  <div class='ocr_page' id='page_1' title='image "/cluster/home/n/w/nwhite01/storage/ocr_20150623/56/hvd.32044048208490/133.png"; bbox 0 0 4048 6208; ppageno 0'>
   <div class='ocr_carea' id='block_1_1' title="bbox 580 263 680 318">
    <p class='ocr_par' dir='ltr' id='par_1_1' title="bbox 580 263 680 318">
     <span class='ocr_line' id='line_1_1' title="bbox 580 263 680 318; baseline -0.01 0"><span class='ocrx_word' id='word_1_1' title='bbox 580 263 680 318; x_wconf 72' lang='grc'><strong>197</strong></span> 
     </span>
    </p>
   </div>
   <div class='ocr_carea' id='block_1_2' title="bbox 577 376 2150 449">
    <p class='ocr_par' dir='ltr' id='par_1_2' title="bbox 577 376 2150 449">
     <span class='ocr_line' id='line_1_2' title="bbox 577 376 2150 449; baseline -0.003 -12"><span class='ocrx_word' id='word_1_2' title='bbox 577 383 710 437; x_wconf 69' lang='lat' dir='ltr'><strong>Num</strong></span> <span class='ocrx_word' id='word_1_3' title='bbox 753 390 895 437; x_wconf 84' lang='lat' dir='ltr'><strong>luant</strong></span> <span class='ocrx_word' id='word_1_4' title='bbox 941 379 1187 449; x_wconf 78' lang='lat' dir='ltr'><strong>usurpavi</strong></span> <span class='ocrx_word' id='word_1_5' title='bbox 1237 378 1556 448; x_wconf 85' lang='lat' dir='ltr'><strong>purpuram?</strong></span> <span class='ocrx_word' id='word_1_6' title='bbox 1585 376 1662 432; x_wconf 71' lang='lat' dir='ltr'><strong>Ne</strong></span> <span class='ocrx_word' id='word_1_7' title='bbox 1711 392 1932 447; x_wconf 87' lang='lat' dir='ltr'><strong>nsurpes</strong></span> <span class='ocrx_word' id='word_1_8' title='bbox 1977 394 2150 432; x_wconf 86' lang='lat' dir='ltr'><strong>meum</strong></span> 
     </span>
    </p>
   </div>
   <div class='ocr_carea' id='block_1_3' title="bbox 576 461 2154 526">
    <p class='ocr_par' dir='ltr' id='par_1_3' title="bbox 576 461 2154 526">
     <span class='ocr_line' id='line_1_3' title="bbox 576 461 2154 526; baseline -0.003 -6"><span class='ocrx_word' id='word_1_9' title='bbox 576 465 949 520; x_wconf 75' lang='lat' dir='ltr'><strong>sacerdotium.</strong></span> <span class='ocrx_word' id='word_1_10' title='bbox 983 462 1104 517; x_wconf 84' lang='lat' dir='ltr'><strong>Non</strong></span> <span class='ocrx_word' id='word_1_11' title='bbox 1133 463 1246 516; x_wconf 84' lang='lat' dir='ltr'><strong>licet</strong></span> <span class='ocrx_word' id='word_1_12' title='bbox 1273 463 1358 515; x_wconf 84' lang='lat' dir='ltr'><strong>tibi</strong></span> <span class='ocrx_word' id='word_1_13' title='bbox 1387 461 1588 515; x_wconf 80' lang='lat' dir='ltr'><strong>adolere</strong></span> <span class='ocrx_word' id='word_1_14' title='bbox 1608 461 1883 526; x_wconf 76' lang='lat' dir='ltr'><strong>incensum,</strong></span> <span class='ocrx_word' id='word_1_15' title='bbox 1918 463 2005 516; x_wconf 76' lang='lat' dir='ltr'><strong>sed</strong></span> <span class='ocrx_word' id='word_1_16' title='bbox 2043 472 2154 516; x_wconf 84' lang='lat' dir='ltr'><strong>tan-</strong></span> 
     </span>
    </p>
   </div>
   <div class='ocr_carea' id='block_1_4' title="bbox 574 547 2153 624">
    <p class='ocr_par' dir='ltr' id='par_1_4' title="bbox 574 547 2153 624">
     <span class='ocr_line' id='line_1_4' title="bbox 574 547 2153 624; baseline -0.003 -12"><span class='ocrx_word' id='word_1_17' title='bbox 574 571 679 614; x_wconf 82' lang='lat' dir='ltr'><strong>tum</strong></span> <span class='ocrx_word' id='word_1_18' title='bbox 706 547 1046 614; x_wconf 64' lang='lat' dir='ltr'><strong>sacerdotibus</strong></span> <span class='ocrx_word' id='word_1_19' title='bbox 1085 555 1206 624; x_wconf 74' lang='lat' dir='ltr'><strong>ﬁliis</strong></span> <span class='ocrx_word' id='word_1_20' title='bbox 1244 556 1435 608; x_wconf 84' lang='lat' dir='ltr'><strong>Aaron.</strong></span> <span class='ocrx_word' id='word_1_21' title='bbox 1471 554 1594 608; x_wconf 88' lang='lat' dir='ltr'><strong>Post</strong></span> <span class='ocrx_word' id='word_1_22' title='bbox 1637 555 1858 607; x_wconf 82' lang='lat' dir='ltr'><strong>multant</strong></span> <span class='ocrx_word' id='word_1_23' title='bbox 1898 554 2153 624; x_wconf 88' lang='lat' dir='ltr'><strong>temporis</strong></span> 
     </span>
    </p>
   </div>
   <div class='ocr_carea' id='block_1_5' title="bbox 568 646 2150 721">
    <p class='ocr_par' dir='ltr' id='par_1_5' title="bbox 568 646 2150 721">
     <span class='ocr_line' id='line_1_5' title="bbox 568 646 2150 721; baseline 0 -21"><span class='ocrx_word' id='word_1_24' title='bbox 568 654 678 721; x_wconf 74' lang='lat' dir='ltr'><strong>jam</strong></span> <span class='ocrx_word' id='word_1_25' title='bbox 709 649 957 706; x_wconf 71' lang='lat' dir='ltr'><strong>defuncto</strong></span> <span class='ocrx_word' id='word_1_26' title='bbox 982 650 1193 704; x_wconf 80' lang='lat' dir='ltr'><strong>Aarone</strong></span> <span class='ocrx_word' id='word_1_27' title='bbox 1220 648 1319 702; x_wconf 88' lang='lat' dir='ltr'><strong>hoe</strong></span> <span class='ocrx_word' id='word_1_28' title='bbox 1341 646 1550 700; x_wconf 88' lang='lat' dir='ltr'><strong>accidit.</strong></span> <span class='ocrx_word' id='word_1_29' title='bbox 1581 646 1650 700; x_wconf 85' lang='lat' dir='ltr'><strong>Et</strong></span> <span class='ocrx_word' id='word_1_30' title='bbox 1673 646 2016 715; x_wconf 80' lang='lat' dir='ltr'><strong>quamobrem</strong></span> <span class='ocrx_word' id='word_1_31' title='bbox 2047 661 2150 700; x_wconf 89' lang='lat' dir='ltr'><strong>non</strong></span> 
     </span>
    </p>
   </div>
   <div class='ocr_carea' id='block_1_6' title="bbox 569 738 2148 808">
    <p class='ocr_par' dir='ltr' id='par_1_6' title="bbox 569 738 2148 808">
     <span class='ocr_line' id='line_1_6' title="bbox 569 738 2148 808; baseline -0.001 -13"><span class='ocrx_word' id='word_1_32' title='bbox 569 744 721 806; x_wconf 78' lang='lat' dir='ltr'><strong>dixit,</strong></span> <span class='ocrx_word' id='word_1_33' title='bbox 755 741 1113 798; x_wconf 74' lang='lat' dir='ltr'><strong>Sacerdotibus</strong></span> <span class='ocrx_word' id='word_1_34' title='bbox 1146 748 1373 805; x_wconf 85' lang='lat' dir='ltr'><strong>tantum,</strong></span> <span class='ocrx_word' id='word_1_35' title='bbox 1406 738 1498 793; x_wconf 89' lang='lat' dir='ltr'><strong>sed</strong></span> <span class='ocrx_word' id='word_1_36' title='bbox 1527 748 1580 793; x_wconf 87' lang='lat' dir='ltr'><strong>et</strong></span> <span class='ocrx_word' id='word_1_37' title='bbox 1621 740 1787 808; x_wconf 82' lang='lat' dir='ltr'><strong>patris</strong></span> <span class='ocrx_word' id='word_1_38' title='bbox 1823 738 2148 793; x_wconf 75' lang='lat' dir='ltr'><strong>mentionem</strong></span> 
     </span>
    </p>
   </div>
   <div class='ocr_carea' id='block_1_7' title="bbox 571 831 2147 902">
    <p class='ocr_par' dir='ltr' id='par_1_7' title="bbox 571 831 2147 902">
     <span class='ocr_line' id='line_1_7' title="bbox 571 831 2147 902; baseline 0 -14"><span class='ocrx_word' id='word_1_39' title='bbox 571 835 736 891; x_wconf 73' lang='lat' dir='ltr'><strong>fecit?</strong></span> <span class='ocrx_word' id='word_1_40' title='bbox 762 833 969 890; x_wconf 84' lang='lat' dir='ltr'><strong>Accidit</strong></span> <span class='ocrx_word' id='word_1_41' title='bbox 993 833 1046 887; x_wconf 92' lang='lat' dir='ltr'><strong>in</strong></span> <span class='ocrx_word' id='word_1_42' title='bbox 1070 833 1162 886; x_wconf 85' lang='lat' dir='ltr'><strong>illo.</strong></span> <span class='ocrx_word' id='word_1_43' title='bbox 1186 841 1443 902; x_wconf 85' lang='lat' dir='ltr'><strong>tempore,</strong></span> <span class='ocrx_word' id='word_1_44' title='bbox 1470 839 1526 884; x_wconf 90' lang='lat' dir='ltr'><strong>ut</strong></span> <span class='ocrx_word' id='word_1_45' title='bbox 1549 831 1650 885; x_wconf 89' lang='lat' dir='ltr'><strong>tale</strong></span> <span class='ocrx_word' id='word_1_46' title='bbox 1670 831 1940 901; x_wconf 82' lang='lat' dir='ltr'><strong>quidpiam</strong></span> <span class='ocrx_word' id='word_1_47' title='bbox 1963 832 2147 888; x_wconf 84' lang='lat' dir='ltr'><strong>fieret:</strong></span> 
     </span>
    </p>
   </div>
   <div class='ocr_carea' id='block_1_8' title="bbox 571 924 2150 990">
    <p class='ocr_par' dir='ltr' id='par_1_8' title="bbox 571 924 2150 990">
     <span class='ocr_line' id='line_1_8' title="bbox 571 924 2150 990; baseline -0.001 -8"><span class='ocrx_word' id='word_1_48' title='bbox 571 930 773 983; x_wconf 81' lang='lat' dir='ltr'><strong>Dathan</strong></span> <span class='ocrx_word' id='word_1_49' title='bbox 808 927 972 990; x_wconf 88' lang='lat' dir='ltr'><strong>enim,</strong></span> <span class='ocrx_word' id='word_1_50' title='bbox 1001 926 1200 980; x_wconf 77' lang='lat' dir='ltr'><strong>Abiron</strong></span> <span class='ocrx_word' id='word_1_51' title='bbox 1231 935 1283 980; x_wconf 91' lang='lat' dir='ltr'><strong>et</strong></span> <span class='ocrx_word' id='word_1_52' title='bbox 1309 925 1446 979; x_wconf 89' lang='lat' dir='ltr'><strong>Core</strong></span> <span class='ocrx_word' id='word_1_53' title='bbox 1473 924 1870 979; x_wconf 81' lang='lat' dir='ltr'><strong>insurrexerant</strong></span> <span class='ocrx_word' id='word_1_54' title='bbox 1893 924 2150 980; x_wconf 86' lang='lat' dir='ltr'><strong>adversus</strong></span> 
     </span>
    </p>
   </div>
   <div class='ocr_carea' id='block_1_9' title="bbox 565 989 2149 1088">
    <p class='ocr_par' dir='ltr' id='par_1_9' title="bbox 565 989 2149 1088">
     <span class='ocr_line' id='line_1_9' title="bbox 565 989 2149 1088; baseline -0.003 -14"><span class='ocrx_word' id='word_1_55' title='bbox 565 989 788 1074; x_wconf 79' lang='lat' dir='ltr'><strong>Aaron:</strong></span> <span class='ocrx_word' id='word_1_56' title='bbox 835 1027 1016 1088; x_wconf 72' lang='lat' dir='ltr'><strong>aperta</strong></span> <span class='ocrx_word' id='word_1_57' title='bbox 1048 1025 1131 1071; x_wconf 91' lang='lat' dir='ltr'><strong>est</strong></span> <span class='ocrx_word' id='word_1_58' title='bbox 1179 1024 1339 1077; x_wconf 84' lang='lat' dir='ltr'><strong>terra.</strong></span> <span class='ocrx_word' id='word_1_59' title='bbox 1385 1029 1448 1068; x_wconf 84' lang='lat' dir='ltr'><strong>ac</strong></span> <span class='ocrx_word' id='word_1_60' title='bbox 1473 1013 1748 1068; x_wconf 80' lang='lat' dir='ltr'><strong>devoravit</strong></span> <span class='ocrx_word' id='word_1_61' title='bbox 1795 1016 1959 1081; x_wconf 85' lang='lat' dir='ltr'><strong>illos;</strong></span> <span class='ocrx_word' id='word_1_62' title='bbox 2005 1016 2149 1071; x_wconf 88' lang='lat' dir='ltr'><strong>venit</strong></span> 
     </span>
    </p>
   </div>
   <div class='ocr_carea' id='block_1_10' title="bbox 567 1105 2143 1180">
    <p class='ocr_par' dir='ltr' id='par_1_10' title="bbox 567 1105 2143 1180">
     <span class='ocr_line' id='line_1_10' title="bbox 567 1105 2143 1180; baseline -0.001 -18"><span class='ocrx_word' id='word_1_63' title='bbox 567 1111 701 1180; x_wconf 80' lang='lat' dir='ltr'><strong>ignis</strong></span> <span class='ocrx_word' id='word_1_64' title='bbox 747 1125 779 1166; x_wconf 91' lang='lat' dir='ltr'><strong>e</strong></span> <span class='ocrx_word' id='word_1_65' title='bbox 815 1109 966 1174; x_wconf 72' lang='lat' dir='ltr'><strong>ctelo,</strong></span> <span class='ocrx_word' id='word_1_66' title='bbox 1005 1117 1058 1163; x_wconf 90' lang='lat' dir='ltr'><strong>et</strong></span> <span class='ocrx_word' id='word_1_67' title='bbox 1099 1109 1300 1163; x_wconf 78' lang='lat' dir='ltr'><strong>exussit</strong></span> <span class='ocrx_word' id='word_1_68' title='bbox 1329 1122 1422 1162; x_wconf 91' lang='lat' dir='ltr'><strong>eos</strong></span> <span class='ocrx_word' id='word_1_69' title='bbox 1452 1105 1638 1177; x_wconf 85' lang='lat' dir='ltr'><strong>(Num.</strong></span> <span class='ocrx_word' id='word_1_70' title='bbox 1670 1105 1738 1162; x_wconf 77' lang='grc'><strong>16</strong></span> <span class='ocrx_word' id='word_1_71' title='bbox 1765 1119 1811 1161; x_wconf 83' lang='grc' dir='ltr'><strong>ει</strong></span> <span class='ocrx_word' id='word_1_72' title='bbox 1841 1106 1987 1162; x_wconf 69' lang='grc' dir='ltr'><strong>Ρεαι.</strong></span> <span class='ocrx_word' id='word_1_73' title='bbox 2021 1108 2143 1164; x_wconf 80' lang='grc'><strong>105.</strong></span> 
     </span>
    </p>
   </div>
   <div class='ocr_carea' id='block_1_11' title="bbox 570 1197 2142 1272">
    <p class='ocr_par' dir='ltr' id='par_1_11' title="bbox 570 1197 2142 1272">
     <span class='ocr_line' id='line_1_11' title="bbox 570 1197 2142 1272; baseline -0.001 -16"><span class='ocrx_word' id='word_1_74' title='bbox 570 1205 650 1256; x_wconf 81' lang='grc'><strong>17.</strong></span> <span class='ocrx_word' id='word_1_75' title='bbox 681 1201 792 1272; x_wconf 78' lang='grc'><strong>18).</strong></span> <span class='ocrx_word' id='word_1_76' title='bbox 825 1199 1018 1256; x_wconf 85' lang='lat' dir='ltr'><strong>Volens</strong></span> <span class='ocrx_word' id='word_1_77' title='bbox 1061 1199 1218 1268; x_wconf 81' lang='lat' dir='ltr'><strong>igitur</strong></span> <span class='ocrx_word' id='word_1_78' title='bbox 1241 1215 1362 1253; x_wconf 89' lang='lat' dir='ltr'><strong>eum</strong></span> <span class='ocrx_word' id='word_1_79' title='bbox 1399 1197 1860 1254; x_wconf 87' lang='lat' dir='ltr'><strong>commonefacere</strong></span> <span class='ocrx_word' id='word_1_80' title='bbox 1888 1198 2028 1254; x_wconf 75' lang='lat' dir='ltr'><strong>illius</strong></span> <span class='ocrx_word' id='word_1_81' title='bbox 2057 1199 2142 1254; x_wconf 79' lang='lat' dir='ltr'><strong>hi~</strong></span> 
     </span>
    </p>
   </div>
   <div class='ocr_carea' id='block_1_12' title="bbox 562 1289 2144 1360">
    <p class='ocr_par' dir='ltr' id='par_1_12' title="bbox 562 1289 2144 1360">
     <span class='ocr_line' id='line_1_12' title="bbox 562 1289 2144 1360; baseline 0 -16"><span class='ocrx_word' id='word_1_82' title='bbox 562 1293 760 1356; x_wconf 66' lang='lat' dir='ltr'><strong>storiaz,</strong></span> <span class='ocrx_word' id='word_1_83' title='bbox 803 1291 943 1359; x_wconf 88' lang='lat' dir='ltr'><strong>quod</strong></span> <span class='ocrx_word' id='word_1_84' title='bbox 972 1291 1100 1345; x_wconf 91' lang='lat' dir='ltr'><strong>olim</strong></span> <span class='ocrx_word' id='word_1_85' title='bbox 1129 1305 1340 1360; x_wconf 87' lang='lat' dir='ltr'><strong>quoque</strong></span> <span class='ocrx_word' id='word_1_86' title='bbox 1369 1289 1723 1344; x_wconf 84' lang='lat' dir='ltr'><strong>sacerdotium</strong></span> <span class='ocrx_word' id='word_1_87' title='bbox 1753 1290 1986 1360; x_wconf 88' lang='lat' dir='ltr'><strong>aggressi</strong></span> <span class='ocrx_word' id='word_1_88' title='bbox 2016 1291 2144 1357; x_wconf 89' lang='lat' dir='ltr'><strong>sint,</strong></span> 
     </span>
    </p>
   </div>
   <div class='ocr_carea' id='block_1_13' title="bbox 564 1381 2144 1451">
    <p class='ocr_par' dir='ltr' id='par_1_13' title="bbox 564 1381 2144 1451">
     <span class='ocr_line' id='line_1_13' title="bbox 564 1381 2144 1451; baseline 0.004 -19"><span class='ocrx_word' id='word_1_89' title='bbox 564 1400 745 1437; x_wconf 84' lang='lat' dir='ltr'><strong>verum</strong></span> <span class='ocrx_word' id='word_1_90' title='bbox 778 1399 880 1438; x_wconf 92' lang='lat' dir='ltr'><strong>non</strong></span> <span class='ocrx_word' id='word_1_91' title='bbox 920 1383 1277 1446; x_wconf 75' lang='lat' dir='ltr'><strong>sucruhuerit,</strong></span> <span class='ocrx_word' id='word_1_92' title='bbox 1308 1381 1406 1436; x_wconf 87' lang='lat' dir='ltr'><strong>sed</strong></span> <span class='ocrx_word' id='word_1_93' title='bbox 1427 1382 1612 1437; x_wconf 84' lang='lat' dir='ltr'><strong>adorta</strong></span> <span class='ocrx_word' id='word_1_94' title='bbox 1639 1393 1720 1437; x_wconf 91' lang='lat' dir='ltr'><strong>est</strong></span> <span class='ocrx_word' id='word_1_95' title='bbox 1758 1384 2060 1451; x_wconf 88' lang='lat' dir='ltr'><strong>multitudo,</strong></span> <span class='ocrx_word' id='word_1_96' title='bbox 2089 1393 2144 1439; x_wconf 91' lang='lat' dir='ltr'><strong>et</strong></span> 
     </span>
    </p>
   </div>
   <div class='ocr_carea' id='block_1_14' title="bbox 565 1472 2139 1544">
    <p class='ocr_par' dir='ltr' id='par_1_14' title="bbox 565 1472 2139 1544">
     <span class='ocr_line' id='line_1_14' title="bbox 565 1472 2139 1544; baseline 0.001 -17"><span class='ocrx_word' id='word_1_97' title='bbox 565 1476 706 1530; x_wconf 81' lang='lat' dir='ltr'><strong>Deus</strong></span> <span class='ocrx_word' id='word_1_98' title='bbox 734 1475 875 1528; x_wconf 87' lang='lat' dir='ltr'><strong>illam</strong></span> <span class='ocrx_word' id='word_1_99' title='bbox 907 1478 1046 1528; x_wconf 88' lang='lat' dir='ltr'><strong>ultus</strong></span> <span class='ocrx_word' id='word_1_100' title='bbox 1069 1483 1152 1528; x_wconf 89' lang='lat' dir='ltr'><strong>est</strong></span> <span class='ocrx_word' id='word_1_101' title='bbox 1177 1491 1189 1526; x_wconf 93' lang='lat'><strong>:</strong></span> <span class='ocrx_word' id='word_1_102' title='bbox 1225 1472 1346 1528; x_wconf 86' lang='lat' dir='ltr'><strong>Non</strong></span> <span class='ocrx_word' id='word_1_103' title='bbox 1375 1473 1487 1527; x_wconf 89' lang='lat' dir='ltr'><strong>licet</strong></span> <span class='ocrx_word' id='word_1_104' title='bbox 1515 1474 1603 1528; x_wconf 84' lang='lat' dir='ltr'><strong>tibi</strong></span> <span class='ocrx_word' id='word_1_105' title='bbox 1630 1475 1834 1530; x_wconf 83' lang='lat' dir='ltr'><strong>adolere</strong></span> <span class='ocrx_word' id='word_1_106' title='bbox 1856 1478 2139 1544; x_wconf 80' lang='lat' dir='ltr'><strong>incensum,</strong></span> 
     </span>
    </p>
   </div>
   <div class='ocr_carea' id='block_1_15' title="bbox 561 1564 2138 1639">
    <p class='ocr_par' dir='ltr' id='par_1_15' title="bbox 561 1564 2138 1639">
     <span class='ocr_line' id='line_1_15' title="bbox 561 1564 2138 1639; baseline 0.006 -24"><span class='ocrx_word' id='word_1_107' title='bbox 561 1564 648 1616; x_wconf 77' lang='lat' dir='ltr'><strong>sed</strong></span> <span class='ocrx_word' id='word_1_108' title='bbox 675 1565 796 1618; x_wconf 74' lang='lat' dir='ltr'><strong>solis</strong></span> <span class='ocrx_word' id='word_1_109' title='bbox 835 1565 1174 1620; x_wconf 74' lang='lat' dir='ltr'><strong>sacerdotibus</strong></span> <span class='ocrx_word' id='word_1_110' title='bbox 1220 1565 1343 1634; x_wconf 75' lang='lat' dir='ltr'><strong>ﬁliis</strong></span> <span class='ocrx_word' id='word_1_111' title='bbox 1384 1566 1578 1620; x_wconf 81' lang='lat' dir='ltr'><strong>Aaron.</strong></span> <span class='ocrx_word' id='word_1_112' title='bbox 1608 1565 1723 1620; x_wconf 84' lang='lat' dir='ltr'><strong>Non</strong></span> <span class='ocrx_word' id='word_1_113' title='bbox 1765 1567 1917 1634; x_wconf 78' lang='lat' dir='ltr'><strong>dixit,</strong></span> <span class='ocrx_word' id='word_1_114' title='bbox 1955 1567 2138 1639; x_wconf 84' lang='lat' dir='ltr'><strong>Cogita</strong></span> 
     </span>
    </p>
   </div>
   <div class='ocr_carea' id='block_1_16' title="bbox 559 1656 2134 1728">
    <p class='ocr_par' dir='ltr' id='par_1_16' title="bbox 559 1656 2134 1728">
     <span class='ocr_line' id='line_1_16' title="bbox 559 1656 2134 1728; baseline 0.005 -21"><span class='ocrx_word' id='word_1_115' title='bbox 559 1656 685 1724; x_wconf 74' lang='lat' dir='ltr'><strong>quid</strong></span> <span class='ocrx_word' id='word_1_116' title='bbox 721 1656 862 1725; x_wconf 85' lang='lat' dir='ltr'><strong>passi</strong></span> <span class='ocrx_word' id='word_1_117' title='bbox 905 1657 1012 1711; x_wconf 90' lang='lat' dir='ltr'><strong>sint</strong></span> <span class='ocrx_word' id='word_1_118' title='bbox 1051 1656 1140 1727; x_wconf 88' lang='lat' dir='ltr'><strong>qui</strong></span> <span class='ocrx_word' id='word_1_119' title='bbox 1181 1666 1306 1711; x_wconf 86' lang='lat' dir='ltr'><strong>tunc</strong></span> <span class='ocrx_word' id='word_1_120' title='bbox 1349 1657 1438 1711; x_wconf 77' lang='lat' dir='ltr'><strong>illa</strong></span> <span class='ocrx_word' id='word_1_121' title='bbox 1470 1667 1792 1728; x_wconf 85' lang='lat' dir='ltr'><strong>patrarunt:</strong></span> <span class='ocrx_word' id='word_1_122' title='bbox 1838 1675 1948 1715; x_wconf 91' lang='lat' dir='ltr'><strong>non</strong></span> <span class='ocrx_word' id='word_1_123' title='bbox 1976 1661 2134 1727; x_wconf 85' lang='lat' dir='ltr'><strong>dixit,</strong></span> 
     </span>
    </p>
   </div>
   <div class='ocr_carea' id='block_1_17' title="bbox 557 1746 2137 1818">
    <p class='ocr_par' dir='ltr' id='par_1_17' title="bbox 557 1746 2137 1818">
     <span class='ocr_line' id='line_1_17' title="bbox 557 1746 2137 1818; baseline 0.004 -17"><span class='ocrx_word' id='word_1_124' title='bbox 557 1747 738 1817; x_wconf 84' lang='lat' dir='ltr'><strong>Cogita</strong></span> <span class='ocrx_word' id='word_1_125' title='bbox 770 1761 862 1801; x_wconf 85' lang='lat' dir='ltr'><strong>eos</strong></span> <span class='ocrx_word' id='word_1_126' title='bbox 900 1746 989 1816; x_wconf 89' lang='lat' dir='ltr'><strong>qui</strong></span> <span class='ocrx_word' id='word_1_127' title='bbox 1025 1747 1432 1803; x_wconf 85' lang='lat' dir='ltr'><strong>insurrexerunt</strong></span> <span class='ocrx_word' id='word_1_128' title='bbox 1469 1750 1777 1805; x_wconf 89' lang='lat' dir='ltr'><strong>combustos</strong></span> <span class='ocrx_word' id='word_1_129' title='bbox 1815 1749 2012 1818; x_wconf 85' lang='lat' dir='ltr'><strong>fuisse;</strong></span> <span class='ocrx_word' id='word_1_130' title='bbox 2043 1753 2137 1808; x_wconf 91' lang='lat' dir='ltr'><strong>sed</strong></span> 
     </span>
    </p>
   </div>
   <div class='ocr_carea' id='block_1_18' title="bbox 559 1837 2137 1908">
    <p class='ocr_par' dir='ltr' id='par_1_18' title="bbox 559 1837 2137 1908">
     <span class='ocr_line' id='line_1_18' title="bbox 559 1837 2137 1908; baseline 0.004 -18"><span class='ocrx_word' id='word_1_131' title='bbox 559 1837 832 1891; x_wconf 87' lang='lat' dir='ltr'><strong>nominato</strong></span> <span class='ocrx_word' id='word_1_132' title='bbox 881 1838 1122 1902; x_wconf 83' lang='lat' dir='ltr'><strong>Aaroue,</strong></span> <span class='ocrx_word' id='word_1_133' title='bbox 1174 1853 1331 1907; x_wconf 87' lang='lat' dir='ltr'><strong>quem</strong></span> <span class='ocrx_word' id='word_1_134' title='bbox 1380 1838 1523 1892; x_wconf 89' lang='lat' dir='ltr'><strong>ultus</strong></span> <span class='ocrx_word' id='word_1_135' title='bbox 1565 1851 1648 1894; x_wconf 89' lang='lat' dir='ltr'><strong>est</strong></span> <span class='ocrx_word' id='word_1_136' title='bbox 1696 1840 1864 1908; x_wconf 88' lang='lat' dir='ltr'><strong>Deus,</strong></span> <span class='ocrx_word' id='word_1_137' title='bbox 1907 1857 2027 1898; x_wconf 89' lang='lat' dir='ltr'><strong>eum</strong></span> <span class='ocrx_word' id='word_1_138' title='bbox 2072 1843 2137 1897; x_wconf 83' lang='lat' dir='ltr'><strong>ad</strong></span> 
     </span>
    </p>
   </div>
   <div class='ocr_carea' id='block_1_19' title="bbox 559 1929 2135 2004">
    <p class='ocr_par' dir='ltr' id='par_1_19' title="bbox 559 1929 2135 2004">
     <span class='ocr_line' id='line_1_19' title="bbox 559 1929 2135 2004; baseline 0.006 -24"><span class='ocrx_word' id='word_1_139' title='bbox 559 1929 791 1983; x_wconf 73' lang='lat' dir='ltr'><strong>historia:</strong></span> <span class='ocrx_word' id='word_1_140' title='bbox 843 1929 1262 1984; x_wconf 77' lang='lat' dir='ltr'><strong>recordationem</strong></span> <span class='ocrx_word' id='word_1_141' title='bbox 1313 1931 1573 1999; x_wconf 84' lang='lat' dir='ltr'><strong>adduxit,</strong></span> <span class='ocrx_word' id='word_1_142' title='bbox 1626 1933 1705 1986; x_wconf 88' lang='lat' dir='ltr'><strong>his</strong></span> <span class='ocrx_word' id='word_1_143' title='bbox 1753 1936 2135 2004; x_wconf 81' lang='lat' dir='ltr'><strong>prepemodum</strong></span> 
     </span>
    </p>
   </div>
   <div class='ocr_carea' id='block_1_20' title="bbox 558 2019 2137 2092">
    <p class='ocr_par' dir='ltr' id='par_1_20' title="bbox 558 2019 2137 2092">
     <span class='ocr_line' id='line_1_20' title="bbox 558 2019 2137 2092; baseline 0.008 -23"><span class='ocrx_word' id='word_1_144' title='bbox 558 2019 731 2073; x_wconf 84' lang='lat' dir='ltr'><strong>verbis</strong></span> <span class='ocrx_word' id='word_1_145' title='bbox 763 2027 918 2074; x_wconf 89' lang='lat' dir='ltr'><strong>utens</strong></span> <span class='ocrx_word' id='word_1_146' title='bbox 952 2038 966 2074; x_wconf 89' lang='lat'><strong>:</strong></span> <span class='ocrx_word' id='word_1_147' title='bbox 997 2019 1114 2074; x_wconf 78' lang='lat' dir='ltr'><strong>Noli</strong></span> <span class='ocrx_word' id='word_1_148' title='bbox 1145 2020 1339 2075; x_wconf 88' lang='lat' dir='ltr'><strong>audere</strong></span> <span class='ocrx_word' id='word_1_149' title='bbox 1368 2037 1484 2088; x_wconf 75' lang='lat' dir='ltr'><strong>qua:</strong></span> <span class='ocrx_word' id='word_1_150' title='bbox 1513 2038 1672 2076; x_wconf 87' lang='lat' dir='ltr'><strong>ausus</strong></span> <span class='ocrx_word' id='word_1_151' title='bbox 1701 2033 1782 2078; x_wconf 90' lang='lat' dir='ltr'><strong>est</strong></span> <span class='ocrx_word' id='word_1_152' title='bbox 1813 2025 2038 2092; x_wconf 85' lang='lat' dir='ltr'><strong>Dathan,</strong></span> <span class='ocrx_word' id='word_1_153' title='bbox 2071 2043 2137 2082; x_wconf 89' lang='lat' dir='ltr'><strong>ne</strong></span> 
     </span>
    </p>
   </div>
   <div class='ocr_carea' id='block_1_21' title="bbox 559 2108 2135 2180">
    <p class='ocr_par' dir='ltr' id='par_1_21' title="bbox 559 2108 2135 2180">
     <span class='ocr_line' id='line_1_21' title="bbox 559 2108 2135 2180; baseline 0.008 -19"><span class='ocrx_word' id='word_1_154' title='bbox 559 2108 773 2176; x_wconf 86' lang='lat' dir='ltr'><strong>patiaris</strong></span> <span class='ocrx_word' id='word_1_155' title='bbox 803 2109 1010 2175; x_wconf 87' lang='lat' dir='ltr'><strong>eadem,</strong></span> <span class='ocrx_word' id='word_1_156' title='bbox 1045 2126 1164 2180; x_wconf 72' lang='lat' dir='ltr'><strong>qua:</strong></span> <span class='ocrx_word' id='word_1_157' title='bbox 1192 2121 1429 2180; x_wconf 87' lang='lat' dir='ltr'><strong>tempore</strong></span> <span class='ocrx_word' id='word_1_158' title='bbox 1455 2113 1632 2168; x_wconf 82' lang='lat' dir='ltr'><strong>Aaron</strong></span> <span class='ocrx_word' id='word_1_159' title='bbox 1663 2115 1988 2172; x_wconf 91' lang='lat' dir='ltr'><strong>acciderunt.</strong></span> <span class='ocrx_word' id='word_1_160' title='bbox 2023 2119 2135 2174; x_wconf 79' lang='lat' dir='ltr'><strong>Rex</strong></span> 
     </span>
    </p>
   </div>
   <div class='ocr_carea' id='block_1_22' title="bbox 552 2200 2133 2273">
    <p class='ocr_par' dir='ltr' id='par_1_22' title="bbox 552 2200 2133 2273">
     <span class='ocr_line' id='line_1_22' title="bbox 552 2200 2133 2273; baseline 0.008 -21"><span class='ocrx_word' id='word_1_161' title='bbox 552 2209 728 2254; x_wconf 83' lang='lat' dir='ltr'><strong>autem</strong></span> <span class='ocrx_word' id='word_1_162' title='bbox 756 2200 912 2255; x_wconf 85' lang='lat' dir='ltr'><strong>Ozias</strong></span> <span class='ocrx_word' id='word_1_163' title='bbox 941 2216 1046 2256; x_wconf 90' lang='lat' dir='ltr'><strong>non</strong></span> <span class='ocrx_word' id='word_1_164' title='bbox 1086 2204 1338 2258; x_wconf 86' lang='lat' dir='ltr'><strong>sustinuit</strong></span> <span class='ocrx_word' id='word_1_165' title='bbox 1375 2203 1822 2273; x_wconf 89' lang='lat' dir='ltr'><strong>admonitionem,</strong></span> <span class='ocrx_word' id='word_1_166' title='bbox 1856 2213 1950 2265; x_wconf 85' lang='lat' dir='ltr'><strong>sed</strong></span> <span class='ocrx_word' id='word_1_167' title='bbox 1979 2227 2133 2266; x_wconf 84' lang='lat' dir='ltr'><strong>arro-</strong></span> 
     </span>
    </p>
   </div>
   <div class='ocr_carea' id='block_1_23' title="bbox 550 2291 2132 2368">
    <p class='ocr_par' dir='ltr' id='par_1_23' title="bbox 550 2291 2132 2368">
     <span class='ocr_line' id='line_1_23' title="bbox 550 2291 2132 2368; baseline 0.007 -23"><span class='ocrx_word' id='word_1_168' title='bbox 550 2291 729 2361; x_wconf 84' lang='lat' dir='ltr'><strong>gantia</strong></span> <span class='ocrx_word' id='word_1_169' title='bbox 759 2291 971 2347; x_wconf 89' lang='lat' dir='ltr'><strong>inﬂatus</strong></span> <span class='ocrx_word' id='word_1_170' title='bbox 997 2293 1268 2362; x_wconf 86' lang='lat' dir='ltr'><strong>ingressus</strong></span> <span class='ocrx_word' id='word_1_171' title='bbox 1294 2304 1375 2349; x_wconf 88' lang='lat' dir='ltr'><strong>est</strong></span> <span class='ocrx_word' id='word_1_172' title='bbox 1401 2297 1677 2366; x_wconf 86' lang='lat' dir='ltr'><strong>templum.</strong></span> <span class='ocrx_word' id='word_1_173' title='bbox 1711 2301 1918 2368; x_wconf 89' lang='lat' dir='ltr'><strong>aperuit</strong></span> <span class='ocrx_word' id='word_1_174' title='bbox 1950 2313 2132 2356; x_wconf 87' lang='lat' dir='ltr'><strong>sancta</strong></span> 
     </span>
    </p>
   </div>
   <div class='ocr_carea' id='block_1_24' title="bbox 550 2385 2129 2458">
    <p class='ocr_par' dir='ltr' id='par_1_24' title="bbox 550 2385 2129 2458">
     <span class='ocr_line' id='line_1_24' title="bbox 550 2385 2129 2458; baseline 0.008 -23"><span class='ocrx_word' id='word_1_175' title='bbox 550 2392 878 2450; x_wconf 89' lang='lat' dir='ltr'><strong>sanctorum,</strong></span> <span class='ocrx_word' id='word_1_176' title='bbox 927 2385 1114 2440; x_wconf 86' lang='lat' dir='ltr'><strong>volens</strong></span> <span class='ocrx_word' id='word_1_177' title='bbox 1164 2385 1380 2441; x_wconf 86' lang='lat' dir='ltr'><strong>adolere</strong></span> <span class='ocrx_word' id='word_1_178' title='bbox 1422 2387 1719 2444; x_wconf 90' lang='lat' dir='ltr'><strong>incensum.</strong></span> <span class='ocrx_word' id='word_1_179' title='bbox 1771 2391 1906 2458; x_wconf 87' lang='lat' dir='ltr'><strong>Quid</strong></span> <span class='ocrx_word' id='word_1_180' title='bbox 1952 2403 2129 2448; x_wconf 87' lang='lat' dir='ltr'><strong>autem</strong></span> 
     </span>
    </p>
   </div>
   <div class='ocr_carea' id='block_1_25' title="bbox 552 2474 2128 2554">
    <p class='ocr_par' dir='ltr' id='par_1_25' title="bbox 552 2474 2128 2554">
     <span class='ocr_line' id='line_1_25' title="bbox 552 2474 2128 2554; baseline 0.007 -25"><span class='ocrx_word' id='word_1_181' title='bbox 552 2476 732 2530; x_wconf 78' lang='lat' dir='ltr'><strong>Deus?</strong></span> <span class='ocrx_word' id='word_1_182' title='bbox 762 2474 861 2530; x_wconf 85' lang='lat' dir='ltr'><strong>Ubi</strong></span> <span class='ocrx_word' id='word_1_183' title='bbox 902 2475 1062 2546; x_wconf 89' lang='lat' dir='ltr'><strong>igitur</strong></span> <span class='ocrx_word' id='word_1_184' title='bbox 1098 2478 1346 2534; x_wconf 85' lang='lat' dir='ltr'><strong>sacerdos</strong></span> <span class='ocrx_word' id='word_1_185' title='bbox 1373 2488 1709 2550; x_wconf 82' lang='lat' dir='ltr'><strong>contemptus</strong></span> <span class='ocrx_word' id='word_1_186' title='bbox 1736 2491 1841 2548; x_wconf 84' lang='lat' dir='ltr'><strong>est,</strong></span> <span class='ocrx_word' id='word_1_187' title='bbox 1871 2483 2128 2554; x_wconf 81' lang='lat' dir='ltr'><strong>dignitas-</strong></span> 
     </span>
    </p>
   </div>
   <div class='ocr_carea' id='block_1_26' title="bbox 549 2567 2126 2646">
    <p class='ocr_par' dir='ltr' id='par_1_26' title="bbox 549 2567 2126 2646">
     <span class='ocr_line' id='line_1_26' title="bbox 549 2567 2126 2646; baseline 0.008 -25"><span class='ocrx_word' id='word_1_188' title='bbox 549 2582 654 2636; x_wconf 88' lang='lat' dir='ltr'><strong>que</strong></span> <span class='ocrx_word' id='word_1_189' title='bbox 693 2567 977 2623; x_wconf 87' lang='lat' dir='ltr'><strong>sacerdotii</strong></span> <span class='ocrx_word' id='word_1_190' title='bbox 1010 2573 1358 2637; x_wconf 80' lang='lat' dir='ltr'><strong>conculcata,</strong></span> <span class='ocrx_word' id='word_1_191' title='bbox 1393 2585 1494 2626; x_wconf 91' lang='lat' dir='ltr'><strong>nec</strong></span> <span class='ocrx_word' id='word_1_192' title='bbox 1537 2573 1821 2644; x_wconf 85' lang='lat' dir='ltr'><strong>quidquam</strong></span> <span class='ocrx_word' id='word_1_193' title='bbox 1868 2587 2126 2646; x_wconf 68' lang='lat' dir='ltr'><strong>przrterca</strong></span> 
     </span>
    </p>
   </div>
   <div class='ocr_carea' id='block_1_27' title="bbox 549 2659 2128 2740">
    <p class='ocr_par' dir='ltr' id='par_1_27' title="bbox 549 2659 2128 2740">
     <span class='ocr_line' id='line_1_27' title="bbox 549 2659 2128 2740; baseline 0.008 -29"><span class='ocrx_word' id='word_1_194' title='bbox 549 2668 753 2727; x_wconf 85' lang='lat' dir='ltr'><strong>poterat</strong></span> <span class='ocrx_word' id='word_1_195' title='bbox 781 2659 1031 2714; x_wconf 88' lang='lat' dir='ltr'><strong>sacerdos</strong></span> <span class='ocrx_word' id='word_1_196' title='bbox 1064 2678 1078 2713; x_wconf 91' lang='lat'><strong>:</strong></span> <span class='ocrx_word' id='word_1_197' title='bbox 1111 2675 1232 2713; x_wconf 88' lang='lat' dir='ltr'><strong>nam</strong></span> <span class='ocrx_word' id='word_1_198' title='bbox 1269 2661 1562 2718; x_wconf 82' lang='lat' dir='ltr'><strong>sacerdotis</strong></span> <span class='ocrx_word' id='word_1_199' title='bbox 1593 2673 1794 2720; x_wconf 90' lang='lat' dir='ltr'><strong>tantum</strong></span> <span class='ocrx_word' id='word_1_200' title='bbox 1823 2677 1907 2722; x_wconf 90' lang='lat' dir='ltr'><strong>est</strong></span> <span class='ocrx_word' id='word_1_201' title='bbox 1933 2684 2128 2740; x_wconf 86' lang='lat' dir='ltr'><strong>argue-</strong></span> 
     </span>
    </p>
   </div>
   <div class='ocr_carea' id='block_1_28' title="bbox 545 2748 2127 2818">
    <p class='ocr_par' dir='ltr' id='par_1_28' title="bbox 545 2748 2127 2818">
     <span class='ocr_line' id='line_1_28' title="bbox 545 2748 2127 2818; baseline 0.009 -17"><span class='ocrx_word' id='word_1_202' title='bbox 545 2763 623 2813; x_wconf 88' lang='lat' dir='ltr'><strong>re,</strong></span> <span class='ocrx_word' id='word_1_203' title='bbox 655 2748 985 2818; x_wconf 84' lang='lat' dir='ltr'><strong>liberamque</strong></span> <span class='ocrx_word' id='word_1_204' title='bbox 1016 2759 1266 2818; x_wconf 71' lang='lat' dir='ltr'><strong>prmstare</strong></span> <span class='ocrx_word' id='word_1_205' title='bbox 1289 2750 1724 2818; x_wconf 85' lang='lat' dir='ltr'><strong>admonitionem,</strong></span> <span class='ocrx_word' id='word_1_206' title='bbox 1758 2773 1860 2812; x_wconf 89' lang='lat' dir='ltr'><strong>non</strong></span> <span class='ocrx_word' id='word_1_207' title='bbox 1909 2774 2127 2816; x_wconf 87' lang='lat' dir='ltr'><strong>movere</strong></span> 
     </span>
    </p>
   </div>
   <div class='ocr_carea' id='block_1_29' title="bbox 543 2840 2124 2920">
    <p class='ocr_par' dir='ltr' id='par_1_29' title="bbox 543 2840 2124 2920">
     <span class='ocr_line' id='line_1_29' title="bbox 543 2840 2124 2920; baseline 0.009 -29"><span class='ocrx_word' id='word_1_208' title='bbox 543 2855 713 2904; x_wconf 90' lang='lat' dir='ltr'><strong>arma,</strong></span> <span class='ocrx_word' id='word_1_209' title='bbox 761 2854 866 2893; x_wconf 91' lang='lat' dir='ltr'><strong>non</strong></span> <span class='ocrx_word' id='word_1_210' title='bbox 901 2840 1117 2911; x_wconf 85' lang='lat' dir='ltr'><strong>clypeos</strong></span> <span class='ocrx_word' id='word_1_211' title='bbox 1157 2856 1434 2911; x_wconf 87' lang='lat' dir='ltr'><strong>usurpare,</strong></span> <span class='ocrx_word' id='word_1_212' title='bbox 1466 2861 1569 2900; x_wconf 88' lang='lat' dir='ltr'><strong>non</strong></span> <span class='ocrx_word' id='word_1_213' title='bbox 1608 2847 1818 2903; x_wconf 80' lang='lat' dir='ltr'><strong>vibrare</strong></span> <span class='ocrx_word' id='word_1_214' title='bbox 1862 2850 2124 2920; x_wconf 82' lang='lat' dir='ltr'><strong>lanceam,</strong></span> 
     </span>
    </p>
   </div>
   <div class='ocr_carea' id='block_1_30' title="bbox 545 2930 2122 3006">
    <p class='ocr_par' dir='ltr' id='par_1_30' title="bbox 545 2930 2122 3006">
     <span class='ocr_line' id='line_1_30' title="bbox 545 2930 2122 3006; baseline 0.013 -24"><span class='ocrx_word' id='word_1_215' title='bbox 545 2946 643 2984; x_wconf 89' lang='lat' dir='ltr'><strong>nec</strong></span> <span class='ocrx_word' id='word_1_216' title='bbox 668 2945 852 2984; x_wconf 88' lang='lat' dir='ltr'><strong>arcum</strong></span> <span class='ocrx_word' id='word_1_217' title='bbox 883 2930 1121 2996; x_wconf 86' lang='lat' dir='ltr'><strong>tendere,</strong></span> <span class='ocrx_word' id='word_1_218' title='bbox 1152 2948 1252 2988; x_wconf 89' lang='lat' dir='ltr'><strong>nec</strong></span> <span class='ocrx_word' id='word_1_219' title='bbox 1285 2934 1462 3004; x_wconf 88' lang='lat' dir='ltr'><strong>jacula</strong></span> <span class='ocrx_word' id='word_1_220' title='bbox 1507 2939 1743 3006; x_wconf 86' lang='lat' dir='ltr'><strong>mittere,</strong></span> <span class='ocrx_word' id='word_1_221' title='bbox 1785 2942 1877 2997; x_wconf 89' lang='lat' dir='ltr'><strong>sed</strong></span> <span class='ocrx_word' id='word_1_222' title='bbox 1921 2952 2122 3002; x_wconf 86' lang='lat' dir='ltr'><strong>tantum</strong></span> 
     </span>
    </p>
   </div>
   <div class='ocr_carea' id='block_1_31' title="bbox 543 3021 2122 3104">
    <p class='ocr_par' dir='ltr' id='par_1_31' title="bbox 543 3021 2122 3104">
     <span class='ocr_line' id='line_1_31' title="bbox 543 3021 2122 3104; baseline 0.014 -33"><span class='ocrx_word' id='word_1_223' title='bbox 543 3035 799 3088; x_wconf 81' lang='lat' dir='ltr'><strong>arguere,</strong></span> <span class='ocrx_word' id='word_1_224' title='bbox 833 3034 897 3074; x_wconf 87' lang='lat' dir='ltr'><strong>ac</strong></span> <span class='ocrx_word' id='word_1_225' title='bbox 941 3021 1106 3078; x_wconf 87' lang='lat' dir='ltr'><strong>libere</strong></span> <span class='ocrx_word' id='word_1_226' title='bbox 1148 3039 1366 3080; x_wconf 89' lang='lat' dir='ltr'><strong>monere</strong></span> <span class='ocrx_word' id='word_1_227' title='bbox 1402 3044 1415 3080; x_wconf 93' lang='lat'><strong>:</strong></span> <span class='ocrx_word' id='word_1_228' title='bbox 1451 3038 1794 3100; x_wconf 86' lang='lat' dir='ltr'><strong>posteaquam</strong></span> <span class='ocrx_word' id='word_1_229' title='bbox 1835 3035 1994 3104; x_wconf 81' lang='lat' dir='ltr'><strong>igitur</strong></span> <span class='ocrx_word' id='word_1_230' title='bbox 2034 3055 2122 3093; x_wconf 87' lang='lat' dir='ltr'><strong>ar-</strong></span> 
     </span>
    </p>
   </div>
   <div class='ocr_carea' id='block_1_32' title="bbox 540 3110 2120 3189">
    <p class='ocr_par' dir='ltr' id='par_1_32' title="bbox 540 3110 2120 3189">
     <span class='ocr_line' id='line_1_32' title="bbox 540 3110 2120 3189; baseline 0.013 -25"><span class='ocrx_word' id='word_1_231' title='bbox 540 3110 743 3180; x_wconf 79' lang='lat' dir='ltr'><strong>guisset</strong></span> <span class='ocrx_word' id='word_1_232' title='bbox 769 3111 1042 3181; x_wconf 83' lang='lat' dir='ltr'><strong>sacerdos,</strong></span> <span class='ocrx_word' id='word_1_233' title='bbox 1075 3129 1167 3169; x_wconf 86' lang='lat' dir='ltr'><strong>rex</strong></span> <span class='ocrx_word' id='word_1_234' title='bbox 1197 3125 1374 3171; x_wconf 88' lang='lat' dir='ltr'><strong>autem</strong></span> <span class='ocrx_word' id='word_1_235' title='bbox 1405 3134 1507 3172; x_wconf 90' lang='lat' dir='ltr'><strong>non</strong></span> <span class='ocrx_word' id='word_1_236' title='bbox 1539 3122 1787 3177; x_wconf 60' lang='lat' dir='ltr'><strong>CGSolSSBI</strong></span> <span class='ocrx_word' id='word_1_237' title='bbox 1808 3166 1822 3189; x_wconf 94' lang='lat'><strong>,</strong></span> <span class='ocrx_word' id='word_1_238' title='bbox 1852 3126 1945 3181; x_wconf 93' lang='lat' dir='ltr'><strong>sed</strong></span> <span class='ocrx_word' id='word_1_239' title='bbox 1975 3143 2120 3184; x_wconf 81' lang='lat' dir='ltr'><strong>arma</strong></span> 
     </span>
    </p>
   </div>
   <div class='ocr_carea' id='block_1_33' title="bbox 541 3203 2119 3289">
    <p class='ocr_par' dir='ltr' id='par_1_33' title="bbox 541 3203 2119 3289">
     <span class='ocr_line' id='line_1_33' title="bbox 541 3203 2119 3289; baseline 0.013 -33"><span class='ocrx_word' id='word_1_240' title='bbox 541 3213 799 3268; x_wconf 82' lang='lat' dir='ltr'><strong>moveret,</strong></span> <span class='ocrx_word' id='word_1_241' title='bbox 831 3203 1045 3276; x_wconf 85' lang='lat' dir='ltr'><strong>clypeos</strong></span> <span class='ocrx_word' id='word_1_242' title='bbox 1065 3215 1119 3260; x_wconf 89' lang='lat' dir='ltr'><strong>et</strong></span> <span class='ocrx_word' id='word_1_243' title='bbox 1144 3205 1346 3270; x_wconf 84' lang='lat' dir='ltr'><strong>hastas,</strong></span> <span class='ocrx_word' id='word_1_244' title='bbox 1374 3224 1573 3280; x_wconf 84' lang='lat' dir='ltr'><strong>suaque</strong></span> <span class='ocrx_word' id='word_1_245' title='bbox 1601 3223 1839 3272; x_wconf 89' lang='lat' dir='ltr'><strong>uteretur</strong></span> <span class='ocrx_word' id='word_1_246' title='bbox 1863 3221 2119 3289; x_wconf 88' lang='lat' dir='ltr'><strong>potentia,</strong></span> 
     </span>
    </p>
   </div>
   <div class='ocr_carea' id='block_1_34' title="bbox 539 3291 2117 3370">
    <p class='ocr_par' dir='ltr' id='par_1_34' title="bbox 539 3291 2117 3370">
     <span class='ocr_line' id='line_1_34' title="bbox 539 3291 2117 3370; baseline 0.016 -26"><span class='ocrx_word' id='word_1_247' title='bbox 539 3291 613 3345; x_wconf 90' lang='lat' dir='ltr'><strong>ibi</strong></span> <span class='ocrx_word' id='word_1_248' title='bbox 683 3293 956 3356; x_wconf 84' lang='lat' dir='ltr'><strong>sacerdos,</strong></span> <span class='ocrx_word' id='word_1_249' title='bbox 1009 3291 1153 3365; x_wconf 88' lang='lat' dir='ltr'><strong>Ego,</strong></span> <span class='ocrx_word' id='word_1_250' title='bbox 1206 3296 1414 3367; x_wconf 82' lang='lat' dir='ltr'><strong>inquit,</strong></span> <span class='ocrx_word' id='word_1_251' title='bbox 1467 3305 1612 3370; x_wconf 88' lang='lat' dir='ltr'><strong>quod</strong></span> <span class='ocrx_word' id='word_1_252' title='bbox 1657 3316 1775 3362; x_wconf 87' lang='lat' dir='ltr'><strong>erat</strong></span> <span class='ocrx_word' id='word_1_253' title='bbox 1819 3312 1923 3367; x_wconf 91' lang='lat' dir='ltr'><strong>mei</strong></span> <span class='ocrx_word' id='word_1_254' title='bbox 1957 3313 2117 3370; x_wconf 83' lang='lat' dir='ltr'><strong>ofﬁcii</strong></span> 
     </span>
    </p>
   </div>
   <div class='ocr_carea' id='block_1_35' title="bbox 538 3381 2116 3461">
    <p class='ocr_par' dir='ltr' id='par_1_35' title="bbox 538 3381 2116 3461">
     <span class='ocr_line' id='line_1_35' title="bbox 538 3381 2116 3461; baseline 0.018 -29"><span class='ocrx_word' id='word_1_255' title='bbox 538 3381 785 3451; x_wconf 70' lang='lat' dir='ltr'><strong>prmstiti,</strong></span> <span class='ocrx_word' id='word_1_256' title='bbox 827 3381 958 3436; x_wconf 86' lang='lat' dir='ltr'><strong>nihil</strong></span> <span class='ocrx_word' id='word_1_257' title='bbox 986 3385 1214 3455; x_wconf 88' lang='lat' dir='ltr'><strong>amplius</strong></span> <span class='ocrx_word' id='word_1_258' title='bbox 1242 3401 1481 3456; x_wconf 83' lang='lat' dir='ltr'><strong>possunt,</strong></span> <span class='ocrx_word' id='word_1_259' title='bbox 1506 3406 1757 3452; x_wconf 89' lang='lat' dir='ltr'><strong>succurre</strong></span> <span class='ocrx_word' id='word_1_260' title='bbox 1816 3403 2116 3461; x_wconf 85' lang='lat' dir='ltr'><strong>sacerdotio</strong></span> 
     </span>
    </p>
   </div>
   <div class='ocr_carea' id='block_1_36' title="bbox 535 3471 2112 3554">
    <p class='ocr_par' dir='ltr' id='par_1_36' title="bbox 535 3471 2112 3554">
     <span class='ocr_line' id='line_1_36' title="bbox 535 3471 2112 3554; baseline 0.018 -29"><span class='ocrx_word' id='word_1_261' title='bbox 535 3471 678 3541; x_wconf 91' lang='lat' dir='ltr'><strong>quod</strong></span> <span class='ocrx_word' id='word_1_262' title='bbox 724 3473 1086 3540; x_wconf 87' lang='lat' dir='ltr'><strong>conculcatur,</strong></span> <span class='ocrx_word' id='word_1_263' title='bbox 1137 3476 1278 3548; x_wconf 82' lang='lat' dir='ltr'><strong>leges</strong></span> <span class='ocrx_word' id='word_1_264' title='bbox 1307 3480 1600 3550; x_wconf 87' lang='lat' dir='ltr'><strong>violantur,</strong></span> <span class='ocrx_word' id='word_1_265' title='bbox 1649 3487 1728 3542; x_wconf 84' lang='lat' dir='ltr'><strong>fas</strong></span> <span class='ocrx_word' id='word_1_266' title='bbox 1771 3491 2112 3554; x_wconf 88' lang='lat' dir='ltr'><strong>subvertitur.</strong></span> 
     </span>
    </p>
   </div>
   <div class='ocr_carea' id='block_1_37' title="bbox 533 3560 2112 3642">
    <p class='ocr_par' dir='ltr' id='par_1_37' title="bbox 533 3560 2112 3642">
     <span class='ocr_line' id='line_1_37' title="bbox 533 3560 2112 3642; baseline 0.019 -28"><span class='ocrx_word' id='word_1_267' title='bbox 533 3560 672 3631; x_wconf 84' lang='lat' dir='ltr'><strong>Quid</strong></span> <span class='ocrx_word' id='word_1_268' title='bbox 714 3563 875 3634; x_wconf 89' lang='lat' dir='ltr'><strong>igitur</strong></span> <span class='ocrx_word' id='word_1_269' title='bbox 912 3564 1002 3620; x_wconf 82' lang='lat' dir='ltr'><strong>ille</strong></span> <span class='ocrx_word' id='word_1_270' title='bbox 1025 3564 1320 3622; x_wconf 55' lang='lat' dir='ltr'><strong>hominum</strong></span> <span class='ocrx_word' id='word_1_271' title='bbox 1342 3574 1586 3627; x_wconf 87' lang='lat' dir='ltr'><strong>amator?</strong></span> <span class='ocrx_word' id='word_1_272' title='bbox 1615 3576 1792 3632; x_wconf 87' lang='lat' dir='ltr'><strong>Virmn</strong></span> <span class='ocrx_word' id='word_1_273' title='bbox 1817 3583 2070 3642; x_wconf 87' lang='lat' dir='ltr'><strong>audacem</strong></span> <span class='ocrx_word' id='word_1_274' title='bbox 2095 3590 2112 3622; x_wconf 84' lang='grc'>¹</span> 
     </span>
    </p>
   </div>
   <div class='ocr_carea' id='block_1_38' title="bbox 535 3652 2114 3749">
    <p class='ocr_par' dir='ltr' id='par_1_38' title="bbox 535 3652 2114 3749">
     <span class='ocr_line' id='line_1_38' title="bbox 535 3652 2114 3749; baseline 0.02 -46"><span class='ocrx_word' id='word_1_275' title='bbox 535 3652 824 3706; x_wconf 88' lang='lat' dir='ltr'><strong>ulciscitur.</strong></span> <span class='ocrx_word' id='word_1_276' title='bbox 844 3653 909 3706; x_wconf 86' lang='lat' dir='ltr'><strong>Et</strong></span> <span class='ocrx_word' id='word_1_277' title='bbox 920 3657 1154 3710; x_wconf 86' lang='lat' dir='ltr'><strong>continuo</strong></span> <span class='ocrx_word' id='word_1_278' title='bbox 1170 3659 1378 3728; x_wconf 71' lang='lat' dir='ltr'><strong>emeruit</strong></span> <span class='ocrx_word' id='word_1_279' title='bbox 1389 3661 1529 3732; x_wconf 84' lang='lat' dir='ltr'><strong>lepra</strong></span> <span class='ocrx_word' id='word_1_280' title='bbox 1539 3665 1590 3717; x_wconf 86' lang='lat' dir='ltr'><strong>in</strong></span> <span class='ocrx_word' id='word_1_281' title='bbox 1603 3668 1768 3736; x_wconf 82' lang='lat' dir='ltr'><strong>fronte</strong></span> <span class='ocrx_word' id='word_1_282' title='bbox 1779 3672 1915 3728; x_wconf 77' lang='lat' dir='ltr'><strong>illius</strong></span> <span class='ocrx_word' id='word_1_283' title='bbox 1927 3675 2000 3749; x_wconf 72' lang='grc'><strong>(2.</strong></span> <span class='ocrx_word' id='word_1_284' title='bbox 2018 3677 2114 3733; x_wconf 88' lang='lat' dir='ltr'><strong>Pa-</strong></span> 
     </span>
    </p>
   </div>
   <div class='ocr_carea' id='block_1_39' title="bbox 533 3743 2110 3828">
    <p class='ocr_par' dir='ltr' id='par_1_39' title="bbox 533 3743 2110 3828">
     <span class='ocr_line' id='line_1_39' title="bbox 533 3743 2110 3828; baseline 0.022 -35"><span class='ocrx_word' id='word_1_285' title='bbox 533 3743 630 3797; x_wconf 75' lang='lat' dir='ltr'><strong>rel.</strong></span> <span class='ocrx_word' id='word_1_286' title='bbox 657 3743 746 3799; x_wconf 76' lang='lat'><strong>26.</strong></span> <span class='ocrx_word' id='word_1_287' title='bbox 772 3745 884 3814; x_wconf 85' lang='grc'><strong>19).</strong></span> <span class='ocrx_word' id='word_1_288' title='bbox 907 3745 1241 3821; x_wconf 82' lang='lat' dir='ltr'><strong>Ubicumque</strong></span> <span class='ocrx_word' id='word_1_289' title='bbox 1256 3761 1337 3808; x_wconf 89' lang='lat' dir='ltr'><strong>est</strong></span> <span class='ocrx_word' id='word_1_290' title='bbox 1357 3752 1706 3827; x_wconf 81' lang='lat' dir='ltr'><strong>impudentia,</strong></span> <span class='ocrx_word' id='word_1_291' title='bbox 1725 3763 1830 3820; x_wconf 89' lang='lat' dir='ltr'><strong>illic</strong></span> <span class='ocrx_word' id='word_1_292' title='bbox 1850 3743 1944 3823; x_wconf 74' lang='lat' dir='ltr'><strong>est</strong></span> <span class='ocrx_word' id='word_1_293' title='bbox 1959 3769 2110 3828; x_wconf 89' lang='lat' dir='ltr'><strong>ultio.</strong></span> 
     </span>
    </p>
   </div>
   <div class='ocr_carea' id='block_1_40' title="bbox 607 3833 2106 3924">
    <p class='ocr_par' dir='ltr' id='par_1_40' title="bbox 607 3833 2106 3924">
     <span class='ocr_line' id='line_1_40' title="bbox 607 3833 2106 3924; baseline 0.02 -35"><span class='ocrx_word' id='word_1_294' title='bbox 607 3833 746 3890; x_wconf 87' lang='lat' dir='ltr'><strong>Ultio</strong></span> <span class='ocrx_word' id='word_1_295' title='bbox 786 3835 884 3892; x_wconf 85' lang='lat' dir='ltr'><strong>Dei</strong></span> <span class='ocrx_word' id='word_1_296' title='bbox 925 3840 1156 3897; x_wconf 76' lang='lat' dir='ltr'><strong>clemens.</strong></span> <span class='ocrx_word' id='word_1_297' title='bbox 1189 3873 1259 3884; x_wconf 92' lang='lat'><strong>—-</strong></span> <span class='ocrx_word' id='word_1_298' title='bbox 1291 3845 1477 3903; x_wconf 82' lang='lat' dir='ltr'><strong>Vidisti</strong></span> <span class='ocrx_word' id='word_1_299' title='bbox 1519 3849 1899 3924; x_wconf 82' lang='lat' dir='ltr'><strong>benignitatem</strong></span> <span class='ocrx_word' id='word_1_300' title='bbox 1953 3863 2106 3919; x_wconf 84' lang='lat' dir='ltr'><strong>ultio-</strong></span> 
     </span>
    </p>
   </div>
   <div class='ocr_carea' id='block_1_41' title="bbox 533 3927 2112 4014">
    <p class='ocr_par' dir='ltr' id='par_1_41' title="bbox 533 3927 2112 4014">
     <span class='ocr_line' id='line_1_41' title="bbox 533 3927 2112 4014; baseline 0.021 -34"><span class='ocrx_word' id='word_1_301' title='bbox 533 3927 614 3980; x_wconf 71' lang='lat' dir='ltr'><strong>nis</strong></span> <span class='ocrx_word' id='word_1_302' title='bbox 639 3927 1022 3986; x_wconf 48' lang='lat' dir='ltr'><strong>divinmLNon</strong></span> <span class='ocrx_word' id='word_1_303' title='bbox 1052 3932 1248 3990; x_wconf 86' lang='lat' dir='ltr'><strong>fulmen</strong></span> <span class='ocrx_word' id='word_1_304' title='bbox 1278 3940 1475 4007; x_wconf 91' lang='lat' dir='ltr'><strong>emisit,</strong></span> <span class='ocrx_word' id='word_1_305' title='bbox 1511 3957 1614 3998; x_wconf 90' lang='lat' dir='ltr'><strong>non</strong></span> <span class='ocrx_word' id='word_1_306' title='bbox 1657 3957 1856 4005; x_wconf 88' lang='lat' dir='ltr'><strong>terram</strong></span> <span class='ocrx_word' id='word_1_307' title='bbox 1886 3967 2112 4014; x_wconf 87' lang='lat' dir='ltr'><strong>concus-</strong></span> 
     </span>
    </p>
   </div>
   <div class='ocr_carea' id='block_1_42' title="bbox 529 4018 2106 4110">
    <p class='ocr_par' dir='ltr' id='par_1_42' title="bbox 529 4018 2106 4110">
     <span class='ocr_line' id='line_1_42' title="bbox 529 4018 2106 4110; baseline 0.023 -41"><span class='ocrx_word' id='word_1_308' title='bbox 529 4018 618 4083; x_wconf 90' lang='lat' dir='ltr'><strong>sit,</strong></span> <span class='ocrx_word' id='word_1_309' title='bbox 652 4033 754 4072; x_wconf 87' lang='lat' dir='ltr'><strong>non</strong></span> <span class='ocrx_word' id='word_1_310' title='bbox 784 4024 1072 4078; x_wconf 90' lang='lat' dir='ltr'><strong>commovit</strong></span> <span class='ocrx_word' id='word_1_311' title='bbox 1094 4027 1317 4095; x_wconf 70' lang='lat' dir='ltr'><strong>caelum;</strong></span> <span class='ocrx_word' id='word_1_312' title='bbox 1341 4031 1434 4086; x_wconf 90' lang='lat' dir='ltr'><strong>sed</strong></span> <span class='ocrx_word' id='word_1_313' title='bbox 1463 4032 1695 4093; x_wconf 88' lang='lat' dir='ltr'><strong>effloruit</strong></span> <span class='ocrx_word' id='word_1_314' title='bbox 1722 4041 1890 4110; x_wconf 84' lang='lat' dir='ltr'><strong>lepra,</strong></span> <span class='ocrx_word' id='word_1_315' title='bbox 1923 4063 2027 4103; x_wconf 93' lang='lat' dir='ltr'><strong>non</strong></span> <span class='ocrx_word' id='word_1_316' title='bbox 2054 4050 2106 4106; x_wconf 92' lang='lat' dir='ltr'><strong>in</strong></span> 
     </span>
    </p>
   </div>
   <div class='ocr_carea' id='block_1_43' title="bbox 527 4112 2104 4199">
    <p class='ocr_par' dir='ltr' id='par_1_43' title="bbox 527 4112 2104 4199">
     <span class='ocr_line' id='line_1_43' title="bbox 527 4112 2104 4199; baseline 0.02 -33"><span class='ocrx_word' id='word_1_317' title='bbox 527 4113 636 4168; x_wconf 84' lang='lat' dir='ltr'><strong>alio</strong></span> <span class='ocrx_word' id='word_1_318' title='bbox 666 4112 782 4169; x_wconf 86' lang='lat' dir='ltr'><strong>loco</strong></span> <span class='ocrx_word' id='word_1_319' title='bbox 808 4130 966 4185; x_wconf 86' lang='lat' dir='ltr'><strong>quam</strong></span> <span class='ocrx_word' id='word_1_320' title='bbox 998 4118 1050 4172; x_wconf 88' lang='lat' dir='ltr'><strong>in</strong></span> <span class='ocrx_word' id='word_1_321' title='bbox 1080 4118 1273 4188; x_wconf 88' lang='lat' dir='ltr'><strong>fronte,</strong></span> <span class='ocrx_word' id='word_1_322' title='bbox 1302 4133 1357 4178; x_wconf 91' lang='lat' dir='ltr'><strong>ut</strong></span> <span class='ocrx_word' id='word_1_323' title='bbox 1383 4126 1547 4183; x_wconf 82' lang='lat' dir='ltr'><strong>facies</strong></span> <span class='ocrx_word' id='word_1_324' title='bbox 1573 4146 1680 4199; x_wconf 74' lang='lat' dir='ltr'><strong>prae</strong></span> <span class='ocrx_word' id='word_1_325' title='bbox 1705 4147 1764 4188; x_wconf 90' lang='lat' dir='ltr'><strong>se</strong></span> <span class='ocrx_word' id='word_1_326' title='bbox 1791 4134 1957 4194; x_wconf 89' lang='lat' dir='ltr'><strong>ferret</strong></span> <span class='ocrx_word' id='word_1_327' title='bbox 1982 4141 2104 4197; x_wconf 91' lang='lat' dir='ltr'><strong>vin-</strong></span> 
     </span>
    </p>
   </div>
   <div class='ocr_carea' id='block_1_44' title="bbox 527 4203 2106 4300">
    <p class='ocr_par' dir='ltr' id='par_1_44' title="bbox 527 4203 2106 4300">
     <span class='ocr_line' id='line_1_44' title="bbox 527 4203 2106 4300; baseline 0.021 -44"><span class='ocrx_word' id='word_1_328' title='bbox 527 4203 722 4258; x_wconf 70' lang='lat' dir='ltr'><strong>olictam</strong></span> <span class='ocrx_word' id='word_1_329' title='bbox 751 4207 792 4270; x_wconf 82' lang='grc'><strong>³,</strong></span> <span class='ocrx_word' id='word_1_330' title='bbox 827 4217 881 4260; x_wconf 89' lang='lat' dir='ltr'><strong>ut</strong></span> <span class='ocrx_word' id='word_1_331' title='bbox 911 4216 1181 4280; x_wconf 81' lang='lat' dir='ltr'><strong>tamquam</strong></span> <span class='ocrx_word' id='word_1_332' title='bbox 1210 4213 1262 4266; x_wconf 90' lang='lat' dir='ltr'><strong>in</strong></span> <span class='ocrx_word' id='word_1_333' title='bbox 1291 4215 1444 4285; x_wconf 86' lang='lat' dir='ltr'><strong>cippo</strong></span> <span class='ocrx_word' id='word_1_334' title='bbox 1471 4217 1638 4275; x_wconf 73' lang='lat' dir='ltr'><strong>litera:</strong></span> <span class='ocrx_word' id='word_1_335' title='bbox 1667 4235 1848 4281; x_wconf 88' lang='lat' dir='ltr'><strong>essent</strong></span> <span class='ocrx_word' id='word_1_336' title='bbox 1878 4229 2106 4300; x_wconf 89' lang='lat' dir='ltr'><strong>impres-</strong></span> 
     </span>
    </p>
   </div>
   <div class='ocr_carea' id='block_1_45' title="bbox 527 4294 2107 4392">
    <p class='ocr_par' dir='ltr' id='par_1_45' title="bbox 527 4294 2107 4392">
     <span class='ocr_line' id='line_1_45' title="bbox 527 4294 2107 4392; baseline 0.021 -45"><span class='ocrx_word' id='word_1_337' title='bbox 527 4309 620 4349; x_wconf 81' lang='lat' dir='ltr'><strong>sae.</strong></span> <span class='ocrx_word' id='word_1_338' title='bbox 648 4294 763 4351; x_wconf 86' lang='lat' dir='ltr'><strong>Non</strong></span> <span class='ocrx_word' id='word_1_339' title='bbox 804 4299 944 4354; x_wconf 88' lang='lat' dir='ltr'><strong>enim</strong></span> <span class='ocrx_word' id='word_1_340' title='bbox 975 4311 1192 4370; x_wconf 87' lang='lat' dir='ltr'><strong>propter</strong></span> <span class='ocrx_word' id='word_1_341' title='bbox 1219 4303 1367 4359; x_wconf 90' lang='lat' dir='ltr'><strong>illum</strong></span> <span class='ocrx_word' id='word_1_342' title='bbox 1399 4307 1598 4364; x_wconf 87' lang='lat' dir='ltr'><strong>factum</strong></span> <span class='ocrx_word' id='word_1_343' title='bbox 1626 4323 1727 4378; x_wconf 91' lang='lat' dir='ltr'><strong>est,</strong></span> <span class='ocrx_word' id='word_1_344' title='bbox 1763 4317 1858 4372; x_wconf 90' lang='lat' dir='ltr'><strong>sed</strong></span> <span class='ocrx_word' id='word_1_345' title='bbox 1890 4294 2107 4392; x_wconf 79' lang='lat' dir='ltr'><strong>propter</strong></span> 
     </span>
    </p>
   </div>
   <div class='ocr_carea' id='block_1_46' title="bbox 525 4390 2107 4485">
    <p class='ocr_par' dir='ltr' id='par_1_46' title="bbox 525 4390 2107 4485">
     <span class='ocr_line' id='line_1_46' title="bbox 525 4390 2107 4485; baseline 0.021 -44"><span class='ocrx_word' id='word_1_346' title='bbox 525 4403 620 4442; x_wconf 86' lang='lat' dir='ltr'><strong>eos</strong></span> <span class='ocrx_word' id='word_1_347' title='bbox 647 4390 736 4458; x_wconf 90' lang='lat' dir='ltr'><strong>qui</strong></span> <span class='ocrx_word' id='word_1_348' title='bbox 780 4391 830 4443; x_wconf 91' lang='lat' dir='ltr'><strong>in</strong></span> <span class='ocrx_word' id='word_1_349' title='bbox 871 4402 1142 4461; x_wconf 73' lang='lat' dir='ltr'><strong>pesterum</strong></span> <span class='ocrx_word' id='word_1_350' title='bbox 1185 4407 1310 4451; x_wconf 91' lang='lat' dir='ltr'><strong>sunt</strong></span> <span class='ocrx_word' id='word_1_351' title='bbox 1352 4398 1534 4456; x_wconf 89' lang='lat' dir='ltr'><strong>futuri.</strong></span> <span class='ocrx_word' id='word_1_352' title='bbox 1563 4404 1697 4461; x_wconf 88' lang='lat' dir='ltr'><strong>Cum</strong></span> <span class='ocrx_word' id='word_1_353' title='bbox 1743 4411 1884 4466; x_wconf 90' lang='lat' dir='ltr'><strong>enim</strong></span> <span class='ocrx_word' id='word_1_354' title='bbox 1925 4390 2107 4485; x_wconf 82' lang='lat' dir='ltr'><strong>posset</strong></span> 
     </span>
    </p>
   </div>
   <div class='ocr_carea' id='block_1_47' title="bbox 530 4481 2105 4568">
    <p class='ocr_par' dir='ltr' id='par_1_47' title="bbox 530 4481 2105 4568">
     <span class='ocr_line' id='line_1_47' title="bbox 530 4481 2105 4568; baseline 0.023 -38"><span class='ocrx_word' id='word_1_355' title='bbox 530 4495 624 4547; x_wconf 87' lang='lat' dir='ltr'><strong>pro</strong></span> <span class='ocrx_word' id='word_1_356' title='bbox 645 4481 846 4535; x_wconf 90' lang='lat' dir='ltr'><strong>meritis</strong></span> <span class='ocrx_word' id='word_1_357' title='bbox 864 4497 1069 4550; x_wconf 71' lang='lat' dir='ltr'><strong>[mnam</strong></span> <span class='ocrx_word' id='word_1_358' title='bbox 1096 4485 1352 4556; x_wconf 85' lang='lat' dir='ltr'><strong>inﬂigere,</strong></span> <span class='ocrx_word' id='word_1_359' title='bbox 1375 4508 1476 4547; x_wconf 93' lang='lat' dir='ltr'><strong>non</strong></span> <span class='ocrx_word' id='word_1_360' title='bbox 1502 4496 1719 4563; x_wconf 85' lang='lat' dir='ltr'><strong>inﬂixit;</strong></span> <span class='ocrx_word' id='word_1_361' title='bbox 1744 4505 1836 4558; x_wconf 87' lang='lat' dir='ltr'><strong>sed</strong></span> <span class='ocrx_word' id='word_1_362' title='bbox 1859 4506 1912 4560; x_wconf 87' lang='lat' dir='ltr'><strong>in</strong></span> <span class='ocrx_word' id='word_1_363' title='bbox 1925 4481 2105 4568; x_wconf 78' lang='lat' dir='ltr'><strong>fronte</strong></span> 
     </span>
    </p>
   </div>
   <div class='ocr_carea' id='block_1_48' title="bbox 527 4572 2105 4660">
    <p class='ocr_par' dir='ltr' id='par_1_48' title="bbox 527 4572 2105 4660">
     <span class='ocr_line' id='line_1_48' title="bbox 527 4572 2105 4660; baseline 0.023 -36"><span class='ocrx_word' id='word_1_364' title='bbox 527 4573 671 4642; x_wconf 80' lang='lat' dir='ltr'><strong>quasi</strong></span> <span class='ocrx_word' id='word_1_365' title='bbox 699 4572 781 4627; x_wconf 80' lang='lat' dir='ltr'><strong>lex</strong></span> <span class='ocrx_word' id='word_1_366' title='bbox 811 4577 980 4645; x_wconf 89' lang='lat' dir='ltr'><strong>posita</strong></span> <span class='ocrx_word' id='word_1_367' title='bbox 1004 4588 1085 4633; x_wconf 88' lang='lat' dir='ltr'><strong>est</strong></span> <span class='ocrx_word' id='word_1_368' title='bbox 1111 4582 1252 4634; x_wconf 88' lang='lat' dir='ltr'><strong>velut</strong></span> <span class='ocrx_word' id='word_1_369' title='bbox 1277 4583 1326 4636; x_wconf 91' lang='lat' dir='ltr'><strong>in</strong></span> <span class='ocrx_word' id='word_1_370' title='bbox 1357 4585 1476 4640; x_wconf 90' lang='lat' dir='ltr'><strong>loco</strong></span> <span class='ocrx_word' id='word_1_371' title='bbox 1495 4589 1727 4660; x_wconf 88' lang='lat' dir='ltr'><strong>sublimi,</strong></span> <span class='ocrx_word' id='word_1_372' title='bbox 1752 4597 1974 4656; x_wconf 86' lang='lat' dir='ltr'><strong>dicens:</strong></span> <span class='ocrx_word' id='word_1_373' title='bbox 1999 4603 2105 4660; x_wconf 87' lang='lat' dir='ltr'><strong>No-</strong></span> 
     </span>
    </p>
   </div>
   <div class='ocr_carea' id='block_1_49' title="bbox 523 4666 2099 4765">
    <p class='ocr_par' dir='ltr' id='par_1_49' title="bbox 523 4666 2099 4765">
     <span class='ocr_line' id='line_1_49' title="bbox 523 4666 2099 4765; baseline 0.021 -47"><span class='ocrx_word' id='word_1_374' title='bbox 523 4667 615 4720; x_wconf 83' lang='lat' dir='ltr'><strong>lite</strong></span> <span class='ocrx_word' id='word_1_375' title='bbox 642 4666 816 4722; x_wconf 88' lang='lat' dir='ltr'><strong>facere</strong></span> <span class='ocrx_word' id='word_1_376' title='bbox 847 4671 989 4734; x_wconf 80' lang='lat' dir='ltr'><strong>talia,</strong></span> <span class='ocrx_word' id='word_1_377' title='bbox 1025 4687 1090 4725; x_wconf 87' lang='lat' dir='ltr'><strong>ne</strong></span> <span class='ocrx_word' id='word_1_378' title='bbox 1119 4674 1389 4742; x_wconf 84' lang='lat' dir='ltr'><strong>patiamini</strong></span> <span class='ocrx_word' id='word_1_379' title='bbox 1415 4681 1631 4737; x_wconf 87' lang='lat' dir='ltr'><strong>similia.</strong></span> <span class='ocrx_word' id='word_1_380' title='bbox 1665 4685 1806 4742; x_wconf 85' lang='lat' dir='ltr'><strong>Exiit</strong></span> <span class='ocrx_word' id='word_1_381' title='bbox 1837 4691 1921 4747; x_wconf 91' lang='lat' dir='ltr'><strong>lex</strong></span> <span class='ocrx_word' id='word_1_382' title='bbox 1961 4694 2099 4765; x_wconf 82' lang='lat' dir='ltr'><strong>viva,</strong></span> 
     </span>
    </p>
   </div>
   <div class='ocr_carea' id='block_1_50' title="bbox 521 4756 2103 4844">
    <p class='ocr_par' dir='ltr' id='par_1_50' title="bbox 521 4756 2103 4844">
     <span class='ocr_line' id='line_1_50' title="bbox 521 4756 2103 4844; baseline 0.021 -34"><span class='ocrx_word' id='word_1_383' title='bbox 521 4768 574 4811; x_wconf 89' lang='lat' dir='ltr'><strong>et</strong></span> <span class='ocrx_word' id='word_1_384' title='bbox 612 4756 759 4813; x_wconf 88' lang='lat' dir='ltr'><strong>frons</strong></span> <span class='ocrx_word' id='word_1_385' title='bbox 803 4775 993 4818; x_wconf 88' lang='lat' dir='ltr'><strong>vocem</strong></span> <span class='ocrx_word' id='word_1_386' title='bbox 1019 4764 1185 4820; x_wconf 88' lang='lat' dir='ltr'><strong>edidit</strong></span> <span class='ocrx_word' id='word_1_387' title='bbox 1214 4766 1338 4824; x_wconf 89' lang='lat' dir='ltr'><strong>tuba</strong></span> <span class='ocrx_word' id='word_1_388' title='bbox 1377 4769 1659 4831; x_wconf 89' lang='lat' dir='ltr'><strong>clariorem</strong></span> <span class='ocrx_word' id='word_1_389' title='bbox 1690 4794 1703 4830; x_wconf 93' lang='lat'><strong>:</strong></span> <span class='ocrx_word' id='word_1_390' title='bbox 1737 4778 1906 4838; x_wconf 73' lang='lat' dir='ltr'><strong>litera:</strong></span> <span class='ocrx_word' id='word_1_391' title='bbox 1951 4800 2103 4844; x_wconf 87' lang='lat' dir='ltr'><strong>erant</strong></span> 
     </span>
    </p>
   </div>
   <div class='ocr_carea' id='block_1_51' title="bbox 521 4849 2101 4941">
    <p class='ocr_par' dir='ltr' id='par_1_51' title="bbox 521 4849 2101 4941">
     <span class='ocr_line' id='line_1_51' title="bbox 521 4849 2101 4941; baseline 0.023 -41"><span class='ocrx_word' id='word_1_392' title='bbox 521 4849 789 4919; x_wconf 70' lang='lat' dir='ltr'><strong>inscripta:</strong></span> <span class='ocrx_word' id='word_1_393' title='bbox 819 4853 996 4918; x_wconf 87' lang='lat' dir='ltr'><strong>fronti,</strong></span> <span class='ocrx_word' id='word_1_394' title='bbox 1026 4855 1191 4912; x_wconf 64' lang='lat' dir='ltr'><strong>literae</strong></span> <span class='ocrx_word' id='word_1_395' title='bbox 1216 4875 1335 4930; x_wconf 64' lang='lat' dir='ltr'><strong>quae</strong></span> <span class='ocrx_word' id='word_1_396' title='bbox 1359 4861 1523 4919; x_wconf 87' lang='lat' dir='ltr'><strong>deleri</strong></span> <span class='ocrx_word' id='word_1_397' title='bbox 1552 4883 1656 4923; x_wconf 93' lang='lat' dir='ltr'><strong>non</strong></span> <span class='ocrx_word' id='word_1_398' title='bbox 1687 4881 1968 4941; x_wconf 86' lang='lat' dir='ltr'><strong>poterant:</strong></span> <span class='ocrx_word' id='word_1_399' title='bbox 1997 4897 2101 4937; x_wconf 90' lang='lat' dir='ltr'><strong>non</strong></span> 
     </span>
    </p>
   </div>
   <div class='ocr_carea' id='block_1_52' title="bbox 519 4939 2105 5036">
    <p class='ocr_par' dir='ltr' id='par_1_52' title="bbox 519 4939 2105 5036">
     <span class='ocr_line' id='line_1_52' title="bbox 519 4939 2105 5036; baseline 0.025 -45"><span class='ocrx_word' id='word_1_400' title='bbox 519 4939 659 4993; x_wconf 67' lang='lat' dir='ltr'><strong>enim</strong></span> <span class='ocrx_word' id='word_1_401' title='bbox 687 4953 840 4997; x_wconf 87' lang='lat' dir='ltr'><strong>erant</strong></span> <span class='ocrx_word' id='word_1_402' title='bbox 859 4954 1156 5003; x_wconf 90' lang='lat' dir='ltr'><strong>atramento</strong></span> <span class='ocrx_word' id='word_1_403' title='bbox 1183 4953 1469 5024; x_wconf 67' lang='lat' dir='ltr'><strong>inscriptae,</strong></span> <span class='ocrx_word' id='word_1_404' title='bbox 1500 4967 1555 5012; x_wconf 92' lang='lat' dir='ltr'><strong>ut</strong></span> <span class='ocrx_word' id='word_1_405' title='bbox 1581 4939 1773 5033; x_wconf 84' lang='lat' dir='ltr'><strong>aliquis</strong></span> <span class='ocrx_word' id='word_1_406' title='bbox 1800 4981 1980 5036; x_wconf 89' lang='lat' dir='ltr'><strong>posset</strong></span> <span class='ocrx_word' id='word_1_407' title='bbox 2009 4973 2105 5030; x_wconf 82' lang='lat' dir='ltr'><strong>de-</strong></span> 
     </span>
    </p>
   </div>
   <div class='ocr_carea' id='block_1_53' title="bbox 521 5032 2102 5120">
    <p class='ocr_par' dir='ltr' id='par_1_53' title="bbox 521 5032 2102 5120">
     <span class='ocr_line' id='line_1_53' title="bbox 521 5032 2102 5120; baseline 0.024 -37"><span class='ocrx_word' id='word_1_408' title='bbox 521 5032 652 5097; x_wconf 85' lang='lat' dir='ltr'><strong>lere,</strong></span> <span class='ocrx_word' id='word_1_409' title='bbox 685 5032 779 5087; x_wconf 89' lang='lat' dir='ltr'><strong>sed</strong></span> <span class='ocrx_word' id='word_1_410' title='bbox 820 5039 1078 5093; x_wconf 87' lang='lat' dir='ltr'><strong>naturalis</strong></span> <span class='ocrx_word' id='word_1_411' title='bbox 1115 5052 1229 5096; x_wconf 90' lang='lat' dir='ltr'><strong>erat</strong></span> <span class='ocrx_word' id='word_1_412' title='bbox 1257 5044 1420 5115; x_wconf 88' lang='lat' dir='ltr'><strong>lepra,</strong></span> <span class='ocrx_word' id='word_1_413' title='bbox 1450 5032 1680 5120; x_wconf 83' lang='lat' dir='ltr'><strong>eumque</strong></span> <span class='ocrx_word' id='word_1_414' title='bbox 1721 5032 1973 5117; x_wconf 84' lang='lat' dir='ltr'><strong>reddebat</strong></span> <span class='ocrx_word' id='word_1_415' title='bbox 2004 5065 2102 5120; x_wconf 84' lang='lat' dir='ltr'><strong>im-</strong></span> 
     </span>
    </p>
   </div>
   <div class='ocr_carea' id='block_1_54' title="bbox 521 5121 2101 5217">
    <p class='ocr_par' dir='ltr' id='par_1_54' title="bbox 521 5121 2101 5217">
     <span class='ocr_line' id='line_1_54' title="bbox 521 5121 2101 5217; baseline 0.024 -41"><span class='ocrx_word' id='word_1_416' title='bbox 521 5121 799 5188; x_wconf 87' lang='lat' dir='ltr'><strong>nmndum,</strong></span> <span class='ocrx_word' id='word_1_417' title='bbox 830 5134 888 5180; x_wconf 90' lang='lat' dir='ltr'><strong>nt</strong></span> <span class='ocrx_word' id='word_1_418' title='bbox 910 5128 1045 5183; x_wconf 88' lang='lat' dir='ltr'><strong>alios</strong></span> <span class='ocrx_word' id='word_1_419' title='bbox 1066 5130 1263 5188; x_wconf 84' lang='lat' dir='ltr'><strong>faceret</strong></span> <span class='ocrx_word' id='word_1_420' title='bbox 1290 5139 1536 5195; x_wconf 89' lang='lat' dir='ltr'><strong>mundos.</strong></span> <span class='ocrx_word' id='word_1_421' title='bbox 1566 5143 1631 5199; x_wconf 83' lang='lat' dir='ltr'><strong>Et</strong></span> <span class='ocrx_word' id='word_1_422' title='bbox 1655 5152 2101 5217; x_wconf 88' lang='lat' dir='ltr'><strong>quemadmodum</strong></span> 
     </span>
    </p>
   </div>
   <div class='ocr_carea' id='block_1_55' title="bbox 513 5214 2100 5311">
    <p class='ocr_par' dir='ltr' id='par_1_55' title="bbox 513 5214 2100 5311">
     <span class='ocr_line' id='line_1_55' title="bbox 513 5214 2100 5311; baseline 0.026 -46"><span class='ocrx_word' id='word_1_423' title='bbox 513 5215 632 5280; x_wconf 83' lang='lat' dir='ltr'><strong>jure</strong></span> <span class='ocrx_word' id='word_1_424' title='bbox 671 5214 968 5282; x_wconf 88' lang='lat' dir='ltr'><strong>damnatos,</strong></span> <span class='ocrx_word' id='word_1_425' title='bbox 1014 5231 1355 5293; x_wconf 84' lang='lat' dir='ltr'><strong>posteaquam</strong></span> <span class='ocrx_word' id='word_1_426' title='bbox 1399 5231 1574 5288; x_wconf 89' lang='lat' dir='ltr'><strong>funem</strong></span> <span class='ocrx_word' id='word_1_427' title='bbox 1616 5214 1938 5311; x_wconf 75' lang='lat' dir='ltr'><strong>acceperint,</strong></span> <span class='ocrx_word' id='word_1_428' title='bbox 1967 5249 2100 5305; x_wconf 87' lang='lat' dir='ltr'><strong>edu-</strong></span> 
     </span>
    </p>
   </div>
   <div class='ocr_carea' id='block_1_56' title="bbox 517 5303 2098 5408">
    <p class='ocr_par' dir='ltr' id='par_1_56' title="bbox 517 5303 2098 5408">
     <span class='ocr_line' id='line_1_56' title="bbox 517 5303 2098 5408; baseline 0.026 -53"><span class='ocrx_word' id='word_1_429' title='bbox 517 5313 642 5358; x_wconf 81' lang='lat' dir='ltr'><strong>euut</strong></span> <span class='ocrx_word' id='word_1_430' title='bbox 677 5303 856 5360; x_wconf 76' lang='lat' dir='ltr'><strong>funem</strong></span> <span class='ocrx_word' id='word_1_431' title='bbox 899 5322 992 5364; x_wconf 91' lang='lat' dir='ltr'><strong>ore</strong></span> <span class='ocrx_word' id='word_1_432' title='bbox 1024 5319 1336 5380; x_wconf 86' lang='lat' dir='ltr'><strong>gestantes:</strong></span> <span class='ocrx_word' id='word_1_433' title='bbox 1378 5320 1454 5374; x_wconf 91' lang='lat' dir='ltr'><strong>sic</strong></span> <span class='ocrx_word' id='word_1_434' title='bbox 1493 5332 1547 5377; x_wconf 89' lang='lat' dir='ltr'><strong>et</strong></span> <span class='ocrx_word' id='word_1_435' title='bbox 1591 5325 1677 5381; x_wconf 91' lang='lat' dir='ltr'><strong>hic</strong></span> <span class='ocrx_word' id='word_1_436' title='bbox 1717 5303 2098 5408; x_wconf 81' lang='lat' dir='ltr'><strong>abducebatur,</strong></span> 
     </span>
    </p>
   </div>
   <div class='ocr_carea' id='block_1_57' title="bbox 519 5399 2100 5491">
    <p class='ocr_par' dir='ltr' id='par_1_57' title="bbox 519 5399 2100 5491">
     <span class='ocr_line' id='line_1_57' title="bbox 519 5399 2100 5491; baseline 0.027 -44"><span class='ocrx_word' id='word_1_437' title='bbox 519 5410 615 5465; x_wconf 89' lang='lat' dir='ltr'><strong>pro</strong></span> <span class='ocrx_word' id='word_1_438' title='bbox 637 5400 762 5454; x_wconf 85' lang='lat' dir='ltr'><strong>fune</strong></span> <span class='ocrx_word' id='word_1_439' title='bbox 789 5399 988 5469; x_wconf 88' lang='lat' dir='ltr'><strong>lepram</strong></span> <span class='ocrx_word' id='word_1_440' title='bbox 1019 5402 1072 5457; x_wconf 92' lang='lat' dir='ltr'><strong>in</strong></span> <span class='ocrx_word' id='word_1_441' title='bbox 1100 5404 1271 5460; x_wconf 88' lang='lat' dir='ltr'><strong>fronte</strong></span> <span class='ocrx_word' id='word_1_442' title='bbox 1306 5423 1539 5481; x_wconf 88' lang='lat' dir='ltr'><strong>gestans,</strong></span> <span class='ocrx_word' id='word_1_443' title='bbox 1573 5433 1638 5472; x_wconf 86' lang='lat' dir='ltr'><strong>eo</strong></span> <span class='ocrx_word' id='word_1_444' title='bbox 1667 5426 1806 5491; x_wconf 88' lang='lat' dir='ltr'><strong>quod</strong></span> <span class='ocrx_word' id='word_1_445' title='bbox 1849 5432 2100 5489; x_wconf 88' lang='lat' dir='ltr'><strong>sacerdo-</strong></span> 
     </span>
    </p>
   </div>
   <div class='ocr_carea' id='block_1_58' title="bbox 582 5575 2099 5689">
    <p class='ocr_par' dir='ltr' id='par_1_58' title="bbox 582 5575 2099 5689">
     <span class='ocr_line' id='line_1_58' title="bbox 582 5575 2099 5689; baseline 0.026 -67"><span class='ocrx_word' id='word_1_446' title='bbox 582 5575 614 5683; x_wconf 59' lang='lat' dir='ltr'><strong>‘l</strong></span> <span class='ocrx_word' id='word_1_447' title='bbox 635 5583 795 5637; x_wconf 86' lang='lat' dir='ltr'><strong>Unus,</strong></span> <span class='ocrx_word' id='word_1_448' title='bbox 972 5581 1048 5641; x_wconf 77' lang='lat' dir='ltr'><strong>fas</strong></span> <span class='ocrx_word' id='word_1_449' title='bbox 1083 5581 1386 5636; x_wconf 80' lang='lat' dir='ltr'><strong>subvertitur.</strong></span> <span class='ocrx_word' id='word_1_450' title='bbox 1426 5595 1481 5638; x_wconf 85' lang='lat' dir='ltr'><strong>Et</strong></span> <span class='ocrx_word' id='word_1_451' title='bbox 1520 5592 1626 5643; x_wconf 77' lang='lat' dir='ltr'><strong>ride</strong></span> <span class='ocrx_word' id='word_1_452' title='bbox 1651 5598 1777 5660; x_wconf 79' lang='lat' dir='ltr'><strong>quid</strong></span> <span class='ocrx_word' id='word_1_453' title='bbox 1797 5598 1882 5664; x_wconf 78' lang='lat' dir='ltr'><strong>ﬁat</strong></span> <span class='ocrx_word' id='word_1_454' title='bbox 1904 5617 1921 5657; x_wconf 85' lang='lat'><strong>.&#39;</strong></span> <span class='ocrx_word' id='word_1_455' title='bbox 1947 5607 2099 5662; x_wconf 75' lang='lat' dir='ltr'><strong>cirum</strong></span> 
     </span>
     <span class='ocr_line' id='line_1_59' title="bbox 582 5651 892 5689; baseline 0.01 -5"><span class='ocrx_word' id='word_1_456' title='bbox 582 5658 594 5684; x_wconf 82' lang='lat' dir='ltr'><strong>t</strong></span> <span class='ocrx_word' id='word_1_457' title='bbox 618 5651 768 5689; x_wconf 67' lang='lat' dir='ltr'><strong>orem.</strong></span> <span class='ocrx_word' id='word_1_458' title='bbox 796 5654 825 5687; x_wconf 86' lang='lat' dir='ltr'><strong>e</strong></span> <span class='ocrx_word' id='word_1_459' title='bbox 881 5677 892 5687; x_wconf 92' lang='lat'><strong>.</strong></span> 
     </span>
    </p>
   </div>
   <div class='ocr_carea' id='block_1_59' title="bbox 519 5650 892 5692">
    <p class='ocr_par' dir='ltr' id='par_1_59' title="bbox 519 5650 892 5692">
     <span class='ocr_line' id='line_1_60' title="bbox 519 5650 892 5692; baseline 0.011 -9"><span class='ocrx_word' id='word_1_460' title='bbox 519 5650 768 5692; x_wconf 69' lang='lat' dir='ltr'><strong>amtorem.</strong></span> <span class='ocrx_word' id='word_1_461' title='bbox 796 5650 892 5689; x_wconf 87' lang='lat' dir='ltr'><strong>etc.</strong></span> 
     </span>
    </p>
   </div>
   <div class='ocr_carea' id='block_1_60' title="bbox 587 5691 1667 5775">
    <p class='ocr_par' dir='ltr' id='par_1_60' title="bbox 587 5691 1667 5775">
     <span class='ocr_line' id='line_1_61' title="bbox 587 5691 1667 5775; baseline 0.025 -33"><span class='ocrx_word' id='word_1_462' title='bbox 587 5702 604 5727; x_wconf 79' lang='grc' dir='ltr'>ι</span> <span class='ocrx_word' id='word_1_463' title='bbox 629 5691 904 5763; x_wconf 26' lang='grc' dir='ltr'><strong>Τκεδίλιδδ..</strong></span> <span class='ocrx_word' id='word_1_464' title='bbox 933 5711 979 5752; x_wconf 79' lang='lat' dir='ltr'><strong>ut</strong></span> <span class='ocrx_word' id='word_1_465' title='bbox 1005 5707 1228 5772; x_wconf 76' lang='lat' dir='ltr'><strong>supplicii</strong></span> <span class='ocrx_word' id='word_1_466' title='bbox 1249 5716 1480 5774; x_wconf 73' lang='lat' dir='ltr'><strong>tropwmu</strong></span> <span class='ocrx_word' id='word_1_467' title='bbox 1502 5714 1667 5775; x_wconf 79' lang='lat' dir='ltr'><strong>ferret.</strong></span> 
     </span>
    </p>
   </div>
   <div class='ocr_carea' id='block_1_61' title="bbox 1891 5831 2037 5843">
    <p class='ocr_par' dir='ltr' id='par_1_61' title="bbox 1891 5831 2037 5843">
     <span class='ocr_line' id='line_1_62' title="bbox 1891 5831 2037 5843; baseline 0.014 -4"><span class='ocrx_word' id='word_1_468' title='bbox 1891 5831 2037 5843; x_wconf 55' lang='lat'><strong>~_.—_..</strong></span> 
     </span>
    </p>
   </div>
   <div class='ocr_carea' id='block_1_62' title="bbox 1320 259 3802 357">
    <p class='ocr_par' dir='ltr' id='par_1_62' title="bbox 1320 259 3802 357">
     <span class='ocr_line' id='line_1_63' title="bbox 1320 259 3802 357; baseline 0.012 -44"><span class='ocrx_word' id='word_1_469' title='bbox 1320 260 1377 313; x_wconf 85' lang='lat' dir='ltr'><strong>S.</strong></span> <span class='ocrx_word' id='word_1_470' title='bbox 1408 259 1685 323; x_wconf 61' lang='lat' dir='ltr'><strong>JDANNES</strong></span> <span class='ocrx_word' id='word_1_471' title='bbox 1725 260 2198 317; x_wconf 73' lang='lat' dir='ltr'><strong>CHRYSOSTOMI</strong></span> <span class='ocrx_word' id='word_1_472' title='bbox 2241 264 2554 322; x_wconf 75' lang='lat' dir='ltr'><strong>ARClllEP.</strong></span> <span class='ocrx_word' id='word_1_473' title='bbox 2595 270 3126 337; x_wconf 72' lang='lat' dir='ltr'><strong>CONSTA&#39;NTl-NOP.</strong></span> <span class='ocrx_word' id='word_1_474' title='bbox 3719 302 3802 357; x_wconf 64' lang='lat'><strong>133</strong></span> 
     </span>
    </p>
   </div>
   <div class='ocr_carea' id='block_1_63' title="bbox 2266 381 3799 477">
    <p class='ocr_par' dir='ltr' id='par_1_63' title="bbox 2266 381 3799 477">
     <span class='ocr_line' id='line_1_64' title="bbox 2266 381 3799 477; baseline 0.029 -44"><span class='ocrx_word' id='word_1_475' title='bbox 2266 381 2405 436; x_wconf 82' lang='lat' dir='ltr'><strong>tiuur</strong></span> <span class='ocrx_word' id='word_1_476' title='bbox 2435 383 2699 443; x_wconf 80' lang='lat' dir='ltr'><strong>alfecisset</strong></span> <span class='ocrx_word' id='word_1_477' title='bbox 2741 398 3076 453; x_wconf 78' lang='lat' dir='ltr'><strong>contumelia.</strong></span> <span class='ocrx_word' id='word_1_478' title='bbox 3113 401 3238 458; x_wconf 64' lang='lat' dir='ltr'><strong>Haec</strong></span> <span class='ocrx_word' id='word_1_479' title='bbox 3281 404 3479 477; x_wconf 77' lang='lat' dir='ltr'><strong>loquor,</strong></span> <span class='ocrx_word' id='word_1_480' title='bbox 3509 429 3606 470; x_wconf 89' lang='lat' dir='ltr'><strong>non</strong></span> <span class='ocrx_word' id='word_1_481' title='bbox 3639 420 3799 477; x_wconf 82' lang='lat' dir='ltr'><strong>inces-</strong></span> 
     </span>
    </p>
   </div>
   <div class='ocr_carea' id='block_1_64' title="bbox 2257 482 3791 580">
    <p class='ocr_par' dir='ltr' id='par_1_64' title="bbox 2257 482 3791 580">
     <span class='ocr_line' id='line_1_65' title="bbox 2257 482 3791 580; baseline 0.028 -54"><span class='ocrx_word' id='word_1_482' title='bbox 2257 486 2381 528; x_wconf 89' lang='lat' dir='ltr'><strong>sens</strong></span> <span class='ocrx_word' id='word_1_483' title='bbox 2407 491 2578 544; x_wconf 81' lang='lat' dir='ltr'><strong>reges,</strong></span> <span class='ocrx_word' id='word_1_484' title='bbox 2603 482 2696 536; x_wconf 90' lang='lat' dir='ltr'><strong>sed</strong></span> <span class='ocrx_word' id='word_1_485' title='bbox 2727 499 2818 540; x_wconf 88' lang='lat' dir='ltr'><strong>eos</strong></span> <span class='ocrx_word' id='word_1_486' title='bbox 2859 490 2946 557; x_wconf 89' lang='lat' dir='ltr'><strong>qui</strong></span> <span class='ocrx_word' id='word_1_487' title='bbox 2976 495 3276 562; x_wconf 82' lang='lat' dir='ltr'><strong>arrogantia</strong></span> <span class='ocrx_word' id='word_1_488' title='bbox 3309 499 3484 572; x_wconf 86' lang='lat' dir='ltr'><strong>iraque</strong></span> <span class='ocrx_word' id='word_1_489' title='bbox 3508 521 3623 565; x_wconf 89' lang='lat' dir='ltr'><strong>sunt</strong></span> <span class='ocrx_word' id='word_1_490' title='bbox 3657 515 3791 580; x_wconf 89' lang='lat' dir='ltr'><strong>ebrii,</strong></span> 
     </span>
    </p>
   </div>
   <div class='ocr_carea' id='block_1_65' title="bbox 2258 567 3581 662">
    <p class='ocr_par' dir='ltr' id='par_1_65' title="bbox 2258 567 3581 662">
     <span class='ocr_line' id='line_1_66' title="bbox 2258 567 3581 662; baseline 0.026 -42"><span class='ocrx_word' id='word_1_491' title='bbox 2258 575 2313 620; x_wconf 93' lang='lat' dir='ltr'><strong>ut</strong></span> <span class='ocrx_word' id='word_1_492' title='bbox 2339 567 2640 642; x_wconf 76' lang='lat' dir='ltr'><strong>intelligetis</strong></span> <span class='ocrx_word' id='word_1_493' title='bbox 2672 578 3029 637; x_wconf 82' lang='lat' dir='ltr'><strong>sacerdotium</strong></span> <span class='ocrx_word' id='word_1_494' title='bbox 3061 601 3226 656; x_wconf 79' lang='lat' dir='ltr'><strong>regno</strong></span> <span class='ocrx_word' id='word_1_495' title='bbox 3257 567 3420 662; x_wconf 79' lang='lat' dir='ltr'><strong>majus</strong></span> <span class='ocrx_word' id='word_1_496' title='bbox 3448 612 3581 655; x_wconf 89' lang='lat' dir='ltr'><strong>esse.</strong></span> 
     </span>
    </p>
   </div>
   <div class='ocr_carea' id='block_1_66' title="bbox 2325 657 3794 761">
    <p class='ocr_par' dir='ltr' id='par_1_66' title="bbox 2325 657 3794 761">
     <span class='ocr_line' id='line_1_67' title="bbox 2325 657 3794 761; baseline 0.025 -50"><span class='ocrx_word' id='word_1_497' title='bbox 2325 657 2377 711; x_wconf 87' lang='lat'><strong>6.</strong></span> <span class='ocrx_word' id='word_1_498' title='bbox 2418 659 2640 730; x_wconf 84' lang='lat' dir='ltr'><strong>Semper</strong></span> <span class='ocrx_word' id='word_1_499' title='bbox 2666 666 2808 720; x_wconf 82' lang='lat' dir='ltr'><strong>enim</strong></span> <span class='ocrx_word' id='word_1_500' title='bbox 2848 669 3004 737; x_wconf 88' lang='lat' dir='ltr'><strong>Deus,</strong></span> <span class='ocrx_word' id='word_1_501' title='bbox 3051 676 3133 731; x_wconf 89' lang='lat' dir='ltr'><strong>ubi</strong></span> <span class='ocrx_word' id='word_1_502' title='bbox 3177 657 3412 747; x_wconf 76' lang='lat' dir='ltr'><strong>peccavit</strong></span> <span class='ocrx_word' id='word_1_503' title='bbox 3451 688 3636 755; x_wconf 87' lang='lat' dir='ltr'><strong>anima,</strong></span> <span class='ocrx_word' id='word_1_504' title='bbox 3670 697 3794 761; x_wconf 80' lang='lat' dir='ltr'><strong>pttltil</strong></span> 
     </span>
    </p>
   </div>
   <div class='ocr_carea' id='block_1_67' title="bbox 2253 753 3798 851">
    <p class='ocr_par' dir='ltr' id='par_1_67' title="bbox 2253 753 3798 851">
     <span class='ocr_line' id='line_1_68' title="bbox 2253 753 3798 851; baseline 0.026 -47"><span class='ocrx_word' id='word_1_505' title='bbox 2253 765 2466 820; x_wconf 68' lang='lat' dir='ltr'><strong>cvrpus.</strong></span> <span class='ocrx_word' id='word_1_506' title='bbox 2511 753 2695 811; x_wconf 88' lang='lat' dir='ltr'><strong>ltidem</strong></span> <span class='ocrx_word' id='word_1_507' title='bbox 2738 759 2860 817; x_wconf 81' lang='lat' dir='ltr'><strong>fecit</strong></span> <span class='ocrx_word' id='word_1_508' title='bbox 2896 774 2948 819; x_wconf 91' lang='lat' dir='ltr'><strong>et</strong></span> <span class='ocrx_word' id='word_1_509' title='bbox 2997 768 3048 823; x_wconf 90' lang='lat' dir='ltr'><strong>in</strong></span> <span class='ocrx_word' id='word_1_510' title='bbox 3091 771 3244 829; x_wconf 91' lang='lat' dir='ltr'><strong>Cain.</strong></span> <span class='ocrx_word' id='word_1_511' title='bbox 3291 777 3476 834; x_wconf 82' lang='lat' dir='ltr'><strong>Anima</strong></span> <span class='ocrx_word' id='word_1_512' title='bbox 3519 797 3798 851; x_wconf 75' lang='lat' dir='ltr'><strong>pet-caverat</strong></span> 
     </span>
    </p>
   </div>
   <div class='ocr_carea' id='block_1_68' title="bbox 2251 843 3800 943">
    <p class='ocr_par' dir='ltr' id='par_1_68' title="bbox 2251 843 3800 943">
     <span class='ocr_line' id='line_1_69' title="bbox 2251 843 3800 943; baseline 0.025 -49"><span class='ocrx_word' id='word_1_513' title='bbox 2251 843 2486 899; x_wconf 91' lang='lat' dir='ltr'><strong>admisso</strong></span> <span class='ocrx_word' id='word_1_514' title='bbox 2515 849 2821 916; x_wconf 87' lang='lat' dir='ltr'><strong>parricidio,</strong></span> <span class='ocrx_word' id='word_1_515' title='bbox 2868 866 2920 911; x_wconf 90' lang='lat' dir='ltr'><strong>et</strong></span> <span class='ocrx_word' id='word_1_516' title='bbox 2959 873 3153 930; x_wconf 78' lang='lat' dir='ltr'><strong>corpus</strong></span> <span class='ocrx_word' id='word_1_517' title='bbox 3195 864 3332 920; x_wconf 90' lang='lat' dir='ltr'><strong>illius</strong></span> <span class='ocrx_word' id='word_1_518' title='bbox 3375 843 3594 943; x_wconf 67' lang='lat' dir='ltr'><strong>paralysi</strong></span> <span class='ocrx_word' id='word_1_519' title='bbox 3625 885 3800 932; x_wconf 86' lang='lat' dir='ltr'><strong>tactum</strong></span> 
     </span>
    </p>
   </div>
   <div class='ocr_carea' id='block_1_69' title="bbox 2250 939 3801 1023">
    <p class='ocr_par' dir='ltr' id='par_1_69' title="bbox 2250 939 3801 1023">
     <span class='ocr_line' id='line_1_70' title="bbox 2250 939 3801 1023; baseline 0.023 -35"><span class='ocrx_word' id='word_1_520' title='bbox 2250 947 2332 990; x_wconf 88' lang='lat' dir='ltr'><strong>est</strong></span> <span class='ocrx_word' id='word_1_521' title='bbox 2356 956 2368 990; x_wconf 91' lang='lat'><strong>:</strong></span> <span class='ocrx_word' id='word_1_522' title='bbox 2401 939 2558 1010; x_wconf 90' lang='lat' dir='ltr'><strong>idque</strong></span> <span class='ocrx_word' id='word_1_523' title='bbox 2596 943 2716 1012; x_wconf 87' lang='lat' dir='ltr'><strong>jure</strong></span> <span class='ocrx_word' id='word_1_524' title='bbox 2743 951 2961 1018; x_wconf 87' lang='lat' dir='ltr'><strong>optimo.</strong></span> <span class='ocrx_word' id='word_1_525' title='bbox 2991 951 3384 1017; x_wconf 83' lang='lat' dir='ltr'><strong>Quamobrem?</strong></span> <span class='ocrx_word' id='word_1_526' title='bbox 3409 939 3615 1020; x_wconf 70' lang='lat' dir='ltr'><strong>Gentem</strong></span> <span class='ocrx_word' id='word_1_527' title='bbox 3636 982 3692 1021; x_wconf 82' lang='lat' dir='ltr'><strong>ac</strong></span> <span class='ocrx_word' id='word_1_528' title='bbox 3715 979 3801 1023; x_wconf 82' lang='lat' dir='ltr'><strong>tre-</strong></span> 
     </span>
    </p>
   </div>
   <div class='ocr_carea' id='block_1_70' title="bbox 2250 1034 3802 1116">
    <p class='ocr_par' dir='ltr' id='par_1_70' title="bbox 2250 1034 3802 1116">
     <span class='ocr_line' id='line_1_71' title="bbox 2250 1034 3802 1116; baseline 0.024 -39"><span class='ocrx_word' id='word_1_529' title='bbox 2250 1043 2388 1082; x_wconf 73' lang='lat' dir='ltr'><strong>mens</strong></span> <span class='ocrx_word' id='word_1_530' title='bbox 2417 1034 2516 1086; x_wconf 75' lang='lat' dir='ltr'><strong>eris</strong></span> <span class='ocrx_word' id='word_1_531' title='bbox 2552 1052 2704 1106; x_wconf 79' lang='lat' dir='ltr'><strong>super</strong></span> <span class='ocrx_word' id='word_1_532' title='bbox 2735 1050 2920 1094; x_wconf 89' lang='lat' dir='ltr'><strong>terram</strong></span> <span class='ocrx_word' id='word_1_533' title='bbox 2964 1042 3112 1113; x_wconf 77' lang='lat' dir='ltr'><strong>(Cen.</strong></span> <span class='ocrx_word' id='word_1_534' title='bbox 3145 1046 3196 1100; x_wconf 68' lang='grc' dir='ltr'><strong>Δ.</strong></span> <span class='ocrx_word' id='word_1_535' title='bbox 3247 1049 3358 1108; x_wconf 71' lang='lat' dir='ltr'><strong>l2).</strong></span> <span class='ocrx_word' id='word_1_536' title='bbox 3407 1051 3470 1106; x_wconf 83' lang='lat' dir='ltr'><strong>Et</strong></span> <span class='ocrx_word' id='word_1_537' title='bbox 3512 1055 3802 1116; x_wconf 87' lang='lat' dir='ltr'><strong>circumibat</strong></span> 
     </span>
    </p>
   </div>
   <div class='ocr_carea' id='block_1_71' title="bbox 2248 1116 3802 1215">
    <p class='ocr_par' dir='ltr' id='par_1_71' title="bbox 2248 1116 3802 1215">
     <span class='ocr_line' id='line_1_72' title="bbox 2248 1116 3802 1215; baseline 0.022 -44"><span class='ocrx_word' id='word_1_538' title='bbox 2248 1116 2398 1184; x_wconf 70' lang='lat' dir='ltr'><strong>Cain,</strong></span> <span class='ocrx_word' id='word_1_539' title='bbox 2427 1126 2673 1181; x_wconf 91' lang='lat' dir='ltr'><strong>omnibus</strong></span> <span class='ocrx_word' id='word_1_540' title='bbox 2705 1128 2946 1199; x_wconf 87' lang='lat' dir='ltr'><strong>loquens.</strong></span> <span class='ocrx_word' id='word_1_541' title='bbox 2988 1136 3202 1191; x_wconf 82' lang='lat' dir='ltr'><strong>silentio</strong></span> <span class='ocrx_word' id='word_1_542' title='bbox 3232 1155 3414 1196; x_wconf 84' lang='lat' dir='ltr'><strong>vocem</strong></span> <span class='ocrx_word' id='word_1_543' title='bbox 3445 1144 3626 1215; x_wconf 89' lang='lat' dir='ltr'><strong>edens,</strong></span> <span class='ocrx_word' id='word_1_544' title='bbox 3655 1150 3802 1204; x_wconf 87' lang='lat' dir='ltr'><strong>silen-</strong></span> 
     </span>
    </p>
   </div>
   <div class='ocr_carea' id='block_1_72' title="bbox 2249 1209 3800 1297">
    <p class='ocr_par' dir='ltr' id='par_1_72' title="bbox 2249 1209 3800 1297">
     <span class='ocr_line' id='line_1_73' title="bbox 2249 1209 3800 1297; baseline 0.023 -36"><span class='ocrx_word' id='word_1_545' title='bbox 2249 1209 2428 1280; x_wconf 89' lang='lat' dir='ltr'><strong>tioque</strong></span> <span class='ocrx_word' id='word_1_546' title='bbox 2466 1217 2733 1274; x_wconf 88' lang='lat' dir='ltr'><strong>erudiens.</strong></span> <span class='ocrx_word' id='word_1_547' title='bbox 2776 1221 2977 1292; x_wconf 86' lang='lat' dir='ltr'><strong>Lingua</strong></span> <span class='ocrx_word' id='word_1_548' title='bbox 3026 1229 3252 1294; x_wconf 82' lang='lat' dir='ltr'><strong>tacebat,</strong></span> <span class='ocrx_word' id='word_1_549' title='bbox 3284 1243 3338 1284; x_wconf 91' lang='lat' dir='ltr'><strong>et</strong></span> <span class='ocrx_word' id='word_1_550' title='bbox 3367 1245 3555 1290; x_wconf 73' lang='lat' dir='ltr'><strong>mulera</strong></span> <span class='ocrx_word' id='word_1_551' title='bbox 3587 1243 3800 1297; x_wconf 89' lang='lat' dir='ltr'><strong>membra</strong></span> 
     </span>
    </p>
   </div>
   <div class='ocr_carea' id='block_1_73' title="bbox 2245 1302 3802 1397">
    <p class='ocr_par' dir='ltr' id='par_1_73' title="bbox 2245 1302 3802 1397">
     <span class='ocr_line' id='line_1_74' title="bbox 2245 1302 3802 1397; baseline 0.023 -44"><span class='ocrx_word' id='word_1_552' title='bbox 2245 1302 2542 1361; x_wconf 87' lang='lat' dir='ltr'><strong>clamabant</strong></span> <span class='ocrx_word' id='word_1_553' title='bbox 2573 1313 2924 1384; x_wconf 88' lang='lat' dir='ltr'><strong>:cunctisque</strong></span> <span class='ocrx_word' id='word_1_554' title='bbox 2951 1320 3269 1386; x_wconf 74' lang='lat' dir='ltr'><strong>exponebat,</strong></span> <span class='ocrx_word' id='word_1_555' title='bbox 3299 1338 3396 1378; x_wconf 90' lang='lat' dir='ltr'><strong>cur</strong></span> <span class='ocrx_word' id='word_1_556' title='bbox 3432 1341 3678 1397; x_wconf 76' lang='lat' dir='ltr'><strong>gemeret,</strong></span> <span class='ocrx_word' id='word_1_557' title='bbox 3717 1350 3802 1389; x_wconf 90' lang='lat' dir='ltr'><strong>cur</strong></span> 
     </span>
    </p>
   </div>
   <div class='ocr_carea' id='block_1_74' title="bbox 2247 1400 3802 1492">
    <p class='ocr_par' dir='ltr' id='par_1_74' title="bbox 2247 1400 3802 1492">
     <span class='ocr_line' id='line_1_75' title="bbox 2247 1400 3802 1492; baseline 0.023 -46"><span class='ocrx_word' id='word_1_558' title='bbox 2247 1402 2494 1452; x_wconf 86' lang='lat' dir='ltr'><strong>trettteret</strong></span> <span class='ocrx_word' id='word_1_559' title='bbox 2526 1416 2541 1453; x_wconf 93' lang='lat'><strong>:</strong></span> <span class='ocrx_word' id='word_1_560' title='bbox 2571 1400 2811 1458; x_wconf 84' lang='lat' dir='ltr'><strong>Fratrem</strong></span> <span class='ocrx_word' id='word_1_561' title='bbox 2836 1409 3026 1474; x_wconf 88' lang='lat' dir='ltr'><strong>occidi,</strong></span> <span class='ocrx_word' id='word_1_562' title='bbox 3058 1414 3394 1481; x_wconf 71' lang='lat' dir='ltr'><strong>parricidium</strong></span> <span class='ocrx_word' id='word_1_563' title='bbox 3435 1419 3637 1476; x_wconf 88' lang='lat' dir='ltr'><strong>admisi.</strong></span> <span class='ocrx_word' id='word_1_564' title='bbox 3667 1425 3802 1492; x_wconf 90' lang='lat' dir='ltr'><strong>Quod</strong></span> 
     </span>
    </p>
   </div>
   <div class='ocr_carea' id='block_1_75' title="bbox 2245 1488 3803 1578">
    <p class='ocr_par' dir='ltr' id='par_1_75' title="bbox 2245 1488 3803 1578">
     <span class='ocr_line' id='line_1_76' title="bbox 2245 1488 3803 1578; baseline 0.022 -42"><span class='ocrx_word' id='word_1_565' title='bbox 2245 1496 2428 1553; x_wconf 87' lang='lat' dir='ltr'><strong>postea</strong></span> <span class='ocrx_word' id='word_1_566' title='bbox 2453 1488 2661 1560; x_wconf 79' lang='lat' dir='ltr'><strong>Moyses</strong></span> <span class='ocrx_word' id='word_1_567' title='bbox 2688 1495 2888 1564; x_wconf 87' lang='lat' dir='ltr'><strong>scripto</strong></span> <span class='ocrx_word' id='word_1_568' title='bbox 2915 1504 3160 1564; x_wconf 83' lang='lat' dir='ltr'><strong>narravit,</strong></span> <span class='ocrx_word' id='word_1_569' title='bbox 3201 1505 3290 1561; x_wconf 87' lang='lat' dir='ltr'><strong>ille</strong></span> <span class='ocrx_word' id='word_1_570' title='bbox 3316 1508 3476 1563; x_wconf 86' lang='lat' dir='ltr'><strong>rebus</strong></span> <span class='ocrx_word' id='word_1_571' title='bbox 3504 1511 3625 1578; x_wconf 65' lang='lat' dir='ltr'><strong>ipsis</strong></span> <span class='ocrx_word' id='word_1_572' title='bbox 3651 1517 3803 1570; x_wconf 87' lang='lat' dir='ltr'><strong>omni-</strong></span> 
     </span>
    </p>
   </div>
   <div class='ocr_carea' id='block_1_76' title="bbox 2241 1573 3801 1670">
    <p class='ocr_par' dir='ltr' id='par_1_76' title="bbox 2241 1573 3801 1670">
     <span class='ocr_line' id='line_1_77' title="bbox 2241 1573 3801 1670; baseline 0.022 -43"><span class='ocrx_word' id='word_1_573' title='bbox 2241 1573 2341 1630; x_wconf 87' lang='lat' dir='ltr'><strong>bus</strong></span> <span class='ocrx_word' id='word_1_574' title='bbox 2369 1578 2593 1648; x_wconf 89' lang='lat' dir='ltr'><strong>loquens</strong></span> <span class='ocrx_word' id='word_1_575' title='bbox 2629 1585 3000 1645; x_wconf 84' lang='lat' dir='ltr'><strong>obambulabat</strong></span> <span class='ocrx_word' id='word_1_576' title='bbox 3040 1609 3056 1647; x_wconf 90' lang='lat'><strong>:</strong></span> <span class='ocrx_word' id='word_1_577' title='bbox 3105 1593 3226 1649; x_wconf 86' lang='lat' dir='ltr'><strong>Non</strong></span> <span class='ocrx_word' id='word_1_578' title='bbox 3263 1599 3458 1653; x_wconf 80' lang='lat' dir='ltr'><strong>occides</strong></span> <span class='ocrx_word' id='word_1_579' title='bbox 3493 1573 3679 1670; x_wconf 55' lang='lat' dir='ltr'><strong>(Exod.</strong></span> <span class='ocrx_word' id='word_1_580' title='bbox 3717 1607 3801 1663; x_wconf 70' lang='lat'><strong>20.</strong></span> 
     </span>
    </p>
   </div>
   <div class='ocr_carea' id='block_1_77' title="bbox 2243 1666 3796 1751">
    <p class='ocr_par' dir='ltr' id='par_1_77' title="bbox 2243 1666 3796 1751">
     <span class='ocr_line' id='line_1_78' title="bbox 2243 1666 3796 1751; baseline 0.021 -33"><span class='ocrx_word' id='word_1_581' title='bbox 2243 1666 2355 1736; x_wconf 77' lang='lat' dir='ltr'><strong>l3).</strong></span> <span class='ocrx_word' id='word_1_582' title='bbox 2386 1668 2572 1726; x_wconf 88' lang='lat' dir='ltr'><strong>Vidisti</strong></span> <span class='ocrx_word' id='word_1_583' title='bbox 2603 1688 2664 1730; x_wconf 90' lang='lat' dir='ltr'><strong>os</strong></span> <span class='ocrx_word' id='word_1_584' title='bbox 2700 1676 2884 1742; x_wconf 89' lang='lat' dir='ltr'><strong>silens,</strong></span> <span class='ocrx_word' id='word_1_585' title='bbox 2929 1690 2982 1735; x_wconf 90' lang='lat' dir='ltr'><strong>et</strong></span> <span class='ocrx_word' id='word_1_586' title='bbox 3019 1698 3132 1737; x_wconf 89' lang='lat' dir='ltr'><strong>rem</strong></span> <span class='ocrx_word' id='word_1_587' title='bbox 3179 1666 3604 1748; x_wconf 77' lang='lat' dir='ltr'><strong>vociferantem?</strong></span> <span class='ocrx_word' id='word_1_588' title='bbox 3643 1695 3796 1751; x_wconf 74' lang='lat' dir='ltr'><strong>vidist’</strong></span> 
     </span>
    </p>
   </div>
   <div class='ocr_carea' id='block_1_78' title="bbox 2240 1757 3798 1846">
    <p class='ocr_par' dir='ltr' id='par_1_78' title="bbox 2240 1757 3798 1846">
     <span class='ocr_line' id='line_1_79' title="bbox 2240 1757 3798 1846; baseline 0.019 -36"><span class='ocrx_word' id='word_1_589' title='bbox 2240 1757 2410 1828; x_wconf 84' lang='lat' dir='ltr'><strong>h-gem</strong></span> <span class='ocrx_word' id='word_1_590' title='bbox 2455 1763 2628 1820; x_wconf 89' lang='lat' dir='ltr'><strong>vivam</strong></span> <span class='ocrx_word' id='word_1_591' title='bbox 2672 1767 2838 1823; x_wconf 84' lang='lat' dir='ltr'><strong>ferri?</strong></span> <span class='ocrx_word' id='word_1_592' title='bbox 2880 1773 3057 1829; x_wconf 88' lang='lat' dir='ltr'><strong>vidisti</strong></span> <span class='ocrx_word' id='word_1_593' title='bbox 3100 1777 3310 1846; x_wconf 88' lang='lat' dir='ltr'><strong>cippum</strong></span> <span class='ocrx_word' id='word_1_594' title='bbox 3358 1783 3798 1844; x_wconf 70' lang='lat' dir='ltr'><strong>obambulantem?</strong></span> 
     </span>
    </p>
   </div>
   <div class='ocr_carea' id='block_1_79' title="bbox 2241 1851 3799 1947">
    <p class='ocr_par' dir='ltr' id='par_1_79' title="bbox 2241 1851 3799 1947">
     <span class='ocr_line' id='line_1_80' title="bbox 2241 1851 3799 1947; baseline 0.02 -43"><span class='ocrx_word' id='word_1_595' title='bbox 2241 1851 2417 1907; x_wconf 87' lang='lat' dir='ltr'><strong>vidisti</strong></span> <span class='ocrx_word' id='word_1_596' title='bbox 2466 1855 2750 1913; x_wconf 83' lang='lat' dir='ltr'><strong>vindictam</strong></span> <span class='ocrx_word' id='word_1_597' title='bbox 2799 1862 3030 1920; x_wconf 89' lang='lat' dir='ltr'><strong>vindicta</strong></span> <span class='ocrx_word' id='word_1_598' title='bbox 3081 1868 3231 1922; x_wconf 85' lang='lat' dir='ltr'><strong>tolli?</strong></span> <span class='ocrx_word' id='word_1_599' title='bbox 3279 1873 3455 1928; x_wconf 85' lang='lat' dir='ltr'><strong>vidisti</strong></span> <span class='ocrx_word' id='word_1_600' title='bbox 3505 1880 3799 1947; x_wconf 82' lang='lat' dir='ltr'><strong>supplicium</strong></span> 
     </span>
    </p>
   </div>
   <div class='ocr_carea' id='block_1_80' title="bbox 2239 1948 3797 2040">
    <p class='ocr_par' dir='ltr' id='par_1_80' title="bbox 2239 1948 3797 2040">
     <span class='ocr_line' id='line_1_81' title="bbox 2239 1948 3797 2040; baseline 0.021 -44"><span class='ocrx_word' id='word_1_601' title='bbox 2239 1959 2451 2001; x_wconf 90' lang='lat' dir='ltr'><strong>versum</strong></span> <span class='ocrx_word' id='word_1_602' title='bbox 2480 1948 2536 2003; x_wconf 92' lang='lat' dir='ltr'><strong>in</strong></span> <span class='ocrx_word' id='word_1_603' title='bbox 2561 1952 2878 2010; x_wconf 89' lang='lat' dir='ltr'><strong>eruditionis</strong></span> <span class='ocrx_word' id='word_1_604' title='bbox 2923 1962 3239 2018; x_wconf 81' lang='lat' dir='ltr'><strong>materiam?</strong></span> <span class='ocrx_word' id='word_1_605' title='bbox 3285 1967 3467 2025; x_wconf 89' lang='lat' dir='ltr'><strong>vidisti</strong></span> <span class='ocrx_word' id='word_1_606' title='bbox 3516 1984 3797 2040; x_wconf 78' lang='lat' dir='ltr'><strong>peccantem</strong></span> 
     </span>
    </p>
   </div>
   <div class='ocr_carea' id='block_1_81' title="bbox 2237 2035 3801 2129">
    <p class='ocr_par' dir='ltr' id='par_1_81' title="bbox 2237 2035 3801 2129">
     <span class='ocr_line' id='line_1_82' title="bbox 2237 2035 3801 2129; baseline 0.022 -43"><span class='ocrx_word' id='word_1_607' title='bbox 2237 2035 2490 2103; x_wconf 88' lang='lat' dir='ltr'><strong>animam,</strong></span> <span class='ocrx_word' id='word_1_608' title='bbox 2520 2049 2574 2094; x_wconf 87' lang='lat' dir='ltr'><strong>et</strong></span> <span class='ocrx_word' id='word_1_609' title='bbox 2595 2055 2809 2098; x_wconf 90' lang='lat' dir='ltr'><strong>carnem</strong></span> <span class='ocrx_word' id='word_1_610' title='bbox 2843 2047 3056 2104; x_wconf 66' lang='lat' dir='ltr'><strong>dantem</strong></span> <span class='ocrx_word' id='word_1_611' title='bbox 3095 2057 3318 2121; x_wconf 78' lang='lat' dir='ltr'><strong>ptenas?</strong></span> <span class='ocrx_word' id='word_1_612' title='bbox 3346 2035 3801 2129; x_wconf 49' lang='lat' dir='ltr'><strong>quue-admodum</strong></span> 
     </span>
    </p>
   </div>
   <div class='ocr_carea' id='block_1_82' title="bbox 2235 2134 3803 2226">
    <p class='ocr_par' dir='ltr' id='par_1_82' title="bbox 2235 2134 3803 2226">
     <span class='ocr_line' id='line_1_83' title="bbox 2235 2134 3803 2226; baseline 0.022 -46"><span class='ocrx_word' id='word_1_613' title='bbox 2235 2139 2609 2198; x_wconf 84' lang='lat' dir='ltr'><strong>congruenter.</strong></span> <span class='ocrx_word' id='word_1_614' title='bbox 2643 2134 2786 2190; x_wconf 86' lang='lat' dir='ltr'><strong>Idem</strong></span> <span class='ocrx_word' id='word_1_615' title='bbox 2815 2139 3008 2196; x_wconf 82' lang='lat' dir='ltr'><strong>accidit</strong></span> <span class='ocrx_word' id='word_1_616' title='bbox 3055 2144 3105 2198; x_wconf 94' lang='lat' dir='ltr'><strong>in</strong></span> <span class='ocrx_word' id='word_1_617' title='bbox 3135 2145 3389 2204; x_wconf 78' lang='lat' dir='ltr'><strong>Zacharia</strong></span> <span class='ocrx_word' id='word_1_618' title='bbox 3431 2169 3446 2205; x_wconf 94' lang='lat'><strong>:</strong></span> <span class='ocrx_word' id='word_1_619' title='bbox 3487 2157 3658 2210; x_wconf 83' lang='lat' dir='ltr'><strong>anima</strong></span> <span class='ocrx_word' id='word_1_620' title='bbox 3697 2174 3803 2226; x_wconf 87' lang='lat' dir='ltr'><strong>pec-</strong></span> 
     </span>
    </p>
   </div>
   <div class='ocr_carea' id='block_1_83' title="bbox 2235 2223 3801 2305">
    <p class='ocr_par' dir='ltr' id='par_1_83' title="bbox 2235 2223 3801 2305">
     <span class='ocr_line' id='line_1_84' title="bbox 2235 2223 3801 2305; baseline 0.022 -35"><span class='ocrx_word' id='word_1_621' title='bbox 2235 2229 2403 2287; x_wconf 88' lang='lat' dir='ltr'><strong>carat,</strong></span> <span class='ocrx_word' id='word_1_622' title='bbox 2426 2223 2673 2298; x_wconf 85' lang='lat' dir='ltr'><strong>etlingua</strong></span> <span class='ocrx_word' id='word_1_623' title='bbox 2694 2229 2870 2285; x_wconf 82' lang='lat' dir='ltr'><strong>vincta</strong></span> <span class='ocrx_word' id='word_1_624' title='bbox 2893 2245 2994 2287; x_wconf 90' lang='lat' dir='ltr'><strong>est.</strong></span> <span class='ocrx_word' id='word_1_625' title='bbox 3019 2234 3150 2291; x_wconf 84' lang='lat' dir='ltr'><strong>Nam</strong></span> <span class='ocrx_word' id='word_1_626' title='bbox 3182 2255 3303 2295; x_wconf 89' lang='lat' dir='ltr'><strong>cum</strong></span> <span class='ocrx_word' id='word_1_627' title='bbox 3336 2243 3531 2301; x_wconf 89' lang='lat' dir='ltr'><strong>inutile</strong></span> <span class='ocrx_word' id='word_1_628' title='bbox 3560 2223 3801 2305; x_wconf 82' lang='lat' dir='ltr'><strong>redditum</strong></span> 
     </span>
    </p>
   </div>
   <div class='ocr_carea' id='block_1_84' title="bbox 2233 2319 3802 2401">
    <p class='ocr_par' dir='ltr' id='par_1_84' title="bbox 2233 2319 3802 2401">
     <span class='ocr_line' id='line_1_85' title="bbox 2233 2319 3802 2401; baseline 0.022 -39"><span class='ocrx_word' id='word_1_629' title='bbox 2233 2319 2376 2366; x_wconf 91' lang='lat' dir='ltr'><strong>esset</strong></span> <span class='ocrx_word' id='word_1_630' title='bbox 2403 2327 2658 2383; x_wconf 81' lang='lat' dir='ltr'><strong>organum</strong></span> <span class='ocrx_word' id='word_1_631' title='bbox 2688 2319 2898 2390; x_wconf 68' lang='lat' dir='ltr'><strong>linguae,</strong></span> <span class='ocrx_word' id='word_1_632' title='bbox 2943 2325 3030 2382; x_wconf 89' lang='lat' dir='ltr'><strong>ille</strong></span> <span class='ocrx_word' id='word_1_633' title='bbox 3058 2329 3144 2398; x_wconf 90' lang='lat' dir='ltr'><strong>qui</strong></span> <span class='ocrx_word' id='word_1_634' title='bbox 3174 2335 3356 2401; x_wconf 80' lang='lat' dir='ltr'><strong>genuit</strong></span> <span class='ocrx_word' id='word_1_635' title='bbox 3401 2353 3586 2394; x_wconf 87' lang='lat' dir='ltr'><strong>vocem</strong></span> <span class='ocrx_word' id='word_1_636' title='bbox 3615 2341 3802 2396; x_wconf 81' lang='lat' dir='ltr'><strong>Zacha-</strong></span> 
     </span>
    </p>
   </div>
   <div class='ocr_carea' id='block_1_85' title="bbox 2233 2399 3802 2505">
    <p class='ocr_par' dir='ltr' id='par_1_85' title="bbox 2233 2399 3802 2505">
     <span class='ocr_line' id='line_1_86' title="bbox 2233 2399 3802 2505; baseline 0.024 -53"><span class='ocrx_word' id='word_1_637' title='bbox 2233 2399 2346 2455; x_wconf 86' lang='lat' dir='ltr'><strong>rias</strong></span> <span class='ocrx_word' id='word_1_638' title='bbox 2369 2405 2585 2470; x_wconf 85' lang='lat' dir='ltr'><strong>punitus</strong></span> <span class='ocrx_word' id='word_1_639' title='bbox 2607 2418 2688 2464; x_wconf 84' lang='lat' dir='ltr'><strong>est</strong></span> <span class='ocrx_word' id='word_1_640' title='bbox 2716 2410 2874 2482; x_wconf 76' lang='lat' dir='ltr'><strong>(Lar.</strong></span> <span class='ocrx_word' id='word_1_641' title='bbox 2899 2415 2959 2486; x_wconf 75' lang='lat'><strong>9.)</strong></span> <span class='ocrx_word' id='word_1_642' title='bbox 2992 2435 3005 2470; x_wconf 92' lang='lat'><strong>:</strong></span> <span class='ocrx_word' id='word_1_643' title='bbox 3037 2420 3114 2474; x_wconf 88' lang='lat' dir='ltr'><strong>sie</strong></span> <span class='ocrx_word' id='word_1_644' title='bbox 3140 2399 3389 2481; x_wconf 82' lang='lat' dir='ltr'><strong>nimirum</strong></span> <span class='ocrx_word' id='word_1_645' title='bbox 3423 2436 3478 2484; x_wconf 91' lang='lat' dir='ltr'><strong>et</strong></span> <span class='ocrx_word' id='word_1_646' title='bbox 3501 2431 3650 2487; x_wconf 89' lang='lat' dir='ltr'><strong>Ozias</strong></span> <span class='ocrx_word' id='word_1_647' title='bbox 3673 2435 3802 2505; x_wconf 77' lang='lat' dir='ltr'><strong>lepra</strong></span> 
     </span>
    </p>
   </div>
   <div class='ocr_carea' id='block_1_86' title="bbox 2231 2491 3799 2585">
    <p class='ocr_par' dir='ltr' id='par_1_86' title="bbox 2231 2491 3799 2585">
     <span class='ocr_line' id='line_1_87' title="bbox 2231 2491 3799 2585; baseline 0.024 -41"><span class='ocrx_word' id='word_1_648' title='bbox 2231 2491 2285 2545; x_wconf 87' lang='lat' dir='ltr'><strong>in</strong></span> <span class='ocrx_word' id='word_1_649' title='bbox 2317 2491 2490 2550; x_wconf 88' lang='lat' dir='ltr'><strong>fronte</strong></span> <span class='ocrx_word' id='word_1_650' title='bbox 2515 2511 2791 2572; x_wconf 86' lang='lat' dir='ltr'><strong>correptus</strong></span> <span class='ocrx_word' id='word_1_651' title='bbox 2825 2515 2927 2572; x_wconf 90' lang='lat' dir='ltr'><strong>est,</strong></span> <span class='ocrx_word' id='word_1_652' title='bbox 2957 2523 3076 2564; x_wconf 93' lang='lat' dir='ltr'><strong>cum</strong></span> <span class='ocrx_word' id='word_1_653' title='bbox 3110 2528 3418 2585; x_wconf 84' lang='lat' dir='ltr'><strong>peccasset,</strong></span> <span class='ocrx_word' id='word_1_654' title='bbox 3451 2533 3506 2576; x_wconf 92' lang='lat' dir='ltr'><strong>ut</strong></span> <span class='ocrx_word' id='word_1_655' title='bbox 3535 2524 3617 2578; x_wconf 89' lang='lat' dir='ltr'><strong>ille</strong></span> <span class='ocrx_word' id='word_1_656' title='bbox 3641 2527 3799 2580; x_wconf 86' lang='lat' dir='ltr'><strong>erudi-</strong></span> 
     </span>
    </p>
   </div>
   <div class='ocr_carea' id='block_1_87' title="bbox 2231 2586 3797 2686">
    <p class='ocr_par' dir='ltr' id='par_1_87' title="bbox 2231 2586 3797 2686">
     <span class='ocr_line' id='line_1_88' title="bbox 2231 2586 3797 2686; baseline 0.024 -49"><span class='ocrx_word' id='word_1_657' title='bbox 2231 2594 2395 2640; x_wconf 88' lang='lat' dir='ltr'><strong>retur.</strong></span> <span class='ocrx_word' id='word_1_658' title='bbox 2428 2586 2496 2642; x_wconf 86' lang='lat' dir='ltr'><strong>Et</strong></span> <span class='ocrx_word' id='word_1_659' title='bbox 2523 2605 2772 2661; x_wconf 88' lang='lat' dir='ltr'><strong>egressus</strong></span> <span class='ocrx_word' id='word_1_660' title='bbox 2811 2606 2896 2653; x_wconf 89' lang='lat' dir='ltr'><strong>est</strong></span> <span class='ocrx_word' id='word_1_661' title='bbox 2936 2616 3050 2667; x_wconf 84' lang='lat' dir='ltr'><strong>rex,</strong></span> <span class='ocrx_word' id='word_1_662' title='bbox 3096 2607 3342 2663; x_wconf 90' lang='lat' dir='ltr'><strong>omnibus</strong></span> <span class='ocrx_word' id='word_1_663' title='bbox 3385 2615 3688 2686; x_wconf 72' lang='lat' dir='ltr'><strong>exemplum</strong></span> <span class='ocrx_word' id='word_1_664' title='bbox 3729 2617 3797 2671; x_wconf 78' lang='lat' dir='ltr'><strong>la-</strong></span> 
     </span>
    </p>
   </div>
   <div class='ocr_carea' id='block_1_88' title="bbox 2228 2687 3796 2771">
    <p class='ocr_par' dir='ltr' id='par_1_88' title="bbox 2228 2687 3796 2771">
     <span class='ocr_line' id='line_1_89' title="bbox 2228 2687 3796 2771; baseline 0.023 -42"><span class='ocrx_word' id='word_1_665' title='bbox 2228 2687 2371 2743; x_wconf 81' lang='lat' dir='ltr'><strong>ctus,</strong></span> <span class='ocrx_word' id='word_1_666' title='bbox 2390 2691 2772 2757; x_wconf 86' lang='lat' dir='ltr'><strong>purgatumque</strong></span> <span class='ocrx_word' id='word_1_667' title='bbox 2795 2701 2872 2746; x_wconf 85' lang='lat' dir='ltr'><strong>est</strong></span> <span class='ocrx_word' id='word_1_668' title='bbox 2903 2697 3176 2764; x_wconf 90' lang='lat' dir='ltr'><strong>templum,</strong></span> <span class='ocrx_word' id='word_1_669' title='bbox 3199 2709 3252 2754; x_wconf 92' lang='lat' dir='ltr'><strong>et</strong></span> <span class='ocrx_word' id='word_1_670' title='bbox 3273 2701 3387 2771; x_wconf 86' lang='lat' dir='ltr'><strong>ejec</strong></span> <span class='ocrx_word' id='word_1_671' title='bbox 3409 2717 3490 2761; x_wconf 89' lang='lat' dir='ltr'><strong>tus</strong></span> <span class='ocrx_word' id='word_1_672' title='bbox 3509 2718 3586 2762; x_wconf 91' lang='lat' dir='ltr'><strong>est</strong></span> <span class='ocrx_word' id='word_1_673' title='bbox 3609 2712 3796 2765; x_wconf 87' lang='lat' dir='ltr'><strong>nemine</strong></span> 
     </span>
    </p>
   </div>
   <div class='ocr_carea' id='block_1_89' title="bbox 2229 2771 3793 2867">
    <p class='ocr_par' dir='ltr' id='par_1_89' title="bbox 2229 2771 3793 2867">
     <span class='ocr_line' id='line_1_90' title="bbox 2229 2771 3793 2867; baseline 0.023 -47"><span class='ocrx_word' id='word_1_674' title='bbox 2229 2771 2578 2840; x_wconf 87' lang='lat' dir='ltr'><strong>propellente,</strong></span> <span class='ocrx_word' id='word_1_675' title='bbox 2611 2791 2838 2849; x_wconf 88' lang='lat' dir='ltr'><strong>cumque</strong></span> <span class='ocrx_word' id='word_1_676' title='bbox 2864 2785 3218 2843; x_wconf 88' lang='lat' dir='ltr'><strong>sacerdotium</strong></span> <span class='ocrx_word' id='word_1_677' title='bbox 3245 2792 3344 2847; x_wconf 88' lang='lat' dir='ltr'><strong>sibi</strong></span> <span class='ocrx_word' id='word_1_678' title='bbox 3389 2796 3561 2852; x_wconf 71' lang='lat' dir='ltr'><strong>vellet</strong></span> <span class='ocrx_word' id='word_1_679' title='bbox 3584 2813 3793 2867; x_wconf 84' lang='lat' dir='ltr'><strong>sumere,</strong></span> 
     </span>
    </p>
   </div>
   <div class='ocr_carea' id='block_1_90' title="bbox 2226 2859 3793 2960">
    <p class='ocr_par' dir='ltr' id='par_1_90' title="bbox 2226 2859 3793 2960">
     <span class='ocr_line' id='line_1_91' title="bbox 2226 2859 3793 2960; baseline 0.023 -49"><span class='ocrx_word' id='word_1_680' title='bbox 2226 2867 2280 2912; x_wconf 88' lang='lat' dir='ltr'><strong>et</strong></span> <span class='ocrx_word' id='word_1_681' title='bbox 2325 2859 2428 2917; x_wconf 83' lang='lat' dir='ltr'><strong>hoc</strong></span> <span class='ocrx_word' id='word_1_682' title='bbox 2469 2865 2612 2933; x_wconf 86' lang='lat' dir='ltr'><strong>quod</strong></span> <span class='ocrx_word' id='word_1_683' title='bbox 2653 2867 2880 2927; x_wconf 80' lang='lat' dir='ltr'><strong>habebat</strong></span> <span class='ocrx_word' id='word_1_684' title='bbox 2919 2875 3164 2943; x_wconf 88' lang='lat' dir='ltr'><strong>perdidit.</strong></span> <span class='ocrx_word' id='word_1_685' title='bbox 3209 2879 3277 2936; x_wconf 86' lang='lat' dir='ltr'><strong>Et</strong></span> <span class='ocrx_word' id='word_1_686' title='bbox 3313 2886 3490 2941; x_wconf 78' lang='lat' dir='ltr'><strong>exivit</strong></span> <span class='ocrx_word' id='word_1_687' title='bbox 3527 2903 3558 2943; x_wconf 88' lang='lat' dir='ltr'><strong>e</strong></span> <span class='ocrx_word' id='word_1_688' title='bbox 3597 2859 3793 2960; x_wconf 54' lang='lat' dir='ltr'><strong>templo:</strong></span> 
     </span>
    </p>
   </div>
   <div class='ocr_carea' id='block_1_91' title="bbox 2229 2947 3792 3050">
    <p class='ocr_par' dir='ltr' id='par_1_91' title="bbox 2229 2947 3792 3050">
     <span class='ocr_line' id='line_1_92' title="bbox 2229 2947 3792 3050; baseline 0.022 -48"><span class='ocrx_word' id='word_1_689' title='bbox 2229 2947 2390 3005; x_wconf 87' lang='lat' dir='ltr'><strong>Vetus</strong></span> <span class='ocrx_word' id='word_1_690' title='bbox 2417 2964 2534 3008; x_wconf 88' lang='lat' dir='ltr'><strong>erat</strong></span> <span class='ocrx_word' id='word_1_691' title='bbox 2560 2971 2676 3012; x_wconf 87' lang='lat' dir='ltr'><strong>mos</strong></span> <span class='ocrx_word' id='word_1_692' title='bbox 2702 2973 2914 3016; x_wconf 89' lang='lat' dir='ltr'><strong>omnem</strong></span> <span class='ocrx_word' id='word_1_693' title='bbox 2954 2964 3222 3036; x_wconf 71' lang='lat' dir='ltr'><strong>leprosum</strong></span> <span class='ocrx_word' id='word_1_694' title='bbox 3267 2986 3299 3026; x_wconf 88' lang='lat' dir='ltr'><strong>e</strong></span> <span class='ocrx_word' id='word_1_695' title='bbox 3337 2975 3561 3034; x_wconf 83' lang='lat' dir='ltr'><strong>civitate</strong></span> <span class='ocrx_word' id='word_1_696' title='bbox 3588 2980 3792 3050; x_wconf 81' lang='lat' dir='ltr'><strong>ejicere;</strong></span> 
     </span>
    </p>
   </div>
   <div class='ocr_carea' id='block_1_92' title="bbox 2225 3051 3793 3128">
    <p class='ocr_par' dir='ltr' id='par_1_92' title="bbox 2225 3051 3793 3128">
     <span class='ocr_line' id='line_1_93' title="bbox 2225 3051 3793 3128; baseline 0.02 -32"><span class='ocrx_word' id='word_1_697' title='bbox 2225 3058 2364 3098; x_wconf 91' lang='lat' dir='ltr'><strong>nunc</strong></span> <span class='ocrx_word' id='word_1_698' title='bbox 2385 3061 2512 3102; x_wconf 88' lang='lat' dir='ltr'><strong>vero</strong></span> <span class='ocrx_word' id='word_1_699' title='bbox 2541 3064 2645 3103; x_wconf 89' lang='lat' dir='ltr'><strong>non</strong></span> <span class='ocrx_word' id='word_1_700' title='bbox 2677 3051 2815 3107; x_wconf 89' lang='lat' dir='ltr'><strong>idem</strong></span> <span class='ocrx_word' id='word_1_701' title='bbox 2845 3054 2920 3110; x_wconf 85' lang='lat' dir='ltr'><strong>lit.</strong></span> <span class='ocrx_word' id='word_1_702' title='bbox 2951 3056 3059 3112; x_wconf 87' lang='lat' dir='ltr'><strong>Cur</strong></span> <span class='ocrx_word' id='word_1_703' title='bbox 3085 3061 3151 3114; x_wconf 88' lang='lat' dir='ltr'><strong>ita</strong></span> <span class='ocrx_word' id='word_1_704' title='bbox 3171 3062 3194 3115; x_wconf 89' lang='lat'><strong>?</strong></span> <span class='ocrx_word' id='word_1_705' title='bbox 3213 3063 3343 3118; x_wconf 81' lang='lat' dir='ltr'><strong>Nam</strong></span> <span class='ocrx_word' id='word_1_706' title='bbox 3375 3083 3507 3122; x_wconf 86' lang='lat' dir='ltr'><strong>cum</strong></span> <span class='ocrx_word' id='word_1_707' title='bbox 3540 3071 3669 3126; x_wconf 86' lang='lat' dir='ltr'><strong>Deus</strong></span> <span class='ocrx_word' id='word_1_708' title='bbox 3691 3074 3793 3128; x_wconf 82' lang='lat' dir='ltr'><strong>vel-</strong></span> 
     </span>
    </p>
   </div>
   <div class='ocr_carea' id='block_1_93' title="bbox 2224 3137 3793 3234">
    <p class='ocr_par' dir='ltr' id='par_1_93' title="bbox 2224 3137 3793 3234">
     <span class='ocr_line' id='line_1_94' title="bbox 2224 3137 3793 3234; baseline 0.02 -46"><span class='ocrx_word' id='word_1_709' title='bbox 2224 3137 2300 3190; x_wconf 87' lang='lat' dir='ltr'><strong>uti</strong></span> <span class='ocrx_word' id='word_1_710' title='bbox 2358 3140 2537 3207; x_wconf 91' lang='lat' dir='ltr'><strong>pueris</strong></span> <span class='ocrx_word' id='word_1_711' title='bbox 2580 3141 2726 3212; x_wconf 87' lang='lat' dir='ltr'><strong>leges</strong></span> <span class='ocrx_word' id='word_1_712' title='bbox 2761 3144 2985 3215; x_wconf 84' lang='lat' dir='ltr'><strong>ferebat,-</strong></span> <span class='ocrx_word' id='word_1_713' title='bbox 3029 3159 3138 3206; x_wconf 85' lang='lat' dir='ltr'><strong>tum</strong></span> <span class='ocrx_word' id='word_1_714' title='bbox 3170 3155 3311 3222; x_wconf 86' lang='lat' dir='ltr'><strong>lepra</strong></span> <span class='ocrx_word' id='word_1_715' title='bbox 3356 3170 3488 3215; x_wconf 88' lang='lat' dir='ltr'><strong>erat</strong></span> <span class='ocrx_word' id='word_1_716' title='bbox 3530 3164 3793 3234; x_wconf 81' lang='lat' dir='ltr'><strong>corporis:</strong></span> 
     </span>
    </p>
   </div>
   <div class='ocr_carea' id='block_1_94' title="bbox 2221 3235 3788 3323">
    <p class='ocr_par' dir='ltr' id='par_1_94' title="bbox 2221 3235 3788 3323">
     <span class='ocr_line' id='line_1_95' title="bbox 2221 3235 3788 3323; baseline 0.019 -42"><span class='ocrx_word' id='word_1_717' title='bbox 2221 3243 2362 3284; x_wconf 83' lang='lat' dir='ltr'><strong>nunc</strong></span> <span class='ocrx_word' id='word_1_718' title='bbox 2387 3241 2564 3288; x_wconf 89' lang='lat' dir='ltr'><strong>autem</strong></span> <span class='ocrx_word' id='word_1_719' title='bbox 2595 3235 2786 3290; x_wconf 63' lang='lat' dir='ltr'><strong>animae</strong></span> <span class='ocrx_word' id='word_1_720' title='bbox 2813 3237 2957 3308; x_wconf 85' lang='lat' dir='ltr'><strong>lepra</strong></span> <span class='ocrx_word' id='word_1_721' title='bbox 2985 3245 3264 3312; x_wconf 62' lang='lat' dir='ltr'><strong>qumritur.</strong></span> <span class='ocrx_word' id='word_1_722' title='bbox 3301 3248 3378 3303; x_wconf 90' lang='lat' dir='ltr'><strong>Ex</strong></span> <span class='ocrx_word' id='word_1_723' title='bbox 3403 3251 3496 3306; x_wconf 90' lang='lat' dir='ltr'><strong>ivit</strong></span> <span class='ocrx_word' id='word_1_724' title='bbox 3523 3252 3675 3323; x_wconf 81' lang='lat' dir='ltr'><strong>igitur</strong></span> <span class='ocrx_word' id='word_1_725' title='bbox 3708 3270 3788 3309; x_wconf 73' lang='lat' dir='ltr'><strong>rex</strong></span> 
     </span>
    </p>
   </div>
   <div class='ocr_carea' id='block_1_95' title="bbox 2219 3323 3792 3416">
    <p class='ocr_par' dir='ltr' id='par_1_95' title="bbox 2219 3323 3792 3416">
     <span class='ocr_line' id='line_1_96' title="bbox 2219 3323 3792 3416; baseline 0.018 -42"><span class='ocrx_word' id='word_1_726' title='bbox 2219 3335 2341 3376; x_wconf 90' lang='lat' dir='ltr'><strong>cum</strong></span> <span class='ocrx_word' id='word_1_727' title='bbox 2368 3323 2537 3393; x_wconf 85' lang='lat' dir='ltr'><strong>lepra,</strong></span> <span class='ocrx_word' id='word_1_728' title='bbox 2562 3342 2662 3384; x_wconf 91' lang='lat' dir='ltr'><strong>nec</strong></span> <span class='ocrx_word' id='word_1_729' title='bbox 2692 3338 2866 3387; x_wconf 87' lang='lat' dir='ltr'><strong>tamen</strong></span> <span class='ocrx_word' id='word_1_730' title='bbox 2895 3333 3166 3402; x_wconf 83' lang='lat' dir='ltr'><strong>ejecerunt</strong></span> <span class='ocrx_word' id='word_1_731' title='bbox 3189 3355 3308 3395; x_wconf 92' lang='lat' dir='ltr'><strong>eum</strong></span> <span class='ocrx_word' id='word_1_732' title='bbox 3339 3359 3370 3398; x_wconf 92' lang='lat' dir='ltr'><strong>e</strong></span> <span class='ocrx_word' id='word_1_733' title='bbox 3427 3346 3654 3416; x_wconf 86' lang='lat' dir='ltr'><strong>civitate,</strong></span> <span class='ocrx_word' id='word_1_734' title='bbox 3689 3349 3792 3403; x_wconf 83' lang='lat' dir='ltr'><strong>dia-</strong></span> 
     </span>
    </p>
   </div>
   <div class='ocr_carea' id='block_1_96' title="bbox 2219 3411 3793 3497">
    <p class='ocr_par' dir='ltr' id='par_1_96' title="bbox 2219 3411 3793 3497">
     <span class='ocr_line' id='line_1_97' title="bbox 2219 3411 3793 3497; baseline 0.02 -32"><span class='ocrx_word' id='word_1_735' title='bbox 2219 3411 2372 3469; x_wconf 89' lang='lat' dir='ltr'><strong>dema</strong></span> <span class='ocrx_word' id='word_1_736' title='bbox 2400 3415 2540 3472; x_wconf 83' lang='lat' dir='ltr'><strong>illius</strong></span> <span class='ocrx_word' id='word_1_737' title='bbox 2566 3420 2872 3493; x_wconf 89' lang='lat' dir='ltr'><strong>regiamque</strong></span> <span class='ocrx_word' id='word_1_738' title='bbox 2897 3425 3209 3497; x_wconf 87' lang='lat' dir='ltr'><strong>dignitatem</strong></span> <span class='ocrx_word' id='word_1_739' title='bbox 3238 3438 3470 3492; x_wconf 73' lang='lat' dir='ltr'><strong>reveriti</strong></span> <span class='ocrx_word' id='word_1_740' title='bbox 3505 3459 3518 3494; x_wconf 92' lang='lat'><strong>:</strong></span> <span class='ocrx_word' id='word_1_741' title='bbox 3549 3411 3648 3496; x_wconf 82' lang='lat' dir='ltr'><strong>sed</strong></span> <span class='ocrx_word' id='word_1_742' title='bbox 3679 3458 3793 3497; x_wconf 81' lang='lat' dir='ltr'><strong>con-</strong></span> 
     </span>
    </p>
   </div>
   <div class='ocr_carea' id='block_1_97' title="bbox 2215 3502 3791 3604">
    <p class='ocr_par' dir='ltr' id='par_1_97' title="bbox 2215 3502 3791 3604">
     <span class='ocr_line' id='line_1_98' title="bbox 2215 3502 3791 3604; baseline 0.019 -48"><span class='ocrx_word' id='word_1_743' title='bbox 2215 3502 2355 3558; x_wconf 80' lang='lat' dir='ltr'><strong>sedit</strong></span> <span class='ocrx_word' id='word_1_744' title='bbox 2383 3506 2434 3559; x_wconf 93' lang='lat' dir='ltr'><strong>in</strong></span> <span class='ocrx_word' id='word_1_745' title='bbox 2460 3507 2594 3563; x_wconf 88' lang='lat' dir='ltr'><strong>solio</strong></span> <span class='ocrx_word' id='word_1_746' title='bbox 2623 3527 2806 3566; x_wconf 89' lang='lat' dir='ltr'><strong>rursus</strong></span> <span class='ocrx_word' id='word_1_747' title='bbox 2841 3515 3008 3587; x_wconf 86' lang='lat' dir='ltr'><strong>legem</strong></span> <span class='ocrx_word' id='word_1_748' title='bbox 3049 3525 3476 3593; x_wconf 72' lang='lat' dir='ltr'><strong>transgrediens.</strong></span> <span class='ocrx_word' id='word_1_749' title='bbox 3511 3531 3640 3600; x_wconf 85' lang='lat' dir='ltr'><strong>Quid</strong></span> <span class='ocrx_word' id='word_1_750' title='bbox 3679 3549 3791 3604; x_wconf 82' lang='lat' dir='ltr'><strong>ergo</strong></span> 
     </span>
    </p>
   </div>
   <div class='ocr_carea' id='block_1_98' title="bbox 2216 3593 3790 3690">
    <p class='ocr_par' dir='ltr' id='par_1_98' title="bbox 2216 3593 3790 3690">
     <span class='ocr_line' id='line_1_99' title="bbox 2216 3593 3790 3690; baseline 0.021 -43"><span class='ocrx_word' id='word_1_751' title='bbox 2216 3593 2395 3651; x_wconf 84' lang='lat' dir='ltr'><strong>Deus?</strong></span> <span class='ocrx_word' id='word_1_752' title='bbox 2436 3597 2677 3658; x_wconf 89' lang='lat' dir='ltr'><strong>lrascens</strong></span> <span class='ocrx_word' id='word_1_753' title='bbox 2704 3603 2902 3661; x_wconf 65' lang='lat' dir='ltr'><strong>Judaais</strong></span> <span class='ocrx_word' id='word_1_754' title='bbox 2945 3609 3230 3683; x_wconf 90' lang='lat' dir='ltr'><strong>interrupit</strong></span> <span class='ocrx_word' id='word_1_755' title='bbox 3275 3622 3634 3690; x_wconf 80' lang='lat' dir='ltr'><strong>prophetiam.</strong></span> <span class='ocrx_word' id='word_1_756' title='bbox 3681 3626 3790 3680; x_wconf 69' lang='lat' dir='ltr'><strong>lla-c</strong></span> 
     </span>
    </p>
   </div>
   <div class='ocr_carea' id='block_1_99' title="bbox 2215 3692 3789 3785">
    <p class='ocr_par' dir='ltr' id='par_1_99' title="bbox 2215 3692 3789 3785">
     <span class='ocr_line' id='line_1_100' title="bbox 2215 3692 3789 3785; baseline 0.02 -46"><span class='ocrx_word' id='word_1_757' title='bbox 2215 3697 2389 3742; x_wconf 87' lang='lat' dir='ltr'><strong>autem</strong></span> <span class='ocrx_word' id='word_1_758' title='bbox 2418 3692 2594 3746; x_wconf 88' lang='lat' dir='ltr'><strong>omnia</strong></span> <span class='ocrx_word' id='word_1_759' title='bbox 2618 3694 2755 3750; x_wconf 91' lang='lat' dir='ltr'><strong>dicta</strong></span> <span class='ocrx_word' id='word_1_760' title='bbox 2782 3709 2906 3753; x_wconf 90' lang='lat' dir='ltr'><strong>sunt</strong></span> <span class='ocrx_word' id='word_1_761' title='bbox 2927 3712 3144 3772; x_wconf 72' lang='lat' dir='ltr'><strong>prepter</strong></span> <span class='ocrx_word' id='word_1_762' title='bbox 3167 3707 3404 3766; x_wconf 82' lang='lat' dir='ltr'><strong>verbum</strong></span> <span class='ocrx_word' id='word_1_763' title='bbox 3434 3715 3713 3785; x_wconf 69' lang='lat' dir='ltr'><strong>prophetae,</strong></span> <span class='ocrx_word' id='word_1_764' title='bbox 3739 3728 3789 3771; x_wconf 93' lang='lat' dir='ltr'><strong>ut</strong></span> 
     </span>
    </p>
   </div>
   <div class='ocr_carea' id='block_1_100' title="bbox 2213 3780 3785 3868">
    <p class='ocr_par' dir='ltr' id='par_1_100' title="bbox 2213 3780 3785 3868">
     <span class='ocr_line' id='line_1_101' title="bbox 2213 3780 3785 3868; baseline 0.02 -36"><span class='ocrx_word' id='word_1_765' title='bbox 2213 3780 2486 3836; x_wconf 83' lang='lat' dir='ltr'><strong>exsolvam</strong></span> <span class='ocrx_word' id='word_1_766' title='bbox 2507 3784 2651 3854; x_wconf 86' lang='lat' dir='ltr'><strong>quod</strong></span> <span class='ocrx_word' id='word_1_767' title='bbox 2669 3786 2840 3844; x_wconf 89' lang='lat' dir='ltr'><strong>debeo</strong></span> <span class='ocrx_word' id='word_1_768' title='bbox 2861 3792 2902 3846; x_wconf 78' lang='grc' dir='ltr'><strong>ί.</strong></span> <span class='ocrx_word' id='word_1_769' title='bbox 2923 3791 3029 3848; x_wconf 88' lang='lat' dir='ltr'><strong>Sed</strong></span> <span class='ocrx_word' id='word_1_770' title='bbox 3054 3795 3121 3851; x_wconf 85' lang='lat' dir='ltr'><strong>ad</strong></span> <span class='ocrx_word' id='word_1_771' title='bbox 3147 3780 3486 3868; x_wconf 83' lang='lat' dir='ltr'><strong>proposiLum</strong></span> <span class='ocrx_word' id='word_1_772' title='bbox 3507 3780 3785 3864; x_wconf 79' lang='lat' dir='ltr'><strong>redeamus.</strong></span> 
     </span>
    </p>
   </div>
   <div class='ocr_carea' id='block_1_101' title="bbox 2212 3870 3784 3970">
    <p class='ocr_par' dir='ltr' id='par_1_101' title="bbox 2212 3870 3784 3970">
     <span class='ocr_line' id='line_1_102' title="bbox 2212 3870 3784 3970; baseline 0.018 -46"><span class='ocrx_word' id='word_1_773' title='bbox 2212 3870 2472 3941; x_wconf 84' lang='lat' dir='ltr'><strong>Egressus</strong></span> <span class='ocrx_word' id='word_1_774' title='bbox 2497 3884 2580 3930; x_wconf 88' lang='lat' dir='ltr'><strong>est</strong></span> <span class='ocrx_word' id='word_1_775' title='bbox 2608 3893 2638 3931; x_wconf 89' lang='lat' dir='ltr'><strong>e</strong></span> <span class='ocrx_word' id='word_1_776' title='bbox 2674 3881 2873 3951; x_wconf 88' lang='lat' dir='ltr'><strong>templo</strong></span> <span class='ocrx_word' id='word_1_777' title='bbox 2899 3899 2994 3939; x_wconf 88' lang='lat' dir='ltr'><strong>rex</strong></span> <span class='ocrx_word' id='word_1_778' title='bbox 3023 3885 3171 3957; x_wconf 87' lang='lat' dir='ltr'><strong>lepra</strong></span> <span class='ocrx_word' id='word_1_779' title='bbox 3197 3903 3507 3964; x_wconf 88' lang='lat' dir='ltr'><strong>correptus.</strong></span> <span class='ocrx_word' id='word_1_780' title='bbox 3547 3897 3671 3954; x_wconf 85' lang='lat' dir='ltr'><strong>Cum</strong></span> <span class='ocrx_word' id='word_1_781' title='bbox 3701 3901 3784 3970; x_wconf 69' lang='grc' dir='ltr'><strong>ἱείς</strong></span> 
     </span>
    </p>
   </div>
   <div class='ocr_carea' id='block_1_102' title="bbox 2213 3966 3784 4058">
    <p class='ocr_par' dir='ltr' id='par_1_102' title="bbox 2213 3966 3784 4058">
     <span class='ocr_line' id='line_1_103' title="bbox 2213 3966 3784 4058; baseline 0.018 -42"><span class='ocrx_word' id='word_1_782' title='bbox 2213 3971 2300 4017; x_wconf 94' lang='lat' dir='ltr'><strong>tur</strong></span> <span class='ocrx_word' id='word_1_783' title='bbox 2323 3966 2485 4021; x_wconf 88' lang='lat' dir='ltr'><strong>etiam</strong></span> <span class='ocrx_word' id='word_1_784' title='bbox 2527 3983 2593 4024; x_wconf 91' lang='lat' dir='ltr'><strong>ex</strong></span> <span class='ocrx_word' id='word_1_785' title='bbox 2620 3971 2752 4028; x_wconf 89' lang='lat' dir='ltr'><strong>urbe</strong></span> <span class='ocrx_word' id='word_1_786' title='bbox 2780 3974 2927 4029; x_wconf 90' lang='lat' dir='ltr'><strong>illum</strong></span> <span class='ocrx_word' id='word_1_787' title='bbox 2969 3978 3088 4047; x_wconf 85' lang='lat' dir='ltr'><strong>ejici</strong></span> <span class='ocrx_word' id='word_1_788' title='bbox 3129 3979 3198 4036; x_wconf 91' lang='lat' dir='ltr'><strong>de</strong></span> <span class='ocrx_word' id='word_1_789' title='bbox 3235 3998 3390 4041; x_wconf 87' lang='lat' dir='ltr'><strong>more</strong></span> <span class='ocrx_word' id='word_1_790' title='bbox 3432 4000 3696 4058; x_wconf 87' lang='lat' dir='ltr'><strong>oporteret</strong></span> <span class='ocrx_word' id='word_1_791' title='bbox 3735 4003 3784 4045; x_wconf 87' lang='lat' dir='ltr'><strong>ut</strong></span> 
     </span>
    </p>
   </div>
   <div class='ocr_carea' id='block_1_103' title="bbox 2210 4054 3780 4151">
    <p class='ocr_par' dir='ltr' id='par_1_103' title="bbox 2210 4054 3780 4151">
     <span class='ocr_line' id='line_1_104' title="bbox 2210 4054 3780 4151; baseline 0.018 -41"><span class='ocrx_word' id='word_1_792' title='bbox 2210 4054 2561 4126; x_wconf 89' lang='lat' dir='ltr'><strong>immundum,</strong></span> <span class='ocrx_word' id='word_1_793' title='bbox 2606 4060 2749 4119; x_wconf 89' lang='lat' dir='ltr'><strong>intus</strong></span> <span class='ocrx_word' id='word_1_794' title='bbox 2790 4066 2939 4122; x_wconf 90' lang='lat' dir='ltr'><strong>illum</strong></span> <span class='ocrx_word' id='word_1_795' title='bbox 2977 4072 3202 4140; x_wconf 80' lang='lat' dir='ltr'><strong>papulus</strong></span> <span class='ocrx_word' id='word_1_796' title='bbox 3243 4076 3437 4134; x_wconf 87' lang='lat' dir='ltr'><strong>sedere</strong></span> <span class='ocrx_word' id='word_1_797' title='bbox 3483 4083 3729 4151; x_wconf 87' lang='lat' dir='ltr'><strong>permittit</strong></span> <span class='ocrx_word' id='word_1_798' title='bbox 3767 4103 3780 4139; x_wconf 93' lang='lat'><strong>:</strong></span> 
     </span>
    </p>
   </div>
   <div class='ocr_carea' id='block_1_104' title="bbox 2211 4149 3780 4237">
    <p class='ocr_par' dir='ltr' id='par_1_104' title="bbox 2211 4149 3780 4237">
     <span class='ocr_line' id='line_1_105' title="bbox 2211 4149 3780 4237; baseline 0.019 -38"><span class='ocrx_word' id='word_1_799' title='bbox 2211 4161 2309 4202; x_wconf 89' lang='lat' dir='ltr'><strong>nec</strong></span> <span class='ocrx_word' id='word_1_800' title='bbox 2335 4149 2499 4204; x_wconf 92' lang='lat' dir='ltr'><strong>ullum</strong></span> <span class='ocrx_word' id='word_1_801' title='bbox 2529 4153 2612 4207; x_wconf 87' lang='lat' dir='ltr'><strong>vel</strong></span> <span class='ocrx_word' id='word_1_802' title='bbox 2639 4155 2889 4226; x_wconf 86' lang='lat' dir='ltr'><strong>exiguum</strong></span> <span class='ocrx_word' id='word_1_803' title='bbox 2918 4161 2998 4214; x_wconf 87' lang='lat' dir='ltr'><strong>vel</strong></span> <span class='ocrx_word' id='word_1_804' title='bbox 3029 4178 3276 4234; x_wconf 82' lang='lat' dir='ltr'><strong>magnum</strong></span> <span class='ocrx_word' id='word_1_805' title='bbox 3327 4149 3551 4226; x_wconf 79' lang='lat' dir='ltr'><strong>verbum</strong></span> <span class='ocrx_word' id='word_1_806' title='bbox 3581 4177 3780 4237; x_wconf 82' lang='lat' dir='ltr'><strong>emittit.</strong></span> 
     </span>
    </p>
   </div>
   <div class='ocr_carea' id='block_1_105' title="bbox 2207 4238 3784 4337">
    <p class='ocr_par' dir='ltr' id='par_1_105' title="bbox 2207 4238 3784 4337">
     <span class='ocr_line' id='line_1_106' title="bbox 2207 4238 3784 4337; baseline 0.02 -46"><span class='ocrx_word' id='word_1_807' title='bbox 2207 4238 2351 4308; x_wconf 88' lang='lat' dir='ltr'><strong>quod</strong></span> <span class='ocrx_word' id='word_1_808' title='bbox 2375 4240 2672 4299; x_wconf 90' lang='lat' dir='ltr'><strong>libertatem</strong></span> <span class='ocrx_word' id='word_1_809' title='bbox 2702 4246 2949 4318; x_wconf 86' lang='lat' dir='ltr'><strong>loquendi</strong></span> <span class='ocrx_word' id='word_1_810' title='bbox 2978 4267 3084 4322; x_wconf 80' lang='lat' dir='ltr'><strong>pra:</strong></span> <span class='ocrx_word' id='word_1_811' title='bbox 3119 4269 3177 4311; x_wconf 89' lang='lat' dir='ltr'><strong>se</strong></span> <span class='ocrx_word' id='word_1_812' title='bbox 3221 4256 3414 4315; x_wconf 84' lang='lat' dir='ltr'><strong>ferret.</strong></span> <span class='ocrx_word' id='word_1_813' title='bbox 3447 4264 3598 4330; x_wconf 90' lang='lat' dir='ltr'><strong>Quod</strong></span> <span class='ocrx_word' id='word_1_814' title='bbox 3638 4267 3784 4337; x_wconf 78' lang='lat' dir='ltr'><strong>igitur</strong></span> 
     </span>
    </p>
   </div>
   <div class='ocr_carea' id='block_1_106' title="bbox 2207 4328 3781 4428">
    <p class='ocr_par' dir='ltr' id='par_1_106' title="bbox 2207 4328 3781 4428">
     <span class='ocr_line' id='line_1_107' title="bbox 2207 4328 3781 4428; baseline 0.018 -46"><span class='ocrx_word' id='word_1_815' title='bbox 2207 4328 2358 4385; x_wconf 89' lang='lat' dir='ltr'><strong>illum</strong></span> <span class='ocrx_word' id='word_1_816' title='bbox 2401 4332 2657 4404; x_wconf 88' lang='lat' dir='ltr'><strong>sinerent,</strong></span> <span class='ocrx_word' id='word_1_817' title='bbox 2694 4351 2967 4397; x_wconf 87' lang='lat' dir='ltr'><strong>aversatus</strong></span> <span class='ocrx_word' id='word_1_818' title='bbox 3009 4353 3092 4399; x_wconf 91' lang='lat' dir='ltr'><strong>est</strong></span> <span class='ocrx_word' id='word_1_819' title='bbox 3119 4346 3241 4404; x_wconf 85' lang='lat' dir='ltr'><strong>illos</strong></span> <span class='ocrx_word' id='word_1_820' title='bbox 3285 4328 3550 4422; x_wconf 41' lang='lat' dir='ltr'><strong>Deus,_et</strong></span> <span class='ocrx_word' id='word_1_821' title='bbox 3575 4328 3781 4428; x_wconf 59' lang='lat' dir='ltr'><strong>gratiam</strong></span> 
     </span>
    </p>
   </div>
   <div class='ocr_carea' id='block_1_107' title="bbox 2270 4507 3785 4584">
    <p class='ocr_par' dir='ltr' id='par_1_107' title="bbox 2270 4507 3785 4584">
     <span class='ocr_line' id='line_1_108' title="bbox 2270 4507 3785 4584; baseline 0.02 -29"><span class='ocrx_word' id='word_1_822' title='bbox 2270 4507 2288 4539; x_wconf 76' lang='grc' dir='ltr'><strong><em>ι</em></strong></span> <span class='ocrx_word' id='word_1_823' title='bbox 2323 4508 2407 4584; x_wconf 71' lang='lat' dir='ltr'><strong>llic</strong></span> <span class='ocrx_word' id='word_1_824' title='bbox 2527 4523 2703 4575; x_wconf 80' lang='lat' dir='ltr'><strong>magna</strong></span> <span class='ocrx_word' id='word_1_825' title='bbox 2726 4516 3078 4580; x_wconf 83' lang='lat' dir='ltr'><strong>exemplarium</strong></span> <span class='ocrx_word' id='word_1_826' title='bbox 3101 4523 3342 4574; x_wconf 79' lang='lat' dir='ltr'><strong>varietas:</strong></span> <span class='ocrx_word' id='word_1_827' title='bbox 3364 4541 3541 4580; x_wconf 90' lang='lat' dir='ltr'><strong>omnes</strong></span> <span class='ocrx_word' id='word_1_828' title='bbox 3558 4532 3785 4584; x_wconf 64' lang='lat' dir='ltr'><strong>fert-Mss.</strong></span> 
     </span>
    </p>
   </div>
   <div class='ocr_carea' id='block_1_108' title="bbox 2205 4570 3781 4644">
    <p class='ocr_par' dir='ltr' id='par_1_108' title="bbox 2205 4570 3781 4644">
     <span class='ocr_line' id='line_1_109' title="bbox 2205 4570 3781 4644; baseline 0.017 -29"><span class='ocrx_word' id='word_1_829' title='bbox 2205 4580 2317 4644; x_wconf 67' lang='lat' dir='ltr'><strong>cum</strong></span> <span class='ocrx_word' id='word_1_830' title='bbox 2353 4570 2682 4644; x_wconf 71' lang='lat' dir='ltr'><strong>Savjlio,_tﬁto</strong></span> <span class='ocrx_word' id='word_1_831' title='bbox 2719 4570 2960 4639; x_wconf 73' lang='lat' dir='ltr'><strong>excepto,</strong></span> <span class='ocrx_word' id='word_1_832' title='bbox 2984 4570 3654 4644; x_wconf 44' lang='lat' dir='ltr'><strong>textumbabent&#39;u-t&#39;nvosvin</strong></span> 
     </span>
    </p>
   </div>
   <div class='ocr_carea' id='block_1_109' title="bbox 2207 4628 3779 4704">
    <p class='ocr_par' dir='ltr' id='par_1_109' title="bbox 2207 4628 3779 4704">
     <span class='ocr_line' id='line_1_110' title="bbox 2207 4628 3779 4704; baseline 0.018 -29"><span class='ocrx_word' id='word_1_833' title='bbox 2207 4628 2410 4704; x_wconf 68' lang='lat' dir='ltr'><strong>edimus.</strong></span> <span class='ocrx_word' id='word_1_834' title='bbox 2435 4628 2661 4704; x_wconf 59' lang='lat' dir='ltr'><strong>Mprellus</strong></span> <span class='ocrx_word' id='word_1_835' title='bbox 2684 4651 2802 4688; x_wconf 89' lang='lat' dir='ltr'><strong>vero</strong></span> <span class='ocrx_word' id='word_1_836' title='bbox 2826 4628 3027 4704; x_wconf 62' lang='lat' dir='ltr'><strong>etprius</strong></span> <span class='ocrx_word' id='word_1_837' title='bbox 3040 4628 3779 4704; x_wconf 49' lang='lat' dir='ltr'><strong>EafiaiUEQt&#39;oiiii’nliu&#39;ii&quot;;</strong></span> 
     </span>
    </p>
   </div>
   <div class='ocr_carea' id='block_1_110' title="bbox 2204 4691 3782 4778">
    <p class='ocr_par' dir='ltr' id='par_1_110' title="bbox 2204 4691 3782 4778">
     <span class='ocr_line' id='line_1_111' title="bbox 2204 4691 3782 4778; baseline 0.018 -40"><span class='ocrx_word' id='word_1_838' title='bbox 2204 4691 2438 4778; x_wconf 54' lang='lat' dir='ltr'><strong>gaviliana</strong></span> <span class='ocrx_word' id='word_1_839' title='bbox 2459 4696 2693 4748; x_wconf 79' lang='lat' dir='ltr'><strong>Editione.</strong></span> <span class='ocrx_word' id='word_1_840' title='bbox 2733 4701 2911 4752; x_wconf 73' lang='lat' dir='ltr'><strong>Morelli</strong></span> <span class='ocrx_word' id='word_1_841' title='bbox 2948 4691 3782 4778; x_wconf 52' lang='lat' dir='ltr'><strong>mgnéh&quot;é§éﬁi.nai{‘§é&amp;iiiiii§</strong></span> 
     </span>
    </p>
   </div>
   <div class='ocr_carea' id='block_1_111' title="bbox 2204 4758 3778 4832">
    <p class='ocr_par' dir='ltr' id='par_1_111' title="bbox 2204 4758 3778 4832">
     <span class='ocr_line' id='line_1_112' title="bbox 2204 4758 3778 4832; baseline 0.018 -31"><span class='ocrx_word' id='word_1_842' title='bbox 2204 4758 2444 4832; x_wconf 48' lang='lat' dir='ltr'><strong>Egasmus,</strong></span> <span class='ocrx_word' id='word_1_843' title='bbox 2469 4765 2522 4807; x_wconf 88' lang='lat' dir='ltr'><strong>et</strong></span> <span class='ocrx_word' id='word_1_844' title='bbox 2545 4771 2634 4809; x_wconf 90' lang='lat' dir='ltr'><strong>nos</strong></span> <span class='ocrx_word' id='word_1_845' title='bbox 2649 4774 2851 4832; x_wconf 71' lang='lat' dir='ltr'><strong>quoque</strong></span> <span class='ocrx_word' id='word_1_846' title='bbox 2873 4767 3128 4832; x_wconf 83' lang='lat' dir='ltr'><strong>sequi-mur</strong></span> <span class='ocrx_word' id='word_1_847' title='bbox 3146 4802 3160 4827; x_wconf 93' lang='lat'><strong>,</strong></span> <span class='ocrx_word' id='word_1_848' title='bbox 3194 4758 3688 4832; x_wconf 41' lang='lat' dir='ltr'><strong>quibusdam’t‘a‘men</strong></span> <span class='ocrx_word' id='word_1_849' title='bbox 3715 4758 3778 4828; x_wconf 64' lang='lat' dir='ltr'><strong>&#39;ci</strong></span> 
     </span>
    </p>
   </div>
   <div class='ocr_carea' id='block_1_112' title="bbox 2203 4812 3784 4902">
    <p class='ocr_par' dir='ltr' id='par_1_112' title="bbox 2203 4812 3784 4902">
     <span class='ocr_line' id='line_1_113' title="bbox 2203 4812 3784 4902; baseline 0.017 -41"><span class='ocrx_word' id='word_1_850' title='bbox 2203 4812 2465 4902; x_wconf 46' lang='lat' dir='ltr'><strong>aligtextu</strong></span> <span class='ocrx_word' id='word_1_851' title='bbox 2486 4812 2786 4902; x_wconf 60' lang='lat' dir='ltr'><strong>emendatis,</strong></span> <span class='ocrx_word' id='word_1_852' title='bbox 2812 4812 2923 4900; x_wconf 53' lang='lat' dir='ltr'><strong>quia</strong></span> <span class='ocrx_word' id='word_1_853' title='bbox 2941 4812 3177 4902; x_wconf 61' lang='lat' dir='ltr'><strong>Egi;</strong></span> <span class='ocrx_word' id='word_1_854' title='bbox 3198 4812 3784 4902; x_wconf 44' lang='lat' dir='ltr'><strong>EBiEFSEE‘Tsaiii&#39;figniE</strong></span> 
     </span>
    </p>
   </div>
   <div class='ocr_carea' id='block_1_113' title="bbox 2206 4881 3777 4961">
    <p class='ocr_par' dir='ltr' id='par_1_113' title="bbox 2206 4881 3777 4961">
     <span class='ocr_line' id='line_1_114' title="bbox 2206 4881 3777 4961; baseline 0.016 -37"><span class='ocrx_word' id='word_1_855' title='bbox 2206 4884 2257 4924; x_wconf 88' lang='lat' dir='ltr'><strong>et</strong></span> <span class='ocrx_word' id='word_1_856' title='bbox 2279 4881 2580 4961; x_wconf 47' lang='lat' dir='ltr'><strong>atlanuscripti</strong></span> <span class='ocrx_word' id='word_1_857' title='bbox 2619 4881 2843 4961; x_wconf 65' lang='lat' dir='ltr'><strong>quatuor&#39;</strong></span> <span class='ocrx_word' id='word_1_858' title='bbox 2863 4887 2936 4957; x_wconf 75' lang='lat' dir='ltr'><strong>sic</strong></span> <span class='ocrx_word' id='word_1_859' title='bbox 2971 4890 3154 4941; x_wconf 88' lang='lat' dir='ltr'><strong>habent</strong></span> <span class='ocrx_word' id='word_1_860' title='bbox 3187 4881 3326 4961; x_wconf 49' lang='lat' dir='ltr'><strong>:‘_Ego</strong></span> <span class='ocrx_word' id='word_1_861' title='bbox 3339 4881 3777 4961; x_wconf 52' lang='lat' dir='ltr'><strong>ﬁbiiréﬁifail‘iaiif,</strong></span> 
     </span>
    </p>
   </div>
   <div class='ocr_carea' id='block_1_114' title="bbox 2238 4939 3781 5024">
    <p class='ocr_par' dir='ltr' id='par_1_114' title="bbox 2238 4939 3781 5024">
     <span class='ocr_line' id='line_1_115' title="bbox 2238 4939 3781 5024; baseline -0.021 -39"><span class='ocrx_word' id='word_1_862' title='bbox 2238 4939 2711 5024; x_wconf 41' lang='grc' dir='ltr'><strong>ρωάοηιειίιῖιλρνίιῖπ.</strong></span> <span class='ocrx_word' id='word_1_863' title='bbox 2737 4948 2920 5024; x_wconf 46' lang='lat' dir='ltr'><strong>Perlegi.</strong></span> <span class='ocrx_word' id='word_1_864' title='bbox 2973 4961 3060 5023; x_wconf 51' lang='grc' dir='ltr'><strong>[ξοδ</strong></span> <span class='ocrx_word' id='word_1_865' title='bbox 3094 4939 3581 5024; x_wconf 43' lang='grc' dir='ltr'><em>ἦῆ</em></span> <span class='ocrx_word' id='word_1_866' title='bbox 3601 4939 3781 5024; x_wconf 44' lang='grc' dir='ltr'><strong>ουρ-ΕΙΣ</strong></span> 
     </span>
    </p>
   </div>
   <div class='ocr_carea' id='block_1_115' title="bbox 2203 4949 3779 5082">
    <p class='ocr_par' dir='ltr' id='par_1_115' title="bbox 2203 4949 3779 5082">
     <span class='ocr_line' id='line_1_116' title="bbox 2203 4949 3779 5048; baseline -0.031 1"><span class='ocrx_word' id='word_1_867' title='bbox 2203 4949 2330 5048; x_wconf 64' lang='lat' dir='ltr'><strong>lem</strong></span> <span class='ocrx_word' id='word_1_868' title='bbox 2352 4952 2511 5014; x_wconf 55' lang='grc' dir='ltr'><strong>ί⁷¹⁶²¹¹ῖ¹</strong></span> <span class='ocrx_word' id='word_1_869' title='bbox 2550 4951 2711 5017; x_wconf 64' lang='grc' dir='ltr'><strong>θταιρ.</strong></span> <span class='ocrx_word' id='word_1_870' title='bbox 2737 4949 2920 5012; x_wconf 57' lang='lat' dir='ltr'><strong>Pereat</strong></span> <span class='ocrx_word' id='word_1_871' title='bbox 2973 4961 3060 5023; x_wconf 67' lang='grc' dir='ltr'><strong>’ἴοξ</strong></span> <span class='ocrx_word' id='word_1_872' title='bbox 3094 4949 3296 5026; x_wconf 69' lang='grc' dir='ltr'><strong>νουμιὼ</strong></span> <span class='ocrx_word' id='word_1_873' title='bbox 3329 4949 3581 5030; x_wconf 58' lang='lat' dir='ltr'><strong>simam;</strong></span> <span class='ocrx_word' id='word_1_874' title='bbox 3605 4949 3779 5024; x_wconf 50' lang='lat' dir='ltr'><strong>“eam;</strong></span> 
     </span>
     <span class='ocr_line' id='line_1_117' title="bbox 2251 5004 3779 5082; baseline -0.01 5"><span class='ocrx_word' id='word_1_875' title='bbox 2251 5004 2556 5082; x_wconf 65' lang='lat'><strong>’3..‘_&quot;&#39;§‘:&quot;3~?:’_</strong></span> <span class='ocrx_word' id='word_1_876' title='bbox 2598 5009 2785 5082; x_wconf 62' lang='grc' dir='ltr'><strong>ξειέιεει</strong></span> <span class='ocrx_word' id='word_1_877' title='bbox 2820 5023 3051 5082; x_wconf 60' lang='lat' dir='ltr'><strong>verene“</strong></span> <span class='ocrx_word' id='word_1_878' title='bbox 3094 5028 3280 5082; x_wconf 60' lang='lat' dir='ltr'><strong>regum;</strong></span> <span class='ocrx_word' id='word_1_879' title='bbox 3317 5020 3607 5082; x_wconf 62' lang='lat' dir='ltr'><strong>dammam</strong></span> <span class='ocrx_word' id='word_1_880' title='bbox 3630 5023 3655 5074; x_wconf 63' lang='grc' dir='ltr'><em>ρ</em></span> <span class='ocrx_word' id='word_1_881' title='bbox 3693 5025 3779 5073; x_wconf 80' lang='lat' dir='ltr'><strong>sed</strong></span> 
     </span>
    </p>
   </div>
   <div class='ocr_carea' id='block_1_116' title="bbox 2204 5061 3779 5143">
    <p class='ocr_par' dir='ltr' id='par_1_116' title="bbox 2204 5061 3779 5143">
     <span class='ocr_line' id='line_1_118' title="bbox 2204 5061 3779 5143; baseline 0.016 -34"><span class='ocrx_word' id='word_1_882' title='bbox 2204 5061 2363 5133; x_wconf 68' lang='lat' dir='ltr'><strong>potius</strong></span> <span class='ocrx_word' id='word_1_883' title='bbox 2405 5063 2558 5143; x_wconf 69' lang='lat' dir='ltr'><strong>legem</strong></span> <span class='ocrx_word' id='word_1_884' title='bbox 2587 5069 2700 5143; x_wconf 64' lang='grc' dir='ltr'><strong>ρεςὶ¹</strong></span> <span class='ocrx_word' id='word_1_885' title='bbox 2723 5061 3046 5143; x_wconf 45' lang='lat' dir='ltr'><strong>contemnitis:</strong></span> <span class='ocrx_word' id='word_1_886' title='bbox 3084 5061 3779 5143; x_wconf 50' lang='lat' dir='ltr'><strong>niihi’igiifﬂiiii&quot;id};</strong></span> 
     </span>
    </p>
   </div>
   <div class='ocr_carea' id='block_1_117' title="bbox 2203 5123 3779 5198">
    <p class='ocr_par' dir='ltr' id='par_1_117' title="bbox 2203 5123 3779 5198">
     <span class='ocr_line' id='line_1_119' title="bbox 2203 5123 3779 5198; baseline 0.014 -26"><span class='ocrx_word' id='word_1_887' title='bbox 2203 5123 2538 5198; x_wconf 52' lang='lat' dir='ltr'><strong>peruris-erant.</strong></span> <span class='ocrx_word' id='word_1_888' title='bbox 2573 5129 2702 5198; x_wconf 59' lang='lat' dir='ltr'><strong>Quid</strong></span> <span class='ocrx_word' id='word_1_889' title='bbox 2738 5131 2886 5198; x_wconf 75' lang='lat' dir='ltr'><strong>igitur</strong></span> <span class='ocrx_word' id='word_1_890' title='bbox 2926 5123 3054 5188; x_wconf 72' lang='lat' dir='ltr'><strong>beas</strong></span> <span class='ocrx_word' id='word_1_891' title='bbox 3069 5123 3390 5194; x_wconf 55' lang='grc' dir='ltr'><strong>γ’ᾉῦἆὲἕὶὰῖ</strong></span> <span class='ocrx_word' id='word_1_892' title='bbox 3408 5123 3779 5198; x_wconf 57' lang='lat' dir='ltr'><strong>eiiiiiiisTiiii</strong></span> 
     </span>
    </p>
   </div>
   <div class='ocr_carea' id='block_1_118' title="bbox 2203 5187 3781 5306">
    <p class='ocr_par' dir='ltr' id='par_1_118' title="bbox 2203 5187 3781 5306">
     <span class='ocr_line' id='line_1_120' title="bbox 2203 5187 3781 5306; baseline 0.004 -56"><span class='ocrx_word' id='word_1_893' title='bbox 2203 5197 2296 5234; x_wconf 79' lang='grc' dir='ltr'><strong>⁷⁸οη</strong></span> <span class='ocrx_word' id='word_1_894' title='bbox 2317 5187 2737 5264; x_wconf 51' lang='lat' dir='ltr'><strong>ampliugS.,ihquit.</strong></span> <span class='ocrx_word' id='word_1_895' title='bbox 2755 5187 2928 5306; x_wconf 57' lang='grc' dir='ltr'><strong>Ἰοῖιιοδ·</strong></span> <span class='ocrx_word' id='word_1_896' title='bbox 2947 5187 3390 5273; x_wconf 55' lang='grc' dir='ltr'><strong>ρνορἠειὶξὺἑὲεῆἓ,</strong></span> <span class='ocrx_word' id='word_1_897' title='bbox 3407 5187 3781 5268; x_wconf 44' lang='lat' dir='ltr'><strong>Emmanuqu</strong></span> 
     </span>
     <span class='ocr_line' id='line_1_121' title="bbox 2203 5256 3778 5306; baseline 0.006 -9"><span class='ocrx_word' id='word_1_898' title='bbox 2203 5256 2409 5306; x_wconf 81' lang='lat' dir='ltr'><strong>grattam</strong></span> <span class='ocrx_word' id='word_1_899' title='bbox 2429 5259 2648 5306; x_wconf 79' lang='lat' dir='ltr'><strong>Sptrttus.</strong></span> <span class='ocrx_word' id='word_1_900' title='bbox 2665 5264 2719 5306; x_wconf 66' lang='lat' dir='ltr'><strong>El</strong></span> <span class='ocrx_word' id='word_1_901' title='bbox 2732 5270 2811 5306; x_wconf 84' lang='lat' dir='ltr'><strong>ver</strong></span> <span class='ocrx_word' id='word_1_902' title='bbox 2847 5272 2926 5306; x_wconf 82' lang='grc' dir='ltr'><strong>ηηι</strong></span> <span class='ocrx_word' id='word_1_903' title='bbox 2947 5269 3049 5306; x_wconf 79' lang='lat' dir='ltr'><strong>erat</strong></span> <span class='ocrx_word' id='word_1_904' title='bbox 3068 5271 3324 5306; x_wconf 75' lang='lat' dir='ltr'><strong>nrelmmmr</strong></span> <span class='ocrx_word' id='word_1_905' title='bbox 3346 5273 3482 5306; x_wconf 68' lang='lat' dir='ltr'><strong>tunc-</strong></span> <span class='ocrx_word' id='word_1_906' title='bbox 3509 5279 3555 5306; x_wconf 73' lang='lat' dir='ltr'><strong>nr</strong></span> <span class='ocrx_word' id='word_1_907' title='bbox 3572 5283 3660 5306; x_wconf 81' lang='lat' dir='ltr'><strong>nnn</strong></span> <span class='ocrx_word' id='word_1_908' title='bbox 3681 5277 3778 5306; x_wconf 64' lang='lat' dir='ltr'><strong>om!</strong></span> 
     </span>
    </p>
   </div>
   <div class='ocr_carea' id='block_1_119' title="bbox 2203 5255 3778 5326">
    <p class='ocr_par' dir='ltr' id='par_1_119' title="bbox 2203 5255 3778 5326">
     <span class='ocr_line' id='line_1_122' title="bbox 2203 5255 3778 5326; baseline 0.015 -31"><span class='ocrx_word' id='word_1_909' title='bbox 2203 5255 2409 5309; x_wconf 75' lang='lat' dir='ltr'><strong>gratiam</strong></span> <span class='ocrx_word' id='word_1_910' title='bbox 2429 5255 2648 5326; x_wconf 69' lang='lat' dir='ltr'><strong>spiritus.</strong></span> <span class='ocrx_word' id='word_1_911' title='bbox 2665 5264 2719 5306; x_wconf 79' lang='grc' dir='ltr'><em>ει</em></span> <span class='ocrx_word' id='word_1_912' title='bbox 2732 5255 2926 5326; x_wconf 50' lang='lat' dir='ltr'><strong>perimat</strong></span> <span class='ocrx_word' id='word_1_913' title='bbox 2947 5255 3049 5326; x_wconf 62' lang='lat' dir='ltr'><strong>erat</strong></span> <span class='ocrx_word' id='word_1_914' title='bbox 3066 5263 3324 5326; x_wconf 80' lang='lat' dir='ltr'><strong>pretiosum</strong></span> <span class='ocrx_word' id='word_1_915' title='bbox 3346 5255 3496 5326; x_wconf 66' lang='lat' dir='ltr'><strong>tunc,</strong></span> <span class='ocrx_word' id='word_1_916' title='bbox 3509 5255 3778 5321; x_wconf 48' lang='lat' dir='ltr'><strong>omnem</strong></span> 
     </span>
    </p>
   </div>
   <div class='ocr_carea' id='block_1_120' title="bbox 2202 5312 3779 5396">
    <p class='ocr_par' dir='ltr' id='par_1_120' title="bbox 2202 5312 3779 5396">
     <span class='ocr_line' id='line_1_123' title="bbox 2202 5312 3779 5396; baseline 0.016 -39"><span class='ocrx_word' id='word_1_917' title='bbox 2202 5321 2364 5396; x_wconf 59' lang='lat' dir='ltr'><strong>seruio</strong></span> <span class='ocrx_word' id='word_1_918' title='bbox 2381 5312 2662 5384; x_wconf 68' lang='lat' dir='ltr'><strong>vaticinans.</strong></span> <span class='ocrx_word' id='word_1_919' title='bbox 2696 5318 2995 5396; x_wconf 55' lang='lat' dir='ltr'><strong>siletgratia</strong></span> <span class='ocrx_word' id='word_1_920' title='bbox 3016 5312 3553 5396; x_wconf 51' lang='lat' dir='ltr'><strong>sariria&#39;,“’b;f£i&quot;tioh&#39;</strong></span> <span class='ocrx_word' id='word_1_921' title='bbox 3569 5312 3779 5396; x_wconf 52' lang='grc' dir='ltr'><strong>’ἀξίνἆῖ</strong></span> 
     </span>
    </p>
   </div>
   <div class='ocr_carea' id='block_1_121' title="bbox 2206 5370 3779 5455">
    <p class='ocr_par' dir='ltr' id='par_1_121' title="bbox 2206 5370 3779 5455">
     <span class='ocr_line' id='line_1_124' title="bbox 2206 5370 3779 5455; baseline 0.018 -36"><span class='ocrx_word' id='word_1_922' title='bbox 2206 5370 2300 5420; x_wconf 87' lang='lat' dir='ltr'><strong>bat.</strong></span> <span class='ocrx_word' id='word_1_923' title='bbox 2328 5374 2571 5455; x_wconf 43' lang='lat' dir='ltr'><strong>calori-iant,</strong></span> <span class='ocrx_word' id='word_1_924' title='bbox 2599 5387 2793 5443; x_wconf 79' lang='lat' dir='ltr'><strong>propter</strong></span> <span class='ocrx_word' id='word_1_925' title='bbox 2810 5370 3248 5455; x_wconf 50' lang='lat' dir='ltr'><strong>maritimi</strong></span> <span class='ocrx_word' id='word_1_926' title='bbox 3269 5370 3670 5455; x_wconf 54' lang='grc' dir='ltr'><strong>ῷιὲἷῖιιᾝῗαὶἓὸῗ</strong></span> <span class='ocrx_word' id='word_1_927' title='bbox 3692 5407 3779 5442; x_wconf 80' lang='lat' dir='ltr'><strong>non</strong></span> 
     </span>
    </p>
   </div>
   <div class='ocr_carea' id='block_1_122' title="bbox 2201 5435 3781 5526">
    <p class='ocr_par' dir='ltr' id='par_1_122' title="bbox 2201 5435 3781 5526">
     <span class='ocr_line' id='line_1_125' title="bbox 2201 5435 3781 5526; baseline 0 0"><span class='ocrx_word' id='word_1_928' title='bbox 2201 5435 2781 5526; x_wconf 54' lang='grc' dir='ltr'><strong>ἕὲἐὲῗζεῖαᾱέζεὲἐςιξηρῐι</strong></span> <span class='ocrx_word' id='word_1_929' title='bbox 2809 5435 3509 5526; x_wconf 49' lang='grc' dir='ltr'><strong>ἓῗὶίοῖξίῖἕᾼηέίξΐέέῖέδᾶίξῖοῧ</strong></span> <span class='ocrx_word' id='word_1_930' title='bbox 3535 5435 3781 5526; x_wconf 63' lang='grc' dir='ltr'><strong>ἶτῖβνιειω</strong></span> 
     </span>
    </p>
   </div>
   <div class='ocr_carea' id='block_1_123' title="bbox 2203 5496 3776 5579">
    <p class='ocr_par' dir='ltr' id='par_1_123' title="bbox 2203 5496 3776 5579">
     <span class='ocr_line' id='line_1_126' title="bbox 2203 5496 3776 5579; baseline 0.018 -35"><span class='ocrx_word' id='word_1_931' title='bbox 2203 5496 2426 5579; x_wconf 53' lang='lat' dir='ltr'><strong>Caciendg</strong></span> <span class='ocrx_word' id='word_1_932' title='bbox 2451 5496 2781 5579; x_wconf 53' lang='grc' dir='ltr'><strong>ςεςιᾳτιψωιι.</strong></span> <span class='ocrx_word' id='word_1_933' title='bbox 2803 5507 2896 5577; x_wconf 69' lang='lat' dir='ltr'><strong>sed</strong></span> <span class='ocrx_word' id='word_1_934' title='bbox 2928 5496 3556 5579; x_wconf 54' lang='lat' dir='ltr'><strong>sicurb&#39;ti&#39;izitéio&#39;tin&#39;é&#39;aili</strong></span> <span class='ocrx_word' id='word_1_935' title='bbox 3575 5496 3776 5572; x_wconf 52' lang='lat' dir='ltr'><strong>atas;</strong></span> 
     </span>
    </p>
   </div>
   <div class='ocr_carea' id='block_1_124' title="bbox 2199 5557 3777 5646">
    <p class='ocr_par' dir='ltr' id='par_1_124' title="bbox 2199 5557 3777 5646">
     <span class='ocr_line' id='line_1_127' title="bbox 2199 5557 3777 5646; baseline 0.021 -44"><span class='ocrx_word' id='word_1_936' title='bbox 2199 5557 2426 5646; x_wconf 48' lang='lat' dir='ltr'><strong>Jaur&#39;non</strong></span> <span class='ocrx_word' id='word_1_937' title='bbox 2452 5561 2541 5631; x_wconf 72' lang='lat' dir='ltr'><strong>tibi</strong></span> <span class='ocrx_word' id='word_1_938' title='bbox 2563 5562 2757 5628; x_wconf 82' lang='lat' dir='ltr'><strong>loquor,</strong></span> <span class='ocrx_word' id='word_1_939' title='bbox 2781 5568 2891 5628; x_wconf 86' lang='lat' dir='ltr'><strong>jam</strong></span> <span class='ocrx_word' id='word_1_940' title='bbox 2923 5557 3014 5642; x_wconf 67' lang='lat' dir='ltr'><strong>non</strong></span> <span class='ocrx_word' id='word_1_941' title='bbox 3034 5557 3632 5646; x_wconf 28' lang='lat' dir='ltr'><strong>&#39;céripéiibfflzé&#39;c&#39;ihifiiii</strong></span> 
     </span>
    </p>
   </div>
   <div class='ocr_carea' id='block_1_125' title="bbox 2201 5618 3780 5706">
    <p class='ocr_par' dir='ltr' id='par_1_125' title="bbox 2201 5618 3780 5706">
     <span class='ocr_line' id='line_1_128' title="bbox 2201 5618 3780 5706; baseline 0.015 -42"><span class='ocrx_word' id='word_1_942' title='bbox 2201 5618 2366 5706; x_wconf 42' lang='lat' dir='ltr'><strong>seruit,</strong></span> <span class='ocrx_word' id='word_1_943' title='bbox 2381 5630 2448 5706; x_wconf 44' lang='lat' dir='ltr'><strong>et‘</strong></span> <span class='ocrx_word' id='word_1_944' title='bbox 2473 5618 2718 5706; x_wconf 61' lang='lat' dir='ltr'><strong>irascitur.</strong></span> <span class='ocrx_word' id='word_1_945' title='bbox 2744 5618 2862 5706; x_wconf 63' lang='grc' dir='ltr'><strong>ἐῨοη</strong></span> <span class='ocrx_word' id='word_1_946' title='bbox 3049 5618 3780 5706; x_wconf 56' lang='grc' dir='ltr'><strong>’ἰαξῆᾖ””ἧῖδιπνὶιήοναξιξ</strong></span> 
     </span>
    </p>
   </div>
   <div class='ocr_carea' id='block_1_126' title="bbox 2201 5683 3774 5768">
    <p class='ocr_par' dir='ltr' id='par_1_126' title="bbox 2201 5683 3774 5768">
     <span class='ocr_line' id='line_1_129' title="bbox 2201 5683 3774 5768; baseline -0.001 0"><span class='ocrx_word' id='word_1_947' title='bbox 2201 5683 2523 5768; x_wconf 54' lang='lat' dir='ltr'><strong>&quot;aetatem</strong></span> <span class='ocrx_word' id='word_1_948' title='bbox 2546 5690 2804 5768; x_wconf 55' lang='lat' dir='ltr'><strong>satiram.-</strong></span> <span class='ocrx_word' id='word_1_949' title='bbox 2834 5705 2928 5768; x_wconf 63' lang='lat' dir='ltr'><strong>te&quot;</strong></span> <span class='ocrx_word' id='word_1_950' title='bbox 2950 5695 3118 5768; x_wconf 54' lang='grc' dir='ltr'><strong>ριςέεξρ.</strong></span> <span class='ocrx_word' id='word_1_951' title='bbox 3259 5683 3774 5768; x_wconf 49' lang='lat' dir='ltr'><strong>immensa</strong></span> 
     </span>
    </p>
   </div>
   <div class='ocr_carea' id='block_1_127' title="bbox 2205 5741 3632 5825">
    <p class='ocr_par' dir='ltr' id='par_1_127' title="bbox 2205 5741 3632 5825">
     <span class='ocr_line' id='line_1_130' title="bbox 2205 5741 3632 5825; baseline 0.017 -36"><span class='ocrx_word' id='word_1_952' title='bbox 2205 5741 2356 5793; x_wconf 74' lang='lat' dir='ltr'><strong>dicit?</strong></span> <span class='ocrx_word' id='word_1_953' title='bbox 2377 5755 2474 5797; x_wconf 55' lang='lat' dir='ltr'><strong>Non</strong></span> <span class='ocrx_word' id='word_1_954' title='bbox 2498 5751 2633 5804; x_wconf 74' lang='lat' dir='ltr'><strong>cultis</strong></span> <span class='ocrx_word' id='word_1_955' title='bbox 2656 5741 2728 5804; x_wconf 72' lang='lat' dir='ltr'><strong>ine</strong></span> <span class='ocrx_word' id='word_1_956' title='bbox 2753 5741 3475 5825; x_wconf 55' lang='grc' dir='ltr'><strong>ι’ἱὴάὶσὶιῖἐῖέρόἶιῦιῖ</strong></span> <span class='ocrx_word' id='word_1_957' title='bbox 3484 5760 3632 5814; x_wconf 68' lang='lat' dir='ltr'><strong>vobis.</strong></span> 
     </span>
    </p>
   </div>
  </div>
