4048 6208
287 229 392 282 1-31)

273 351 566 427 interrupit
593 357 919 428 prophetize;
955 373 1017 413 ac
1046 358 1237 413 merito
1272 372 1420 414 sane.
1460 358 1592 413 Nam
1623 357 1871 423 quoniam

269 444 460 517 legem
489 449 656 518 ipsius
697 449 985 516 violarant,
1019 456 1073 504 et
1106 449 1302 519 ejicere
1327 448 1658 504 immundum
1685 448 1874 502 timue-

281 548 426 602 rant,
456 538 830 610 pmpheticum
861 540 1002 594 sistit
1029 539 1225 593 donum
1255 558 1270 594 :
1301 537 1370 592 Et
1400 541 1600 594 verbum
1627 549 1731 591 erat
1759 555 1872 608 pre-

276 636 465 686 tiosum
491 642 628 694 tunc,
661 647 761 685 non
791 640 898 684 erat
921 647 1082 685 sermo
1108 630 1392 684 vaticinans
1419 630 1492 700 (l.
1524 628 1652 701 Reg.
1683 631 1734 683 5.
1766 630 1818 699 1)
1853 645 1868 682 :

277 723 384 778 hoc
411 732 513 788 est,
560 737 665 775 non
707 721 1077 790 alloquebatur
1103 720 1221 775 illos
1247 735 1342 790 per
1384 721 1668 790 prophetas
1709 719 1868 786 Deus,

276 830 379 869 ure
412 813 704 885 inspirabat
729 814 780 866 in
811 827 905 867 eos
931 812 1161 881 Spiritus
1185 829 1280 882 per
1303 828 1460 883 quem
1487 812 1866 883 loquebantur,

273 909 402 977 quia
431 906 760 961 imnmndum
789 920 954 975 penes
979 920 1037 960 se
1063 905 1330 960 habebant
1360 923 1374 959 :
1404 920 1576 975 neque
1615 905 1754 960 enim
1781 920 1870 960 so-

276 1001 353 1054 let
383 999 687 1053 immundos
713 996 896 1053 afﬁare
935 996 1164 1066 Spiritus
1193 997 1383 1066 gratia.
1431 997 1717 1068 Propterea
1762 1011 1866 1050 non

275 1092 486 1155 aderat,
510 1105 616 1143 non
638 1088 929 1159 apparebat
953 1087 1252 1158 prophetis,
1279 1086 1371 1142 sed
1392 1087 1514 1142 silet
1539 1098 1590 1141 et
1616 1088 1864 1141 occultat.

274 1181 349 1237 Ut
398 1191 576 1235 autem
631 1178 773 1249 quod
832 1177 952 1234 dico
1008 1177 1350 1233 manifestum
1407 1177 1679 1242 reddatur,
1736 1175 1868 1231 illud

272 1273 527 1342 exemplo
547 1270 852 1327 declarabo.
875 1269 1104 1325 Perinde
1124 1269 1274 1339 quasi
1303 1269 1564 1340 quispiam
1587 1285 1708 1339 erga
1735 1268 1868 1322 alte-

273 1381 395 1420 rum
434 1365 572 1419 bene
609 1361 852 1426 aﬁ‘ectus,
893 1361 960 1416 ab
997 1376 1063 1416 eo
1100 1360 1299 1416 furiose
1346 1360 1504 1416 fuerit
1543 1359 1777 1415 offensus
1813 1360 1866 1414 in

273 1472 336 1510 re
362 1456 562 1524 aliqua,
597 1462 654 1508 et
673 1452 819 1508 dicat
839 1451 912 1509 illi
939 1469 952 1506 :
977 1451 1091 1506 Non
1114 1451 1344 1521 amplius
1370 1467 1455 1507 me
1484 1451 1690 1506 videbis
1721 1469 1734 1505 :
1760 1467 1865 1506 non

269 1546 464 1615 loquar
502 1553 678 1599 tecum
730 1561 745 1598 :
785 1544 864 1599 sic
909 1551 1020 1597 tum
1064 1543 1172 1613 egit
1219 1543 1379 1597 Deus.
1425 1541 1864 1612 Quandoquidem

273 1637 424 1690 enim
465 1651 571 1690 non
598 1635 872 1706 ejicicntes
899 1635 1081 1690 Oziam
1111 1634 1258 1689 illum
1292 1634 1577 1700 irritaraut,
1610 1633 1725 1690 Non
1754 1649 1868 1688 am-

269 1726 437 1798 plius,
465 1725 658 1795 inquit,
687 1724 962 1795 prophetis
1001 1725 1191 1780 vestris
1227 1724 1440 1795 loquor,
1487 1740 1596 1780 non
1637 1725 1866 1795 amplius

269 1818 506 1888 Spiritus
534 1818 759 1888 gratiam
804 1817 979 1871 mitto.
1025 1815 1158 1872 Vide
1196 1815 1511 1887 supplicium
1542 1815 1866 1887 benignitate

269 1911 556 1966 refertum.
584 1909 698 1965 Non
731 1909 874 1965 enim
907 1909 1124 1964 fulmina
1156 1909 1396 1974 immisit,
1427 1923 1600 1979 neque
1629 1908 1866 1964 funditus

270 2002 461 2057 urbem
489 2001 799 2068 concussit;
827 2001 920 2056 sed
949 2000 1108 2072 quid?
1145 1999 1264 2055 Non
1303 2001 1461 2056 vultis
1503 2016 1589 2057 me
1635 2001 1863 2057 ulcisci?

270 2093 481 2162 inquit;
516 2108 620 2146 non
649 2087 925 2162 colloquor
955 2093 1250 2147 vobiscum.
1293 2091 1484 2148 Annon
1525 2091 1665 2148 enim
1710 2099 1862 2162 pote-

270 2198 389 2238 ram
418 2185 568 2239 illum
593 2184 831 2255 ejicere?
859 2183 1056 2239 Verum
1084 2183 1222 2253 quod
1268 2185 1522 2248 restabat,
1553 2185 1704 2240 vobis
1732 2184 1863 2240 reli-

269 2287 418 2330 ctum
457 2291 579 2332 esse
629 2276 795 2331 volui.
836 2276 950 2330 Non
993 2276 1184 2330 vultis?
1226 2275 1410 2346 Neque
1452 2291 1551 2347 ego
1588 2276 1865 2346 colloquor

267 2368 578 2431 Vobiscum,
627 2382 800 2437 neque
831 2367 1006 2423 excito
1037 2367 1414 2436 prophetarum
1443 2367 1701 2422 animum.
1744 2366 1862 2422 Non

267 2459 466 2529 agebat
496 2459 547 2512 in
571 2457 650 2512 eis
679 2457 907 2526 Spiritus
941 2457 1130 2528 gratia,
1160 2457 1428 2512 silentium
1455 2467 1589 2525 erat,
1617 2457 1863 2513 simultas

269 2549 418 2604 inter
442 2549 607 2604 Deum
651 2559 706 2603 et
747 2548 1014 2604 homines.
1055 2546 1188 2604 Cum
1235 2549 1392 2620 igitur
1433 2549 1520 2604 ille
1561 2560 1679 2619 post
1721 2557 1864 2605 esset

269 2653 542 2709 mortuus,
573 2642 779 2698 sublata
809 2652 891 2697 est
918 2651 973 2696 et
1002 2641 1329 2712 impurorum
1350 2642 1582 2717 occasio.
1613 2641 1752 2711 Ergo
1773 2640 1862 2696 ubi

269 2736 536 2807 propheta
569 2735 737 2791 multo
765 2745 1004 2806 tempore
1043 2735 1290 2791 desiisset
1319 2735 1632 2806 prardicere,
1664 2735 1863 2805 illoque

270 2826 493 2882 silentio
521 2827 691 2882 soluta
718 2826 902 2882 fuisset
940 2827 1019 2882 ira
1048 2827 1162 2891 Dei,
1209 2827 1366 2882 rediit
1400 2825 1694 2897 prophetia.
1727 2825 1863 2884 IIinc

270 2922 536 2990 propheta
566 2920 872 2976 necessario
896 2920 1142 2990 designat
1163 2921 1351 2975 mortis
1377 2931 1603 2990 tempus,
1635 2919 1816 2975 dicens
1845 2938 1858 2975 :

273 3013 344 3066 Et
373 3013 566 3082 factum
594 3022 668 3067 est
705 3029 860 3078 anno,
891 3028 989 3083 quo
1021 3022 1249 3067 mortuus
1290 3020 1362 3066 est
1413 3010 1565 3066 Ozias
1606 3027 1717 3078 rex,
1759 3012 1864 3067 vidi

271 3101 558 3157 Dominum
585 3104 833 3158 sedentem
861 3105 916 3157 in
938 3104 1066 3158 solio
1094 3103 1290 3159 excelso
1311 3112 1358 3158 et
1384 3103 1591 3159 elevato.
1620 3105 1753 3160 Cum
1773 3105 1862 3160 ille

269 3203 520 3251 mortuus
546 3201 708 3261 esset,
741 3205 850 3250 tum
876 3193 982 3251 vidi
1020 3193 1323 3250 Dominum.
1350 3193 1484 3249 Nam
1512 3203 1666 3250 antea
1695 3196 1862 3251 Deum

271 3303 383 3340 non
431 3285 676 3342 videbam
720 3287 873 3342 nobis
915 3288 1127 3343 iratum.
1174 3287 1331 3343 Venit
1368 3301 1514 3343 mors
1556 3287 1769 3358 impuri,
1809 3297 1864 3345 et

269 3378 438 3434 solvit
485 3379 641 3433 iram.
689 3378 836 3434 Ilane
877 3380 948 3435 ob
991 3395 1241 3449 causam,
1286 3395 1409 3436 cum
1448 3380 1642 3450 ubique
1678 3396 1864 3452 regum

272 3471 442 3524 vitam
477 3480 881 3535 commemoret,
906 3471 993 3527 hic
1019 3480 1246 3527 mortem
1273 3470 1407 3526 dixit
1431 3469 1575 3528 Ozias
1603 3490 1616 3526 :
1646 3471 1866 3527 Factum

272 3575 347 3619 est
375 3563 430 3616 in
459 3579 614 3629 anno,
642 3579 740 3632 quo
764 3571 990 3618 mortuus
1028 3574 1102 3619 est
1145 3563 1297 3619 Ozias
1321 3581 1432 3632 rex,
1463 3565 1566 3619 uidi
1591 3563 1864 3619 Dominum

266 3656 534 3710 sedentem
572 3655 626 3710 in
664 3655 792 3710 solio
836 3657 1030 3712 excelso
1072 3666 1118 3712 et
1161 3658 1368 3714 elevato.
1420 3659 1501 3714 Ac
1543 3673 1730 3714 rursus
1776 3657 1866 3714 hic

273 3750 646 3821 eomemplare
674 3750 766 3806 Dei
795 3751 1106 3806 bonitatem.
1132 3751 1367 3807 Mortuus
1407 3759 1491 3806 est
1514 3752 1774 3822 impurus,
1811 3758 1867 3806 et

277 3841 424 3897 Deus
469 3841 843 3898 reconciliatus
890 3851 973 3897 est
1025 3841 1342 3898 hominibus.
1374 3841 1732 3909 Quamobrem
1765 3841 1867 3897 hoc

276 3935 478 3989 factum
509 3943 613 4001 est,
638 3949 757 3989 eum
784 3932 912 3988 nihil
942 3941 1085 3988 esset
1112 3940 1259 3989 recte
1301 3931 1581 3997 factorum,
1621 3931 1714 3988 sed
1745 3941 1864 3986 tan-

276 4039 391 4081 tum
424 4027 517 4082 ille
549 4035 790 4080 mortuus
822 4025 1008 4080 esset?
1044 4024 1308 4092 Quoniam
1349 4024 1614 4078 humanus
1653 4033 1736 4079 est
1763 4023 1868 4078 Do—

275 4121 479 4183 minus,
510 4131 610 4173 nec
650 4116 702 4171 iu
743 4117 934 4172 talibus
973 4117 1082 4187 agit
1121 4113 1359 4172 severius
1405 4132 1420 4169 :
1463 4129 1625 4169 unum
1662 4121 1867 4168 tantum

277 4211 562 4282 quaarebat
598 4209 870 4264 beneﬁcus
914 4208 1077 4275 Deus,
1123 4216 1182 4262 ut
1220 4207 1393 4262 exiret
1437 4206 1695 4275 impurus.
1743 4204 1869 4260 Haec

283 4304 462 4373 itaque
499 4316 623 4357 cum
663 4302 916 4368 sciamus,
946 4299 1302 4370 arrogantiam
1327 4297 1662 4368 abjicianms,
1691 4296 1868 4352 Immi-

284 4396 484 4450 Iitatem
511 4394 914 4465 amplectamur,
958 4393 1170 4448 solitam
1209 4392 1432 4464 gloriam
1460 4391 1744 4448 offeramus
1765 4391 1866 4446 Pa-

288 4488 352 4540 tri
381 4496 437 4542 et
460 4486 598 4542 Filio
623 4495 675 4541 et
699 4485 919 4556 Spiritui
958 4492 1169 4551 sancto,
1208 4498 1351 4541 nunc
1381 4494 1435 4540 et
1472 4498 1705 4554 semper,
1733 4491 1788 4539 et
1814 4481 1868 4538 in

289 4579 481 4634 n-ctda
510 4577 851 4633 seculorum.
881 4575 1076 4632 Amen.

296 4751 347 4808 In
371 4754 573 4809 dictum
605 4749 733 4806 illud
765 4748 914 4804 Isaia:
940 4746 1222 4818 propheta:
1249 4765 1262 4801 :
1287 4744 1505 4800 Factum
1527 4754 1600 4800 est
1636 4745 1689 4799 in
1711 4761 1869 4804 anno.

359 4862 454 4915 quo
481 4853 713 4898 mortuus
740 4853 813 4896 est
843 4841 997 4896 Ozias
1022 4855 1114 4894 rea:
1135 4881 1150 4904 ,
1178 4839 1282 4893 vidi
1311 4836 1580 4891 Dominum
1621 4834 1783 4906 (Isai.
1813 4834 1869 4890 6.

365 4940 387 4994 I
419 4940 438 5008 )
460 4954 475 4992 :
498 4947 556 4992 et
581 4933 967 4991 demonstratio
986 4931 1128 5002 quod
1153 4930 1308 4985 Ozias
1327 4929 1447 4999 jure
1473 4928 1632 4983 fuerit
1655 4927 1874 4983 affectus

363 5030 509 5100 lepra
527 5068 544 5093 ,
573 5025 720 5098 quod
760 5033 955 5096 praeter
981 5022 1290 5094 dignitatem
1341 5021 1617 5076 incensum
1647 5017 1875 5073 obtulis-

364 5131 446 5177 set
467 5161 486 5187 ,
515 5119 568 5174 id
597 5115 741 5189 quod
783 5131 890 5171 nou
921 5114 1046 5170 licet
1075 5113 1288 5183 regibus
1308 5151 1325 5179 ,
1357 5112 1453 5168 sed
1487 5109 1872 5167 sacerdotibus.

897 5269 1177 5329 IIOMILIA
1219 5269 1282 5326 γ.

373 5412 422 5466 I.
461 5411 574 5483 Age
615 5407 933 5478 expositioni
979 5405 1049 5461 de
1097 5403 1222 5460 Ozia
1275 5411 1466 5474 empta:
1512 5400 1670 5458 hodie
1718 5401 1878 5456 ﬁnem

308 5498 670 5572 imponamus,
722 5498 985 5568 fastigium
1035 5495 1267 5552 sermoni
1309 5495 1418 5566 jam
1467 5493 1763 5560 addamus,
1812 5506 1882 5548 ne

314 5598 512 5666 quando
533 5608 632 5649 nos
645 5610 854 5664 quoque
869 5591 1220 5656 derideamur,
1252 5588 1701 5663 quemadmodum
1721 5603 1883 5643 evan-

317 5685 507 5752 gelicus
528 5680 750 5753 ille,qui
773 5695 1055 5754 aggressus
1089 5684 1348 5744 tediﬁcare
1378 5689 1593 5758 turrim,
1623 5686 1881 5756 perﬁcere

1341 241 1408 299 IN
1442 243 1664 309 ILLUD,
1711 242 1843 298 VIDI
1884 243 2212 317 DOMINUM,
2256 251 2484 308 IIOBIIL.
2519 255 2584 311 V.

3457 265 3560 322 I30

1982 375 2085 414 non
2111 368 2277 432 potuit
2308 385 2322 421 :
2351 384 2416 422 no
2442 369 2560 438 quis
2589 370 2874 442 aliquando
2906 381 3336 444 prmtereuntium
3367 382 3434 438 de
3465 399 3562 440 uo-

1980 451 2061 507 bis
2084 471 2295 527 quoque
2321 458 2462 513 dicat
2493 478 2508 516 :
2553 461 2654 515 llic
2681 465 2830 519 homo
2863 467 3009 536 rwpit
3042 469 3316 538 aediﬁcare,
3348 491 3436 528 nec
3468 493 3560 544 pu-

1979 545 2071 597 tuit
2095 547 2335 616 perﬁcere
2365 549 2513 619 (Luc.
2549 554 2636 608 M.
2677 553 2788 626 50).
2827 557 3018 613 Verum
3049 577 3151 628 quo
3179 563 3328 618 vobis
3369 564 3561 620 diluci-

1977 634 2125 692 diora
2157 639 2284 695 ﬁant
2313 657 2429 710 qua:
2450 643 2710 712 dicentur,
2739 663 2802 701 ex
2835 648 2896 704 iis
2923 666 3040 718 qua:
3058 652 3194 706 dicta
3221 665 3345 709 sunt
3368 673 3559 725 nuper,

1975 740 2153 796 operte
2179 731 2404 798 pretium
2435 735 2537 788 erit
2566 751 2729 805 pauca
2755 749 2992 808 repetere
3012 783 3027 807 ,
3060 759 3124 796 ne
3154 747 3324 814 capite
3348 757 3559 802 trunca-

1977 825 2062 871 tus
2088 833 2266 874 sermo
2293 831 2477 878 noster
2502 825 2724 894 prodeat
2754 828 2804 882 in
2837 830 3111 897 Spirituale
3144 834 3433 901 theatrum,
3463 839 3560 893 sed

1973 921 2283 978 recuperata
2351 915 2484 970 facie
2531 931 2624 971 sua
2673 916 2825 974 facile
2878 936 2907 974 a
2950 927 3338 992 spectatoribus
3389 932 3554 998 possit

1973 1001 2210 1068 agnosci.
2267 1003 2321 1057 ld
2366 1007 2506 1059 enim
2541 1009 2738 1074 pariter
2767 1019 2820 1062 et
2850 1011 2913 1065 iis
2938 1014 3026 1081 qui
3078 1016 3394 1084 audierunt,
3456 1022 3558 1074 erit

1975 1091 2246 1146 memoria:
2285 1098 2590 1164 renovatio,
2621 1109 2674 1152 et
2726 1099 2788 1154 iis
2814 1101 2903 1170 qui
2946 1119 3050 1158 non
3092 1107 3410 1178 audierunt,
3458 1113 3554 1164 do-

1972 1181 2160 1235 etrina.
2177 1181 2357 1252 Nuper
2382 1184 2538 1256 igitur
2561 1187 2790 1244 diximus
2811 1206 2968 1260 quam
2991 1195 3144 1249 fuerit
3171 1197 3287 1265 pius
3306 1199 3481 1267 Ozias,
3503 1211 3559 1257 et

1972 1272 2241 1339 quomodo
2269 1278 2504 1330 evaserit
2534 1277 2805 1347 improbus
2825 1323 2838 1346 ,
2871 1291 2926 1336 et
2955 1283 3095 1338 unde
3123 1301 3307 1352 orsus,
3338 1304 3443 1359 quo
3467 1305 3558 1344 su-

1971 1363 2169 1431 pet-hia:
2218 1366 2494 1435 prolapsus
2544 1370 2661 1423 sit:
2710 1371 2868 1428 hodie
2915 1389 3044 1430 vero
3087 1376 3370 1434 dicendum
3418 1383 3552 1449 erit,

1970 1453 2237 1522 quomodo
2292 1457 2544 1527 templum
2579 1460 2846 1530 ingressus
2875 1464 2973 1528 sit,
3020 1467 3285 1534 quomodo
3339 1474 3555 1526 tentarit

1969 1543 2186 1599 adolere
2225 1545 2532 1613 incensum,
2579 1552 2848 1619 quomodo
2896 1554 3224 1622 prohibuerit
3270 1558 3417 1614 illum
3463 1577 3552 1615 sa-

1969 1634 2181 1702 cerdos,
2200 1639 2466 1706 quomodo
2487 1639 2575 1696 ille
2593 1656 2698 1696 non
2721 1645 2962 1709 cesserit,
2981 1648 3250 1716 quomodo
3273 1649 3324 1704 in
3348 1666 3406 1705 se
3429 1667 3554 1721 pro-

1969 1729 2238 1782 voeaverit
2277 1729 2406 1784 iram
2438 1730 2565 1798 Dei,
2597 1735 2864 1803 quomodo
2907 1736 3068 1805 leprae
3097 1739 3358 1795 obnoxius
3389 1743 3550 1796 vitam

1969 1819 2198 1887 ﬁnierit,
2230 1830 2284 1876 et
2326 1839 2482 1894 quam
2513 1825 2582 1880 oh
2607 1840 2821 1881 causam
2869 1829 3125 1898 propheta
3175 1834 3552 1901 prmtermissis

1967 1911 2091 1966 vita:
2137 1913 2275 1969 illius
2301 1915 2487 1970 diebus
2511 1956 2524 1981 ,
2555 1919 2742 1972 mortis
2785 1919 2971 1974 fecerit
3013 1923 3338 1976 mentionem
3367 1925 3436 1977 ita
3464 1924 3548 1978 lo-

1968 2016 2138 2072 quens
2167 2020 2181 2058 :
2211 2004 2393 2071 Anno,
2423 2023 2520 2076 quo
2545 2018 2770 2062 mortuus
2798 2019 2874 2061 est
2904 2008 3056 2065 Ozias
3082 2027 3170 2065 rex
3198 2010 3351 2081 (lsai.
3381 2013 3432 2067 6.
3467 2015 3546 2083 1).

1967 2093 2094 2148 llaec
2119 2095 2260 2150 enim
2303 2110 2461 2150 causa
2493 2096 2590 2151 fuit
2618 2113 2713 2153 cur
2738 2106 2903 2154 tutam
2931 2100 2998 2155 ab
3019 2101 3239 2157 exordio
3265 2101 3546 2160 historiam

1967 2192 2353 2252 tractaremus;
2382 2187 2476 2243 sed
2501 2189 2796 2244 auscultate
2820 2191 3122 2261 diligenter.

2041 2277 2192 2349 Regis
2249 2279 2590 2333 sacerdotium
2636 2280 2915 2335 invadentis
2960 2281 3194 2336 audacia.
3255 2283 3548 2340 Sacerdotis

1965 2378 2155 2440 quanta
2187 2378 2425 2439 potestas.
2448 2400 2516 2410 —
2537 2370 2603 2424 Et
2625 2374 2816 2442 factum
2857 2381 2965 2437 est,
2995 2373 3204 2444 inquit,
3250 2391 3364 2430 cum
3404 2377 3548 2431 inva-

1946 2458 2139 2540 ‘luisset
2169 2457 2321 2513 Ozias
2347 2476 2438 2514 rex
2454 2501 2470 2526 ,
2497 2460 2682 2514 elatum
2703 2469 2776 2515 est
2801 2477 2889 2515 cor
2906 2461 3016 2532 ejus
3033 2504 3050 2529 ,
3077 2479 3231 2533 usque
3267 2467 3336 2518 ad
3367 2483 3546 2521 corru-

1967 2553 2207 2622 ptionem,
2230 2563 2276 2606 et
2297 2553 2536 2624 injuriam
2559 2554 2673 2625 fecit
2699 2554 2753 2608 in
2780 2553 2994 2608 Domino
3019 2554 3126 2610 Deo
3152 2573 3244 2611 suo
3265 2558 3341 2628 (2.
3367 2557 3544 2613 Paral.

1963 2643 2054 2698 26.
2080 2643 2193 2715 16).
2217 2645 2346 2714 Quis
2374 2646 2578 2715 injuria:
2606 2646 2835 2701 modus?
2857 2645 3126 2718 Ingressus
3150 2659 3249 2715 est,
3274 2651 3460 2720 inquit,
3494 2653 3546 2705 in

1966 2737 2209 2806 templum
2238 2737 2460 2802 Domini,
2485 2748 2536 2790 ut
2556 2737 2780 2792 adoleret
2807 2739 3063 2792 incensum
3083 2757 3234 2808 super
3252 2742 3412 2796 altare
3433 2743 3548 2813 thy-

1965 2828 2236 2881 miamatis.
2279 2826 2323 2883 Ο
2374 2828 2682 2883 audaciam!
2728 2843 2761 2883 ο
2810 2828 3224 2898 impudentiam!
3279 2832 3548 2889 Adversus

1965 2919 2078 2990 ipsa
2107 2933 2258 2974 sacra
2283 2918 2440 2990 adyta
2465 2934 2623 2973 ausus
2643 2960 2658 2985 ,
2685 2919 2738 2973 in
2777 2927 2962 2975 sancta
2990 2933 3292 2974 sanctorum
3324 2921 3543 2992 irrupit,

1965 3011 2054 3082 qui
2079 3011 2228 3066 locus
2252 3010 2498 3065 omnibus
2523 3009 2954 3065 eratinaccessus
2972 3050 2986 3074 ,
3017 3019 3366 3081 praeterquam
3399 3028 3544 3066 sum-

1965 3116 2055 3158 mo
2078 3100 2378 3166 sacerdoti,
2423 3099 2564 3155 hunc
2602 3098 2884 3170 profanare
2906 3108 3128 3156 conatus
3154 3109 3254 3156 est.
3299 3101 3441 3156 Talis
3459 3112 3548 3158 est

1965 3194 2140 3248 anima
2169 3193 2223 3250 in
2249 3193 2604 3263 arrogantiam
2633 3192 2860 3247 sublata.
2890 3191 3070 3248 Semel
3094 3193 3234 3248 enim
3266 3193 3545 3264 desperata

1965 3285 2138 3340 salute
2166 3298 2496 3355 nequaquam
2514 3282 2708 3338 desinit
2724 3281 2920 3348 furere,
2939 3297 3122 3338 verum
3147 3283 3380 3339 habenas
3405 3285 3546 3339 salu-

1967 3378 2034 3433 tis
2053 3393 2164 3433 sua:
2181 3377 2366 3432 laxans
2382 3375 2836 3431 irrationabilibus
2855 3375 3232 3444 cupiditatibus
3249 3377 3440 3447 quovis
3459 3394 3544 3430 ra-

1967 3470 2133 3543 pitur,
2153 3482 2251 3524 nec
2269 3467 2423 3523 aliter
2439 3483 2596 3538 quam
2613 3482 2780 3538 equus
2797 3467 3076 3533 ferociens,
3098 3467 3186 3527 ubi
3208 3467 3414 3523 frenum
3429 3484 3543 3534 ore,

1965 3576 2233 3618 sessorem
2259 3569 2406 3630 tergo
2425 3558 2679 3625 excussit,
2707 3558 2876 3614 fertur
2892 3559 3079 3629 quovis
3105 3567 3265 3614 vento
3288 3560 3543 3626 velocius,

1967 3651 2215 3707 omnibus
2254 3649 2426 3707 obviis
2465 3649 2832 3716 intolerabilis,
2879 3649 3274 3720 diffugientibus
3313 3650 3540 3709 cunctis.

1967 3760 2140 3815 neque
2165 3757 2428 3814 quoquam
2458 3741 2690 3796 audente
2729 3739 2984 3796 cohibere
3012 3757 3026 3795 :
3057 3740 3136 3796 sic
3161 3750 3216 3796 et
3239 3739 3414 3795 anima
3459 3740 3548 3796 ubi

1969 3837 2066 3894 Dei
2096 3837 2342 3892 timorem
2387 3836 2555 3904 ipsam
2587 3834 2943 3890 refrenantem
2985 3833 3249 3898 excussit,
3284 3841 3341 3888 et
3379 3833 3547 3886 ratio-

1968 3948 2092 3989 nem
2115 3930 2352 3989 habenas
2381 3928 2747 3983 moderantem
2776 3927 2932 3997 ejecit
2953 3966 2968 3990 ,
3009 3924 3076 3980 ad
3102 3925 3303 3995 quaevis
3331 3925 3549 3978 malitia:

1970 4025 2084 4079 loca
2107 4022 2376 4088 decurrit,
2397 4020 2570 4076 donec
2593 4019 2649 4074 in
2674 4018 2820 4073 exitii
2844 4015 3150 4072 barathrum
3175 4014 3379 4078 delata,
3409 4029 3548 4083 pra:-

1969 4114 2202 4187 cipitarit
2227 4127 2378 4168 suam
2408 4112 2576 4183 ipsius
2595 4110 2841 4166 salutem.
2867 4109 3203 4177 Quapropter
3227 4112 3440 4175 Oportet
3465 4119 3551 4156 as-

1970 4207 2122 4264 sidue
2146 4205 2290 4262 illam
2320 4203 2629 4270 refrenare,
2664 4215 2728 4255 ac
2763 4198 2974 4270 pietatis
3003 4197 3209 4253 ratione
3249 4211 3349 4251 ceu
3398 4195 3550 4250 freno

1969 4298 2200 4370 quodam
2226 4293 2642 4352 irrationabilem
2670 4291 2809 4346 illius
2837 4291 3092 4360 impetum
3114 4287 3387 4343 inhibere:
3410 4286 3551 4357 quod

1973 4406 2078 4448 non
2106 4389 2233 4447 fecit
2257 4389 2411 4444 Ozias
2433 4429 2448 4453 ,
2473 4385 2569 4442 sed
2597 4385 2852 4440 adversus
2876 4383 3046 4452 ipsum
3085 4381 3325 4435 omnium
3359 4392 3551 4448 supreo

1971 4500 2119 4542 mum
2158 4481 2511 4555 principatum
2554 4479 2722 4549 legem
2755 4486 3115 4546 transgressus
3145 4482 3246 4530 est.
3279 4471 3551 4542 Siquidem

1972 4576 2330 4634 sacerdotium
2361 4573 2688 4645 principatus
2715 4577 2798 4626 est
2819 4611 2835 4636 ,
2864 4568 2980 4638 ipso
3005 4567 3164 4622 etiam
3199 4580 3365 4635 regno
3390 4579 3553 4620 vene-

1973 4667 2194 4725 rabilius
2225 4681 2290 4722 ac
2319 4664 2510 4736 majus.
2553 4662 2631 4718 Ne
2655 4662 2785 4716 mihi
2811 4673 2998 4714 narres
3034 4670 3352 4728 purpuram,
3383 4669 3556 4724 neque

1974 4760 2251 4825 diadema,
2299 4771 2475 4828 neque
2501 4765 2678 4811 vestes
2717 4767 2927 4807 aureas.
2957 4749 3174 4806 Umbrae
3217 4755 3341 4802 sunt
3371 4745 3556 4801 istluec

1977 4853 2155 4910 omnia
2177 4891 2195 4919 ,
2222 4850 2512 4919 veritisque
2540 4844 2775 4900 flosculis
2803 4843 3020 4898 leviora.
3061 4839 3238 4893 Omnis
3265 4839 3407 4894 enim
3428 4879 3446 4905 ,
3477 4839 3560 4893 in-

1976 4945 2125 5016 quit,
2155 4941 2372 4998 hominis
2396 4938 2559 5010 gloria
2574 4937 2701 4991 sicut
2727 4936 2824 5006 ﬂos
2845 4932 2966 5004 {terti
2993 4930 3145 5002 (Isai.
3169 4930 3260 4985 40.
3282 4927 3367 5000 6),
3396 4930 3555 4986 etiam

1979 5037 2026 5092 si
2052 5036 2221 5104 ipsam
2248 5031 2471 5103 gloriam
2498 5029 2730 5098 regalem
2761 5025 2982 5080 dixeris.
3011 5023 3121 5090 Ne,
3155 5023 3390 5094 inquam,
3428 5021 3559 5076 mihi

1980 5142 2168 5184 narres
2187 5125 2322 5188 ista;
2355 5121 2449 5177 sed
2478 5120 2522 5176 si
2551 5120 2634 5175 vis
2657 5118 2842 5174 videre
2866 5117 3152 5172 discrimen
3196 5125 3451 5185 qttautum
3494 5113 3566 5167 sit

1981 5231 2162 5289 regem
2191 5217 2329 5270 inter
2365 5221 2422 5269 et
2461 5207 2796 5268 sacerdotem
2818 5250 2834 5277 ,
2868 5205 3115 5279 expende
3144 5204 3360 5261 modum
3407 5213 3563 5273 pele-

1983 5311 2137 5366 statis
2165 5307 2374 5378 utrique
2396 5305 2624 5370 traditae,
2650 5301 2855 5360 videbis
2879 5299 3211 5357 sacerdotem
3242 5297 3408 5352 multo
3436 5293 3566 5348 sub-

1986 5403 2167 5460 limius
2208 5415 2338 5472 rege
2378 5398 2674 5454 sedentem.
2704 5397 3035 5466 Quamquam
3081 5391 3226 5448 enim
3275 5387 3429 5444 nobis
3472 5400 3564 5439 ve-

1987 5492 2285 5551 perandum
2339 5489 2552 5545 videtur
2604 5487 2794 5542 solium
2847 5483 3054 5553 regium
3107 5481 3177 5536 ob
3225 5491 3466 5550 gemmas
3514 5473 3565 5528 ei

1989 5585 2214 5647 afﬁxas,
2270 5588 2326 5636 et
2370 5593 2558 5634 aumm
2613 5592 2718 5647 quo
2741 5576 2972 5630 cinctum
2999 5580 3086 5625 est
3123 5585 3138 5623 :
3171 5579 3350 5622 tamen
3387 5579 3568 5621 rertua

1995 5690 2328 5737 terrenarum
2357 5671 2869 5728 administrationem
2911 5663 3132 5720 sortitus
3173 5676 3270 5717 rex
3309 5670 3416 5724 est,
3467 5667 3569 5710 nec
