4048 6208
592 319 686 374 151

585 431 720 483 ultra
755 431 1068 494 potestatem
1115 416 1252 471 hanc
1279 413 1562 485 quidquam
1591 409 1751 464 habet
1789 407 2116 462 auctoritatis
2149 421 2163 457 :

587 533 776 571 verum
799 510 1080 567 sacerdotii
1122 507 1313 563 solium
1355 505 1409 558 in
1438 503 1583 557 caelis
1611 501 1928 557 collocatum
1969 502 2080 559 éal,
2113 505 2167 550 et

587 607 817 659 cmlestia
844 597 1250 655 administrandi
1281 595 1442 650 habet
1469 592 1860 647 auctoritatem.
1893 589 2022 654 Quis
2055 587 2170 640 haec

591 693 756 747 (llt'll?
777 691 893 762 ipse
916 691 1167 745 caelorum
1197 688 1329 742 Rex.
1367 685 1706 752 Quacumque
1725 683 1866 736 enim
1898 679 2170 750 ligaveritis

585 802 736 856 super
773 793 988 847 terram,
1017 789 1161 834 erunt
1197 779 1352 850 ligata
1381 788 1428 830 ct
1459 777 1510 828 in
1548 775 1684 828 cazlis
1713 788 1732 826 :
1769 781 1818 826 et
1844 785 2170 841 quwcumque

584 878 830 934 solueritis
851 891 1002 946 super
1029 883 1248 937 terram,
1281 881 1423 924 erunt
1446 868 1608 934 soluta
1636 877 1682 920 et
1708 867 1760 920 in
1788 865 1924 920 crelis
1955 863 2167 935 (Matth.

589 974 677 1026 lli.
724 969 830 1038 19).
867 967 1002 1034 Quid
1042 980 1161 1022 cum
1215 964 1317 1018 hoc
1370 963 1572 1016 honore
1616 958 1845 1014 c0nferri
1893 957 2096 1028 possit?
2128 958 2168 1011 Δ

589 1059 1012 1132 terrajudicandi
1032 1055 1375 1128 principalem
1395 1054 1765 1108 auctoritatem
1787 1052 2164 1107 sumitcarlnm.

587 1156 715 1210 Nam
740 1153 899 1223 judex
932 1150 1081 1205 Sedet
1103 1151 1156 1204 in
1189 1161 1350 1215 terra,
1380 1147 1633 1202 Dominus
1663 1147 1903 1215 sequitur
1929 1161 2163 1210 servum,

591 1259 645 1300 et
671 1245 925 1317 quidquid
969 1243 1054 1298 hic
1083 1244 1134 1298 in
1165 1239 1505 1297 inferioribus
1536 1237 1821 1309 jndicarit,
1852 1237 1954 1293 hoc
1981 1238 2070 1300 ille
2118 1238 2170 1292 in

587 1339 834 1412 superuis
858 1335 1187 1407 comprobat.
1213 1334 1396 1403 Itaque
1422 1331 1625 1386 medius
1647 1339 1751 1385 stat
1768 1329 2018 1384 sacerdos
2035 1329 2174 1384 inter

591 1435 754 1490 ltcum
779 1439 831 1486 et
856 1440 1096 1484 naturam
1127 1427 1434 1489 humanam,
1467 1424 1612 1478 illinc
1633 1423 1894 1479 venientia
1918 1423 2172 1478 beneficia

588 1523 653 1576 ad
687 1537 783 1577 nos
808 1519 1075 1584 deferens,
1105 1530 1159 1572 et
1188 1525 1398 1572 nostras
1422 1515 1702 1585 petitiones
1729 1514 1853 1569 illuc
1879 1513 2170 1584 perferens,

593 1613 871 1667 hominum
904 1611 1092 1663 iratum
1125 1607 1477 1662 reconcilians
1500 1606 1768 1660 communi
1803 1613 2004 1659 naturae
2030 1646 2046 1671 ,
2076 1620 2173 1660 nos

590 1707 676 1774 qui
723 1705 1044 1760 olleudimus
1081 1704 1314 1773 eripiens
1349 1719 1416 1760 ex
1461 1703 1602 1758 illius
1654 1701 1913 1757 manibus.
1969 1700 2174 1756 idcirco

595 1799 731 1853 Deus
759 1799 930 1868 ipsum
954 1798 1129 1867 regale
1157 1804 1317 1867 caput
1337 1796 1631 1850 sacerdotis
1653 1795 1896 1850 manibus
1921 1794 2168 1862 subjecit.

591 1907 689 1944 nos
716 1891 942 1955 docens,
982 1889 1125 1944 hunc
1166 1889 1462 1959 principem
1491 1903 1610 1943 esse
1638 1888 1730 1943 illo
1768 1887 2023 1957 majorem
2057 1888 2174 1942 :si-

590 1981 801 2051 quidem
830 1981 880 2036 id
912 1981 1053 2051 quod
1087 1981 1261 2036 minus
1290 1989 1406 2046 est,
1437 1979 1864 2038 benedictionem
1889 1979 2081 2048 accipit
2107 1979 2174 2034 ab

592 2092 658 2130 eo
724 2074 862 2144 quod
931 2073 1272 2144 prteslaut'tns
1326 2081 1428 2127 est.
1490 2071 1688 2126 Verum
1747 2071 1816 2127 de
1873 2070 2174 2125 sacerdotio

591 2174 891 2236 quantaque
920 2166 989 2221 sit
1035 2165 1174 2220 illius
1219 2164 1483 2234 dignitas,
1513 2164 1620 2220 alio
1663 2172 1905 2233 tempore
1932 2162 2173 2218 declara-

592 2258 764 2311 himus
799 2274 814 2310 :
848 2257 1061 2311 interim
1111 2257 1516 2312 consideremus
1561 2265 1756 2324 quanta
1803 2255 1872 2310 sit
1912 2255 2052 2325 regis
2091 2255 2174 2310 vel

593 2351 804 2422 tyranni
854 2351 1028 2419 potius
1057 2349 1329 2420 iniquitas.
1384 2347 1680 2418 ingressus.
1699 2357 1781 2402 est
1821 2346 1874 2402 in
1917 2349 2171 2418 templum

593 2442 836 2508 Domini,
867 2441 1140 2508 ingressus
1167 2450 1249 2498 est
1276 2449 1330 2495 et
1359 2440 1574 2494 Azarias
1600 2438 1854 2494 sacerdos
1880 2448 2001 2510 post
2029 2452 2176 2490 eum.

593 2536 673 2589 An
699 2546 898 2590 temere
926 2533 1168 2592 dicebam
1199 2531 1535 2586 sacerdotem
1566 2545 1690 2601 rege
1719 2531 1976 2600 majorem
2019 2531 2172 2586 esse?

591 2627 775 2696 t‘ieqne
791 2625 933 2682 enim
961 2633 1017 2680 ut
1034 2639 1213 2696 regem
1231 2621 1516 2692 ejecturus,
1538 2621 1629 2676 sed
1650 2631 1705 2675 ut
1723 2620 2002 2692 profugum
2020 2629 2074 2676 et
2095 2623 2178 2674 in-

590 2729 796 2788 gratum
819 2717 1078 2774 famulum
1094 2715 1434 2787 expulsurus,
1457 2730 1576 2770 cum
1605 2714 1941 2770 vehementia
1972 2713 2176 2784 ingres-

590 2827 684 2868 sus
707 2820 819 2877 est,
847 2826 956 2866 non
982 2811 1143 2865 aliter
1169 2826 1330 2880 quam
1358 2823 1656 2880 generosus
1681 2809 1830 2863 cauis
1858 2808 2080 2861 incurrit
2107 2806 2175 2862 ad

593 2904 853 2974 impuram
874 2902 1121 2965 bestiam,
1143 2904 1202 2955 ut
1229 2900 1370 2956 illam
1390 2900 1564 2969 exigat
1583 2898 1649 2952 ab
1674 2898 1876 2952 aedibus
1899 2897 2174 2954 herilibus.

660 2998 715 3051 2.
747 2994 962 3050 Fiducia
985 2993 1255 3050 sacerdotis
1275 2993 1360 3061 qui
1393 2989 1572 3046 Osiam
1608 2991 1874 3059 repressit,
1903 2989 2175 3054 laudatur;

593 3089 769 3144 timida
813 3089 1085 3158 impietas;
1130 3083 1366 3139 sacerdos
1409 3081 1660 3153 quomodo
1706 3081 1882 3136 debeat
1927 3082 2179 3152 corripere

592 3182 885 3251 principem.
918 3209 989 3221 —-
1019 3177 1203 3233 \‘idiSti
1224 3175 1515 3232 sacerdotis
1540 3177 1776 3230 animum
1799 3174 1962 3230 multa
1988 3175 2177 3229 lidueia

595 3274 828 3340 plenum,
855 3269 1156 3338 excelsique
1179 3266 1434 3336 spiritus?
1461 3265 1574 3320 Non
1595 3266 1886 3336 aspiciebat
1915 3267 2180 3336 principa.

593 3373 676 3414 tus
703 3359 893 3415 fastum
909 3400 924 3426 ,
952 3373 1058 3412 non
1082 3357 1412 3426 expeudebat
1437 3367 1634 3427 quanta
1661 3372 1748 3412 res
1773 3366 1914 3412 esset
1941 3359 2178 3411 animum

593 3449 878 3520 cupiditate
907 3448 1256 3502 temulentum
1299 3446 1588 3509 cohibere;
1637 3463 1741 3502 non
1772 3447 2018 3502 audiebat
2050 3447 2179 3503 illud

592 3540 922 3601 Salomonis:
948 3539 1108 3596 Minas
1128 3541 1260 3612 regis
1279 3541 1406 3595 sicut
1426 3541 1505 3594 ira
1526 3540 1683 3594 leonis
1703 3539 1722 3610 (
1745 3537 1900 3595 Prov.
1928 3539 2012 3596 19.
2040 3540 2105 3613 12
2124 3543 2178 3611 );_

593 3637 684 3690 sed
729 3635 947 3690 sublatis
973 3635 1140 3690 oculis
1169 3633 1236 3689 ad
1267 3649 1447 3688 verum
1481 3633 1678 3698 Regem
1708 3633 1993 3698 caelorum,
2024 3643 2182 3704 atque

595 3726 722 3780 illud
755 3727 1016 3793 tribunal,
1045 3742 1244 3796 easque
1274 3741 1458 3796 paruas
1488 3726 1866 3794 considerans,
1897 3737 1952 3783 et
1982 3728 2065 3782 his
2093 3743 2184 3782 eo.

593 3818 936 3881 nitationibus
964 3834 1084 3874 sese
1128 3817 1370 3872 muniens
1394 3859 1408 3880 ,
1461 3816 1716 3886 impetum
1748 3817 1874 3874 fecit
1917 3819 1970 3873 in
2003 3828 2181 3890 tyran-

596 3911 742 3964 ututi.
774 3909 1003 3965 Noverat
1031 3909 1172 3964 enim
1194 3951 1208 3976 ,
1242 3916 1498 3974 noverat,
1538 3909 1751 3980 inquam
1772 3952 1787 3978 ,
1825 3921 1973 3966 certe
2014 3911 2186 3966 minas

595 4003 735 4073 regis
758 4001 960 4056 similes
997 4015 1115 4056 esse
1146 4001 1236 4054 ira:
1263 4000 1436 4055 leonis
1475 4000 1749 4058 dumtaxat
1786 4000 1850 4056 iis
1874 4002 1962 4072 qni
1991 4011 2184 4058 terram

596 4105 936 4166 spectarent:
981 4109 1168 4149 vertun
1208 4093 1406 4148 homini
1447 4094 1538 4164 qui
1581 4095 1768 4149 ciuium
1807 4093 2036 4149 habebat
2079 4109 2187 4162 pra:

597 4187 796 4255 ﬁculis,
823 4191 1020 4260 quique
1047 4189 1125 4244 sic
1151 4186 1438 4243 induxerat
1464 4189 1696 4243 animum
1716 4228 1731 4254 ,
1760 4195 1819 4241 ut
1844 4192 2002 4253 vitam
2032 4187 2187 4242 citius

601 4285 654 4338 in
685 4283 813 4352 ipsis
836 4281 1008 4352 adytis
1036 4280 1368 4350 deponeret,
1401 4293 1558 4349 quam
1587 4293 1765 4334 sacras
1805 4277 1948 4348 leges
1990 4279 2189 4333 sineret

602 4373 823 4436 violari,
849 4371 1034 4438 quovis
1055 4386 1188 4425 cane
1213 4370 1367 4424 vilior
1391 4379 1508 4424 erat
1536 4368 1645 4425 ille.
1671 4369 1811 4424 Nihil
1834 4371 1975 4424 enim
2000 4385 2066 4425 eo
2093 4370 2192 4423 im-

605 4463 875 4525 hecillius,
906 4461 994 4529 qni
1021 4459 1226 4514 divinas
1246 4460 1527 4514 conculcat
1550 4460 1693 4529 leges
1717 4501 1733 4525 ,
1765 4467 1821 4514 ut
1848 4459 2030 4515 contra
2057 4459 2188 4515 nihil

606 4549 871 4622 potentius
894 4565 959 4604 eo
988 4551 1076 4618 qui
1100 4551 1246 4619 leges
1270 4549 1480 4604 divinas
1506 4548 1762 4604 defendit.
1793 4550 1923 4606 Nam
1953 4551 2052 4618 Qui
2076 4568 2190 4620 pec-

605 4653 768 4697 catum
808 4642 1105 4708 committit,
1155 4658 1328 4697 servus
1368 4651 1442 4697 est
1481 4644 1670 4713 peccati
1710 4642 1903 4712 (Joan.
1935 4647 1989 4701 8.
2021 4646 2108 4701 54.
2135 4647 2188 4716 ),

605 4735 813 4790 etiamsi
857 4735 1042 4791 decem
1084 4735 1248 4790 millia
1294 4751 1614 4791 coronarum
1663 4735 1856 4791 habeat
1894 4737 1948 4792 in
1975 4738 2188 4807 capite:

604 4837 790 4884 contra
835 4828 880 4883 si
919 4829 1040 4898 quis
1074 4827 1335 4899 justitiam
1365 4838 1615 4898 operatur
1634 4870 1648 4891 ,
1677 4829 1794 4900 ipso
1823 4845 1945 4899 rege
1971 4830 2195 4900 regalior

605 4929 689 4975 est
708 4961 724 4986 ,
755 4921 964 4976 etiamsi
995 4921 1154 4977 fuerit
1181 4922 1419 4976 omnium
1449 4923 1678 4976 iniimus.
1713 4923 1836 4978 Haec
1862 4923 1949 4978 ille
1977 4923 2196 4994 pratcla-

609 5030 698 5068 rus
723 5013 865 5084 apud
895 5029 1015 5069 sese
1050 5015 1455 5086 philosophatus
1473 5055 1489 5081 ,
1519 5015 1736 5072 adortus
1763 5027 1845 5072 est
1881 5031 2080 5088 regem.
2107 5015 2195 5072 ln-

606 5104 913 5176 grediamur
941 5112 996 5159 et
1021 5121 1120 5161 nos
1139 5146 1152 5170 ,
1186 5107 1232 5160 si
1259 5107 1469 5164 videtur
1487 5147 1504 5174 ,
1534 5123 1658 5164 cum
1687 5108 1806 5174 illo,
1840 5117 1898 5163 ut
1924 5107 2201 5166 videamus

607 5194 734 5265 quid
758 5194 1005 5264 loquatur
1025 5195 1156 5265 regi.
1186 5195 1336 5252 Licet
1359 5198 1500 5253 enim
1526 5217 1540 5253 :
1572 5214 1742 5269 neque
1768 5197 2086 5254 mediocrem
2108 5199 2202 5255 ad.

610 5288 746 5343 feret
773 5286 1057 5342 utilitatem
1077 5329 1092 5355 ,
1115 5297 1359 5357 spectare
1380 5305 1562 5360 regem
1581 5306 1613 5346 a
1633 5291 1909 5346 sacerdote
1931 5291 2198 5364 redargui.

609 5379 748 5448 Quid
777 5379 932 5448 igitur
958 5377 1085 5433 dicit
1114 5378 1403 5434 sacerdos?
1432 5381 1554 5436 Non
1589 5381 1702 5436 licet
1728 5382 1845 5449 tibi,
1896 5382 2053 5450 θεία,
2107 5385 2204 5437 ad-

614 5473 752 5528 olere
775 5472 1034 5526 incensum
1057 5469 1279 5524 Domino
1301 5469 1388 5542 (2.
1420 5471 1598 5528 Paral.
1619 5472 1692 5529 26
1709 5475 1751 5545 ).
1779 5474 1895 5530 Non
1922 5476 2206 5546 appellavit

613 5581 735 5620 eum
767 5578 944 5634 regem
967 5605 982 5631 ,
1029 5577 1202 5634 neque
1245 5562 1451 5632 imperii
1483 5564 1689 5620 titulum
1721 5566 1896 5631 dedit,
1928 5568 2051 5638 quia
2091 5568 2206 5637 ipse

616 5657 950 5727 prmveniens
983 5671 1103 5712 sese
1133 5654 1386 5726 dignitate
1426 5655 1711 5727 dejecerat.
1745 5659 1928 5714 Vidisti
1961 5660 2205 5715 fiduciam

615 5747 1203 5805 sacerdotislPromde
1254 5744 1405 5806 disce
1457 5759 1510 5806 et
1552 5753 2037 5810 mansuetudinem.
2091 5755 2204 5811 Non

1333 295 1689 356 SJOANSiS
1729 292 2198 350 CllllYSOSTOMl
2239 291 2553 347 ARCHIEP.
2587 284 3116 345 CONSTAN'l‘lNUP.

3757 291 3844 344 1Βῖ

2277 402 2422 456 enim
2449 400 2635 455 liducia
2659 399 2811 455 nobis
2833 408 3035 453 tantum
3061 411 3194 468 Opus
3221 406 3300 450 cst
3319 396 3368 449 in
3397 397 3844 466 reprehetaleinto.

2275 510 2454 549 verum
2489 495 2654 549 multo
2692 493 2860 563 magis
2904 507 3037 564 opus
3067 500 3147 545 est
3175 490 3577 544 mansuetudine
3618 507 3764 561 quant
3793 493 3848 548 ft-

2273 587 2450 642 ducia.
2483 586 2614 654 Quia
2649 587 2788 640 enim
2820 585 3086 640 uetuinem
3119 583 3418 637 mortalium
3450 587 3527 637 sic
3553 595 3852 639 aversantur

2274 678 2604 747 oderuntque
2631 678 2666 731 ii
2695 677 2783 747 qui
2813 683 3067 746 peccant,
3095 684 3151 729 ut
3177 690 3298 730 cum
3324 674 3412 743 qui
3444 673 3852 745 repreltcusurus

2275 778 2354 823 est
2375 810 2389 834 ,
2422 769 2748 838 cupiuntque
2776 767 3114 823 occasionem
3143 765 3378 834 arripere
3398 805 3412 828 ,
3457 773 3514 818 ut
3549 765 3847 830 elabantur,

2276 867 2328 912 et
2352 857 2604 929 cll‘ugiant
2629 856 3099 926 reprehensionem
3125 872 3140 914 ;
3175 869 3392 913 necesse
3417 862 3501 908 est
3527 862 3583 908 ut
3602 869 3691 910 eos
3719 871 3864 909 man-

2275 952 2552 1006 suetudine
2575 949 3008 1018 humanitateque
3023 948 3365 1002 retineamus.
3381 945 3694 1018 (lbjurgator
3713 948 3850 1001 enim

2278 1057 2382 1096 non
2433 1043 2603 1096 solum
2651 1056 2771 1095 cum
2823 1054 3007 1094 vocem
3038 1037 3264 1108 promit,
3307 1053 3490 1090 verum
3532 1037 3687 1090 etiam
3735 1051 3850 1091 cum

2276 1133 2484 1187 videtur
2503 1175 2518 1200 ,
2547 1133 2722 1203 gravis
2746 1141 2829 1187 est
2855 1131 3192 1200 peccantibus
3216 1147 3229 1184 :
3263 1128 3441 1183 Gravis
3471 1128 3632 1194 enim,
3663 1129 3846 1197 inquit.

2275 1225 2416 1278 nobis
2446 1235 2516 1278 est
2543 1224 2691 1277 etiam
2719 1231 2924 1294 aspectu
2969 1221 2987 1292 (
3011 1221 3140 1291 δίῳ.
3169 1219 3363 1290 2.15)
3392 1238 3404 1274 :
3435 1219 3554 1274 ideo
3580 1220 3849 1290 plurimam

2277 1315 2733 1370 mansuetudinem
2770 1323 3022 1384 prmstare
3064 1321 3292 1382 oportet.
3327 1312 3450 1368 ldco
3492 1311 3644 1366 nobis
3683 1327 3852 1366 sermo

2278 1407 2618 1478 prOpheticus
2645 1407 2713 1462 ob
2738 1405 2920 1462 oculos
2947 1405 3121 1474 posuit
3146 1411 3199 1458 et
3225 1418 3347 1458 eum
3397 1402 3485 1472 qui
3518 1403 3772 1471 peccarit,
3798 1411 3858 1456 et

2275 1516 2396 1556 eum
2425 1500 2513 1570 qui
2551 1501 2720 1570 ipsum
2763 1498 3034 1570 corrigere
3076 1496 3312 1567 parabat.
3358 1495 3564 1550 Etenim
3597 1495 3854 1564 sapientes

2277 1590 2466 1646 medici
2497 1605 2619 1646 cum
2648 1589 2885 1643 membra
2930 1589 3218 1658 putrefacta
3250 1585 3445 1640 secturi
3476 1594 3630 1648 sunt,
3661 1593 3746 1638 aut
3773 1584 3851 1638 la-

2278 1683 2427 1752 pides
2454 1681 2506 1737 in
2528 1681 2786 1736 meatibus
2809 1679 3000 1735 afﬁxos
3027 1676 3312 1732 extracturi
3335 1717 3347 1737 ,
3375 1685 3464 1729 aut
3492 1675 3630 1729 aliud
3659 1686 3857 1730 uatum

2277 1773 2461 1827 vitium
2489 1772 2778 1828 correctnri
2803 1813 2819 1837 ,
2865 1786 2970 1826 non
3004 1769 3053 1824 id
3087 1769 3316 1830 faciunt,
3346 1781 3412 1821 eo
3450 1767 3538 1836 qui
3580 1766 3774 1820 laborat
3800 1768 3854 1820 in

2275 1866 2525 1936 angulum
2565 1865 2820 1928 abducto,
2853 1861 2947 1918 sed
2987 1877 3051 1916 eo
3089 1862 3140 1915 in
3184 1859 3371 1915 mediis
3414 1857 3543 1913 foris
3584 1858 3854 1928 deposito,

2279 1967 2556 2026 postquam
2584 1970 2681 2010 ceu
2705 1959 2969 2008 theatrum
2998 1951 3430 2022 praztcreuutium
3460 1949 3556 2003 sibi
3580 1958 3818 2020 pararunt
3838 1989 3856 2014 ,

2278 2048 2348 2102 ita
2379 2047 2590 2102 demum
2628 2045 2912 2099 admovent
2954 2042 3266 2098 sectionem.
3307 2039 3419 2094 [loc
3455 2049 3628 2093 autem
3668 2039 3860 2092 faciunt

2279 2157 2384 2196 non
2411 2140 2552 2210 qttod
2584 2138 2746 2194 velint
2777 2139 3035 2192 humanas
3065 2134 3342 2190 traducere
3372 2132 3694 2186 calamitates
3715 2173 3729 2196 ,
3763 2132 3858 2185 sed

2278 2245 2334 2290 ut
2373 2234 2654 2304 unicuique
2695 2231 2921 2303 propria:
2968 2228 3212 2292 sanitatis
3250 2225 3623 2282 commendent
3657 2241 3858 2287 curam.

2277 2327 2461 2382 itidem
2491 2334 2547 2381 et
2573 2325 2845 2396 Scriptura
2881 2322 3043 2378 facit:
3076 2321 3161 2376 ubi
3191 2335 3348 2391 quem
3378 2318 3600 2389 arripuit
3636 2333 3863 2388 peccau-

2277 2420 2406 2474 tiutn
2428 2461 2442 2485 ,
2473 2419 2578 2472 alta
2605 2431 2735 2472 voce
2761 2415 2905 2470 illum
2927 2412 3219 2469 curandum
3247 2411 3520 2482 proponit,
3545 2426 3650 2464 non
3673 2411 3721 2464 in
3744 2425 3863 2464 meo

2275 2510 2378 2566 diis
2407 2508 2534 2564 foris
2553 2547 2572 2577 ,
2603 2506 2698 2563 sed
2729 2507 2780 2561 in
2813 2505 2985 2560 media
3019 2514 3157 2559 terra
3187 2520 3198 2556 :
3232 2512 3287 2557 et
3331 2509 3672 2572 posteaquam
3702 2501 3866 2555 totius

2276 2601 2421 2658 urbis
2450 2598 2858 2654 circumsteterit
2889 2595 3151 2650 theatrum
3172 2634 3189 2660 ,
3224 2603 3333 2648 tum
3357 2592 3683 2646 curationem
3711 2589 3868 2644 adhi-

2278 2693 2362 2748 bet
2385 2733 2402 2760 ,
2432 2691 2686 2747 erudiens
2725 2702 2850 2756 nos,
2883 2696 2941 2743 ut
2979 2686 3120 2741 circa
3159 2683 3428 2755 propriam
3471 2682 3695 2738 salutem
3732 2694 3865 2734 can-

2278 2787 2440 2843 tiores
2459 2787 2643 2841 simus.
2673 2782 2954 2839 Videamus
2982 2780 3139 2850 igitur
3157 2793 3266 2851 quo
3292 2785 3446 2847 pacto
3470 2773 3718 2831 sacerdos
3741 2784 3869 2828 tunc

2279 2879 2424 2934 illum
2456 2877 2817 2968 corrigerqsit
2857 2887 3161 2944 aggressus.
3190 2869 3302 2925 Non
3333 2867 3501 2936 dixit,
3530 2867 3574 2921 0
3605 2866 3760 2936 impie
3782 2905 3800 2930 ,
3832 2879 3869 2920 ο

2279 2969 2684 3028 sceleratissime
2709 2959 2737 3023 τ’
2767 2966 2942 3022 omnia
2989 2962 3291 3020 subvertisti
3333 2959 3758 3030 confudistique,
3795 2959 3870 3013 ad

2279 3074 2570 3122 extremam
2618 3060 2942 3131 impietatem
2982 3055 3310 3128 prorupisti:
3353 3068 3527 3123 neque
3566 3066 3870 3119 sermonem

2278 3156 2631 3214 accusationis
2657 3155 2710 3210 in
2738 3153 2950 3222 longum
2979 3147 3228 3219 produxit
3252 3167 3267 3213 ;
3295 3145 3390 3202 sed
3418 3141 3874 3216 quemadmodum

2281 3251 2315 3305 ii
2342 3250 2429 3320 qui
2459 3254 2676 3314 secant,
2704 3245 2807 3312 hoc
2833 3242 3062 3299 breviter
3089 3239 3264 3295 facere
3305 3237 3556 3303 student,
3595 3236 3878 3291 celeritate

2281 3341 2532 3399 sectionis
2578 3338 2842 3394 cruciatus
2885 3349 3100 3391 sensum
3147 3331 3428 3386 fallentes:
3463 3329 3641 3384 itidem
3686 3336 3739 3383 et
3784 3326 3879 3381 hic

2282 3434 2622 3506 asperitatem
2651 3427 3033 3502 objurgationis
3071 3425 3252 3497 paucis
3272 3422 3448 3478 verbis
3466 3420 3838 3490 constringens
3860 3459 3878 3485 ,

2284 3529 2424 3596 regis
2451 3523 2776 3580 iracundiam
2799 3518 3054 3575 cohibuit.
3095 3515 3246 3586 Quod
3281 3515 3422 3570 enim
3463 3522 3545 3567 est
3582 3512 3634 3566 in
3677 3511 3742 3565 iis
3781 3511 3880 3580 qui

2283 3621 2526 3676 laborant
2548 3616 2712 3673 sectio
2735 3615 2752 3646 ³
2772 3655 2788 3680 ,
2812 3612 2912 3668 hoc
2933 3620 3014 3667 est
3035 3613 3088 3666 in
3110 3611 3178 3665 iis
3197 3609 3284 3680 qui
3307 3617 3527 3678 peccant
3548 3605 3881 3674 redargutio.

2286 3714 2523 3784 Denique
2570 3720 2762 3781 praeter
2804 3707 2905 3761 alia
2945 3707 3103 3761 etiam
3151 3704 3264 3773 ipsa
3312 3701 3567 3757 brevitate
3606 3697 3887 3754 Sermonis

2286 3804 2707 3862 moderationem
2735 3799 2890 3856 nobis
2909 3797 3143 3853 exhibet.
3170 3793 3321 3863 Quod
3347 3793 3390 3847 si
3415 3791 3564 3860 cupis
3585 3806 3667 3844 vei
3684 3789 3884 3844 borum

2285 3911 2498 3967 quoque
2537 3893 2826 3948 sectionem
2866 3889 3050 3943 videre
3087 3894 3141 3942 et
3177 3885 3263 3938 ubi
3305 3883 3504 3938 ferrmn
3553 3878 3840 3936 occultat-it
3867 3921 3884 3944 ,

2285 3988 2431 4044 audi.
2462 3985 2583 4041 Non
2607 3985 2755 4050 licet,
2783 3981 2984 4052 inquit,
3014 3980 3099 4032 tibi
3125 3978 3326 4032 adolere
3347 3977 3603 4029 incensum
3630 3972 3886 4036 Domino,

2286 4079 2379 4133 sed
2399 4079 2519 4134 solis
2546 4073 2884 4132 sacerdotibus
2902 4114 2917 4139 ,
2948 4072 3066 4140 ﬁliis
3088 4070 3259 4125 Aaron
3277 4109 3294 4135 ,
3324 4066 3640 4121 consecratis.
3671 4063 3772 4119 Hic
3798 4063 3896 4118 in-

2289 4171 2422 4226 llixit
2459 4169 2674 4226 vulnus.
2714 4161 3026 4234 Quomodo?
3063 4162 3173 4231 Ego
3208 4159 3402 4215 dicam.
3440 4156 3549 4212 Cur
3583 4155 3728 4210 enim
3772 4168 3891 4208 non

2289 4261 2603 4332 simpliciter
2635 4257 2809 4324 dixit,
2843 4252 3199 4311 Sacerdotibus
3219 4293 3233 4319 ,
3275 4249 3368 4305 scd
3399 4245 3634 4312 addidit,
3666 4245 3849 4299 Aaron
3869 4247 3896 4299 .’

2290 4355 2340 4410 is
2379 4355 2577 4424 primus
2607 4351 2706 4406 fuit
2735 4351 2995 4422 pontifex,
3024 4345 3300 4414 simileque
3341 4341 3541 4396 facinus
3567 4340 3711 4396 illius
3743 4347 3894 4393 [sttu-

2291 4447 2509 4518 poribus
2545 4444 2758 4516 quidam
2796 4443 2912 4498 ausi
2950 4449 3108 4508 sunt,
3152 4436 3356 4492 Dathan
3391 4434 3534 4490 enim
3571 4445 3624 4488 et
3665 4431 3811 4486 Core
3839 4442 3902 4486 et

2292 4542 2493 4601 Abiron
2513 4581 2528 4606 ,
2550 4537 2812 4607 conjurati
2848 4536 3104 4590 adversus
3144 4530 3288 4586 illum
3318 4545 3438 4583 cum
3477 4527 3597 4583 aliis
3636 4526 3856 4596 aliquot
3881 4567 3898 4590 ,

2295 4637 2577 4690 voluerunt
2605 4643 2659 4688 et
2688 4631 2784 4701 ipsi
2809 4627 3165 4684 sacerdotium
3191 4624 3339 4679 obire
3370 4620 3564 4694 (Num.
3598 4621 3688 4676 lli.
3717 4630 3769 4675 et
3800 4619 3900 4672 I’s.

2297 4728 2420 4783 105.
2452 4728 2540 4782 17.
2581 4723 2724 4794 18);
2756 4719 2846 4776 sed
2877 4719 3007 4774 alios
3034 4716 3248 4788 quidem
3276 4724 3415 4770 terra
3453 4712 3743 4768 dehiscens
3796 4710 3906 4764 ab-

2296 4819 2531 4883 sorbuit,
2561 4816 2694 4871 alios
2718 4827 2845 4870 vero
2871 4811 2939 4867 de
2964 4811 3098 4867 caelo
3121 4808 3349 4865 emissus
3378 4805 3513 4876 ignis
3537 4805 3765 4863 exussit.
3799 4803 3911 4855 lin-

2293 4911 2380 4981 jus
2407 4924 2536 4980 ergo
2563 4905 2797 4963 historiae
2819 4904 3002 4959 volens
3025 4902 3174 4959 illum
3203 4896 3668 4956 commonefacere
3688 4936 3703 4955 .
3733 4910 3909 4950 men-

2302 5003 2502 5058 tionem
2540 4999 2663 5055 fecit
2690 4997 2915 5053 Aaronis
2937 5035 2954 5062 ,
2985 4995 3076 5065 qui
3115 5003 3240 5049 tunc
3277 4992 3373 5048 fuit
3413 4990 3600 5061 injuria
3629 4987 3869 5046 allectus
3893 5029 3908 5052 ,

2303 5105 2360 5150 ut
2380 5093 2446 5148 ad
2471 5091 2824 5148 calamitatem
2851 5102 3034 5144 eorum
3055 5087 3148 5157 qui
3174 5085 3411 5141 fecerant
3435 5083 3709 5151 injuriam,
3739 5080 3916 5150 hujus

2302 5186 2678 5258 cogitationem
2715 5179 3116 5237 transmitteret.
3154 5177 3420 5234 Catterum
3459 5175 3591 5230 nihil
3619 5177 3740 5234 hmc
3774 5188 3916 5243 pro-

2304 5281 2472 5346 luere,
2498 5295 2600 5334 non
2629 5285 2845 5349 propter
2864 5272 3217 5337 sacerdotem,
3241 5270 3335 5326 sed
3362 5270 3430 5324 ob
3453 5269 3590 5339 regis
3613 5267 3916 5322 ferociam.

2306 5371 2437 5428 Cum
2459 5369 2600 5426 enim
2622 5368 2890 5424 debuisset
2910 5363 3128 5420 laudare
3150 5360 3478 5418 sacerdOtem
3496 5402 3510 5423 ,
3542 5376 3753 5430 proque
3775 5373 3920 5414 con-

2372 5513 2388 5544 ¹
2424 5509 2848 5570 Manuscriptorum
2869 5504 2947 5570 alii
2971 5503 3157 5570 habent
3175 5515 3190 5570 :_
3215 5499 3348 5561 Quod
3369 5498 3498 5570 enim
3518 5504 3588 5550 est
3691 5497 3927 5570 euinci-s-

2308 5571 2394 5623 bus
2416 5571 2591 5634 sectio;
2615 5559 2697 5619 alii
2721 5583 2733 5617 :
2763 5568 2894 5634 Quod
2922 5565 3051 5634 enim
3083 5571 3151 5634 est
3173 5559 3521 5634 inmemor-ibus
3542 5559 3709 5634 sectio.
3738 5559 3932 5634 melius

2311 5622 2476 5684 tamen
2497 5622 2699 5696 legitur,
2725 5622 3010 5696 Quodenim
3030 5634 3099 5678 est
3121 5625 3172 5696 in
3194 5623 3255 5676 iis
3285 5622 3370 5696 qui
3390 5693 3398 5696 _
3415 5622 3632 5696 laborant
3656 5622 3851 5696 section
3868 5633 3926 5670 nt

2312 5681 2435 5766 legit
2457 5681 2699 5765 infasvmus,’
2728 5681 3006 5766 quaaAlectio
3035 5690 3188 5766 probe
3203 5681 3407 5750 quadrat
3427 5685 3487 5735 ad
3511 5692 3808 5749 sequentia,
3830 5681 3932 5734 hoc

2313 5754 2389 5812 est'
2405 5757 2455 5811 in
2478 5757 2538 5808 iis
2555 5757 2637 5822 qui
2660 5754 2858 5820 peccant
2884 5754 3175 5815 redux-guno.
