4092 6218
522 324 624 379 153

517 448 618 513 οὑχ
662 444 692 497 6
738 440 899 497 Δαυῖδ
928 439 1136 505 οὕτως’
1173 440 1305 495 ἀλλά
1349 440 1502 505 πῶς;
1535 439 1692 494 Μετά
1732 436 1830 508 τὴν
1864 434 1969 489 ὑπὸ
1996 430 2089 485 τοῦ

518 525 709 579 Ναθάν
734 523 1033 595 γενομένην
1074 523 1410 595 κατηγορίαν
1423 523 1536 593 ιτὴν
1574 522 1667 575 ἐπὶ
1689 521 1756 591 τῇ
1787 514 2087 589 Βηρσαϐεὲ.

530 606 870 677 Ἠμάρτηκα
899 606 1050 680 [155]
1070 605 1149 672 τῷ
1178 606 1389 674 Κυρίῳ,
1411 603 1595 675 φησίν.

571 738 644 797 γ’.
666 727 818 793 Εἶδες
834 727 1266 797 συτετριμμένην
1286 724 1510 796 καρδίαν
1530 740 1544 789 ;
1590 718 1728 785 εἶδες
1761 737 2093 775 τεταπεινω-

519 811 690 882 μένην
716 811 789 880 ψυ
795 811 895 881 χήν
918 827 932 875 ;
966 804 1104 873 εἶδες
1130 808 1245 871 πῶς
1272 810 1363 862 καὶ
1387 808 1457 862 τά
1487 807 1754 878 πτώματα
1787 806 1897 867 τῶν
1924 805 2094 873 ἀγίων

514 892 776 963 λαμπράς
807 891 1070 962 Καθάπερ
1097 890 1204 961 γὰρ
1232 890 1299 943 τά
1337 890 1562 961 λαμπρά
1580 889 1685 943 τῶν
1710 890 1977 959 σωμάτων
2001 887 2094 940 καὶ

517 978 613 1030 ἐπὶ
646 976 745 1046 τῆς
772 976 1079 1048 ἀρρωστίας
1102 974 1281 1047 πολλὰ
1309 977 1407 1046 τῆς
1429 972 1730 1044 εὐμορφίας
1758 973 1893 1042 ήμῖν
1930 971 2097 1025 ἐνδεί-

512 1075 706 1112 κνυται
728 1058 797 1110 τά
828 1058 948 1128 ἴχνη
968 1076 983 1089 ο
1012 1059 1154 1111 οὑτω
1182 1059 1274 1112 καὶ
1303 1059 1410 1110 τῶν
1431 1058 1600 1125 ἁγίων
1628 1058 1685 1109 αί
1712 1056 1883 1126 ψυχαὶ
1916 1054 2010 1108 καὶ
2037 1056 2095 1108 ἐν

511 1141 701 1203 αὑτοῖς
752 1143 866 1204 τοῖς
908 1142 1316 1212 παραπτώμασι
1346 1149 1366 1171 ⁴
1399 1140 1501 1210 τῆς
1536 1139 1740 1201 οἰκείας
1788 1137 1987 1209 ἀρετῆς
2025 1136 2095 1189 τά

516 1223 761 1295 σύμϐολα
804 1224 1047 1295 φέρουσι.
1095 1224 1287 1275 Καίτοι
1333 1239 1397 1290 γε
1436 1225 1641 1285 ἐκεῖνος
1682 1222 1780 1292 μὲν
1816 1223 1875 1274 ἐν
1908 1220 2094 1291 μέσοις

482 1309 626 1369 ’τοῖς
682 1305 973 1375 βασιλείοις
1033 1308 1388 1375 κατηγορεῖτο
1425 1305 1577 1374 παρά
1626 1304 1721 1357 τοῦ
1771 1304 2092 1375 προφήτου,

514 1387 799 1458 παρόντων
829 1387 1037 1440 πολλῶν
1057 1407 1071 1418 ·
1096 1381 1251 1449 οὗτος
1274 1387 1329 1439 δὲ
1355 1386 1501 1441 ἐνδον
1527 1388 1584 1439 ἐν
1613 1389 1721 1451 τοῖς
1742 1386 1976 1450 ἀδύτοις,
2001 1386 2095 1438 καὶ

522 1471 841 1541 ἀμάρτυρον
870 1467 982 1541 εἶχε
1017 1471 1108 1523 τὸν
1129 1471 1375 1541 ἔλεγχονο
1410 1470 1525 1523 ἀλλ’
1553 1470 1673 1523 οὑδέ
1701 1469 1872 1535 οὑτως
1894 1471 2092 1542 ήνεγκε

511 1554 612 1625 τὴν
645 1553 978 1624 ἐπιτίμησιν.
1024 1555 1089 1606 Τί
1132 1552 1259 1617 οὑνς
1302 1555 1518 1617 ἀνίατος
1540 1554 1768 1626 ἔμενεν;
1805 1555 2091 1625 Οὐδαμῶς,

508 1635 600 1689 διά
621 1635 719 1706 τὴν
745 1636 838 1689 τοῦ
868 1635 1002 1689 Θεοῦ
1035 1636 1440 1710 φιλανθρωπίαν
1459 1654 1471 1668 ·
1499 1637 1611 1691 ἀλλ’
1634 1637 1823 1708 ὥσπερ
1868 1638 1959 1691 ἐπὶ
1996 1636 2092 1690 τοῦ

516 1717 983 1789 σεληνιαζομένου,
1033 1721 1143 1772 τῶν
1187 1722 1438 1792 μαθητῶν
1485 1723 1585 1775 οὐκ
1636 1724 1965 1793 ἰσχυσάντων
2004 1723 2093 1776 τὸν

505 1800 739 1870 δαίμονα
767 1801 1036 1866 ἐκϐαλεῖν,
1056 1803 1084 1854 6
1100 1803 1331 1873 Χριστός
1361 1821 1517 1875 φησι,
1539 1802 1750 1870 Φέρετέ
1785 1821 1889 1873 μοι
1908 1805 2094 1858 αὺτιίν

510 1880 661 1939 ὦδε·
687 1884 832 1938 οὑτω
875 1885 970 1938 καὶ
1009 1885 1263 1950 ἐνταῦθα,
1301 1886 1396 1940 τοῦ
1443 1888 1631 1960 ἱερέως
1665 1887 1740 1960 μὴ
1776 1888 2093 1959 δυνηθέντος

513 1969 712 2032 παντὸς
731 1968 983 2038 δαίμονος
1003 1968 1381 2039 χαλεπώτερον
1412 1971 1643 2041 νόσημα,
1671 1970 1769 2042 τὴν
1818 1971 2093 2042 ἁμαρτίαν

511 2050 781 2115 ἐκϐαλεῖν,
816 2052 975 2114 αὑτὸς
996 2051 1179 2105 λοιπὸν
1201 2054 1229 2105 6
1254 2052 1384 2115 Θεὸς
1407 2053 1495 2106 τὸν
1529 2054 1805 2123 κάμνοντα
1837 2071 2093 2123 μεταχει-

509 2134 741 2206 ρίςεται.
783 2135 893 2188 Καὶ
913 2135 965 2188 τί
993 2137 1166 2201 ποιεῖ;
1198 2136 1422 2205 Λέπραν
1465 2136 1762 2206 ἐπαφίησιν
1807 2136 1972 2189 αὑτοῦ
2015 2136 2094 2207 τῷ

511 2218 771 2290 μετώπῳ.
820 2218 1089 2289 Ἐγένετο
1125 2218 1253 2288 γάρ,
1296 2219 1480 2289 φησὶν,
1530 2220 1599 2272 ὲν
1640 2217 1721 2284 τῷ
1766 2218 2094 2288 ἀπειλῆσαι

508 2303 698 2357 αὑτὸν
729 2302 808 2368 τῷ
829 2303 986 2372 ἱερεῖ,
1006 2306 1200 2371 λέπρα
1223 2303 1531 2357 ἀνέτειλεν
1554 2302 1651 2355 ἐπὶ
1676 2303 1780 2357 τοῦ
1818 2303 2094 2372 μετώπου

507 2386 718 2451 αὑτοῦ,
740 2386 834 2439 καὶ
856 2386 1002 2458 ἐξῄει
1030 2385 1239 2447 λοιπὸν,
1263 2386 1516 2457 καθάπερ
1541 2387 1589 2438 οἱ
1621 2386 1721 2455 τὴν
1745 2387 1839 2438 ἐπὶ
1867 2385 2094 2440 θάνατον

510 2469 870 2539 ἀπαγόμενοι,
903 2470 1162 2543 σπαρτίον
1188 2468 1280 2522 ἐπί
1321 2469 1414 2522 τοῦ
1444 2470 1707 2539 στόματος
1737 2470 1967 2539 ἔχοντες,
1996 2470 2094 2538 τῆς

512 2552 978 2624 καταδικαζούσης
1031 2553 1299 2624 σύμϐολον
1343 2552 1560 2623 ψήφου,
1611 2552 1752 2606 οὕτω
1800 2552 1894 2605 καὶ
1932 2553 2094 2616 αὑτὸς

510 2637 610 2706 τῆς
647 2638 872 2708 ἀτιμίας
910 2638 970 2691 τὸ
1010 2636 1277 2708 σύμϐολον
1312 2638 1404 2691 ἐπὶ
1448 2637 1542 2690 τοῦ
1593 2635 1846 2707 μετώπου
1889 2636 2091 2706 φέρων,

507 2721 572 2773 οὑ
600 2721 808 2791 δημίων
852 2721 1014 2774 αὑτὸν
1041 2721 1325 2785 ἑλκόντων,
1371 2721 1505 2776 ἀλλά
1537 2721 1705 2791 αὑτῆς
1742 2721 1842 2790 τῆς
1887 2719 2093 2791 λέπρας

509 2805 630 2858 ἀντὶ
662 2804 870 2873 δημίων
900 2804 991 2858 ἐπὶ
1021 2805 1262 2877 κεφαλὴν
1284 2806 1312 2845 ι’
1338 2804 1605 2877 ώθούσης.
1638 2804 1899 2874 Εἰσῆλθεν
1939 2806 2094 2875 ἰερω-

511 2883 679 2955 σύνην
716 2886 934 2949 λαϐεῖν,
979 2890 1009 2941 6
1050 2887 1107 2941 δὲ
1161 2889 1257 2941 καί
1305 2890 1405 2958 τὴν
1463 2887 1742 2958 βασιλείαν
1775 2886 2089 2941 ἀπώλεσεν*

508 2969 726 3040 εἰσῆλθε
746 2970 997 3038 γενέσθαι
1015 2971 1357 3043 σεμνότερος,
1372 2972 1466 3024 καὶ
1481 2972 1703 3039 γέγονεν
1719 2970 2091 3040 ἐναγέστερος.

510 3053 622 3107 Καὶ
649 3053 757 3124 γὰρ
784 3052 989 3107 ἰδιώτου
1024 3053 1225 3116 παντὸς
1275 3053 1460 3107 λοιπὸν
1492 3053 1815 3125 ἀτιμότερος
1861 3049 1927 3124 ἦν
1959 3054 2096 3107 ἀκά-

509 3135 705 3207 θαρτος
738 3135 833 3190 ῶν.
867 3135 1130 3190 Τοσοῦτόν
1164 3137 1279 3189 ἐστι
1306 3136 1475 3190 κακὸν
1513 3135 1571 3189 τὸ
1608 3136 1683 3209 μὴ
1717 3137 1899 3207 μένειν
1926 3137 2095 3191 -ἒνδον

510 3218 605 3270 ἐπὶ
631 3218 740 3271 τῶν
766 3218 1027 3273 δοθέντων
1048 3220 1177 3289 ἡμῖν
1207 3219 1358 3291 παρὰ
1379 3218 1473 3273 τοῦ
1500 3218 1635 3272 Θεοῦ
1672 3219 1906 3293 μέτρων,
1936 3220 2001 3273 ἄν
2034 3237 2095 3273 τε

510 3300 605 3354 ἐπὶ
650 3302 834 3373 τιμῆς,
878 3301 943 3355 ἂν
983 3319 1041 3355 τε
1088 3304 1181 3356 ἐπὶ
1222 3304 1473 3370 γνώσεως
1505 3302 1663 3356 τοῦτο
1747 3315 1793 3358 ε.
1827 3304 1938 3374 Ούχ
1964 3304 2096 3375 ὁρᾷς

510 3384 716 3454 ταύτην
736 3385 836 3455 τήν
861 3384 1148 3448 θάλατταν,
1181 3387 1297 3449 πῶς
1324 3388 1440 3438 ἐστι
1466 3390 1585 3450 ταῖς
1620 3387 1763 3457 βίαις
1801 3387 2093 3458 ἀφόρητος,

512 3468 701 3532 πόσοις
732 3468 1060 3540 κορυφοῦται
1097 3471 1211 3532 τοῖς
1257 3469 1558 3540 κύμασινςλ
1591 3470 1733 3523 Ἀλλ’
1765 3470 1915 3540 ὅμως
1957 3471 2096 3541 πρὸς

513 3549 647 3619 ὕψος
670 3551 1058 3623 διανισταμένη
1097 3552 1260 3623 μέγα,
1297 3553 1388 3605 καὶ
1438 3552 1577 3622 μετὰ
1610 3551 1804 3605 πολλοῦ
1833 3551 2098 3621 προϊοῦσα

512 3633 608 3687 τοῦ
652 3633 846 3703 θυμοῦ,
880 3634 1096 3688 ἐπειδὰν
1139 3634 1268 3706 ἐλθῃ
1316 3635 1451 3707 πρὸς
1498 3633 1561 3687 τὸ
1602 3634 1754 3688 τεθὲν
1778 3635 1924 3706 ὅριον
1958 3636 2095 3706 αὑτῇ

515 3717 666 3788 παρά
691 3719 783 3771 τοῦ
810 3718 964 3784 Θεοῦ,
992 3720 1060 3772 τά
1080 3717 1296 3789 κύματα
1313 3720 1393 3783 εἰς
1422 3718 1595 3789 ἀφρὸν
1624 3718 1943 3783 διαλύσασα,
1962 3720 2099 3788 πρὸς

514 3801 711 3871 ἑαυτὴν
760 3803 1024 3855 ἐπάνεισι.
1077 3802 1263 3856 Καίτοι
1303 3819 1365 3871 γε
1416 3803 1469 3855 τί
1520 3802 1745 3873 ψάμμου
1789 3803 1981 3869 γένοιτ’
2031 3801 2099 3855 ἂν

517 3884 940 3957 ἀσθενέστερονς
979 3886 1117 3939 Ἀλλ’
1145 3887 1245 3940 οὑκ
1274 3886 1452 3940 ἐκεῖνό
1489 3887 1606 3939 ἐστι
1633 3886 1695 3939 τὸ
1724 3884 1950 3950 κωλύον,
1984 3884 2097 3939 ἀλλ’

515 3970 545 4022 6
572 3967 667 4021 τοῦ
712 3968 894 4033 θέντος
920 3968 1102 4040 φόϐος.
1145 3971 1206 4023 Εἰ
1244 3970 1299 4023 δὲ
1321 3971 1381 4023 οὑ
1409 3966 1730 4041 σωφρονίζει
1768 3986 1825 4022 σε
1852 3969 2011 4023 τοῦτο
2039 3970 2101 4022 τὸ

516 4052 868 4123 παράδειγμα
895 4094 910 4119 ,
962 4054 1029 4107 τὰ
1063 4053 1203 4108 κατά
1232 4054 1323 4108 τὸν
1363 4053 1545 4119 Ὀζίαν
1586 4070 1646 4106 σε
1678 4053 1998 4117 παιδευέτω,
2033 4052 2099 4107 τὰ

516 4137 609 4191 νῦν
642 4139 771 4209 ἡμῖν
796 4137 1079 4210 εἰρημένα.

599 4255 739 4309 Ἀλλ’
770 4256 959 4327 ἐπειδὴ
987 4256 1085 4328 τὴν
1132 4256 1302 4327 ὀργὴν
1329 4255 1543 4327 εἴδομεν
1570 4254 1666 4309 τοῦ
1701 4253 1836 4309 Θεοῦ
1875 4253 1972 4308 καὶ
2003 4254 2101 4323 τὴν

517 4339 674 4404 ἀξίαν
699 4340 1067 4401 ἀνταπόδοσιν,
1104 4341 1235 4410 φέρε
1262 4341 1355 4393 καί
1381 4340 1482 4412 τὴν
1501 4338 1909 4410 φιλανθρωπίαν
1935 4338 2102 4392 αὑτοῦ

519 4423 616 4477 καὶ
660 4423 758 4491 τὴν
818 4422 1015 4493 πολλὴν
1072 4422 1371 4475 ἐπιείκειαν
1432 4421 1811 4492 ἐπιδείξωμεν.
1870 4421 1944 4475 Οὐ
1995 4421 2103 4492 γάρ

521 4505 714 4577 μόνους
737 4504 765 4543 ἀ
787 4504 913 4567 τοὺς
935 4505 1062 4574 περὶ
1088 4504 1188 4572 τῆς
1215 4503 1385 4573 ὀργῆς
1413 4504 1494 4557 δεῖ
1527 4501 1694 4558 κινεῖν
1722 4504 1931 4573 λόγους,
1970 4504 2104 4558 ἀλλά

518 4587 616 4640 καί⁵
647 4587 773 4649 τοὺς
818 4587 945 4655 περὶ
977 4587 1077 4656 τῆς
1124 4586 1508 4657 χρηστότητος,
1549 4587 1638 4639 ἵνα
1671 4588 1807 4657 μήτε
1848 4587 1927 4649 εἰς
1967 4586 2106 4639 ἀπό·

518 4687 720 4741 γνωσιν
762 4669 1087 4740 ἐμϐάλωμεν
1118 4670 1242 4730 τοὺς
1276 4667 1594 4732 ἀκούοντας,
1647 4670 1782 4739 μήτε
1814 4669 1893 4731 εἰς
1935 4666 2104 4738 ρᾳθυ-

524 4755 843 4827 μίαν.οὑτω
861 4756 955 4810 καὶ
987 4753 1196 4811 Παῦλος
1217 4754 1375 4817 ποιεῖ,
1406 4754 1501 4807 καὶ
1531 4753 1739 4816 τούτοις
1776 4754 2107 4826 ἀμφοτέροις

520 4842 684 4911 κιρνᾷ
713 4841 813 4911 τὴν
845 4840 1188 4911 παραίνεσιν,
1213 4838 1413 4890 οὑτωσὶ
1448 4837 1655 4904 λέγων·
1700 4837 1815 4892 Ἰδέ
1850 4833 1964 4892 οὖν
1993 4837 2109 4904 τὴν

520 4926 903 4991 χρηστότητα
923 4923 1017 4976 καί
1053 4921 1392 4991 ἀποτομίαν
1422 4920 1590 4983 Θεοῦ,
1625 4920 1712 4974 ἵνα
1737 4923 1831 4974 καὶ
1858 4920 1934 4991 τῷ
1960 4921 2109 4991 φόϐῳ

520 5008 617 5063 καὶ
635 5010 755 5071 ταῖς
784 5010 1044 5079 χρησταῖς
1074 5007 1285 5060 ἐλπίσιν
1314 5007 1593 5077 ἀναστήσῃ
1626 5004 1717 5058 τὸν
1747 5004 2096 5059 πεπτωκότα.

522 5085 675 5153 Εἶδες
708 5090 1013 5159 ἀποτομίαν
1062 5090 1235 5154 Θεοῦ;
1280 5089 1378 5142 Ἰδέ
1408 5091 1503 5141 καὶ
1540 5088 1904 5160 χρηστότητα.
1953 5085 2105 5160 [156]

522 5173 646 5238 Πῶς
661 5169 754 5227 οὖν
780 5174 1016 5244 ὀψόμεθα
1040 5175 1138 5244 τὴν
1156 5173 1535 5245 χρηστότητας
1557 5174 1653 5226 Ἂν
1681 5171 1940 5244 μάθωμεν
1964 5172 2108 5235 τίνος

581 5362 609 5390 ⁸
635 5359 837 5421 Aliquot
867 5372 985 5410 mss.
1008 5358 1106 5415 τοῖς
1128 5359 1371 5421 πτώμασι.

582 5421 611 5461 b
650 5419 782 5471 Ἀντί
822 5423 1003 5484 δημίων
1040 5421 1114 5469 ἐπὶ
1133 5419 1355 5484 κεφαλῆς,
1401 5422 1472 5470 sic
1494 5421 1689 5482 quidam
1714 5433 1859 5484 "333,;
1885 5419 2114 5484 Erasmus

516 5486 718 5533 videtur
746 5479 1055 5546 legiss'erdwr}
1089 5479 1296 5546 δημίου,
1318 5484 1401 5546 qui
1428 5479 1867 5546 vel-'Iil‘carrni/icis
1889 5481 2011 5546 lqro.
2037 5484 2114 5533 ln-

518 5549 589 5621 ειη
614 5560 758 5621 ιιηυξ,
780 5543 910 5594 léste
935 5544 1138 5605 Saviliu,
1155 5543 1334 5599 παντὸς
1374 5545 1537 5592 λοιπὸν
1570 5544 1873 5606 εὑαγέστερος
1907 5543 1965 5602 ἦν
1990 5546 2113 5593 6x02-

515 5610 819 5737 :
858 5667 1182 5737 «Sig-.habpnt
1220 5667 1386 5737 aggeri
1429 5664 1627 5737 cgdiceg
1669 5671 1850 5737 μετρίοι-
1880 5667 2111 5737 -ςοιιιίςειη

517 5730 763 5780 Croslnavii
810 5732 985 5787 nostri,
1023 5733 1106 5792 qui
1150 5743 1239 5792 pro
1262 5730 1337 5777 his
1364 5728 1526 5792 verbis
1553 5726 1827 5792 subAsli‘luil,
1867 5728 1970 5775 ἀλλ’
2008 5731 2109 5792 ἀντ’

520 5793 839 5863 ἐπιτιμήσεως
872 5793 952 5842 διὸ.
973 5788 1059 5851 τῆς
1099 5788 1270 5855 λέπρας
1310 5791 1407 5847 τοῖς
1450 5796 1596 5839 πᾶσιν
1636 5788 1927 5851 ἐπίγνωστον
1968 5790 2110 5840 αὑτὸν

517 5868 672 5964 πηῗιί)
682 5871 772 5963 ῦυς
789 5915 946 5979 μόνον.
976 5915 1128 5966 Ρουὶο
1150 5920 1262 5982 post
1285 5929 1411 5966 unus
1438 5915 1503 5972 εἰς
1520 5914 1788 5976 ἀπόγνωσιν
1812 5913 2103 5973 ἐκϐάλωμεν.

1156 324 1212 379 S.
1261 320 1544 379 JOANNIS
1580 314 2070 376 CIIRYSOSTOMI
2098 270 2430 370 .ARCIIIEP;
2470 309 3021 369 CONSTANTINOP.

3674 304 3779 360 ΠΗ

2197 428 2345 496 ἄξιος
2400 425 2467 502 ἦν
2519 431 2549 483 6
2586 427 2791 493 Ὀζίας.
2820 428 2997 481 Τίνων
3044 420 3136 479 οὖν
3179 422 3329 489 ἄξιος
3368 418 3466 496 ἧνς
3496 421 3650 492 ’Δμα
3674 418 3785 473 τῶν

2199 511 2369 583 προθύ
2376 530 2485 584 ρων
2515 509 2710 574 ἐπιϐάς
2729 510 2838 565 τῶν
2864 508 3026 581 ἰερῶν
3055 504 3193 578 μετά
3209 504 3477 577 τοσαύτης
3495 504 3787 573 ἀναισχυν-

2199 596 2339 660 τίας,
2383 595 2594 667 μυρίων
2633 592 2927 666 σκηπτῶν,
2968 593 3063 647 καὶ
3103 591 3202 662 τῆς
3236 589 3471 661 ἐσχάτης
3507 586 3787 651 κολάσεως

2201 682 2297 734 καὶ
2337 680 2628 752 τιμωρίας.
2661 682 2726 734 Εἰ
2758 678 2866 750 γὰρ
2898 679 2945 731 οἰ
2986 676 3192 748 πρῶτοι
3218 675 3391 729 ταῦτα
3416 673 3787 744 τολμήσαντες

2199 763 2402 834 ταύτην
2431 763 2618 818 ἔδοσαν
2651 764 2750 835 τὴν
2780 761 2957 831 δίκην,
2987 761 3035 813 οί
3062 760 3191 829 περὶ
3211 756 3389 812 Δαθὰν
3405 757 3499 810 καί⁵
3518 754 3661 825 Κορέ
3690 755 3786 808 καὶ
3846 793 3851 799 .

2215 845 2495 918 ’Δϐειρὼν,
2515 845 2694 916 πολλῷ
2719 843 2918 915 μᾶλλον
2935 841 3121 896 τοῦτον
3140 840 3285 893 οὑτω
3304 836 3633 901 κολάζεσθαι
3653 836 3781 895 εδει,

2200 929 2293 983 τὸν
2335 930 2470 999 μηδέ
2512 932 2633 993 ταῖς
2691 928 2916 981 ἐκείνων
2968 923 3402 996 σωφρονισθέντα
3452 922 3781 993 συμφοραῖς.

2214 1011 2353 1065 Ἀλλ’
2381 1012 2480 1066 οὑκ
2516 1012 2739 1081 ἐποίησε
2763 1010 2966 1063 τοῦτοό
2999 1008 3150 1072 Θεὸς,
3174 1005 3309 1060 ἀλλά
3342 1003 3604 1077 πρότερον
3634 1001 3785 1071 αὐτῷ

2200 1101 2393 1171 λόγους
2441 1104 2764 1174 προσήγαγε
2798 1113 2823 1141 ε
2861 1100 3061 1170 πολλῆς
3083 1096 3384 1161 ἐπιεικείας
3404 1095 3673 1167 γέμοντας
3699 1091 3787 1146 διά

2199 1185 2292 1239 τοῦ
2317 1185 2526 1257 ἰερέως.
2544 1185 2651 1238 Καὶ
2672 1184 2816 1255 ἀπερ
2839 1184 2868 1235 6
2889 1182 3121 1254 Χριστὸς
3143 1182 3449 1253 παρῄνεσεν
3475 1175 3788 1247 ἀνθρώποις

2201 1262 2395 1330 ποιεῖν’,
2427 1268 2553 1322 ὅταν
2590 1268 2668 1330 εἰς
2696 1265 2956 1336 ἀλλήλους
2982 1263 3335 1336 ἁμαρτάνωσι
3363 1261 3407 1326 ί,
3427 1260 3587 1314 τοῦτο
3606 1260 3636 1312 6
3652 1258 3788 1322 Θεὸς

2200 1350 2338 1421 πρὸς
2380 1349 2471 1402 τὸν
2519 1348 2803 1421 ἄνθρωπον
2849 1348 3122 1419 ἐποίησεν.
3162 1347 3350 1401 Ὅταν
3391 1344 3536 1415 γάρ,
3586 1342 3783 1415 φησὶν,

2199 1431 2429 1501 ἁμάρτῃ
2449 1434 2537 1498 εὶς
2563 1432 2639 1485 σὲ
2664 1431 2975 1500 όάδελφός
3004 1446 3142 1495 σου,
3160 1430 3372 1499 ὕπαγε.
3394 1426 3648 1496 ἔλεγξον
3675 1426 3788 1479 αὐ-

2198 1515 2307 1568 τὸν
2342 1514 2571 1584 μεταξὺ
2599 1513 2715 1568 σοῦ
2756 1514 2855 1567 καὶ
2886 1513 3073 1567 αὑτοῦ
3113 1514 3327 1581 μόνου.
3372 1510 3531 1566 Οῦτω
3570 1510 3666 1563 καί⁵
3692 1508 3787 1562 τὸν

2201 1596 2424 1667 βασιλέα
2454 1597 2638 1650 τοῦτον
2671 1595 2895 1666 ἦλεγξεν
2938 1596 2967 1647 6
3006 1595 3154 1657 Θεός.
3196 1596 3305 1647 Καὶ
3345 1596 3374 1647 6
3423 1593 3521 1664 μὲν
3556 1590 3786 1663 Χριστός

2199 1697 2362 1749 φησιν
2378 1696 2391 1710 ·
2424 1679 2557 1733 Ἐὰν
2566 1677 2652 1748 μὴ
2668 1678 2904 1747 ἀκούσῃ
2926 1695 3063 1738 σου.
3093 1678 3249 1731 ἔστω
3272 1676 3467 1739 σοιώς
3488 1676 3522 1728 ό
3547 1672 3788 1739 ἐθνικὸς

2199 1762 2299 1816 καί
2328 1766 2361 1817 ὀ
2382 1761 2672 1829 τελώνης
2699 1762 2727 1814 6
2754 1762 2812 1816 δὲ
2835 1762 2968 1825 Θεὸς
2997 1759 3381 1831 φιλανθρωπίᾳ
3403 1759 3530 1821 τοὺς
3548 1757 3786 1821 οἰκείους

2200 1846 2540 1920 ὑπερϐαίνων
2572 1846 2789 1917 νόμους,
2824 1846 2945 1899 οὑδέ
2969 1844 3141 1907 οὑτως
3162 1843 3323 1897 αὑτὸν
3355 1840 3628 1910 ἐξέκοψεν.
3650 1840 3789 1896 ἀλλά

2200 1930 2626 2003 παρακούσαντα
2673 1931 2770 1984 καὶ
2814 1930 3267 1999 ἀγανακτήσαντα
3311 1927 3413 1980 οὑκ
3459 1924 3785 1998 ἀπέρριψεν,

2200 2017 2336 2070 ἀλλά
2372 2015 2534 2070 πάλιν
2559 2014 2864 2086 προσίεται,
2890 2014 2985 2067 καὶ
3017 2010 3259 2065 παιδεύει
3282 2010 3470 2082 τρόπῳ
3497 2009 3787 2079 διόρθωσιν

2201 2098 2375 2170 ἔχοντι
2403 2098 2603 2169 μᾶλλον
2630 2097 2971 2168 ἧτιμωρίαν.
3007 2096 3141 2149 Οὑδέ
3164 2094 3271 2166 γὰρ
3311 2092 3552 2164 σκηπτὸν
3575 2092 3790 2163 ἀφῆκεν

2200 2183 2403 2238 ἄνωθεν
2425 2222 2440 2245 ,
2484 2182 2605 2234 οὑδὲ
2646 2177 2943 2250 κατέφλεξε
2977 2178 3075 2250 τὴν
3121 2178 3474 2247 ἀναίσχυντον
3506 2176 3786 2249 κεφαλὴν,

2200 2267 2335 2321 άλλά
2362 2268 2427 2336 τῇ
2454 2264 2629 2335 λέπρα
2660 2264 2820 2334 μόνον
2865 2262 3174 2317 ἐπαίδευσε.
3228 2262 3338 2315 Καὶ
3379 2260 3448 2313 τά
3489 2260 3590 2330 μέν
3642 2260 3787 2314 κατὰ

2199 2348 2290 2401 τὸν
2340 2347 2517 2410 Ὀξίαν
2558 2345 2808 2399 τοιαῦτα’
2847 2343 2958 2413 ἐγὼ
2996 2345 3052 2398 δέ
3088 2343 3146 2397 ἒν
3186 2342 3268 2396 ἔτι
3320 2343 3480 2414 μόνον
3530 2341 3790 2413 προσθεὶς

2200 2428 2539 2483 καταπαύσω
2568 2428 2660 2481 τὸν
2683 2428 2859 2496 λόγον.
2904 2427 2968 2480 Τί
3007 2427 3065 2480 δὲ
3094 2426 3253 2480 τοῦτό
3293 2427 3476 2490 ἐστινς
3524 2427 3590 2478 '0
3622 2424 3789 2478 πάλαι

2200 2514 2293 2565 καὶ
2316 2510 2375 2575 ἐξ
2399 2511 2574 2583 ἀρχῆς
2605 2510 2951 2582 ἐζητήσαμεν
2971 2528 2985 2541 ο
3027 2509 3172 2573 τίνος
3215 2509 3403 2563 ’ἐνεκεν
3451 2510 3511 2562 ἐν
3535 2511 3647 2572 τοῖς
3683 2507 3792 2573 ἔξω

2202 2595 2509 2664 πράγμασι,
2540 2594 2634 2647 καὶ
2662 2594 2720 2647 ἐν
2745 2596 2864 2656 ταῖς
2887 2592 3267 2663 προφητείαις,
3302 2591 3557 2646 ἁπάντων
3601 2590 3793 2644 εἰωθό-

2200 2696 2308 2732 των
2340 2678 2439 2749 τῆς
2468 2678 2614 2748 ζωῆς
2635 2677 2744 2730 τῶν
2774 2676 3035 2747 βασιλέων
3070 2677 3197 2739 τοὺς
3228 2676 3456 2746 χρόνους
3489 2674 3791 2745 ἐπισημαί-

2201 2760 2409 2823 νεσθαι,
2440 2752 2596 2823 οὗτος
2628 2758 2784 2812 τοῦτο
2828 2761 3007 2828 ἀφεὶς,
3048 2757 3139 2811 τοῦ
3170 2759 3364 2827 χρόνου
3398 2758 3498 2828 τῆς
3528 2757 3789 2828 τελευτῆς

2205 2843 2475 2915 μέμνηται
2503 2842 2595 2896 τοῦ
2621 2842 2818 2907 Ὀζίου,
2849 2842 3046 2895 οὑτωσὶ
3062 2841 3235 2910 λέγων
3254 2859 3266 2870 -
3296 2840 3404 2895 Καὶ
3425 2840 3661 2909 ἐγένετο
3683 2843 3792 2894 τοῦ

2199 2926 2497 2988 ἐνιαυτοῦ,
2529 2921 2601 2981 οὗ
2628 2925 2929 2981 ἀπέθανεν
2972 2923 3154 2991 Ὀζίας
3181 2928 3213 2980 ὀ
3239 2925 3559 2991 βασιλεύς.
3592 2923 3792 2978 Καίτοι

2200 3026 2265 3080 γε
2304 3010 2431 3079 ἐνῆν
2462 3010 2552 3062 τὸν
2596 3009 2690 3063 τοῦ
2737 3007 3114 3078 βασιλεύοντος
3141 3008 3333 3080 χρόνον
3360 3008 3557 3069 εἰπεῖν,
3599 3006 3792 3081 ῶσπερ

2201 3093 2320 3156 ἐθος
2340 3091 2509 3146 ἅπασι
2531 3094 2641 3155 τοῖς
2660 3094 2966 3163 προφήταις
2992 3087 3082 3162 ἦν’
3100 3091 3214 3144 ἀλλ’
3242 3092 3343 3144 οὑκ
3364 3090 3586 3161 ἐποίησε
3610 3090 3790 3147 τοῦτο.

2201 3175 2357 3239 Τίνος
2384 3172 2476 3230 οὖν
2498 3175 2683 3228 ἐνεκεν
2702 3176 2803 3227 οὑκ
2841 3174 3097 3243 ἐποίησε;
3132 3174 3314 3245 Νόμος
3347 3169 3416 3245 ἦν
3445 3174 3672 3237 παλαιὸς
3700 3174 3796 3228 τὸν

2200 3260 2401 3333 λεπρὸν
2426 3260 2527 3331 τῆς
2563 3259 2771 3323 πόλεως
2799 3257 3207 3325 ἐξελαύνεσθαι,
3258 3257 3401 3312 ὥστε
3435 3258 3686 3322 καὶτοὺς
3731 3260 3794 3312 ἐν

2200 3347 2269 3415 τῇ
2301 3343 2454 3396 πόλει
2485 3341 2724 3413 βελτίους
2752 3341 3030 3411 γενέσθαι,
3054 3342 3150 3398 καὶ
3173 3342 3336 3397 αὑτὸν
3374 3341 3449 3414 μὴ
3466 3342 3792 3414 προκεῖσθαι

2202 3429 2314 3488 τοῖς
2342 3424 2687 3496 βουλομένοις
2719 3423 2964 3494 ὑϐρίζειν
2993 3425 3343 3497 σκωμμάτων
3366 3427 3461 3479 καὶ
3496 3425 3794 3496 χλευασίας

2202 3506 2479 3580 ἀφορμὴν,
2539 3506 2654 3561 ἀλλ’
2706 3506 2812 3573 ἔξω
2867 3509 2968 3579 τῆς
3029 3506 3238 3571 πόλεως
3301 3507 3552 3578 μένοντα,
3613 3524 3795 3578 παρα-

2203 3592 2460 3662 πέτασμα
2509 3592 2607 3661 τῆς
2667 3592 2951 3662 συμφορᾶς
2993 3591 3136 3661 ἐχειν
3175 3592 3274 3662 τὴν
3318 3591 3575 3662 ἐρημίαν.
3623 3591 3798 3645 Τοῦτο

2204 3676 2299 3728 καὶ
2336 3674 2426 3728 τὸν
2466 3672 2691 3745 βασιλέα
2728 3672 2915 3727 τοῦτον
2960 3673 3254 3744 ὑπομένειν
3307 3674 3473 3744 ἐχρῆν
3514 3673 3654 3743 μετά
3694 3674 3798 3747 τὴν

2204 3756 2408 3829 λέπραν
2440 3775 2453 3789 ·
2478 3755 2592 3811 ἀλλ’
2621 3756 2719 3826 οὑχ
2762 3756 3042 3826 ὑπέμεινε,
3073 3756 3182 3809 τῶν
3208 3759 3266 3810 ἐν
3292 3760 3356 3828 τῇ
3392 3756 3546 3810 πόλει
3575 3758 3665 3811 διά
3692 3759 3796 3829 τήν

2205 3840 2379 3913 ἀρχὴν
2412 3840 2575 3894 αὑτὸν
2626 3838 3000 3901 αἰδεσθέντων,
3055 3838 3171 3892 ἀλλ’
3224 3839 3417 3909 ἔμενεν
3446 3841 3504 3892 ἐν
3531 3840 3610 3911 τῷ
3656 3840 3795 3912 οἴκῳ

2207 3922 2368 3975 αὑτοῦ
2392 3922 2660 3993 κρυφίως.
2689 3921 2859 3975 Τοῦτο
2889 3920 3174 3992 παρώξυνε
3208 3922 3299 3976 τὸν
3323 3922 3478 3984 Θεὸν,
3503 3921 3662 3976 τοῦτο
3690 3924 3796 3995 τήν

2207 4007 2544 4080 προφητείαν
2574 4005 2819 4060 ἐκώλυσε
2842 4024 2855 4038 υ
2898 4007 2992 4059 καὶ
3014 4006 3150 4077 ὅπερ
3182 4007 3274 4059 ἐπὶ
3300 4005 3396 4060 τοῦ
3441 4007 3558 4059 Ἦλί
3578 4007 3796 4074 γέγονε,

2218 4090 2409 4160 Ῥῆμα
2428 4095 2623 4160 τίμιον
2636 4085 2735 4159 ἦν,
2751 4088 2849 4143 καί
2865 4090 2977 4143 οὐκ
2991 4085 3070 4160 ἦν
3084 4088 3295 4156 ὅρασις
3315 4089 3795 4147 διαστέλλουσα.

2208 4174 2282 4227 Σὺ
2309 4173 2367 4227 δέ
2403 4190 2494 4245 μοι
2536 4174 2629 4227 καὶ
2671 4172 2906 4226 ἐνταῦθα
2950 4174 3141 4226 σκόπει
3172 4172 3267 4226 τοῦ
3295 4172 3432 4226 Θεοῦ
3464 4172 3564 4245 τὴν
3602 4174 3798 4242 φιλαν-

2210 4257 2476 4327 θρωπίαν.
2501 4257 2577 4309 Οὑ
2605 4255 2712 4326 γὰρ
2737 4253 3001 4324 ἀνέτρεψε
3030 4254 3131 4325 τὴν
3184 4255 3360 4323 πόλιν,
3394 4256 3514 4309 οὑδέ
3544 4256 3800 4311 ἀπώλεσε

2210 4341 2335 4402 τοὺς
2371 4338 2712 4401 ἐνοικοῦντας
2731 4353 2746 4368 ο
2787 4338 2899 4390 ἀλλ’
2928 4339 3064 4407 ὅπερ
3094 4338 3240 4407 φίλοι
3273 4339 3485 4392 ποιοῦσι
3511 4342 3648 4409 πρὸς
3670 4342 3805 4407 τοὺς

2210 4422 2505 4493 ὁμοτίμους
2526 4420 2632 4473 τῶν
2660 4420 2847 4489 φίλων,
2871 4421 3089 4475 ἐπειδὰν
3116 4422 3282 4493 ἔχωσί
3307 4441 3359 4477 τι
3393 4423 3601 4477 δίκαιον
3630 4427 3799 4493 ἐγκα-

2211 4504 2344 4569 λεῖν,
2385 4506 2443 4558 ἐν
2486 4506 2909 4575 παρασιωπήσει
2946 4505 3200 4575 μένοντες
3221 4522 3234 4536 ο
3284 4506 3443 4560 τοῦτο
3472 4508 3566 4561 καὶ
3593 4509 3625 4561 6
3661 4509 3804 4573 Θεὸς

2214 4588 2350 4659 πρὸς
2368 4588 2430 4640 τὸ
2454 4585 2602 4651 ἔθνος
2618 4582 2840 4659 ἐτῶίησε
2878 4589 3123 4660 μείζονος
3149 4590 3207 4644 ὃν
3236 4590 3385 4656 ἄξιον
3412 4591 3687 4657 κολάσεως
3707 4596 3808 4649 καὶ

2213 4672 2499 4742 τιμωρίας.
2529 4670 2680 4744 [157]
2720 4671 2861 4743 Ἐγὼ
2891 4675 2989 4745 μὲν
3012 4674 3121 4747 γὰρ
3148 4673 3399 4740 ἐξέϐαλον
3430 4675 3612 4740 αὑτὸν,
3640 4677 3803 4748 φησὶ,

2214 4756 2308 4809 τοῦ
2333 4755 2500 4825 ἱεροῦ,
2532 4758 2689 4825 ὑμεῖς
2715 4756 2770 4810 δὲ
2804 4758 2924 4811 οὑδὲ
2940 4759 3039 4828 τῆς
3066 4759 3268 4822 πόλεως
3286 4773 3301 4787 '
3319 4758 3430 4827 ἐγὼ
3452 4760 3622 4831 δήσας
3639 4761 3809 4814 αὑτὸν

2215 4839 2305 4893 διὰ
2341 4840 2440 4908 τῆς
2467 4839 2694 4911 λέπρας,
2731 4841 2945 4910 ἰδ.ώτην
2997 4842 3290 4912 παρέδωκα
3317 4882 3331 4905 ,
3379 4843 3537 4913 ὑμεῖς
3587 4843 3643 4897 δὲ
3678 4845 3810 4898 οὑδὲ

2217 4923 2280 4975 οὗ
2291 4941 2362 4974 τω
2375 4939 2441 4975 πε
2450 4923 2781 4993 ριεγένεσθε,
2805 4924 2940 4977 ἀλλά
2960 4924 3052 4977 τὸν
3077 4925 3168 4977 ὑπ’
3184 4924 3318 4994 ἐμοῦ
3337 4926 3814 4981 καταδικασθέντα

2218 5008 2315 5059 οὐκ
2364 5006 2621 5076 ὴνέχεσθε
2650 5009 2749 5077 τῆς
2794 5007 3001 5070 πόλεως
3033 5008 3301 5062 ἐκϐαλεῖν.
3346 5010 3535 5063 Καίτοι
3565 5013 3716 5072 ποῖος
3736 5010 3814 5064 ἂν

2218 5090 2374 5142 τοῦτο
2404 5090 2661 5159 βασιλεὺς
2702 5093 2889 5161 πράως
2919 5092 3171 5160 ήνεγκεν,
3210 5091 3321 5144 ἀλλ’
3355 5093 3455 5145 οὑκ
3480 5092 3545 5145 ἂν
3593 5095 3658 5145 ἐκ
3707 5092 3816 5161 βά-

2221 5175 2364 5245 θρων
2414 5174 2512 5245 τήν
2569 5174 2722 5229 πόλιν
2775 5173 3075 5243 ἀνέτρεψε,
3126 5176 3217 5228 τὸν
3255 5176 3337 5239 εἰς
3376 5176 3471 5246 τὴν
3507 5178 3815 5248 ὑπερορίαν

2223 5258 2628 5330 μετοικισθῆναι
2664 5256 3050 5324 κελευσθέντα,
3085 5259 3493 5329 ἐνδιατρίϐοντα
3525 5263 3592 5331 τῇ
3646 5263 3815 5316 πόλει

2218 5343 2394 5414 ὁρῶνς
2423 5341 2537 5393 ἀλλ’
2584 5342 2682 5410 οὑχ
2707 5343 2734 5392 6
2761 5340 2891 5404 Θεὸς
2922 5342 3079 5395 τοῦτο
3112 5344 3365 5415 ἐποίησε·
3389 5344 3521 5407 Θεὸς
3558 5346 3668 5416 τάρ
3712 5341 3812 5417 ἦν,

2220 5428 2314 5481 καὶ
2347 5424 2447 5479 οὑκ
2471 5423 2775 5495 ἄνθρωπος.
2819 5426 3037 5496 Ἐπειδὴ
3075 5427 3129 5480 δὲ
3179 5427 3499 5500 ἐτελεύτησε
3522 5468 3538 5492 ,
3576 5433 3643 5500 τῇ
3689 5427 3817 5503 ζωῇ

2218 5508 2407 5562 τούτου
2430 5509 2524 5562 καὶ
2553 5506 2652 5577 τὴν
2676 5508 2811 5578 πρὸς
2839 5508 3079 5571 ἐκείνους
3102 5509 3270 5580 ὀργὴν
3302 5513 3693 5578 συγκατέλυσε,
3711 5514 3822 5569 καὶ

2220 5595 2318 5662 τῆς
2341 5592 2678 5664 προφητείας
2725 5592 2821 5655 τὰς
2853 5591 3022 5662 θύρας
3052 5593 3278 5664 ἀνέῳξε,
3328 5595 3423 5646 καὶ
3471 5594 3631 5649 πάλιν
3671 5598 3820 5666 πρὸς

2218 5677 2416 5741 αὐτοὺς
2431 5674 2726 5746 ἐπανῆλθε,
2751 5676 2824 5729 Σὺ
2841 5673 2895 5727 δὲ
2915 5677 2978 5728 ἐκ
2997 5673 3089 5728 τοῦ
3114 5676 3317 5747 τρόπου
3340 5679 3440 5748 τῆς
3461 5678 3824 5754 καταλλαγῆς

2279 5870 2303 5917 ς
2323 5853 2458 5906 Unus
2478 5854 2701 5917 ἐπήγαγε.

2282 5915 2303 5955 τ
2331 5917 2533 5977 Quidam
2557 5914 2669 5966 nisi.
2697 5914 2964 5980 ἁμάρτωσι,
2990 5920 3042 5967 el
3068 5917 3212 5980 paulo
3234 5924 3343 5980 post
3365 5918 3638 5983 ἁμαρτήσῃ.
