4048 6208
258 333 369 387 135

251 454 382 509 silio
419 451 620 524 gratias
658 465 859 522 agere:
901 449 1023 513 ille,
1067 447 1268 519 inquit,
1311 446 1612 520 indignatus
1648 456 1765 517 est,
1794 454 1853 505 et

251 547 454 602 vulnus
472 543 705 600 reddidit
723 541 1186 612 acerbius.-Neque
1205 541 1346 596 enim
1368 541 1588 611 perinde
1605 541 1744 600 mala
1768 555 1855 597 res

251 649 342 694 est
379 647 687 708 peccatum,
727 646 886 706 atque
915 642 1034 705 post
1074 643 1347 704 peccatum
1385 632 1728 702 impudentia.
1761 633 1856 687 At-

246 728 349 797 qui
371 745 476 784 non
498 728 692 784 eodem
718 727 878 782 modo
901 725 1062 780 David
1078 767 1094 792 ,
1118 725 1211 780 sed
1237 724 1546 796 quomodo?
1567 723 1856 808 Postquam

251 840 280 872 a
309 820 512 874 Nathan
537 821 810 874 incusatus
829 825 973 872 esset
992 816 1060 872 de
1082 816 1366 882 Bersabee,
1387 814 1636 882 Peccavi,
1660 815 1848 885 inquit,

255 914 478 966 Domino
510 911 600 983 (2.
631 911 759 980 Reg.
797 909 881 965 η.
915 910 984 965 15
1018 908 1060 979 ).

329 1008 380 1060 5.
432 1005 648 1059 Peccata
663 1007 919 1072 justorum
945 1003 1131 1056 cedunt
1151 1002 1202 1055 in
1230 1002 1434 1056 bonum.
1460 1000 1730 1055 —Vidisti
1757 1014 1851 1054 cor

250 1098 579 1151 enutritum?
603 1097 776 1150 vidisti
795 1095 1115 1150 submissum
1134 1094 1365 1149 animam
1383 1094 1406 1148 ’ἲ
1421 1093 1593 1147 vidisti
1617 1102 1674 1147 ιιι
1689 1093 1848 1147 etiam

257 1190 442 1256 lapsus
471 1200 780 1242 sam-torum
811 1188 917 1241 sint
941 1186 1174 1256 egregii?
1200 1184 1656 1253 Quemadmodum
1706 1185 1848 1240 enint

257 1281 516 1349 prmclara
560 1293 784 1348 corpora
827 1279 986 1333 etiam
1029 1278 1080 1332 in
1110 1277 1330 1332 adversa
1359 1277 1658 1332 valetudine
1683 1279 1848 1333 multa

252 1373 409 1426 nobis
451 1371 640 1425 forma:
685 1370 903 1440 vestigia
952 1368 1282 1424 ostendunt:
1313 1369 1392 1423 sic
1445 1377 1498 1423 et
1539 1378 1846 1424 Sanctorum

251 1465 448 1518 anima:
493 1463 545 1516 in
589 1463 719 1531 ipsis
750 1462 912 1517 etiam
940 1463 1132 1517 erratis
1157 1476 1270 1516 sua:
1314 1462 1522 1516 virtutis
1559 1463 1706 1532 signa
1740 1479 1850 1531 pra:

250 1569 312 1609 se
341 1553 540 1608 ferunt.
577 1552 645 1607 Et
673 1563 848 1607 tamen
875 1552 962 1606 ille
993 1553 1045 1606 in
1075 1552 1248 1608 media
1275 1553 1418 1623 regia
1444 1553 1794 1608 accusabatur
1818 1568 1848 1608 a

254 1644 518 1714 propheta
542 1643 725 1697 multis
754 1643 1142 1713 prtesentihus;
1170 1642 1258 1697 hic
1280 1657 1407 1697 vero
1432 1643 1573 1697 intus
1604 1644 1653 1698 in
1677 1644 1850 1714 adytis

255 1734 406 1787 nullo
434 1743 573 1789 teste
603 1733 918 1804 redargutus
942 1741 1058 1798 est;
1085 1747 1269 1787 verum
1301 1747 1368 1788 ne
1388 1733 1466 1788 sic
1495 1733 1706 1804 quidem
1731 1733 1849 1788 tulit

253 1827 700 1895 increpationem.
751 1825 888 1894 Quid
933 1825 1134 1896 igitur?
1177 1826 1484 1881 insanabilis
1523 1825 1848 1895 permansit?

250 1920 621 1990 Nequaquam,
653 1929 872 1989 propter
913 1918 1006 1972 Dei
1050 1918 1389 1973 clementiam
1426 1935 1440 1971 :
1471 1917 1564 1973 sed
1594 1917 1851 1989 quemad-

257 2011 475 2065 modum
501 2011 570 2066 de
600 2012 980 2079 lunatien,cum
1008 2009 1252 2080 discipuli
1273 2025 1379 2065 non
1394 2011 1633 2065 valerent
1653 2009 1849 2080 ejicere

253 2103 579 2157 da-monium
605 2145 621 2168 ,
655 2103 782 2157 dicit
811 2103 1054 2157 Christus
1085 2120 1098 2157 :
1132 2103 1381 2157 Adducite
1417 2103 1542 2157 mihi
1586 2114 1704 2156 eum
1750 2104 1848 2158 huc

252 2194 470 2264 (Matth.
502 2194 587 2248 17.
623 2193 711 2266 16)
737 2213 750 2247 :
779 2195 855 2248 sic
877 2202 932 2249 et
957 2194 1064 2261 hic,
1094 2209 1213 2249 cum
1243 2193 1495 2250 sacerdos
1531 2209 1637 2249 non
1672 2203 1850 2264 posset

250 2289 498 2342 morbum
525 2289 712 2360 quovis
753 2289 1023 2344 dtemonio
1053 2289 1371 2355 suaviorem,
1421 2304 1611 2359 nempe
1662 2302 1848 2358 pecca-

251 2390 387 2445 tum,
429 2380 648 2450 ejicere,
696 2381 813 2451 ipse
855 2382 994 2436 Deus
1021 2382 1356 2437 laborantem
1401 2382 1724 2452 aggreditur.
1783 2383 1850 2438 Et

252 2473 382 2542 quid
407 2473 564 2528 facit?
597 2474 822 2544 Lepratn
851 2473 1087 2528 immittit
1115 2472 1272 2528 fronti
1304 2473 1488 2543 ipsius.
1507 2472 1723 2527 Factum
1749 2483 1843 2541 est,

254 2568 426 2636 iuquit
451 2608 466 2632 ,
513 2584 626 2620 cum
654 2567 742 2621 ille
771 2568 1047 2621 minaretur
1075 2566 1324 2621 sacerdoti
1347 2606 1362 2630 ,
1393 2566 1533 2636 lepra
1560 2566 1770 2636 efﬂoruit
1796 2566 1848 2618 in

251 2665 421 2729 fronte
441 2660 551 2730 ejus
575 2660 655 2730 (Ξ.
685 2659 865 2714 Paral.
895 2659 985 2714 26.
1019 2659 1138 2730 19),
1164 2659 1381 2729 jamque
1409 2659 1608 2725 exibat,
1639 2657 1774 2713 sicut
1812 2659 1848 2713 ii

250 2751 344 2818 qui
372 2749 439 2804 ad
469 2759 696 2804 mortem
729 2749 1062 2804 abducuntur
1086 2749 1265 2804 funem
1297 2764 1392 2804 ore
1410 2758 1680 2820 gestantes
1695 2749 1847 2805 dam-

251 2840 490 2895 nationis
541 2841 792 2910 signum,
844 2841 922 2895 sic
967 2849 1022 2896 et
1071 2839 1162 2896 ille
1195 2840 1498 2910 ignominia:
1540 2840 1746 2910 signum
1795 2841 1846 2896 in

252 2932 433 2987 fronte
457 2942 693 3003 gestans,
737 2948 841 2986 non
872 2933 1214 2988 carniﬁcibus
1258 2934 1432 3004 ipsum
1477 2933 1844 3001 trahentibus,

253 3023 349 3078 sed
398 3023 545 3093 lepra
578 3024 696 3080 loco
725 3025 990 3080 carnificis
1037 3025 1209 3094 ipsum
1261 3024 1587 3095 prarcipitem
1633 3034 1843 3096 agente.

254 3115 536 3187 higressus
572 3126 637 3171 .ut
677 3117 1035 3172 sacerdotium
1067 3126 1388 3189 usurparet,
1414 3119 1578 3174 etiam
1623 3134 1844 3190 regnum

253 3206 490 3276 perdidit
521 3223 537 3259 :
569 3207 840 3276 ingressus
864 3217 945 3264 est
973 3216 1031 3262 ut
1072 3207 1224 3263 lieret
1250 3208 1606 3264 venerabilior
1628 3250 1643 3274 ,
1674 3222 1728 3264 et
1767 3208 1846 3263 fa-

253 3309 371 3353 ctus
415 3308 501 3353 est
546 3298 940 3354 exsecrabilior.
968 3298 1099 3354 Nam
1143 3314 1266 3354 cum
1317 3300 1620 3354 immundus
1670 3309 1844 3365 esset,

256 3391 448 3460 quovis
476 3389 696 3445 homine
720 3390 926 3460 privato
953 3389 1175 3460 posthac
1198 3391 1385 3445 vilior‘
1415 3399 1549 3446 crat.
1584 3391 1733 3446 Adeo
1760 3406 1847 3446 res

251 3494 334 3538 est
360 3483 499 3537 mala
528 3499 634 3538 non
661 3497 879 3538 manere
906 3484 1040 3537 intra
1073 3483 1204 3537 fines
1227 3482 1382 3536 nobis
1407 3497 1436 3536 a
1467 3483 1573 3537 Deo
1606 3483 1849 3552 prazscri-

255 3587 396 3646 ptos,
441 3577 556 3631 sive
586 3575 806 3632 honoris
847 3577 958 3632 sive
987 3576 1307 3646 cognitionis
1335 3591 1423 3630 res
1449 3575 1628 3630 fuerit.
1659 3575 1846 3631 Nonne

252 3670 404 3726 rides
435 3669 536 3724 hoc
567 3684 734 3737 mare,
766 3685 925 3739 quam
948 3677 1032 3724 est
1058 3669 1131 3723 ob
1161 3667 1464 3724 violentiam
1493 3667 1840 3733 intolerabile,

243 3763 467 3833 quantis
501 3763 737 3832 insurgat
765 3761 1049 3818 ﬂuctibus?
1090 3763 1336 3816 Attamen
1369 3773 1710 3832 posteaquam
1748 3774 1844 3815 ve-

252 3858 536 3908 hementer
561 3853 873 3920 insurrexit,
904 3853 1179 3922 multoque
1204 3867 1322 3908 cum
1355 3861 1563 3908 tumore
1592 3866 1842 3924 progres-

249 3960 369 3998 sum
399 3954 501 4007 est,
538 3943 628 3997 ubi
659 3943 949 3998 venerttad
983 3944 1264 3998 terminum
1291 3942 1389 4012 ipsi
1415 3957 1443 3996 a
1471 3943 1578 3998 Deo
1605 3943 1847 4012 praescri-

249 4045 402 4104 ptum
427 4073 444 4100 ,
480 4034 728 4088 fluctibus
767 4034 816 4087 in
857 4049 1099 4102 spumam
1130 4032 1317 4087 solutis
1345 4034 1396 4087 in
1423 4047 1548 4087 sese
1575 4033 1731 4087 redit.
1776 4033 1846 4088 Et

248 4138 431 4183 tanien
460 4127 588 4196 quid
617 4143 777 4182 arena
809 4127 977 4196 possit
1014 4141 1134 4181 esse
1171 4125 1470 4180 infirmius?
1499 4124 1690 4180 Verum
1732 4140 1842 4200 non

247 4222 339 4276 illa
366 4230 450 4276 est
477 4236 598 4290 qua:
625 4219 904 4289 prohibet,
951 4218 1044 4273 sed
1087 4218 1202 4288 ejus
1224 4228 1398 4272 metus
1421 4217 1511 4287 qui
1556 4217 1842 4272 terminum

247 4314 448 4382 posuit.
481 4311 633 4380 Quod
656 4310 705 4365 si
735 4311 835 4362 hoc
854 4309 1160 4378 exemplum
1190 4323 1292 4364 non
1317 4319 1366 4363 te
1394 4316 1606 4362 revocat
1634 4307 1700 4362 ad
1729 4323 1845 4362 mo-

248 4407 607 4470 iterationem,
638 4419 757 4474 quae
787 4403 936 4458 Ozias
971 4401 1282 4458 acciderunt
1321 4401 1568 4456 erudiant
1607 4409 1694 4465 te,
1723 4416 1841 4471 quae

251 4513 389 4552 inme
417 4512 448 4550 a
481 4496 640 4550 nobis
669 4495 810 4550 dicta
847 4503 990 4548 su:.t.

329 4588 565 4643 Vindicta
583 4586 962 4641 mansuetudine
977 4594 1272 4655 temperata.
1291 4616 1362 4627 —
1378 4584 1571 4640 Verum
1590 4583 1838 4654 quoniam

253 4680 380 4734 iram
420 4681 514 4735 Dei
547 4679 777 4734 vidimus
801 4677 1121 4748 dignamque
1147 4677 1424 4740 ultionem,
1451 4691 1548 4746 age
1573 4685 1625 4730 et
1654 4674 1842 4728 huma-

253 4773 470 4827 nitatem
510 4771 628 4840 ejus
655 4771 979 4839 multamque
1003 4768 1306 4839 aequitatem
1337 4776 1836 4822 commonstremus.

253 4863 428 4933 Neque
457 4863 604 4917 enim
647 4877 710 4915 ea
754 4869 954 4914 tantum
983 4858 1206 4914 dicenda
1235 4867 1378 4921 sunt,
1423 4873 1542 4928 qua:
1573 4858 1840 4926 pertinent

251 4956 310 5009 ad
361 4956 522 5020 iram,
570 4967 753 5008 verum
796 4953 954 5006 etiam
986 4966 1105 5020 qua:
1134 4949 1199 5003 ad
1229 4947 1732 5012 mansuetudinem,
1783 4955 1839 5002 ut

253 5062 419 5117 neque
449 5049 502 5100 in
533 5044 960 5115 desperationem
979 5041 1329 5111 conjiciamus
1355 5040 1644 5102 auditores,
1665 5053 1837 5109 neque

254 5141 300 5193 in
328 5139 656 5195 Secordiam.
687 5136 776 5192 Sic
820 5127 964 5190 enim
1012 5144 1067 5190 et
1113 5133 1308 5188 Paulus
1355 5132 1476 5186 facit
1503 5147 1569 5186 ex
1615 5139 1839 5200 utraque

252 5242 558 5299 temperans
577 5227 992 5282 admonitionem
1024 5261 1040 5287 ,
1074 5223 1216 5278 hunc
1246 5223 1297 5275 in
1327 5220 1543 5275 modum
1568 5222 1790 5289 loquens
1820 5236 1835 5274 :

263 5322 384 5377 iide
405 5324 560 5391 igitur
587 5321 858 5375 bonitatem
879 5334 940 5372 ac
958 5317 1265 5371 severitatem
1292 5313 1383 5368 Dei
1403 5314 1580 5386 (llam.
1615 5313 1698 5367 l1.
1717 5311 1834 5380 ‘22);

253 5430 356 5483 quo
398 5414 560 5469 simul
588 5422 644 5467 et
673 5423 875 5467 terrore
917 5419 973 5465 et
1016 5409 1152 5465 bona
1197 5423 1293 5478 spe
1333 5408 1534 5463 excitet
1579 5423 1699 5462 eum
1745 5407 1835 5476 qui

255 5505 429 5574 lapsus
457 5515 563 5560 est.
596 5503 787 5557 Vidisti
817 5500 1156 5556 severitatem
1200 5498 1331 5554 Dei?
1361 5497 1482 5553 vide
1528 5507 1583 5552 et
1627 5496 1837 5551 bonita-

255 5600 390 5653 tem?
415 5595 695 5669 Quomodo
719 5595 877 5666 igitur
897 5592 1194 5650 videbimus
1214 5589 1543 5649 bonitatem?
1567 5589 1622 5646 Si
1639 5604 1836 5660 cogno-

318 5771 331 5797 ¹
368 5786 512 5836 ιλιαδ.
537 5782 667 5826 "‘ste
693 5774 880 5833 savilin,
905 5773 1050 5824 habet
1075 5812 1091 5835 ,
1154 5773 1380 5842 fragilior
1408 5815 1424 5839 ,
1506 5782 1611 5834 pro,
1643 5766 1794 5821 rilior.

1301 328 1366 384 IN
1405 326 1628 400 ILLUD,
1669 327 1808 385 VIDI
1850 327 2178 400 DOMINUII,
2220 334 2447 396 IiOMIL.
2493 339 2554 396 ι’.

3443 365 3542 420 154

1963 449 2196 543 verimus
2221 471 2322 527 qua
2350 474 2408 514 re
2425 460 2615 530 dignus
2645 461 2800 520 fuerit
2828 465 2999 524 Ozias.
3024 469 3226 537 Quibus
3246 470 3414 543 igitur
3432 490 3549 535 erat

1961 542 2178 616 dignus?
2192 547 2261 604 Ut
2289 551 2444 607 simul
2472 565 2630 626 atque
2658 559 2792 614 intra
2820 576 3030 620 sacrum
3059 542 3373 630 vestibulum
3400 586 3544 636 tanta

1961 649 2081 690 cum
2107 639 2432 710 impudentia
2460 645 2928 718 irrupissetmiilte
2953 655 3275 729 fulminibus,
3302 677 3546 727 extremo

1961 731 2220 830 Supplicia
2246 738 2590 811 cruciatuquc
2611 743 2932 804 afficeretur.
2961 751 3014 807 Si
3042 753 3181 808 enim
3211 756 3284 811 illi
3311 761 3399 830 qui
3429 761 3543 818 haec

1960 835 2188 918 primum
2210 837 2344 882 sunt
2390 833 2544 896 ausi,
2585 834 2721 891 hanc
2750 839 2945 896 dedere
2995 860 3204 914 poenam
3231 893 3247 918 ,
3297 855 3543 913 videlicet

1964 912 2188 1015 Dathan,
2207 919 2344 1015 Core
2371 931 2424 977 et
2445 924 2643 980 Ahiron
2672 928 2857 998 (Num.
2884 912 3186 1005 16),multo
3212 912 3379 1015 magis
3400 912 3544 1005 hunc

1958 1005 2168 1108 adeum
2193 1013 2406 1069 modum
2434 1019 2604 1086 puniri
2631 1026 2885 1094 oportuit,
2905 1030 2991 1096 qui
3007 1046 3074 1086 ne
3098 1005 3540 1108 IIIOl'llqullidcm

1955 1099 2344 1161 calamitatibus
2372 1107 2530 1163 fuerit
2555 1113 2860 1183 castigatus.
2908 1119 3101 1176 Verum
3149 1123 3251 1182 hoc
3279 1099 3382 1184 no'n
3417 1130 3538 1187 fecit

1959 1192 2118 1260 Deus,
2135 1194 2227 1248 sed
2257 1197 2400 1265 prius
2425 1200 2498 1253 illi
2529 1215 2806 1260 sermones
2832 1208 3065 1266 admovit
3084 1230 3178 1281 per
3204 1219 3538 1277 sacerdotem

1959 1281 2122 1339 multa
2166 1287 2348 1355 plenos
2377 1288 2704 1350 humanitate
2742 1314 2755 1349 :
2790 1299 3032 1371 quodque
3060 1302 3301 1364 Christus
3341 1311 3536 1366 adhor.

1960 1385 2096 1432 tatus
2125 1389 2226 1444 est,
2277 1391 2334 1436 ut
2359 1381 2596 1441 facerent
2623 1387 2866 1446 homines
2893 1395 3100 1462 quoties
3142 1399 3192 1452 in
3223 1415 3284 1454 se
3313 1402 3536 1460 invicem

1957 1472 2310 1537 peccaverint,
2341 1473 2441 1531 hoc
2473 1476 2612 1534 Deus
2642 1479 2762 1536 fecit
2789 1497 2910 1554 erga
2942 1484 3231 1543 hominem.
3261 1491 3390 1546 Nam
3423 1497 3493 1549 ait
3517 1512 3536 1551 ι

1955 1558 2080 1615 Cum
2106 1567 2380 1633 peccaverit
2406 1568 2457 1622 in
2478 1578 2526 1623 te
2551 1574 2710 1641 frater
2735 1583 2866 1639 tuus,
2893 1577 2994 1642 ubi,
3018 1595 3174 1649 argue
3197 1599 3307 1637 cum
3347 1585 3474 1639 inter
3493 1599 3541 1642 te

1955 1665 2002 1708 et
2029 1657 2192 1726 ipsum
2223 1659 2386 1732 solum
2416 1661 2627 1727 (Matth.
2670 1668 2755 1722 18.
2792 1667 2902 1740 15).
2949 1669 3040 1727 Sic
3081 1683 3136 1728 et
3178 1691 3356 1746 regem
3400 1677 3541 1735 hunc

1956 1747 2224 1819 redarguit
2251 1751 2410 1808 Deus.
2441 1754 2508 1810 Et
2546 1754 2790 1815 Christus
2817 1762 3030 1831 quidem
3063 1765 3189 1822 dicit
3219 1785 3233 1823 :
3267 1768 3331 1825 Si
3365 1781 3413 1826 te
3438 1789 3539 1827 non

1956 1839 2174 1932 audierit
2199 1883 2215 1908 ,
2247 1844 2310 1896 sit
2337 1845 2425 1898 tibi
2453 1848 2582 1902 velut
2613 1850 2838 1905 ethnicus
2861 1864 2908 1908 et
2936 1855 3236 1925 publicanus
3281 1859 3441 1932 (Ibid.
3488 1881 3536 1920 tt.

1960 1930 2046 1986 16.
2080 1933 2169 2002 17)
2199 1951 2214 1986 :
2245 1944 2302 1989 at
2335 1936 2476 1992 Deus
2517 1940 2799 1996 clementia
2842 1947 3082 2015 proprias
3127 1930 3539 2022 supergredieus

1957 2022 2120 2093 leges,
2152 2041 2249 2081 nec
2273 2028 2350 2082 sic
2374 2029 2587 2099 quidem
2620 2034 2766 2088 illum
2800 2039 3060 2103 resecuit,
3106 2057 3204 2097 nec
3227 2045 3410 2101 audire
3437 2063 3537 2102 no-

1957 2113 2152 2168 lentem
2182 2115 2648 2191 indignantcmquc
2676 2122 2871 2193 dejecit
2893 2167 2909 2191 ,
2957 2128 3050 2184 sed
3081 2131 3269 2187 iterum
3296 2137 3537 2206 aggredi-

1956 2213 2043 2260 tur
2090 2207 2418 2279 castigatque
2467 2211 2626 2268 tuodo
2665 2217 3052 2273 correctionem
3102 2220 3330 2280 habente
3361 2228 3537 2296 potius

1955 2311 2113 2367 quam
2145 2299 2422 2358 ultionem.
2451 2303 2636 2376 Neque
2664 2308 2804 2362 enim
2838 2307 3035 2366 fulmen
3063 2314 3286 2372 vibravit
3312 2334 3342 2374 e
3370 2321 3536 2377 subli-

1954 2389 2047 2450 mi,
2079 2406 2252 2461 neque
2275 2394 2479 2449 exussit
2505 2396 2786 2464 impudens
2815 2411 2996 2472 caput,
3025 2405 3118 2460 sed
3153 2415 3354 2465 tantum
3391 2412 3532 2482 lepra

1953 2482 2248 2573 castigavit.
2279 2486 2453 2558 Atque
2483 2504 2543 2544 ea
2563 2490 2778 2559 quidem
2803 2509 2922 2564 qua:
2947 2495 3090 2552 Ozize
3110 2501 3436 2573 acciderunt,
3459 2508 3536 2563 sic
3561 2569 3570 2572 _

1957 2571 2154 2666 habent
2186 2593 2199 2629 :
2231 2591 2331 2648 ego
2355 2594 2483 2634 vero
2505 2581 2549 2635 si
2583 2598 2742 2637 unum
2770 2585 3018 2655 quiddam
3045 2591 3219 2649 adhuc
3243 2571 3498 2653 addidero
3515 2641 3532 2666 ,

1954 2665 2165 2722 dicendi
2207 2670 2362 2725 linem
2413 2671 2623 2729 faciam.
2677 2676 2815 2745 Quid
2859 2690 3038 2738 autem
3069 2682 3170 2741 hoc
3214 2690 3334 2744 est?
3383 2665 3534 2759 Quod

1957 2765 2160 2834 pridem
2176 2769 2244 2824 ab
2269 2769 2421 2826 initio
2440 2775 2829 2844 quaerebamus,
2848 2793 2946 2836 cur
2959 2796 3079 2838 cum
3099 2783 3150 2838 in
3176 2784 3334 2842 rebus
3366 2795 3538 2843 ester-

1955 2858 2037 2912 nis
2069 2858 2229 2929 inque
2256 2862 2584 2933 prophetiis,
2617 2871 2813 2925 omnes
2839 2871 3048 2928 soleant
3074 2873 3355 2946 designare
3399 2887 3536 2932 tem-

1954 2963 2081 3018 pora
2112 2953 2234 3006 vitae
2259 2969 2466 3024 regunt,
2495 2955 2582 3012 hic
2611 2973 2676 3013 eo
2701 2963 3060 3029 praetermisso
3079 3005 3095 3030 ,
3126 2973 3336 3036 tempus
3361 2980 3536 3024 sumat

1953 3059 2062 3114 quo
2092 3054 2334 3102 mortuus
2359 3049 2425 3101 sit
2455 3047 2630 3116 Ozias,
2657 3051 2723 3106 ad
2754 3051 2893 3108 hunc
2919 3053 3142 3125 loquens
3171 3057 3384 3113 modum
3420 3077 3435 3113 :
3471 3060 3535 3114 Et

1953 3140 2144 3205 factum
2170 3147 2241 3192 est
2267 3155 2422 3207 anno,
2449 3156 2547 3210 quo
2576 3150 2807 3198 mortuus
2829 3152 2899 3199 est
2918 3144 3070 3201 Ozias
3094 3163 3185 3202 rea:
3209 3147 3362 3216 (Isai.
3382 3150 3434 3205 6.
3457 3151 3532 3221 1).

1953 3229 2021 3284 Et
2049 3239 2222 3286 tamen
2259 3241 2464 3302 poterat
2494 3236 2633 3306 regis
2672 3244 2780 3291 tum
2824 3242 3092 3310 regnantis
3122 3251 3332 3316 tempus
3355 3250 3531 3318 expri-

1954 3337 2124 3389 mere,
2157 3325 2600 3394 quemadmodum
2631 3328 2878 3384 omnibus
2907 3332 3181 3403 prophetis
3221 3351 3338 3392 mos
3368 3349 3481 3393 erat
3515 3358 3529 3394 :

1952 3428 2136 3468 verum
2167 3414 2217 3470 id
2247 3431 2354 3472 non
2387 3415 2530 3473 fecit.
2561 3418 2731 3487 Quam
2765 3420 2836 3477 ob
2870 3437 3083 3478 causam
3132 3425 3290 3496 igitur
3317 3443 3422 3483 nou
3457 3430 3534 3484 fe-

1951 3507 2068 3562 cit?
2093 3507 2206 3562 Mos
2228 3517 2346 3564 erat
2369 3519 2521 3566 vetus
2552 3513 2820 3582 leprosum
2848 3530 2879 3571 e
2909 3516 3124 3574 civitate
3149 3520 3444 3590 expellere,
3477 3531 3532 3574 ut

1953 3607 2008 3654 et
2047 3599 2099 3653 hi
2131 3601 2220 3671 qui
2270 3603 2322 3656 in
2359 3603 2580 3660 civitate
2623 3606 2874 3663 vivebant
2913 3609 3106 3665 melius
3146 3610 3432 3679 haberent,
3479 3627 3534 3670 et

1954 3691 2065 3761 ipse
2094 3692 2336 3762 lcprosus
2385 3712 2488 3751 non
2519 3709 2662 3754 esset
2689 3700 2752 3754 iis
2781 3700 2870 3771 qui
2916 3703 3289 3758 contumeliam
3337 3705 3534 3763 inferre

1952 3785 2147 3840 vellent
2175 3799 2524 3844 sconunatum
2545 3806 2606 3846 ac
2628 3792 2910 3848 derisionis
2934 3797 3162 3860 occasio,
3181 3797 3273 3851 sed
3301 3807 3358 3851 ut
3380 3809 3531 3854 extra

1953 3877 2219 3932 civitatem
2251 3893 2611 3948 commorans,
2652 3883 2993 3938 solitudinem
3022 3887 3122 3940 veli
3152 3887 3272 3942 loco
3313 3886 3534 3944 haberet

1952 3966 2224 4023 obtentam
2253 3969 2514 4026 adversus
2536 3971 2781 4042 injuriam
2804 3975 3139 4031 calamitatis.
3161 3974 3273 4032 Hoc
3285 3988 3334 4033 et
3355 3994 3530 4048 regem

1954 4059 2096 4115 hunc
2125 4061 2329 4130 perpeti
2354 4063 2592 4132 oportuit
2627 4073 2746 4134 post
2770 4064 3009 4134 lepram;
3041 4067 3137 4122 sed
3169 4085 3273 4122 non
3316 4085 3530 4138 perpes-

1951 4167 2043 4207 sus
2071 4161 2171 4220 est,
2201 4153 2264 4208 iis
2293 4154 2382 4225 qui
2411 4154 2463 4209 in
2487 4155 2702 4210 civitate
2731 4165 2882 4211 erant
2911 4157 3055 4211 ilhtm
3083 4159 3154 4213 ob
3176 4160 3532 4231 principatum

1950 4243 2351 4309 reverentibus,
2394 4261 2579 4302 verum
2608 4246 2857 4301 manebat
2899 4247 3043 4302 domi
3067 4263 3180 4304 suae
3209 4249 3530 4308 clancuhnn.

1951 4335 2062 4390 llec
2091 4336 2157 4390 ad
2189 4335 2512 4391 iracundiam
2559 4339 2864 4406 provocavit
2908 4338 3096 4406 Deum,
3149 4338 3254 4396 hoc
3296 4343 3532 4412 prophe-

1953 4427 2076 4482 tiam
2120 4428 2348 4484 inhibuit
2385 4447 2400 4483 :
2441 4430 2692 4500 quodque
2733 4439 2975 4501 tempore
3019 4432 3133 4488 lleli
3174 4432 3370 4490 factum
3411 4444 3490 4490 est
3514 4477 3529 4498 ,

1959 4517 2176 4574 Verbum
2207 4522 2479 4589 pretiosum
2509 4532 2614 4575 erat
2638 4562 2654 4587 ,
2704 4537 2794 4577 nec
2817 4532 2922 4577 erat
2949 4523 3074 4578 cisio
3100 4523 3412 4596 distinguens
3454 4524 3530 4596 (ι.

1955 4609 2080 4681 Reg.
2109 4611 2265 4679 3.1).
2313 4611 2392 4666 Tu
2417 4627 2544 4667 vero
2574 4613 2702 4668 mihi
2743 4613 2833 4669 hic
2878 4604 3094 4686 quoque
3131 4616 3409 4672 considera
3441 4618 3530 4673 Dei

1951 4703 2356 4760 humanitatem.
2409 4705 2521 4760 Non
2561 4708 2702 4762 enim
2733 4707 2992 4762 subvertit
3019 4709 3287 4762 civitatem
3309 4751 3324 4776 ,
3359 4726 3532 4780 neque

1950 4796 2180 4864 perdidit
2222 4796 2609 4864 inhabitantes;
2651 4797 2743 4852 sed
2785 4798 2925 4868 quod
2953 4797 3110 4851 amici
3159 4797 3360 4853 faciunt
3404 4815 3528 4871 erga

1947 4890 2180 4957 tequales
2213 4889 2435 4956 amicos,
2467 4889 2676 4959 quoties
2707 4888 2904 4943 habent
2929 4887 3127 4959 aliquid
3156 4889 3296 4958 quod
3340 4891 3531 4946 merito

1947 4982 2304 5051 expostulent,
2335 4981 2508 5036 obiter
2530 4963 2741 5036 silentio
2769 4980 2945 5036 ferunt
2969 4991 3340 5050 exspectantes
3367 4998 3381 5036 :
3431 4983 3532 5038 hoc

1948 5081 2003 5125 et
2033 5073 2170 5126 Dens
2197 5087 2322 5143 erga
2351 5083 2561 5142 gentem
2593 5071 2714 5126 facit
2746 5073 2948 5140 majore
2979 5087 3132 5142 poena
3161 5074 3530 5146 supplicioque

1946 5164 2184 5234 dignam.
2216 5163 2348 5218 Nam
2381 5178 2481 5234 ego
2509 5164 2742 5234 quidem,
2774 5165 2963 5234 inquit,
2996 5165 3130 5234 ejeci
3158 5164 3305 5220 illum
3335 5181 3368 5221 ο
3389 5175 3528 5219 tein-

1946 5258 2055 5327 plo,
2087 5272 2184 5310 vos
2210 5268 2387 5311 autem
2418 5272 2484 5311 ne
2511 5272 2542 5312 e
2567 5256 2779 5311 civitate
2804 5258 3019 5327 quidem
3056 5275 3070 5312 :
3097 5272 3198 5330 ego
3226 5258 3375 5314 illum
3412 5259 3527 5312 vin-

1945 5360 2088 5405 ctum
2119 5349 2286 5419 lepra,
2337 5349 2407 5404 ita
2437 5350 2696 5420 privatum
2721 5349 2949 5418 reddidi,
2997 5363 3092 5405 vos
3119 5361 3297 5407 autem
3343 5366 3410 5405 ne
3449 5352 3530 5402 sic

1945 5442 2160 5512 quidem
2187 5443 2474 5498 validiores
2503 5444 2747 5498 evasistis
2767 5485 2782 5510 ,
2813 5443 2906 5498 sed
2951 5458 2983 5498 a
3009 5458 3096 5497 me
3114 5443 3524 5498 condemnatum

1949 5555 2053 5594 non
2084 5537 2411 5593 sustinuistis
2453 5551 2488 5592 e
2513 5537 2729 5592 civitate
2775 5535 3095 5608 propellere.
3141 5534 3375 5590 Tametsi
3403 5533 3526 5603 quis

1944 5649 2039 5689 rex
2083 5630 2278 5685 factum
2312 5629 2415 5686 hoc
2448 5630 2710 5700 patienter
2739 5628 2989 5692 tulisset,
3042 5641 3214 5697 neque
3259 5625 3527 5680 civitatem

1950 5729 2184 5786 funditus
2209 5726 2582 5789 subvertisset,
2605 5735 2725 5778 cum
2761 5721 2964 5776 videret
2995 5734 3115 5774 eum
3137 5759 3151 5785 ,
3185 5719 3272 5789 qui
3303 5719 3354 5773 in
3381 5716 3527 5772 exsio
