3968 6208
489 400 593 458 135

485 514 616 569 lium
659 510 738 565 lre
744 505 936 582 jussus
968 506 1137 559 esset,
1171 495 1223 548 in
1256 494 1469 549 civitate
1498 483 1857 545 commorari?
1883 481 2080 537 Verum

490 610 634 663 Deus
660 572 774 657 hoc
791 614 895 654 non
923 595 1088 659 fecit;
1123 591 1263 644 Deus
1291 587 1433 642 enim
1456 589 1591 645 erat,
1626 595 1734 634 non
1765 577 1947 632 homo.
1976 572 2077 628 [ibi

492 712 619 753 vero
649 694 795 750 ﬁnita
822 698 903 746 est
924 690 1080 755 hujus
1100 683 1226 747 vita,
1249 678 1408 735 simul
1436 684 1490 731 et
1516 676 1650 730 iram
1674 671 1931 727 adversus
1958 667 2078 721 illus

490 786 780 858 deposuit,
812 776 1213 851 prophetiieqne
1259 771 1401 825 l'ores
1446 767 1673 837 aperuit,
1706 778 1771 818 ac
1794 775 1982 818 rursus
2005 758 2077 812 ad

492 850 587 936 eos
626 850 911 932 rediita'l‘u
943 882 1074 923 vero
1103 880 1168 920 ex
1206 857 1656 918 reconciliationis
1699 853 1858 909 modo
1905 850 2079 905 consi-

491 970 621 1026 dera
653 967 743 1020 Dei
774 959 1175 1031 indulgentiam.
1208 954 1340 1009 Nam
1370 952 1413 1005 si
1440 950 1558 1020 quis
1585 941 2078 1016 expenderitjnsti-

499 1062 582 1115 tia:
622 1053 948 1117 rationem‘,
982 1064 1051 1104 ne
1094 1056 1206 1102 tum
1253 1042 1466 1114 quidem
1501 1037 1835 1095 reconciliari
1873 1033 2077 1088 debuit.

494 1152 662 1220 Quam
683 1147 752 1202 ob
775 1157 990 1200 oausam
1010 1141 1034 1195 τ
1051 1138 1181 1207 Quia
1213 1151 1320 1190 non
1350 1133 1557 1187 illorum
1583 1141 1742 1198 opera
1772 1126 1975 1197 ejectus
1999 1133 2085 1177 est

493 1216 670 1300 (lzias.
702 1237 886 1307 Neque
910 1234 1050 1288 enim
1082 1231 1155 1284 illi
1175 1236 1445 1296 arreptum
1474 1223 1780 1291 ahegeraut,
1820 1216 1914 1272 sed
1937 1229 2081 1270 mors

496 1344 700 1389 naturae
731 1305 848 1400 lege
874 1322 1262 1395 superveniens
1287 1332 1410 1373 eum
1442 1323 1571 1369 tunc
1606 1327 1638 1367 e
1662 1311 1875 1367 civitate
1900 1305 2079 1376 eiecit.

499 1621 623 1662 sese
670 1602 945 1658 nobiscum
988 1591 1389 1652 reconciliandi.
1420 1585 1646 1643 Proinde
1674 1592 1835 1652 Super
1864 1582 1950 1636 his
1976 1595 2089 1634 om-

500 1697 657 1753 nibus
681 1693 880 1766 gratias
898 1699 1119 1759 agamus
1147 1683 1246 1747 illi,
1277 1680 1635 1751 glarilicenms
1664 1675 1806 1729 illius
1836 1669 2082 1727 inetl‘abi-

501 1789 605 1844 lem
644 1760 1022 1854 benignitatem
1068 1794 1082 1831 :
1122 1790 1224 1846 qua
1273 1788 1368 1826 nos
1419 1784 1608 1825 omnes
1661 1766 1852 1836 dignos
1898 1760 2099 1817 haberi

500 1853 795 1946 contingat,
826 1870 994 1943 gratia
1023 1877 1079 1924 et
1119 1862 1485 1920 misericordia
1517 1857 1775 1928 unigeniti
1819 1854 1937 1910 Filii
1970 1853 2087 1922 ejus

502 1944 712 2024 Domini
740 1964 913 2021 nostri
949 1961 1075 2017 Jesu
1097 1957 1318 2017 Christi,
1347 1955 1562 2024 quicum
1591 1949 1731 2004 Patri
1760 1947 1949 2018 gloria,
1983 1944 2085 1997 lin-

506 2077 608 2119 nor
623 2070 677 2116 et.
704 2057 984 2128 imperium
1010 2095 1026 2120 ,
1049 2052 1208 2106 simul
1236 2065 1355 2103 eum
1381 2045 1581 2116 Spiritu
1610 2052 1796 2096 saneto
1815 2081 1830 2105 ,
1871 2052 2009 2093 nunc
2034 2046 2089 2091 et

498 2166 732 2222 semper,
762 2156 817 2204 et
846 2147 898 2202 in
926 2143 1123 2200 saecula
1152 2138 1494 2195 saeculorum.
1527 2135 1719 2189 Anien.

842 2276 1118 2335 IIOMILIA
1158 2273 1223 2328 IN
1262 2268 1625 2328 SERAPHIM.
1658 2267 1742 2321 Vl.

576 2423 629 2477 i.
658 2419 757 2474 Vix
801 2413 1015 2470 tandem
1056 2409 1201 2466 Ozias
1248 2407 1467 2477 pelagus
1509 2403 1713 2460 emensi
1755 2416 1975 2457 sumus:
2002 2399 2089 2454 vix

502 2524 683 2568 autem
706 2522 892 2566 sumus
917 2503 1119 2560 emensi
1141 2541 1157 2561 .
1184 2516 1290 2554 non
1324 2506 1544 2567 promer
1570 2496 1775 2550 itineris
1801 2492 2090 2564 longitudi-

504 2621 626 2661 nem
648 2645 663 2668 ,
692 2602 787 2658 sed
827 2607 1045 2670 propter
1070 2602 1301 2650 vestram
1325 2634 1339 2656 ,
1371 2590 1460 2660 qui
1492 2589 1765 2643 nobiscum
1796 2585 2054 2656 navigatis
2073 2626 2088 2647 ,

504 2694 744 2753 di-ccndi
783 2689 1146 2760 cupiditatem.
1179 2685 1254 2739 ita
1298 2682 1619 2752 gubernatur
1644 2680 1804 2735 etiam
1850 2688 2093 2733 vectores

507 2797 695 2842 nactus
710 2782 952 2837 curiosos
971 2788 1026 2833 et
1044 2774 1442 2847 magniﬁcarum
1465 2787 1644 2828 rerum
1670 2770 1874 2834 avidos,
1897 2771 2094 2840 quique

510 2875 818 2948 tiercgriuas
841 2871 1023 2925 videre
1047 2867 1280 2939 gestiunt
1305 2865 1567 2930 civitates,
1586 2879 1690 2917 non
1715 2877 1822 2917 uno
1844 2861 1932 2916 die
1954 2850 2092 2915 viam

506 2967 741 3030 cunlirit,
773 2964 898 3018 licet
920 2961 1081 3015 unius
1101 2958 1204 3013 diei
1232 2956 1398 3012 luerit
1426 2955 1782 3019 intervallum,
1815 2953 1909 3009 sed
1940 2954 2095 3023 longe

508 3060 629 3129 plus
658 3053 912 3124 temporis
940 3060 1113 3107 terere
1135 3050 1369 3119 cogitur,
1393 3047 1519 3101 dum
1545 3046 1611 3100 ad
1645 3047 1880 3116 singulos
1915 3054 2096 3115 portus

509 3149 688 3204 navim
714 3144 955 3215 appellit,
984 3151 1039 3198 et
1067 3140 1301 3210 singulas
1327 3138 1531 3209 ingredi
1558 3138 1719 3192 urbes
1743 3137 1896 3199 sinit,
1925 3147 1983 3190 ut
2000 3151 2094 3190 eo-

510 3257 625 3296 rum
647 3239 737 3310 qui
757 3252 938 3293 secum
967 3234 1214 3304 navigant
1237 3232 1509 3301 cupiditati
1530 3230 1799 3303 quidpiam
1821 3231 2095 3300 largiatur.

514 3333 623 3386 lloc
644 3346 672 3382 a
702 3329 854 3384 nobis
879 3341 1089 3397 quoque
1117 3325 1312 3379 factum
1341 3333 1422 3379 est
1442 3364 1458 3388 ,
1489 3322 1615 3378 dum
1650 3339 1753 3376 nun
1781 3323 1983 3377 circum
2012 3322 2096 3377 ἰιιο

510 3424 657 3480 sulas
712 3420 1019 3490 navigamus
1041 3457 1057 3484 ,
1105 3431 1206 3471 nec
1257 3415 1492 3484 emporia
1517 3457 1534 3481 ,
1572 3424 1756 3483 portus
1782 3454 1800 3481 ,
1833 3413 2098 3483 urbesque

512 3523 870 3570 monstramus
889 3550 905 3577 ,
937 3510 1030 3565 sed
1061 3509 1295 3563 virorum
1319 3547 1336 3570 ,
1366 3507 1453 3577 qui
1484 3506 1733 3575 praiclare
1759 3520 1817 3559 se
1842 3519 2058 3574 gessere
2081 3545 2096 3570 ,

511 3608 762 3662 virtutem
785 3645 800 3669 ,
830 3612 886 3659 et
931 3615 1121 3658 eorum
1141 3640 1157 3668 ,
1188 3601 1277 3670 qui
1315 3599 1447 3668 lapsi
1492 3606 1617 3654 sunt
1641 3637 1657 3659 ,
1686 3595 2059 3667 negligentiam
2081 3637 2098 3663 ,

511 3699 652 3769 regis
696 3694 1114 3766 impudentiam,
1147 3692 1441 3748 sacerdotis
1487 3690 1539 3745 in
1586 3689 1852 3760 loquendo
1881 3689 2101 3743 liberta-

502 3800 613 3849 tem
640 3829 658 3855 ,
690 3788 822 3842 iram
852 3786 944 3841 Dei
972 3799 1035 3839 ac
1071 3783 1448 3853 benignitatem
1474 3820 1490 3847 ,
1521 3795 1746 3851 quarum
1786 3789 2010 3850 utraque
2034 3780 2101 3843 ad

510 3878 940 3943 emendationem
984 3874 1257 3931 tendebat.
1293 3873 1411 3929 Jam
1461 3887 1587 3927 vero
1628 3888 1750 3927 cum
1794 3871 1862 3926 ad
1903 3872 2100 3941 regiam

506 3966 778 4024 civitatem
814 3967 1215 4038 pervenerimus
1239 4004 1256 4029 ,
1278 3980 1349 4020 ne
1374 3973 1688 4020 cunctentur
1716 3964 1944 4033 amplius
1963 4003 1978 4028 ,
2008 3962 2101 4018 sed

513 4075 610 4117 nos
640 4061 785 4127 ipsos
804 4067 1072 4127 tamquam
1103 4056 1153 4109 in
1180 4056 1365 4110 urbem
1388 4055 1674 4125 ingressuri
1699 4070 2102 4124 componamus,

508 4158 570 4204 ut
597 4148 677 4203 sic
701 4147 769 4201 ad
798 4147 1070 4202 cailestem
1101 4145 1437 4214 metropolim
1465 4146 1816 4199 ascendamus
1841 4185 1856 4208 ,
1882 4144 2102 4200 Jerusa-

514 4240 651 4303 lem,
684 4239 921 4292 omnium
966 4245 1207 4292 nostrum
1233 4246 1458 4291 matrem
1490 4277 1507 4303 ,
1539 4252 1657 4306 qua:
1689 4236 1854 4291 libera
1900 4246 2015 4297 est,
2050 4237 2103 4292 iu

512 4347 615 4398 qua
643 4330 924 4397 Seraphim
943 4369 957 4392 ,
985 4330 1038 4382 in
1065 4344 1166 4398 qua
1191 4328 1511 4390 Cherubim,
1542 4328 1594 4382 in
1622 4344 1724 4398 qua
1750 4328 1911 4382 multa
1940 4329 2103 4384 millia
2146 4370 2155 4379 .

511 4421 953 4491 archangelorutn
979 4459 993 4481 ,
1020 4430 1077 4473 et
1102 4402 1377 4475 iu’umnttra
1408 4419 1717 4489 angelorum
1749 4459 1764 4486 ,
1795 4420 1884 4474 tibi
1912 4422 2104 4476 solium

514 4522 596 4565 est
629 4512 855 4579 regium.
883 4508 1054 4564 Nemo
1079 4508 1237 4579 igitur
1269 4508 1523 4579 profanus
1545 4511 1704 4576 adsit,
1734 4527 1892 4567 nemo
1919 4513 2100 4583 piacu-

519 4604 646 4657 laris
671 4620 684 4657 :
709 4600 930 4673 mystice
963 4602 1160 4671 quippe
1187 4601 1340 4656 nobis
1360 4602 1714 4669 suscipiendae
1753 4614 1874 4658 sunt
1917 4620 2105 4660 narra-

519 4694 690 4749 tiones
714 4710 727 4746 :
752 4692 1052 4747 immundus
1080 4706 1258 4758 nemo,
1280 4700 1335 4745 et
1361 4691 1462 4748 hoc
1480 4691 1778 4747 auditorum
1803 4702 1943 4749 cmtu
1969 4695 2108 4750 adsit

521 4785 803 4857 indignus:
832 4787 940 4839 imo
966 4799 1094 4839 vero
1122 4782 1377 4855 profanus
1406 4791 1461 4839 et
1506 4784 1791 4854 piacularis
1826 4786 1964 4841 adsit
1992 4789 2109 4857 qui-

518 4879 599 4933 vis
618 4920 631 4939 ,
653 4876 918 4932 sed-omni
945 4874 1076 4931 foris
1118 4875 1422 4946 impuritate
1449 4887 1608 4948 atque
1648 4877 1986 4948 improbitate
2012 4879 2107 4935 de-

518 4968 689 5037 posita
717 4967 794 5022 sic
823 4966 1167 5036 ingrediatur.
1189 4965 1344 5022 lllum
1366 4968 1531 5033 enim,
1558 4968 1647 5039 qni
1672 4979 1849 5023 vestes
1880 4969 2109 5026 habebat

518 5057 799 5124 sordidas,
826 5056 1010 5127 sponsi
1053 5065 1205 5128 pater
1247 5073 1279 5114 e
1332 5059 1512 5129 sponsi
1558 5060 1795 5114 conclavi
1847 5077 2107 5132 sacroque

519 5150 749 5233 thalamo
793 5151 1024 5219 expulit,
1058 5167 1162 5205 non
1193 5150 1331 5222 quod
1370 5151 1612 5207 sordidas
1652 5163 1829 5210 vestes
1865 5156 2106 5222 haberet,

517 5244 610 5300 sed
640 5242 781 5314 quod
812 5260 901 5299 cas
929 5244 1129 5299 habens
1153 5253 1297 5300 esset
1328 5246 1617 5315 ingressus.
1644 5245 1826 5316 Neque
1861 5249 2002 5302 enim
2032 5249 2103 5303 illi

517 5337 669 5403 dixit,
688 5338 795 5393 Cur
826 5348 1024 5394 vestem
1055 5339 1337 5407 nuptialem
1369 5356 1471 5393 nun
1500 5338 1704 5396 habes?
1729 5341 1843 5407 sed,
1875 5339 1979 5395 Cur
2006 5358 2108 5397 non

518 5430 707 5485 habens
733 5441 915 5485 vestem
955 5429 1230 5500 nuptialem
1259 5429 1356 5484 huc
1389 5431 1589 5484 intrain
1619 5431 1829 5500 (Matth.
1853 5432 1943 5487 22.
1977 5434 2107 5505 ιω

517 5519 732 5589 Stabas,
762 5521 950 5593 inquit,
985 5522 1292 5579 mendicans
1319 5522 1370 5576 in
1405 5523 1606 5586 triviis,
1637 5539 1810 5595 neque
1837 5534 1939 5580 tua:
1971 5542 2102 5596 pau-

580 5675 599 5706 ι
632 5675 768 5736 tegit
788 5680 1041 5737 Erasmus:
1067 5683 1184 5725 Nam
1203 5673 1246 5725 si
1274 5683 1396 5725 Deus
1412 5675 1716 5731 expendisse!
1730 5677 1937 5737 institue
1956 5683 2104 5732 ratio-

518 5735 944 5817 qeﬁgquzelvetio
967 5738 1203 5798 quadrare
1229 5749 1323 5785 nou
1348 5738 1556 5798 videtur,
1581 5752 1673 5788 nec
1696 5735 1744 5789 iu
1768 5745 1996 5806 quopiam
2012 5745 2103 5796 (Jo-

516 5799 675 5843 dtcuui
699 5806 968 5846 nostrorum
992 5806 1254 5858 comperet.

1187 381 1245 437 s.
1286 374 1564 436 tomus
1602 367 2069 430 CllltYSOS’l‘OMI
2109 362 2423 424 ARClllEP.
2463 340 2994 418 consras'rtuor.
3643 366 3729 423 ,δε

2189 478 2410 550 pertatis
2436 491 2520 532 me
2551 475 2775 547 puduit,
2803 473 3144 545 ignominiam
3178 483 3316 529 tuam
3340 490 3439 529 non
3465 476 3723 544 exhorrui,
3746 466 3749 469 ’

2189 570 2283 626 sed
2313 569 2380 624 ab
2405 568 2491 623 illa
2534 566 2678 621 omni
2703 565 2904 620 vilitate
2934 565 3211 620 liberatum
3255 566 3304 619 in
3332 581 3526 621 sacrum
3553 576 3602 623 te
3623 570 3727 624 tha.

2188 664 2386 719 lamum
2411 658 2703 726 iutroduxi,
2734 658 2879 728 regia
2908 671 3060 713 omna
3084 671 3202 711 sum
3226 657 3482 727 dignatus,
3504 668 3555 713 et
3577 671 3728 714 estre-

2191 769 2279 810 mo
2306 752 2564 824 supplicio
2604 751 2820 821 dignum
2856 750 2922 804 ad
2963 764 3263 817 supremam
3293 751 3496 819 provexi
3526 750 3727 821 dignita.

2193 854 2297 899 tem
2324 861 2338 897 :
2362 853 2416 897 at
2441 852 2497 898 tu
2524 857 2592 896 ne
2611 840 2886 896 beneﬂciis
2911 838 3126 911 quidem
3157 837 3322 894 factus
3343 853 3403 895 es
3424 840 3600 894 melior
3614 880 3630 907 ,
3650 843 3729 895 sed

2193 938 2245 993 in
2268 937 2421 993 solita
2450 934 2797 1006 perversitate
2823 931 3084 998 mansisti,
3106 939 3162 987 et
3183 947 3299 985 cum
3330 932 3381 986 iu
3402 933 3615 1002 nuptias,
3636 942 3732 988 tum

2191 1031 2243 1085 in
2263 1044 2518 1101 sponsum
2547 1028 2714 1097 ipsum
2739 1024 3159 1081 contumeliosus
3179 1022 3339 1078 fuisti.
3363 1022 3454 1079 Abi
3474 1037 3593 1094 ergo
3612 1023 3735 1079 dein-

2189 1138 2334 1193 ceps.
2367 1129 2422 1176 et
2446 1120 2651 1175 debitas
2674 1126 2820 1174 tanto
2845 1117 3046 1187 stuperi
3074 1129 3258 1186 pmnas
3284 1114 3424 1170 dato.
3452 1113 3625 1170 Videat
3648 1118 3733 1185 igi-

2190 1225 2277 1271 tur
2312 1214 2674 1285 unusquisque
2706 1221 2945 1265 nostrnm
2971 1252 2985 1273 ,
3013 1226 3078 1263 ne
3103 1207 3239 1263 forte
3267 1208 3419 1263 talem
3448 1221 3619 1263 vocem
3656 1225 3735 1260 au-

2190 1304 2297 1362 diat
2327 1348 2343 1372 ,
2374 1313 2429 1360 et
2454 1304 2598 1360 omni
2642 1303 2849 1372 abjecta
2885 1301 3206 1372 cogitatione
3276 1314 3393 1371 qua:
3414 1299 3653 1370 spirituali
3679 1301 3740 1355 sit

2190 1397 2403 1469 indigna
2431 1395 2671 1451 doctrina
2697 1437 2712 1462 ,
2742 1395 2811 1449 ita
2839 1406 3005 1448 sacras
3044 1405 3246 1447 mensa:
3273 1392 3525 1462 particeps
3556 1390 3653 1446 tiat.
3681 1390 3738 1444 Et

2191 1496 2383 1563 factum
2410 1499 2500 1554 est,
2533 1488 2720 1559 inquit,
2747 1488 2800 1541 in
2827 1500 2982 1552 anno,
3009 1499 3109 1556 quo
3138 1492 3362 1538 mortuus
3385 1494 3454 1537 est
3482 1484 3622 1538 Ozias
3642 1499 3736 1548 rex,

2189 1582 2293 1638 vidi
2312 1579 2585 1636 Dominum
2606 1579 2857 1635 sedentem
2881 1578 2935 1632 in
2962 1578 3089 1633 solio
3115 1576 3311 1631 excelso
3339 1585 3384 1629 et
3406 1576 3583 1630 elevato
3605 1575 3737 1645 (Is-ti.

2190 1674 2243 1731 ϐ.
2279 1674 2352 1746 t).
2386 1671 2666 1742 Quomodo
2690 1670 2898 1736 viderit,
2925 1670 3145 1724 minime
3165 1670 3308 1724 novi.
3330 1666 3398 1724 Se
3418 1667 3553 1722 enim
3571 1666 3742 1721 vidisse

2191 1762 2655 1835 dixit,’quomodo
2693 1771 2870 1817 autem
2916 1760 3148 1826 viderit,
3190 1758 3391 1813 tacuit:
3416 1757 3609 1825 excipio
3642 1773 3743 1826 qur.

2192 1856 2332 1914 dicta
2362 1864 2485 1911 sunt
2507 1897 2521 1918 .
2551 1869 2670 1925 qua:
2694 1852 2906 1908 silentio
2931 1865 3222 1921 suppressa
3245 1858 3406 1915 sunt,
3436 1848 3631 1904 curiose
3653 1862 3742 1900 non

2197 1949 2406 2019 inquiro
2434 1962 2587 2016 :qtne
2634 1945 2866 2000 revelata
2899 1950 3060 2008 sunt,
3092 1941 3333 2012 intelligo
3356 1976 3373 2004 ,
3392 1954 3506 2010 quae
3528 1946 3641 1994 sunt
3666 1953 3742 1990 uc-

2193 2044 2411 2105 eultata,
2446 2055 2550 2094 non
2580 2042 2792 2094 scrutor
2817 2055 2831 2092 :
2859 2036 3058 2091 ideirco
3089 2049 3322 2103 namque
3350 2041 3470 2087 sunt
3493 2030 3746 2085 occultata.

2195 2132 2390 2205 Peplus
2414 2141 2498 2188 est
2521 2144 2714 2186 aureus
2736 2128 2998 2199 expositio
3017 2127 3333 2196 Scriptum,
3349 2135 3546 2179 stamen
3567 2133 3641 2177 est
3666 2139 3750 2173 au-

2194 2244 2332 2291 rum,
2352 2227 2666 2296 subtegmen
2687 2238 2896 2279 aurum.
2926 2223 3259 2276 Aranearum
3282 2220 3410 2273 telas
3440 2231 3540 2270 non
3567 2225 3748 2269 attexo:

2194 2321 2317 2376 novi
2344 2319 2725 2389 cogitationum
2744 2331 2981 2372 mearum
3011 2313 3453 2370 imbecillitatem.
3480 2309 3596 2364 Noli
3614 2319 3755 2362 trum-

2195 2413 2327 2484 ferre
2353 2411 2591 2467 terminos
2615 2410 2848 2477 antiquos
2871 2448 2888 2474 ,
2917 2406 3125 2477 inquit,
3152 2421 3285 2475 quos
3309 2410 3571 2476 posuerunt
3608 2409 3754 2470 palm

2195 2505 2269 2559 tui
2289 2503 2470 2575 (Prov.
2492 2502 2584 2557 22.
2614 2501 2729 2572 28).
2753 2499 3035 2555 Terminus
3068 2510 3294 2553 movere
3323 2502 3491 2551 tutum
3530 2508 3626 2548 nou
3650 2500 3753 2545 est:

2140 2648 2161 2661 ,
2194 2605 2249 2653 et
2278 2610 2383 2667 quo
2429 2604 2584 2665 pacto
2606 2634 2622 2658 ,
2653 2606 2773 2663 qua:
2817 2591 2955 2647 Deus
2992 2587 3168 2660 posuit
3191 2629 3207 2654 ,
3243 2584 3654 2643 transferemus?
3679 2581 3758 2635 Vis

2195 2688 2425 2752 discere,
2449 2684 2716 2757 quomodo
2744 2682 2935 2738 viderit
2965 2679 3174 2735 Deum?
3199 2676 3330 2735 Fias
3359 2686 3412 2732 tu
3438 2689 3636 2747 quoque
3656 2687 3761 2743 pro-

2199 2780 2377 2851 pheta.
2407 2779 2506 2847 Qui
2529 2776 2640 2832 ﬁeri
2669 2783 2840 2846 potest
2867 2775 2969 2829 hoc
2990 2815 3006 2839 ,
3033 2772 3269 2843 inquies,
3297 2786 3419 2827 cum
3442 2782 3652 2825 uxorem
3676 2766 3758 2819 ha-

2200 2871 2352 2926 beam
2377 2911 2392 2936 ,
2425 2884 2543 2925 cum
2586 2867 2715 2924 mihi
2742 2881 2886 2923 cura:
2911 2868 2978 2921 sit
3007 2864 3260 2920 educatio
3293 2860 3575 2918 liberorum
3595 2859 3617 2912 l
3640 2855 3761 2912 Fieri

2198 2962 2415 3036 quidem
2444 2972 2647 3033 potest,
2678 2961 2723 3016 si
2754 2960 2917 3026 velis,
2943 2957 3245 3014 carissime.
3274 2957 3408 3012 Nam
3439 2964 3491 3010 et
3515 2954 3622 3024 ipse
3648 2964 3760 3005 uxo-

2198 3070 2315 3111 rem
2345 3054 2544 3118 habuit,
2573 3062 2630 3109 et
2657 3053 2882 3107 duorum
2910 3056 3060 3122 pater
3086 3050 3296 3104 exstitit
3324 3048 3625 3109 liberorum,
3652 3040 3764 3096 nihil

2201 3156 2375 3202 tamen
2406 3145 2596 3200 horum
2622 3143 2999 3215 impedimento
3027 3140 3102 3195 illi
3131 3139 3250 3195 luit.
3272 3140 3458 3211 Neque
3478 3139 3612 3194 enim
3634 3133 3768 3189 nobis

2200 3240 2634 3312 impedimentum
2682 3249 2765 3295 est
2805 3235 3009 3293 itineris
3030 3235 3097 3291 ad
3133 3249 3360 3307 regnum
3391 3234 3632 3289 canorum
3656 3243 3769 3283 eou-

2196 3334 2400 3405 jugium
2426 3351 2440 3386 :
2463 3332 2713 3403 quoniam
2753 3331 2797 3386 si
2833 3329 3275 3399 impedimentum
3306 3334 3472 3392 esset,
3500 3332 3554 3380 et
3577 3318 3771 3375 insidias

2202 3424 2359 3479 nobis
2406 3432 2650 3493 paratura
2693 3420 2879 3476 fuisset
2922 3434 3094 3481 uxor,
3138 3431 3268 3472 cum
3309 3431 3428 3472 eam
3457 3428 3488 3467 a
3536 3406 3773 3482 principio

2202 3522 2409 3570 erearct
2455 3515 2631 3578 Dens,
2677 3512 2989 3581 adiutricem
3040 3525 3146 3563 non
3202 3508 3548 3579 appellasset.
3594 3500 3773 3556 Veltem

2200 3604 2448 3678 equidem
2466 3605 2663 3670 dicere,
2682 3604 2935 3675 quidnam
2953 3602 3022 3658 sit
3040 3602 3207 3657 Deum
3226 3601 3449 3656 Sedere:
3468 3606 3631 3668 neque
3649 3593 3775 3650 enim

2204 3698 2346 3753 Deus
2372 3696 2521 3753 sedet
2546 3713 2559 3751 ;
2583 3710 2707 3751 cum
2734 3695 2819 3750 hic
2845 3696 2912 3749 sit
2942 3710 3119 3764 corpu:
3137 3710 3226 3748 um
3262 3695 3420 3760 situs,
3456 3692 3596 3747 Deus
3618 3697 3775 3741 autem

2202 3792 2273 3847 sit
2297 3795 2661 3861 incorporeus.

2274 3884 2328 3937 2.
2371 3882 2642 3952 Serantim
2684 3881 2904 3953 dignitas
2953 3880 3197 3935 maxima.
3236 3909 3314 3921 -—-
3364 3878 3567 3933 Vellent
3615 3873 3781 3927 dicere

2206 3974 2334 4046 Quid
2364 3975 2435 4029 sit
2460 3974 2654 4028 solium
2689 3972 2781 4028 Dei
2811 3988 2827 4025 :
2856 3987 3027 4041 neque
3072 3970 3216 4026 enim
3268 3970 3455 4041 utique
3481 3967 3615 4025 solio
3656 3964 3781 4017 Deus

2206 4064 2711 4137 comprehenditur,
2762 4078 2883 4118 cum
2924 4062 3294 4117 circumscribi
3351 4060 3575 4116 minime
3636 4050 3787 4125 possit

2207 4155 2453 4212 Numen:
2479 4154 2573 4210 sed
2600 4168 2794 4208 vereor
2817 4194 2833 4218 ,
2866 4169 2933 4208 ne
2959 4152 3004 4207 si
3055 4151 3319 4207 docendis
3362 4151 3484 4205 istis
3524 4150 3782 4203 immorer.

2210 4251 2514 4322 protraham
2542 4248 2705 4302 debiti
2729 4247 3070 4302 solutionem.
3098 4243 3303 4300 Omnes
3336 4244 3484 4298 enim
3506 4240 3658 4296 video
3680 4250 3791 4291 ποι-ο

2207 4342 2399 4397 rationi
2428 4340 2498 4396 de
2545 4340 2824 4409 Seraphim
2882 4338 3106 4401 inhiare,
3137 4352 3242 4390 non
3289 4338 3466 4391 solttm
3497 4333 3679 4394 hodie,
3704 4324 3787 4382 sed

2202 4432 2312 4503 jam
2346 4432 2469 4486 inde
2494 4448 2521 4485 a
2555 4432 2726 4500 primo
2753 4430 2839 4485 die
2866 4446 2879 4482 :
2914 4438 3239 4501 quapropter
3259 4425 3661 4482 multitudinem
3686 4432 3796 4474 sen-

2210 4524 2490 4577 tentiarum
2544 4532 2813 4591 tamquam
2865 4522 3139 4576 hominum
3181 4532 3386 4575 emtum
3443 4528 3636 4585 magno
3679 4523 3790 4565 cum

2209 4614 2410 4684 impetu
2458 4623 2830 4668 occurrentem
2876 4623 3248 4684 perrumpens,
3272 4609 3341 4665 ad
3372 4606 3761 4679 expositionem

2209 4703 2349 4758 illaut
2373 4710 2552 4757 nostra
2572 4701 2784 4757 festinat
2803 4703 2993 4756 oratio.
3020 4701 3087 4755 Et
3110 4701 3386 4772 Scrnpltim
3416 4701 3616 4753 stabant
3639 4697 3686 4749 in
3703 4695 3792 4746 cir-

2208 4789 2346 4842 cuitu
2366 4788 2495 4858 ejus,
2511 4788 2676 4858 inquit
2701 4787 2851 4858 (lsai.
2870 4790 2922 4842 ti.
2940 4788 3020 4858 2).
3042 4786 3179 4841 Ecce
3199 4785 3515 4856 Set'apltim,
3532 4797 3650 4854 qua:
3668 4778 3790 4833 vide-

2212 4896 2271 4936 re
2294 4880 2419 4936 olim
2449 4880 2743 4950 eu‘piebatis
2769 4892 2974 4936 Omnes.
2997 4879 3450 4949 Contemplamini
3474 4891 3623 4947 ergo,
3642 4886 3691 4930 et
3714 4888 3796 4927 cu-

2212 4970 2488 5041 piditatem
2516 4971 2728 5040 explete
2754 4989 2767 5026 :
2799 4971 2895 5027 sed
2919 4984 3023 5026 non
3052 4986 3173 5026 cum
3202 4971 3462 5033 tumultu.
3489 4983 3664 5040 neque
3685 4981 3800 5034 pru-

2212 5064 2422 5132 peranti
2448 5064 2769 5133 cogitatione
2793 5104 2808 5127 ,
2835 5065 2973 5119 sicut
2999 5063 3057 5117 lit
3088 5064 3141 5116 in
3172 5062 3574 5133 lmperatornm
3617 5061 3799 5128 ingrcs-

2213 5168 2273 5210 su
2301 5173 2314 5208 :
2347 5170 2471 5210 nam
2521 5156 2631 5211 illic
2667 5156 2882 5225 quidem
2928 5155 3071 5211 istud
3119 5156 3290 5226 ipsum
3345 5155 3548 5210 merito
3594 5148 3798 5206 accidit.

2211 5246 2395 5316 Neque
2417 5247 2559 5301 enim
2589 5256 2834 5316 spectant
2853 5247 3114 5302 satellites
3136 5287 3153 5314 ,
3187 5258 3242 5301 ut
3274 5256 3618 5314 spectatores
3643 5241 3803 5298 oeulis

2211 5349 2401 5394 cuneta
2429 5340 2693 5406 lu3trent;
2726 5339 2842 5403 sed,
2867 5347 3154 5411 antequam
3194 5348 3344 5396 recte
3368 5337 3611 5393 viderint
3632 5377 3648 5401 ,
3679 5348 3796 5403 μελισ

2213 5429 2377 5486 tcrlre
2411 5432 2531 5486 illos
2568 5440 2768 5502 cogunt
2796 5448 2810 5484 :
2838 5431 2927 5487 hic
2954 5446 3083 5488 vero
3126 5446 3233 5486 non
3265 5431 3338 5484 ita
3372 5447 3388 5484 :
3421 5429 3520 5485 sed
3565 5436 3803 5484 contem-

2212 5523 2501 5594 plationetu
2550 5534 2789 5580 nostram
2836 5525 2980 5580 sistit
3026 5525 3235 5591 oratio,
3269 5535 3582 5593 quousque
3632 5516 3804 5573 omnia

2210 5616 2604 5684 perenrreritis,
2635 5631 2753 5686 quae
2776 5618 3016 5687 percurri
3044 5630 3072 5670 a
3096 5615 3250 5672 vobis
3272 5624 3528 5684 possunt.
3559 5612 3624 5666 Et
3650 5610 3808 5665 Sera-

2210 5707 2349 5776 phim
2370 5708 2570 5761 stabant
2595 5709 2648 5762 in
2675 5709 2889 5763 circuitu
2911 5709 3042 5781 ejus.
3072 5709 3213 5763 Ante
3242 5715 3453 5760 natura:
3496 5702 3808 5775 dignitatem

2209 5813 2308 5856 nos
2334 5799 2510 5855 docuit
2532 5799 2687 5858 istam
2722 5817 2786 5859 ex
2810 5802 2912 5859 loci
2935 5801 3124 5858 vicinia
3153 5801 3500 5873 dignitatem.
3526 5797 3646 5855 Non
3672 5795 3813 5851 cnim
3906 5866 3919 5875 _
