4048 6208
343 360 446 416 137

341 481 476 537 dixit
508 478 760 550 primum,
784 487 1026 552 quaenam
1047 474 1326 545 Seraphim
1354 483 1555 540 essent,
1587 472 1680 529 sed
1704 471 1796 527 ubi
1823 480 1930 527 sta-

341 579 464 628 rent
522 569 684 624 dixit.
724 567 852 624 lich
899 567 1042 623 enim
1085 567 1314 636 dignitas
1352 564 1523 636 major
1566 573 1647 620 est
1672 564 1780 618 illa.
1811 562 1927 631 Quo

341 661 554 718 tandem
593 659 793 730 pacto?
816 657 968 727 Quod
1019 657 1270 712 nimirum
1318 656 1458 711 haud
1487 655 1558 710 ita
1588 655 1919 710 demonstret

336 769 559 826 magnas
605 753 726 808 illas
777 765 897 807 esse
935 751 1195 816 virtutes,
1244 749 1387 821 quod
1434 749 1540 803 sint
1602 745 1881 817 Seraphim
1907 787 1923 813 ,

335 863 496 918 quam
525 845 668 917 quod
699 856 866 914 prope
901 841 1094 898 solium
1119 848 1263 896 stent
1295 839 1518 910 regium.
1563 836 1694 893 Nam
1744 846 1798 892 et
1827 851 1927 891 nos

335 938 457 993 illos
487 936 781 993 nobiliores
807 947 930 990 esse
974 931 1230 988 satellites
1258 931 1614 995 arbitramur,
1642 927 1734 998 qui
1768 928 1918 998 juxta

329 1030 518 1101 jugum
546 1027 678 1100 regii
708 1041 899 1083 currus
926 1025 1200 1082 incedunt.
1245 1023 1322 1080 ita
1350 1036 1560 1094 quoque
1579 1021 1832 1076 virtutum
1861 1019 1923 1074 il-

334 1121 506 1176 larum
535 1121 970 1189 incorporearum
1000 1115 1325 1172 illustriores
1349 1122 1475 1169 sunt
1503 1112 1627 1175 illae,
1644 1127 1772 1182 quae
1788 1110 1924 1165 solio

333 1213 427 1268 Dei
447 1222 576 1268 sunt
604 1211 880 1281 proximae.
901 1206 1106 1264 idcirco
1131 1207 1292 1264 etiam
1319 1205 1577 1276 pr0pheta
1595 1203 1664 1260 de
1690 1201 1922 1258 naturali

334 1317 520 1359 eorum
557 1302 815 1372 dignitate
854 1300 1122 1355 disserere
1159 1298 1452 1363 omittens,
1480 1295 1630 1366 prius
1658 1292 1921 1360 nobisgde

332 1394 432 1449 loci
480 1392 828 1464 prarogativa
869 1389 1124 1456 disserit,
1149 1387 1293 1459 quod
1331 1387 1472 1441 hunc
1499 1385 1756 1456 majorem
1799 1397 1920 1439 esse

331 1485 463 1540 sciat
481 1493 732 1540 ornatum
750 1523 766 1547 ,
790 1489 846 1538 et
869 1481 936 1536 ab
961 1479 1068 1535 hoc
1093 1487 1298 1534 natura
1325 1477 1534 1532 illorum
1575 1473 1922 1543 pulchritudi-

332 1589 456 1630 nem
486 1575 786 1629 diurnare.
809 1572 922 1627 Hoc
945 1570 1090 1627 enim
1114 1569 1283 1640 gloria
1304 1609 1319 1636 ,
1352 1567 1553 1633 honor,
1583 1574 1637 1622 et
1655 1565 1919 1622 securitas

329 1667 526 1731 omnis,
558 1673 616 1720 ut
647 1665 702 1719 in
729 1663 952 1720 circuitu
980 1661 1100 1718 solii
1128 1661 1270 1717 illius
1289 1667 1614 1730 appareant.
1641 1657 1754 1714 Hoc
1781 1666 1838 1712 et
1862 1657 1915 1712 in

328 1757 535 1827 angelis
574 1770 800 1811 cernere
849 1753 973 1809 licet
1000 1770 1016 1809 :
1040 1766 1162 1807 nam
1193 1760 1248 1806 et
1273 1750 1394 1806 illos
1417 1764 1538 1805 esse
1565 1762 1785 1820 magnos
1815 1761 1914 1802 vo-

329 1849 442 1904 lens
469 1846 717 1905 Christus
736 1847 1029 1903 ostendere
1049 1886 1065 1911 ,
1099 1859 1206 1900 non
1235 1857 1331 1900 eos
1363 1843 1585 1914 angelos
1604 1855 1723 1898 esse
1747 1840 1911 1906 dixit,

329 1949 384 1995 et
406 1941 574 1996 tacuit
605 1957 619 1995 :
646 1939 738 1995 sed
761 1979 778 2007 ,
822 1938 956 2004 Quia
1000 1936 1171 2009 angeli
1199 1952 1375 1992 eorum
1417 1949 1616 2006 semper
1638 1934 1804 1989 uident
1826 1937 1913 2005 fa-

329 2034 452 2086 ciem
489 2031 662 2087 Patris
691 2031 789 2086 mei
811 2031 897 2102 qui
919 2031 972 2085 in
1001 2030 1139 2084 salis
1162 2037 1235 2083 est
1263 2026 1481 2098 (Matth.
1507 2026 1595 2082 18.
1620 2025 1734 2096 10).
1776 2023 1911 2080 Nam

327 2137 385 2181 ut
404 2127 516 2182 illic
539 2125 778 2196 angelica
808 2123 1067 2194 dignitate
1089 2122 1262 2192 majus
1285 2128 1368 2176 est
1393 2118 1583 2174 faciem
1620 2117 1792 2173 Patris
1825 2117 1910 2170 vi-

325 2218 489 2274 dere:
520 2219 600 2273 sic
624 2228 678 2273 et
704 2216 962 2288 dignitate
979 2213 1260 2284 Seraphim
1285 2211 1458 2282 majus
1497 2218 1580 2266 est
1607 2209 1660 2265 in
1684 2207 1910 2266 circuitu

324 2321 467 2366 stare
491 2311 645 2374 solii,
676 2317 838 2379 atque
876 2308 930 2363 in
971 2321 1159 2363 eorum
1187 2304 1369 2362 medio
1414 2304 1589 2374 ipsum
1627 2316 1768 2358 esse.
1802 2300 1910 2358 Sed

323 2414 378 2460 et
405 2404 511 2460 hoc
553 2416 804 2473 magnum
837 2401 954 2457 fieri
986 2407 1162 2471 potest
1203 2406 1262 2453 ut
1303 2395 1614 2467 adipiscaris
1656 2394 1700 2450 si
1730 2393 1906 2450 velis:

322 2513 428 2554 non
470 2499 616 2553 enim
659 2505 742 2552 est
775 2495 831 2550 in
878 2493 1056 2550 medio
1095 2489 1376 2562 Serapbim
1406 2498 1631 2554 tantum,
1656 2487 1752 2543 sed
1777 2497 1831 2542 et
1855 2487 1910 2542 in

322 2591 503 2647 medio
529 2589 698 2646 nostri
727 2589 965 2659 ipsorum
984 2627 1000 2653 ,
1028 2585 1074 2641 si
1100 2583 1346 2640 velimus.
1381 2581 1479 2638 Ubi
1499 2582 1630 2637 enim
1653 2588 1771 2636 sunt
1805 2579 1908 2634 duo

323 2681 396 2736 uel
422 2690 522 2734 tres
549 2678 840 2750 congregati
857 2718 875 2745 ,
903 2676 1110 2747 inquit,
1134 2675 1189 2730 in
1215 2674 1416 2754 nomine
1451 2689 1589 2738 meo,
1618 2672 1686 2726 ibi
1714 2687 1827 2727 sum
1853 2671 1910 2726 in

322 2775 485 2828 medio
499 2789 672 2828 eorum
689 2772 905 2843 (Matth.
929 2769 1153 2842 18.20);
1182 2777 1258 2838 et,
1275 2767 1525 2824 Dominus
1546 2768 1696 2839 juxta
1719 2775 1790 2822 est
1808 2767 1871 2822 iis
1888 2807 1906 2835 ,

321 2866 406 2935 qui
423 2865 641 2920 contrito
659 2873 780 2919 sunt
802 2865 973 2932 corde,
997 2873 1044 2919 et
1064 2863 1278 2918 humiles
1299 2861 1482 2932 spiritu
1499 2860 1712 2915 saluabil
1733 2859 1901 2931 (Psal.

319 2960 407 3015 '53.
427 2959 542 3029 i9).
566 2958 853 3029 Propterea
877 2957 1071 3013 clamat
1087 2955 1249 3012 etiam
1274 2955 1472 3011 Paulus
1501 2971 1514 3008 :
1547 2954 1676 3021 ρυω
1704 2968 1907 3008 sursum

317 3061 433 3105 sunt
459 3051 660 3120 sapite,
708 3051 792 3104 ubi
839 3047 1069 3105 Christus
1114 3055 1187 3102 est
1233 3047 1288 3101 in
1333 3046 1542 3102 dextera
1587 3044 1684 3099 Dei
1729 3044 1906 3099 sedens

316 3139 540 3211 (Coloss.
571 3141 627 3196 ὅ.
655 3139 738 3210 2).
769 3139 934 3195 Vides
962 3147 1022 3194 ut
1050 3153 1152 3194 nos
1177 3152 1300 3193 cum
1330 3135 1610 3206 Seraphim
1637 3134 1904 3201 statuerit,

317 3243 368 3286 et
386 3232 542 3300 juxta
570 3232 778 3302 regium
819 3229 1010 3285 solium
1039 3227 1362 3284 deduxerit?
1402 3225 1606 3282 Deinde
1643 3225 1904 3296 subjicit:

317 3324 423 3380 Sea:
450 3325 553 3381 alar
576 3325 695 3392 uni,
727 3333 774 3379 et
798 3339 891 3380 sea:
915 3323 1015 3377 alar
1030 3323 1176 3378 alteri
1202 3321 1223 3395 (
1242 3320 1371 3378 Isoi.
1400 3320 1453 3376 6.
1479 3319 1559 3394 ξ).
1588 3319 1725 3389 Quid
1751 3318 1908 3377 nobis

316 3415 396 3472 hre
434 3431 534 3470 se:
575 3414 676 3470 ale
716 3413 1033 3486 designant?
1072 3411 1456 3479 Altitudinem,
1483 3410 1901 3477 sublimitatem,

315 3506 589 3561 levitatem
609 3546 625 3570 ,
648 3504 976 3561 celeritatem
1004 3514 1311 3558 naturarum
1351 3502 1586 3557 illarum.
1617 3501 1904 3571 Propterea

313 3598 535 3654 Gabriel
560 3612 774 3668 quoque
811 3595 1088 3652 descendit
1124 3595 1334 3661 alatus,
1360 3609 1470 3649 non
1498 3593 1638 3666 quod
1677 3593 1776 3648 alis
1819 3593 1902 3646 in-

313 3699 520 3747 structa
550 3690 626 3744 sit
649 3690 963 3760 incorporea
991 3687 1078 3742 illa
1109 3695 1299 3742 natura
1316 3725 1333 3752 ,
1377 3685 1474 3742 sed
1499 3684 1642 3756 quod
1666 3684 1734 3739 ab
1759 3684 1906 3738 altis-

313 3784 467 3838 simis
498 3784 516 3814 ⁸
547 3781 680 3837 locis
708 3781 814 3837 illis
856 3779 1232 3847 descenderit,
1261 3792 1326 3834 ac
1360 3778 1606 3850 supernis
1645 3778 1748 3832 illis
1775 3791 1905 3833 con-

316 3875 566 3930 ventibus
581 3873 780 3928 relictis
793 3872 1088 3928 advenerit.
1105 3870 1244 3941 Quid
1259 3881 1440 3926 autem
1456 3871 1556 3927 sibi
1571 3871 1686 3926 vult
1701 3872 1906 3926 alarum

319 3965 616 4022 numerus?
657 3965 771 4021 Hoc
807 3965 929 4020 loco
971 3973 1155 4019 nostra
1198 3963 1642 4034 interpretatione
1667 3962 1798 4017 nihil
1825 3971 1909 4018 est

318 4073 454 4128 opus
481 4078 498 4112 :
530 4059 764 4126 seipsam
792 4057 934 4112 enim
962 4056 1132 4111 oratio
1160 4059 1291 4112 satis
1324 4055 1606 4126 exposuit,
1635 4069 1758 4110 cum
1788 4055 1907 4109 illa-

321 4166 438 4205 rum
486 4149 648 4205 nobis
691 4163 846 4204 usum
896 4148 1193 4204 indicavit:
1225 4147 1439 4203 eum
1481 4147 1626 4203 enim
1650 4189 1666 4214 ,
1699 4148 1904 4218 inquit,

321 4241 612 4312 aperiebant
632 4241 816 4309 facian
852 4256 1030 4308 suam;
1057 4240 1278 4308 merito,
1302 4249 1571 4310 tamquam
1597 4238 1780 4295 oculos
1804 4238 1906 4294 du-

324 4335 444 4399 ιιιίεἰ
473 4331 711 4404 quodam
740 4341 893 4402 septo
917 4331 1221 4388 munientes
1242 4372 1260 4398 ,
1304 4330 1446 4402 quod
1476 4331 1814 4386 exsilientem
1839 4329 1909 4386 ab

333 4426 421 4479 illa
443 4425 616 4495 gloria
647 4423 908 4494 fulgorem
935 4423 1156 4478 minime
1181 4421 1402 4478 ferrent.
1430 4421 1495 4476 Et
1520 4422 1719 4477 duabus
1755 4421 1904 4493 pedes

323 4519 618 4590 cingebant
643 4556 657 4581 ,
686 4517 757 4572 ob
780 4515 1026 4572 eamdem
1055 4515 1194 4572 forte
1220 4515 1725 4571 consternationem.
1753 4513 1908 4570 Sole-

325 4625 439 4666 mus
467 4613 669 4682 quippe
689 4624 790 4665 nos
812 4611 1126 4673 etiam,cum
1142 4615 1337 4675 stupor
1351 4606 1546 4676 aliquis
1565 4619 1665 4663 nos
1695 4607 1907 4662 invase-

325 4705 423 4766 rit,
454 4715 658 4772 corpus
695 4701 840 4757 omni
869 4715 936 4758 ex
983 4707 1136 4772 parte
1177 4709 1484 4770 contegere.
1536 4699 1672 4768 Quid
1713 4715 1908 4770 corpus

322 4796 472 4859 dico,
503 4807 631 4849 cum
658 4803 714 4848 et
740 4792 840 4863 ipsi
864 4793 1060 4847 animae
1089 4791 1194 4847 hoc
1219 4793 1498 4862 contingat
1539 4792 1593 4846 in
1620 4792 1911 4862 apparitio-

326 4889 478 4942 nibus
508 4903 632 4956 qum
656 4885 872 4940 modum
895 4884 1194 4950 excedunt,
1225 4895 1279 4941 et
1324 4888 1583 4955 repressis
1610 4885 1909 4941 actionibus

327 4981 432 5032 suis
459 4978 528 5032 ad
563 4975 815 5031 inferiora
849 4975 1157 5046 confugiat,
1184 4989 1350 5047 seque
1386 4989 1612 5045 corpore
1639 4985 1909 5048 tamquam

329 5071 485 5138 pallio
513 5066 744 5138 quodam
763 5067 1011 5122 obvolvat
1026 5067 1052 5120 ἲ
1071 5065 1453 5121 Verumtamen
1474 5081 1631 5120 nemo
1657 5081 1778 5122 cum
1801 5077 1912 5121 stu-

335 5175 514 5228 porem
535 5171 590 5214 et
609 5159 1098 5213 consternationem
1124 5157 1292 5225 audit,
1321 5158 1528 5214 tristem
1550 5157 1782 5228 aliquem
1806 5157 1913 5214 illis

337 5252 631 5322 ingenerari
674 5252 919 5306 timorem
953 5250 1288 5306 arbitretur:
1316 5250 1582 5320 siquidem
1629 5250 1754 5306 huic
1778 5266 1911 5306 con-

338 5345 646 5401 stcrnationi
676 5345 936 5400 immensa
975 5343 1220 5416 quaedam
1250 5343 1497 5413 voluptas
1525 5353 1606 5398 est
1643 5344 1906 5399 admixta.

342 5439 544 5493 Duabus
572 5449 741 5493 autem
767 5437 1022 5492 solebant.
1055 5437 1120 5493 Et
1143 5437 1246 5493 hoc
1272 5436 1526 5493 indicium
1554 5447 1639 5494 cst
1663 5453 1757 5494 eos
1783 5439 1912 5492 sub-

339 5533 473 5585 lmzia
498 5547 715 5603 semper
741 5540 1011 5601 appetere,
1035 5545 1134 5586 nec
1160 5547 1407 5602 umquam
1451 5531 1702 5586 deorsum
1740 5531 1911 5601 respi-

340 5639 472 5679 cere.
501 5624 569 5680 Et
597 5623 849 5680 clamabat
871 5623 1000 5680 alter
1026 5623 1096 5678 ad
1123 5623 1336 5680 alterum
1360 5667 1376 5694 ,
1407 5625 1649 5691 Sanctus,
1681 5636 1905 5693 sanctus,

398 5765 412 5791 ι
451 5761 539 5832 ait:
569 5773 643 5811 Sic
682 5759 1112 5832 habent_;.....illa
1140 5769 1328 5827 natura,
1368 5764 1456 5817 sed
1481 5769 1530 5814 ut
1553 5769 1714 5814 nolunt
1735 5765 1915 5828 faceret

347 5826 580 5884 prii-hear
605 5823 732 5887 quod
755 5823 816 5872 ab
837 5822 1096 5884 aldssbnis,
1123 5835 1214 5877 etc.

1301 356 1367 413 IN
1403 355 1628 425 ILLUD,
1670 356 1804 413 VIDI
1847 353 2171 424 DOMINUM,
2212 356 2442 414 l‘lOMlL.
2486 357 2575 414 VI.

3524 365 3627 422 i38

2039 480 2241 527 sanctus
2275 472 2455 545 (Isai.
2478 473 2536 528 6.
2573 472 2667 546 δ).
2698 473 2768 529 Ει
2794 473 2910 546 ipse
2937 473 3139 531 clamor
3162 489 3349 532 rursus
3385 476 3620 534 admira-

2040 563 2197 619 tionis
2221 564 2474 621 indicium
2515 565 2669 622 nobis
2694 574 2778 623 est
2805 565 3136 624 maximum:
3169 579 3276 624 nun
3314 568 3457 626 enim
3483 585 3622 641 quo.

2036 657 2118 713 vis
2142 657 2303 714 modo
2333 660 2622 716 concinunt
2650 660 2907 733 hymnum
2931 703 2947 728 ,
2985 661 3080 717 sed
3105 677 3227 718 cum
3252 663 3494 720 clamore
3521 680 3622 720 va-

2036 748 2165 814 lido;
2208 762 2382 820 neque
2407 765 2530 806 cum
2557 750 2796 808 clamore
2821 751 3168 822 simpliciter,
3201 753 3298 810 sed
3323 762 3380 810 et
3405 766 3622 826 semper

2033 840 2136 897 hoc
2160 841 2419 898 factitant.
2446 841 2580 898 Nam
2607 843 2892 914 splendida
2915 844 3127 915 quidem
3153 859 3402 916 corpora,
3428 861 3617 918 quam-

2032 935 2112 989 vis
2153 949 2316 1005 supra
2357 935 2573 990 modum
2598 936 2706 992 sint
2731 936 3006 1006 splendida
3026 979 3042 1004 ,
3072 947 3182 994 tum
3209 940 3383 996 solum
3408 953 3508 997 nos
3546 943 3616 999 ad

2031 1027 2435 1104 admirationem
2463 1027 2638 1082 solent
2663 1027 2964 1098 traducere,
2986 1043 3108 1085 cum
3131 1043 3194 1086 ea
3223 1031 3457 1102 primum
3480 1043 3615 1088 ecu-

2030 1118 2096 1174 lis
2123 1118 2556 1188 usurpaverimus
2584 1133 2598 1172 :
2631 1133 2757 1174 cum
2793 1132 2924 1174 vero
2950 1119 3220 1176 multoties
3246 1124 3614 1192 contemplan-

2027 1209 2113 1264 dis
2141 1208 2244 1264 illis
2281 1208 2551 1264 immorati
2582 1208 2840 1264 fuerimus
2859 1250 2876 1275 ,
2907 1209 3193 1266 admiratio
3223 1212 3610 1269 consuetudine

2029 1298 2247 1365 tollitur,
2273 1298 2361 1355 ubi
2389 1313 2450 1354 se
2479 1299 2786 1369 spectandis
2812 1299 2913 1354 illis
2933 1300 3244 1370 corporibus
3287 1303 3428 1358 oculi
3451 1302 3608 1359 deiu-

2024 1405 2151 1462 ceps
2193 1392 2553 1447 exercuerim.
2585 1391 2879 1463 Propterea
2917 1405 3039 1448 cum
3080 1393 3284 1464 regiam
3311 1394 3606 1464 imaginem

2023 1497 2213 1538 recens
2241 1483 2469 1553 positam
2500 1483 2776 1554 multoque
2799 1484 3041 1540 colorum
3069 1485 3356 1555 splendore
3399 1487 3609 1560 fulgen-

2025 1585 2129 1631 tem
2160 1575 2432 1630 intuemur
2452 1615 2469 1641 ,
2499 1574 2929 1644 obstupeseimus
2956 1593 2972 1630 :
3003 1584 3122 1645 post
3150 1591 3316 1631 unum
3344 1586 3521 1633 autem
3550 1587 3608 1634 et

2019 1669 2247 1724 alterum
2271 1667 2413 1723 diem
2440 1682 2549 1722 non
2574 1666 2686 1738 jam
2714 1667 2946 1737 amplius
2973 1667 3324 1724 admiramur.
3371 1669 3440 1724 Et
3474 1669 3604 1741 quid
3647 1704 3652 1710 -

2021 1760 2141 1814 dico
2165 1759 2365 1831 regiam
2388 1759 2696 1830 imaginem,
2724 1771 2849 1814 cum
2871 1759 2926 1812 in
2944 1769 3166 1828 aspectu
3184 1759 3456 1815 radiorum
3475 1761 3605 1816 solis

2018 1851 2122 1907 hoc
2146 1852 2319 1922 ipsum
2347 1852 2500 1908 nobis
2526 1851 2751 1917 accidat,
2774 1851 2970 1923 quibus
2989 1851 3191 1908 nullum
3209 1867 3405 1923 corpus
3425 1853 3606 1923 splen-

2017 1941 2194 1998 didius
2221 1943 2448 1998 inveniri
2475 1942 2698 2012 potest?
2726 1943 2814 1998 Sic
2842 1943 3081 1998 omnium
3110 1957 3399 2014 corporum
3425 1946 3602 2003 admi-

2017 2033 2280 2089 rationem
2309 2033 2446 2088 toilit
2467 2031 2798 2088 consuetudo
2830 2049 2845 2088 :
2875 2031 2972 2087 sed
3002 2031 3057 2086 in
3081 2032 3180 2088 Dei
3199 2033 3369 2104 gloria
3395 2049 3505 2090 non
3527 2037 3603 2092 ita

2015 2125 2103 2191 iit,
2136 2133 2192 2180 at
2219 2125 2377 2196 plane
2401 2123 2753 2180 contrarium.
2797 2115 3019 2184 Quanto
3083 2123 3231 2181 enim
3257 2126 3429 2196 magis
3455 2126 3600 2183 illius

2013 2219 2198 2289 gloriae
2249 2218 2692 2290 contemplationi
2754 2218 2984 2275 virtutes
3045 2219 3402 2278 immorantur
3445 2221 3596 2288 istm,

2016 2318 2162 2364 tanto
2182 2309 2351 2381 magis
2379 2309 2787 2380 obstupescunt,
2819 2317 2874 2366 et
2894 2308 3310 2368 admirationem
3335 2325 3487 2368 suam
3517 2315 3598 2368 in-

2015 2402 2240 2458 tendunt
2270 2419 2284 2456 :
2309 2417 2470 2474 quam
2495 2402 2568 2458 ob
2596 2415 2813 2458 causam
2839 2443 2856 2471 ,
2881 2416 2950 2460 ex
2974 2415 3086 2474 quo
3120 2416 3246 2460 esse
3285 2417 3564 2477 cmperunt
3581 2448 3596 2468 ,

2011 2493 2252 2549 adhunc
2299 2508 2469 2564 usque
2505 2492 2648 2549 diem
2691 2493 2916 2565 gloriam
2965 2495 3110 2550 illam
3144 2495 3445 2564 intuentes,
3474 2511 3598 2553 cum

2010 2593 2231 2657 stupore
2279 2585 2516 2642 clamare
2561 2598 2668 2640 non
2712 2592 2926 2642 cessant
2949 2601 2964 2640 :
2987 2586 3083 2642 sed
3124 2586 3269 2658 quod
3307 2587 3360 2643 in
3402 2578 3602 2659 exiguo
3647 2617 3650 2622 -

2012 2679 2268 2750 temporis
2297 2679 2473 2749 spatio
2492 2677 2649 2735 nobis
2669 2679 2960 2750 contingit,
2986 2677 3116 2734 dum
3138 2679 3312 2751 fulgor
3335 2681 3390 2735 in
3412 2680 3598 2736 oculos

2011 2769 2182 2826 fertur
2209 2779 2460 2834 nostros.
2493 2769 2600 2826 hoc
2633 2770 2735 2826 illa:
2767 2778 3028 2841 perpetuo
3055 2771 3346 2841 patiuntur,
3372 2781 3426 2827 et
3462 2783 3596 2828 con-

2011 2863 2157 2918 tinua
2183 2862 2538 2919 admiratione
2558 2877 2680 2918 cum
2708 2861 2983 2932 voluptate
3009 2862 3240 2934 quadam
3261 2863 3590 2919 afficiuntur.

2008 2953 2195 3024 Neque
2221 2969 2348 3010 vero
2372 2954 2544 3010 solum
2567 2955 2820 3020 clamant,
2850 2952 2944 3009 sed
2972 2949 3040 3008 ad
3071 2954 3300 3009 invicem
3327 2954 3378 3009 id
3405 2963 3587 3026 agunt,
3646 2977 3648 2982 -

2008 3045 2151 3116 quod
2178 3046 2402 3100 intensa
2427 3045 2702 3116 cujusdam
2742 3037 3112 3100 admirationis
3143 3052 3226 3100 est
3252 3041 3484 3115 signum.
3517 3042 3594 3099 Ita

2009 3151 2110 3194 nos
2135 3151 2350 3208 quoque
2371 3178 2387 3204 ,
2415 3136 2542 3192 dum
2585 3136 2818 3205 erumpit
2849 3136 3049 3190 tonitru
3077 3147 3199 3191 cum
3229 3133 3441 3206 fragore
3461 3175 3475 3198 ,
3505 3135 3593 3191 vel

2010 3239 2151 3285 terra
2193 3236 2473 3295 movetur,
2522 3242 2630 3284 non
2659 3227 2824 3284 modo
2844 3226 3116 3283 resilimus
3137 3265 3154 3293 ,
3191 3235 3246 3283 et
3265 3227 3590 3292 clamamus,

2013 3321 2109 3378 sed
2137 3321 2203 3376 ad
2228 3321 2455 3376 invicem
2487 3319 2540 3374 in
2562 3318 2768 3374 adibus
2789 3318 2990 3373 nostris
3013 3316 3371 3389 confugimus.
3404 3317 3517 3373 Hoc
3540 3326 3595 3374 et

2010 3412 2290 3486 Seraphim
2311 3420 2473 3484 agunt
2501 3429 2516 3467 :
2545 3411 2772 3483 ideoque
2790 3410 2928 3468 alter
2953 3407 3020 3466 ad
3040 3409 3268 3467 alterum
3292 3408 3592 3476 clamabat,

2015 3505 2259 3571 Sanctus,
2303 3511 2538 3568 sanctus,
2567 3512 2792 3558 sanctus.

2085 3597 2140 3652 5.
2184 3596 2450 3668 Numquid
2471 3595 2610 3650 hanc
2637 3607 2824 3650 vocem
2845 3593 3178 3664 agnovistis?
3219 3592 3476 3663 numquid
3498 3606 3594 3648 no-

2008 3701 2120 3748 stra
2150 3701 2252 3759 est,
2279 3707 2350 3747 an
2380 3707 2510 3747 vero
2539 3689 2864 3760 Seraphim?
2888 3689 2955 3744 Et
2999 3697 3182 3744 nostra
3211 3697 3265 3743 et
3289 3685 3589 3757 Seraphim,

2008 3783 2267 3838 beneficio
2289 3782 2508 3848 Christi,
2537 3783 2625 3852 qui
2654 3781 2888 3837 medium
2913 3780 3174 3850 parietem
3200 3779 3445 3834 maceria:
3468 3793 3591 3832 sns-

2012 3876 2150 3940 tulit,
2175 3885 2226 3931 et
2257 3875 2552 3946 pacificavit
2577 3874 2754 3928 omnia
2782 3888 2902 3943 quzc
2930 3872 2982 3926 in
3011 3871 3156 3927 caelis
3185 3878 3343 3936 sunt,
3377 3878 3432 3925 et
3473 3883 3594 3940 qua:

2011 3969 2065 4023 in
2092 3967 2266 4035 terris,
2297 3975 2350 4022 et
2378 3965 2494 4036 ejus
2535 3965 2816 4032 beneficio,
2843 3964 2932 4034 qui
2976 3971 3204 4032 utraque
3243 3962 3368 4017 fecit
3407 3975 3592 4016 unum.

2009 4064 2141 4120 Nam
2170 4073 2325 4118 antea
2352 4060 2568 4133 quidem
2597 4062 2650 4116 in
2680 4061 2826 4115 cmlis
2858 4067 3058 4113 tantum
3095 4058 3326 4128 hymnus
3366 4056 3469 4110 iste
3500 4069 3594 4109 ca-

2009 4158 2279 4214 uebatur:
2327 4163 2604 4226 postquam
2635 4160 2812 4208 autem
2844 4151 2895 4206 in
2940 4158 3135 4206 terram
3177 4149 3360 4204 venire
3404 4147 3594 4218 digna-

2013 4261 2097 4306 tus
2122 4260 2204 4305 est
2241 4249 2517 4313 Dominus,
2545 4246 2689 4301 hunc
2715 4244 2873 4301 etiam
2906 4251 3225 4298 concentum
3265 4240 3333 4295 ad
3364 4251 3461 4295 nos
3502 4238 3597 4294 de-

2014 4343 2152 4398 tulit.
2189 4341 2475 4410 Propterea
2525 4351 2736 4408 qnoqne
2787 4350 3012 4406 magnus
3058 4334 3144 4390 hic
3180 4332 3426 4388 Pontifex
3472 4342 3596 4386 cum

2007 4436 2156 4507 juxta
2181 4449 2387 4489 sacram
2415 4431 2552 4487 hanc
2576 4444 2815 4485 mensam
2842 4426 3163 4493 constiterit,
3185 4433 3245 4482 ut
3281 4423 3596 4481 rationalem

2014 4527 2213 4582 cultum
2245 4525 2515 4587 exhibeat,
2548 4531 2602 4578 et
2640 4521 2957 4576 sacrificium
3004 4517 3195 4574 oderat
3234 4517 3595 4581 incruentum,

2013 4634 2121 4672 non
2151 4616 2463 4687 simpliciter
2500 4627 2599 4668 nos
2622 4611 2691 4668 ad
2717 4611 2855 4667 hanc
2905 4611 3128 4665 faustam
3158 4608 3596 4664 acclamationem

2015 4711 2222 4774 invitat,
2251 4707 2346 4764 sed
2374 4707 2463 4763 ubi
2504 4706 2650 4776 prius
2690 4701 2978 4760 Cherubim
3005 4699 3319 4766 nominavit,
3351 4707 3406 4754 et
3442 4697 3599 4754 Sera-

2016 4803 2160 4872 phim
2189 4801 2512 4856 mentionem
2556 4797 2698 4861 fecit,
2729 4805 2838 4851 tum
2867 4795 3079 4850 demum
3099 4793 3168 4847 ad
3196 4791 3334 4847 hanc
3361 4799 3600 4846 tremen-

2014 4894 2136 4947 dam
2183 4907 2368 4946 vocem
2421 4888 2735 4944 mittendam
2786 4899 2973 4941 omnes
3018 4884 3348 4952 adhortatur,
3373 4892 3430 4938 et
3469 4883 3600 4940 dum

2017 5000 2200 5041 eorum
2246 4998 2345 5038 nos
2391 4981 2663 5046 admonet,
2695 4980 2785 5050 qui
2833 4978 3112 5034 nobiscum
3156 4976 3351 5032 choros
3377 4976 3600 5047 agitant.

2017 5084 2251 5131 mentem
2281 5082 2516 5128 nostram
2565 5087 2596 5127 a
2653 5079 2794 5126 terra
2839 5068 3122 5137 subducit,
3172 5079 3601 5140 unumquemque

2019 5177 2260 5224 nostrum
2288 5165 2372 5221 his
2400 5161 2784 5236 propemodum
2826 5163 3004 5218 verbis
3029 5162 3304 5218 excitans:
3336 5159 3454 5220 Una
3479 5172 3600 5216 eum

2019 5261 2299 5332 Seraphim
2349 5261 2517 5324 canis,
2547 5274 2648 5312 una
2703 5272 2822 5314 cum
2873 5257 3151 5329 Seraphim
3181 5267 3294 5321 sta,
3325 5269 3450 5311 cum
3498 5251 3606 5308 illis

2019 5357 2131 5410 alas
2159 5353 2408 5417 extende,
2435 5367 2554 5408 cum
2577 5351 2679 5406 illis
2700 5351 2904 5422 regium
2934 5350 3124 5404 solium
3144 5346 3484 5404 circumVola.

2090 5447 2266 5502 Altare
2301 5444 2495 5501 cttleste
2537 5444 2703 5517 ﬁgura
2744 5444 2922 5499 altaris
2964 5441 3223 5499 Ecclesia.
3265 5437 3370 5494 Cur
3399 5435 3612 5507 jejunio

2019 5549 2139 5595 ante
2171 5537 2588 5594 communionem.
2615 5565 2691 5578 —
2714 5536 2851 5607 Quid
2882 5551 3007 5591 vero
3037 5534 3252 5599 mirum,
3281 5531 3328 5587 si
3351 5542 3476 5585 cum
3501 5526 3604 5584 8c-

2022 5631 2232 5705 raphim
2265 5631 2500 5699 steteris,
2527 5646 2648 5686 cum
2687 5646 2748 5686 ea
2775 5646 2893 5700 qum
2936 5627 3215 5698 Serapliim
3261 5640 3366 5681 non
3405 5622 3608 5680 audent

2022 5725 2354 5797 contingere,
2387 5724 2481 5779 tibi
2531 5724 2671 5778 Deus
2720 5722 2883 5777 libere
2914 5719 3187 5774 tractanda
3237 5715 3606 5774 concesserit?

2028 5817 2213 5874 Missus
2248 5826 2318 5873 cst
2344 5814 2474 5871 enim
2515 5816 2582 5868 ad
2621 5830 2718 5877 me.
2761 5810 2950 5884 inquit,
2981 5824 3114 5864 unus
3143 5809 3206 5866 de
3235 5809 3527 5881 Srrapltlm,
3565 5809 3612 5860 et
