3968 6208
363 348 468 406 159

363 465 575 518 (iubebat
617 461 882 517 carbonem
931 458 1081 530 ignis,
1125 475 1270 529 quem
1319 458 1513 529 forcipe
1553 465 1835 528 sumpserat
1878 457 1942 511 de

353 554 514 608 altari
538 551 691 626 (Isai.
715 552 763 607 6.
787 551 861 621 6),
884 548 1008 606 illud
1031 551 1198 607 altare
1226 550 1387 620 ﬁgura
1410 559 1492 605 est
1515 559 1570 606 et
1596 550 1770 620 imago
1790 550 1942 604 istius

360 646 547 700 altaris
577 663 591 700 :
621 643 758 715 ignis
792 643 897 708 ille,
928 641 1219 713 Spiritualis
1246 642 1384 711 ignis
1427 641 1598 696 istius.
1637 641 1707 695 At
1732 655 1837 695 non
1863 647 1945 694 cst

359 752 522 791 ausus
568 735 846 805 Serapbim
889 750 1049 789 manu
1096 733 1425 803 contingere,
1471 731 1566 788 sed
1615 731 1852 802 forcipe:
1887 740 1943 786 tu

359 843 488 884 vero
528 843 686 882 manu
717 827 932 896 accipis.
971 827 1260 881 Enimvero
1288 826 1331 881 si
1371 841 1554 881 eorum
1584 840 1704 896 quae
1743 839 1941 895 propo-

359 921 459 975 sita
487 929 610 975 sunt
636 919 948 990 dignitatem
985 927 1223 988 spectes,
1255 919 1371 988 ipso
1392 927 1638 974 contactu
1663 916 1942 986 Serapbim

359 1013 531 1067 multo
561 1011 762 1080 majora
805 1019 929 1065 sunt
955 1011 1057 1066 ista
1089 1029 1103 1065 :
1130 1009 1212 1065 sin
1244 1019 1421 1065 autem
1465 1009 1672 1064 Domini
1699 1007 1944 1075 benigni-

359 1112 525 1160 tatem
548 1102 880 1169 consideres,
909 1117 980 1158 ne
999 1102 1067 1157 ad
1105 1111 1346 1158 nostram
1375 1101 1588 1172 quidem
1619 1099 1946 1157 descendere

359 1197 616 1252 vilitatem
639 1211 824 1252 eorum
848 1197 1015 1266 gratia
1038 1211 1158 1267 quae
1186 1195 1458 1266 proposita
1488 1203 1611 1250 sunt
1655 1192 1943 1250 erubescit.

361 1289 488 1344 [lare
535 1288 695 1359 igitur
739 1289 998 1358 cogitans,
1031 1287 1103 1342 mi
1147 1286 1330 1353 homo,
1369 1295 1424 1341 et
1465 1296 1660 1356 quanta
1687 1285 1827 1340 .doni
1877 1285 1947 1340 sit

359 1377 672 1448 magnitudo
717 1387 894 1433 tecum
940 1385 1223 1448 reputans,
1255 1375 1541 1446 aliquando
1585 1375 1804 1430 tandem
1854 1390 1946 1430 ex-

361 1486 540 1541 surge,
555 1479 717 1540 atque
738 1469 954 1524 avulsus
979 1485 1009 1524 a
1033 1477 1170 1524 terra
1189 1469 1241 1524 in
1263 1468 1452 1523 caelum
1477 1467 1728 1522 ascende.
1749 1466 1946 1523 Verum

361 1562 524 1617 trahit
562 1576 660 1617 nos
691 1576 904 1631 corpus,
937 1570 993 1616 et
1022 1560 1273 1616 deorsum
1321 1558 1446 1615 ferri
1473 1558 1653 1630 cogit?
1679 1559 1783 1615 Sed
1820 1573 1949 1614 ecce

366 1652 894 1722 adventautjejunia,
923 1667 1044 1722 quae
1071 1665 1274 1722 pennas
1307 1651 1500 1706 anima:
1526 1651 1672 1706 leves
1699 1649 1945 1716 reddunt,

363 1756 419 1802 et
444 1747 612 1802 levem
643 1746 905 1802 sarcinam
930 1745 1107 1802 carnis
1133 1744 1390 1810 efﬁciunt,
1432 1745 1556 1800 licet
1581 1743 1794 1814 plumbo
1819 1759 1951 1814 quo-

363 1839 445 1894 vis
483 1837 698 1909 gravius
742 1853 940 1909 corpus
983 1837 1307 1907 acceperint.
1334 1835 1716 1892 Verumtamen
1746 1849 1950 1890 sermo—

365 1943 489 1984 nem
521 1927 589 1984 de
613 1927 816 1998 jejunio
848 1928 1107 1998 tantisper
1131 1925 1459 1994 differamus,
1490 1925 1632 1982 hunc
1674 1934 1851 1981 autem
1883 1926 1950 1982 de

364 2021 634 2095 mysteriis
656 2020 765 2092 jam
793 2020 1154 2084 instituamus,
1185 2033 1413 2090 quorum
1443 2019 1612 2090 gratia
1635 2027 1689 2074 et
1714 2018 1826 2088 ipsa
1863 2018 1950 2087 je-

364 2114 512 2185 junia
555 2123 682 2168 sunt
722 2120 942 2168 statuta.
976 2111 1108 2166 Nam
1138 2111 1277 2166 sicut
1301 2111 1353 2165 in
1381 2109 1672 2182 Olympicis
1700 2109 1952 2165 certami-

367 2205 523 2260 nibus
548 2203 895 2258 luctationum
922 2201 1044 2257 ﬁnis
1066 2210 1152 2257 est
1173 2215 1392 2266 corona,
1421 2201 1499 2256 sic
1534 2211 1588 2256 et
1610 2200 1796 2270 jejunii
1833 2200 1952 2254 ﬁnis

365 2305 450 2351 est
477 2294 674 2350 munda
703 2293 1046 2350 communio:
1077 2293 1255 2362 itaque
1287 2291 1393 2346 nisi
1423 2291 1614 2346 diebus
1640 2291 1754 2346 istis
1793 2290 1952 2346 fuerit

367 2400 399 2440 a
429 2385 584 2441 nobis
635 2383 738 2440 hoc
765 2385 1083 2455 prmstitum,
1112 2383 1199 2440 ubi
1250 2391 1452 2438 temere
1498 2397 1562 2438 ac
1608 2381 1803 2438 frustm
1854 2397 1952 2438 nos

367 2480 513 2548 ipsos
553 2477 1192 2548 afllixerimus,expertes
1221 2490 1419 2532 corona
1462 2490 1526 2530 ac
1566 2475 1684 2532 sine
1732 2476 1952 2546 prtemio

367 2584 432 2623 ex
454 2568 966 2640 jejuniiscammate
989 2566 1347 2623 discedemus.
1395 2566 1681 2638 Propterea
1723 2567 1952 2636 majores

367 2661 528 2714 etiam
556 2660 722 2716 nostri
765 2658 956 2729 jejunii
987 2657 1216 2713 stadium
1262 2657 1642 2725 extenderunt,
1681 2672 1746 2712 ac
1783 2659 1954 2727 pomi-

369 2749 552 2805 tentize
580 2758 787 2805 certum
818 2748 975 2804 nobis
1005 2757 1214 2818 tempus
1255 2749 1614 2819 assignarunt,
1642 2759 1700 2804 ut
1733 2749 1820 2805 ubi
1853 2766 1952 2806 nos

369 2840 864 2912 expurgaverimus,
894 2854 1190 2910 omnesque
1218 2839 1408 2896 sordes
1435 2840 1863 2905 absterserimus,
1881 2841 1950 2896 ita

368 2932 585 2987 demum
611 2931 950 2988 accedamus.
981 2929 1108 2986 Ideo
1130 2944 1276 2985 nunc
1299 2931 1459 2987 etiam
1489 2945 1554 2986 ex
1583 2931 1685 2986 hoc
1714 2938 1952 3000 tempore

373 3025 514 3080 clara
547 3039 677 3080 voce
704 3023 982 3088 denuntio,
1009 3023 1270 3087 obtestor,
1304 3037 1515 3092 precor,
1546 3031 1601 3077 et
1628 3023 1855 3078 obsecro
1885 3038 1952 3079 ne

370 3113 496 3170 cum
541 3114 766 3179 macula,
803 3129 869 3169 ne
898 3129 1019 3169 cum
1071 3127 1232 3184 prava
1261 3111 1585 3168 conscientia
1634 3112 1700 3168 ad
1745 3128 1950 3169 sacram

369 3211 508 3266 hanc
534 3223 771 3265 mensam
800 3208 1156 3264 accedamus:
1189 3220 1362 3277 neque
1388 3205 1531 3262 enim
1553 3205 1656 3261 hoc
1683 3220 1950 3273 accessus,

370 3319 542 3373 neque
581 3301 888 3357 communio
917 3300 1022 3356 dici
1069 3307 1273 3370 potest,
1315 3297 1556 3369 quamvis
1602 3297 1792 3354 millies
1831 3312 1955 3352 san-

369 3404 515 3450 ctum
545 3392 675 3449 illud
700 3406 896 3461 corpus
920 3391 1261 3461 attingamus,
1281 3391 1374 3444 sed
1398 3373 1794 3454 condemnatio,
1825 3401 1953 3456 sup-

367 3487 586 3557 plicium
615 3492 674 3542 et
693 3499 970 3556 poenarum
1002 3482 1258 3540 accessio.
1286 3481 1471 3537 Nullus
1501 3481 1661 3552 igitur
1701 3489 1950 3551 peccator

368 3577 632 3633 accedat:
665 3577 774 3632 imo
806 3590 936 3631 vero
982 3589 1087 3629 non
1115 3573 1256 3640 dico,
1289 3572 1469 3628 nullus
1497 3582 1763 3642 peccator,
1785 3587 1956 3643 quan-

369 3668 655 3740 doquidem
683 3668 946 3737 meipsum
976 3667 1207 3736 priorem
1245 3680 1277 3719 a
1302 3663 1477 3718 divina
1513 3677 1700 3718 mensa
1728 3662 1956 3734 repelle-

371 3776 524 3825 rem;
565 3758 658 3815 sed
696 3757 789 3829 qui
839 3763 1152 3828 perseveret
1196 3763 1465 3828 peccator.
1492 3753 1674 3809 nullus
1714 3753 1950 3810 accedat.

369 3850 572 3908 Idcirco
594 3849 705 3921 jam
754 3864 818 3903 ex
870 3847 971 3903 hoc
1020 3857 1260 3917 tempore
1296 3845 1548 3917 prasdico,
1577 3859 1647 3901 ne
1689 3859 1810 3900 cum
1841 3844 1954 3901 dies

368 3946 638 4018 regiarum
667 3943 949 4014 epularum
988 3941 1324 4004 advenerim,
1352 3954 1474 3995 cum
1505 3938 1594 3994 illa
1621 3937 1848 3993 adfuerit
1869 3953 1955 3994 sa-

370 4051 458 4091 cra
511 4049 734 4106 vespera
766 4035 946 4090 dicere
982 4042 1144 4104 queat
1181 4032 1395 4102 aliquis,
1427 4029 1722 4100 [inparatus
1761 4029 1952 4085 intravi

368 4144 434 4184 ac
461 4129 656 4193 nudus,
674 4137 730 4185 et
755 4128 869 4184 lucc
895 4127 1020 4182 olim
1041 4126 1262 4198 prmdici
1289 4123 1544 4196 oportuit.
1567 4123 1624 4180 Si
1653 4123 1796 4180 enim
1823 4122 1950 4178 olim
2009 4160 2026 4176 .

367 4220 484 4276 inec
535 4220 879 4286 audivissem,
924 4219 1145 4275 omnino
1193 4227 1431 4273 mutatus
1479 4231 1686 4284 essem,
1735 4216 1955 4272 omnino

371 4321 652 4382 postquam
681 4311 942 4382 meipsum
990 4325 1388 4381 expurgassem,
1416 4309 1488 4365 ita
1515 4309 1730 4365 demum
1769 4323 1955 4365 acces-

368 4408 580 4464 sissem,
607 4401 686 4456 Ne
715 4402 874 4472 igitur
901 4403 1040 4456 ullus
1072 4401 1168 4456 has
1212 4411 1510 4471 praetexere
1537 4401 1706 4471 possit
1731 4415 1955 4456 esta-

369 4497 564 4561 tiones,
591 4494 702 4564 jam
731 4509 796 4549 ex
828 4493 931 4549 hoc
957 4502 1197 4563 tempore
1219 4494 1366 4564 prius
1399 4491 1642 4547 obtestor
1677 4500 1732 4547 et
1753 4491 1954 4547 cohor-

370 4599 474 4647 tor.
503 4594 562 4640 ut
591 4600 834 4656 magnam
873 4585 1221 4640 exhibeamus
1265 4583 1654 4655 pceuitentiam.
1687 4583 1812 4638 Scio
1855 4597 1954 4638 nos

373 4696 561 4736 names
589 4693 713 4736 reos
741 4694 863 4736 esse
891 4677 1156 4750 supplicii,
1191 4693 1291 4734 nec
1329 4677 1499 4732 ullum
1541 4690 1697 4745 posse
1734 4675 1953 4746 gloriari

370 4773 626 4827 inuudum
649 4787 709 4828 se
737 4771 934 4829 habere
959 4787 1086 4826 cor:
1119 4769 1212 4825 sed
1241 4786 1347 4825 non
1378 4769 1481 4824 hoc
1508 4768 1704 4823 malum
1729 4775 1811 4824 est
1833 4782 1953 4838 gra-

369 4864 819 4935 vissimum,quod
843 4863 1096 4919 mundum
1122 4879 1217 4918 cor
1245 4877 1348 4919 non
1371 4861 1683 4927 habeamus,
1698 4860 1791 4916 sed
1808 4859 1951 4932 quod

368 4954 626 5010 inundum
659 4971 764 5010 non
797 4955 1051 5011 habentes
1082 4970 1197 5021 cor,
1228 4969 1327 5010 nec
1354 4953 1419 5008 ad
1456 4967 1578 5008 eum
1610 4950 1948 5015 accedamus,

368 5048 458 5116 qui
504 5045 760 5100 mundum
807 5053 982 5114 potest
1022 5046 1149 5100 illud
1194 5045 1441 5101 reddere.
1492 5043 1674 5099 Potest
1720 5043 1861 5099 enim
1906 5043 1949 5098 si

365 5139 534 5194 velit:
568 5137 652 5193 vel
681 5138 855 5208 potius
896 5136 1058 5191 multo
1107 5139 1274 5208 magis
1302 5151 1461 5208 quam
1510 5150 1609 5192 nos
1652 5149 1815 5205 puros
1855 5149 1953 5190 nos

367 5248 486 5287 esse
532 5231 666 5297 vult,
695 5230 792 5286 sed
840 5239 1132 5300 exspectat,
1165 5239 1224 5286 ut
1251 5231 1494 5301 exiguam
1539 5244 1567 5282 a
1619 5228 1772 5284 nobis
1796 5242 1951 5284 occa.

361 5325 569 5379 sionem
623 5322 878 5394 accipiat,
907 5332 966 5378 ut
1009 5322 1342 5378 conﬁdenter
1391 5336 1490 5376 nos
1535 5329 1776 5376 coronet.
1821 5319 1952 5387 Quis

362 5417 536 5488 niajor
564 5413 666 5471 fuit
693 5424 946 5486 peccator
968 5429 1124 5484 quam
1174 5413 1524 5484 publicanus?
1563 5411 1668 5468 Sed
1719 5421 1777 5466 ut
1818 5411 1952 5466 dixit

365 5520 603 5564 tantum:
622 5508 780 5573 Deus,
811 5507 1056 5580 prapitius
1086 5517 1190 5561 esto
1235 5506 1359 5561 mihi
1387 5507 1638 5577 peccatari
1668 5505 1688 5576 (
1707 5504 1833 5558 Luc.
1861 5505 1947 5560 18.

361 5601 474 5668 15),
497 5603 613 5670 plus
633 5616 792 5670 quam
817 5600 1116 5656 Pharismus
1133 5599 1453 5668 justiﬁcatus
1473 5596 1770 5653 descendit.
1791 5596 1952 5652 Tam-

359 5693 461 5744 ctsi
487 5699 738 5759 quantam
767 5691 871 5746 vim
923 5690 1108 5746 habuit
1146 5691 1348 5746 dictum
1400 5689 1566 5745 illud?
1593 5688 1792 5744 Verum
1842 5701 1948 5742 non

353 5780 563 5846 ἀδςτιυιιι
590 5783 760 5854 ipsum
791 5785 1050 5857 purgavit,
1082 5783 1176 5841 sed
1206 5784 1427 5841 affectus
1463 5798 1583 5840 cum
1610 5798 1716 5854 quo
1749 5779 1946 5836 dictum

1110 347 1166 404 S.
1205 345 1480 402 JOANNIS
1516 342 1988 400 CIIBYSOSTOMI
2027 342 2342 399 ARCIIIEP.
2383 339 2921 404 CONSTANTINOP.

3508 348 3599 404 ιω

2051 453 2178 512 illud
2207 456 2455 527 protulit:
2481 457 2589 512 imo
2611 471 2738 512 vero
2768 470 2836 511 ne
2862 453 3006 511 solus
3035 453 3246 526 quidem
3273 455 3498 525 affectus,
3516 463 3601 518 sed

2047 557 2172 602 ante
2200 548 2371 617 ipsum
2404 547 2498 603 Dei
2535 547 2851 618 benignitas.

2117 641 2172 695 4.
2201 639 2369 708 Quod
2397 640 2564 705 enim,
2594 654 2797 710 quasso,
2827 648 2934 694 tam
2963 641 3232 711 egregium
3270 651 3352 697 est
3378 642 3605 711 laciniis,

2048 730 2168 801 quis
2193 730 2365 796 labor,
2395 730 2516 800 quis
2545 729 2710 784 sudor
2755 731 3036 799 peccaturi,
3084 739 3142 784 ut
3183 745 3242 786 se
3290 742 3610 801 peccatorem

2048 839 2169 880 esse
2199 823 2518 894 persuadeat
2549 823 2674 886 sibi,
2701 831 2754 879 et
2771 822 2882 879 hoc
2919 824 3059 895 apud
3086 824 3248 879 Deum
3279 824 3611 896 proﬁteatur?

2047 915 2211 971 Vides
2233 915 2373 971 haud
2405 915 2599 970 frustm
2627 915 2827 972 dixisse
2857 916 3138 976 me,Deum
3164 916 3299 972 velle
3323 919 3558 988 exiguam
3583 937 3612 975 a

2049 1007 2205 1062 nobis
2227 1007 2565 1063 occasionem
2592 1007 2849 1079 arripere,
2881 1015 2988 1060 tum
3017 1005 3184 1077 ipsum
3219 1007 3411 1065 deinde
3424 1011 3497 1064 ad
3533 1027 3616 1066 sa-

2053 1098 2218 1154 lutem
2247 1107 2486 1154 nostram
2529 1108 2719 1154 cuncta
2759 1097 3042 1154 conferre?
3069 1098 3438 1156 Pcenitentiam
3469 1102 3618 1173 igitur

2051 1206 2294 1262 agamus,
2341 1191 2634 1262 ploremus,
2665 1191 3039 1248 lamentamur.
3085 1191 3464 1263 Saepenumero
3505 1209 3620 1250 cum

2051 1280 2214 1336 ﬁliam
2244 1283 2362 1353 quis
2389 1282 2660 1348 amiserit,
2705 1282 2963 1352 majorem
3010 1282 3134 1338 vita:
3175 1295 3288 1338 suae
3330 1293 3528 1354 partem
3571 1286 3625 1344 in

2052 1373 2197 1429 luctu
2224 1388 2288 1429 ac
2315 1388 2548 1430 maerore
2575 1374 2804 1430 traducit
2831 1393 2846 1430 :
2877 1389 2976 1431 nos
3005 1375 3238 1431 animam
3285 1377 3623 1447 perdidimus,

2052 1480 2152 1520 nec
2189 1474 2367 1520 tamen
2399 1465 2686 1536 lugemus?
2727 1466 3023 1522 excidimus
3047 1481 3078 1522 a
3106 1468 3299 1530 salute,
3342 1485 3439 1525 nec
3482 1471 3625 1539 plan-

2052 1557 2268 1629 gimus?
2295 1557 2430 1624 Quid
2475 1557 2545 1613 de
2586 1557 2764 1613 anima
2793 1568 2849 1614 et
2885 1559 3056 1615 salute
3085 1559 3316 1630 loquor?
3355 1563 3628 1619 Dominum

2052 1649 2188 1705 adeo
2234 1651 2417 1706 mitem
2467 1665 2531 1706 ac
2585 1649 2870 1722 benignum
2917 1653 3273 1720 irritavimus,
3325 1671 3496 1726 neque
3536 1658 3631 1712 sub

2055 1751 2195 1796 terra
2226 1756 2325 1796 nos
2351 1741 2768 1798 abscondimus?
2795 1741 2910 1798 Non
2941 1745 3083 1799 enim
3111 1753 3320 1800 tantum
3348 1748 3551 1816 providi
3576 1763 3635 1804 ac

2052 1832 2268 1888 solliciti
2313 1831 2536 1901 domini,
2567 1833 2661 1890 sed
2690 1842 2744 1890 et
2774 1834 2940 1904 patris
2985 1834 3335 1906 indulgentis,
3363 1847 3417 1894 ct
3445 1839 3634 1894 libero-

2053 1941 2174 1980 rum
2240 1925 2620 1981 amantissimas
2677 1925 2864 1982 matris
2925 1942 3141 1992 omnem
3215 1928 3638 1985 benevolentiam

2055 2026 2345 2087 exsuperat
2392 2031 2485 2082 ea,
2533 2031 2637 2086 qua
2687 2031 2787 2072 nos
2833 2017 3232 2088 complectitur,
3265 2019 3636 2076 sollicitudine.

2057 2107 2326 2178 Numquid
2353 2109 2494 2163 enim
2524 2107 2860 2175 obliviscetur,
2890 2108 3081 2179 inquit,
3110 2110 3300 2164 mulier
3327 2112 3527 2181 paruuli
3545 2111 3641 2172 sui.

2055 2209 2112 2254 ut
2146 2216 2246 2254 non
2288 2200 2584 2255 misereatur
2621 2203 2813 2271 fetuum
2861 2200 2990 2254 uteri
3031 2201 3155 2255 sui?
3198 2200 3343 2256 Licet
3388 2213 3555 2257 autem
3599 2212 3645 2255 et

2056 2294 2238 2348 mulier
2265 2291 2419 2348 oblita
2444 2294 2616 2364 fuerit,
2649 2309 2740 2363 ego
2769 2303 2934 2347 tamen
2960 2309 3062 2347 non
3089 2293 3366 2349 obliviscar
3405 2296 3500 2362 tui,
3529 2295 3649 2350 dicit

2056 2385 2307 2441 Dominus
2350 2386 2501 2457 (leui.
2529 2385 2623 2442 49.
2662 2385 2770 2456 15).
2809 2385 3103 2441 Enimvero
3147 2395 3281 2442 ante
3321 2386 3655 2443 demonstra-

2056 2479 2256 2533 tionem
2281 2477 2386 2532 ﬁde
2412 2477 2570 2548 digna
2611 2477 2696 2533 vel
2736 2477 2849 2532 sola
2891 2476 3047 2533 fuerit
3087 2477 3394 2534 afﬁrmatio
3423 2497 3436 2533 :
3466 2478 3658 2551 quippe

2053 2586 2176 2642 qua:
2218 2570 2308 2626 Dei
2359 2570 2429 2626 sit
2466 2589 2478 2624 :
2525 2570 2876 2628 nihilominus
2924 2581 3124 2640 tamen,
3153 2588 3288 2645 age,
3323 2575 3486 2631 rebus
3535 2575 3658 2646 ipsis

2055 2676 2366 2732 expressam
2399 2661 2915 2718 demonstrationem
2955 2663 3183 2720 exhibea
3198 2681 3348 2722 mus.
3395 2667 3531 2723 Cum
3559 2669 3659 2722 im-

2055 2761 2297 2823 perasset
2339 2752 2626 2824 aliquando
2653 2753 2763 2809 filio
2795 2754 3065 2824 'Rebecca,
3103 2765 3162 2812 ut
3211 2758 3362 2813 illam
3406 2758 3477 2814 de
3525 2759 3661 2814 furto

2057 2845 2445 2902 benedictionis
2504 2846 2739 2902 fabulam
2791 2857 3007 2919 ageret;
3057 2861 3356 2923 postquam
3400 2853 3548 2908 omni
3597 2869 3662 2909 cx

2057 2945 2207 3006 parte
2237 2937 2494 3007 prmclare
2525 2937 2697 3009 ipsum
2737 2938 3036 3007 adornavit,
3059 2942 3230 3012 eique
3261 2944 3448 3000 Fratris
3479 2960 3662 3015 perso-

2057 3044 2179 3083 nam
2215 3029 2466 3100 imposuit
2495 3048 2508 3085 :
2542 3030 2968 3102 quandoquidem
3021 3049 3091 3088 ne
3127 3034 3216 3110 sic
3243 3035 3468 3106 quidem
3516 3037 3665 3091 illum

2057 3119 2252 3176 ﬁducia
2281 3120 2560 3191 praeditum
2583 3122 2732 3189 vidit,
2759 3138 2974 3179 omnem
3013 3138 3080 3180 ex
3115 3127 3315 3182 animo
3343 3128 3437 3182 ﬁlii
3470 3136 3664 3184 metum

2057 3212 2246 3268 volens
2271 3213 2527 3277 eximere,
2557 3213 2728 3285 Super
2759 3231 2840 3270 me
2863 3216 2948 3282 sit,
2977 3217 3072 3283 ait,
3110 3227 3205 3272 tua
3231 3220 3555 3288 maledictio,
3596 3221 3669 3289 ﬁli

2062 3304 2211 3377 (Gen.
2237 3305 2327 3359 27.
2357 3306 2469 3376 l5).
2512 3305 2696 3361 Matris
2722 3321 2906 3362 revera
2935 3323 3059 3371 vox,
3088 3317 3142 3364 et
3182 3325 3314 3381 qua:
3344 3327 3538 3367 amore
3582 3312 3672 3366 ﬁlii

2058 3405 2202 3454 esset
2229 3397 2466 3452 incensa.
2512 3396 2757 3453 Christus
2782 3407 2964 3454 autem
2994 3415 3102 3454 non
3125 3399 3237 3457 hoc
3263 3403 3413 3457 dixit
3441 3413 3667 3467 tantum,

2057 3489 2154 3544 sed
2189 3489 2352 3544 etiam
2383 3489 2513 3545 fecit
2545 3507 2557 3543 :
2592 3505 2697 3545 non
2739 3490 2986 3561 promisit
3025 3499 3265 3557 tantum,
3295 3496 3398 3550 sed
3427 3505 3485 3550 et
3513 3511 3676 3566 opere

2057 3579 2321 3647 exhibuit,
2361 3579 2506 3649 quod
2546 3589 2602 3636 et
2628 3581 2822 3636 Paulus
2863 3582 3006 3637 clara
3035 3597 3170 3639 voce
3218 3587 3553 3656 pronuntiat
3591 3585 3672 3640 di-

2058 3689 2190 3730 cens
2220 3693 2234 3730 :
2263 3672 2497 3730 Christus
2522 3691 2612 3729 nos
2650 3675 2860 3729 redemit
2907 3676 2972 3730 de
3003 3677 3288 3734 maledicto
3325 3680 3481 3752 legis,
3512 3680 3680 3750 factus

2060 3784 2153 3838 pro
2179 3766 2320 3822 nobis
2349 3765 2677 3821 maledictum
2707 3764 2851 3840 (Gal.
2897 3767 2951 3822 '5.
2981 3767 3094 3837 i3).
3124 3768 3292 3826 Hunc
3324 3771 3498 3843 igitur
3527 3787 3676 3836 num,

2059 3873 2262 3930 quasso,
2308 3856 2676 3914 irritabimus?
2722 3871 2789 3912 an
2834 3871 2943 3912 non
2985 3866 3068 3913 est
3110 3857 3220 3916 hoc
3249 3860 3377 3931 ipsa
3429 3863 3683 3934 gehenna

2057 3949 2302 4021 gravius,
2338 3959 2394 4004 et
2431 3947 2719 4004 immortali
2760 3962 2963 4016 verme,
2994 3957 3052 4005 et
3089 3948 3219 4020 igne
3245 3952 3347 4023 qui
3377 3967 3682 4024 numquam

2059 4041 2419 4114 exstinguitur
2440 4042 2464 4096 l

2129 4133 2211 4189 Ad
2229 4151 2426 4190 sacram
2445 4149 2668 4189 mensam
2688 4133 2938 4204 quomoda
2955 4132 3333 4191 accedendum.
3357 4166 3437 4178 --
3455 4133 3690 4205 Quando

2061 4227 2221 4300 igitur
2246 4227 2314 4284 ad
2343 4242 2549 4283 sacram
2573 4241 2814 4282 mensam
2839 4239 2898 4282 es
2921 4239 3248 4283 accessurus
3266 4269 3284 4294 ,
3319 4227 3446 4285 illic
3494 4227 3695 4284 adesse

2062 4320 2345 4377 Dominum
2373 4319 2610 4374 omnium
2636 4317 2893 4374 arbitrare
2923 4334 2936 4373 :
2969 4316 3240 4389 siquidem
3270 4319 3445 4375 adest
3470 4332 3692 4382 revera,

2060 4421 2114 4468 et
2135 4427 2254 4483 qua:
2275 4412 2342 4466 sit
2363 4425 2514 4465 mens
2537 4408 2796 4480 cujusque
2823 4408 3120 4479 cognoscit,
3140 4422 3207 4463 ac
3231 4409 3398 4465 videt
3417 4409 3552 4481 quis
3571 4422 3700 4464 cum

2059 4517 2122 4560 ea
2149 4517 2250 4574 qua
2282 4516 2376 4572 par
2401 4509 2485 4557 est
2507 4499 2805 4564 sanctitate,
2823 4499 2941 4570 quis
2959 4513 3082 4554 cum
3107 4499 3472 4556 conscientia
3499 4499 3701 4568 depra-

2059 4604 2182 4651 vata
2213 4594 2466 4658 accedat,
2496 4607 2617 4648 cum
2656 4590 2943 4647 immundis
2965 4599 3020 4646 et
3042 4589 3289 4648 sordidis
3328 4591 3702 4664 cogitationi-

2062 4689 2180 4753 bus,
2204 4703 2324 4744 cum
2347 4685 2564 4754 nefariis
2580 4683 2895 4740 actionibus.
2927 4681 3080 4751 Quod
3099 4681 3145 4737 si
3165 4685 3515 4755 quempiam
3536 4684 3703 4740 talem

2060 4778 2362 4844 offenderit,
2387 4777 2616 4849 primum
2641 4774 2854 4845 quidem
2882 4773 3054 4844 ipsum
3081 4771 3297 4842 iudicio
3325 4774 3708 4832 conscientiae

2061 4872 2263 4928 tradit:
2293 4869 2487 4926 deinde
2525 4883 2655 4924 vero
2697 4867 2743 4922 si
2785 4865 2928 4921 forte
2961 4864 3200 4934 seipsum
3243 4866 3711 4937 cogitationibus

2059 4967 2302 5037 castiget,
2340 4963 2632 5033 reddatque
2661 4959 2958 5025 meliorem,
2986 4969 3174 5013 rursus
3204 4955 3380 5014 illum
3413 4957 3708 5024 admittit;

2060 5061 2202 5133 quod
2228 5060 2272 5114 si
2303 5067 2515 5114 maneat
2545 5055 2872 5110 incorrectus
2891 5093 2907 5117 ,
2933 5058 3060 5124 tum
3073 5047 3310 5106 demum
3343 5049 3406 5106 in
3434 5051 3568 5120 ejus
3596 5065 3716 5106 ma-

2060 5170 2164 5210 nus
2199 5151 2380 5208 incidit
2408 5160 2676 5220 tamquam
2707 5147 2945 5218 ingratus
2973 5152 3026 5199 et
3053 5141 3362 5198 scelestus.
3414 5144 3712 5214 Quantum

2059 5261 2187 5302 vero
2207 5245 2274 5300 sit
2296 5241 2457 5308 istud,
2481 5256 2549 5296 ex
2569 5238 2737 5294 Paulo
2759 5237 2924 5302 disce,
2947 5234 3036 5306 qui
3057 5235 3133 5288 sic
3149 5232 3234 5287 ait
3256 5251 3272 5287 :
3305 5234 3678 5294 Horrendum
3699 5239 3716 5270 ‘

2059 5336 2280 5392 incidere
2319 5335 2374 5388 in
2423 5347 2602 5387 manus
2644 5329 2736 5384 Dei
2775 5327 2981 5383 viventis
3011 5323 3221 5396 (Hebr.
3261 5325 3365 5381 10.
3403 5329 3474 5385 5|
3505 5330 3553 5400 ).
3584 5330 3719 5387 Scio

2061 5427 2307 5484 mordere
2328 5438 2421 5480 vos
2446 5425 2560 5478 lucc
2585 5421 2742 5477 verba
2768 5437 2782 5474 :
2807 5418 2901 5475 sed
2923 5416 3049 5489 quid
3068 5415 3275 5472 faciam
3294 5419 3324 5473 ?
3356 5418 3487 5477 Nisi
3512 5421 3724 5478 acerba

2001 5599 2035 5645 ’.³
2125 5596 2138 5626 ¹
2180 5592 2376 5656 Aliquot
2395 5597 2503 5656 uss.
2528 5588 2778 5656 variantia
2797 5583 2963 5656 verbis
2983 5579 3176 5656 minimi
3184 5587 3488 5656 momenti.
3510 5592 3567 5635 In
3591 5585 3728 5637 libro

2057 5665 2220 5720 ιιυιοηι
2251 5642 2493 5720 ἀθεωνίί
2529 5653 2600 5701 sic
2638 5649 2857 5720 legitur;
2879 5642 3078 5720 W4?
3098 5652 3313 5720 me?!
3344 5647 3724 5720 ,ίπςοττεςεω-

2049 5719 2187 5830 1υὸοὲ
2210 5717 2640 5828 ρεάεῗοπιαηωριιε
2660 5709 2805 5775 libari
2826 5709 3068 5772 ingratum
3090 5710 3136 5757 et
3157 5709 3560 5770 ιιηρυαεηιεπι,
3584 5717 3728 5763 ποτ.

2058 5793 2143 5832 rcn
2185 5792 2280 5841 um,
2307 5791 2337 5828 e
2391 5813 2404 5829 .
