4048 6208
289 297 293 300 -
351 257 434 312 Hi

343 349 724 422 medicamenta
763 361 1067 427 adhibeam,
1110 363 1327 418 vulnera
1369 378 1477 419 non
1521 364 1804 432 tollentur;
1839 367 1922 423 sin

341 457 612 514 adhibeam
643 455 858 522 acerba,
889 471 984 511 vos
1012 456 1250 512 dolorem
1279 472 1386 512 non
1414 456 1708 514 sustinetis.
1739 441 1892 529 Angu
1915 489 1923 501 -

337 550 448 604 stite
495 547 626 602 mihi
678 555 805 602 sunt
848 545 1100 616 undique,
1139 545 1232 602 sed
1269 562 1448 616 opera:
1492 549 1718 618 pretium
1767 549 1925 604 fuerit

337 655 546 696 manum
581 638 836 708 deinceps
878 638 1164 701 cohibere;
1209 639 1479 695 sufﬁciunt
1513 640 1656 694 enim
1686 640 1826 695 dicta
1854 641 1922 697 ad

340 745 540 794 eorum,
571 729 660 799 qui
686 729 874 782 attenti
904 726 1136 793 fuerint,
1164 729 1612 783 emendationem.
1651 730 1926 785 Verumta-

338 839 450 878 men
484 831 544 878 ut
582 837 688 876 non
719 821 890 876 solum
917 821 1102 887 vobis,
1137 820 1229 875 sed
1259 829 1312 875 et
1337 823 1546 875 caeteris
1573 822 1716 876 utilia
1747 832 1924 876 vestra

333 929 498 985 opera
522 915 682 978 ﬁant,
711 927 809 982 age
831 927 1016 968 rursus
1045 927 1106 966 ea
1134 914 1439 967 summatim
1461 914 1683 968 collecta
1715 924 1922 983 relicta.

338 1021 467 1062 nius.
505 1005 864 1059 Disseruimus
902 1002 969 1058 de
1012 1003 1324 1074 Serapliim,
1369 1005 1698 1059 ostendimus
1726 1015 1922 1075 quanta

337 1099 399 1153 sit
420 1097 673 1167 dignitas,
693 1095 843 1165 juxta
869 1095 1073 1166 regium
1096 1096 1286 1149 solium
1311 1104 1474 1162 stare,
1497 1106 1550 1150 et
1575 1097 1625 1150 in
1647 1096 1923 1151 hominum

336 1198 594 1260 potestate
615 1188 774 1242 situm
796 1203 936 1252 esse,
956 1198 1012 1242 ut
1033 1187 1341 1258 dignitatem
1367 1188 1511 1242 illam
1532 1188 1916 1259 adipiscantur.

334 1283 571 1336 Diximus
597 1280 666 1335 de
685 1280 804 1346 alis,
835 1290 889 1334 et
917 1279 984 1334 de
1011 1280 1362 1334 inaccessibili
1389 1279 1481 1335 Dei
1506 1281 1715 1343 virtute,
1745 1281 1919 1353 deque

333 1371 682 1440 indulgentia,
711 1384 814 1440 qua
843 1385 901 1425 se
934 1370 1086 1424 nobis
1114 1369 1518 1439 altemperavit;
1549 1370 1839 1440 adjecintus
1869 1381 1924 1427 et

329 1478 543 1518 causam
567 1462 818 1517 clamoris
840 1476 902 1516 ac
924 1469 1193 1530 perpetua:
1215 1461 1601 1528 admirationis,
1621 1471 1675 1516 et
1694 1462 1782 1532 qni
1805 1462 1918 1529 ﬁat,

336 1566 385 1609 ut
409 1555 542 1608 dum
568 1553 852 1624 Serapliim
877 1552 1240 1608 indesinenter
1268 1553 1436 1607 Deum
1466 1552 1916 1622 contemplantur,

327 1661 440 1700 eum
492 1643 858 1698 indesinenter
901 1658 1114 1714 quoque
1149 1642 1474 1715 gloriﬁcent;
1507 1641 1922 1699 commonefeci-

333 1750 442 1790 mus
481 1751 578 1790 vos
617 1734 828 1790 cuinam
870 1733 1038 1789 choro
1072 1749 1470 1803 accenseamur,
1502 1745 1558 1790 et
1580 1749 1700 1790 cum
1730 1734 1920 1805 quibus

333 1842 672 1882 communem
697 1825 978 1882 Dominum
997 1825 1302 1894 laudemus;
1331 1825 1622 1897 adiecimus
1642 1834 1697 1883 et
1717 1825 1784 1883 de
1805 1841 1921 1898 pm-

338 2005 715 2038 ω

970 248 1039 306 ΙΝ
1073 251 1274 308 ILLUD
1313 251 1537 319 ιδΑιᾸς,
1577 251 1716 310 EGO
1748 254 1907 311 DOMI

2017 258 2041 314 5
2081 257 2262 315 DEUS
2301 259 2450 316 ΙτΕο
2491 261 2744 330 LUHEN,
2787 264 2935 320 ΕΠ).

3515 279 3618 336 1ἱῖ

2027 370 2246 426 nitentia
2275 385 2582 436 sermones;
2611 389 2672 429 ac
2701 375 2938 442 demum,
2960 393 3117 449 quam
3139 397 3296 452 grave
3322 385 3392 439 sit
3412 389 3612 446 malum

2027 476 2146 516 cum
2193 479 2350 532 prava
2392 466 2715 521 conscientia
2758 467 2824 522 ad
2869 484 3019 525 sacra
3048 476 3296 543 mysteria
3324 479 3607 547 accedere,

2027 553 2534 621 demonstravimus,
2560 568 2616 613 et
2654 576 2759 637 quo
2803 574 2958 631 pacto
2999 563 3113 619 ﬁeri
3153 581 3403 637 nequeat,
3434 572 3616 643 utqui

2027 657 2206 701 manet
2231 649 2577 715 ineorrectus,
2614 667 2825 721 prauam
2855 657 3042 711 evitet-
3063 658 3188 713 llaec
3215 669 3268 713 et
3294 676 3428 716 uxor
3447 679 3473 716 a
3498 667 3622 718 viro

2026 737 2215 805 disea-t,
2240 750 2292 795 et
2321 741 2458 795 ﬁlius
2479 758 2505 795 a
2529 754 2700 812 patre,
2724 755 2773 799 et
2801 761 2990 801 servus
3018 762 3045 800 a
3071 748 3306 813 domino,
3335 766 3382 806 et
3412 757 3614 809 vicinus

2027 847 2056 885 a
2083 835 2276 901 vicino,
2304 845 2357 889 et
2381 837 2582 891 amicus
2610 838 2678 892 ab
2707 841 2906 905 stuico;
2937 840 3042 895 imo
3071 844 3232 898 etiam
3264 846 3496 902 inimicis
3518 847 3613 902 ista

2029 941 2305 979 narremus
2329 943 2342 979 :
2369 943 2490 980 nam
2510 937 2565 981 et
2587 928 2795 984 illorum
2823 932 3010 986 salutis
3041 933 3192 989 nobis
3217 945 3300 990 est
3328 938 3464 991 ratio
3492 939 3616 992 red-

2027 1016 2220 1071 denda.
2259 1017 2314 1071 Si
2345 1018 2484 1071 enim
2513 1019 2721 1073 illorum
2749 1021 2955 1091 erigere
2973 1023 3214 1092 jumeuta
3243 1041 3360 1096 qua:
3396 1029 3607 1084 cecide-

2028 1109 2165 1173 rint,
2196 1117 2248 1163 et
2277 1124 2399 1178 quae
2424 1110 2787 1166 aberraverint
2810 1127 3131 1169 coservare
3154 1130 3218 1170 ac
3241 1115 3506 1174 reducere
3525 1119 3612 1189 ju-

2025 1198 2216 1254 bemur
2243 1201 2260 1272 (
2284 1199 2452 1255 Exod.
2485 1201 2573 1256 25.
2609 1203 2640 1257 εἰ
2661 1201 2681 1272 )
2700 1241 2714 1267 ,
2749 1203 2917 1258 multo
2941 1206 3110 1275 magis
3134 1218 3403 1263 errantem
3423 1223 3609 1264 eorum

2026 1294 2256 1348 animant
2280 1310 2376 1348 nos
2399 1294 2674 1360 reducere,
2693 1305 2747 1349 et
2765 1297 3053 1366 collapsam
3076 1307 3284 1368 oportet
3303 1299 3528 1370 erigere.
3553 1299 3612 1356 Si

2027 1387 2127 1442 hoc
2152 1396 2305 1457 pacto
2325 1397 2536 1443 nostras
2553 1397 2608 1443 et
2630 1389 2990 1458 proximorum
3010 1406 3094 1445 res
3110 1391 3611 1460 dispensaverimus,

2025 1488 2151 1533 ante
2194 1479 2422 1534 tribunal
2469 1477 2666 1534 Christi
2710 1495 2833 1535 cum
2877 1479 3068 1536 ﬁducia
3107 1489 3249 1537 stare
3296 1482 3630 1552 poterimus,.

2024 1586 2147 1626 cum
2191 1586 2298 1641 quo
2346 1571 2489 1626 Patri
2530 1571 2720 1642 gloria,
2763 1571 2956 1640 honor,
2998 1573 3298 1644 imperium,
3350 1588 3453 1632 una
3489 1587 3636 1628 cum;

2025 1671 2210 1716 sancto
2244 1676 2306 1716 ac
2339 1662 2551 1716 viviﬁco
2587 1663 2806 1732 Spiritu,
2840 1677 2980 1718 nunc
3001 1672 3057 1720 et
3078 1678 3310 1736 semper,
3341 1665 3472 1720 etin
3501 1679 3607 1719 sa:-

2023 1753 2140 1807 cula
2168 1753 2508 1808 saeculorum.
2542 1753 2736 1808 Amen.

615 2004 3537 2036 rm

1416 2349 1525 2409 AD
1559 2347 1969 2411 HOMILIAM
2009 2345 2516 2422 SEQUENTEM.

399 2603 636 2659 Difﬁcile
679 2615 849 2671 porro
903 2606 985 2653 est
1026 2605 1266 2652 statuere
1317 2596 1690 2651 Antiochi-mne
1717 2612 1784 2651 an
1817 2595 2285 2669 Constantinopoli
2336 2597 2479 2654 hanc
2525 2596 2779 2654 habuerit
2827 2596 3106 2656 homiliam
3151 2600 3598 2675 Chrysostomns.

333 2736 639 2810 Auguratur
669 2731 1074 2799 'l'illemontius‘,~
1099 2733 1570 2803 Constantinopoli
1618 2733 1816 2788 dictam
1854 2733 2046 2799 fuisse,
2105 2734 2230 2804 quia
2281 2734 2704 2806 Chrysostomus
2744 2737 2836 2794 hic
2882 2747 3006 2810 post
3043 2739 3211 2797 alium
3239 2743 3597 2799 concionatus

330 2872 562 2938 dicitur;
600 2873 694 2928 sed
728 2882 834 2927 tam
862 2871 965 2926 levi
991 2871 1316 2940 conjecturae
1347 2885 1416 2924 ne
1443 2870 1558 2939 ipse
1591 2871 1808 2940 quidem
1835 2870 2217 2926 Tillemontius
2251 2871 2565 2941 adstipulari
2599 2873 2782 2929 audet.

398 3020 792 3088 interpretatio
814 3017 1004 3072 Latina
1033 3029 1115 3072 est
1147 3018 1441 3071 Frontonis
1477 3017 1674 3071 line-sci.

1001 3436 1124 3518 IN
1173 3429 2027 3516 PROPHETICUM
2078 3428 2542 3513 DICTUM
2602 3428 2989 3522 ILLUD,

317 3619 430 3663 EGO
473 3619 762 3663 υοηιιπυε
805 3617 966 3661 θεοῦ
996 3615 1140 3660 FECI
1183 3613 1399 3658 LUHEN
1432 3613 1513 3655 ET
1552 3609 1902 3665 TENBBRAS,

2017 3609 2193 3652 CIENS
2235 3608 2471 3663 pacm,
2517 3608 2598 3650 Br
2644 3607 2885 3651 caesus
2930 3606 3098 3650 MALA
3147 3587 3326 3669 (Ιεαί.
3360 3589 3458 3649 ιι5.
3503 3592 3592 3672 7).

1740 3736 2160 3792 Μῆῶἑείέεέἒὲ

382 3885 431 3938 l.
471 3883 654 3938 Pauca
679 3890 801 3935 sunt
831 3880 1043 3950 quidem
1067 3877 1229 3945 dicta,
1254 3877 1349 3933 sed
1370 3876 1540 3932 dulcis
1580 3876 1700 3931 fons
1727 3877 1901 3930 mellis

313 3987 412 4040 est,
455 3973 640 4030 mellis
680 3972 822 4042 quod
870 3971 1139 4027 fastidium
1179 3970 1401 4024 minime
1440 3969 1594 4039 parit.
1635 3967 1766 4023 Nam
1801 3968 1905 4022 hoc

313 4068 523 4137 quidem
555 4069 660 4123 mel
688 4067 883 4122 sensile
924 4066 1252 4136 voluptatem
1291 4064 1343 4118 in
1387 4063 1563 4132 lingua
1595 4062 1740 4127 ﬁnit,
1768 4071 1822 4116 et
1849 4062 1902 4116 in

310 4162 710 4228 corruptionem
735 4158 848 4212 abit
881 4157 1024 4211 :mcl
1063 4171 1190 4211 vero
1227 4154 1484 4209 doctrina:
1523 4153 1902 4208 conscientiam

312 4248 471 4304 afﬁcit
510 4251 611 4322 (a).
645 4263 870 4319 eamque
911 4257 1163 4318 perpetua
1217 4246 1396 4300 laetitia
1438 4244 1732 4315 perfundit,
1761 4254 1812 4299 et
1835 4243 1902 4299 ad

312 4342 771 4398 immortalitatem
815 4356 912 4396 nos
947 4341 1180 4396 deducit.
1223 4342 1395 4409 Atque
1435 4338 1559 4392 illud
1599 4337 1811 4408 quidem
1838 4353 1904 4392 cx

311 4432 494 4489 herbis
537 4435 912 4502 componitur,
944 4431 1046 4486 hoc
1084 4440 1262 4486 autem
1292 4446 1357 4485 ex
1385 4429 1580 4484 divinis
1615 4428 1904 4500 Scripturis

311 4525 512 4579 texitur
539 4541 554 4576 :
588 4525 690 4579 hoc
713 4538 808 4578 vos
840 4522 1101 4578 hodierno
1127 4522 1215 4576 die
1248 4520 1536 4591 complevit
1561 4520 1626 4585 is,
1654 4521 1743 4591 qui
1769 4536 1904 4591 prse-

309 4617 453 4670 clare
474 4615 634 4682 dixit,
657 4624 710 4670 et
737 4615 1054 4670 obedientize
1072 4612 1346 4683 prmmium
1374 4612 1683 4682 reportavit,
1709 4627 1772 4668 ac
1800 4613 1902 4667 vim

308 4707 553 4761 caritatis
587 4715 643 4761 et
687 4706 805 4760 ﬁdei
847 4706 1178 4760 nobilitatem
1215 4704 1468 4760 ostendit.
1493 4705 1603 4774 Age
1633 4719 1759 4774 ergo
1806 4718 1904 4758 nos

309 4814 529 4869 quoque
573 4799 735 4852 multa
779 4814 903 4853 cum
939 4798 1216 4853 alacritate
1245 4797 1456 4851 solitam
1485 4812 1723 4852 mensam
1751 4796 1904 4852 vobis

312 4905 530 4944 rursum
579 4906 942 4960 appenninus:
995 4904 1098 4944 non
1139 4889 1282 4945 enim
1331 4889 1672 4944 mediocriter
1706 4889 1904 4960 gaude-

313 4997 456 5047 mus,
481 4983 625 5053 quod
651 5000 770 5038 cum
799 4983 934 5038 adeo
954 4983 1194 5038 celebres
1218 4983 1322 5036 sint
1347 4982 1454 5037 ludi
1481 4981 1783 5046 Circenses,
1813 4981 1902 5035 illa

313 5074 520 5130 ludicra
560 5076 907 5144 occupatione
953 5081 1258 5144 contempta
1299 5073 1404 5128 huc
1449 5081 1593 5126 tanta
1622 5072 1904 5127 multitudo

312 5167 652 5220 conﬁnxerit.
673 5167 931 5234 Quocirca
954 5181 1052 5221 nos
1073 5166 1231 5220 etiam
1259 5165 1422 5219 multa
1444 5178 1563 5218 cum
1589 5163 1904 5218 liberalitate

315 5266 580 5311 craterem
605 5258 886 5312 statuimus
905 5299 920 5323 ,
944 5266 1204 5312 craterem
1231 5256 1321 5327 qui
1342 5255 1653 5311 ebrietatem
1685 5255 1904 5310 minime

378 5436 455 5496 (a)
485 5433 549 5498 ΔΙιι
580 5442 757 5498 Greco,
783 5447 982 5498 ιγιιιιοετιε
1003 5451 1054 5498 τᾳ
1071 5440 1263 5485 contu“.
1289 5429 1570 5498 Ad‘literam
1591 5437 1686 5490 est,
1709 5430 1903 5480 abscon-

319 5493 452 5545 ditur
475 5495 530 5546 in
549 5493 1061 5548 ronscieutidﬁaviliu's
1075 5498 1341 5558 suspicatur
1359 5493 1627 5558 legendum
1647 5505 1778 5550 esse,
1795 5506 1903 5548 ιτιά-

315 5569 435 5613 οιηι.
461 5558 558 5607 Sed
575 5558 687 5606 nihil
702 5568 977 5620 suspectum
996 5559 1043 5606 in
1061 5558 1147 5620 hac
1157 5555 1375 5610 lectione
1393 5555 1744 5620 animadverto.
1763 5560 1902 5602 t-‘ron-

319 5627 368 5667 to
392 5629 598 5668 Imus
634 5619 799 5692 vertit,
822 5619 1149 5692 conscientth
1172 5620 1338 5692 afﬁcit,
1373 5619 1534 5683 magis
1572 5629 1768 5666 sensum
1793 5629 1830 5678 s;
1851 5631 1902 5666 e-

322 5693 473 5737 untis,
501 5695 641 5740 quam
668 5680 1020 5744 etymologiam.

2009 3875 2196 3945 gignit,
2243 3872 2339 3928 sed
2386 3873 2790 3944 temperantiam
2832 3873 2994 3941 parit.
3020 3871 3150 3928 Tale
3188 3888 3417 3944 namque
3448 3874 3594 3930 Scri-

2009 3976 2282 4036 pturarum
2309 3972 2392 4019 est
2409 3964 2612 4029 vinum,
2646 3963 2768 4018 talia
2799 3977 2998 4018 mensae
3025 3973 3147 4018 sunt
3169 3965 3322 4020 istius
3341 3965 3592 4020 obsonia:

2009 4059 2259 4127 pinguem
2288 4064 2342 4110 et
2366 4055 2580 4110 obesam
2609 4068 2826 4109 carnem
2865 4069 2971 4109 non
3001 4054 3248 4110 reddunt.
3288 4056 3354 4110 Et
3378 4056 3493 4112 bmc
3513 4057 3595 4111 di-

2009 4151 2199 4217 cimus,
2225 4165 2328 4205 non
2354 4158 2411 4203 ut
2433 4147 2720 4218 ignominia
2744 4161 2960 4201 carnem
2991 4147 3308 4213 afﬁciamus,
3338 4147 3432 4203 sed
3453 4149 3596 4218 quod

2009 4244 2200 4298 anima:
2243 4223 2574 4297 nobilitatem
2618 4238 2786 4309 pluris
2831 4238 3204 4293 aestimemus:
3256 4253 3431 4308 neque
3466 4253 3597 4294 vero

2011 4349 2163 4390 nsum
2205 4332 2498 4402 rejicimus,
2537 4330 2633 4386 sed
2663 4343 2944 4386 excessum
2982 4328 3340 4400 reprimimus.
3369 4329 3424 4386 Si
3452 4329 3594 4385 enim

2009 4427 2468 4498 philosophemur,
2492 4427 2561 4481 ita
2592 4422 3072 4496 philosophandum
3097 4432 3198 4491 est,
3230 4431 3289 4478 ut
3313 4421 3590 4480 haeretico«

2008 4535 2125 4575 rum
2147 4517 2226 4590 (a)
2257 4517 2450 4588 lingu-is
2477 4531 2664 4572 ansam
2704 4531 2810 4571 non
2851 4514 3058 4570 demus.
3086 4512 3220 4569 Nam
3252 4514 3354 4570 hoc
3381 4514 3618 4586 quidem-

2009 4625 2204 4682 corpus
2253 4611 2429 4666 minus
2469 4619 2552 4665 est
2595 4609 2793 4676 anima,
2837 4608 3162 4663 contrarium
3213 4622 3339 4663 vero
3382 4623 3488 4662 non
3517 4622 3599 4669 est

2009 4703 2202 4757 auimre
2233 4720 2248 4757 :
2281 4699 2373 4756 sed
2397 4699 2622 4770 simplex
2653 4709 2736 4754 est
2755 4698 2972 4769 quidem
3003 4697 3110 4764 illa,
3143 4713 3327 4751 verum
3357 4701 3600 4768 corporis

2009 4794 2392 4863 cupiditatibus
2438 4791 2742 4845 famulatur.
2773 4791 2913 4845 Deus
2941 4788 3082 4843 enim
3110 4786 3299 4842 artifex
3331 4801 3596 4858 prmstnn-

2011 4887 2245 4940 tissimus
2265 4897 2370 4939 non
2392 4898 2458 4937 ex
2479 4897 2579 4936 una
2602 4891 2655 4935 et
2675 4878 2881 4934 duabus
2898 4887 2952 4934 et
2975 4877 3146 4932 tribus
3166 4878 3476 4933 substantiis
3499 4879 3598 4934 hoc

2010 4981 2316 5035 universum
2342 4975 2619 5031 constituit
2640 5016 2656 5040 ,
2686 4972 2780 5028 sed
2809 4971 2983 5052 varias
3003 4985 3065 5025 ac
3088 4969 3365 5026 distinctas
3395 4971 3600 5026 invexit

2010 5085 2247 5137 naturas,
2285 5082 2342 5126 ut
2369 5071 2743 5126 abundantiam
2765 5067 3040 5139 sapientiae
3063 5082 3174 5122 suae
3204 5067 3256 5122 in
3287 5067 3596 5123 diversitate

2011 5182 2189 5222 rerum
2235 5164 2566 5219 ostenderet.
2593 5160 2708 5216 Non
2742 5160 2886 5215 enim
2917 5158 3105 5214 caelum
3132 5157 3371 5214 condidit
3399 5161 3592 5223 solum,

2011 5257 2105 5312 sed
2131 5265 2185 5312 et
2211 5266 2405 5311 terram
2431 5270 2447 5310 :
2471 5268 2576 5308 non
2605 5261 2798 5308 terram.
2830 5251 3023 5317 solum,
3054 5249 3150 5306 sed
3170 5260 3223 5306 et
3247 5251 3413 5306 solem
3440 5266 3457 5304 :
3487 5265 3595 5303 non

2011 5351 2176 5405 solem
2224 5348 2404 5413 modo,
2430 5347 2526 5404 sed
2562 5356 2616 5402 et
2650 5346 2826 5400 lunam
2858 5362 2873 5400 :
2917 5359 3025 5399 non
3063 5345 3243 5403 lunam
3278 5343 3470 5408 solum,
3498 5341 3593 5395 sed

2010 5453 2061 5496 et
2087 5442 2268 5496 stellas
2295 5457 2308 5494 :
2350 5455 2454 5494 non
2476 5437 2659 5494 stellas
2684 5437 2877 5502 solum,
2905 5434 2999 5490 sed
3025 5443 3079 5489 et
3098 5447 3274 5489 aerem
3304 5448 3318 5487 :
3361 5445 3467 5485 non
3500 5445 3595 5482 ae-

2009 5553 2121 5593 rcm
2143 5537 2335 5602 solum,
2363 5534 2457 5591 sed
2477 5540 2532 5589 ct
2551 5531 2746 5587 nubes:
2773 5547 2877 5587 non
2906 5529 3073 5584 nubes
3099 5527 3290 5594 solum,
3311 5522 3408 5580 sed
3433 5525 3594 5582 etiam

2073 5673 2143 5734 (a)
2178 5667 2452 5722 ttaniclmos
2476 5666 2720 5730 intelligit.
