3968 6208
431 297 532 352 N3

426 415 628 472 aethera
656 430 673 469 :
705 426 810 468 non
838 407 1038 465 aethera
1065 403 1262 472 solum,
1293 401 1388 458 sed
1412 402 1571 457 etiam
1609 399 1776 464 lacus,
1806 397 1999 464 fontes,

426 506 638 570 ﬂuvios,
660 510 889 566 montes,
917 496 1104 562 valles,
1127 495 1316 560 colles,
1342 501 1514 563 prata,
1537 491 1744 556 hortos,
1772 489 2002 557 semina,

427 597 660 667 plantas,
694 591 976 647 herbarum
1004 586 1147 642 varia
1167 600 1386 656 genera,
1416 585 1716 653 formasque
1743 579 2004 644 diversas,

426 689 570 741 vires
598 683 857 746 diversas,
886 694 950 734 ac
969 677 1210 732 diversas
1234 682 1452 730 naturas
1471 686 1694 729 cernere
1719 670 1936 742 poterit,
1960 669 2007 723 si

427 775 550 847 quis
590 771 848 828 mundum
890 769 1123 838 undique
1149 765 1433 832 lustrarit;
1473 773 1530 820 et
1549 763 1593 818 si
1625 771 1792 818 totum
1818 759 2006 817 orbem

426 877 694 922 terrarum
737 862 1061 933 cogitatione
1096 859 1442 930 percurrerit,
1485 871 1607 912 cum
1653 854 1909 927 propheta
1953 854 2007 908 in

426 960 523 1014 has
543 972 701 1013 voces
725 964 1005 1025 erumpet:
1032 953 1199 1022 Quam
1223 952 1552 1024 magni/irata
1573 958 1689 1004 sunt
1715 964 1868 1020 opera
1897 957 2006 1014 tua,

425 1049 681 1105 Domine!
712 1047 896 1102 Omnia
937 1048 992 1102 in
1033 1047 1282 1118 sapientia
1329 1044 1488 1117 fecisti
1521 1043 1691 1114 (Psal.
1729 1043 1851 1098 105.
1889 1040 2007 1112 24).

424 1141 607 1212 Itaque
630 1142 676 1196 si
707 1140 974 1196 theatrum
1013 1147 1260 1210 spectare
1286 1137 1438 1208 cupis
1460 1177 1476 1204 ,
1516 1135 1583 1192 ad
1611 1135 1713 1192 hoc
1736 1133 2010 1205 spirituale

425 1232 668 1288 satanieo
694 1231 788 1286 illo
816 1229 1074 1286 derelicto
1101 1229 1266 1284 veni:
1308 1227 1353 1282 si
1396 1227 1564 1298 lyram
1609 1225 1761 1296 cupis
1802 1222 2008 1290 audire,

428 1321 522 1376 illo
551 1329 818 1376 concentu
847 1320 1090 1386 dimisso,
1130 1327 1184 1374 et
1207 1317 1440 1374 excitato
1469 1316 1664 1371 mentis
1690 1324 1794 1370 tua:
1817 1314 2011 1369 robore

427 1411 495 1466 ad
523 1411 662 1466 banc
690 1412 808 1466 veni
834 1451 850 1475 ,
875 1426 996 1481 quae
1022 1411 1258 1464 animutn
1283 1417 1430 1464 tuum
1460 1407 1641 1478 erigit,
1670 1415 2011 1476 mentemque

427 1503 729 1559 conﬁrmat.
756 1501 892 1558 Vide
915 1511 973 1557 ut
997 1501 1112 1557 soni
1137 1501 1354 1568 diversi,
1375 1498 1695 1568 chordasque
1723 1497 2010 1565 distinctae,

428 1609 641 1650 summo
690 1591 868 1665 opiﬁci
916 1593 1028 1648 Deo
1079 1607 1242 1647 unum
1279 1601 1336 1648 et
1372 1589 1745 1646 suavissimum
1779 1587 2013 1658 undique

429 1694 747 1743 concentum
769 1687 1032 1742 emittant.
1061 1685 1174 1742 Ceu
1195 1686 1336 1741 enim
1365 1685 1581 1756 quidam
1609 1697 1773 1740 sonus
1793 1682 2012 1752 spiritus

429 1795 499 1834 ex
515 1778 886 1835 dill'erentibus
915 1778 1059 1834 sonis
1087 1777 1348 1834 conﬂatus
1389 1793 1553 1833 unum
1591 1775 1749 1830 habet
1777 1789 2012 1830 concen-

430 1879 542 1924 tum
569 1869 1027 1942 glorificationem,
1051 1885 1152 1940 qua
1178 1869 1412 1925 celebrat
1437 1868 1777 1924 Conditorem
1801 1883 1816 1922 :
1845 1877 1900 1923 et
1923 1883 2014 1924 so-

431 1971 562 2018 nant
593 1962 809 2034 quidem
847 1963 1137 2034 separatim
1171 1961 1386 2018 cbordce
1412 1963 1634 2034 singulae
1657 2005 1673 2030 ,
1702 1972 1894 2018 sonant
1919 1977 2014 2018 au-

429 2061 540 2110 tem
585 2064 640 2109 et
681 2053 822 2110 inter
851 2068 910 2110 se
939 2054 1258 2124 conjunctae.
1289 2053 1463 2124 Atque
1497 2061 1554 2108 ut
1583 2053 1846 2125 intelligas
1866 2095 1880 2120 ,
1906 2068 2014 2122 quo

429 2153 588 2216 pacto
633 2145 922 2216 separatim
968 2153 1183 2213 sonent,
1230 2145 1349 2200 caeli
1393 2143 1649 2200 chordam
1693 2144 2015 2215 cogitatione

427 2235 659 2307 pulsato,
691 2245 804 2292 tum
829 2236 1029 2308 ingenti
1057 2235 1202 2292 edito
1227 2249 1362 2292 sono
1388 2235 1576 2292 audies
1601 2250 1720 2291 eam
1750 2236 1862 2292 Deo
1891 2236 2014 2290 lau-

428 2327 553 2384 dem
591 2328 806 2384 olferre.
853 2328 1006 2397 Quod
1048 2343 1171 2384 cum
1225 2327 1688 2385 animadvertisset
1730 2329 2012 2400 propheta,

430 2418 566 2474 dixit
592 2437 608 2475 :
635 2419 761 2475 ϐωιὶ
785 2430 1024 2476 enarrant
1041 2421 1258 2492 gloriam
1283 2420 1404 2488 Dei,
1429 2437 1558 2491 Opus
1577 2431 1744 2476 autem
1775 2438 2015 2476 manuum

431 2511 545 2578 ejus
589 2512 858 2566 annuntiat
905 2513 1282 2580 ﬁrmamentum
1325 2511 1495 2585 (Psal.
1539 2513 1625 2569 l8.
1669 2511 1750 2585 2).
1799 2513 1884 2568 Ab
1923 2512 2014 2568 illa

372 2658 380 2671 ,
430 2600 635 2658 chorda
661 2601 730 2658 ad
753 2602 859 2658 diei
901 2604 1179 2674 noctisque
1205 2603 1461 2660 chordam
1489 2604 1754 2660 descende
1771 2647 1786 2671 ,
1823 2615 1932 2660 tum
1959 2615 2016 2663 et

431 2691 535 2747 hos
563 2693 676 2766 lyra
705 2694 890 2763 quavis
915 2704 969 2749 et
991 2695 1196 2750 cithara
1236 2696 1513 2752 suaviores
1537 2697 1705 2752 emitti
1732 2710 1894 2754 sonos
1935 2699 2016 2752 vi-

430 2783 626 2842 debis:
679 2785 977 2854 praesertim
1020 2800 1149 2842 vero
1187 2801 1312 2842 cum
1363 2787 1593 2844 adfuerit
1639 2788 1731 2860 qui
1786 2787 2016 2845 chordas

430 2876 561 2931 istas
602 2876 816 2946 pulsare
861 2878 1088 2934 noverit.
1115 2878 1355 2947 Quonam
1393 2888 1570 2936 autem
1601 2891 1756 2952 pacto
1781 2883 2014 2938 sonant?

431 2966 572 3023 dicet
597 2967 811 3039 aliquis.
850 2968 1050 3026 Ctelum
1078 2985 1185 3026 non
1211 2985 1273 3026 os
1301 2980 1509 3039 movet,
1541 2965 1715 3043 neque
1739 2973 1969 3045 linguam
1992 3014 2011 3043 ,

431 3075 605 3131 neque
633 3061 889 3132 palatum,
912 3077 1084 3133 neque
1111 3062 1318 3131 dentes,
1337 3079 1510 3135 neque
1534 3063 1714 3120 labra:
1745 3066 2014 3137 quomodo

431 3167 560 3224 ergo
586 3167 692 3209 vox
717 3154 929 3210 oritur?
955 3154 1224 3226 quomodo
1249 3163 1426 3211 autem
1455 3154 1570 3212 dies
1607 3155 1841 3228 loquitur
1866 3158 2016 3216 iNe-

433 3260 539 3315 que
581 3245 723 3301 enim
756 3245 870 3302 haec
907 3247 1108 3303 vocalia
1135 3255 1258 3304 sunt
1288 3248 1635 3306 instrumenta
1657 3291 1675 3318 ,
1705 3249 1800 3306 sed
1827 3265 2016 3307 cursus

431 3335 562 3391 solis
584 3345 638 3392 et
661 3336 803 3393 luna
825 3337 938 3393 dies
963 3347 1042 3394 est
1063 3347 1118 3395 et
1145 3354 1273 3409 nox,
1293 3341 1650 3412 temporisque
1679 3357 2013 3413 progressus.

433 3424 512 3482 Ne
541 3427 700 3497 igitur
722 3443 787 3483 ex
825 3429 1174 3485 crassioribus
1207 3431 1400 3502 aliquis
1441 3431 1521 3487 bis
1549 3433 1744 3489 auditis
1771 3449 2014 3492 commo-

440 3527 628 3574 veatur
652 3534 716 3574 ac
743 3521 1084 3591 perturbetur
1104 3562 1120 3587 ,
1147 3521 1269 3578 audi
1304 3539 1412 3594 quo
1448 3534 1604 3595 pacto
1633 3524 1718 3581 bis
1742 3567 1757 3592 ,
1783 3542 1901 3597 quae
1926 3527 2013 3582 di-

433 3619 517 3666 cta
567 3619 712 3678 sunt,
766 3611 964 3668 addere
1014 3611 1214 3684 majora
1258 3615 1530 3672 contendit
1575 3616 1852 3688 propheta.
1881 3618 2012 3674 Cum

433 3701 579 3756 enim
609 3702 771 3758 caelos
816 3702 913 3758 Dei
950 3703 1176 3774 gloriam
1214 3719 1466 3762 enarrare
1502 3706 1762 3775 dixisset,
1790 3716 1845 3764 et
1869 3707 2014 3765 diem

433 3791 539 3846 diei
567 3792 790 3848 verbum
815 3801 1080 3860 eruetare,
1107 3803 1427 3867 noctemque
1455 3798 1597 3854 nocti
1618 3799 1895 3856 scientiam
1927 3802 2014 3857 in-

433 3881 613 3938 dicare
633 3882 796 3953 (Ibid.
826 3901 875 3942 u.
901 3885 981 3957 '5),
1005 3901 1109 3941 non
1138 3887 1225 3942 hic
1247 3887 1502 3957 substitit,
1520 3890 1615 3947 sed
1635 3891 1867 3963 adjecit:
1894 3891 2015 3949 Non

431 3979 550 4028 sunt
578 3972 811 4044 loquela,
847 3991 1004 4047 neque
1041 3993 1317 4047 sermones,
1360 3996 1572 4048 quorum
1606 3999 1707 4038 non
1743 3984 2019 4040 audiantur

433 4081 574 4154 uoces
600 4083 772 4122 eorum
811 4067 973 4138 (Ibid.
1003 4088 1050 4126 υ.
1079 4073 1158 4144 ι).
1184 4072 1386 4128 Horum
1413 4083 1590 4131 autem
1619 4076 1902 4133 verborum
1930 4077 2018 4134 hic

432 4173 624 4215 sensus
652 4169 733 4216 est
767 4179 782 4218 :
813 4160 929 4217 Non
959 4164 1128 4219 solum
1158 4178 1342 4223 vocem
1375 4167 1569 4225 habent
1597 4169 1713 4226 dies
1736 4212 1752 4236 ,
1782 4181 1836 4227 et
1865 4187 1971 4226 nox
1997 4214 2013 4240 ,

433 4259 488 4305 et
513 4251 702 4307 celum
735 4253 774 4319 ‘,
818 4253 912 4308 sed
956 4264 1008 4310 et
1047 4272 1231 4314 vocem
1278 4260 1563 4329 ejusmodi,
1591 4277 1710 4333 qua:
1737 4264 2012 4335 insignior,

434 4339 649 4408 clarior,
695 4351 750 4398 et
792 4345 966 4399 acrior
1005 4347 1076 4400 sit
1118 4347 1366 4404 humana.
1412 4351 1530 4418 Quo
1567 4352 1776 4410 tandem
1824 4357 2016 4425 pacto?

431 4431 569 4487 Audi
592 4432 704 4502 ipsa
733 4434 846 4501 eius
870 4436 1050 4492 verba.
1084 4437 1204 4494 Non
1241 4452 1356 4494 sunt
1377 4443 1610 4511 loquelae,
1641 4462 1799 4516 neque
1823 4464 2016 4502 sermo-

434 4538 544 4589 nes,
561 4539 774 4592 quorum
823 4542 925 4580 non
968 4529 1242 4585 audiantur
1285 4548 1426 4588 voces
1461 4551 1653 4590 eorum.
1681 4537 1816 4606 Quid
1858 4541 2014 4610 igitur

433 4612 536 4669 hoc
561 4624 644 4671 est
667 4616 690 4669 ?
713 4616 1023 4674 Eueomium
1053 4622 1223 4688 vocis,
1255 4623 1369 4679 laus
1397 4627 1513 4680 soni
1547 4627 1845 4698 hujus.Vox
1871 4633 2013 4688 enim

433 4722 552 4762 mea
593 4718 716 4764 nota
745 4718 827 4765 est
854 4711 960 4778 illi,
989 4713 1076 4784 qui
1103 4714 1288 4770 eadem
1318 4731 1525 4772 mecum
1556 4719 1730 4790 lingua
1761 4723 2012 4792 loquitur,

431 4796 480 4851 ei
511 4811 640 4854 vero
665 4801 753 4871 qui
779 4801 1010 4870 diversa,
1039 4819 1145 4858 non
1169 4805 1318 4862 item.
1342 4806 1578 4878 Exempli
1601 4813 1841 4877 causa,si
1869 4813 2014 4870 Cra:-

431 4903 493 4944 ca
522 4889 698 4960 lingua
727 4894 936 4964 loquar,
970 4905 1026 4951 et
1049 4913 1233 4953 vocem
1267 4898 1406 4956 hanc
1433 4903 1640 4958 noverit
1663 4905 1858 4977 aliquis
1877 4947 1892 4972 ,
1923 4907 2016 4965 ille

433 4996 524 5038 me
547 4983 726 5040 audiet
759 5005 773 5041 :
812 4987 1006 5060 Scytha
1038 5005 1166 5046 vero
1189 5034 1204 5059 ,
1237 4991 1436 5060 Thrax,
1467 4995 1714 5066 Maurus,
1741 5009 1833 5055 aut
1855 5000 2015 5058 ludus

433 5087 541 5129 non
572 5074 696 5130 item
731 5093 744 5130 :
775 5077 972 5148 quippe
1000 5082 1141 5152 quod
1177 5083 1368 5155 lingua:
1407 5085 1692 5146 discrimen
1735 5092 2010 5164 impediat,

432 5179 502 5221 ne
532 5164 605 5221 illi
631 5179 809 5222 sermo
837 5184 989 5224 meus
1017 5172 1331 5232 innotescat.
1857 5191 1871 5214 θ

501 5257 559 5315 2.
589 5257 812 5329 Loquela
835 5272 1178 5320 creaturarum
1209 5267 1371 5324 Deum
1396 5271 1714 5328 laudantium
1737 5277 1917 5345 qualis.
1947 5308 2019 5320 —

433 5352 640 5412 Rursus
663 5368 784 5428 ego,
812 5356 857 5412 si
883 5355 1130 5429 loquatur
1152 5361 1348 5434 Scytha
1375 5365 1457 5422 vel
1482 5366 1678 5434 Thrax,
1703 5370 1887 5428 audire
1909 5388 2015 5428 non

500 5508 532 5582 ξ.
551 5507 627 5559 sic
657 5521 722 5582 ex
745 5511 1024 5582 conjectura
1047 5515 1261 5582 restituit
1291 5523 1465 5582 Fronto
1501 5527 1718 5581 Ducaeus,
1747 5529 1800 5574 et
1819 5527 2014 5582 quidem

433 5571 636 5642 optime.
662 5571 802 5642 Apud
823 5571 1046 5642 savilium
1069 5574 1268 5642 legitur,
1291 5577 1425 5642 dies,
1450 5587 1496 5631 et
1518 5571 1633 5641 naut,

436 5641 619 5713 verum
843 5635 1002 5713 illein
1026 5634 1265 5713 margine
1290 5634 1556 5713 legendum
1601 5634 1732 5711 esse,
1747 5634 2016 5713 ret'célum',

438 5695 491 5742 et
518 5700 656 5745 recte
678 5695 876 5760 quidem
901 5713 914 5750 :
939 5712 1050 5752 nam
1073 5695 1592 5769 siEsensus'postulat.

1099 285 1158 340 S.
1195 281 1475 342 JOANNIS
1509 279 1853 338 CHRYSOS‘!
1867 274 1988 336 0M1
2023 272 2340 333 ARCIIIEP.
2378 274 2912 335 CONSTANTINOP.
3563 289 3658 346 ut

2117 402 2322 466 potero,
2345 410 2518 466 neque
2546 395 2680 450 alter
2707 395 2938 466 linguam
2966 395 3180 451 alterius
3210 414 3222 450 :
3252 397 3302 452 in
3325 399 3449 455 cado
3474 411 3656 469 autem,

2113 488 2165 542 in
2197 497 2352 544 nocte
2375 502 2438 542 ac
2465 486 2553 542 die
2578 487 2753 542 locum
2777 487 2828 541 id
2852 501 2956 542 non
2980 486 3158 551 habet,
3185 488 3276 544 sed
3298 491 3541 560 ejusmodi
3567 511 3656 550 vox

2113 579 2326 633 illorum
2354 588 2454 642 est,
2487 587 2543 632 ut
2571 577 2638 633 ab
2665 579 2809 632 omni
2843 578 3036 647 lingua,
3069 580 3141 633 ab
3163 581 3302 634 omni
3332 581 3525 652 loquela
3551 601 3660 654 pns-

2112 672 2180 726 sit
2204 671 2392 739 audiri,
2424 673 2578 742 eique
2605 672 2744 728 clara
2772 672 2840 727 sit
2863 681 2918 727 et
2943 673 3237 743 perspicua.
3263 673 3532 743 Propterea
3552 693 3658 732 cum

2112 763 2274 818 caelos
2302 763 2392 819 Dei
2421 763 2642 834 gloriam
2669 779 2922 819 enarrare
2945 764 3181 825 dixisset.
3210 775 3261 820 et
3286 766 3420 822 diem
3439 766 3535 822 diei
3555 785 3662 823 vero

2113 855 2540 922 bum'eructare,
2574 855 2768 926 adjecit
2795 875 2810 912 :
2838 855 2958 910 Non
2987 864 3102 910 sunt
3126 857 3365 927 loquelae,
3391 874 3538 928 neque
3563 875 3659 913 srr-

2113 966 2305 1016 mones,
2329 965 2541 1021 quorum
2568 966 2668 1004 non
2697 951 2969 1003 audiantur
2993 965 3134 1003 voces
3162 964 3348 1003 eorum.
3373 949 3496 1017 Quae
3519 951 3662 1007 verba

2115 1044 2272 1098 talem
2302 1043 2617 1098 sententiam
2653 1043 2849 1098 habent
2878 1060 2890 1096 :
2921 1041 3104 1097 Talem
3149 1040 3342 1097 habent
3382 1041 3626 1112 loquelam
3647 1084 3662 1110 ,

2115 1135 2380 1204 talemque
2406 1147 2591 1188 vocem
2619 1133 2816 1189 habent
2841 1133 2976 1200 dies,
3007 1147 3131 1196 nox,
3157 1140 3209 1186 et
3238 1132 3438 1197 cadum,
3468 1148 3665 1188 omnes-

2113 1242 2218 1296 que
2245 1237 2502 1283 creaturaa
2523 1269 2537 1291 ,
2568 1237 2626 1282 ut
2665 1227 2734 1282 ab
2773 1227 3016 1281 omnibus
3051 1225 3278 1295 loquelis
3299 1265 3314 1290 ,
3349 1224 3445 1280 hoc
3470 1233 3580 1291 est,
3608 1225 3668 1280 ab

2115 1317 2361 1374 omnibus
2390 1317 2601 1388 linguis,
2631 1317 2698 1372 ab
2725 1317 2968 1372 omnibus
2992 1317 3237 1386 gentibus
3265 1330 3362 1370 vox
3389 1329 3564 1370 eorum
3581 1330 3667 1369 au-

2113 1411 2306 1466 diatur.
2335 1411 2450 1466 Non
2481 1410 2624 1466 enim
2645 1421 2724 1466 est
2756 1410 2981 1480 loquela,
3008 1411 3197 1479 inquit,
3227 1409 3330 1464 hoc
3357 1418 3456 1474 est,
3478 1424 3576 1463 non
3596 1418 3668 1464 est

2115 1516 2266 1572 gens,
2298 1517 2404 1556 non
2431 1510 2513 1558 est
2537 1517 2661 1569 vox,
2690 1501 2777 1556 ubi
2808 1517 2909 1556 vox
2937 1501 3052 1556 ca-li
3083 1516 3186 1555 non
3216 1500 3490 1555 audiatur:
3517 1500 3600 1554 sed
3623 1509 3670 1556 et

2115 1593 2334 1666 Scytha,
2359 1603 2414 1650 et
2434 1595 2634 1662 Thrax,
2661 1605 2715 1650 et
2738 1594 2968 1661 Maurus,
2995 1604 3048 1649 et
3076 1594 3256 1661 Indus,
3284 1603 3336 1649 et
3362 1595 3668 1658 Sauromata,

2116 1695 2170 1740 et
2195 1685 2403 1756 loquela
2431 1686 2624 1750 omnis,
2647 1695 2699 1741 et
2730 1685 2907 1756 lingua
2935 1685 3108 1740 omnis
3135 1695 3188 1741 et
3211 1700 3343 1756 gens
3368 1685 3530 1739 omnis
3549 1684 3671 1739 hanc

2117 1791 2302 1833 vocem
2333 1777 2526 1848 poterit
2554 1777 2826 1832 exaudire.
2857 1777 2974 1844 Quo
3001 1776 3212 1832 tandem
3243 1776 3433 1846 pacto?
3454 1776 3671 1845 llocjnm

2117 1867 2260 1934 audi,
2292 1876 2350 1922 ut
2379 1867 2640 1938 intelligas
2670 1882 2770 1938 qua
2800 1869 3004 1924 ratione
3026 1868 3214 1922 Caelum
3247 1867 3466 1923 tacendo
3495 1867 3674 1936 loqua-

2117 1969 2221 2014 tur.
2250 1959 2380 2016 Cum
2406 1960 2547 2016 enim
2572 1960 2768 2016 videris
2792 1961 2908 2028 ejus
2937 1959 3407 2031 pulchritudinem,
3438 1960 3675 2029 magnitu-

2117 2050 2333 2134 dinem‘,
2367 2052 2525 2106 situm
2553 2093 2564 2116 ,
2597 2051 3000 2123 perpetuitatem
3023 2091 3038 2114 ,
3075 2053 3449 2122 Splendorem,
3487 2060 3537 2105 et
3575 2050 3676 2107 ha'c

2117 2147 2292 2202 omnia
2336 2147 2591 2217 colligens
2631 2146 2771 2216 apud
2813 2156 2862 2201 te
2900 2145 3246 2202 Conditorem
3288 2144 3674 2217 glorificaveris,

2118 2237 2422 2293 Creatorem
2454 2237 2705 2304 laudaris,
2736 2245 2848 2292 tum
2873 2252 3055 2292 vocem
3083 2237 3266 2292 emisit
3294 2238 3496 2304 caelum,
3521 2247 3570 2292 et
3595 2251 3678 2306 per

2118 2329 2348 2399 linguam
2393 2328 2504 2384 Dco
2541 2329 2766 2399 gloriam
2805 2327 3118 2398 laudemque
3157 2329 3369 2384 detulit.
3401 2330 3563 2398 Atque
3589 2327 3678 2382 hoc

2119 2417 2246 2474 illud
2285 2427 2367 2474 est
2398 2419 2538 2490 quod
2566 2419 2739 2486 dixit,
2769 2419 2892 2475 Caeli
2922 2429 3158 2474 enarrant
3191 2420 3411 2491 gloriam
3439 2420 3546 2474 Dei.
3575 2421 3682 2486 Quo

2117 2511 2332 2567 tandem
2357 2511 2554 2567 modo?
2577 2512 2712 2566 Dum
2737 2511 2818 2568 sui
2846 2512 3144 2584 splendoris
3171 2513 3552 2582 pulchritudine
3573 2527 3681 2583 spe.

2117 2611 2373 2659 ctatorem
2403 2603 2454 2658 in
2482 2602 2888 2659 admirationem
2919 2604 3195 2659 traducunt
3218 2603 3536 2660 Conditoris.
3563 2602 3680 2658 Cum
3763 2629 3772 2635 ν

2116 2693 2260 2748 enim
2281 2701 2567 2764 conspecto
2589 2702 2734 2748 tanto
2753 2709 2916 2765 opere
2935 2693 3132 2749 dixeris
3156 2712 3169 2748 :
3194 2694 3378 2750 Gloria
3402 2695 3509 2759 tibi,
3536 2695 3678 2758 Deus,

2115 2786 2274 2858 quale
2297 2801 2490 2858 corpus
2514 2784 2817 2854 condidisti,
2843 2795 2899 2842 et
2925 2786 2975 2842 in
3004 2787 3179 2842 medio
3202 2787 3554 2843 constituisti!
3579 2786 3682 2841 οωιὶ

2116 2878 2340 2950 gloriam
2379 2878 2533 2933 istam
2572 2877 2911 2944 detulerunt,
2940 2885 2994 2932 et
3033 2887 3117 2931 tua
3161 2877 3342 2947 lingua
3373 2885 3574 2934 utentes
3601 2891 3685 2946 per

2115 2978 2388 3040 aspectum
2417 2969 2824 3027 admirationem
2846 2969 3222 3027 exbibuerunt.
3255 2970 3332 3027 Ita
3357 2972 3565 3028 silentes
3582 2971 3684 3042 glo-

2115 3062 2249 3118 riam
2277 3073 2331 3118 et
2366 3061 2623 3119 honorem
2669 3063 2778 3118 Deo
2816 3061 3094 3131 deferunt,
3122 3071 3177 3119 et
3220 3063 3362 3120 hanc
3392 3077 3570 3118 vocem
3595 3077 3683 3116 au-

2114 3155 2268 3211 diunt
2294 3169 2502 3210 omnes.
2531 3153 2755 3222 Quando
2791 3155 2936 3210 enim
2972 3153 3089 3210 haec
3130 3156 3336 3226 percipi
3376 3154 3548 3210 auditu
3588 3167 3682 3208 non

2117 3255 2358 3317 possunt,
2386 3245 2478 3302 sed
2500 3255 2716 3317 aspectu
2738 3255 2792 3301 et
2814 3247 3288 3317 contemplatione,
3315 3259 3552 3318 aspectus
3575 3260 3686 3318 por-

2114 3356 2178 3396 ro
2207 3357 2342 3396 unus
2374 3349 2457 3396 est
2481 3341 2756 3405 onmibus,
2787 3341 2996 3396 tametsi
3027 3340 3202 3412 lingua
3234 3341 3306 3398 sit
3335 3340 3578 3397 dilferens
3597 3381 3610 3403 ,
3637 3346 3687 3394 et

2116 3431 2411 3498 barbarus,
2441 3431 2686 3504 Scythzn,
2727 3431 2960 3487 Thraces
2982 3474 2999 3500 ,
3029 3431 3236 3499 Mauri,
3272 3442 3328 3488 et
3369 3431 3478 3487 Indi
3517 3442 3686 3485 vocem

2115 3523 2274 3579 istam
2296 3522 2533 3589 audiunt,
2557 3524 2659 3578 hoc
2683 3532 2784 3588 est,
2810 3522 3121 3578 miraculum
3139 3533 3448 3584 cernentes.
3477 3520 3688 3593 pulchri-

2117 3616 2356 3672 tudinem
2381 3617 2839 3687 obstupescentes,
2869 3616 3228 3688 splendorem,
3264 3616 3682 3689 magnitudinem,

2116 3707 2218 3763 alia
2245 3708 2422 3764 omnia
2443 3751 2458 3775 ,
2487 3724 2606 3780 qua:
2645 3708 2712 3764 ad
2749 3709 2936 3765 cmlum
2978 3709 3246 3779 pertinent
3272 3753 3288 3779 ,
3317 3713 3406 3781 qui
3444 3718 3582 3765 recta
3607 3721 3685 3760 sa-

2117 3802 2289 3872 piunt,
2319 3799 2542 3869 gloriam
2569 3811 2622 3856 et
2653 3800 2861 3856 laudem
2889 3800 3114 3856 offerunt
3142 3801 3276 3857 Deo.
3308 3802 3534 3873 ldipsum
3560 3798 3688 3856 etde

2117 3893 2204 3949 die
2233 3901 2392 3963 atque
2422 3901 2574 3949 nocte
2599 3892 2702 3948 dici
2736 3903 2925 3964 potest.
2955 3893 3024 3949 Ut
3051 3894 3192 3948 enim
3225 3893 3330 3950 hoc
3361 3892 3688 3967 pulchritudi-

2121 4002 2208 4052 ne,
2239 3986 2364 4051 situ,
2397 3984 2779 4056 magnitudine,
2811 3983 3113 4056 splendore,
3147 3987 3407 4057 temporis
3437 3983 3689 4057 perpetui-

2120 4085 2228 4132 tate
2247 4119 2262 4145 ,
2292 4091 2420 4140 usu,
2448 4076 2762 4133 efficacitate
2782 4119 2798 4144 ,
2830 4078 3037 4133 caeteris
3065 4078 3314 4134 omnibus
3351 4088 3690 4149 spectatorem

2119 4169 2186 4222 ad
2212 4169 2617 4224 admirationem
2646 4168 2926 4224 traducens
2954 4167 3120 4224 efficit
3141 4210 3157 4236 ,
3187 4179 3243 4224 ut
3271 4171 3495 4242 gloriam
3519 4179 3568 4224 et
3597 4168 3690 4222 ho-

2121 4275 2304 4314 norem
2347 4259 2621 4316 Conditori
2661 4260 2962 4315 deferamus
2995 4279 3009 4315 :
3043 4263 3110 4315 ita
3158 4278 3263 4316 nox
3303 4272 3357 4317 et
3397 4264 3529 4321 dies.
3570 4263 3690 4317 Cum

2119 4353 2261 4407 enim
2303 4362 2505 4408 rectum
2545 4351 2734 4408 horum
2782 4362 3080 4423 temporum
3117 4354 3362 4412 ordinem
3395 4356 3613 4418 videris,
3644 4363 3693 4409 et

2120 4460 2226 4514 quo
2255 4454 2406 4514 pacto
2433 4459 2597 4513 penso
2622 4459 2720 4500 suo
2747 4445 2994 4501 absoluto
3021 4446 3135 4502 dies
3161 4457 3374 4504 noctem
3397 4465 3427 4504 e
3452 4449 3562 4504 suis
3582 4463 3694 4518 pro-

2119 4535 2318 4606 pellere
2345 4535 2594 4590 limitibus
2623 4551 2726 4591 non
2755 4537 3048 4603 contendit,
3080 4554 3177 4596 nec
3202 4541 3364 4596 ullam
3391 4558 3498 4612 pra:
3522 4556 3577 4595 se
3601 4541 3696 4594 fert

2120 4641 2208 4681 res
2235 4626 2435 4681 alienas
2473 4627 2758 4697 usurpandi
2792 4629 3134 4700 cupiditatem
3164 4649 3178 4687 :
3211 4647 3388 4704 neque
3426 4643 3694 4704 propterea

2119 4716 2261 4788 quod
2310 4719 2419 4788 ipsa
2464 4719 2787 4788 splendidior
2822 4731 2935 4787 est,
2979 4731 3146 4779 totum
3190 4739 3459 4795 occupare
3499 4736 3696 4794 tempus

2119 4819 2362 4876 conatur,
2386 4810 2479 4865 sed
2505 4811 2705 4868 recedit
2727 4829 2739 4866 :
2761 4813 3058 4885 eodemque
3085 4816 3244 4871 modo
3265 4833 3454 4892 rursus
3479 4834 3579 4872 nox
3606 4830 3696 4870 suo

2119 4898 2362 4957 confecto
2384 4916 2541 4956 cursu
2562 4901 2666 4957 diei
2689 4904 2830 4958 cedit
2854 4923 2868 4959 :
2891 4914 2946 4961 et
2970 4905 3070 4962 hoc
3092 4922 3188 4978 per
3212 4915 3287 4962 tot
3312 4923 3485 4964 annos
3511 4908 3696 4962 factum

2119 5002 2222 5060 est,
2251 5009 2351 5050 nec
2376 4987 2479 5049 ulla
2509 4994 2748 5052 confusio
2776 4997 2860 5052 vel
2893 4999 3216 5068 perturbatio
3250 5000 3361 5056 visa
3391 5011 3495 5068 est,
3526 5007 3581 5055 et
3609 5012 3700 5054 nec

2122 5084 2219 5140 ista
2249 5085 2391 5140 illaut
2418 5084 2613 5156 ejecit,
2647 5102 2818 5158 neque
2859 5089 2946 5144 illa
2987 5089 3125 5144 hanc
3165 5090 3464 5157 fraudavit;
3500 5100 3657 5146 tamet
3673 5088 3700 5142 -i

2121 5177 2450 5248 splendidior
2478 5195 2578 5234 una
2599 5219 2614 5241 ,
2651 5188 2706 5234 et
2742 5179 3020 5235 obscurior
3043 5193 3124 5237 est
3157 5182 3322 5237 altera
3355 5201 3370 5236 :
3403 5197 3586 5238 rursus
3617 5195 3700 5235 rr-

2121 5280 2265 5324 ctum
2293 5269 2532 5325 ordinem
2565 5270 2787 5325 miratus
2825 5287 2931 5327 non
2975 5272 3084 5328 Deo
3109 5273 3332 5344 gloriam
3365 5284 3421 5329 et
3452 5275 3700 5329 honorem

2121 5361 2351 5418 oll'eres?
2373 5361 2439 5416 Et
2460 5361 2903 5431 quemadmodum
2929 5380 3142 5422 sorores
3161 5365 3276 5420 duze
3299 5365 3562 5422 benevole
3584 5377 3700 5434 etga

2121 5467 2181 5506 se
2206 5450 2430 5506 invicem
2459 5450 2691 5517 affectae,
2721 5459 2994 5522 paternam
3037 5455 3384 5511 hereditatem
3415 5456 3467 5510 in
3501 5457 3627 5510 libra
3654 5463 3704 5507 et

2123 5541 2330 5598 bilance
2361 5541 2694 5612 partiuntur,
2722 5551 2776 5598 et
2805 5560 2872 5600 ne
2910 5546 3124 5602 minima
3152 5546 3368 5619 quidem
3404 5563 3464 5603 re
3491 5548 3593 5603 ulla
3624 5544 3700 5598 al-

2126 5647 2235 5689 tera
2262 5632 2486 5689 alteram
2518 5631 2722 5688 fraudat
2747 5653 2760 5688 ς
2787 5635 2865 5691 sic
2891 5636 3138 5694 nimirum
3165 5649 3218 5695 et
3244 5653 3349 5694 nox
3375 5649 3431 5696 et
3458 5640 3574 5695 dies
3599 5647 3706 5693 toto

2128 5735 2364 5797 tempore
2393 5724 2531 5780 inter
2553 5737 2611 5782 se
2638 5723 2828 5793 diviso,
2854 5726 2982 5785 dum
3009 5743 3075 5786 ue
3102 5729 3316 5786 minima
3348 5731 3565 5801 quidem
3595 5727 3706 5799 ejus
