4092 6218
295 307 390 366 ιιδ

287 426 378 480 καὶ
407 421 790 496 παραδείσους,
811 420 908 475 καὶ
943 419 1256 492 σπέρματα,
1298 417 1393 471 καὶ
1426 414 1590 485 φυτά,
1627 407 1864 496 βοτανῶν

230 507 238 512 ’
286 509 399 580 σίδη
437 494 677 570 ποικίλα,
722 506 818 558 καὶ
859 504 1090 575 διάφορα
1129 504 1399 573 σχήματα,
1438 499 1534 553 καὶ
1569 494 1858 580 διαφόρως

284 577 587 662 ἐνεργείας,
617 589 712 643 καὶ
737 588 1024 659 διαφόρους
1050 585 1258 656 φύσεις,
1288 583 1324 638 ἀ
1364 579 1638 651 πανταχοῦ
1667 577 1745 648 τῷ
1765 577 1858 662 κό-

287 661 408 745 σμῳ
431 671 659 745 περιιὼν
700 685 726 713 ι
767 671 864 724 ίδοι
887 687 972 734 τις
1000 671 1095 725 ἄν·
1123 671 1216 723 καὶ
1237 669 1296 721 τὸ
1324 668 1480 738 σῶμα
1497 666 1598 734 τῆς
1616 661 1861 732 οἰκουμέ-

284 774 378 828 νης
405 756 708 828 ἐπιτρέχων
733 753 810 824 τῷ
836 752 1100 823 λογισμῷ,
1135 754 1249 823 ἐρεῖ
1273 749 1410 822 μετά
1437 748 1527 802 τοῦ
1553 750 1855 817 Προφήτου·

291 842 387 908 Ὠς
438 840 808 910 ἐμεγαλύνθη
854 836 927 890 τὰ
957 835 1102 905 ἔργα
1137 851 1273 897 σου,
1312 834 1504 900 Κύριε.
1554 830 1754 885 Πάντα
1788 830 1858 883 ὲν

279 925 470 993 σοφίᾳ
519 923 829 990 ἐποίησας.
878 921 1044 972 Ὥστε
1105 920 1153 971 εί
1209 915 1387 987 βούλει
1430 915 1652 986 θέατρον
1705 915 1851 977 ἰδεῖν,

278 1006 595 1064 καταλιπὼν
622 1008 797 1059 ἐκεῖνο
836 1003 897 1057 τδ
943 1000 1254 1062 σατανικδν,
1306 999 1428 1053 ἐλθὲ
1474 997 1568 1050 ἐπ)⁵
1597 995 1755 1049 τοῦτο
1793 995 1853 1049 τὸ

276 1089 666 1162 πνευματικόν·
695 1086 845 1159 [146}
890 1089 940 1140 εἰ
987 1084 1165 1154 βούλει
1198 1081 1364 1152 λύρας
1404 1081 1653 1143 ἀκοῦσαι,
1695 1079 1854 1148 ἀφεὶς

275 1173 497 1244 ἐκείνην
532 1172 629 1243 τὴν
671 1170 955 1241 μελῳδίαν,
998 1168 1095 1222 καὶ
1139 1165 1202 1220 τὸ
1243 1166 1455 1220 εὐτονον
1493 1165 1590 1236 τῆς
1617 1162 1853 1225 διανοίας

278 1257 581 1318 συντείνας,
610 1253 732 1307 ἐλθὲ
761 1254 854 1306 ἐπί
885 1251 1094 1324 ταύτην
1134 1251 1234 1320 τὴν
1271 1248 1638 1319 διεγείρουσάν
1673 1263 1765 1298 σου
1794 1246 1854 1299 τὸ

275 1340 555 1412 φρόνημα.
579 1335 876 1408 νευροῦσάν
907 1352 1002 1388 σου
1031 1335 1129 1406 τὴν
1149 1333 1554 1404 διάνοιαν.⁸’ορα
1583 1331 1854 1400 φθόγγους

272 1421 568 1494 διαφόρους
592 1419 686 1474 καὶ
707 1418 906 1491 νευρὰς
926 1417 1351 1488 ἐνηλλαγμένας,
1379 1415 1505 1486 μίαν
1531 1414 1624 1468 καὶ
1646 1429 1853 1484 παναρ-

276 1507 466 1577 μόνιον
503 1505 581 1575 τῷ
623 1503 980 1577 ἀριστοτέχνῃ
1012 1501 1133 1573 Θεῷ
1175 1498 1509 1569 πανταχόθεν
1540 1498 1568 1537 δ
1602 1497 1850 1567 ἀναπεμ-

273 1588 483 1650 πούσας
506 1586 816 1659 [μελῳδίαν.
833 1584 1000 1657 Ὠσεὶ]
1026 1583 1135 1655 γάρ
1163 1601 1245 1647 τις
1275 1580 1531 1654 [φθόγγος
1555 1579 1646 1634 τοῦ
1681 1577 1848 1631 πνεύ-

276 1671 474 1743 ματος]
502 1674 565 1724 ἐκ
600 1670 874 1741 διαφόρων
913 1669 1166 1738 φθόγγων
1197 1665 1548 1736 συγκείμενος
1582 1663 1706 1734 μίαν
1734 1661 1848 1732 ἔχει

275 1755 568 1827 μελῳδίαν,
613 1754 712 1824 τὴν
750 1755 830 1817 είς
872 1753 964 1806 τὸν
1008 1751 1309 1821 ποιήσαντα
1359 1747 1698 1815 δοξολογίανο
1753 1746 1847 1799 καὶ
1886 1765 1892 1773 ι

269 1839 470 1908 ⁴ἡχοῦσι
500 1838 598 1908 μέν
619 1836 740 1890 καθ’
767 1835 966 1898 ἐαυτάς
994 1835 1052 1889 αἰ
1089 1833 1296 1904 νευραί,
1318 1831 1510 1901 ἠχοῦσι
1531 1831 1588 1884 δέ
1609 1830 1702 1883 καὶ
1729 1829 1846 1897 μετ’

271 1921 543 1993 ἀλλήλων.
583 1920 697 1973 Καὶ
738 1919 825 1972 ἵνα
865 1919 1041 1989 μάθῃς
1092 1916 1208 1980 πῶς
1245 1915 1366 1969 καθ’
1413 1914 1605 1977 ἐαυτάς
1635 1912 1846 1983 ἠχοῦσι,

270 2003 510 2076 κροῦσον
539 2001 617 2072 τῷ
651 1999 895 2072 λογισμῷ
939 2000 1038 2071 τὴν
1077 1998 1274 2070 νευρὰν
1322 1997 1416 2050 τοῦ
1452 1995 1703 2068 οὐρανοῦ,
1755 1995 1849 2048 καὶ

273 2086 492 2157 ἀκούσῃ
525 2085 734 2156 μεγάλα
755 2083 1015 2154 ῆχούσης,
1043 2083 1136 2136 καὶ
1161 2080 1240 2152 τῷ
1266 2080 1385 2151 Θεῷ
1420 2080 1576 2146 δόξαν
1606 2080 1850 2150 ἀναπεμ-

275 2169 514 2241 πούσης.
548 2169 726 2240 Ὅπερ
754 2164 846 2221 οὖν
879 2167 970 2221 καὶ
1004 2169 1030 2219 6
1052 2165 1339 2238 Προφήτης
1369 2164 1614 2228 συνιδὼν,
1645 2163 1843 2233 ἔλεγεψ

275 2255 350 2306 οι
389 2252 630 2320 οὐρανοί
671 2249 1009 2320 διηγοῦνται
1044 2249 1232 2313 δόξαν
1273 2247 1441 2311 Θεοῦ,
1493 2247 1744 2315 ποίησιν
1779 2246 1849 2300 δὲ

265 2332 486 2405 χειρῶν
515 2335 702 2388 αὑτοῦ
730 2331 1082 2402 ἀναγγέλλει
1111 2331 1175 2386 τὸ
1214 2330 1532 2398 στερέωμα.
1570 2329 1702 2382 Ἀπὸ
1747 2327 1847 2399 τῆς

264 2419 468 2489 νευρᾶς
497 2416 712 2486 ἐκείνης
743 2415 1007 2485 μετάϐηθι
1040 2415 1132 2467 ἐπὶ
1163 2413 1262 2485 τὴν
1293 2412 1489 2483 νευράν
1515 2411 1612 2483 τῆς
1632 2411 1845 2482 ἡμέρας

165 2501 170 2505 ’
267 2501 364 2554 καλ⁵
395 2501 490 2570 τῆς
521 2497 737 2560 νυκτὸς,
775 2498 869 2551 καὶ
894 2496 1014 2565 ὄψει
1043 2497 1135 2550 καὶ
1163 2497 1384 2558 τούτους
1413 2496 1539 2559 τοὺς
1568 2495 1843 2563 φθόγγους

267 2583 434 2654 λύρας
464 2581 682 2652 ἀπάσης
714 2581 808 2634 κα)⁸
846 2579 1074 2650 κιθάρας
1111 2579 1242 2650 ἡδίω
1275 2579 1710 2650 φθεγγομένουςο
1750 2579 1843 2632 καὶ

275 2667 521 2735 μάλιστα,
551 2665 677 2718 ὅταν
771 2681 853 2728 τις
885 2666 914 2717 6
955 2664 1054 2727 τάς
1101 2662 1300 2733 νευράς
1344 2662 1546 2724 ταύτας
1578 2660 1844 2732 ἀνακρού-

277 2748 466 2801 σασθαι
494 2746 872 2817 ἐπιστάμενος.
907 2746 1018 2800 Καὶ
1059 2746 1177 2809 πῶς
1204 2744 1432 2816 ῆχοῦσις
1478 2745 1628 2814 φησί.
1664 2745 1844 2814 Στόμα

281 2832 499 2900 οὐρανὸς
526 2831 583 2882 οὐ
610 2832 770 2892 κινεῖ,
815 2827 940 2883 οὐτε
969 2828 1234 2897 γλῶτταν,
1270 2827 1391 2881 οὐδὲ
1417 2825 1693 2898 ὑπερῴαν,
1724 2827 1844 2880 οὐδὲ

285 2914 519 2976 ὀδόντας,
551 2913 667 2966 οὐδὲ
691 2914 840 2984 χείλη
861 2929 876 2944 ’
915 2913 1034 2976 πῶς
1065 2909 1157 2966 οὖν
1186 2914 1219 2982 ἡ
1253 2912 1401 2982 φωνὴ
1432 2913 1672 2984 πρόεισι;
1725 2909 1844 2974 πῶς

284 2995 342 3048 δὲ
365 2997 396 3066 ἡ
424 2995 597 3067 ἡμέρα
625 2995 954 3066 φθέγγεται;
1005 2996 1140 3050 Οὐδὲ
1165 2997 1274 3066 γάρ
1307 2993 1476 3048 ταῦτα
1503 2993 1707 3070 ὄργανα
1733 3011 1843 3062 φω-

285 3079 472 3148 νητικά
499 3081 660 3145 ἐστιν,
699 3079 834 3133 ἀλλὰ
864 3079 1061 3150 δρόμος
1089 3078 1236 3132 ἐστὶν
1267 3077 1417 3148 ἡλίου
1459 3076 1552 3129 καὶ
1592 3075 1838 3148 σελήνης,

276 3162 452 3234 ἡμέρα
475 3163 568 3216 καὶ
597 3162 714 3229 νὺξ,
748 3162 941 3233 καιροῦ
973 3161 1226 3233 πάροδος.
1265 3163 1358 3214 Ἰν’
1393 3153 1486 3214 οὖν
1519 3162 1592 3232 μή
1626 3178 1708 3224 τις
1733 3162 1842 3214 τῶν

271 3247 588 3317 παχυτέρων
613 3246 788 3302 ταῦτα
819 3245 1032 3300 ἀκούων
1053 3244 1345 3316 θορυϐῆται
1371 3244 1465 3298 καὶ
1489 3244 1838 3314 ταράττηται,

267 3331 496 3385 ἄκουσον
524 3331 641 3394 πῶς
666 3327 996 3402 ὁΠροφήτης
1019 3328 1414 3397 ἐπαγωνίζεται
1443 3326 1520 3396 τῷ
1542 3328 1838 3398 εἰρημένῳ.

265 3411 451 3467 Εἰπὼν
466 3415 594 3484 γὰρ,
623 3414 705 3467 ὅτι
733 3416 798 3478 Ol
821 3413 1060 3481 οὐρανοί
1089 3410 1432 3481 διηγοῦνται
1456 3409 1644 3473 δόξαν
1669 3410 1837 3474 Θεοῦ,

263 3497 358 3550 καὶ
379 3496 461 3550 ὅτι
497 3496 712 3565 Ἡμέρα
741 3495 816 3564 τῇ
847 3495 1035 3565 ἡμέρᾳ
1067 3495 1366 3563 ἐρεύγεται
1396 3492 1578 3562 ῥῆμα.
1605 3492 1702 3546 καί
1725 3493 1841 3559 νὺξ

257 3581 438 3634 νυκτί
464 3579 821 3648 ἀναγγέλλει
866 3577 1107 3646 γνῶσιν,
1134 3577 1234 3630 οὐκ
1264 3576 1391 3646 ἔστη
1428 3575 1590 3647 μέχρι
1625 3575 1836 3643 τούτου,

254 3664 379 3718 ἀλλ’
410 3665 693 3736 ἐπήγαγεν
718 3679 732 3693 ⁸
772 3664 894 3716 Οὐκ
933 3660 1052 3716 είσί
1101 3659 1328 3725 Medi,
1353 3659 1496 3713 οὐδὲ
1541 3660 1727 3728 λόγοι,
1755 3658 1842 3714 ὧν

254 3747 402 3818 οὐχὶ
429 3749 748 3802 ἀκούονται
781 3749 840 3800 al
863 3744 1052 3816 φωναί
1075 3743 1368 3799 αὐτῶν.’0
1389 3743 1446 3796 δὲ
1474 3743 1640 3811 λέγει,
1663 3744 1840 3798 τοιοῦ-

249 3831 351 3884 τόν
383 3833 518 3885 ἐστι·
555 3831 617 3884 οὐ
646 3831 804 3901 μόνον
829 3829 1013 3900 φωνὴν
1042 3827 1253 3898 ἔχουσιν
1273 3825 1453 3897 ἡμέρα
1476 3827 1569 3880 καὶ
1601 3826 1717 3891 νὺξ,
1745 3827 1839 3880 καὶ

246 3914 487 3985 οὐρανὸς
512 3925 562 3978 ε,
594 3913 728 3968 ἀλλά
753 3912 850 3966 καὶ
872 3911 1130 3980 τοιαύτην
1151 3908 1355 3978 φωνὴν,
1385 3910 1420 3980 ἢ
1440 3910 1538 3979 τῆς
1567 3908 1662 3962 ἀνθ
1673 3909 1839 3981 ρωπί-

247 4015 360 4067 νης
399 3998 546 4050 ἐστὶν
571 3995 938 4068 εὐσημοτέρα,
967 3994 1062 4047 καὶ
1093 3990 1422 4061 σαφεστέρα,
1469 3993 1563 4044 καὶ
1609 3990 1838 4045 εὐτονω-

245 4081 415 4153 τέρα.
459 4080 582 4144 Πῶς
630 4081 725 4134 καὶ
774 4079 882 4132 τίνι
925 4076 1146 4148 τρόπῳ;
1191 4076 1454 4153 ’Ἄκουσον
1492 4075 1591 4144 τῆς
1630 4077 1840 4147 ρήσεως

242 4150 452 4233 αὐτῆς·
473 4165 595 4217 Οὐκ
611 4163 729 4216 εἰσὶ
752 4160 980 4228 λαλιαι,
1007 4157 1149 4213 οὐδὲ
1175 4161 1365 4226 λογοι,
1385 4150 1472 4209 ὧν
1493 4157 1628 4226 οὐχί
1658 4158 1839 4212 ἀκού-

243 4261 427 4300 ονται
471 4249 530 4298 al
562 4245 751 4315 φωναί
797 4242 1015 4298 αὐτῶν.
1064 4242 1131 4296 Τί
1172 4243 1292 4296 ποτ’
1321 4238 1416 4294 οὖν
1455 4239 1612 4294 τοῦτό
1657 4242 1837 4306 ἐστιν;

254 4327 575 4400 Ἐγκὼμιον
599 4328 697 4398 τῆς
727 4327 931 4396 φωνῆς,
960 4325 1182 4389 ἔπαινος
1213 4324 1312 4394 τῆς
1339 4325 1578 4397 ἠχῆς.Ἦ
1610 4324 1708 4394 μὲν
1732 4322 1838 4395 γάρ

242 4412 368 4485 ἐμὴ
405 4412 556 4484 φωνὴ
579 4411 657 4482 τῷ
682 4409 799 4480 ἐμῷ
829 4407 1099 4479 ὁμοφώνῳ
1121 4407 1420 4480 γνώριμος,
1453 4406 1840 4480 ἐτερογλώσσῳ

241 4497 306 4550 δὲ
367 4495 573 4549 οὐκέτι.
619 4489 744 4548 Οἶόν
777 4510 830 4546 τι
875 4492 1037 4561 λέγω,
1085 4491 1291 4546 Ἐλλάδι
1330 4491 1698 4563 διαλεγομένῳ
1748 4508 1838 4561 μοι

242 4577 472 4650 γλώττῃ
518 4576 570 4643 ἀ,
609 4577 676 4631 ἂν
723 4577 899 4630 τοίνυν
943 4578 1042 4645 τὴν
1097 4575 1279 4644 φωνὴν
1320 4575 1432 4646 εἰδῇ
1479 4593 1585 4639 τις,
1632 4576 1839 4638 ἐκεῖνος

242 4659 548 4718 ἀκούσεταί
576 4677 677 4731 μου
696 4676 712 4691 °
743 4662 771 4713 6
797 4659 854 4713 δὲ
883 4658 1113 4729 Σκύθης,
1135 4659 1228 4710 καὶ
1252 4659 1280 4710 6
1307 4656 1474 4728 Θρᾲξ,
1503 4657 1597 4712 καὶ
1625 4657 1655 4709 6
1685 4657 1840 4710 Μαῦ-

244 4763 372 4818 ρος,
401 4746 498 4799 καὶ
522 4747 551 4799 6
579 4744 736 4808 Ἰνδὸς
760 4741 943 4796 οὐκέτι
967 4756 980 4771 ⁸
1017 4743 1050 4812 ἡ
1077 4741 1186 4812 γὰρ
1214 4741 1443 4811 διαφορά
1466 4742 1568 4812 τῆς
1588 4741 1838 4812 γλώττης

242 4831 357 4883 οὐκ
404 4829 631 4901 ἀφίησιν
675 4826 914 4898 εὔσημον
943 4823 1095 4896 αὐτῷ
1131 4823 1386 4893 γενέσθαι
1410 4825 1509 4896 τὴν
1543 4825 1680 4897 ἐμὴν
1718 4825 1839 4881 διά-

243 4913 424 4980 λέξιν.

313 5070 349 5102 ι
386 5067 679 5132 ιεεοιιᾲυω
716 5070 858 5132 puta}
902 5065 1140 5132 Sayjlius,
1187 5061 1628 5132 ιειπιιιντοιχοῦ.τοῦ⁸
1654 5063 1839 5125 κόσμου

243 5124 546 5195 περιιών,”ει
571 5124 906 5195 hggog'enuina
931 5126 1124 5195 videtur
1148 5138 1258 5176 esse
1282 5124 1447 5174 lectio.
1472 5124 1574 5173 Sed
1591 5126 1700 5174 sine
1722 5139 1837 5176 mss.

243 5189 549 5243 auctoritate
570 5189 908 5240 nihil'mutare
931 5189 1181 5238 audemus.

314 5255 347 5295 ι»
367 5251 531 5303 Hicin
565 5254 724 5301 lacera
749 5253 882 5300 serie
919 5250 1068 5299 verba
1097 5251 1194 5298 duo
1215 5249 1370 5298 triave
1412 5245 1837 5303 desiderabanlur.

245 5316 344 5365 sed
365 5328 425 5364 ea
447 5315 832 5362 uncinisinclusa
843 5313 1031 5368 damus,
1045 5313 1229 5372 nequis
1249 5317 1387 5372 pulei
1402 5323 1531 5358 eaex
1546 5310 1838 5372 auctoritate

244 5389 366 5426 mss.
383 5377 644 5438 proficisci.
659 5376 857 5425 Certum
867 5375 1051 5438 quippe
1065 5370 1159 5438 esi.
1171 5374 1214 5438 εἰ
1229 5370 1324 5421 non
1340 5372 1511 5438 eadem
1521 5370 1838 5438 vorba,_eam-

248 5439 364 5487 dem
386 5431 528 5486 εει-ιε
547 5438 764 5485 auctoris
787 5431 1085 5484 senieliliam
1115 5433 1284 5492 fuisse,
1300 5440 1351 5481 ut
1375 5431 1534 5481 series
1555 5433 1655 5494 ipsa
1675 5432 1835 5480 docet.

315 5502 340 5575 ς
362 5499 446 5575 εἰς
465 5500 652 5575 υρῑὶῳς
675 5499 896 5546 restituit
922 5497 1103 5545 Fronto
1129 5495 1547 5575 [Μίιοξξῖυξέἓεξνίιη
1757 5493 1838 5575 καὶ

244 5560 328 5616 νύξ
358 5561 440 5608 καὶ
462 5554 550 5608 ούκ
572 5559 831 5622 ἄνθρωπος,
870 5571 1040 5622 rerum
1085 5556 1280 5622 oonjicit
1316 5555 1403 5622 i1!_e
1429 5557 1478 5622 iu
1505 5554 1739 5622 {nargirio
1761 5554 1843 5622 ie-

246 5623 469 5685 gendum
493 5633 602 5670 esse
629 5616 710 5668 καὶ
730 5619 1111 5685 οὐρανός.ῌ111ιιᾷ
1134 5624 1299 5685 aulum
1326 5617 1413 5665 οὐκ
1440 5616 1840 5685 ἀνθρωποςηίόεο

245 5677 320 5733 ἕὶο
348 5683 643 5745 impressum
666 5688 764 5739 est,
786 5677 917 5742 Quod
941 5679 1166 5745 librarius
1186 5679 1270 5742 οὐρ
1295 5692 1382 5745 pro
1405 5677 1763 5745 061__Iiobuorii.
1787 5684 1840 5726 et

251 5737 472 5857 ᾶνὲς
482 5737 869 5858 ἤνθρωὲοςᾞαύω
883 5741 1097 5855 ιόξιυζριυε
1121 5737 1319 5812 δοιηρεἱ·
1336 5741 1400 5792 ila
1419 5737 1646 5802 scribitur
1659 5741 1706 5789 in
1722 5752 1835 5788 mss.

408 5819 452 5857 lc
474 5821 500 5855 α
526 5819 628 5858 nam
683 5818 738 5855 su
777 5816 887 5854 esse
911 5818 935 5856 γ
1001 5816 1274 5858 lsusmcor.

408 5819 452 5857 ιε
474 5817 660 5871 anqum
683 5817 887 5855 subesse
911 5817 1014 5856 γιιιι
1039 5817 1274 5868 suspicor.

932 299 1000 361 IN
1037 302 1246 360 ILLUD
1283 299 1512 368 ISAIIE,
1554 295 1688 354 EGO
1717 291 2024 352 DOMINUS
2055 293 2232 351 DEUS
2257 296 2408 354 FECI
2441 300 2700 366 LUMEN,
2739 301 2894 358 ETC.

3422 305 3525 360 Ml

2045 408 2110 480 β’.
2139 412 2305 467 Πάλιν
2334 414 2444 484 ἐγὼ
2471 416 2564 471 τοῦ
2593 419 2796 473 Σκύθου
2817 421 2908 474 καὶ
2931 421 3025 474 τοῦ
3057 421 3268 494 Θρᾳκὸς
3287 426 3526 497 διαλεγο-

1965 492 2127 580 μένου
2155 497 2216 549 οὐ
2247 497 2543 570 δυνήσομαι
2570 502 2809 566 ἀκούειν,
2845 504 2964 558 οὐδὲ
2992 492 3177 575 ἕτερος
3209 510 3306 578 τῆς
3337 492 3523 580 ἐτέρου

1959 576 2202 664 γλῴττης
2225 594 2240 610 ⁸
2283 583 2376 635 ἐπὶ
2417 584 2475 636 δὲ
2513 584 2604 638 τοῦ
2633 587 2882 658 οὐρανοῦ,
2920 587 3013 641 καὶ
3049 576 3272 653 νυκτὸς,
3301 594 3393 645 καὶ
3425 576 3524 664 τῆς

1959 662 2173 734 ἡμέρας
2201 667 2302 718 οὐκ
2335 667 2451 722 ἔστι
2485 671 2660 735 τοῦτο,
2691 671 2826 724 ἀλλὰ
2862 671 3081 742 τοιαύτη
3109 673 3289 726 αὐτῶν
3319 662 3523 746 ἐστιν-ἡ

1961 747 2132 832 φωνῇ,
2152 748 2227 832 ᾡς
2247 752 2396 824 πάσῃ
2410 752 2643 824 γλώττῃ,
2663 755 2810 824 πάσῃ
2824 755 3002 824 λαλιᾷ,
3021 758 3184 807 παντὶ
3209 756 3348 810 ἔθνει
3373 757 3524 832 [14η

1957 827 2271 887 ἀκούεσθαι.
2291 835 2390 888 καὶ
2420 835 2638 906 εὔδηλον
2668 832 2805 889 εἶναι
2834 837 2927 890 καὶ
2960 838 3124 906 σαφῆ.
3156 838 3253 891 Διά
3271 827 3426 892 τοῦτο
3448 827 3525 894 εἰξ-

1959 909 2096 973 πὼν,
2126 913 2206 966 ὅτι
2246 918 2311 968 Ol
2354 917 2596 984 οὐρανοὶ
2622 918 2963 987 διηγοῦνται
2989 919 3176 983 δόξαν
3209 921 3374 987 Θεοῦ,
3407 925 3520 988 καὶ,

1971 993 2185 1064 Ἡμέρα
2229 997 2305 1066 τῇ
2329 999 2516 1068 ἡμέρᾳ
2544 1001 2838 1069 ἐρεύγεται
2857 1001 3042 1069 ῥῆμα,
3078 1004 3381 1071 ἐπήγαγενο
3403 1008 3524 1058 Οὐκ

1955 1078 2070 1130 εἰσὶ
2089 1081 2312 1143 ⁸λαλιαί,
2330 1081 2472 1135 οὐδὲ
2481 1085 2670 1153 λόγοι,
2683 1078 2769 1136 ὧν
2783 1086 2915 1154 οὐχὶ
2933 1086 3250 1140 ἀκούονται
3263 1090 3322 1142 al
3337 1089 3524 1156 φωναὶ

1954 1159 2168 1215 αὐτῶν.
2193 1163 2258 1214 Ὀ
2297 1163 2352 1216 δέ
2397 1163 2564 1233 λέγει,
2595 1167 2833 1220 τοιοῦτόν
2860 1169 3005 1220 ἐστι·
3057 1168 3312 1240 τοιαύτην
3342 1170 3523 1239 ἔχουσι

1952 1241 2161 1327 λαλιάν,
2198 1247 2292 1300 καὶ
2335 1249 2589 1319 τοιαύτην
2628 1250 2810 1320 ἔχουσι
2844 1253 3026 1322 φωνὴν
3057 1253 3088 1322 ή
3126 1253 3329 1325 ἡμέρα,
3361 1255 3455 1308 καὶ
3487 1258 3522 1327 ἠ

1951 1326 2069 1392 νὺξ,
2099 1329 2193 1381 καὶ
2224 1331 2252 1383 6
2274 1331 2518 1401 οὐρανὸς,
2545 1334 2640 1385 καὶ
2670 1333 2737 1387 τά
2765 1334 3038 1405 κτίσματα
3065 1336 3296 1399 ἅπαντα,
3318 1336 3392 1401 ὡς
3417 1326 3522 1394 πάέ

1953 1427 2076 1472 σαις
2110 1415 2231 1478 ταῖς
2276 1414 2505 1480 λαλιαῖς,
2541 1416 2804 1481 τουτέστι,
2851 1419 3051 1482 πάσαις
3077 1421 3197 1482 ταῖς
3232 1419 3518 1488 γλώτταις,

1953 1494 2084 1546 πᾶσι
2121 1497 2234 1558 τοῖς
2266 1495 2472 1551 ἔθνεσιν
2517 1499 2808 1553 ἀκούεσθαι
2855 1501 3035 1554 αὐτῶν
3069 1501 3168 1572 τὴν
3209 1505 3409 1573 φωνήν.
3442 1505 3516 1557 Οὐ

1948 1576 2056 1647 γάρ
2073 1579 2189 1632 ἐστι
2223 1580 2400 1646 λαλιὰ,
2423 1586 2577 1655 φησί,
2605 1585 2899 1650 τουτέστιν,
2930 1586 3030 1640 οὐκ
3058 1587 3203 1640 ἔστιν
3231 1586 3399 1652 ἔθνος,
3417 1590 3518 1642 οὐκ

1948 1660 2064 1714 ἔστι
2096 1663 2267 1733 φωνὴ,
2306 1664 2435 1719 ἔνθα
2480 1666 2554 1736 μὴ
2593 1667 2848 1720 ἀκούεται
2877 1671 2909 1740 ὴ
2949 1670 3098 1739 φωνὴ
3129 1669 3220 1722 τοῦ
3248 1670 3477 1741 οὐρανοῦ
3497 1688 3512 1701 ·

1946 1744 2083 1798 ἀλλά
2109 1747 2203 1800 καὶ
2227 1750 2255 1802 6
2288 1749 2520 1820 Σκύθης,
2552 1751 2645 1805 καὶ
2674 1751 2702 1803 6
2727 1752 2894 1823 Θρᾷξ,
2926 1753 3019 1805 καὶ
3037 1755 3065 1804 6
3093 1752 3334 1824 Μαῦρος,
3365 1755 3456 1806 καὶ
3487 1757 3518 1808 6

1961 1831 2138 1896 Ἰνδὸς,
2161 1835 2255 1888 καὶ
2276 1834 2304 1886 6
2328 1836 2703 1908 Σαυρομάτης,
2729 1839 2823 1892 καί¹
2853 1841 3001 1892 πᾶσα
3033 1839 3214 1901 λαλιὰ,
3246 1841 3337 1892 καὶ
3368 1841 3517 1894 πᾶσα

1947 1914 2179 1983 γλῶττα,
2206 1919 2300 1970 καὶ
2338 1920 2446 1974 πᾶν
2477 1920 2626 1983 ἔθνος
2653 1922 2940 1991 δυνήσεται
2978 1923 3180 1985 ταύτης
3223 1922 3517 1976 ὑπακούειν

1946 1997 2046 2066 τῆς
2104 1999 2306 2070 φωνῆς.
2357 2001 2480 2064 Πῶς
2528 2003 2624 2056 καὶ
2674 2005 2779 2056 τίνι
2838 2005 3058 2074 τρόπῳ;
3113 2003 3284 2057 Τοῦτο
3331 2005 3519 2059 λοιπὸν

1948 2079 2133 2146 ἄκουε,
2172 2082 2257 2135 ἵνα
2293 2083 2473 2156 μάθῃς
2501 2084 2617 2147 πῶς
2663 2085 2828 2154 σιγῶν
2865 2089 2893 2138 6
2937 2087 3162 2158 οὐρανὸς
3202 2087 3513 2157 φθέγγεται.

1950 2163 2117 2242 ’ξΟταν
2157 2165 2265 2237 γὰρ
2309 2166 2426 2238 ἴδῃς
2462 2166 2628 2221 αὐτοῦ
2666 2169 2726 2222 τὸ
2771 2169 2986 2234 κάλλος,
3034 2170 3094 2223 τὸ
3136 2170 3383 2240 μέγεθος,
3419 2171 3520 2242 τὴν

1949 2236 2116 2313 θέσιν,
2141 2248 2203 2300 τὸ
2229 2236 2467 2318 διαρκὲς,
2499 2250 2598 2321 τὴν
2624 2251 2978 2323 φαιδρότητα,
3009 2253 3102 2306 καὶ
3130 2236 3299 2307 ταῦτα
3341 2236 3519 2307 πάντα

1949 2331 2272 2400 συναγαγὼν
2318 2333 2470 2404 παρά
2515 2333 2716 2404 σαυτῷ,
2757 2333 2986 2408 δοξάσῃς
3027 2335 3120 2388 τὸν
3149 2335 3514 2408 Δημιουργὺν,

1944 2414 2272 2485 εὐφημήσῃς
2303 2415 2394 2468 τὸν
2423 2418 2745 2487 ποιήσαντα,
2778 2421 2806 2472 6
2837 2417 3063 2490 οὐρανὸς
3101 2420 3282 2490 φωνὴν
3311 2421 3511 2490 ἀφῆκε,

1941 2493 2030 2548 διὰ
2073 2495 2172 2566 τῆς
2213 2495 2456 2568 γλώττης
2505 2499 2833 2571 ἀναπέμψας
2881 2501 2960 2572 τῷ
3006 2502 3126 2573 Θεῷ
3171 2501 3346 2568 δόξαν.
3402 2504 3515 2557 Καὶ

1940 2577 2100 2631 τοῦτό
2128 2579 2240 2632 ἐστι
2272 2579 2332 2632 τὸ
2363 2580 2670 2652 εἰρημένον,
2696 2583 2776 2636 ὅτι
2813 2587 2876 2637 Ol
2902 2585 3144 2652 oivparol
3171 2584 3512 2654 διηγοῦνται

1941 2662 2132 2726 δόξαν
2162 2663 2331 2719 Θεοῦ.
2370 2665 2494 2729 Πῶς
2543 2669 2637 2720 καὶ
2672 2669 2776 2722 τίνι
2807 2668 3026 2740 τρόπῳ;
3074 2669 3177 2722 Τὸν
3215 2669 3410 2741 θεατὴν
3436 2669 3513 2740 τῷ

1941 2745 2128 2800 κάλλει
2167 2747 2266 2818 τῆς
2298 2749 2502 2814 οἰκείας
2525 2751 2875 2823 φαιδρότητος
2907 2755 2986 2816 εἰς
3012 2751 3195 2824 θαῦμα
3229 2753 3512 2826 παραπέμ-

1943 2843 2132 2892 ποντες
2154 2829 2248 2882 τοῦ
2264 2831 2627 2903 Δημιουργοῦ.
2670 2833 2835 2887 Ὅταν
2873 2835 2980 2904 γὰρ
3015 2835 3137 2889 ἰδὼν
3172 2836 3234 2889 τὸ
3264 2837 3503 2891 τοιοῦτον

1941 2909 2121 2982 ἔργον,
2155 2913 2334 2986 εἴπῃς,
2348 2915 2485 2980 Δόξα
2508 2932 2611 2980 σοι,
2627 2918 2655 2968 6
2679 2915 2830 2979 Θεὸς,
2851 2917 3038 2987 ἡλίκον
3069 2919 3224 2988 σῶμα
3248 2921 3508 2990 εἰργάσω,

1943 2994 2034 3047 καὶ
2062 2996 2120 3048 ἐν
2153 2995 2228 3066 τῷ
2265 2995 2417 3068 μέσῳ
2457 2997 2740 3062 τέθεικας·
2789 3001 2839 3052 οί
2893 3003 3110 3072 οὐρανοῖ
3159 3012 3184 3040 ο
3229 3004 3329 3074 τὴν
3355 3003 3512 3069 δόξαν

1941 3076 2144 3148 ταύτην
2180 3079 2503 3148 ἀνήνεγκαν,
2550 3084 2614 3153 τῇ
2656 3085 2721 3153 σῇ
2772 3083 2981 3157 γλώττῃ
3031 3087 3383 3157 χρησάμενοι,
3418 3090 3511 3142 καὶ

1941 3158 2028 3212 διά
2065 3161 2161 3231 τῆς
2188 3160 2362 3230 ὅψεως
2393 3162 2452 3215 τδ
2479 3161 2660 3234 θαῦμα
2693 3167 3176 3237 παραπέμποντες.
3233 3169 3387 3223 Οῦτω
3432 3189 3513 3224 σι-

1941 3239 2144 3308 γῶντες
2173 3243 2503 3315 ἀναφέρουσι
2545 3246 2702 3311 δόξαν
2743 3249 2820 3319 τῷ
2857 3249 2995 3320 Θεῷ,
3045 3253 3137 3303 καὶ
3177 3252 3374 3323 ταύτης
3411 3255 3512 3323 τῆς

1941 3325 2124 3408 φωνῆς
2153 3325 2351 3408 πάντες
2380 3328 2684 3384 ἀκούουσιν.
2704 3331 2921 3401 Ἐπειδὴ
2941 3332 3048 3402 γὰρ
3075 3335 3174 3387 οὐκ
3203 3333 3345 3388 ἔστιν
3371 3337 3507 3408 ἀκοῇ

1939 3405 2109 3459 ταῦτα
2147 3407 2356 3477 μαθεῖν,
2402 3410 2518 3463 ἀλλ’
2555 3411 2673 3482 ὄψει
2726 3414 2819 3466 καὶ
2861 3413 3083 3485 θεωρίᾳ,
3132 3415 3249 3484 ὄψις
3293 3417 3347 3470 δὲ
3376 3405 3509 3472 πᾶσι

1943 3487 2060 3558 μία,
2093 3491 2143 3542 εί
2192 3492 2284 3544 καὶ
2328 3493 2360 3563 ή
2395 3493 2608 3561 γλῶττα
2647 3495 2924 3568 διάφορος,
2958 3497 3053 3550 καὶ
3082 3497 3382 3568 Βάρϐαρος,
3415 3501 3508 3553 καὶ

1940 3569 2162 3638 Σκύθαι,
2193 3573 2286 3626 καὶ
2315 3573 2547 3646 Θρᾷκες,
2572 3577 2665 3630 καὶ
2701 3577 2937 3649 Μαῦροι,
2978 3580 3071 3632 καὶ
3119 3581 3270 3634 Ἰνδοὶ
3309 3581 3510 3654 ταύτης

1939 3654 2196 3710 ἀκούουσι
2229 3658 2327 3728 τῆς
2359 3659 2561 3730 φωνῆς,
2597 3662 2861 3728 τουτέστι,
2896 3662 2957 3716 τὸ
2991 3663 3173 3733 θαῦμα
3202 3664 3508 3734 βλέποντες,

1937 3738 1998 3791 τὸ
2023 3739 2219 3804 κάλλος
2243 3741 2687 3815 ἐκπληττόμενοι,
2731 3745 2830 3816 τὴν
2869 3747 3216 3818 φαιδρότητα,
3254 3747 3314 3799 τὸ
3349 3747 3510 3818 μέγε-

1941 3820 2052 3886 θος,
2076 3821 2144 3876 τὰ
2160 3823 2294 3876 ἄλλα
2321 3823 2534 3878 ἅπαντα
2563 3827 2629 3880 τά
2657 3827 2792 3898 πρὸς
2820 3827 2910 3881 τὸν
2933 3829 3178 3900 οὐρανὸν,
3196 3829 3351 3895 δόξαν
3379 3830 3510 3885 ἀνα-

1939 3906 2163 3977 φέρουσι
2209 3907 2286 3978 τῷ
2324 3908 2647 3980 Δημιουργῷ
2688 3911 2737 3962 οἱ
2790 3911 2969 3975 καλῶς
3025 3911 3366 3983 φρονοῦντες.
3432 3915 3506 3967 Τὸ

1939 3991 2070 4044 αὐτὸ
2097 3992 2191 4044 καὶ
2224 3992 2350 4062 περὶ
2383 3991 2483 4060 τῆς
2521 3993 2732 4062 ἡμέρας
2774 3995 2868 4047 καὶ
2900 3995 2999 4065 τῆς
3032 4000 3221 4058 νυκτὸς
3254 3999 3400 4050 ἔστιν
3433 4000 3509 4050 εἰ·

1939 4075 2081 4126 πεῖν.
2107 4073 2314 4144 Ὠσπερ
2345 4065 2498 4136 οὗτος
2522 4073 2598 4143 τῷ
2624 4075 2828 4136 κάλλει,
2862 4079 2928 4147 τῇ
2961 4077 3126 4143 θέσει,
3159 4078 3236 4149 τῷ
3266 4077 3505 4148 μεγέθει,

1937 4159 2006 4226 τῇ
2040 4157 2374 4228 φαιδρότητι,
2405 4154 2482 4225 τῷ
2513 4156 2725 4227 διαρκεῖ
2757 4158 2850 4211 τοῦ
2891 4158 3104 4228 χρόνου,
3131 4164 3196 4231 τῇ
3227 4161 3401 4230 χρείᾳ,
3440 4164 3506 4231 τῇ

1942 4241 2210 4311 ἐνεργείᾳ,
2240 4244 2350 4304 τοῖς
2369 4240 2549 4304 ἀλλοις
2577 4241 2779 4294 ἅπασιν
2801 4243 2879 4303 εἰς
2909 4241 3094 4312 θαῦμα
3124 4244 3507 4315 παραπέμπων

1937 4321 2030 4374 τὸν
2068 4322 2282 4394 θεατὴν,
2331 4327 2475 4378 ποιεῖ
2510 4320 2666 4388 δόξαν
2709 4323 3002 4395 ἀναφέρειν
3039 4323 3116 4395 τῷ
3150 4326 3503 4398 Δημιουργιῖν

1938 4403 2080 4457 οὕτω
2112 4404 2208 4468 νὺξ
2253 4406 2345 4458 καὶ
2372 4407 2569 4478 ἡμέρα.
2604 4406 2773 4459 Ὅταν
2801 4406 2910 4478 γὰρ
2960 4406 3076 4480 ῑδῃς
3115 4410 3214 4480 την
3252 4409 3507 4475 εὐταξίαν

1943 4489 2046 4542 τῶν
2072 4488 2277 4560 καιρῶν
2302 4489 2526 4555 τούτων,
2562 4490 2653 4544 καὶ
2697 4489 2810 4554 πῶς
2843 4491 2904 4543 τὸ
2930 4492 3127 4544 οἰκεῖον
3157 4492 3507 4564 ἀπαρτίσασα

1942 4572 2139 4644 μέτρον
2168 4573 2200 4642 ὴ
2225 4571 2426 4644 ἡμέρα,
2450 4573 2511 4626 οὐ
2539 4573 2832 4642 φιλονεικεῖ
2858 4572 2954 4645 τὴν
2975 4573 3144 4630 νύκτα
3173 4576 3372 4640 ἐξῶσαι
3399 4576 3507 4629 τῶν

1934 4655 2153 4709 οἰκείων
2200 4656 2363 4727 ὅρων,
2406 4657 2524 4710 οὐδὲ
2579 4656 2890 4723 πλεονεξίαν
2949 4659 3072 4712 τινὰ
3119 4659 3504 4723 ἐπιδείκνυται,

1937 4737 2076 4803 οὐδὲ,
2111 4739 2299 4809 ἐπειδὴ
2351 4740 2678 4810 φαιδροτέρα
2726 4740 2873 4792 ἐστὶν
2919 4740 3110 4810 αὐτῆς,
3152 4741 3243 4792 τὸν
3295 4740 3508 4794 ἅπαντα

1941 4820 2180 4890 βιάζεται
2210 4826 2503 4894 κατασχεῖν
2529 4823 2738 4893 χρόνον,
2764 4820 2880 4875 ἀλλ’
2902 4822 3175 4892 ἀναχωρεῖ
3193 4839 3206 4852 ο
3240 4823 3332 4875 καὶ
3356 4824 3388 4892 ἡ
3414 4820 3509 4886 νὺξ

1843 4928 1850 4939 ·
1938 4904 1999 4957 τὸ
2032 4903 2162 4957 αὐτὸ
2193 4905 2376 4971 πάλιν,
2415 4905 2760 4976 άπαρτίσασα
2798 4904 2891 4957 τὸν
2936 4904 3105 4973 αὐτῆς
3143 4903 3361 4974 δρόμον,
3401 4922 3507 4958 πα-

1944 4989 2182 5059 ραχωρεῖ
2216 4991 2283 5058 τῇ
2324 4988 2528 5060 ἡμέρᾳ,
2577 4989 2669 5041 καὶ
2706 4986 2861 5040 τοῦτο
2906 4987 2996 5038 ἐπὶ
3041 4986 3310 5052 τοσούτοις
3365 4989 3507 5044 ἔτεσι

1937 5068 2150 5137 γέγονε,
2183 5071 2276 5122 καὶ
2307 5069 2534 5140 οὐδεμία
2564 5069 2842 5140 σύγχυσις,
2871 5068 2990 5122 οὐδέ
3013 5071 3246 5142 ταραχὴ,
3271 5074 3363 5131 καὶ
3385 5073 3508 5128 οὐτε

1939 5151 2074 5221 αὕτη
2120 5149 2392 5222 ὲξὼθησεν
2438 5151 2673 5222 ἐκείνην,
2719 5149 2841 5204 οὐτε
2888 5151 3069 5224 ἐκείνη
3118 5154 3508 5227 έπλεονέκτησε

1939 5234 2162 5306 ταύτην,
2188 5234 2366 5288 καίτοι
2398 5235 2430 5305 ὴ
2469 5233 2567 5304 μὲν
2591 5233 2940 5306 φαιδροτέρα,
2969 5238 3001 5307 ή
3035 5237 3089 5290 δὲ
3112 5237 3504 5311 ζοφωδεστέρα·

1942 5319 2102 5374 πάλιν
2127 5317 2222 5389 τὴν
2251 5317 2503 5382 εὐταξίαν
2535 5315 2840 5386 θαυμάσας,
2883 5318 2942 5371 οὐ
2976 5319 3132 5384 δόξαν
3169 5321 3508 5392 ἀναπέμψεις

1941 5400 2059 5471 Θεῷ
2085 5418 2099 5466 ;
2135 5402 2246 5454 Καὶ
2279 5400 2531 5472 καθάπερ
2559 5399 2786 5470 ἀδελφαί⁵
2811 5400 2903 5454 δύο
2930 5403 3143 5468 οἰκείως
3176 5405 3309 5475 πρὸς
3345 5403 3508 5472 ἀλλή-

1942 5483 2034 5547 λας
2075 5482 2223 5555 [148]
2257 5483 2613 5554 διακείμεναι,
2655 5483 2905 5555 πατρῷον
2934 5485 3344 5556 διανειμάμεναι
3375 5484 3508 5551 κλῆ⁴

1945 5585 2036 5639 ρον
2062 5569 2118 5622 ἐν
2146 5567 2404 5639 σταθμοῖς
2448 5568 2540 5622 καὶ
2567 5568 2770 5638 ζυγοῖς,
2795 5568 2917 5623 οὐδέ
2941 5568 3002 5622 τὸ
3027 5568 3186 5638 τυχὸν
3219 5566 3382 5638 ἐτέρα
3408 5563 3509 5634 τὴν

2007 5734 2030 5763 ο
2059 5729 2124 5779 lla
2150 5728 2298 5780 Savil.
2325 5733 2477 5779 recte.
2512 5729 2564 5778 in
2594 5729 2789 5791 Morcl.,
2815 5735 2982 5781 autem
3007 5725 3060 5775 οὐ
3084 5723 3290 5786 οὐρανοί,
3315 5721 3511 5788 mendo.

1945 5799 1997 5844 ut
2019 5791 2227 5846 videtur.
2253 5791 2619 5856 lypographico.
