4048 6208
160 232 234 290 ll5
748 218 814 277 IN
855 221 1058 279 ιιι.υο
1098 220 1316 288 ἰὸΑΙίΕ,
1361 221 1496 278 EGO
1539 220 1835 276 DOMINUS
1873 221 2051 280 DEUS
2090 221 2244 279 FECI
2283 224 2544 297 LUMEN,
2575 225 2728 282 ETC.

159 331 270 395 [arte
286 333 341 374 se
363 316 589 373 invicem
615 313 881 382 fraudant,
906 324 1106 370 tantam
1129 315 1485 384 aequalitatem
1511 315 1695 369 obser-

155 423 275 480 vant,
298 419 548 482 quautam
574 424 672 463 usu
703 418 758 463 et
792 407 1122 478 experientia
1152 407 1436 464 didicistis.
1467 407 1699 462 Audiant

154 505 279 570 avari,
300 512 354 560 et
377 504 464 573 qui
494 501 790 557 hereditate
815 499 1044 571 spoliant
1069 500 1257 556 fratres
1282 517 1295 554 :
1324 509 1526 556 rectum
1555 499 1697 554 ordi-

153 613 243 654 nem
268 605 559 666 temporum
585 603 950 660 revereantur,
977 608 1040 647 ac
1066 593 1234 648 noctis
1259 602 1312 648 et
1342 593 1445 648 diei
1474 607 1698 648 concor—
1749 583 1754 588 ’

151 693 292 756 diam,
316 697 371 744 et
406 702 562 742 suum
604 686 789 740 vitium
819 684 1104 754 corrigam.
1137 685 1226 740 Sic
1265 684 1425 754 igitur
1451 683 1573 737 Dies
1598 683 1698 736 diei

149 783 308 837 verbm
333 787 548 842 eructat,
576 788 624 831 et
653 777 911 831 scientiam
940 776 1074 830 nocti
1103 792 1205 830 nox
1231 775 1440 842 indicat,
1471 791 1576 830 non
1604 792 1697 829 vo-

147 883 236 924 cem
258 866 542 928 mittentes,
571 863 666 918 sed
695 861 821 917 dum
851 871 998 916 recto
1021 876 1119 915 suo
1148 861 1355 924 ordine,
1389 876 1451 915 ac
1478 861 1696 931 disposi-

149 970 275 1022 tione,
302 967 358 1012 et
387 955 763 1025 aequabilitate,
795 969 856 1008 ac
881 968 1127 1007 mensura
1157 953 1222 1006 ab
1250 953 1393 1006 omni
1424 952 1695 1007 obstaculo

147 1049 293 1110 libera,
322 1048 447 1101 tuba
476 1047 672 1101 clarius
703 1044 991 1114 prtedicant
1014 1042 1342 1106 Creatorem,
1373 1059 1477 1096 non
1508 1044 1559 1096 in
1589 1059 1695 1097 uno

147 1150 366 1195 terrarum
397 1140 540 1194 orbis
563 1138 781 1209 angulo,
813 1138 903 1192 sed
933 1137 984 1192 in
1008 1137 1275 1202 omnibus,
1304 1152 1436 1207 quas
1459 1137 1538 1191 sol
1564 1137 1696 1206 aspi-

145 1236 223 1295 cit,
261 1231 581 1302 regionibus.
623 1230 718 1284 Ha:
762 1229 1024 1298 siquidem
1066 1239 1225 1282 voces
1261 1244 1354 1296 per
1391 1229 1692 1282 universum

144 1325 360 1380 mundum
392 1324 654 1390 feruntur,
682 1320 1112 1394 quandoquidem
1140 1321 1333 1391 ubique
1363 1321 1549 1375 caelum
1576 1329 1690 1385 est,

140 1416 297 1487 ubique
319 1415 472 1482 dies,
503 1414 704 1484 ubique
745 1429 854 1468 nox
876 1453 893 1480 ,
928 1428 1185 1482 suamque
1214 1412 1508 1467 doctrinam
1549 1421 1604 1468 et
1642 1413 1693 1467 in

141 1518 250 1562 terra
282 1507 549 1576 explicant
591 1515 646 1561 et
689 1505 742 1559 in
783 1505 935 1559 mari.
965 1503 1222 1571 Quocirca
1261 1517 1367 1557 non
1398 1503 1530 1557 dixit
1567 1517 1693 1572 pro-

140 1599 265 1666 pheta
299 1598 648 1667 simpliciter,
681 1596 810 1652 Caeli
844 1595 1134 1666 loquuntur
1162 1596 1384 1666 gloriam
1415 1595 1537 1661 Dei,
1564 1595 1690 1664 sed,

139 1690 380 1756 Euarrant,
413 1689 515 1743 hoc
536 1700 638 1756 est,
669 1675 802 1743 alios
825 1686 984 1743 etiam
1015 1687 1306 1753 instruunt,
1335 1701 1397 1742 ac
1423 1703 1519 1758 pro
1543 1685 1696 1742 disci-

136 1783 247 1850 pulis
269 1781 466 1837 habent
493 1781 800 1836 universum
824 1796 993 1852 genus
1022 1781 1330 1847 humanum,
1359 1790 1416 1837 et
1439 1783 1492 1836 in
1521 1781 1694 1837 medio

137 1875 368 1942 proposita
403 1873 634 1928 maxima
661 1872 864 1937 schola,
891 1872 1147 1928 librorum
1171 1888 1234 1929 ac
1261 1873 1532 1929 literarum
1552 1871 1691 1939 loco,

135 1984 302 2022 natura:
342 1982 459 2022 sua:
505 1967 955 2037 pulchritudinem
995 1966 1205 2033 idiotis,
1248 1967 1608 2038 sapientibus,
1641 1974 1694 2020 et

132 2061 345 2115 carnibus
376 2059 851 2130 ccutemplandam
877 2058 1140 2128 praebent,
1169 2068 1223 2114 ct
1249 2067 1514 2130 tamquam
1546 2059 1597 2113 in
1627 2059 1693 2114 li-

131 2153 212 2206 bro
237 2153 552 2210 insidentem
585 2152 714 2222 ipsis
738 2152 806 2208 de
835 2151 931 2216 Dei
968 2153 1226 2223 sapientia
1265 2167 1328 2209 ac
1370 2154 1566 2210 virtute
1593 2154 1694 2209 do-

128 2247 341 2300 ctrinam.
379 2245 474 2301 Sic
510 2246 673 2301 etiam
712 2244 957 2300 homines
997 2261 1102 2300 non
1147 2245 1457 2316 loquentes,
1487 2245 1580 2301 sed
1609 2247 1695 2302 vel

128 2351 335 2396 tacentes
364 2355 467 2410 per
491 2338 627 2393 alios
655 2337 822 2393 Deum
861 2336 1200 2407 glorificent;
1233 2337 1457 2408 ideoque
1486 2336 1696 2392 dicebat

124 2433 338 2487 Christus
369 2448 386 2487 :
423 2429 616 2485 Luccat
662 2429 753 2484 tua:
787 2439 950 2484 vestra
987 2444 1159 2483 coram
1189 2427 1504 2494 hominibus,
1535 2438 1589 2483 ut
1618 2430 1695 2482 vi-

125 2525 252 2577 deant
274 2540 440 2593 opera
462 2531 626 2576 vestra
652 2521 803 2589 bona,
833 2531 881 2575 et
907 2521 1188 2591 gloriﬁcent
1232 2518 1434 2575 Patrem
1459 2530 1694 2587 vestrm»,

121 2619 190 2682 qui
214 2619 260 2670 in
285 2617 433 2670 caelis
457 2625 530 2669 est
559 2614 773 2685 (Matth.
802 2614 857 2669 5.
886 2615 998 2682 16).
1041 2614 1110 2670 Ut
1140 2614 1300 2686 igitur
1325 2630 1446 2670 cum
1477 2615 1596 2685 quis
1621 2616 1698 2671 vi-

125 2721 211 2761 le
243 2709 519 2764 lucentem
547 2706 711 2772 videt,
743 2707 903 2762 etiam
933 2705 1026 2761 illo
1057 2715 1263 2762 tacente
1289 2707 1379 2778 qui
1410 2707 1556 2770 vivit,
1583 2707 1698 2778 glo-

121 2799 233 2853 riam
255 2810 306 2854 et
331 2798 556 2855 laudem
583 2797 740 2853 oﬂ‘ert
764 2797 873 2853 Deo
897 2814 909 2849 :
934 2797 1013 2853 sic
1040 2798 1292 2852 nimirum
1318 2805 1372 2854 et
1400 2798 1446 2853 is
1471 2798 1560 2868 qui
1582 2797 1697 2853 caeli

120 2890 558 2956 pulchritudinem
589 2889 854 2952 intuetur,
882 2886 1142 2957 gloriﬁcat
1167 2885 1531 2944 Conditorem.
1570 2888 1699 2943 Pro-

120 2991 276 3048 pterea
306 2980 534 3036 dicebat
562 2998 577 3037 :
602 2979 727 3034 Cati
750 2988 989 3034 enarrant
1026 2979 1240 3050 gloriam
1283 2978 1406 3046 Dei,
1450 2995 1544 3049 per
1571 2994 1698 3050 spe-

117 3084 359 3141 ctatores;
399 3071 528 3128 Dies
557 3073 658 3126 diei
689 3080 878 3127 eructat
910 3071 1126 3138 verbum,
1155 3080 1203 3126 et
1227 3088 1330 3124 ηοω
1354 3072 1487 3126 nocti
1511 3071 1698 3126 indicat

112 3169 352 3221 dentiam
393 3165 576 3236 (Ptol.
610 3165 698 3221 18.
727 3167 803 3235 2).
839 3163 1116 3220 Scientiam
1138 3181 1157 3230 ;
1183 3165 1508 3235 quemnam?
1545 3164 1698 3220 Illam

115 3260 346 3316 nimirum
377 3259 456 3314 de
483 3257 788 3314 Conditore.
819 3256 888 3313 Ut
920 3255 1061 3312 enim
1089 3255 1204 3311 dies
1237 3255 1304 3311 ad
1333 3256 1696 3326 operationem

115 3351 370 3407 hominem
415 3350 617 3415 educit,
649 3349 724 3410 ita,
754 3346 1048 3403 succedens
1077 3362 1180 3402 nox
1211 3347 1280 3402 ab
1307 3347 1596 3402 innumeris
1624 3348 1699 3405 illi

112 3434 335 3511 requiem
381 3441 483 3498 dat
522 3441 790 3497 laboribus
810 3482 825 3507 ,
861 3445 1010 3500 curis
1029 3457 1156 3498 cum
1178 3442 1340 3508 levat,
1368 3440 1553 3496 oculos
1579 3439 1699 3494 fati-

112 3546 307 3589 scentes
335 3534 597 3604 consepit
620 3575 634 3599 ,
665 3532 945 3603 palpebras
976 3531 1311 3601 comprimit,
1344 3532 1609 3602 efﬁcitque
1644 3542 1700 3588 ut

110 3627 420 3681 instauratis
445 3625 650 3680 viribus
674 3625 851 3679 radios
877 3623 1010 3680 solis
1035 3638 1220 3679 rursus
1243 3623 1497 3693 excipiat.
1522 3625 1702 3695 Itaque

112 3731 201 3769 non
227 3718 431 3787 exigua
462 3717 619 3786 hujus
645 3731 856 3786 quoque
882 3725 964 3770 est
991 3715 1189 3770 utilitas
1211 3755 1228 3781 ,
1259 3716 1367 3770 imo
1395 3715 1554 3771 etiam
1585 3731 1699 3770 ma-

106 3824 215 3875 gna.
248 3809 365 3864 Nisi
399 3810 549 3863 enim
587 3807 885 3863 succedens
921 3807 1219 3862 innumeris
1244 3821 1274 3861 a
1302 3806 1570 3862 laboribus
1600 3810 1700 3861 ho-

111 3903 227 3955 mitti
256 3901 514 3974 requiem
541 3901 769 3970 aliquam
797 3901 966 3964 daret,
997 3901 1124 3954 nihil
1156 3900 1270 3955 dies
1297 3900 1370 3954 illi
1401 3899 1699 3970 prodesset,

108 4009 212 4057 qua:
237 3994 306 4047 ad
335 3993 714 4063 operationem
748 3993 896 4046 illum
927 3991 1110 4047 eduxit
1139 4009 1150 4044 :
1177 3992 1374 4062 quippe
1401 4001 1589 4046 natura
1616 3992 1702 4047 de-

113 4084 333 4151 liciente,
367 4084 620 4138 laborum
645 4083 994 4140 continuitate
1019 4083 1319 4138 confectum
1346 4084 1539 4137 animal
1564 4083 1704 4141 istud

109 4177 320 4242 periret,
357 4191 466 4232 nec
492 4175 654 4230 ullam
678 4176 726 4230 ei
754 4175 889 4231 lucis
915 4191 1070 4231 usura
1097 4175 1530 4230 commoditatem
1551 4175 1707 4230 affer-

114 4277 202 4320 ret.
234 4269 309 4323 Ea
338 4270 512 4339 igitur
539 4277 622 4322 est
649 4272 965 4337 praesertim,
989 4283 1107 4336 qua:
1133 4267 1273 4321 diem
1297 4266 1494 4321 homini
1523 4266 1703 4323 utilem

112 4359 303 4422 reddit,
339 4377 469 4431 qua:
499 4359 800 4414 ministerio
834 4376 931 4415 suo
961 4359 1028 4414 ad
1058 4361 1415 4430 cognitionem
1447 4361 1539 4417 Dei
1580 4376 1704 4431 pro-

114 4453 245 4504 vehit
281 4468 416 4506 eum
443 4495 458 4517 ,
489 4451 583 4520 qui
623 4451 817 4506 chorea
858 4452 1021 4521 ipsius
1061 4452 1370 4522 perfruitur.
1401 4453 1533 4508 Cum
1563 4455 1705 4510 enim

115 4543 238 4608 apud
259 4559 325 4597 se
353 4543 712 4614 perpenderit
737 4543 1018 4613 quiSpiam,
1046 4554 1241 4614 quanta
1263 4544 1367 4599 diei
1395 4544 1462 4597 sit
1487 4545 1706 4610 utilitas,

117 4647 298 4698 «mnta
330 4638 517 4692 noctis
540 4678 555 4703 ,
586 4645 642 4692 et
671 4652 775 4706 quo
809 4647 961 4705 pacto
990 4635 1102 4691 haec
1134 4637 1207 4691 illi
1237 4636 1505 4704 succedit,
1537 4648 1589 4692 et
1614 4653 1708 4691 va-

120 4743 138 4778 ι
159 4733 252 4785 atis
281 4733 520 4795 vicibus,
545 4731 689 4786 velut
714 4731 766 4785 iu
796 4731 963 4785 choro
989 4732 1260 4800 qu0piam,
1290 4731 1588 4785 alternatim
1612 4731 1711 4786 sibi

117 4824 465 4879 succedentes
497 4834 738 4878 nostrum
766 4838 935 4893 genus
961 4832 1301 4886 censervaut,
1332 4824 1572 4892 quamvis
1599 4840 1710 4876 om-

121 4914 252 4966 nium
285 4915 577 4970 hominum
610 4916 1004 4984 stupidissimus
1041 4915 1221 4981 fuerit,
1251 4919 1483 4969 excitata
1514 4930 1606 4970 sua
1637 4931 1715 4969 ra-

119 5012 254 5060 Lone
292 5009 501 5062 summi
541 5007 751 5077 opificis
790 5007 882 5062 Dei
927 5007 1240 5078 sapientiam
1285 5021 1446 5062 nosse
1484 5007 1711 5075 poterit,

121 5112 270 5163 suam
299 5117 408 5170 per
432 5100 572 5155 diem
603 5117 666 5155 ac
697 5109 908 5154 noctem
937 5100 1168 5154 ostendit
1189 5141 1203 5163 ,
1235 5100 1359 5153 dum
1391 5099 1532 5152 illam
1563 5098 1716 5154 nobis

119 5192 178 5243 1-1
203 5194 620 5263 operationem,
651 5193 789 5249 hanc
825 5192 894 5248 ad
933 5193 1172 5248 laborum
1216 5193 1592 5248 relaxatioaem
1633 5202 1716 5244 at-

125 5285 320 5339 tribuit.

186 5375 240 5430 3.
273 5376 492 5432 Verum
517 5376 582 5431 ad
609 5376 723 5432 haec
755 5376 931 5431 omnia
969 5377 1189 5431 dicenda
1215 5376 1324 5447 jam
1358 5375 1480 5430 inde
1510 5376 1578 5429 ab
1598 5391 1719 5429 ora-

129 5471 276 5525 tionis
323 5472 560 5527 exordio
605 5470 826 5542 digressi
876 5486 1102 5526 sumus:
1137 5473 1385 5541 quoniam
1435 5481 1611 5526 autem
1653 5487 1716 5526 ex

129 5560 205 5616 liis
228 5580 354 5633 qua
389 5563 658 5620 hodierno
683 5565 772 5620 die
798 5567 932 5620 lecta
959 5573 1102 5630 sunt,
1137 5567 1384 5621 nonnulla
1429 5567 1627 5622 multos
1652 5583 1719 5621 ex

131 5651 182 5701 ῖς
219 5657 304 5724 qui
333 5655 522 5711 minus
548 5655 784 5711 animum
811 5656 1084 5712 attendunt
1104 5656 1232 5728 forte
1255 5662 1716 5730 perturbaverunt,

3289 230 3392 286 “6

1805 330 2003 386 eosque
2024 318 2111 388 qui
2135 319 2186 373 in
2201 317 2485 389 Scripturis
2503 337 2686 392 parum
2706 323 2897 379 versati
2915 331 3068 378 sunt:
3086 336 3185 394 age
3202 337 3392 394 magna

1803 409 1962 464 animi
1995 414 2348 481 propensione
2372 429 2434 468 ac
2455 414 2628 470 studio
2651 414 2871 486 gradum
2895 416 2959 470 ad
2983 416 3082 471 ista
3109 415 3390 471 faciamus.

1805 499 1962 554 Lecta
2002 502 2144 555 enim
2177 515 2258 557 est
2297 506 2454 559 etiam
2486 507 2718 561 narratio
2735 507 2801 562 de
2830 507 3072 570 muliere.
3114 523 3233 578 qua:
3269 522 3392 562 san-

1803 592 1975 660 guinis
2005 591 2204 648 lluxum
2250 596 2572 666 patiebatur,
2600 614 2824 668 quaeque
2869 597 3070 653 fontem
3109 601 3382 670 sanguinis

1803 694 1948 740 tactu
1996 688 2270 757 repressit,
2315 705 2380 746 ac
2421 690 2543 745 fidei
2589 693 2781 746 virtute
2825 700 3026 746 tantum
3080 691 3388 745 thesaurum

1801 777 2102 846 deprmdata
2145 792 2225 835 est
2253 781 2462 853 (Matth.
2495 783 2548 839 9.
2575 783 2796 856 20-22)
2819 801 2831 837 :
2857 784 3056 838 furtum
3104 784 3244 838 enim
3295 783 3387 839 fuit

1803 868 1930 923 illud
1971 871 2188 937 factum,
2225 873 2318 927 sed
2360 874 2515 930 laude
2560 875 2800 943 dignum,
2843 884 2896 930 et
2921 875 3009 929 ubi
3051 873 3386 943 deprehensa

1801 970 1881 1014 est
1902 977 2018 1030 quae
2044 974 2308 1030 rapuerat,
2327 965 2695 1020 commendata
2716 975 2799 1021 est
2825 984 2837 1018 :
2867 967 3060 1035 quippe
3084 964 3240 1020 Jesus
3257 964 3394 1033 ipse,

1800 1053 1888 1122 qui
1921 1052 2114 1108 furtum
2140 1066 2470 1124 passuserat,
2489 1058 2848 1112 mulierculam
2868 1058 3203 1113 collaudavit.
3227 1058 3387 1112 Lecta

1799 1152 1923 1198 sunt
1963 1145 2121 1198 etiam
2166 1148 2411 1217 stigmata
2449 1148 2617 1214 Pauli,
2659 1149 2913 1216 vulnera,
2961 1163 3238 1213 carceres,
3285 1147 3384 1202 ab-

1799 1236 2079 1295 ductiones
2109 1241 2173 1295 ad
2192 1241 2409 1310 judicia,
2441 1243 2733 1313 naufragia,
2778 1243 3008 1306 vincula,
3047 1252 3274 1309 calente,
3308 1239 3388 1296 in-

1799 1330 1948 1385 sidiae
1982 1331 2206 1410 diversa:
2235 1349 2298 1388 ac
2319 1335 2583 1390 continua:
2608 1376 2622 1399 ,
2655 1335 2978 1406 quotidiana:
3034 1343 3258 1400 mortes,
3306 1335 3388 1388 ta-

1799 1439 1946 1488 mes,
1995 1425 2380 1492 sitis,nuditas,
2422 1427 2672 1482 instantia
2729 1427 3053 1498 quotidiana.
3095 1424 3201 1481 Sed
3260 1424 3389 1495 quid

1800 1513 2025 1570 faciam?
2050 1516 2236 1587 Magno
2274 1533 2394 1572 cum
2419 1518 2620 1588 impetu
2647 1533 2732 1573 me
2761 1517 3059 1588 proripiens
3088 1515 3212 1572 hinc
3237 1515 3391 1570 aufu-

1799 1610 1939 1680 giam
1963 1624 2182 1664 necesse
2201 1620 2303 1677 eSI,
2330 1626 2395 1664 ne
2409 1626 2594 1666 rursus
2615 1626 2714 1665 nos
2735 1610 2978 1666 detinens
2998 1609 3194 1665 Paulus
3209 1623 3238 1662 a
3257 1623 3387 1678 pro-

1799 1701 1974 1773 posito
1995 1710 2310 1769 argumento
2328 1701 2577 1757 abducat.
2599 1700 2728 1756 Nam
2749 1711 2805 1755 ut
2824 1699 2992 1767 scitis,
3013 1712 3384 1768 sarpenumerp

1799 1792 1924 1846 alibi
1956 1807 2042 1848 me
2063 1791 2396 1849 incedentem
2419 1802 2472 1848 et
2492 1807 2807 1848 conversum
2828 1806 3116 1848 occurrens
3134 1790 3188 1846 in
3210 1789 3388 1846 medio

1799 1897 2046 1939 sermone
2079 1882 2327 1948 detinuit,
2347 1893 2399 1937 et
2427 1884 2496 1937 ita
2528 1883 2687 1953 cepit,
2707 1889 2766 1936 ut
2784 1883 2836 1937 in
2860 1883 2975 1952 ipso
3001 1881 3154 1935 finire
3180 1892 3387 1934 sermo-

1799 1992 1920 2032 nem
1951 1975 2219 2032 suaderet.
2245 1975 2322 2030 Ne
2350 1976 2507 2045 igitur
2538 1975 2588 2030 id
2619 1974 2778 2030 hodie
2810 1988 3022 2044 quoque
3065 1971 3220 2028 nobis
3247 1970 3388 2026 acci-

1798 2069 1910 2137 dat,
1945 2076 2211 2139 tamquam
2243 2067 2505 2122 violenter
2548 2066 2745 2142 injecto
2787 2064 2940 2120 freno
2982 2063 3106 2118 illuc
3149 2059 3387 2118 tendenti

1799 2160 2049 2226 orationi,
2083 2159 2160 2215 sic
2209 2158 2351 2214 illam
2395 2157 2667 2213 trahemus
2695 2165 2750 2214 et
2774 2154 2841 2212 ad
2866 2155 2970 2210 hoc
3007 2151 3208 2210 dictum
3255 2167 3385 2223 pro-

1798 2252 2070 2324 pheticum
2098 2250 2435 2308 reducamus.
2467 2248 2743 2318 Quodnam
2779 2247 2939 2319 igitur
2965 2244 3092 2302 illud
3121 2244 3245 2301 est?
3271 2241 3387 2316 Ego

1802 2344 2070 2409 Dominus,
2098 2345 2284 2415 inquit,
2314 2328 2525 2413 qui'feci
2546 2341 2708 2397 lucem
2733 2352 2780 2397 et
2806 2340 3052 2409 tenebras,
3085 2341 3276 2412 faciens
3294 2354 3390 2410 pa-

1800 2455 1926 2504 cem,
1954 2447 2004 2493 et
2034 2453 2209 2492 creatis
2239 2437 2374 2491 uiola
2403 2433 2557 2506 (Isai.
2588 2435 2681 2491 45.
2708 2434 2790 2506 7).
2826 2433 3026 2489 Videtis
3049 2446 3157 2488 non
3185 2440 3389 2488 temere

1801 2546 1972 2601 neque
1989 2529 2180 2584 frustra
2200 2542 2297 2583 nos
2311 2527 2378 2583 ad
2397 2528 2536 2583 hunc
2555 2528 2730 2582 locum
2749 2523 3042 2580 inStituisse
3052 2537 3289 2588 cursum,
3303 2537 3394 2579 ve-

1801 2638 1920 2678 rum
1965 2621 2211 2675 omnibus
2250 2617 2623 2689 praetermissis
2652 2615 2757 2670 huc
2785 2613 3064 2685 pervenire
3083 2610 3388 2668 studuisse?

1801 2712 1985 2782 Neque
2010 2712 2153 2766 enim
2183 2710 2506 2766 mediocrem
2536 2708 2584 2764 ei
2610 2707 2701 2776 qui
2724 2707 2901 2762 minus
2935 2711 3172 2762 attentus
3207 2702 3387 2772 fuerit,

1802 2805 2254 2876 perturbationem
2295 2801 2525 2857 afferunt
2563 2801 2682 2855 ista.
2713 2797 3070 2867 Quamobrem
3107 2794 3388 2864 attendite,

1802 2910 2004 2967 quaeso,
2046 2893 2302 2957 animum,
2346 2900 2402 2947 et
2429 2905 2587 2947 aures
2631 2889 2841 2960 erigite,
2871 2903 2935 2943 ac
2972 2884 3214 2942 saeculari
3242 2883 3389 2940 omni

1803 2991 1999 3059 rejecta
2041 2985 2431 3056 sollicitudine,
2466 3002 2584 3056 Quae
2629 2984 2879 3041 dicuntur
2916 2981 3199 3038 advertite.
3241 2980 3391 3036 Hanc

1803 3084 1942 3140 enim
1966 3081 2075 3152 jam
2094 3077 2252 3133 vobis
2269 3077 2434 3148 cupio
2469 3076 2771 3134 mercedem
2799 3075 2965 3131 vestri
3003 3075 3108 3130 huc
3130 3072 3392 3129 adventus

1805 3174 2142 3243 persolvere,
2182 3184 2247 3225 ac
2289 3169 2651 3239 Spiritualibus
2703 3174 3047 3222 exsaturatos
3091 3162 3286 3220 eduliis
3319 3163 3391 3218 ita

1804 3265 2020 3320 domum
2061 3277 2155 3317 vos
2183 3261 2474 3324 remittere,
2507 3269 2561 3313 ut
2586 3257 2674 3329 qui
2702 3257 3004 3324 abfucrnnt,
3033 3253 3388 3326 quantamja-

1805 3365 2008 3409 eturam
2049 3351 2289 3415 fecerint,
2321 3351 2494 3420 reipsa
2521 3348 2728 3405 discant
2756 3365 2769 3401 :
2793 3347 2963 3404 scient
2990 3355 3168 3402 autem
3193 3345 3237 3402 si
3267 3359 3392 3401 cum

1806 3448 2098 3501 attentione
2139 3459 2258 3515 qua:
2296 3439 2536 3498 dicemus
2577 3441 2928 3511 exceperitis,
2972 3450 3130 3508 atque
3166 3436 3233 3492 ad
3271 3436 3394 3492 illos

1808 3536 2166 3592 transmittere
2208 3534 2504 3605 potueritis.
2553 3532 2666 3604 Ego
2710 3531 2956 3586 Dominus
2996 3529 3152 3596 Deus,
3181 3528 3269 3599 qui
3297 3527 3394 3598 feci

1808 3632 1969 3685 lucem
1996 3637 2042 3684 et
2065 3628 2314 3692 tenebras,
2343 3628 2535 3698 faciem
2561 3642 2758 3698 pacem,
2780 3635 2828 3680 et
2854 3640 3032 3680 cream
3052 3623 3207 3678 mala.
3239 3621 3392 3677 Assi-

1807 3721 1910 3778 due
1952 3720 2155 3775 dictum
2196 3719 2336 3774 istud
2372 3727 2576 3788 repeto,
2607 3725 2665 3771 ut
2689 3717 2741 3772 in
2770 3719 2960 3772 vestris
2983 3714 3174 3770 animis
3195 3712 3394 3782 deliga-

1810 3822 1915 3877 tur,
1943 3825 2005 3864 ac
2029 3809 2222 3864 deinde
2256 3808 2451 3864 solutio
2491 3807 2826 3862 adhibeatur.
2875 3805 3058 3876 Neque
3093 3820 3220 3860 vero
3246 3803 3395 3858 solus

1809 3906 1912 3962 hoc
1937 3908 2036 3960 istc
2083 3905 2228 3969 dicit,
2261 3903 2356 3959 sed
2392 3914 2445 3958 et
2468 3903 2603 3956 alius
2639 3900 2929 3956 concinens
2970 3898 3094 3954 huic
3136 3896 3397 3969 prepheta

1809 3998 2014 4054 dicebat
2037 4016 2051 4051 :
2076 3997 2138 4053 Si
2157 4005 2225 4052 est
2251 3995 2447 4050 malitia
2472 3995 2522 4047 in
2543 3994 2924 4061 civitatc,quam
2949 4008 3048 4046 non
3073 3991 3192 4060 fecit
3221 3988 3398 4065 Domi-

1812 4109 1903 4145 nus
1933 4093 1951 4161 (
1977 4091 2128 4145 Amos
2156 4090 2207 4145 5.
2241 4087 2487 4161 6)?Quid
2539 4101 2668 4156 ergo
2715 4084 2815 4140 sibi
2858 4083 2971 4138 vult
3009 4081 3152 4152 quod
3195 4080 3396 4135 dictum

1812 4183 1926 4237 est?
1960 4181 2125 4238 Unam
2170 4179 2312 4235 enim
2355 4177 2602 4233 omnibus
2644 4184 2859 4245 oportet
2897 4174 3213 4228 solutionem
3243 4169 3396 4224 adhi-

1811 4276 1958 4332 bere.
2004 4275 2258 4342 Qua-nam
2298 4273 2455 4343 igitur
2481 4278 2562 4325 est
2589 4268 2821 4324 solutio?
2865 4267 2921 4322 Si
2951 4268 3056 4321 vim
3105 4265 3398 4321 dictionum

1814 4369 2019 4423 illarum
2047 4366 2410 4421 didicerimus.
2429 4363 2626 4418 Verum
2651 4360 2908 4417 attendite
2935 4359 3215 4430 diligenter
3247 4375 3259 4411 :
3293 4373 3399 4413 non

1815 4461 1954 4515 enim
1989 4469 2191 4513 temere
2217 4472 2315 4512 nec
2345 4455 2536 4510 frustra
2561 4468 2656 4508 vos
2685 4452 2753 4508 ad
2777 4452 2880 4508 hoc
2921 4450 3133 4506 assidue
3157 4447 3404 4506 cohorta-

1816 4567 1957 4618 mur,
1984 4549 2077 4605 sed
2105 4549 2352 4620 quoniam
2388 4547 2496 4617 jam
2523 4546 2587 4600 ad
2625 4544 2896 4599 abstrusas
2943 4555 3240 4613 gravesque
3269 4555 3400 4595 sen-

1819 4644 2009 4698 tentias
2041 4643 2259 4713 gradum
2307 4640 2550 4694 facimus.
2582 4637 2780 4694 Rerum
2827 4636 2944 4690 alia:
2985 4632 3198 4705 quidem
3247 4632 3404 4688 bona

1818 4745 1960 4799 sunt,
1984 4734 2100 4788 alia:
2132 4734 2308 4799 malae,
2340 4732 2458 4786 alia:
2478 4730 2690 4796 mediae,
2719 4743 2940 4798 quarum
2971 4725 3236 4780 nonnullae
3262 4724 3405 4778 mul-

1821 4827 1888 4881 tis
1925 4827 2077 4880 malue
2104 4825 2370 4888 videntur,
2395 4824 2518 4878 licet
2558 4839 2664 4878 non
2713 4824 2842 4887 sint,
2868 4819 2964 4874 sed
3004 4818 3251 4872 dicuntur
3292 4825 3409 4872 tan-

1821 4929 1930 4974 tum
1955 4928 2008 4974 et
2033 4918 2418 4973 existimantur.

1898 5010 2178 5079 Paupertas
2221 5025 2323 5062 non
2360 5007 2516 5072 mala,
2558 5006 2744 5060 divitia:
2779 5021 2880 5059 non
2925 5002 3087 5059 battle.
3125 5003 3324 5062 —Scd
3356 5014 3413 5062 ut

1823 5102 1963 5174 quod
1985 5118 2012 5156 a
2029 5118 2113 5156 me
2141 5101 2333 5156 dicitur
2359 5098 2641 5154 dilucidius
2671 5100 2782 5165 fiat,
2807 5113 2903 5170 age
2930 5098 3196 5155 ﬁrmatum
3223 5115 3408 5156 exem-

1825 5198 1926 5266 plis
1953 5210 2254 5250 sermonem
2286 5193 2644 5248 instituamus.
2678 5191 2967 5261 Paupertas
2994 5192 3177 5248 multis
3196 5193 3410 5263 quidem

1825 5291 2022 5346 malum
2065 5288 2296 5356 videtur,
2342 5301 2526 5341 verum
2578 5299 2683 5340 non
2713 5293 2834 5340 est:
2862 5285 2989 5355 quin
3035 5285 3194 5340 etiam
3219 5287 3264 5338 si
3295 5286 3414 5354 quis

1825 5379 2082 5452 providus
2104 5378 2174 5434 sit
2199 5387 2252 5433 et
2276 5377 2375 5432 sibi
2401 5385 2654 5442 attentare,
2687 5375 2824 5429 mala
2853 5375 3071 5432 tollendi
3096 5376 3200 5430 vim
3230 5376 3412 5432 habet.

1831 5473 2035 5528 Divitiae
2084 5483 2270 5526 rursus
2312 5469 2506 5523 bonum
2534 5467 2749 5536 quidem
2779 5467 3027 5521 videntur
3054 5480 3197 5531 esse,
3228 5473 3405 5518 ωηιξη

1830 5565 2074 5621 absolute
2120 5563 2318 5619 bonum
2361 5560 2582 5616 minium
2625 5565 2770 5625 sunt,
2817 5558 2920 5614 nisi
2965 5558 3088 5628 quis
3122 5565 3178 5608 ut
3202 5561 3413 5625 Oportet

1835 5658 1900 5715 iis
1928 5665 2126 5712 utatur.
2148 5652 2283 5711 Nam
2311 5651 2354 5710 si
2381 5649 2625 5708 absolute
2649 5649 2847 5707 bonum
2872 5653 3048 5706 essent
3077 5645 3295 5714 divitiaz,
3315 5645 3412 5703 be-
