3968 6208
621 259 724 316 H7

618 390 717 430 nos
743 389 865 432 esse
904 381 1179 446 oporteret
1204 374 1292 446 qui
1321 388 1412 430 eas
1442 372 1716 444 possident
1743 388 1756 424 :
1785 371 1867 426 sin
1893 377 2067 424 autem
2095 383 2200 422 non

595 469 808 522 omnes
863 465 1058 522 divites
1097 467 1292 522 virtute
1337 474 1460 521 sunt
1500 464 1747 536 praediti,
1790 462 1956 534 liquet
1992 460 2203 515 divitias

618 557 936 628 simpliciter
971 574 1033 614 ac
1061 574 1161 630 per
1194 573 1252 616 se
1279 559 1447 614 bonas
1486 574 1592 613 non
1616 571 1755 624 esse,
1796 570 1979 610 verum
2006 555 2058 608 in
2085 567 2200 608 me-

619 649 708 705 dio
752 649 978 722 positam
1023 651 1300 706 materiam
1347 649 1634 723 quamdam
1681 663 1803 705 esse
1845 647 2076 702 virtutis.
2115 645 2205 701 Sic

620 750 798 798 autem
827 758 941 798 rem
963 741 1222 812 expende.
1253 742 1386 798 Sunt
1407 741 1462 796 in
1488 756 1713 812 corpore
1737 739 2042 810 qualitates,
2071 750 2203 808 quas

622 833 711 902 qui
739 832 942 890 habent
979 834 1112 890 tales
1135 834 1202 890 ab
1226 834 1291 889 iis
1319 833 1671 904 appellantur.
1703 829 1949 902 Exempli
1995 843 2153 884 causa
2185 845 2199 882 :

617 925 822 979 candor
867 925 1162 981 substantia
1203 941 1309 980 non
1333 934 1438 990 est,
1467 923 1560 979 sed
1599 922 1845 994 qualitas,
1875 929 1928 975 et
1955 919 2203 975 accidens

617 1014 760 1084 quod
801 1013 1018 1071 advenit
1041 1015 1382 1081 substantias;
1408 1030 1537 1086 ergo
1557 1013 1602 1070 si
1629 1013 1713 1068 cui
1743 1011 2060 1066 adnascatur
2078 1009 2200 1074 hoc,

621 1105 904 1161 candidum
948 1106 1210 1176 ejusmodi
1249 1106 1518 1162 hominem
1557 1105 1907 1176 appellamus.
1944 1103 2038 1158 Est
2062 1119 2202 1173 pra:-

620 1205 768 1252 terea
797 1197 1056 1268 tt-gritudo
1083 1206 1138 1253 et
1166 1198 1278 1269 ipsa
1303 1198 1533 1269 qualitas
1573 1197 1813 1268 quaedam
1852 1203 1906 1252 et
1929 1194 2200 1262 accidens,

619 1306 683 1346 ac
707 1290 752 1344 si
779 1289 863 1346 cui
906 1290 1173 1359 adveniat,
1203 1291 1361 1346 talem
1389 1300 1645 1362 aegrotum
1690 1304 1962 1346 vocamus.
1989 1288 2046 1345 Si
2076 1303 2204 1359 ergo

619 1377 818 1435 divitia:
847 1381 1016 1436 virtus
1040 1391 1241 1450 essent,
1271 1397 1394 1438 eum
1426 1383 1515 1454 qui
1553 1382 1768 1438 divitias
1811 1379 2050 1450 possidet
2093 1382 2202 1436 vir-

625 1482 737 1531 tute
780 1477 1056 1546 prteditum
1107 1493 1229 1535 esse
1269 1489 1541 1551 oporteret
1567 1494 1631 1536 ac
1672 1481 1774 1536 dici
1809 1497 1824 1535 :
1856 1479 1994 1551 quod
2023 1479 2066 1534 si
2098 1493 2202 1534 non

624 1567 843 1622 omnino
885 1569 1080 1626 virtute
1121 1571 1377 1642 praeditus
1417 1581 1500 1627 est
1531 1571 1702 1639 dives,
1740 1587 1846 1626 non
1887 1569 2208 1641 simpliciter

627 1667 721 1712 aut
744 1657 912 1716 virtus
937 1671 1028 1715 aut
1054 1660 1251 1716 bonum
1281 1671 1405 1717 sunt
1432 1661 1656 1730 divitite,
1685 1662 1778 1718 sed
1810 1661 1861 1717 id
1893 1662 2025 1717 ﬁunt
2051 1670 2207 1732 prout

621 1749 843 1806 all'ectus
888 1751 1045 1807 fuerit
1086 1752 1202 1822 ejus
1249 1753 1460 1810 animus
1502 1755 1591 1825 qui
1641 1754 1720 1811 eis
1758 1755 1954 1810 utitur.
2001 1754 2206 1810 Rursus

622 1853 904 1914 paupertas
942 1844 988 1900 si
1026 1847 1222 1901 malum
1263 1855 1425 1913 esset,
1465 1861 1652 1903 omnes
1698 1847 1866 1918 quiin
1899 1855 2207 1917 paupertate

571 1933 588 1941 “
621 1935 840 2007 degunt,
883 1947 1155 2007 oporteret
1198 1954 1318 1995 esse
1343 1939 1514 1996 malos
1542 1957 1556 1995 :
1585 1941 1668 1996 sin
1692 1949 1868 1996 autem
1900 1939 2052 1996 multi
2079 1955 2206 2010 pau-

623 2041 780 2096 peres
832 2029 1024 2084 caelum
1072 2039 1442 2102 occuparunt,
1489 2046 1598 2087 non
1648 2040 1732 2088 est
1774 2031 1954 2102 utique
2006 2031 2204 2087 malum

622 2128 926 2190 paupertas.

690 2211 744 2266 4.
775 2211 912 2281 Quid
941 2216 1082 2282 quod
1116 2212 1265 2270 tnulti
1296 2221 1514 2284 propter
1551 2222 1915 2284 paupertatem
1950 2213 2206 2284 blasphe-

621 2304 811 2358 mant?
845 2301 990 2359 (licet
1029 2305 1241 2375 aliquis.
1281 2303 1396 2360 Non
1428 2314 1645 2375 propter
1675 2314 2039 2374 paupertatem
2060 2345 2076 2371 ,
2109 2303 2204 2360 sed

623 2405 842 2466 propter
874 2397 1134 2453 insaniam
1161 2412 1312 2452 suam
1339 2407 1392 2452 et
1419 2397 1904 2468 pusillanimitatem
1936 2396 1986 2451 id
2018 2406 2204 2467 agunt.

621 2485 797 2557 Atque
838 2487 941 2544 hoc
975 2503 1039 2543 ex
1084 2489 1222 2543 beati
1253 2487 1355 2543 Job
1377 2488 1622 2558 exemplo
1650 2497 1792 2557 patet
1818 2505 1833 2553 ;
1867 2489 1955 2558 qui
1987 2503 2108 2544 cum
2137 2487 2205 2542 ad

622 2585 916 2631 extremam
948 2585 1316 2647 paupertatem
1347 2576 1592 2632 redactus
1618 2587 1798 2641 esset,
1837 2586 1890 2632 et
1919 2577 1984 2631 ad
2033 2577 2206 2647 ipsum

624 2667 951 2735 paupertatis
997 2666 1303 2721 barathrum
1352 2665 1632 2722 devolutus
1659 2708 1675 2735 ,
1723 2682 1829 2722 non
1875 2667 2045 2722 solum
2099 2681 2206 2722 non

624 2756 1030 2827 blaSphemavit,
1057 2756 1151 2812 sed
1183 2757 1348 2812 Deum
1376 2756 1691 2813 benedicere
1717 2773 1822 2813 non
1852 2758 2100 2825 cessavit,
2125 2757 2209 2812 his

625 2849 834 2904 verbis:
861 2847 1104 2904 Dominus
1117 2849 1275 2916 dedit,
1296 2847 1540 2904 Dominus
1566 2849 1770 2904 abstulit
1792 2865 1812 2914 ;
1835 2849 1962 2904 sicut
1989 2847 2208 2904 Dontino

624 2941 835 3013 placuit,
853 2941 925 2995 ita
945 2945 1135 3013 factum
1159 2950 1232 2995 est
1257 2956 1276 2995 :
1299 2941 1363 2996 sit
1387 2956 1566 2995 nomen
1595 2940 1798 2995 Domini
1823 2941 2133 2996 benedictum
2155 2943 2208 2996 in

623 3032 812 3086 secula
841 3031 962 3100 (Job
994 3033 1044 3088 1.
1063 3031 1182 3102 21).
1207 3033 1277 3087 At
1299 3032 1439 3087 enim
1465 3031 1533 3088 ob
1553 3031 1761 3088 divitias
1779 3033 1936 3088 etiam
1959 3033 2107 3088 tnulti
2130 3050 2209 3089 ra-

624 3125 778 3194 piunt
797 3132 849 3179 et
879 3124 1050 3179 aliena
1082 3123 1356 3190 invadunt,
1385 3123 1529 3180 dicet
1553 3124 1762 3194 aliquis.
1793 3124 1987 3180 Verum
2017 3125 2067 3179 id
2099 3141 2204 3182 non

622 3215 693 3271 ob
718 3214 930 3270 divitias
959 3215 1054 3282 ﬁt,
1083 3213 1176 3269 sed
1206 3214 1277 3270 ob
1305 3216 1544 3286 ipsorum
1572 3215 1883 3280 stultitiam;
1916 3224 2076 3287 atque
2103 3215 2205 3271 Int-

621 3306 708 3380 jus
734 3307 810 3363 rei
841 3307 994 3362 testis
1019 3307 1173 3362 nobis
1195 3307 1300 3363 erit
1337 3307 1423 3363 hic
1451 3308 1564 3377 ipse
1587 3307 1687 3374 vir,
1715 3308 1804 3379 qui
1834 3323 1954 3364 cum
1987 3317 2063 3363 tot
2093 3311 2210 3380 opi-

619 3399 723 3456 bus
744 3398 1059 3465 abundaret,
1081 3413 1185 3454 non
1211 3398 1372 3454 modo
1396 3414 1484 3455 res
1511 3399 1734 3454 aliorum
1759 3415 1864 3455 non
1891 3401 2083 3471 rapuit,
2112 3402 2207 3458 sed

619 3491 778 3546 etiam
801 3489 1010 3561 propria
1033 3488 1305 3561 erogabat,
1327 3497 1381 3545 et
1405 3489 1702 3560 peregrinis
1722 3498 1932 3559 portum
1963 3492 2203 3560 parabat,

619 3584 696 3638 sic
725 3581 909 3638 dicens
928 3600 943 3638 :
964 3580 1158 3637 Domus
1187 3597 1297 3636 mea
1324 3581 1463 3636 omni
1489 3581 1751 3652 peregrino
1776 3582 1937 3652 patuit
1969 3582 2084 3656 (Job
2112 3582 2201 3638 51.

618 3675 731 3747 52).
748 3675 1012 3737 Abraham
1035 3690 1246 3746 quoque
1265 3690 1384 3730 cum
1407 3683 1482 3730 tot
1503 3689 1632 3745 opes
1662 3675 1977 3745 possideret,
1995 3675 2046 3730 in
2073 3691 2205 3746 prte-

618 3775 889 3824 tereuntes
924 3767 1102 3823 omnia
1128 3766 1495 3837 expendebat;
1536 3776 1591 3823 et
1637 3783 1808 3838 neque
1851 3769 1991 3824 hunc
2033 3784 2205 3839 neque

618 3861 768 3917 illum
789 3859 1146 3917 fraudatorem
1172 3867 1266 3916 aut
1293 3875 1516 3915 avarum
1543 3860 1740 3916 divitiae
1763 3861 2125 3928 reddiderunt,
2148 3871 2206 3918 ut

618 3969 790 4025 neque
813 3953 1179 4024 blasphemum
1202 3961 1484 4024 paupertas
1509 3961 1601 4008 aut
1623 3952 1766 4008 illum
1797 3964 1888 4008 aut
1908 3953 2200 4010 Lazarum:

616 4045 712 4103 sed
751 4061 873 4102 cum
913 4061 1085 4116 neque
1127 4045 1426 4101 necessaria
1464 4046 1676 4116 utrique
1720 4053 2066 4117 suppeterent
2103 4046 2206 4100 ali-

616 4147 820 4205 menta,
850 4139 928 4194 sic
957 4139 1190 4195 illustres
1220 4136 1458 4204 fuerunt,
1483 4145 1542 4191 ut
1568 4137 1704 4192 alter
1729 4137 1822 4191 Dei
1847 4178 1862 4203 ,
1895 4136 1984 4207 qui
2009 4153 2200 4192 arcana

615 4231 760 4286 clare
794 4229 1285 4290 novit,testimonio
1320 4227 1824 4284 commendaretur:
1856 4228 1989 4283 alter
2025 4238 2201 4284 autem

617 4323 688 4378 ab
712 4321 916 4391 angelis
953 4320 1391 4377 antecedentibus
1419 4319 1546 4373 hinc
1583 4319 1902 4385 auferretur,
1935 4329 1988 4375 et
2015 4329 2204 4374 contu-

619 4411 850 4467 bernalis
889 4409 1041 4466 ﬁeret
1077 4409 1394 4479 patriarchae
1425 4450 1441 4475 ,
1479 4407 1774 4480 iisdemque
1815 4409 1969 4465 bonis
2009 4411 2202 4481 quibus

617 4501 707 4557 ille
734 4499 1016 4556 frueretur.
1043 4499 1226 4569 itaque
1253 4498 1443 4554 media:
1469 4514 1558 4555 res
1585 4509 1709 4555 sunt
1736 4500 1850 4556 ista:
1876 4539 1890 4566 ,
1918 4511 2202 4572 paupertas

617 4602 667 4651 et
695 4593 926 4658 divitiae,
950 4591 1151 4648 sanitas
1176 4600 1232 4647 et
1252 4591 1472 4647 morbus
1495 4633 1511 4660 ,
1538 4591 1646 4647 vita
1674 4601 1729 4648 et
1756 4608 1922 4659 mors,
1949 4595 2114 4665 gloria
2147 4603 2202 4650 et

615 4686 809 4750 honor,
837 4683 1068 4739 servitus
1093 4692 1145 4738 et
1170 4681 1388 4738 libertas
1407 4722 1423 4748 ,
1448 4691 1503 4739 et
1531 4697 1882 4755 quaecumque
1906 4694 2031 4742 sunt
2053 4685 2200 4756 ejus-

615 4777 799 4843 modi;
831 4791 937 4833 non
965 4775 1108 4831 enim
1134 4773 1312 4831 omnia
1341 4783 1466 4832 sunt
1495 4777 1851 4848 percurrenda
1871 4819 1888 4844 ,
1931 4794 1997 4833 ne
2039 4779 2204 4848 proli-

612 4872 734 4926 xior
762 4871 854 4926 ﬁat
879 4869 1084 4933 oratio,
1117 4867 1210 4926 sed
1241 4869 1394 4924 vobis
1419 4884 1488 4925 ex
1527 4869 1609 4923 his
1634 4869 1756 4923 data
1788 4870 2100 4950 occasione,
2132 4871 2198 4926 ad

612 4977 674 5016 ea
701 4978 821 5034 qua:
848 4976 948 5017 nos
972 4970 1164 5032 urgent
1186 4960 1406 5016 dicenda
1431 4960 1757 5032 pergendum
1786 4969 1888 5016 est.
1919 4959 2004 5015 Da
2031 4962 2197 5029 enim,

616 5055 806 5124 inquit,
837 5055 1054 5125 sapienti
1077 5055 1412 5122 occasionem,
1441 5065 1489 5109 et
1513 5053 1790 5132 sapientior
1813 5055 1907 5109 erit
1933 5053 2112 5127 (Prov.
2141 5054 2196 5112 9.

613 5143 705 5216 9).
737 5142 900 5213 lgitur
928 5159 1015 5199 res
1044 5145 1234 5202 media:
1266 5154 1390 5200 sunt
1427 5145 1542 5200 inec
1578 5145 1754 5201 omnia
1785 5163 1798 5199 :
1826 5144 1906 5200 sic
1942 5153 2000 5200 ut
2030 5144 2115 5200 his
2144 5147 2196 5200 in

611 5233 813 5290 bonum
843 5242 898 5291 et
925 5235 978 5290 in
1009 5236 1207 5290 malum
1237 5237 1480 5293 homines
1510 5237 1587 5293 uti
1625 5237 1851 5307 possint.
1874 5237 2026 5304 Quod
2055 5237 2197 5292 enim

614 5325 698 5381 ha:
725 5341 813 5382 res
837 5329 946 5382 sint
969 5327 1180 5395 mediae,
1205 5337 1264 5382 ttt
1287 5327 1504 5396 divitiae,
1532 5328 1766 5384 ostendit
1790 5327 2080 5392 Abraham,
2108 5328 2196 5397 qui

614 5425 672 5472 ut
693 5432 830 5487 opus
859 5422 980 5470 erat
1000 5415 1132 5486 ipsis
1145 5423 1401 5471 estusus:
1436 5420 1665 5475 ostendit
1693 5429 1747 5475 et
1777 5419 1865 5475 ille
1893 5421 1981 5482 qui
2013 5419 2199 5474 Lazari

612 5507 745 5564 visit
762 5516 920 5563 :etate
945 5507 1115 5576 dives,
1140 5507 1229 5578 qui
1258 5509 1312 5562 in
1340 5509 1530 5578 capitis
1555 5510 1634 5565 sui
1666 5509 1954 5580 perniciem
1978 5510 2198 5566 faculta-

611 5609 693 5655 tes
719 5599 997 5671 impendit.
1024 5599 1205 5672 Neque
1234 5600 1428 5656 bouum
1461 5600 1618 5672 igitur
1639 5602 1881 5658 absolute
1909 5614 2029 5658 sunt
2057 5603 2196 5658 divi-

607 5694 910 5772 hiemeque
938 5692 1160 5752 malum.
1197 5691 1253 5751 Si
1277 5693 1520 5752 absolute
1548 5693 1744 5750 bonurn
1773 5705 1952 5753 essent
1975 5737 1989 5766 ,
2025 5710 2198 5768 neque

1403 259 1462 314 S.
1500 257 1780 316 JOANNIS
1815 253 2289 314 CHRYSOSTOMI
2328 254 2644 312 ARClllEP.
2683 253 3216 312 CONSTANTINOP.
3733 272 3814 328 ηδ

2306 381 2396 421 res
2422 365 2631 434 medim,
2650 366 2798 422 dives
2825 367 2914 423 ille
2934 366 3022 438 qui
3053 375 3207 424 artata
3231 367 3406 426 Lazari
3427 372 3561 439 vixit,
3582 384 3674 434 tam
3698 387 3813 453 gravi

2306 455 2570 526 supplicio
2596 458 2813 527 punitus
2840 473 2944 512 non
2967 468 3109 515 esset
3137 475 3152 511 :
3181 458 3226 514 si
3253 461 3442 516 malum
3470 478 3658 536 essent,
3680 475 3816 527 Abra-

2307 547 2431 601 ham
2456 589 2472 613 ,
2497 547 2585 618 qui
2631 548 2778 602 dives
2815 547 2954 616 fuit,
2978 565 3083 604 non
3129 559 3236 604 tam
3265 551 3479 609 celebris
3515 556 3694 613 fuisset.
3714 562 3819 621 Tale:

2306 639 2433 708 quid
2464 648 2545 694 est
2568 639 2727 694 etiam
2758 639 2992 695 morbus.
3025 639 3158 694 Nam
3180 641 3225 695 si
3249 642 3439 698 malum
3462 657 3590 700 esset
3619 652 3816 718 morlius,

2307 741 2580 799 Oporteret
2604 739 2656 786 et
2683 734 2883 787 malum
2908 749 3026 788 esse
3054 743 3331 805 tegi-orum.
3364 737 3532 808 Itaque
3557 741 3822 802 Timotheus

2307 836 2520 893 quoque
2549 823 2718 879 malus
2746 838 2866 878 esse
2895 824 3205 892 debuisset,
3236 827 3329 896 qui
3359 829 3538 885 morbo
3561 836 3822 902 gravissimo

2307 913 2878 970 conﬁietabaturJ'ino
2904 917 3045 970 enim
3075 916 3271 972 modico
3296 928 3448 983 utere,
3466 921 3640 992 inquit,
3660 939 3824 996 propter

2306 1005 2658 1073 stomachum,
2683 1016 2730 1060 et
2756 1007 3036 1079 frequentes
3061 1018 3173 1062 tuas
3198 1009 3508 1078 inﬁrmitates
3537 1015 3616 1082 (l.
3647 1015 3757 1070 Tim.
3781 1019 3822 1072 5.

2305 1095 2436 1166 25).
2466 1097 2620 1165 Quod
2642 1099 2689 1152 si
2715 1113 2817 1153 non
2845 1098 3005 1155 modo
3029 1101 3202 1155 malus
3227 1101 3420 1157 idcirco
3439 1119 3540 1158 non
3565 1105 3668 1171 fuit,
3689 1110 3764 1163 sed
3786 1122 3829 1165 et

2308 1189 2571 1245 mercedis
2601 1190 2782 1244 multa:
2806 1193 3167 1248 accessionem
3193 1196 3416 1265 accepit,
3445 1207 3499 1251 ut
3523 1201 3754 1270 patienter
3770 1205 3830 1258 in-

2309 1279 2612 1338 firmitatem
2654 1282 2797 1337 illam
2838 1285 3000 1351 tulit,
3039 1285 3284 1341 morbum
3325 1288 3500 1359 utique
3537 1292 3711 1348 malum
3745 1311 3830 1350 non

2306 1387 2426 1427 esse
2455 1374 2794 1431 manifestum
2832 1387 2934 1432 est.
2977 1378 3128 1434 Alius
3165 1396 3377 1452 quoque
3420 1383 3661 1454 propheta
3699 1390 3836 1444 oculis

2307 1477 2566 1537 perpetuo
2610 1469 2885 1526 laborabat
2915 1489 2928 1526 :
2963 1487 3064 1528 nec
3102 1481 3277 1529 tamen
3320 1487 3532 1546 propter
3574 1478 3665 1534 hoc
3699 1482 3836 1536 malus

2307 1567 2425 1614 erat
2448 1599 2463 1622 ,
2493 1559 2586 1614 sed
2615 1569 2670 1616 et
2699 1561 3051 1632 propltctabat
3072 1605 3086 1628 ,
3115 1573 3170 1619 et
3198 1564 3375 1620 futura
3407 1569 3712 1638 praevidebat
3732 1614 3744 1636 ,
3768 1589 3840 1628 ne-

2308 1664 2412 1720 que
2441 1650 2663 1706 morbus
2697 1651 2772 1706 illi
2810 1652 3024 1724 aliquod
3060 1653 3128 1710 ad
3171 1655 3424 1711 virtutem
3456 1658 3838 1729 impedimentum

2307 1742 2580 1798 alferebat.
2622 1745 2692 1800 At
2720 1760 2893 1816 neque
2916 1749 3114 1803 sanitas
3140 1748 3387 1806 absolute
3417 1750 3609 1808 bonum
3638 1764 3742 1818 est,
3767 1757 3845 1811 nisi

2307 1834 2426 1902 quis
2459 1849 2521 1889 ea
2550 1842 2607 1889 ut
2630 1845 2875 1906 oportet,
2908 1852 3014 1894 non
3044 1838 3110 1893 ad
3141 1839 3450 1910 improbum
3479 1841 3674 1899 facinus
3697 1845 3767 1900 vel
3793 1847 3844 1900 ad

2308 1924 2493 1980 inutile
2517 1926 2683 1980 otium
2710 1936 2890 1983 utatur
2920 1945 2935 1983 ε
2968 1944 3140 2000 neque
3166 1931 3308 1986 enim
3340 1933 3566 1989 crimine
3593 1933 3688 1990 hoc
3711 1937 3850 2006 ipsum

2307 2026 2480 2072 vacat.
2510 2018 2766 2085 Quocirca
2803 2021 3000 2077 Paulus
3041 2023 3203 2078 etiam
3237 2023 3459 2080 dicebat
3492 2043 3505 2079 :
3549 2025 3610 2082 Si
3641 2027 3740 2097 quis
3774 2044 3850 2080 non

2307 2108 2420 2161 t'ult'
2440 2110 2641 2179 aperari
2660 2153 2675 2177 ,
2707 2126 2798 2165 nec
2825 2112 3095 2168 manducet
3125 2112 3216 2184 (2.
3242 2113 3431 2171 Thess.
3461 2116 3516 2170 5.
3544 2117 3668 2187 10).
3695 2116 3860 2173 Verum

2308 2196 2426 2254 hazc
2451 2199 2624 2255 media
2648 2211 2772 2256 sunt
2795 2209 2850 2256 et
2870 2201 3241 2270 indifferentia,
3263 2213 3318 2260 et
3354 2221 3454 2276 pro
3483 2209 3680 2262 ratione
3703 2222 3858 2263 eorum

2309 2292 2396 2362 qtti
2419 2293 2499 2348 eis
2525 2302 2745 2349 utuntur
2777 2295 3064 2366 aliquando
3094 2295 3196 2375 hoc
3217 2338 3233 2364 ,
3260 2297 3557 2369 aliquando
3585 2299 3706 2354 illud
3738 2299 3860 2355 ﬁunt.

2309 2384 2446 2452 Quid
2481 2401 2610 2442 vero
2646 2388 2838 2444 attinet
2879 2390 3160 2445 sanitatem
3199 2405 3639 2449 commemorare
3663 2409 3722 2448 ac
3746 2409 3864 2447 mor-

2308 2475 2457 2544 bum,
2480 2476 2693 2532 divitias
2712 2487 2766 2534 et
2786 2479 3195 2550 paupertatem?
3223 2480 3342 2536 Hoc
3369 2479 3523 2535 enim
3543 2481 3736 2550 ipsum,
3753 2484 3870 2553 quod

2310 2567 2469 2637 vulgo
2499 2567 2758 2624 bonorum
2785 2569 3023 2624 omnium
3057 2579 3216 2640 caput
3244 2583 3532 2638 censetur,
3561 2582 3615 2627 et
3643 2573 3876 2626 malorum-

2309 2658 2573 2729 colophon
2597 2671 2800 2725 ,mors,
2829 2662 3041 2732 inquam
3067 2703 3083 2729 ,
3111 2671 3169 2717 et
3207 2662 3321 2718 vita
3343 2704 3361 2732 ,
3410 2680 3589 2736 neque
3628 2675 3748 2722 sunt
3779 2664 3872 2719 hac

2309 2751 2573 2818 absolute,
2605 2753 2701 2808 sed
2723 2765 2776 2808 ct
2804 2755 2916 2825 ipsa
2942 2754 3113 2810 media
3145 2765 3290 2825 sunt,
3329 2765 3386 2813 et
3415 2768 3577 2828 prout
3601 2775 3772 2815 eorum
3793 2755 3874 2812 fert

2309 2845 2520 2900 animus
2549 2886 2564 2912 ,
2595 2846 2683 2915 qui
2726 2847 2805 2902 eis
2848 2855 3104 2916 utuntur,
3150 2848 3421 2906 alterutra
3469 2851 3626 2907 ﬁunt.
3666 2852 3877 2922 Exempli

2309 2950 2469 2991 causa
2490 2940 2694 2994 bonum
2713 2947 2799 2994 est
2813 2936 3018 3004 vivere,
3057 2940 3101 2994 si
3127 2939 3247 3010 quis
3268 2955 3344 2996 eo
3371 2951 3434 2998 ut
3461 2952 3676 3014 oportet
3701 2953 3881 2998 utatur:

2309 3041 2432 3083 cum
2457 3043 2586 3083 vero
2619 3028 2684 3083 ad
2712 3037 2926 3098 peccata
2957 3030 3040 3085 vel
3071 3029 3414 3102 iniquitates,
3446 3050 3556 3090 non
3585 3035 3690 3105 jam
3717 3036 3883 3091 bonum

2309 3128 2412 3186 est,
2440 3119 2535 3176 sed
2565 3121 2734 3174 multo
2762 3121 2951 3176 melius
2978 3119 3174 3188 fuerit,
3203 3133 3262 3178 ut
3287 3127 3388 3196 qui
3413 3127 3682 3198 ejusmodi
3704 3137 3778 3183 est
3797 3143 3891 3181 mo~

2309 3212 2498 3266 riatur.
2527 3211 2734 3266 Rursus
2764 3211 2890 3266 illud
2913 3252 2930 3279 ,
2961 3212 3100 3283 quod
3129 3212 3458 3285 fugiendum
3487 3220 3642 3274 multi
3669 3229 3886 3281 censent,

2309 3307 2584 3362 innumera
2632 3305 2787 3362 nobis
2824 3306 2962 3362 bona
3001 3309 3292 3376 conciliat,
3327 3312 3470 3368 dum
3511 3314 3894 3369 convenientem

2307 3411 2521 3453 causam
2549 3397 2741 3455 habeat
2763 3397 3085 3470 adjunctam.
3111 3403 3466 3471 Argumenta
3488 3414 3618 3459 sunt
3637 3411 3896 3474 martyres,

2307 3492 2396 3561 qui
2419 3501 2636 3564 propter
2659 3501 2884 3548 mortem
2906 3495 3142 3550 omnium
3169 3505 3301 3550 sunt
3332 3496 3670 3553 felicissimi.
3701 3498 3902 3564 Propter

2309 3583 2410 3660 hoc
2438 3585 2684 3640 nimirum
2709 3585 2902 3641 Paulus
2924 3599 3028 3641 non
3051 3586 3384 3658 simpliciter
3411 3591 3606 3644 vivere
3632 3590 3686 3643 in
3710 3588 3900 3643 Christo

2307 3674 2586 3742 cupiebat,
2633 3675 2726 3730 sed
2764 3675 3012 3746 quoniam
3042 3675 3144 3731 hoc
3187 3677 3260 3732 illi
3305 3680 3508 3749 operis
3549 3679 3754 3734 fructus
3789 3687 3905 3732 erat.

2313 3766 2555 3822 «Etenim
2584 3766 2708 3836 quid
2734 3769 2944 3838 eligam,
2971 3787 2989 3820 ι
3021 3769 3209 3839 inquit,
3238 3788 3258 3822 ε
3290 3771 3540 3842 ignoro:
3571 3783 3812 3828 coarctor
3831 3784 3909 3821 au-

2309 3865 2414 3912 tem
2446 3871 2478 3912 e
2504 3857 2712 3912 duobus
2743 3875 2757 3910 :
2789 3858 3113 3914 desiderium
3153 3861 3300 3915 enim
3353 3863 3582 3920 habens
3625 3860 3838 3919 dissolvi
3871 3870 3916 3915 et

2308 3963 2426 4004 esse
2465 3964 2584 4004 cum
2620 3950 2877 4018 Christo;
2923 3950 3077 4007 valde
3117 3953 3259 4007 enim
3308 3955 3501 4010 multo
3530 3957 3764 4018 melius;
3811 3969 3912 4023 pcr-

2308 4057 2526 4097 tnanere
2570 4052 2747 4098 autem
2788 4042 2841 4097 in
2885 4058 3046 4100 carne
3086 4045 3254 4115 magis
3297 4049 3699 4104 necessarium
3728 4057 3920 4117 propter

2306 4150 2402 4190 vos
2429 4155 2448 4189 ι
2475 4134 2698 4206 (Philip.
2723 4137 2774 4191 1.
2795 4135 2999 4207 22-2-5).
3028 4134 3108 4192 Ob
3132 4135 3234 4192 hoc
3260 4137 3456 4209 ipsum
3483 4156 3710 4212 quoque
3731 4138 3920 4193 dicebat

2306 4227 2562 4298 propheta
2589 4269 2604 4294 ,
2648 4225 2881 4282 Pretiosa
2907 4227 2959 4280 in
2985 4238 3256 4297 conspectu
3298 4229 3539 4287 Domini
3573 4248 3717 4287 mors
3747 4238 3926 4286 sancto-

2306 4334 2418 4370 rum
2443 4319 2549 4388 ejus
2574 4317 2743 4387 (Psal.
2777 4317 2898 4372 115.
2937 4318 3040 4389 15)
3072 4335 3085 4372 :
3116 4334 3221 4373 non
3253 4320 3615 4392 simpliciter
3645 4336 3820 4384 mors,
3847 4317 3926 4372 sed

2306 4425 2452 4463 mors
2481 4409 2761 4478 ejusmodi.
2794 4410 2862 4463 Et
2897 4425 3084 4465 rursus
3121 4411 3322 4467 alicubi
3351 4455 3368 4478 ,
3425 4413 3593 4470 Mors
3627 4423 3933 4485 peccatorum

2307 4500 2524 4570 pessima
2550 4499 2569 4572 (
2596 4499 2738 4554 Psal.
2770 4501 2859 4556 55.
2887 4499 2961 4554 22
2982 4501 3021 4572 ).
3056 4501 3213 4558 Vides
3261 4502 3380 4558 hoc
3433 4521 3671 4577 quoque
3721 4503 3935 4559 medium

2306 4608 2459 4658 esse,
2489 4608 2589 4648 nec
2618 4593 2860 4648 absolute
2902 4594 3102 4650 bonum
3131 4636 3146 4660 ,
3193 4610 3296 4650 nec
3346 4596 3498 4654 item
3545 4599 3809 4656 absolute
3838 4610 3940 4650 tua-

2304 4685 2435 4751 lum,
2459 4686 2552 4742 sed
2582 4701 2679 4757 pro
2705 4687 2909 4743 ratione
2935 4688 3096 4742 animi
3120 4697 3173 4744 ct
3197 4687 3452 4746 affectus
3483 4709 3692 4748 eorum
3717 4709 3747 4746 a
3769 4692 3948 4762 quibus

2306 4777 2434 4833 illud
2464 4779 2766 4850 excipitur?
2803 4778 3008 4835 Idcirco
3039 4788 3096 4835 et
3135 4780 3620 4850 sapientissimus
3650 4783 3911 4841 Salomon
3938 4821 3950 4841 .

2305 4869 2431 4924 dum
2461 4871 2741 4927 utilitatem
2772 4881 3199 4939 commemorat,
3231 4888 3371 4942 qua:
3407 4875 3470 4931 in
3505 4878 3709 4933 medio
3741 4877 3954 4931 istorum

2306 4971 2388 5016 est
2416 4962 2583 5032 posita
2608 5001 2624 5028 ,
2667 4971 2722 5018 et
2749 4962 2817 5018 de
2847 4963 2930 5018 his
2957 4963 3411 5034 philosophatur,
3453 4966 3835 5039 ostenditque
3865 4977 3954 5018 non

2307 5052 2408 5109 hoc
2435 5053 2680 5109 absolute
2709 5053 2908 5108 bonum
2934 5069 3055 5110 esse
3078 5097 3092 5119 ,
3123 5063 3178 5109 et
3207 5053 3351 5110 illud
3393 5061 3633 5115 malum
3662 5101 3678 5126 ,
3713 5061 3814 5114 sed
3848 5073 3954 5112 con'

2305 5145 2536 5199 venienti
2576 5160 2697 5199 cum
2730 5154 2969 5216 tempore
3000 5145 3117 5200 ﬁeri
3147 5145 3289 5199 bona
3323 5187 3342 5211 ,
3392 5149 3546 5206 licet
3578 5153 3829 5208 molesta
3859 5162 3954 5204 c551

2306 5226 2603 5303 videantur,
2633 5235 2704 5308 (α)
2725 5236 2801 5310 [et
2821 5237 2978 5303 mala,
3007 5237 3132 5293 licet
3152 5237 3421 5307 jucunda
3453 5259 3598 5301 esse
3624 5246 3954 5303 videantur;

2305 5344 2426 5384 cum
2454 5345 2559 5383 non
2585 5329 2918 5384 convenienti
2947 5329 3077 5384 ﬁunt
3105 5339 3392 5400 tempore,
3431 5334 3686 5393 dicebat
3718 5355 3733 5392 :
3759 5336 3954 5406 Tempe

2305 5421 2463 5492 ﬂendi
2487 5431 2535 5476 et
2560 5431 2753 5493 tempus
2781 5422 2977 5476 ridendi
2997 5443 3016 5476 .·
3034 5432 3228 5494 tempus
3255 5425 3529 5498 vivendi,
3563 5442 3619 5485 ct
3651 5442 3865 5504 (corpus
3888 5446 3954 5482 mc

2370 5579 2442 5641 (α)
2475 5588 2585 5638 Quae
2602 5579 2791 5647 uncinis
2815 5578 3102 5629 clauduntur
3123 5578 3317 5628 desunt
3347 5581 3412 5632 in
3471 5592 3708 5647 Graec;
3753 5588 3851 5639 sed
3875 5585 3954 5634 de:

2305 5643 2538 5710 durantur
2559 5643 2616 5690 ad
2640 5643 2839 5710 simium,
2867 5655 3024 5705 eaque
3048 5648 3217 5694 Fronto
3259 5648 3539 5710 Dttcaeus,
3565 5643 3872 5701 ιιοιιίειὼὶι
3886 5663 3923 5697 c-
3950 5660 3954 5670 ‘

2305 5708 2512 5768 jectura,
2535 5703 2796 5768 supplevit.
