4092 6218
214 338 321 392 m
846 330 913 385 IN
955 329 1162 386 ILLUD
1202 329 1429 397 nsum,
1472 331 1606 389 EGO
1637 325 1950 384 nomxus
1997 326 2179 385 unus
2218 327 2848 399 FECILUMEN,E1‘C.
3367 333 3473 390 us
3529 305 3548 330 ’

209 452 445 516 πλοῦτος
470 449 632 504 πάλιν
655 449 801 502 δοκεῖ
824 449 922 520 μὲν
943 448 1158 510 πολλοῖς
1177 443 1316 501 εἶναι
1340 447 1524 509 καλὸν,
1551 445 1650 498 ούκ
1673 442 1789 495 ἔστι

213 537 273 591 δὲ
304 535 492 598 ἁπλῶς
530 533 715 596 καλὸν,
747 536 795 587 εί
841 537 913 604 μή
941 551 1026 596 τις
1054 533 1135 596 είς
1166 533 1284 585 δέον
1322 529 1470 600 αύτῷ
1511 529 1790 600 χρώμενος

213 621 324 691 εἴη.
347 619 411 672 Et
436 617 545 689 γὰρ
575 615 762 681 ἀπλῶς
790 616 951 670 καλὸν
973 611 1040 688 ἦν
1067 617 1096 669 6
1123 613 1369 677 πλοῦτος,
1400 613 1506 666 ἔδει
1540 613 1635 666 καὶ
1665 611 1791 676 τοὺς

213 707 440 776 ἔχοντας
463 703 627 759 αὑτὸν
652 699 788 757 εἶναι
810 701 1025 764 καλούς·
1068 702 1118 753 εί
1145 699 1204 754 δὲ
1235 699 1296 752 ού
1337 698 1537 761 πάντες
1562 697 1612 750 οἱ
1633 697 1794 750 πλου-

210 788 434 851 τοῦντες
480 788 740 858 ἐνάρετοι,
779 785 892 839 ἀλλ’
929 785 979 837 οἱ
1010 783 1192 847 καλῶς
1229 781 1305 852 τῷ
1339 781 1552 851 πλούτῳ
1589 797 1794 851 κεχρη-

215 873 392 944 μένοι,
420 871 640 942 εὔδηλον
656 871 735 923 δτι
765 870 862 940 οὐχ
882 869 1069 932 ἁπλῶς
1091 866 1225 922 αὐτὸ
1254 866 1374 920 καθ’
1400 864 1560 918 ἐαυτδ
1577 865 1605 918 6
1634 863 1792 917 πλοῦ-

211 975 307 1021 τος
355 956 536 1019 καλὸν,
585 954 698 1008 ἀλλ’
732 953 830 1022 ὕλη
872 953 954 1013 τίς
1001 953 1150 1005 ἐστιν
1193 949 1395 1021 ἀρετῆς
1436 950 1493 1002 ἐν
1525 946 1602 1018 τῷ
1642 947 1791 1018 μέσῳ

213 1042 464 1112 κειμένη.
496 1040 692 1093 Σκόπει
721 1037 796 1092 δέ.
838 1037 989 1091 Είσὶν
1022 1038 1081 1088 ἐν
1119 1033 1199 1105 τῷ
1238 1033 1450 1102 σώματι
1484 1031 1790 1100 ποιότητες,

211 1127 280 1190 ἃς
311 1127 362 1178 οἱ
387 1125 599 1195 ἔχοντες
638 1121 732 1176 ἀπ’
756 1121 936 1175 αὐτῶν
965 1118 1276 1174 καλοῦνται.
1305 1112 1429 1170 Οἷόν
1451 1133 1504 1170 τι
1527 1114 1697 1183 λέγω·
1729 1113 1792 1167 16

211 1211 408 1264 λευκὸν
436 1211 534 1262 οὐκ
572 1209 718 1262 ἐστιν
753 1207 930 1265 ούσία,
955 1205 1090 1258 ἀλλά
1113 1203 1352 1273 ποιότης,
1391 1203 1482 1255 καὶ
1511 1199 1789 1271 συμϐεϐη-

211 1295 313 1358 κδς
344 1294 717 1363 ἐπιγινόμενον
753 1294 817 1361 τῇ
852 1290 1034 1360 οὐσίαι
1075 1288 1142 1341 ἂν
1177 1283 1269 1341 οὖν
1289 1303 1394 1339 τινι
1421 1285 1788 1357 προσγένηται

209 1379 395 1442 ¹τοῦτο,
416 1377 604 1431 λευκὸν
619 1377 711 1429 τὸν
729 1373 970 1428 τοιοῦτον
990 1371 1156 1426 καλοῦ
1164 1370 1479 1441 μεν.Ἐστιν
1507 1366 1790 1439 ἀρρωστία

212 1465 379 1518 πάλιν
410 1465 505 1516 καὶ
545 1462 683 1531 αὐτὴ
716 1459 938 1530 ποιότης
977 1475 1062 1521 τις
1095 1452 1232 1510 οὖσα
1265 1455 1358 1509 καὶ
1406 1451 1786 1524 συμϐεϐηκός*

211 1549 319 1602 κάν
346 1565 451 1600 τινι
488 1545 892 1618 προσγένηται,
937 1543 1216 1614 ἄρρωστον
1263 1542 1354 1594 τὸν
1402 1537 1641 1592 τοιοῦτον
1688 1554 1787 1590 κα-

209 1630 434 1701 λοῦμεν.
467 1631 528 1684 Εἰ
565 1630 743 1683 τοίνυν
777 1628 870 1681 καὶ
903 1626 931 1678 6
964 1626 1190 1688 πλοῦτος
1221 1619 1290 1694 ἦν
1326 1621 1514 1693 ἀρετὴ,
1554 1621 1660 1674 ἔδει
1697 1620 1787 1673 τὸν

209 1716 405 1785 ἔχοντα
444 1714 534 1768 16v
560 1713 789 1767 πλοῦτον
822 1710 1072 1782 ἐνάρετον
1103 1703 1241 1762 εἶναι
1283 1707 1378 1759 καὶ
1411 1703 1662 1773 λέγεσθαι
1682 1720 1696 1734 ο
1738 1704 1787 1755 εί

207 1801 269 1854 δὲ
301 1800 364 1852 ού
397 1799 611 1861 πάντως
641 1800 669 1851 ὁ
706 1795 954 1858 πλούσιος
1000 1793 1274 1864 ἐνάρετος,
1305 1790 1404 1842 οὐκ
1441 1788 1629 1860 ἀρετὴ,
1665 1786 1786 1840 οὐδὲ

211 1883 382 1936 καλὸν
407 1884 435 1936 6
469 1881 699 1944 πλοῦτος
737 1879 943 1942 ἁπλῶς,
981 1877 1114 1930 ἀλλὰ
1139 1876 1288 1946 παρὰ
1311 1873 1405 1944 τὴν
1430 1872 1654 1942 γνώμην
1691 1870 1786 1924 τοῦ

209 1965 500 2036 χρωμένου
529 1964 689 2018 τοῦτο
714 1963 942 2031 γίνεται.
967 1959 1136 2014 Πάλιν
1162 1961 1196 2030 ἡ
1233 1957 1393 2010 πενία
1423 1958 1471 2010 εἰ
1509 1955 1676 2010 κακὸν
1697 1950 1785 2025 ἦν,

205 2051 325 2102 ἔδει
359 2049 487 2111 τοὺς
512 2051 569 2102 ἐν
589 2048 749 2118 πενία
783 2047 1026 2109 ἅπαντας
1055 2042 1191 2098 εἷναι
1217 2040 1448 2105 κακούςο
1489 2041 1537 2093 εἰ
1573 2039 1630 2092 δέ
1657 2039 1787 2091 πολ-

205 2133 298 2184 λοὶ
321 2132 430 2184 τῶν
454 2134 512 2184 ἐν
537 2131 698 2201 πενίᾳ
729 2130 898 2184 ὅντων
931 2129 1036 2182 τῶν
1058 2119 1300 2200 ούράνῶν
1324 2122 1664 2185 ἐπελάϐοντο,
1691 2122 1790 2176 οὐκ

201 2216 322 2286 ἄρα
361 2217 392 2286 η
431 2214 590 2267 πενία
626 2217 814 2268 κακόν.

275 2316 338 2370 6'.
379 2315 446 2368 Τί
467 2311 582 2378 οὗν,
605 2317 689 2367 ὅτι
713 2313 897 2367 πολλοὶ
917 2311 1292 2382 βλασφημοῦσι
1312 2309 1400 2363 διά
1428 2309 1524 2379 τὴν
1554 2307 1782 2372 πενίαν;

204 2404 390 2473 φησίν.
424 2401 502 2457 Ού
525 2401 614 2454 διὰ
637 2403 737 2472 τὴν
759 2402 969 2464 πενίαν,
1001 2399 1134 2452 ἀλλά
1157 2399 1244 2452 διά
1270 2399 1367 2470 τὴν
1388 2397 1596 2451 οἰκείαν
1624 2397 1786 2464 ἀφρο-

205 2493 372 2561 σύνην
393 2507 451 2543 τε
487 2491 580 2542 καὶ
605 2488 972 2558 μικροψυχίαν
995 2488 1154 2542 τοῦτο
1178 2488 1410 2542 ποιοῦσι.
1443 2486 1552 2538 Kal
1580 2481 1783 2537 τούτων

201 2581 474 2646 ἀπόδειξις
495 2581 524 2634 6
545 2578 820 2650 μακάριος
845 2578 985 2642 Ἰὼϐ,
1001 2578 1060 2654 ὃς
1083 2582 1143 2633 ἐν
1174 2579 1378 2650 ἐσχάτῃ
1401 2575 1558 2646 πενίᾳ
1570 2574 1665 2639 ὣν,
1689 2572 1783 2626 καὶ

203 2670 345 2742 πρός
371 2671 502 2724 αὐτὸ
533 2671 631 2739 τῆς
673 2670 865 2733 πενίας
895 2669 1237 2740 κατενεχθείς
1283 2667 1348 2721 16
1381 2667 1674 2738 βάραθρον,
1719 2667 1781 2718 ού

211 2759 375 2829 μόνον
397 2759 497 2811 οὒκ
527 2759 971 2830 ἐϐλασφήμησεν,
995 2759 1109 2812 ἀλλ’
1142 2756 1378 2826 εὐλογῶν
1415 2755 1505 2810 τὸν
1533 2753 1664 2807 Θεὸν
1683 2753 1785 2806 διε-

207 2847 382 2912 τέλει,
413 2847 614 2914 λέγων’
671 2847 734 2900 '0
777 2848 992 2915 Κύριος
1024 2845 1266 2910 ἔδωκεν,
1292 2849 1324 2900 ό
1359 2846 1570 2913 Κύριος
1615 2843 1782 2912 ἀφεί-

209 2939 384 2989 λετο·
420 2935 498 3000 ὠς
528 2931 606 3000 τῷ
625 2936 813 3003 Κυρίῳ
831 2934 1065 3000 ἔδοξεν,
1093 2934 1247 2989 οὕτω
1279 2933 1375 2987 καὶ
1399 2931 1636 3001 ἐγένετο
1656 2948 1666 2961 ·
1689 2931 1780 2998 εἴη

210 3022 281 3076 τὸ
326 3023 512 3092 ὄνομα
551 3025 767 3091 Κυρίου
799 3024 1208 3094 εὐλογημένον
1244 3024 1331 3088 είς
1365 3020 1509 3086 τοὺς
1541 3018 1778 3086 αίῶνας.

218 3112 384 3166 Ἀλλά
416 3112 506 3166 καὶ
532 3114 619 3168 διὰ
647 3115 741 3168 16v
764 3113 992 3168 πλοῦτον
1022 3111 1230 3177 πολλοὶ,
1265 3111 1450 3182 φησιν,
1477 3108 1782 3181 ἁρπάζουσι

201 3201 300 3255 καὶ
347 3201 786 3256 πλεονεκτοῦσιν.
835 3201 974 3256 Ἀλλ’
997 3201 1057 3254 ού
1094 3200 1180 3254 διὰ
1233 3199 1325 3254 τὸν
1362 3198 1609 3263 πλοῦτον,
1648 3195 1781 3249 ἀλλά

197 3289 291 3344 διά
317 3290 417 3361 τήν
444 3292 652 3345 οἰκείαν
682 3291 998 3363 ἀφροσύνην
1015 3307 1028 3322 ·
1057 3290 1151 3344 καὶ
1167 3288 1356 3344 τούτου
1391 3288 1600 3360 μάρτυς
1622 3285 1782 3338 πάλιν

195 3380 226 3430 6
261 3379 426 3443 αὐτὸς
475 3379 761 3448 ἄνθρωπος
803 3371 976 3442 οὗτος,
1011 3377 1068 3443 ὃς
1103 3381 1160 3431 ἐν
1203 3377 1441 3447 τοσούτῳ
1472 3373 1686 3443 πλούτῳ
1719 3373 1780 3425 ού

199 3468 370 3537 μόνον
402 3468 500 3538 ούχ
527 3469 747 3540 ἥρπασε
783 3467 851 3522 τά
877 3467 1098 3538 ἐτέρων,
1142 3465 1280 3520 ἀλλά
1315 3465 1408 3519 καὶ
1439 3464 1508 3518 τὰ
1537 3465 1710 3517 οἰκεῖα
1753 3473 1778 3502 ι

194 3555 446 3629 [ἐδίδου],
477 3559 574 3612 καὶ
612 3556 810 3628 λιμένα
848 3558 962 3620 τοῖς
987 3556 1158 3623 ξένοις
1187 3554 1606 3618 κατεσκεύαζεν,
1639 3551 1782 3606 οὕτω

193 3643 405 3714 λέγων·
450 3645 514 3700 Ἠ
553 3645 711 3699 οὶκιά
753 3661 874 3714 μου
909 3643 1089 3698 παντὶ
1131 3643 1282 3708 ξένῳ
1337 3641 1490 3714 [151]
1542 3639 1781 3695 ἐλθόντι

193 3734 486 3800 ἠνέῳκτο.
528 3734 638 3786 Kal
687 3735 714 3787 6
753 3732 1007 3805 Ἁϐραάμ
1052 3731 1280 3786 πλοῦτον
1321 3729 1577 3785 τοσοῦτον
1617 3729 1777 3799 ἔχων,

192 3826 313 3887 τοῖς
349 3823 606 3895 παριοῦσι
631 3825 810 3878 πάντα
831 3823 1074 3878 ἐδαπάνα
1095 3839 1108 3852 °
1141 3822 1236 3876 καὶ
1263 3821 1384 3876 οὔτε
1419 3819 1628 3883 τοῦτον,
1655 3818 1779 3872 οῦτε

193 3911 410 3966 ἐκεῖνον
450 3913 778 3983 πλεονέκτην
813 3915 841 3968 6
875 3910 1104 3974 πλοῦτος
1133 3910 1403 3980 ἐποίησεν,
1437 3909 1626 3979 ὥσπερ
1661 3908 1781 3961 ούδέ

207 4000 534 4071 βλάσφημον
566 3999 690 4054 οὔτε
719 4003 950 4061 ἐκεῖνον,
977 3997 1102 4052 οὔτε
1130 3997 1222 4051 τὸν
1249 3995 1498 4066 Λάζαρον
1524 3998 1558 4067 ὴ
1587 3995 1778 4049 πενία·

193 4089 316 4142 ἀλλ’
359 4089 503 4142 οὕτω
535 4087 834 4158 διέλαμψαν
878 4087 1150 4156 ἑκάτεροι,
1187 4085 1321 4156 μηδέ
1356 4087 1454 4155 τῆς
1481 4083 1782 4151 ἀναγκαίας

198 4175 567 4247 εὐποροῦντες
591 4179 821 4248 τροφῆς,
844 4178 924 4238 ὡς
955 4175 1047 4228 τὸν
1078 4175 1176 4244 μὲν
1225 4171 1374 4244 παρά
1401 4170 1492 4224 τοῦ
1527 4169 1660 4224 Θεοῦ
1697 4169 1782 4223 δέ·

196 4256 398 4330 ξασθαι
427 4264 524 4335 τὴν
557 4264 879 4336 μαρτυρίαν,
907 4262 1002 4316 τοῦ
1028 4261 1093 4316 τά
1122 4262 1412 4333 ἀπόρρητα
1437 4257 1624 4328 σαφῶς
1652 4256 1784 4310 εἰδό-

193 4369 292 4416 τος
311 4369 327 4383 ’
364 4352 453 4406 τὸν
485 4352 542 4406 δὲ
568 4353 674 4406 ὑπὸ
701 4352 810 4404 τῶν
855 4350 1103 4420 ἀγγέλων
1135 4347 1561 4421 προηγουμένων
1608 4343 1782 4411 οὕτως

195 4437 457 4493 ἐντεῦθεν
488 4438 877 4510 ἀπενεχθῆναι,
909 4437 1002 4492 καὶ
1033 4437 1336 4508 ὁμόσκηνον
1361 4435 1440 4506 τῷ
1467 4433 1782 4506 πατριάρχῃ

196 4527 476 4597 γενέσθαι,
530 4530 624 4582 καὶ
666 4527 773 4582 τῶν
821 4526 1042 4595 ἀγαθῶν
1068 4525 1386 4592 ἀπολαύειν,
1423 4518 1498 4578 ὧν
1551 4527 1776 4588 ἐκεῖνος.

200 4618 353 4686 Ἀρα
400 4616 509 4669 τῶν
560 4615 738 4687 μέσων
777 4614 951 4669 ταῦτά
994 4615 1132 4677 ἐστι,
1188 4613 1345 4668 πενία
1389 4613 1482 4668 καὶ
1527 4612 1776 4678 πλοῦτος,

199 4705 389 4773 ὑγίεια
406 4705 500 4758 καὶ
519 4703 694 4766 νόσος,
728 4702 824 4757 καὶ⁸
855 4701 971 4774 ζωή
997 4703 1091 4756 καὶ
1116 4701 1362 4766 θάνατος,
1377 4699 1504 4766 δόξα
1518 4699 1777 4771 καὶτιμὴ,

195 4793 416 4847 δουλεία
445 4792 540 4845 καὶ
587 4791 888 4863 ἐλευθερία,
933 4790 1028 4844 καὶ
1064 4791 1165 4843 ὃσα
1187 4788 1411 4842 τοιαῦτα
1432 4807 1445 4820 ο
1475 4789 1537 4842 ού
1569 4788 1678 4860 γάρ
1700 4788 1781 4842 δεῖ

196 4881 381 4934 πάντα
414 4880 646 4941 ἐπιέναι,
677 4877 816 4932 ὥστε
847 4879 922 4949 μὴ
953 4877 1216 4949 μηκύνειν
1239 4876 1330 4930 τὸν
1356 4877 1532 4945 λόγον,
1561 4876 1697 4930 ἀλλά
1720 4877 1779 4930 ἐν

190 4967 408 5030 τούτοις
458 4967 768 5037 παρέχοντα
800 4967 930 5036 ύμῖν
963 4965 1238 5036 ἀφορμὰς,
1288 4963 1381 5018 ἐπὶ
1411 4965 1482 5018 τὰ
1527 4963 1779 5017 κατεπεί-

191 5071 368 5122 γοντα
405 5053 662 5122 βαδίζειν.
704 5053 881 5108 Δίδου
919 5054 1051 5124 γάρ,
1082 5052 1236 5124 φησὶ,
1279 5049 1451 5120 σοφῷ
1475 5051 1774 5120 ἀφορμὴν,

192 5142 297 5196 καὶ
329 5141 671 5210 σοφώτερος
693 5141 888 5196 ἔσται.
927 5142 1069 5212 ’Δρα
1095 5138 1204 5193 τῶν
1239 5139 1420 5210 μέσων
1461 5137 1636 5192 ταῦτά
1663 5139 1777 5193 ἐστι

192 5232 402 5294 πάντα,
433 5229 509 5294 ὠς
553 5230 764 5294 τούτοις
792 5229 890 5283 καὶ
916 5231 995 5294 είς
1037 5228 1220 5294 καλὸν,
1258 5227 1350 5282 καὶ
1391 5229 1468 5292 είς
1507 5227 1696 5294 κακὸν,
1727 5228 1776 5281 οί

192 5318 476 5389 χρώμενοι
504 5317 736 5372 δύναιντ’
777 5316 842 5372 ἀν
891 5317 942 5370 δ.
981 5318 1100 5370 ὀτι
1135 5316 1244 5388 γὰρ
1289 5315 1398 5372 τῶν
1448 5317 1628 5387 μέσων
1663 5317 1778 5370 ἐστὶ

188 5409 395 5472 ταῦτα,
441 5401 518 5462 ὧν
554 5410 583 5462 ὁ
629 5407 878 5472 πλοῦτος,
913 5405 1112 5472 ἔδειξεν
1154 5408 1182 5460 6
1236 5404 1503 5476 Ἀϐραάμ,
1541 5407 1619 5468 είς
1659 5403 1776 5458 δέον

251 5600 282 5626 ⁸
304 5593 525 5644 Verbum
553 5594 708 5643 ἐδίδου
743 5592 875 5641 inter
894 5591 1018 5640 duos
1053 5591 1260 5640 uncinos
1295 5590 1562 5652 posuimus,
1587 5592 1641 5638 ut
1662 5601 1778 5638 con-

183 5659 377 5721 icum
400 5659 612 5721 positum
631 5657 1010 5721 deglararqmus.

249 5722 279 5760 Β
303 5712 520 5768 εει-ἶιὶιιις
541 5725 681 5779 putat
703 5717 968 5779 legendum
988 5731 1068 5763 και
1082 5717 1168 5779 μείς
1188 5713 1339 5779 κακόν
1353 5712 1776 5779 χρῆσθαιγδύναιντ

181 5783 260 5839 ἄν,
287 5789 342 5830 ει
369 5794 488 5828 vero
530 5773 712 5830 {nelias
734 5773 962 5828 lﬁbcrel:
1006 5776 1095 5826 sed
1137 5789 1247 5825 mss.
1275 5773 1498 5824 chliluN
1524 5775 1642 5824 nihil
1671 5789 1775 5827 mu-

185 5852 293 5896 tue
320 5843 575 5894 audemus.

1896 441 2046 514 αύτῷ
2072 443 2434 514 χρησάμενος.
2474 445 2682 514 Ἐδειξε
2702 446 2756 500 δὲ
2789 447 2882 499 καὶ
2909 445 3001 499 ἐπὶ
3038 445 3130 498 τοῦ
3161 445 3410 518 Λαζάρου
3437 453 3466 503 6

1898 529 2170 595 πλούσιος,
2209 533 2302 584 ἐπὶ
2334 532 2577 604 ἀπωλείᾳ
2623 535 2722 604 τῆς
2758 534 2952 588 ἐαυτοῦ
2985 535 3226 605 κεφαλῆς
3249 539 3318 589 τὰ
3341 537 3468 591 ὅντα

1893 619 2231 689 δαπανήσας.
2273 619 2410 674 Οὖτε
2447 618 2542 675 οὗν
2567 623 2729 676 καλὸν
2770 623 2956 688 ἁπλῶς
2985 628 3013 678 6
3053 625 3300 689 πλοῦτος,
3343 625 3466 678 οὔτε

1898 706 2092 761 κακόν.
2123 708 2185 760 EE
2216 707 2379 762 καλὸν
2409 704 2478 781 ἦν
2518 710 2722 775 ἁπλῶς,
2757 712 2870 766 ἀλλ’
2911 713 3031 782 οὐχὶ
3067 713 3251 784 μέσον,
3281 715 3378 767 οὐκ
3402 714 3468 767 ἀ»)

1900 796 1930 848 6
1955 796 2048 848 ἐπὶ
2075 796 2168 848 τοῦ
2199 797 2447 868 Λαζάρου
2492 799 2748 866 πλούσιος
2786 801 3008 856 τοιαῦτα
3049 803 3333 866 ἐκολάζετο
3355 819 3368 832 ο
3419 804 3468 854 εί

1897 885 2067 938 κακον
2092 880 2182 955 ἦν,
2213 885 2314 939 οὐκ
2345 887 2411 939 ἀν
2459 888 2711 958 Ἀϐραὰμ
2745 889 2914 953 οὕτως
2960 891 3280 960 εὐδοκίμησε
3315 889 3469 942 πλού-

1896 987 2007 1035 σιος
2031 971 2129 1026 ὥν.
2158 972 2411 1028 Τοιοῦτόν
2439 992 2491 1026 τι
2516 976 2665 1046 καὶὴ
2696 970 2850 1041 νόσος
2875 978 3040 1031 ἐστίν.
3075 979 3136 1030 El
3167 979 3273 1048 γάρ
3302 978 3469 1030 κακὸν

1890 1055 1960 1131 ἦν
1996 1063 2028 1132 ή
2055 1061 2235 1130 νόσος,
2261 1063 2367 1116 ἔδει
2393 1065 2486 1119 καί
2505 1065 2694 1119 τοῦτον
2722 1077 2744 1104 ε
2771 1066 2940 1120 κακόν
2966 1063 3104 1121 εἶναι
3137 1068 3228 1120 τὸν
3257 1067 3466 1138 ἔχοντα.

1897 1149 2040 1220 Ἀρα
2069 1151 2164 1203 καὶ
2195 1150 2456 1222 Τιμόθεος
2483 1152 2708 1224 ἔμελλεν
2735 1149 2875 1208 εἶναι
2903 1156 3043 1209 κατὰ
3074 1156 3233 1209 τοῦτο
3277 1156 3466 1219 κακὸς,

1892 1237 2093 1310 ἐσχάτῃ
2126 1239 2266 1309 νόσῳ
2300 1238 2565 1293 παλαίων.
2612 1241 2766 1308 Οἵνῳ
2797 1242 2906 1311 γὰρ
2937 1243 3119 1312 ὀλίγῳ
3139 1242 3280 1312 χρῶ,
3312 1245 3466 1314 φησι,

1889 1323 1986 1377 διὰ
2007 1325 2116 1379 τὸν
2141 1328 2451 1396 στόμαχόν
2479 1343 2616 1392 σου,
2639 1331 2736 1383 καί
2766 1330 2873 1396 τὰς
2899 1330 3134 1397 πυκνάς
3158 1349 3272 1387 σου
3291 1333 3470 1387 ἀσθε-

1890 1412 2076 1479 νείας.
2110 1414 2172 1467 El
2208 1414 2266 1467 δὲ
2295 1415 2354 1467 ού
2388 1415 2548 1484 μόνον
2597 1417 2765 1480 κακὸς
2797 1418 2894 1471 ούκ
2922 1413 2988 1489 ἦν
3016 1419 3296 1482 ἐντεῦθεν,
3332 1419 3468 1474 ἀλλά

1890 1500 1984 1553 καὶ
2008 1499 2204 1553 πολλοῦ
2231 1501 2424 1572 μισθοῦ
2441 1503 2756 1576 προσθήκην
2773 1504 3064 1576 ἐλάμϐανε,
3087 1509 3347 1574 γενναίως
3369 1509 3468 1578 τὴν

1889 1587 2200 1658 ἀρρωστίαν
2238 1588 2486 1657 ἐνέγκας,
2527 1589 2746 1660 εῦδηλον
2786 1592 2868 1646 δτι
2899 1593 2959 1646 ού
3005 1593 3173 1647 κακὸν
3219 1596 3251 1663 ή
3290 1595 3462 1659 νόσος.

1889 1675 2001 1727 Kal
2021 1676 2208 1748 ἕτερος
2229 1675 2285 1729 δὲ
2311 1679 2594 1748 προφήτης
2620 1679 2744 1742 τοὺς
2767 1679 3077 1750 ὀφθαλμοὺς
3102 1681 3270 1734 νοσῶν
3287 1681 3466 1734 διετέ-

1890 1762 1972 1816 λει
1993 1779 2007 1793 '
2035 1763 2152 1817 ἀλλ’
2172 1765 2233 1817 ού
2264 1764 2404 1818 κατά
2434 1765 2590 1818 τοῦτο
2608 1766 2798 1832 κακὸς,
2822 1766 2960 1820 ἀλλὰ
2980 1767 3073 1821 καὶ
3101 1770 3462 1839 προεφήτευε,

1895 1853 1993 1905 καὶ
2021 1853 2088 1904 τά
2111 1853 2373 1923 μέλλοντα
2397 1854 2670 1927 προεώρα,
2701 1857 2796 1908 καὶ
2825 1855 2977 1909 οὐδὲν
3007 1857 3040 1925 ἠ
3068 1856 3220 1919 νόσος
3253 1859 3332 1920 είς
3364 1859 3464 1927 τὴν

1895 1940 2096 2012 ἀρετὴν
2133 1943 2347 2009 ἐγένετο
2380 1941 2627 2013 κώλυμα.
2673 1943 2811 1996 Ἀλλ’
2838 1943 2958 1996 οὐδὲ
2998 1946 3032 2014 ή
3063 1945 3242 2012 ὑγίεια
3282 1945 3466 2008 ἁπλῶς

1895 2029 2083 2094 καλὸν,
2119 2029 2185 2084 ἂν
2216 2033 2291 2102 μή
2325 2033 2518 2096 τις-εἱς
2539 2032 2658 2085 δέον
2686 2033 3027 2103 κεχρημένος
3059 2033 3194 2104 αὐτῇ
3219 2035 3325 2102 εῖη,
3349 2033 3466 2086 ἀλλ’

1891 2119 1974 2181 είς
1997 2118 2260 2190 ἐργασίαν
2288 2120 2601 2192 πονηρὰν,ἢ
2622 2123 2699 2184 είς
2723 2121 2922 2191 ἀργίαν
2945 2119 3198 2190 ἀνόητον·
3221 2121 3338 2174 οὐδὲ
3362 2121 3469 2192 γὰρ

1889 2206 2049 2258 τοῦτο
2091 2206 2404 2261 ἀνεύθυνον.
2436 2209 2527 2261 Διὸ
2551 2208 2645 2261 καὶ
2667 2209 2696 2262 6
2735 2206 2946 2272 Παῦλος
2979 2207 3164 2276 ἔλεγεν
3189 2223 3206 2238 ·
3269 2208 3343 2262 El
3380 2226 3470 2274 τις

1887 2294 1961 2345 οὐ
1999 2293 2159 2346 θέλει
2199 2293 2562 2364 ἐργάζέσθαι,
2601 2294 2755 2365 μηδὲ
2783 2296 3047 2350 ἐσθιέτω.
3105 2295 3264 2349 Ἀλλά
3294 2295 3469 2350 ταῦτα

1887 2377 1996 2432 τῶν
2030 2379 2212 2450 μέσων
2243 2382 2394 2447 ἐστὶ,
2449 2385 2598 2454 παρὰ
2647 2382 2774 2446 τοὺς
2835 2382 3152 2454 χρωμένους
3200 2377 3329 2436 ποτὲ
3369 2384 3467 2454 μὲν

1891 2465 2073 2531 τοῦτο,
2115 2469 2246 2522 ποτὲ
2274 2470 2331 2523 δέ
2369 2473 2543 2524 ἐκεῖνο
2579 2471 2841 2541 γινόμενα
2862 2471 2912 2525 ἀ.
2945 2473 3055 2526 Καὶ
3085 2472 3138 2525 τί
3170 2472 3251 2525 δεῖ
3290 2471 3466 2540 λέγειν

1886 2552 2116 2621 ὑγίειαν,
2158 2555 2253 2608 καὶ
2288 2555 2461 2622 νόσον,
2497 2558 2592 2610 καὶ
2630 2557 2880 2620 πλοῦτον,
2932 2560 3028 2612 καὶ
3067 2559 3294 2624 πενίαν;
3326 2560 3468 2613 Δύτδ

1883 2641 1994 2713 γὰρ
2021 2642 2201 2709 τοῦτο,
2232 2644 2260 2697 ὃ
2282 2643 2558 2709 δοκεῖτοῖς
2586 2646 2797 2711 πολλοῖς
2827 2641 2965 2702 εἶναι
2990 2648 3101 2701 τῶν
3126 2647 3346 2717 ἀγαθῶν
3373 2665 3465 2702 κε-

1891 2729 2142 2798 φάλαιον,
2168 2732 2390 2785 καὶτῶν
2413 2732 2600 2786 κακῶν
2621 2736 2650 2788 6
2679 2734 2942 2804 κολοφὼν,
2974 2737 3002 2789 6
3025 2735 3270 2807 θάνατος,
3300 2735 3462 2804 λέγω,

1886 2818 1982 2871 καὶ
2011 2820 2045 2890 ἡ
2080 2818 2216 2890 ζωὴ,
2243 2821 2363 2874 ούδέ
2385 2821 2556 2875 ταῦτα
2590 2821 2775 2886 ἀπλῶς
2802 2823 2974 2884 ἔσται,
3006 2821 3142 2877 ἀλλά
3171 2823 3266 2876 καὶ
3293 2823 3464 2877 ταῦτα

1888 2905 2042 2986 [152]
2072 2908 2181 2960 τῶν
2225 2908 2432 2977 μέσων,
2464 2909 2611 2982 παρά
2639 2911 2737 2981 τὴν
2768 2910 2994 2982 γνώμην
3031 2910 3140 2964 τῶν
3167 2909 3466 2981 χρωμένων

1886 2995 2121 3066 ἑκάτερα
2144 2995 2315 3050 ταῦτα
2335 2999 2613 3068 γινόμενα.
2638 2995 2762 3052 Οἴόν
2788 3017 2841 3052 τι
2870 2999 3043 3068 λέγω·
3075 2999 3135 3052 16
3156 2998 3254 3070 ζῇν
3278 2998 3463 3061 καλὸν,

1886 3082 2014 3136 ὅταν
2047 3084 2128 3146 είς
2157 3083 2274 3137 δέον
2317 3083 2596 3156 χρώμενος
2637 3086 2787 3156 αὐτῷ
2824 3105 2907 3153 τις
2957 3089 3073 3156 είη·
3109 3088 3238 3142 ὅταν
3276 3087 3332 3140 δὲ
3385 3088 3468 3148 είς

1885 3171 2262 3241 ἁμαρτήματα
2300 3173 2394 3225 καὶ
2426 3175 2792 3244 παρανομίας,
2831 3175 3017 3228 οὐκέτι
3044 3175 3110 3228 ἂν
3153 3175 3236 3245 εἴη
3277 3173 3464 3240 καλὸν,

1885 3257 2020 3312 ἀλλὰ
2051 3257 2262 3327 βέλτιον
2278 3259 2370 3312 16v
2392 3260 2631 3314 τοιοῦτον
2652 3261 2989 3332 τελευτῆσαι.
3018 3263 3186 3316 Πάλιν
3206 3261 3236 3316 δ
3254 3261 3466 3326 πολλοῖς

1887 3349 2122 3416 φευκτὸν
2142 3343 2280 3400 εἶναι
2308 3347 2472 3413 δοκεῖ,
2503 3349 2714 3420 μυρίων
2729 3349 2948 3418 ἀγαθῶν
2967 3349 3164 3418 γένοιτ’
3181 3349 3247 3404 ἂν
3271 3350 3462 3409 αῖτιον,

1886 3435 2012 3489 ὅταν
2058 3436 2238 3488 αἰτίαν
2270 3435 2367 3507 ἔχῃ
2409 3435 2506 3507 τὴν
2538 3438 2940 3508 προσήκουσαν.
2975 3438 3084 3491 Kal
3127 3437 3376 3510 δηλοῦσιν
3415 3437 3464 3489 οῖ

1887 3523 2180 3594 μάρτυρες,
2217 3523 2268 3576 οἳ
2293 3524 2509 3578 πάντων
2536 3525 2643 3577 εἰσὶ
2662 3524 2748 3579 διὰ
2777 3523 2874 3596 τὴν
2894 3524 3150 3597 τελευτὴν
3185 3524 3468 3596 μακαριώ⁴

1883 3626 2054 3681 τεροι.
2099 3611 2196 3664 Διά
2228 3611 2292 3682 δὴ
2328 3611 2485 3665 τοῦτο
2521 3614 2550 3665 6
2597 3611 2806 3676 Παῦλος
2845 3612 2943 3682 οὐχ
2973 3613 3158 3675 ἁπλῶς
3201 3611 3464 3682 ἐπεθύμει

1889 3696 1988 3768 ζῇν
2007 3699 2066 3751 ἐν
2092 3699 2334 3771 Χριστῷ,
2353 3699 2468 3752 ἀλλ’
2489 3700 2678 3770 ἐπειδὴ
2695 3699 2852 3753 τοῦτο
2881 3698 3030 3770 αὐτῷ
3054 3698 3262 3766 καρπὸς
3278 3699 3460 3770 ἔργου.

1883 3785 1993 3839 Καὶ
2029 3787 2086 3840 τί
2108 3787 2425 3856 αίρήσομαι
2473 3787 2602 3858 γάρ,
2651 3789 2836 3857 φησὶν,
2881 3789 2952 3841 οὐ
2992 3787 3244 3856 γνωρίζω
3269 3807 3280 3820 ·
3318 3803 3468 3841 συν-

1883 3872 2093 3942 έχομαι
2125 3873 2194 3926 δὲ
2233 3875 2302 3927 ἐκ
2333 3873 2452 3927 τῶν
2494 3875 2603 3929 δύο
2625 3915 2639 3937 ,
2673 3875 2789 3941 τὴν
2818 3875 3138 3944 ἐπιθυμίαν
3175 3876 3331 3943 ἔχων
3358 3874 3464 3928 τοῦ

1884 3959 2187 4014 ἀναλῦσαι
2210 3960 2306 4014 καί
2327 3960 2450 4013 σὺν
2481 3961 2710 4028 Χριστῷ
2735 3956 2889 4014 εἶναι
2905 3979 2918 3991 ·
2939 3961 3150 4026 πολλῷ
3178 3963 3289 4030 γὰρ
3305 3960 3464 4029 μᾶλ-

1882 4049 1998 4100 λον
2023 4046 2338 4114 κρεῖσσον·
2373 4046 2438 4100 τὸ
2461 4046 2529 4099 δὲ
2549 4046 2842 4116 ἐπιμεῖναι
2872 4045 2945 4113 τῇ
2973 4046 3150 4114 σαρκὶ
3182 4047 3466 4117 ἀναγκαιο

1886 4136 2096 4202 ότερον
2124 4133 2200 4188 δι’
2238 4133 2416 4204 ὑμᾶς.
2457 4135 2555 4188 Διά
2581 4134 2644 4204 δὴ
2676 4134 2835 4188 τοῦτο
2869 4134 2964 4187 καὶ
2987 4136 3017 4186 6
3041 4131 3351 4204 Προφήτης,
3389 4134 3470 4186 Τί-

1879 4239 2018 4292 μιος
2062 4223 2343 4278 ἐναντίον
2369 4223 2593 4290 Κυρίου
2628 4225 2660 4275 ὀ
2689 4221 2946 4287 θάνατος
2987 4219 3108 4273 τῶν
3139 4219 3324 4273 ὁσίων
3361 4222 3468 4274 αύ-

1887 4309 1994 4364 τοῦ
2017 4325 2030 4339 ·
2059 4310 2156 4379 οὐχ
2197 4308 2382 4373 ἁπλῶς
2409 4311 2438 4363 6
2467 4308 2719 4373 θάνατος,
2749 4307 2864 4362 ἀλλ’
2896 4309 2925 4360 6
2971 4306 3174 4360 τοιόσδε
3215 4306 3466 4370 θάνατος.

1889 4397 2002 4450 Kal
2037 4397 2198 4451 πάλιν
2227 4395 2484 4467 ἀλλαχοῦ,
2511 4395 2776 4462 Θάνατος
2798 4393 3163 4466 ἁμαρτωλῶν
3181 4396 3464 4464 πονηρός.

1902 4485 2064 4556 Ὁρᾷς
2093 4486 2189 4539 καὶ
2218 4483 2376 4538 τοῦτο
2407 4483 2514 4538 τῶν
2543 4484 2744 4556 μέσων,
2780 4485 2877 4555 οὐχ
2913 4484 3096 4547 ἁπλῶς
3121 4482 3305 4549 καλὸν,
3345 4482 3466 4536 οὐδὲ

1886 4573 2072 4638 ἀπλῶς
2104 4573 2295 4639 κακὸν,
2331 4573 2447 4628 ἀλλ’
2476 4573 2585 4628 ἀπὸ
2617 4574 2714 4645 τῆς
2748 4573 2972 4645 γνώμης
2992 4573 3101 4656 τῶν
3127 4571 3464 4642 ύποδεχομέ·
3512 4625 3516 4628 .

1884 4679 1991 4715 νων
2019 4661 2189 4726 αὐτό;
2232 4661 2330 4716 Διά
2364 4660 2428 4734 δὴ
2457 4661 2616 4715 τοῦτο
2642 4662 2736 4714 καὶ
2773 4663 2802 4716 6
2847 4662 3158 4731 σοφώτατος
3190 4659 3464 4731 Σολομὼν,

1885 4751 1947 4804 16
1977 4751 2140 4821 μέσον
2173 4751 2379 4804 τούτων
2411 4751 2472 4804 16
2503 4751 2777 4822 χρήσιμον
2816 4750 3152 4820 καταλέγων,
3184 4750 3280 4802 καὶ
3315 4749 3466 4817 φιλο-

1888 4838 2072 4906 σοφῶν
2095 4837 2237 4908 ὑπὲρ
2259 4838 2460 4901 αὐτῶν,
2489 4839 2584 4891 καὶ
2603 4838 2816 4900 δεικνὺς
2841 4837 2924 4889 ὅτι
2948 4837 3047 4906 οὐχ
3081 4835 3266 4897 ἀπλῶς
3307 4834 3466 4888 τοῦτο

1882 4924 2068 4988 καλὸν,
2103 4926 2323 4980 κάκεῖνο
2356 4925 2548 4990 κακὸν,
2577 4923 2715 4978 ἀλλά
2748 4924 2884 4996 μετά
2917 4921 3112 4994 καιροῦ
3141 4921 3237 4974 τοῦ
3297 4940 3466 4995 προσ-

1883 5016 2109 5087 ήκοντος
2133 5015 2343 5082 γίνεται
2377 5014 2538 5079 καλὰ,
2567 5013 2669 5068 κᾶν
2689 5013 2923 5085 φορτικά
2947 5007 3087 5066 εἶναι
3104 5012 3236 5083 δοκῇ
3265 5023 3311 5078 ε,
3330 5013 3459 5066 ὅταν

1883 5103 1978 5156 τὸν
2010 5102 2203 5173 καιρὸν
2252 5103 2326 5174 μὴ
2365 5105 2464 5174 ἔχῃ
2510 5102 2600 5156 16v
2653 5102 3034 5174 προσήκοντα,
3093 5101 3308 5170 Καιρός
3355 5100 3462 5154 τοῦ

1882 5189 2167 5254 κλαῦσαι,
2187 5191 2283 5243 καὶ
2303 5189 2510 5258 καιρὸς
2531 5189 2638 5242 τοῦ
2663 5188 2932 5259 γελάσαι,
2947 5188 3121 5257 έλεγε,
3140 5189 3342 5258 καιρὸς
3355 5188 3462 5242 τοῦ

1882 5275 2080 5346 ζῆσαι,
2109 5277 2210 5330 καὶ
2235 5275 2440 5344 καιρὸς
2460 5275 2566 5329 τοῦ
2594 5275 2939 5330 ἀποθανεῖν.
2973 5276 3107 5329 Ούδέ
3124 5275 3233 5349 γὰρ
3255 5293 3462 5330 παντα-

1866 5366 1977 5436 χοῦ
2012 5367 2072 5420 16
2101 5365 2324 5438 χαίρειν
2347 5365 2533 5432 καλὸν,
2563 5365 2676 5419 ἀλλ’
2705 5365 2853 5420 ἔστιν
2880 5366 3011 5420 ὅπου
3046 5367 3139 5421 καὶ
3161 5365 3421 5437 βλαϐερόν
3445 5379 3460 5395 ο

1946 5530 1974 5600 ο.
1998 5525 2284 5589 Legendum
2308 5533 2441 5577 esset
2464 5527 2545 5574 καὶ
2571 5526 2763 5588 ταύτην,
2802 5527 3070 5576 secundum
3104 5522 3464 5588 grammaticam

1877 5601 2230 5715 δεῖξιῗξνόμιγα.
2261 5649 2310 5698 In
2335 5649 2502 5715 Gram
2527 5652 2792 5715 exemplari
2813 5643 3339 5715 γινόμενοηεεεζιιιιιιτ.
3440 5702 3450 5715 ἢ

1944 5713 1970 5743 ⁸
2019 5706 2138 5761 Ροὲι
2158 5712 2273 5773 δοκῇ
2300 5713 2575 5760 addendum
2622 5706 2933 5773 \‘iilelur'ml
2964 5706 3240 5773 xaxa‘z_,_u_&v
3280 5706 3462 5764 χρηστά

1879 5776 1994 5825 εἶναι
2018 5776 2155 5844 δοκῇ,
2179 5767 2549 5836 vefisimileque
2571 5781 2642 5824 es!
2669 5775 2760 5823 hoc
2783 5772 3054 5821 membrum
3078 5767 3139 5814 δι’
3167 5769 3465 5828 60010111120-

1877 5853 1958 5888 τον
1981 5847 2241 5886 ειειαιεεθ.
