  <div class='ocr_page' id='page_1' title='image "/cluster/home/n/w/nwhite01/storage/ocr_20150623/56/hvd.32044048208490/155.png"; bbox 0 0 4092 6218; ppageno 0'>
   <div class='ocr_carea' id='block_1_1' title="bbox 566 258 732 369">
    <p class='ocr_par' dir='ltr' id='par_1_1' title="bbox 566 258 732 369">
     <span class='ocr_line' id='line_1_1' title="bbox 566 258 732 369; baseline 0.006 -1"><span class='ocrx_word' id='word_1_1' title='bbox 566 258 601 291; x_wconf 43' lang='grc' dir='ltr'><em>ρ</em></span> <span class='ocrx_word' id='word_1_2' title='bbox 632 311 732 369; x_wconf 69' lang='grc' dir='ltr'>ΗΘ</span> 
     </span>
    </p>
   </div>
   <div class='ocr_carea' id='block_1_2' title="bbox 625 423 2198 497">
    <p class='ocr_par' dir='ltr' id='par_1_2' title="bbox 625 423 2198 497">
     <span class='ocr_line' id='line_1_2' title="bbox 625 423 2198 497; baseline -0.003 -15"><span class='ocrx_word' id='word_1_3' title='bbox 625 423 751 482; x_wconf 72' lang='grc' dir='ltr'>οὕτε</span> <span class='ocrx_word' id='word_1_4' title='bbox 780 425 1057 497; x_wconf 87' lang='grc' dir='ltr'>πανταχοῦ</span> <span class='ocrx_word' id='word_1_5' title='bbox 1090 426 1151 479; x_wconf 77' lang='grc' dir='ltr'>τὸ</span> <span class='ocrx_word' id='word_1_6' title='bbox 1182 425 1366 495; x_wconf 82' lang='grc' dir='ltr'>ἀλγεῖν</span> <span class='ocrx_word' id='word_1_7' title='bbox 1390 428 1572 494; x_wconf 79' lang='grc' dir='ltr'>καλὸν,</span> <span class='ocrx_word' id='word_1_8' title='bbox 1608 429 1724 483; x_wconf 83' lang='grc' dir='ltr'>ἀλλ’</span> <span class='ocrx_word' id='word_1_9' title='bbox 1756 427 1902 481; x_wconf 81' lang='grc' dir='ltr'>ἐστιν</span> <span class='ocrx_word' id='word_1_10' title='bbox 1930 427 2063 480; x_wconf 82' lang='grc' dir='ltr'>ὅπου</span> <span class='ocrx_word' id='word_1_11' title='bbox 2103 424 2198 479; x_wconf 69' lang='grc' dir='ltr'>καὶ</span> 
     </span>
    </p>
   </div>
   <div class='ocr_carea' id='block_1_3' title="bbox 626 507 2199 581">
    <p class='ocr_par' dir='ltr' id='par_1_3' title="bbox 626 507 2199 581">
     <span class='ocr_line' id='line_1_3' title="bbox 626 507 2199 581; baseline -0.003 -17"><span class='ocrx_word' id='word_1_12' title='bbox 626 509 925 579; x_wconf 76' lang='grc' dir='ltr'>θανάσιμον</span> <span class='ocrx_word' id='word_1_13' title='bbox 968 511 1063 562; x_wconf 75' lang='grc' dir='ltr'>καὶ</span> <span class='ocrx_word' id='word_1_14' title='bbox 1095 509 1360 581; x_wconf 83' lang='grc' dir='ltr'>ὀλέθριον.</span> <span class='ocrx_word' id='word_1_15' title='bbox 1401 513 1512 565; x_wconf 77' lang='grc' dir='ltr'>Καὶ</span> <span class='ocrx_word' id='word_1_16' title='bbox 1548 511 1708 565; x_wconf 82' lang='grc' dir='ltr'>τοῦτο</span> <span class='ocrx_word' id='word_1_17' title='bbox 1741 510 1874 565; x_wconf 77' lang='grc' dir='ltr'>αὐτὸ</span> <span class='ocrx_word' id='word_1_18' title='bbox 1901 509 2061 563; x_wconf 87' lang='grc' dir='ltr'>πάλιν</span> <span class='ocrx_word' id='word_1_19' title='bbox 2088 507 2199 561; x_wconf 85' lang='grc' dir='ltr'>δει-</span> 
     </span>
    </p>
   </div>
   <div class='ocr_carea' id='block_1_4' title="bbox 624 591 2206 663">
    <p class='ocr_par' dir='ltr' id='par_1_4' title="bbox 624 591 2206 663">
     <span class='ocr_line' id='line_1_4' title="bbox 624 591 2206 663; baseline -0.002 -16"><span class='ocrx_word' id='word_1_20' title='bbox 624 593 758 656; x_wconf 83' lang='grc' dir='ltr'>κνὺς</span> <span class='ocrx_word' id='word_1_21' title='bbox 785 594 814 646; x_wconf 99' lang='lat'>6</span> <span class='ocrx_word' id='word_1_22' title='bbox 841 591 1056 656; x_wconf 82' lang='grc' dir='ltr'>Παῦλος</span> <span class='ocrx_word' id='word_1_23' title='bbox 1088 592 1277 663; x_wconf 80' lang='grc' dir='ltr'>ἔλεγεν</span> <span class='ocrx_word' id='word_1_24' title='bbox 1298 611 1313 626; x_wconf 78' lang='grc' dir='ltr'>ο</span> <span class='ocrx_word' id='word_1_25' title='bbox 1352 595 1416 650; x_wconf 83' lang='grc' dir='ltr'><strong>Ἠ</strong></span> <span class='ocrx_word' id='word_1_26' title='bbox 1441 596 1593 650; x_wconf 80' lang='grc' dir='ltr'>κατὰ</span> <span class='ocrx_word' id='word_1_27' title='bbox 1639 594 1789 649; x_wconf 74' lang='grc' dir='ltr'>Θεὸν</span> <span class='ocrx_word' id='word_1_28' title='bbox 1823 594 1988 660; x_wconf 73' lang='grc' dir='ltr'>λύπη</span> <span class='ocrx_word' id='word_1_29' title='bbox 2025 591 2206 661; x_wconf 79' lang='grc' dir='ltr'>μετά-</span> 
     </span>
    </p>
   </div>
   <div class='ocr_carea' id='block_1_5' title="bbox 621 674 2203 748">
    <p class='ocr_par' dir='ltr' id='par_1_5' title="bbox 621 674 2203 748">
     <span class='ocr_line' id='line_1_5' title="bbox 621 674 2203 748; baseline -0.002 -17"><span class='ocrx_word' id='word_1_30' title='bbox 621 691 797 731; x_wconf 70' lang='grc' dir='ltr'>νοιαν</span> <span class='ocrx_word' id='word_1_31' title='bbox 824 678 915 741; x_wconf 83' lang='grc' dir='ltr'>εις</span> <span class='ocrx_word' id='word_1_32' title='bbox 946 678 1249 744; x_wconf 74' lang='grc' dir='ltr'>σωτηρίαν</span> <span class='ocrx_word' id='word_1_33' title='bbox 1273 678 1728 748; x_wconf 68' lang='grc' dir='ltr'>ἀμεταμέλητον</span> <span class='ocrx_word' id='word_1_34' title='bbox 1761 674 2203 745; x_wconf 73' lang='grc' dir='ltr'>κατεργάζεταν</span> 
     </span>
    </p>
   </div>
   <div class='ocr_carea' id='block_1_6' title="bbox 621 757 2060 829">
    <p class='ocr_par' dir='ltr' id='par_1_6' title="bbox 621 757 2060 829">
     <span class='ocr_line' id='line_1_6' title="bbox 621 757 2060 829; baseline 0 -18"><span class='ocrx_word' id='word_1_35' title='bbox 621 758 665 827; x_wconf 80' lang='grc' dir='ltr'><strong><em>ἠ</em></strong></span> <span class='ocrx_word' id='word_1_36' title='bbox 687 757 758 811; x_wconf 79' lang='grc' dir='ltr'>δὲ</span> <span class='ocrx_word' id='word_1_37' title='bbox 778 758 886 813; x_wconf 80' lang='grc' dir='ltr'>τοῦ</span> <span class='ocrx_word' id='word_1_38' title='bbox 908 761 1140 827; x_wconf 82' lang='grc' dir='ltr'>κόσμου</span> <span class='ocrx_word' id='word_1_39' title='bbox 1163 760 1329 829; x_wconf 70' lang='grc' dir='ltr'>λύπη</span> <span class='ocrx_word' id='word_1_40' title='bbox 1350 760 1610 815; x_wconf 74' lang='grc' dir='ltr'>θάνατον</span> <span class='ocrx_word' id='word_1_41' title='bbox 1634 758 2060 829; x_wconf 65' lang='grc' dir='ltr'>κατεργάζεται.</span> 
     </span>
    </p>
   </div>
   <div class='ocr_carea' id='block_1_7' title="bbox 693 840 2206 916">
    <p class='ocr_par' dir='ltr' id='par_1_7' title="bbox 693 840 2206 916">
     <span class='ocr_line' id='line_1_7' title="bbox 693 840 2206 916; baseline -0.001 -21"><span class='ocrx_word' id='word_1_42' title='bbox 693 847 753 895; x_wconf 84' lang='grc' dir='ltr'>ε’.</span> <span class='ocrx_word' id='word_1_43' title='bbox 807 842 971 913; x_wconf 77' lang='grc' dir='ltr'>Ὀρᾷς</span> <span class='ocrx_word' id='word_1_44' title='bbox 1002 841 1282 898; x_wconf 78' lang='grc' dir='ltr'>καὶτοῦτο</span> <span class='ocrx_word' id='word_1_45' title='bbox 1303 844 1412 899; x_wconf 90' lang='grc' dir='ltr'>τῶν</span> <span class='ocrx_word' id='word_1_46' title='bbox 1443 844 1626 916; x_wconf 82' lang='grc' dir='ltr'>μέσων</span> <span class='ocrx_word' id='word_1_47' title='bbox 1650 844 1744 909; x_wconf 78' lang='lat' dir='ltr'>6v;</span> <span class='ocrx_word' id='word_1_48' title='bbox 1774 840 1984 896; x_wconf 81' lang='grc' dir='ltr'>Οὐκοῦν</span> <span class='ocrx_word' id='word_1_49' title='bbox 2022 840 2115 895; x_wconf 73' lang='grc' dir='ltr'>καὶ</span> <span class='ocrx_word' id='word_1_50' title='bbox 2143 840 2206 894; x_wconf 76' lang='grc' dir='ltr'>τὸ</span> 
     </span>
    </p>
   </div>
   <div class='ocr_carea' id='block_1_8' title="bbox 622 924 2205 998">
    <p class='ocr_par' dir='ltr' id='par_1_8' title="bbox 622 924 2205 998">
     <span class='ocr_line' id='line_1_8' title="bbox 622 924 2205 998; baseline 0 -20"><span class='ocrx_word' id='word_1_51' title='bbox 622 924 863 979; x_wconf 77' lang='grc' dir='ltr'>ἐναντίον</span> <span class='ocrx_word' id='word_1_52' title='bbox 889 925 1055 979; x_wconf 82' lang='grc' dir='ltr'>αὑτοῦ</span> <span class='ocrx_word' id='word_1_53' title='bbox 1085 925 1194 979; x_wconf 89' lang='grc' dir='ltr'>τῶν</span> <span class='ocrx_word' id='word_1_54' title='bbox 1228 926 1428 997; x_wconf 81' lang='grc' dir='ltr'>μέσων,</span> <span class='ocrx_word' id='word_1_55' title='bbox 1455 927 1516 981; x_wconf 85' lang='grc' dir='ltr'>τὸ</span> <span class='ocrx_word' id='word_1_56' title='bbox 1556 926 1767 998; x_wconf 78' lang='grc' dir='ltr'>χαίρειν</span> <span class='ocrx_word' id='word_1_57' title='bbox 1799 924 1964 994; x_wconf 88' lang='grc' dir='ltr'>λέγω.</span> <span class='ocrx_word' id='word_1_58' title='bbox 2002 924 2205 995; x_wconf 84' lang='grc' dir='ltr'>Διόπερ</span> 
     </span>
    </p>
   </div>
   <div class='ocr_carea' id='block_1_9' title="bbox 620 1006 2204 1081">
    <p class='ocr_par' dir='ltr' id='par_1_9' title="bbox 620 1006 2204 1081">
     <span class='ocr_line' id='line_1_9' title="bbox 620 1006 2204 1081; baseline -0.003 -20"><span class='ocrx_word' id='word_1_59' title='bbox 620 1008 722 1079; x_wconf 81' lang='grc' dir='ltr'>οὐχ</span> <span class='ocrx_word' id='word_1_60' title='bbox 744 1008 933 1072; x_wconf 82' lang='grc' dir='ltr'>ἁπλῶς</span> <span class='ocrx_word' id='word_1_61' title='bbox 961 1009 1171 1081; x_wconf 79' lang='grc' dir='ltr'>χαίρειν</span> <span class='ocrx_word' id='word_1_62' title='bbox 1192 1010 1497 1076; x_wconf 90' lang='grc' dir='ltr'>ἐκέλευσεν,</span> <span class='ocrx_word' id='word_1_63' title='bbox 1516 1010 1651 1064; x_wconf 76' lang='grc' dir='ltr'>ἀλλὰ</span> <span class='ocrx_word' id='word_1_64' title='bbox 1671 1010 1886 1081; x_wconf 83' lang='grc' dir='ltr'>χαίρειν</span> <span class='ocrx_word' id='word_1_65' title='bbox 1913 1010 1971 1062; x_wconf 88' lang='grc' dir='ltr'>ἐν</span> <span class='ocrx_word' id='word_1_66' title='bbox 1994 1006 2204 1077; x_wconf 81' lang='grc' dir='ltr'>Κυρίῳ.</span> 
     </span>
    </p>
   </div>
   <div class='ocr_carea' id='block_1_10' title="bbox 633 1089 2204 1164">
    <p class='ocr_par' dir='ltr' id='par_1_10' title="bbox 633 1089 2204 1164">
     <span class='ocr_line' id='line_1_10' title="bbox 633 1089 2204 1164; baseline -0.001 -19"><span class='ocrx_word' id='word_1_67' title='bbox 633 1090 775 1145; x_wconf 81' lang='grc' dir='ltr'>Ἀλλ’</span> <span class='ocrx_word' id='word_1_68' title='bbox 803 1094 833 1145; x_wconf 89' lang='lat'>6</span> <span class='ocrx_word' id='word_1_69' title='bbox 855 1091 957 1163; x_wconf 78' lang='grc' dir='ltr'>μὲν</span> <span class='ocrx_word' id='word_1_70' title='bbox 981 1092 1094 1146; x_wconf 91' lang='grc' dir='ltr'>τῶν</span> <span class='ocrx_word' id='word_1_71' title='bbox 1124 1093 1305 1163; x_wconf 83' lang='grc' dir='ltr'>μέσων</span> <span class='ocrx_word' id='word_1_72' title='bbox 1331 1093 1488 1161; x_wconf 86' lang='grc' dir='ltr'>λόγος</span> <span class='ocrx_word' id='word_1_73' title='bbox 1511 1092 1712 1156; x_wconf 75' lang='grc' dir='ltr'>ἱκανῶς</span> <span class='ocrx_word' id='word_1_74' title='bbox 1742 1094 1873 1164; x_wconf 83' lang='grc' dir='ltr'>ήμϊν</span> <span class='ocrx_word' id='word_1_75' title='bbox 1894 1089 2204 1161; x_wconf 83' lang='grc' dir='ltr'>διευκρίνη-</span> 
     </span>
    </p>
   </div>
   <div class='ocr_carea' id='block_1_11' title="bbox 619 1173 2203 1250">
    <p class='ocr_par' dir='ltr' id='par_1_11' title="bbox 619 1173 2203 1250">
     <span class='ocr_line' id='line_1_11' title="bbox 619 1173 2203 1250; baseline -0.001 -23"><span class='ocrx_word' id='word_1_76' title='bbox 619 1191 733 1238; x_wconf 87' lang='grc' dir='ltr'>ται,</span> <span class='ocrx_word' id='word_1_77' title='bbox 762 1176 877 1245; x_wconf 82' lang='grc' dir='ltr'>ετγε</span> <span class='ocrx_word' id='word_1_78' title='bbox 900 1178 1177 1246; x_wconf 82' lang='grc' dir='ltr'>ἀκροατὰς</span> <span class='ocrx_word' id='word_1_79' title='bbox 1201 1178 1314 1249; x_wconf 79' lang='grc' dir='ltr'>ἔχει</span> <span class='ocrx_word' id='word_1_80' title='bbox 1345 1177 1737 1250; x_wconf 74' lang='grc' dir='ltr'>προσέχονταςο</span> <span class='ocrx_word' id='word_1_81' title='bbox 1772 1176 1910 1230; x_wconf 86' lang='grc' dir='ltr'>ίτέον</span> <span class='ocrx_word' id='word_1_82' title='bbox 1928 1176 1986 1229; x_wconf 82' lang='grc' dir='ltr'>δὲ</span> <span class='ocrx_word' id='word_1_83' title='bbox 2017 1173 2203 1227; x_wconf 76' lang='grc' dir='ltr'>λοιπὸν</span> 
     </span>
    </p>
   </div>
   <div class='ocr_carea' id='block_1_12' title="bbox 621 1256 2203 1330">
    <p class='ocr_par' dir='ltr' id='par_1_12' title="bbox 621 1256 2203 1330">
     <span class='ocr_line' id='line_1_12' title="bbox 621 1256 2203 1330; baseline -0.001 -18"><span class='ocrx_word' id='word_1_84' title='bbox 621 1258 716 1313; x_wconf 81' lang='grc' dir='ltr'>ἐπὶ</span> <span class='ocrx_word' id='word_1_85' title='bbox 740 1258 810 1312; x_wconf 76' lang='grc' dir='ltr'>τὰ</span> <span class='ocrx_word' id='word_1_86' title='bbox 854 1259 928 1330; x_wconf 80' lang='grc' dir='ltr'>μὴ</span> <span class='ocrx_word' id='word_1_87' title='bbox 958 1258 1119 1330; x_wconf 88' lang='grc' dir='ltr'>μέσα,</span> <span class='ocrx_word' id='word_1_88' title='bbox 1153 1260 1287 1313; x_wconf 83' lang='grc' dir='ltr'>ἀλλὰ</span> <span class='ocrx_word' id='word_1_89' title='bbox 1318 1260 1411 1314; x_wconf 75' lang='grc' dir='ltr'>ἐπὶ</span> <span class='ocrx_word' id='word_1_90' title='bbox 1435 1260 1505 1313; x_wconf 88' lang='grc' dir='ltr'>τά</span> <span class='ocrx_word' id='word_1_91' title='bbox 1531 1260 1693 1327; x_wconf 86' lang='grc' dir='ltr'>καλὰ,</span> <span class='ocrx_word' id='word_1_92' title='bbox 1723 1259 1759 1314; x_wconf 79' lang='grc' dir='ltr'>ἀ</span> <span class='ocrx_word' id='word_1_93' title='bbox 1782 1259 1881 1313; x_wconf 85' lang='grc' dir='ltr'>οὐκ</span> <span class='ocrx_word' id='word_1_94' title='bbox 1905 1256 1970 1312; x_wconf 81' lang='grc' dir='ltr'>ἂν</span> <span class='ocrx_word' id='word_1_95' title='bbox 1992 1256 2203 1326; x_wconf 88' lang='grc' dir='ltr'>γένοιτο</span> 
     </span>
    </p>
   </div>
   <div class='ocr_carea' id='block_1_13' title="bbox 620 1339 2201 1413">
    <p class='ocr_par' dir='ltr' id='par_1_13' title="bbox 620 1339 2201 1413">
     <span class='ocr_line' id='line_1_13' title="bbox 620 1339 2201 1413; baseline -0.002 -17"><span class='ocrx_word' id='word_1_96' title='bbox 620 1342 789 1404; x_wconf 79' lang='grc' dir='ltr'>κακὰ,</span> <span class='ocrx_word' id='word_1_97' title='bbox 819 1343 911 1395; x_wconf 74' lang='grc' dir='ltr'>καὶ</span> <span class='ocrx_word' id='word_1_98' title='bbox 931 1344 1023 1395; x_wconf 77' lang='grc' dir='ltr'>ἐπὶ</span> <span class='ocrx_word' id='word_1_99' title='bbox 1042 1343 1109 1395; x_wconf 83' lang='grc' dir='ltr'>τὰ</span> <span class='ocrx_word' id='word_1_100' title='bbox 1131 1343 1297 1406; x_wconf 76' lang='grc' dir='ltr'>κακὰ,</span> <span class='ocrx_word' id='word_1_101' title='bbox 1328 1345 1363 1397; x_wconf 71' lang='grc' dir='ltr'>ἃ</span> <span class='ocrx_word' id='word_1_102' title='bbox 1388 1345 1488 1397; x_wconf 84' lang='grc' dir='ltr'>οὐκ</span> <span class='ocrx_word' id='word_1_103' title='bbox 1514 1343 1579 1397; x_wconf 83' lang='grc' dir='ltr'>ἂν</span> <span class='ocrx_word' id='word_1_104' title='bbox 1596 1344 1807 1413; x_wconf 83' lang='grc' dir='ltr'>γένοιτο</span> <span class='ocrx_word' id='word_1_105' title='bbox 1828 1341 1988 1395; x_wconf 87' lang='grc' dir='ltr'>καλά.</span> <span class='ocrx_word' id='word_1_106' title='bbox 2018 1339 2201 1393; x_wconf 88' lang='grc' dir='ltr'>Ταῦτα</span> 
     </span>
    </p>
   </div>
   <div class='ocr_carea' id='block_1_14' title="bbox 624 1424 2200 1498">
    <p class='ocr_par' dir='ltr' id='par_1_14' title="bbox 624 1424 2200 1498">
     <span class='ocr_line' id='line_1_14' title="bbox 624 1424 2200 1498; baseline -0.001 -20"><span class='ocrx_word' id='word_1_107' title='bbox 624 1429 723 1496; x_wconf 82' lang='grc' dir='ltr'>μὲν</span> <span class='ocrx_word' id='word_1_108' title='bbox 756 1424 864 1496; x_wconf 83' lang='grc' dir='ltr'>γάρ</span> <span class='ocrx_word' id='word_1_109' title='bbox 887 1426 954 1479; x_wconf 77' lang='grc' dir='ltr'>τὰ</span> <span class='ocrx_word' id='word_1_110' title='bbox 987 1425 1255 1497; x_wconf 75' lang='grc' dir='ltr'>εἰρημένα</span> <span class='ocrx_word' id='word_1_111' title='bbox 1287 1428 1417 1481; x_wconf 85' lang='grc' dir='ltr'>ποτέ</span> <span class='ocrx_word' id='word_1_112' title='bbox 1454 1428 1554 1498; x_wconf 78' lang='grc' dir='ltr'>μὲν</span> <span class='ocrx_word' id='word_1_113' title='bbox 1574 1427 1752 1490; x_wconf 82' lang='grc' dir='ltr'>τοῦτο,</span> <span class='ocrx_word' id='word_1_114' title='bbox 1792 1425 1921 1481; x_wconf 87' lang='grc' dir='ltr'>ποτέ</span> <span class='ocrx_word' id='word_1_115' title='bbox 1942 1424 1998 1477; x_wconf 83' lang='grc' dir='ltr'>δὲ</span> <span class='ocrx_word' id='word_1_116' title='bbox 2024 1426 2200 1477; x_wconf 82' lang='grc' dir='ltr'>ἐκεῖνο</span> 
     </span>
    </p>
   </div>
   <div class='ocr_carea' id='block_1_15' title="bbox 620 1505 2199 1583">
    <p class='ocr_par' dir='ltr' id='par_1_15' title="bbox 620 1505 2199 1583">
     <span class='ocr_line' id='line_1_15' title="bbox 620 1505 2199 1583; baseline 0 -21"><span class='ocrx_word' id='word_1_117' title='bbox 620 1508 858 1577; x_wconf 75' lang='grc' dir='ltr'>γίνεταιο</span> <span class='ocrx_word' id='word_1_118' title='bbox 902 1505 1015 1563; x_wconf 75' lang='grc' dir='ltr'>οἷον</span> <span class='ocrx_word' id='word_1_119' title='bbox 1057 1512 1085 1565; x_wconf 90' lang='lat'>6</span> <span class='ocrx_word' id='word_1_120' title='bbox 1129 1510 1358 1575; x_wconf 88' lang='grc' dir='ltr'>πλοῦτος</span> <span class='ocrx_word' id='word_1_121' title='bbox 1406 1512 1538 1565; x_wconf 86' lang='grc' dir='ltr'>ποτέ</span> <span class='ocrx_word' id='word_1_122' title='bbox 1584 1512 1681 1583; x_wconf 85' lang='grc' dir='ltr'>μὲν</span> <span class='ocrx_word' id='word_1_123' title='bbox 1713 1510 1906 1568; x_wconf 80' lang='grc' dir='ltr'>κακὸν.</span> <span class='ocrx_word' id='word_1_124' title='bbox 1939 1510 2068 1563; x_wconf 83' lang='grc' dir='ltr'>ὅταν</span> <span class='ocrx_word' id='word_1_125' title='bbox 2117 1510 2199 1573; x_wconf 89' lang='grc' dir='ltr'>εἰς</span> 
     </span>
    </p>
   </div>
   <div class='ocr_carea' id='block_1_16' title="bbox 619 1592 2198 1663">
    <p class='ocr_par' dir='ltr' id='par_1_16' title="bbox 619 1592 2198 1663">
     <span class='ocr_line' id='line_1_16' title="bbox 619 1592 2198 1663; baseline -0.001 -16"><span class='ocrx_word' id='word_1_126' title='bbox 619 1592 931 1658; x_wconf 82' lang='grc' dir='ltr'>πλεονεξίαν</span> <span class='ocrx_word' id='word_1_127' title='bbox 960 1594 1287 1659; x_wconf 79' lang='grc' dir='ltr'>δαπανᾶται,</span> <span class='ocrx_word' id='word_1_128' title='bbox 1316 1596 1447 1649; x_wconf 84' lang='grc' dir='ltr'>ποτὲ</span> <span class='ocrx_word' id='word_1_129' title='bbox 1472 1595 1529 1650; x_wconf 78' lang='grc' dir='ltr'>δὲ</span> <span class='ocrx_word' id='word_1_130' title='bbox 1565 1595 1749 1660; x_wconf 76' lang='grc' dir='ltr'>καλὸν,</span> <span class='ocrx_word' id='word_1_131' title='bbox 1780 1596 1908 1648; x_wconf 86' lang='grc' dir='ltr'>ὅταν</span> <span class='ocrx_word' id='word_1_132' title='bbox 1934 1595 2012 1657; x_wconf 84' lang='grc' dir='ltr'>είς</span> <span class='ocrx_word' id='word_1_133' title='bbox 2045 1592 2198 1663; x_wconf 84' lang='grc' dir='ltr'>ἐλεη-</span> 
     </span>
    </p>
   </div>
   <div class='ocr_carea' id='block_1_17' title="bbox 622 1676 2199 1750">
    <p class='ocr_par' dir='ltr' id='par_1_17' title="bbox 622 1676 2199 1750">
     <span class='ocr_line' id='line_1_17' title="bbox 622 1676 2199 1750; baseline -0.001 -19"><span class='ocrx_word' id='word_1_134' title='bbox 622 1677 859 1750; x_wconf 88' lang='grc' dir='ltr'>μοσύνην</span> <span class='ocrx_word' id='word_1_135' title='bbox 891 1678 1248 1748; x_wconf 87' lang='grc' dir='ltr'>ἀναλίσκηται</span> <span class='ocrx_word' id='word_1_136' title='bbox 1266 1697 1279 1711; x_wconf 89' lang='grc'><strong>·</strong></span> <span class='ocrx_word' id='word_1_137' title='bbox 1312 1681 1406 1733; x_wconf 80' lang='grc' dir='ltr'>καὶ</span> <span class='ocrx_word' id='word_1_138' title='bbox 1432 1679 1500 1733; x_wconf 82' lang='grc' dir='ltr'>τὰ</span> <span class='ocrx_word' id='word_1_139' title='bbox 1526 1680 1661 1734; x_wconf 81' lang='grc' dir='ltr'>ἀλλα</span> <span class='ocrx_word' id='word_1_140' title='bbox 1687 1677 1913 1732; x_wconf 87' lang='grc' dir='ltr'>τοιαῦτα</span> <span class='ocrx_word' id='word_1_141' title='bbox 1936 1677 2077 1731; x_wconf 85' lang='grc' dir='ltr'>κατά</span> <span class='ocrx_word' id='word_1_142' title='bbox 2106 1676 2199 1730; x_wconf 83' lang='grc' dir='ltr'>τὸν</span> 
     </span>
    </p>
   </div>
   <div class='ocr_carea' id='block_1_18' title="bbox 617 1761 2199 1831">
    <p class='ocr_par' dir='ltr' id='par_1_18' title="bbox 617 1761 2199 1831">
     <span class='ocr_line' id='line_1_18' title="bbox 617 1761 2199 1831; baseline 0.001 -17"><span class='ocrx_word' id='word_1_143' title='bbox 617 1761 819 1816; x_wconf 81' lang='grc' dir='ltr'>κανόνα</span> <span class='ocrx_word' id='word_1_144' title='bbox 844 1761 1056 1817; x_wconf 88' lang='grc' dir='ltr'>τοῦτον.</span> <span class='ocrx_word' id='word_1_145' title='bbox 1091 1764 1245 1817; x_wconf 82' lang='grc' dir='ltr'>Ἔστι</span> <span class='ocrx_word' id='word_1_146' title='bbox 1273 1762 1331 1817; x_wconf 88' lang='grc' dir='ltr'>δέ</span> <span class='ocrx_word' id='word_1_147' title='bbox 1359 1780 1506 1829; x_wconf 92' lang='grc' dir='ltr'>τινα,</span> <span class='ocrx_word' id='word_1_148' title='bbox 1538 1763 1574 1819; x_wconf 84' lang='grc' dir='ltr'>ἀ</span> <span class='ocrx_word' id='word_1_149' title='bbox 1603 1764 1705 1817; x_wconf 80' lang='grc' dir='ltr'>οὐκ</span> <span class='ocrx_word' id='word_1_150' title='bbox 1736 1764 1801 1819; x_wconf 73' lang='grc' dir='ltr'>ἂν</span> <span class='ocrx_word' id='word_1_151' title='bbox 1833 1780 1963 1815; x_wconf 86' lang='grc' dir='ltr'>ποτε</span> <span class='ocrx_word' id='word_1_152' title='bbox 1985 1762 2199 1831; x_wconf 89' lang='grc' dir='ltr'>γένοιτο</span> 
     </span>
    </p>
   </div>
   <div class='ocr_carea' id='block_1_19' title="bbox 544 1844 2198 1911">
    <p class='ocr_par' dir='ltr' id='par_1_19' title="bbox 544 1844 2198 1911">
     <span class='ocr_line' id='line_1_19' title="bbox 544 1844 2198 1911; baseline 0.001 -15"><span class='ocrx_word' id='word_1_153' title='bbox 544 1898 551 1907; x_wconf 63' lang='grc'>,</span> <span class='ocrx_word' id='word_1_154' title='bbox 618 1845 795 1898; x_wconf 86' lang='grc' dir='ltr'>κακά·</span> <span class='ocrx_word' id='word_1_155' title='bbox 827 1844 897 1897; x_wconf 87' lang='grc' dir='ltr'>τά</span> <span class='ocrx_word' id='word_1_156' title='bbox 924 1845 1003 1911; x_wconf 83' lang='grc' dir='ltr'>δὲ,</span> <span class='ocrx_word' id='word_1_157' title='bbox 1039 1847 1258 1900; x_wconf 77' lang='grc' dir='ltr'>ἐναντία</span> <span class='ocrx_word' id='word_1_158' title='bbox 1292 1845 1524 1910; x_wconf 90' lang='grc' dir='ltr'>τούτοις,</span> <span class='ocrx_word' id='word_1_159' title='bbox 1553 1846 1641 1900; x_wconf 76' lang='grc' dir='ltr'>ἀεὶ</span> <span class='ocrx_word' id='word_1_160' title='bbox 1672 1845 1838 1910; x_wconf 81' lang='grc' dir='ltr'>κακὰ,</span> <span class='ocrx_word' id='word_1_161' title='bbox 1867 1846 1962 1899; x_wconf 76' lang='grc' dir='ltr'>καὶ</span> <span class='ocrx_word' id='word_1_162' title='bbox 1993 1845 2093 1899; x_wconf 77' lang='grc' dir='ltr'>οὐκ</span> <span class='ocrx_word' id='word_1_163' title='bbox 2131 1844 2198 1899; x_wconf 81' lang='grc' dir='ltr'>άν</span> 
     </span>
    </p>
   </div>
   <div class='ocr_carea' id='block_1_20' title="bbox 618 1923 2198 2001">
    <p class='ocr_par' dir='ltr' id='par_1_20' title="bbox 618 1923 2198 2001">
     <span class='ocr_line' id='line_1_20' title="bbox 618 1923 2198 2001; baseline -0.001 -19"><span class='ocrx_word' id='word_1_164' title='bbox 618 1944 747 1982; x_wconf 90' lang='grc' dir='ltr'>ποτε</span> <span class='ocrx_word' id='word_1_165' title='bbox 780 1927 995 1997; x_wconf 90' lang='grc' dir='ltr'>γένοιτο</span> <span class='ocrx_word' id='word_1_166' title='bbox 1020 1929 1196 1984; x_wconf 82' lang='grc' dir='ltr'>καλά’</span> <span class='ocrx_word' id='word_1_167' title='bbox 1242 1923 1354 1985; x_wconf 76' lang='grc' dir='ltr'>οἷον</span> <span class='ocrx_word' id='word_1_168' title='bbox 1384 1928 1628 1994; x_wconf 89' lang='grc' dir='ltr'>ἀσέϐεια,</span> <span class='ocrx_word' id='word_1_169' title='bbox 1662 1928 1998 2001; x_wconf 79' lang='grc' dir='ltr'>βλασφημία,</span> <span class='ocrx_word' id='word_1_170' title='bbox 2036 1928 2198 1983; x_wconf 86' lang='grc' dir='ltr'>ἀσέλ-</span> 
     </span>
    </p>
   </div>
   <div class='ocr_carea' id='block_1_21' title="bbox 616 2009 2196 2086">
    <p class='ocr_par' dir='ltr' id='par_1_21' title="bbox 616 2009 2196 2086">
     <span class='ocr_line' id='line_1_21' title="bbox 616 2009 2196 2086; baseline 0.001 -23"><span class='ocrx_word' id='word_1_171' title='bbox 616 2027 763 2079; x_wconf 85' lang='grc' dir='ltr'>γεια,</span> <span class='ocrx_word' id='word_1_172' title='bbox 781 2009 935 2084; x_wconf 69' lang='grc'>[155]</span> <span class='ocrx_word' id='word_1_173' title='bbox 959 2011 1202 2083; x_wconf 81' lang='grc' dir='ltr'>ὠμότης,</span> <span class='ocrx_word' id='word_1_174' title='bbox 1233 2011 1622 2085; x_wconf 85' lang='grc' dir='ltr'>άπανθρωπία,</span> <span class='ocrx_word' id='word_1_175' title='bbox 1645 2013 2077 2086; x_wconf 80' lang='grc' dir='ltr'>γαστριμαργία,</span> <span class='ocrx_word' id='word_1_176' title='bbox 2102 2012 2196 2066; x_wconf 81' lang='grc' dir='ltr'>καὶ</span> 
     </span>
    </p>
   </div>
   <div class='ocr_carea' id='block_1_22' title="bbox 614 2111 980 2150">
    <p class='ocr_par' dir='ltr' id='par_1_22' title="bbox 614 2111 980 2150">
     <span class='ocr_line' id='line_1_22' title="bbox 614 2111 980 2150; baseline 0.003 -1"><span class='ocrx_word' id='word_1_177' title='bbox 614 2112 716 2149; x_wconf 87' lang='grc' dir='ltr'>οσα</span> <span class='ocrx_word' id='word_1_178' title='bbox 736 2111 980 2150; x_wconf 86' lang='grc' dir='ltr'>τοιαυτα.</span> 
     </span>
    </p>
   </div>
   <div class='ocr_carea' id='block_1_23' title="bbox 687 2180 2197 2253">
    <p class='ocr_par' dir='ltr' id='par_1_23' title="bbox 687 2180 2197 2253">
     <span class='ocr_line' id='line_1_23' title="bbox 687 2180 2197 2253; baseline 0.002 -22"><span class='ocrx_word' id='word_1_179' title='bbox 687 2180 761 2232; x_wconf 73' lang='grc' dir='ltr'>οὐ</span> <span class='ocrx_word' id='word_1_180' title='bbox 795 2180 938 2246; x_wconf 85' lang='grc' dir='ltr'>λέγω</span> <span class='ocrx_word' id='word_1_181' title='bbox 966 2182 1047 2235; x_wconf 78' lang='grc' dir='ltr'>ὅτι</span> <span class='ocrx_word' id='word_1_182' title='bbox 1078 2181 1365 2253; x_wconf 83' lang='grc' dir='ltr'>ἄνθρωπος</span> <span class='ocrx_word' id='word_1_183' title='bbox 1398 2180 1568 2245; x_wconf 81' lang='grc' dir='ltr'>κακὸς</span> <span class='ocrx_word' id='word_1_184' title='bbox 1593 2181 1693 2235; x_wconf 83' lang='grc' dir='ltr'>οὐκ</span> <span class='ocrx_word' id='word_1_185' title='bbox 1726 2181 1792 2237; x_wconf 83' lang='grc' dir='ltr'>ἀν</span> <span class='ocrx_word' id='word_1_186' title='bbox 1824 2198 1952 2235; x_wconf 87' lang='grc' dir='ltr'>ποτε</span> <span class='ocrx_word' id='word_1_187' title='bbox 1986 2181 2197 2251; x_wconf 90' lang='grc' dir='ltr'>γένοιτο</span> 
     </span>
    </p>
   </div>
   <div class='ocr_carea' id='block_1_24' title="bbox 614 2261 2192 2334">
    <p class='ocr_par' dir='ltr' id='par_1_24' title="bbox 614 2261 2192 2334">
     <span class='ocr_line' id='line_1_24' title="bbox 614 2261 2192 2334; baseline 0.001 -19"><span class='ocrx_word' id='word_1_188' title='bbox 614 2261 801 2327; x_wconf 76' lang='grc' dir='ltr'>καλὸς,</span> <span class='ocrx_word' id='word_1_189' title='bbox 833 2262 955 2316; x_wconf 75' lang='grc' dir='ltr'>οὔτε</span> <span class='ocrx_word' id='word_1_190' title='bbox 997 2264 1160 2329; x_wconf 81' lang='grc' dir='ltr'>καλὸς</span> <span class='ocrx_word' id='word_1_191' title='bbox 1188 2266 1289 2319; x_wconf 79' lang='grc' dir='ltr'>οὐκ</span> <span class='ocrx_word' id='word_1_192' title='bbox 1325 2266 1391 2320; x_wconf 87' lang='grc' dir='ltr'>άν</span> <span class='ocrx_word' id='word_1_193' title='bbox 1422 2281 1552 2318; x_wconf 89' lang='grc' dir='ltr'>ποτε</span> <span class='ocrx_word' id='word_1_194' title='bbox 1581 2264 1796 2334; x_wconf 87' lang='grc' dir='ltr'>γένοιτο</span> <span class='ocrx_word' id='word_1_195' title='bbox 1830 2266 2032 2329; x_wconf 77' lang='grc' dir='ltr'>κακόςο</span> <span class='ocrx_word' id='word_1_196' title='bbox 2076 2264 2192 2318; x_wconf 81' lang='grc' dir='ltr'>ἀλλ’</span> 
     </span>
    </p>
   </div>
   <div class='ocr_carea' id='block_1_25' title="bbox 614 2345 2196 2419">
    <p class='ocr_par' dir='ltr' id='par_1_25' title="bbox 614 2345 2196 2419">
     <span class='ocr_line' id='line_1_25' title="bbox 614 2345 2196 2419; baseline 0.002 -20"><span class='ocrx_word' id='word_1_197' title='bbox 614 2347 696 2399; x_wconf 73' lang='grc' dir='ltr'>ὅτι</span> <span class='ocrx_word' id='word_1_198' title='bbox 726 2345 868 2400; x_wconf 77' lang='grc' dir='ltr'>αὐτά</span> <span class='ocrx_word' id='word_1_199' title='bbox 904 2346 975 2401; x_wconf 77' lang='grc' dir='ltr'>τά</span> <span class='ocrx_word' id='word_1_200' title='bbox 1001 2347 1302 2419; x_wconf 83' lang='grc' dir='ltr'>πράγματα</span> <span class='ocrx_word' id='word_1_201' title='bbox 1330 2348 1430 2401; x_wconf 83' lang='grc' dir='ltr'>οὐκ</span> <span class='ocrx_word' id='word_1_202' title='bbox 1459 2348 1527 2402; x_wconf 82' lang='grc' dir='ltr'>ἄν</span> <span class='ocrx_word' id='word_1_203' title='bbox 1563 2364 1694 2401; x_wconf 91' lang='grc' dir='ltr'>ποτε</span> <span class='ocrx_word' id='word_1_204' title='bbox 1736 2348 1965 2417; x_wconf 88' lang='grc' dir='ltr'>γένοιτο.</span> <span class='ocrx_word' id='word_1_205' title='bbox 2010 2347 2196 2402; x_wconf 88' lang='grc' dir='ltr'>Ταῦτα</span> 
     </span>
    </p>
   </div>
   <div class='ocr_carea' id='block_1_26' title="bbox 617 2429 2191 2502">
    <p class='ocr_par' dir='ltr' id='par_1_26' title="bbox 617 2429 2191 2502">
     <span class='ocr_line' id='line_1_26' title="bbox 617 2429 2191 2502; baseline 0.003 -20"><span class='ocrx_word' id='word_1_206' title='bbox 617 2429 718 2500; x_wconf 76' lang='grc' dir='ltr'>μὲν</span> <span class='ocrx_word' id='word_1_207' title='bbox 743 2429 852 2501; x_wconf 77' lang='grc' dir='ltr'>γάρ</span> <span class='ocrx_word' id='word_1_208' title='bbox 896 2430 981 2502; x_wconf 84' lang='grc' dir='ltr'>είη</span> <span class='ocrx_word' id='word_1_209' title='bbox 1012 2441 1040 2470; x_wconf 75' lang='grc'><strong>⁸</strong></span> <span class='ocrx_word' id='word_1_210' title='bbox 1068 2432 1161 2486; x_wconf 76' lang='grc' dir='ltr'>ἐπὶ</span> <span class='ocrx_word' id='word_1_211' title='bbox 1187 2431 1288 2501; x_wconf 83' lang='grc' dir='ltr'>τῆς</span> <span class='ocrx_word' id='word_1_212' title='bbox 1308 2430 1533 2495; x_wconf 86' lang='grc' dir='ltr'>οἰκείας</span> <span class='ocrx_word' id='word_1_213' title='bbox 1562 2432 1801 2497; x_wconf 81' lang='grc' dir='ltr'>τάξεως,</span> <span class='ocrx_word' id='word_1_214' title='bbox 1836 2432 1905 2486; x_wconf 86' lang='grc' dir='ltr'>τά</span> <span class='ocrx_word' id='word_1_215' title='bbox 1931 2449 1989 2485; x_wconf 84' lang='grc' dir='ltr'>τε</span> <span class='ocrx_word' id='word_1_216' title='bbox 2027 2433 2191 2495; x_wconf 88' lang='grc' dir='ltr'>καλά,</span> 
     </span>
    </p>
   </div>
   <div class='ocr_carea' id='block_1_27' title="bbox 613 2512 2196 2586">
    <p class='ocr_par' dir='ltr' id='par_1_27' title="bbox 613 2512 2196 2586">
     <span class='ocr_line' id='line_1_27' title="bbox 613 2512 2196 2586; baseline 0.001 -20"><span class='ocrx_word' id='word_1_217' title='bbox 613 2512 712 2566; x_wconf 72' lang='grc' dir='ltr'>καὶ</span> <span class='ocrx_word' id='word_1_218' title='bbox 739 2514 807 2567; x_wconf 84' lang='grc' dir='ltr'>τά</span> <span class='ocrx_word' id='word_1_219' title='bbox 838 2515 985 2569; x_wconf 83' lang='grc' dir='ltr'>κακά</span> <span class='ocrx_word' id='word_1_220' title='bbox 1008 2530 1023 2545; x_wconf 85' lang='grc'><strong>·</strong></span> <span class='ocrx_word' id='word_1_221' title='bbox 1058 2516 1089 2568; x_wconf 91' lang='lat'>6</span> <span class='ocrx_word' id='word_1_222' title='bbox 1116 2515 1174 2568; x_wconf 77' lang='grc' dir='ltr'>δέ</span> <span class='ocrx_word' id='word_1_223' title='bbox 1211 2512 1520 2585; x_wconf 67' lang='grc' dir='ltr'>ἄνθρωπος,</span> <span class='ocrx_word' id='word_1_224' title='bbox 1549 2516 1677 2568; x_wconf 83' lang='grc' dir='ltr'>ὅταν</span> <span class='ocrx_word' id='word_1_225' title='bbox 1714 2515 1813 2585; x_wconf 82' lang='grc' dir='ltr'>μὲν</span> <span class='ocrx_word' id='word_1_226' title='bbox 1853 2516 2037 2568; x_wconf 86' lang='grc' dir='ltr'>ἐκεῖνα</span> <span class='ocrx_word' id='word_1_227' title='bbox 2075 2515 2196 2586; x_wconf 78' lang='grc' dir='ltr'>ἐλη-</span> 
     </span>
    </p>
   </div>
   <div class='ocr_carea' id='block_1_28' title="bbox 611 2597 2193 2667">
    <p class='ocr_par' dir='ltr' id='par_1_28' title="bbox 611 2597 2193 2667">
     <span class='ocr_line' id='line_1_28' title="bbox 611 2597 2193 2667; baseline 0 -16"><span class='ocrx_word' id='word_1_228' title='bbox 611 2614 725 2661; x_wconf 87' lang='grc' dir='ltr'>ται,</span> <span class='ocrx_word' id='word_1_229' title='bbox 779 2597 965 2662; x_wconf 77' lang='grc' dir='ltr'>καλὸς,</span> <span class='ocrx_word' id='word_1_230' title='bbox 1011 2599 1140 2652; x_wconf 79' lang='grc' dir='ltr'>ὅταν</span> <span class='ocrx_word' id='word_1_231' title='bbox 1174 2598 1233 2652; x_wconf 78' lang='grc' dir='ltr'>δὲ</span> <span class='ocrx_word' id='word_1_232' title='bbox 1267 2598 1505 2658; x_wconf 88' lang='grc' dir='ltr'>ἐναντία,</span> <span class='ocrx_word' id='word_1_233' title='bbox 1558 2601 1745 2663; x_wconf 87' lang='grc' dir='ltr'>κακός.</span> <span class='ocrx_word' id='word_1_234' title='bbox 1790 2598 1997 2653; x_wconf 84' lang='grc' dir='ltr'>Οὐκοῦν</span> <span class='ocrx_word' id='word_1_235' title='bbox 2042 2601 2193 2667; x_wconf 82' lang='grc' dir='ltr'>τρεῖς</span> 
     </span>
    </p>
   </div>
   <div class='ocr_carea' id='block_1_29' title="bbox 612 2674 2188 2754">
    <p class='ocr_par' dir='ltr' id='par_1_29' title="bbox 612 2674 2188 2754">
     <span class='ocr_line' id='line_1_29' title="bbox 612 2674 2188 2754; baseline 0.002 -20"><span class='ocrx_word' id='word_1_236' title='bbox 612 2674 774 2735; x_wconf 74' lang='grc' dir='ltr'>αὗται</span> <span class='ocrx_word' id='word_1_237' title='bbox 809 2684 996 2753; x_wconf 76' lang='grc' dir='ltr'>μοῖραι</span> <span class='ocrx_word' id='word_1_238' title='bbox 1014 2697 1030 2713; x_wconf 86' lang='grc'><strong>·</strong></span> <span class='ocrx_word' id='word_1_239' title='bbox 1060 2681 1129 2736; x_wconf 80' lang='grc' dir='ltr'>τὰ</span> <span class='ocrx_word' id='word_1_240' title='bbox 1153 2681 1250 2753; x_wconf 78' lang='grc' dir='ltr'>μὲν</span> <span class='ocrx_word' id='word_1_241' title='bbox 1272 2680 1382 2754; x_wconf 79' lang='grc' dir='ltr'>γάρ</span> <span class='ocrx_word' id='word_1_242' title='bbox 1401 2681 1544 2735; x_wconf 86' lang='grc' dir='ltr'>καλά</span> <span class='ocrx_word' id='word_1_243' title='bbox 1568 2682 1670 2736; x_wconf 85' lang='grc' dir='ltr'>οὐκ</span> <span class='ocrx_word' id='word_1_244' title='bbox 1693 2682 1762 2737; x_wconf 77' lang='grc' dir='ltr'>ἂν</span> <span class='ocrx_word' id='word_1_245' title='bbox 1790 2682 1998 2752; x_wconf 89' lang='grc' dir='ltr'>γένοιτο</span> <span class='ocrx_word' id='word_1_246' title='bbox 2023 2683 2188 2748; x_wconf 84' lang='grc' dir='ltr'>κακά,</span> 
     </span>
    </p>
   </div>
   <div class='ocr_carea' id='block_1_30' title="bbox 612 2764 2193 2841">
    <p class='ocr_par' dir='ltr' id='par_1_30' title="bbox 612 2764 2193 2841">
     <span class='ocr_line' id='line_1_30' title="bbox 612 2764 2193 2841; baseline 0 -18"><span class='ocrx_word' id='word_1_247' title='bbox 612 2764 726 2823; x_wconf 81' lang='grc' dir='ltr'>οἷον</span> <span class='ocrx_word' id='word_1_248' title='bbox 758 2769 1104 2841; x_wconf 72' lang='grc' dir='ltr'>σωφροσύνη,</span> <span class='ocrx_word' id='word_1_249' title='bbox 1136 2769 1496 2841; x_wconf 84' lang='grc' dir='ltr'>ἐλεημοσύνη,</span> <span class='ocrx_word' id='word_1_250' title='bbox 1527 2769 1623 2824; x_wconf 67' lang='grc' dir='ltr'>καὶ</span> <span class='ocrx_word' id='word_1_251' title='bbox 1643 2771 1744 2824; x_wconf 84' lang='grc' dir='ltr'>ὃσα</span> <span class='ocrx_word' id='word_1_252' title='bbox 1766 2768 2018 2825; x_wconf 78' lang='grc' dir='ltr'>τοιαῦτα’</span> <span class='ocrx_word' id='word_1_253' title='bbox 2040 2768 2109 2822; x_wconf 86' lang='grc' dir='ltr'>τά</span> <span class='ocrx_word' id='word_1_254' title='bbox 2135 2769 2193 2823; x_wconf 81' lang='grc' dir='ltr'>δὲ</span> 
     </span>
    </p>
   </div>
   <div class='ocr_carea' id='block_1_31' title="bbox 612 2850 2191 2922">
    <p class='ocr_par' dir='ltr' id='par_1_31' title="bbox 612 2850 2191 2922">
     <span class='ocr_line' id='line_1_31' title="bbox 612 2850 2191 2922; baseline -0.002 -14"><span class='ocrx_word' id='word_1_255' title='bbox 612 2854 761 2908; x_wconf 75' lang='grc' dir='ltr'>κακά</span> <span class='ocrx_word' id='word_1_256' title='bbox 786 2854 888 2907; x_wconf 79' lang='grc' dir='ltr'>οὐκ</span> <span class='ocrx_word' id='word_1_257' title='bbox 906 2854 971 2909; x_wconf 75' lang='grc' dir='ltr'>ἄν</span> <span class='ocrx_word' id='word_1_258' title='bbox 993 2870 1124 2907; x_wconf 83' lang='grc' dir='ltr'>ποτε</span> <span class='ocrx_word' id='word_1_259' title='bbox 1151 2853 1360 2921; x_wconf 85' lang='grc' dir='ltr'>γένοιτο</span> <span class='ocrx_word' id='word_1_260' title='bbox 1385 2854 1547 2914; x_wconf 89' lang='grc' dir='ltr'>καλά.</span> <span class='ocrx_word' id='word_1_261' title='bbox 1572 2850 1683 2907; x_wconf 77' lang='grc' dir='ltr'>οἷον</span> <span class='ocrx_word' id='word_1_262' title='bbox 1712 2853 1993 2922; x_wconf 80' lang='grc' dir='ltr'>ἀσέλγεια,</span> <span class='ocrx_word' id='word_1_263' title='bbox 2016 2853 2191 2907; x_wconf 83' lang='grc' dir='ltr'>ἀπαν-</span> 
     </span>
    </p>
   </div>
   <div class='ocr_carea' id='block_1_32' title="bbox 611 2936 2193 3009">
    <p class='ocr_par' dir='ltr' id='par_1_32' title="bbox 611 2936 2193 3009">
     <span class='ocr_line' id='line_1_32' title="bbox 611 2936 2193 3009; baseline 0.001 -19"><span class='ocrx_word' id='word_1_264' title='bbox 611 2936 855 3009; x_wconf 82' lang='grc' dir='ltr'>θρωπία,</span> <span class='ocrx_word' id='word_1_265' title='bbox 908 2936 1161 3009; x_wconf 80' lang='grc' dir='ltr'>ώμότης’</span> <span class='ocrx_word' id='word_1_266' title='bbox 1209 2937 1279 2990; x_wconf 78' lang='grc' dir='ltr'>τὰ</span> <span class='ocrx_word' id='word_1_267' title='bbox 1309 2936 1366 2991; x_wconf 83' lang='grc' dir='ltr'>δὲ</span> <span class='ocrx_word' id='word_1_268' title='bbox 1408 2937 1541 2991; x_wconf 86' lang='grc' dir='ltr'>ποτέ</span> <span class='ocrx_word' id='word_1_269' title='bbox 1598 2937 1695 3009; x_wconf 82' lang='grc' dir='ltr'>μὲν</span> <span class='ocrx_word' id='word_1_270' title='bbox 1724 2936 1903 3001; x_wconf 87' lang='grc' dir='ltr'>τοῦτο,</span> <span class='ocrx_word' id='word_1_271' title='bbox 1956 2937 2086 2991; x_wconf 88' lang='grc' dir='ltr'>ποτέ</span> <span class='ocrx_word' id='word_1_272' title='bbox 2135 2936 2193 2991; x_wconf 85' lang='grc' dir='ltr'>δὲ</span> 
     </span>
    </p>
   </div>
   <div class='ocr_carea' id='block_1_33' title="bbox 612 3018 2189 3093">
    <p class='ocr_par' dir='ltr' id='par_1_33' title="bbox 612 3018 2189 3093">
     <span class='ocr_line' id='line_1_33' title="bbox 612 3018 2189 3093; baseline -0.001 -18"><span class='ocrx_word' id='word_1_273' title='bbox 612 3022 793 3075; x_wconf 74' lang='grc' dir='ltr'>ἐκεῖνο</span> <span class='ocrx_word' id='word_1_274' title='bbox 819 3021 1083 3093; x_wconf 86' lang='grc' dir='ltr'>γινόμενα</span> <span class='ocrx_word' id='word_1_275' title='bbox 1109 3022 1161 3086; x_wconf 75' lang='grc'>1³,</span> <span class='ocrx_word' id='word_1_276' title='bbox 1190 3021 1342 3093; x_wconf 76' lang='grc' dir='ltr'>παρὰ</span> <span class='ocrx_word' id='word_1_277' title='bbox 1367 3021 1466 3090; x_wconf 77' lang='grc' dir='ltr'>τὴν</span> <span class='ocrx_word' id='word_1_278' title='bbox 1490 3018 1717 3092; x_wconf 83' lang='grc' dir='ltr'>γνώμην</span> <span class='ocrx_word' id='word_1_279' title='bbox 1740 3020 1848 3074; x_wconf 91' lang='grc' dir='ltr'>τῶν</span> <span class='ocrx_word' id='word_1_280' title='bbox 1871 3020 2189 3093; x_wconf 84' lang='grc' dir='ltr'>χρωμένων.</span> 
     </span>
    </p>
   </div>
   <div class='ocr_carea' id='block_1_34' title="bbox 622 3105 2189 3178">
    <p class='ocr_par' dir='ltr' id='par_1_34' title="bbox 622 3105 2189 3178">
     <span class='ocr_line' id='line_1_34' title="bbox 622 3105 2189 3178; baseline -0.002 -18"><span class='ocrx_word' id='word_1_281' title='bbox 622 3107 685 3160; x_wconf 84' lang='lat'><strong>&#39;0</strong></span> <span class='ocrx_word' id='word_1_282' title='bbox 702 3105 931 3170; x_wconf 87' lang='grc' dir='ltr'>πλοῦτος</span> <span class='ocrx_word' id='word_1_283' title='bbox 956 3105 1087 3160; x_wconf 88' lang='grc' dir='ltr'>ποτέ</span> <span class='ocrx_word' id='word_1_284' title='bbox 1116 3107 1213 3178; x_wconf 78' lang='grc' dir='ltr'>μὲν</span> <span class='ocrx_word' id='word_1_285' title='bbox 1244 3106 1352 3177; x_wconf 84' lang='grc' dir='ltr'>γάρ</span> <span class='ocrx_word' id='word_1_286' title='bbox 1378 3107 1459 3170; x_wconf 86' lang='grc' dir='ltr'>εἰς</span> <span class='ocrx_word' id='word_1_287' title='bbox 1488 3106 1799 3173; x_wconf 82' lang='grc' dir='ltr'>πλεονεξίαν</span> <span class='ocrx_word' id='word_1_288' title='bbox 1818 3105 2189 3175; x_wconf 82' lang='grc' dir='ltr'>ὑπηρετεῖται,</span> 
     </span>
    </p>
   </div>
   <div class='ocr_carea' id='block_1_35' title="bbox 612 3186 2190 3262">
    <p class='ocr_par' dir='ltr' id='par_1_35' title="bbox 612 3186 2190 3262">
     <span class='ocr_line' id='line_1_35' title="bbox 612 3186 2190 3262; baseline -0.002 -20"><span class='ocrx_word' id='word_1_289' title='bbox 612 3189 744 3243; x_wconf 68' lang='grc' dir='ltr'>ποτε</span> <span class='ocrx_word' id='word_1_290' title='bbox 771 3189 827 3245; x_wconf 83' lang='grc' dir='ltr'>δέ</span> <span class='ocrx_word' id='word_1_291' title='bbox 852 3191 931 3256; x_wconf 85' lang='grc' dir='ltr'>εἰς</span> <span class='ocrx_word' id='word_1_292' title='bbox 958 3188 1329 3262; x_wconf 88' lang='grc' dir='ltr'>ἐλεημοσύνην</span> <span class='ocrx_word' id='word_1_293' title='bbox 1349 3207 1361 3219; x_wconf 91' lang='grc'><strong>·</strong></span> <span class='ocrx_word' id='word_1_294' title='bbox 1385 3188 1520 3243; x_wconf 89' lang='grc' dir='ltr'>ἀλλά</span> <span class='ocrx_word' id='word_1_295' title='bbox 1550 3188 1701 3261; x_wconf 87' lang='grc' dir='ltr'>παρὰ</span> <span class='ocrx_word' id='word_1_296' title='bbox 1725 3188 1824 3260; x_wconf 81' lang='grc' dir='ltr'>τὴν</span> <span class='ocrx_word' id='word_1_297' title='bbox 1847 3187 2073 3259; x_wconf 81' lang='grc' dir='ltr'>γνώμην</span> <span class='ocrx_word' id='word_1_298' title='bbox 2097 3186 2190 3240; x_wconf 91' lang='grc' dir='ltr'>τοῦ</span> 
     </span>
    </p>
   </div>
   <div class='ocr_carea' id='block_1_36' title="bbox 610 3270 2192 3345">
    <p class='ocr_par' dir='ltr' id='par_1_36' title="bbox 610 3270 2192 3345">
     <span class='ocr_line' id='line_1_36' title="bbox 610 3270 2192 3345; baseline -0.001 -19"><span class='ocrx_word' id='word_1_299' title='bbox 610 3271 918 3343; x_wconf 79' lang='grc' dir='ltr'>χρωμένου.</span> <span class='ocrx_word' id='word_1_300' title='bbox 949 3272 1116 3327; x_wconf 81' lang='grc' dir='ltr'>Πενία</span> <span class='ocrx_word' id='word_1_301' title='bbox 1149 3272 1279 3326; x_wconf 86' lang='grc' dir='ltr'>ποτέ</span> <span class='ocrx_word' id='word_1_302' title='bbox 1318 3273 1416 3344; x_wconf 77' lang='grc' dir='ltr'>μὲν</span> <span class='ocrx_word' id='word_1_303' title='bbox 1454 3275 1535 3338; x_wconf 85' lang='grc' dir='ltr'>εἰς</span> <span class='ocrx_word' id='word_1_304' title='bbox 1570 3271 1943 3345; x_wconf 81' lang='grc' dir='ltr'>βλασφημίαν,</span> <span class='ocrx_word' id='word_1_305' title='bbox 1972 3272 2101 3325; x_wconf 88' lang='grc' dir='ltr'>ποτέ</span> <span class='ocrx_word' id='word_1_306' title='bbox 2136 3270 2192 3324; x_wconf 79' lang='grc' dir='ltr'>δὲ</span> 
     </span>
    </p>
   </div>
   <div class='ocr_carea' id='block_1_37' title="bbox 613 3351 2191 3429">
    <p class='ocr_par' dir='ltr' id='par_1_37' title="bbox 613 3351 2191 3429">
     <span class='ocr_line' id='line_1_37' title="bbox 613 3351 2191 3429; baseline 0 -20"><span class='ocrx_word' id='word_1_307' title='bbox 613 3359 693 3420; x_wconf 86' lang='grc' dir='ltr'>εἰς</span> <span class='ocrx_word' id='word_1_308' title='bbox 721 3357 996 3427; x_wconf 81' lang='grc' dir='ltr'>εὐφημίαν</span> <span class='ocrx_word' id='word_1_309' title='bbox 1023 3357 1117 3411; x_wconf 80' lang='grc' dir='ltr'>καὶ</span> <span class='ocrx_word' id='word_1_310' title='bbox 1145 3357 1459 3427; x_wconf 84' lang='grc' dir='ltr'>φιλοσοφίαν</span> <span class='ocrx_word' id='word_1_311' title='bbox 1500 3358 1876 3429; x_wconf 84' lang='grc' dir='ltr'>ὑπηρετεῖται.</span> <span class='ocrx_word' id='word_1_312' title='bbox 1919 3356 2070 3409; x_wconf 76' lang='grc' dir='ltr'>Ἐπεὶ</span> <span class='ocrx_word' id='word_1_313' title='bbox 2099 3351 2191 3410; x_wconf 81' lang='grc' dir='ltr'>οὖν</span> 
     </span>
    </p>
   </div>
   <div class='ocr_carea' id='block_1_38' title="bbox 614 3438 2194 3512">
    <p class='ocr_par' dir='ltr' id='par_1_38' title="bbox 614 3438 2194 3512">
     <span class='ocr_line' id='line_1_38' title="bbox 614 3438 2194 3512; baseline 0 -18"><span class='ocrx_word' id='word_1_314' title='bbox 614 3438 801 3494; x_wconf 77' lang='grc' dir='ltr'>πολλοὶ</span> <span class='ocrx_word' id='word_1_315' title='bbox 829 3441 938 3494; x_wconf 87' lang='grc' dir='ltr'>τῶν</span> <span class='ocrx_word' id='word_1_316' title='bbox 960 3441 1317 3512; x_wconf 84' lang='grc' dir='ltr'>ἀλογωτέρων</span> <span class='ocrx_word' id='word_1_317' title='bbox 1351 3443 1469 3508; x_wconf 81' lang='grc' dir='ltr'>(ἐπὶ</span> <span class='ocrx_word' id='word_1_318' title='bbox 1489 3440 1597 3512; x_wconf 85' lang='grc' dir='ltr'>γάρ</span> <span class='ocrx_word' id='word_1_319' title='bbox 1621 3440 1718 3512; x_wconf 77' lang='grc' dir='ltr'>τὴν</span> <span class='ocrx_word' id='word_1_320' title='bbox 1739 3439 1893 3494; x_wconf 88' lang='grc' dir='ltr'>λύσιν</span> <span class='ocrx_word' id='word_1_321' title='bbox 1928 3441 2066 3495; x_wconf 87' lang='grc' dir='ltr'>ἰτέον</span> <span class='ocrx_word' id='word_1_322' title='bbox 2087 3440 2194 3494; x_wconf 89' lang='grc' dir='ltr'>λοι-</span> 
     </span>
    </p>
   </div>
   <div class='ocr_carea' id='block_1_39' title="bbox 615 3522 2188 3596">
    <p class='ocr_par' dir='ltr' id='par_1_39' title="bbox 615 3522 2188 3596">
     <span class='ocr_line' id='line_1_39' title="bbox 615 3522 2188 3596; baseline 0.001 -20"><span class='ocrx_word' id='word_1_323' title='bbox 615 3522 740 3582; x_wconf 70' lang='grc' dir='ltr'>πὸν)</span> <span class='ocrx_word' id='word_1_324' title='bbox 769 3524 832 3578; x_wconf 85' lang='grc' dir='ltr'>ού</span> <span class='ocrx_word' id='word_1_325' title='bbox 857 3525 924 3578; x_wconf 78' lang='grc' dir='ltr'>τά</span> <span class='ocrx_word' id='word_1_326' title='bbox 951 3526 1096 3579; x_wconf 88' lang='grc' dir='ltr'>κακά</span> <span class='ocrx_word' id='word_1_327' title='bbox 1129 3525 1308 3596; x_wconf 85' lang='grc' dir='ltr'>μόνον,</span> <span class='ocrx_word' id='word_1_328' title='bbox 1333 3524 1370 3579; x_wconf 83' lang='grc' dir='ltr'>ἀ</span> <span class='ocrx_word' id='word_1_329' title='bbox 1394 3526 1494 3578; x_wconf 83' lang='grc' dir='ltr'>οὐκ</span> <span class='ocrx_word' id='word_1_330' title='bbox 1534 3525 1598 3580; x_wconf 75' lang='grc' dir='ltr'>ἄν</span> <span class='ocrx_word' id='word_1_331' title='bbox 1629 3541 1759 3578; x_wconf 90' lang='grc' dir='ltr'>ποτε</span> <span class='ocrx_word' id='word_1_332' title='bbox 1785 3526 1995 3594; x_wconf 79' lang='grc' dir='ltr'>γένοιτο</span> <span class='ocrx_word' id='word_1_333' title='bbox 2026 3525 2188 3590; x_wconf 84' lang='grc' dir='ltr'>καλὰ,</span> 
     </span>
    </p>
   </div>
   <div class='ocr_carea' id='block_1_40' title="bbox 612 3602 2188 3678">
    <p class='ocr_par' dir='ltr' id='par_1_40' title="bbox 612 3602 2188 3678">
     <span class='ocr_line' id='line_1_40' title="bbox 612 3602 2188 3678; baseline 0 -17"><span class='ocrx_word' id='word_1_334' title='bbox 612 3607 748 3661; x_wconf 86' lang='grc' dir='ltr'>ἀλλά</span> <span class='ocrx_word' id='word_1_335' title='bbox 787 3610 880 3663; x_wconf 77' lang='grc' dir='ltr'>καὶ</span> <span class='ocrx_word' id='word_1_336' title='bbox 906 3607 1014 3662; x_wconf 90' lang='grc' dir='ltr'>τῶν</span> <span class='ocrx_word' id='word_1_337' title='bbox 1040 3609 1219 3678; x_wconf 84' lang='grc' dir='ltr'>μέσων</span> <span class='ocrx_word' id='word_1_338' title='bbox 1235 3608 1351 3662; x_wconf 83' lang='grc' dir='ltr'>ένια</span> <span class='ocrx_word' id='word_1_339' title='bbox 1368 3608 1516 3662; x_wconf 89' lang='grc' dir='ltr'>κακά</span> <span class='ocrx_word' id='word_1_340' title='bbox 1538 3606 1811 3673; x_wconf 89' lang='grc' dir='ltr'>καλοῦσιν,</span> <span class='ocrx_word' id='word_1_341' title='bbox 1841 3602 1950 3662; x_wconf 77' lang='grc' dir='ltr'>οἷον</span> <span class='ocrx_word' id='word_1_342' title='bbox 1978 3608 2188 3673; x_wconf 83' lang='grc' dir='ltr'>πενίαν,</span> 
     </span>
    </p>
   </div>
   <div class='ocr_carea' id='block_1_41' title="bbox 613 3686 2194 3764">
    <p class='ocr_par' dir='ltr' id='par_1_41' title="bbox 613 3686 2194 3764">
     <span class='ocr_line' id='line_1_41' title="bbox 613 3686 2194 3764; baseline 0.001 -18"><span class='ocrx_word' id='word_1_343' title='bbox 613 3686 1009 3764; x_wconf 75' lang='grc' dir='ltr'>αἰχμαλωσίαν,</span> <span class='ocrx_word' id='word_1_344' title='bbox 1041 3692 1305 3750; x_wconf 84' lang='grc' dir='ltr'>δουλείαν.</span> <span class='ocrx_word' id='word_1_345' title='bbox 1342 3692 1487 3762; x_wconf 83' lang='grc' dir='ltr'>άπερ</span> <span class='ocrx_word' id='word_1_346' title='bbox 1531 3691 1811 3761; x_wconf 81' lang='grc' dir='ltr'>ἐδείξαμεν</span> <span class='ocrx_word' id='word_1_347' title='bbox 1838 3691 1899 3744; x_wconf 89' lang='grc' dir='ltr'>οὐ</span> <span class='ocrx_word' id='word_1_348' title='bbox 1947 3692 2057 3745; x_wconf 90' lang='grc' dir='ltr'>τῶν</span> <span class='ocrx_word' id='word_1_349' title='bbox 2094 3710 2194 3748; x_wconf 85' lang='grc' dir='ltr'>κα-</span> 
     </span>
    </p>
   </div>
   <div class='ocr_carea' id='block_1_42' title="bbox 612 3774 2193 3848">
    <p class='ocr_par' dir='ltr' id='par_1_42' title="bbox 612 3774 2193 3848">
     <span class='ocr_line' id='line_1_42' title="bbox 612 3774 2193 3848; baseline 0.001 -19"><span class='ocrx_word' id='word_1_350' title='bbox 612 3777 746 3840; x_wconf 90' lang='grc' dir='ltr'>κῶν,</span> <span class='ocrx_word' id='word_1_351' title='bbox 785 3777 921 3830; x_wconf 85' lang='grc' dir='ltr'>ἀλλά</span> <span class='ocrx_word' id='word_1_352' title='bbox 962 3776 1070 3830; x_wconf 90' lang='grc' dir='ltr'>τῶν</span> <span class='ocrx_word' id='word_1_353' title='bbox 1104 3776 1289 3847; x_wconf 80' lang='grc' dir='ltr'>μέσων</span> <span class='ocrx_word' id='word_1_354' title='bbox 1322 3776 1481 3829; x_wconf 68' lang='grc' dir='ltr'>ὄνταο</span> <span class='ocrx_word' id='word_1_355' title='bbox 1518 3775 1704 3828; x_wconf 74' lang='grc' dir='ltr'>πολλοὶ</span> <span class='ocrx_word' id='word_1_356' title='bbox 1744 3774 1822 3837; x_wconf 69' lang='grc' dir='ltr'>δὲ,</span> <span class='ocrx_word' id='word_1_357' title='bbox 1848 3774 1988 3846; x_wconf 83' lang='grc' dir='ltr'>ὅπερ</span> <span class='ocrx_word' id='word_1_358' title='bbox 2021 3776 2193 3848; x_wconf 80' lang='grc' dir='ltr'>ἔφθην</span> 
     </span>
    </p>
   </div>
   <div class='ocr_carea' id='block_1_43' title="bbox 612 3858 2193 3933">
    <p class='ocr_par' dir='ltr' id='par_1_43' title="bbox 612 3858 2193 3933">
     <span class='ocr_line' id='line_1_43' title="bbox 612 3858 2193 3933; baseline 0.001 -21"><span class='ocrx_word' id='word_1_359' title='bbox 612 3860 806 3922; x_wconf 88' lang='grc' dir='ltr'>εἰπὼν,</span> <span class='ocrx_word' id='word_1_360' title='bbox 836 3860 1009 3914; x_wconf 88' lang='grc' dir='ltr'>ταῦτα</span> <span class='ocrx_word' id='word_1_361' title='bbox 1052 3859 1196 3913; x_wconf 72' lang='grc' dir='ltr'>κακά</span> <span class='ocrx_word' id='word_1_362' title='bbox 1231 3858 1506 3921; x_wconf 88' lang='grc' dir='ltr'>καλοῦσιν,</span> <span class='ocrx_word' id='word_1_363' title='bbox 1534 3860 1635 3913; x_wconf 85' lang='grc' dir='ltr'>οὒκ</span> <span class='ocrx_word' id='word_1_364' title='bbox 1666 3858 1797 3913; x_wconf 82' lang='grc' dir='ltr'>ὅντα</span> <span class='ocrx_word' id='word_1_365' title='bbox 1837 3860 1983 3913; x_wconf 83' lang='grc' dir='ltr'>κακά</span> <span class='ocrx_word' id='word_1_366' title='bbox 2007 3876 2022 3891; x_wconf 89' lang='grc'><strong>·</strong></span> <span class='ocrx_word' id='word_1_367' title='bbox 2064 3861 2193 3933; x_wconf 79' lang='grc' dir='ltr'>περὶ</span> 
     </span>
    </p>
   </div>
   <div class='ocr_carea' id='block_1_44' title="bbox 608 3936 2192 4015">
    <p class='ocr_par' dir='ltr' id='par_1_44' title="bbox 608 3936 2192 4015">
     <span class='ocr_line' id='line_1_44' title="bbox 608 3936 2192 4015; baseline 0.003 -22"><span class='ocrx_word' id='word_1_368' title='bbox 608 3936 686 3994; x_wconf 80' lang='grc' dir='ltr'>ὧν</span> <span class='ocrx_word' id='word_1_369' title='bbox 718 3953 743 3981; x_wconf 73' lang='grc' dir='ltr'><strong>ο</strong></span> <span class='ocrx_word' id='word_1_370' title='bbox 784 3945 814 3997; x_wconf 90' lang='lat'>6</span> <span class='ocrx_word' id='word_1_371' title='bbox 842 3944 1126 4015; x_wconf 84' lang='grc' dir='ltr'>προφήτης</span> <span class='ocrx_word' id='word_1_372' title='bbox 1167 3943 1320 4013; x_wconf 78' lang='grc' dir='ltr'>φησὶ,</span> <span class='ocrx_word' id='word_1_373' title='bbox 1360 3942 1471 3995; x_wconf 85' lang='grc' dir='ltr'>τῶν</span> <span class='ocrx_word' id='word_1_374' title='bbox 1510 3940 1653 3996; x_wconf 88' lang='grc' dir='ltr'>κατά</span> <span class='ocrx_word' id='word_1_375' title='bbox 1686 3942 1785 4013; x_wconf 79' lang='grc' dir='ltr'>τὴν</span> <span class='ocrx_word' id='word_1_376' title='bbox 1822 3941 1930 3997; x_wconf 92' lang='grc' dir='ltr'>τῶν</span> <span class='ocrx_word' id='word_1_377' title='bbox 1978 3943 2192 3997; x_wconf 81' lang='grc' dir='ltr'>πολλῶν</span> 
     </span>
    </p>
   </div>
   <div class='ocr_carea' id='block_1_45' title="bbox 612 4025 2192 4098">
    <p class='ocr_par' dir='ltr' id='par_1_45' title="bbox 612 4025 2192 4098">
     <span class='ocr_line' id='line_1_45' title="bbox 612 4025 2192 4098; baseline 0.001 -18"><span class='ocrx_word' id='word_1_378' title='bbox 612 4027 872 4081; x_wconf 78' lang='grc' dir='ltr'>ὑπόνοιαν</span> <span class='ocrx_word' id='word_1_379' title='bbox 919 4026 1291 4097; x_wconf 82' lang='grc' dir='ltr'>καλουμένων,</span> <span class='ocrx_word' id='word_1_380' title='bbox 1326 4026 1389 4079; x_wconf 84' lang='grc' dir='ltr'>οὑ</span> <span class='ocrx_word' id='word_1_381' title='bbox 1428 4025 1540 4079; x_wconf 91' lang='grc' dir='ltr'>τῶν</span> <span class='ocrx_word' id='word_1_382' title='bbox 1591 4025 1759 4090; x_wconf 77' lang='grc' dir='ltr'>ὅντως</span> <span class='ocrx_word' id='word_1_383' title='bbox 1794 4026 1979 4080; x_wconf 83' lang='grc' dir='ltr'>κακῶν</span> <span class='ocrx_word' id='word_1_384' title='bbox 2002 4045 2018 4059; x_wconf 76' lang='grc' dir='ltr'><strong>ο</strong></span> <span class='ocrx_word' id='word_1_385' title='bbox 2062 4028 2192 4098; x_wconf 85' lang='grc' dir='ltr'>περὶ</span> 
     </span>
    </p>
   </div>
   <div class='ocr_carea' id='block_1_46' title="bbox 611 4108 2192 4183">
    <p class='ocr_par' dir='ltr' id='par_1_46' title="bbox 611 4108 2192 4183">
     <span class='ocr_line' id='line_1_46' title="bbox 611 4108 2192 4183; baseline -0.001 -17"><span class='ocrx_word' id='word_1_386' title='bbox 611 4112 1010 4183; x_wconf 83' lang='grc' dir='ltr'>αἰχμαλωσίας,</span> <span class='ocrx_word' id='word_1_387' title='bbox 1048 4111 1177 4182; x_wconf 83' lang='grc' dir='ltr'>περὶ</span> <span class='ocrx_word' id='word_1_388' title='bbox 1228 4110 1490 4173; x_wconf 83' lang='grc' dir='ltr'>δουλείας,</span> <span class='ocrx_word' id='word_1_389' title='bbox 1542 4109 1675 4181; x_wconf 80' lang='grc' dir='ltr'>περὶ</span> <span class='ocrx_word' id='word_1_390' title='bbox 1710 4108 1894 4178; x_wconf 84' lang='grc' dir='ltr'>λιμοῦ,</span> <span class='ocrx_word' id='word_1_391' title='bbox 1946 4110 2042 4164; x_wconf 79' lang='grc' dir='ltr'>καὶ</span> <span class='ocrx_word' id='word_1_392' title='bbox 2091 4111 2192 4165; x_wconf 82' lang='grc' dir='ltr'>ὅσα</span> 
     </span>
    </p>
   </div>
   <div class='ocr_carea' id='block_1_47' title="bbox 611 4187 2193 4261">
    <p class='ocr_par' dir='ltr' id='par_1_47' title="bbox 611 4187 2193 4261">
     <span class='ocr_line' id='line_1_47' title="bbox 611 4187 2193 4261; baseline -0.001 -16"><span class='ocrx_word' id='word_1_393' title='bbox 611 4191 857 4245; x_wconf 83' lang='grc' dir='ltr'>τοιαῦτα.</span> <span class='ocrx_word' id='word_1_394' title='bbox 895 4193 1018 4245; x_wconf 82' lang='grc' dir='ltr'>Ὅτι</span> <span class='ocrx_word' id='word_1_395' title='bbox 1042 4190 1152 4261; x_wconf 82' lang='grc' dir='ltr'>γὰρ</span> <span class='ocrx_word' id='word_1_396' title='bbox 1184 4188 1358 4243; x_wconf 89' lang='grc' dir='ltr'>ταῦτα</span> <span class='ocrx_word' id='word_1_397' title='bbox 1387 4190 1450 4243; x_wconf 82' lang='grc' dir='ltr'>οὐ</span> <span class='ocrx_word' id='word_1_398' title='bbox 1490 4188 1659 4253; x_wconf 85' lang='grc' dir='ltr'>κακὰ,</span> <span class='ocrx_word' id='word_1_399' title='bbox 1693 4187 1829 4242; x_wconf 82' lang='grc' dir='ltr'>ἀλλὰ</span> <span class='ocrx_word' id='word_1_400' title='bbox 1862 4188 1957 4242; x_wconf 80' lang='grc' dir='ltr'>καὶ</span> <span class='ocrx_word' id='word_1_401' title='bbox 2004 4189 2193 4244; x_wconf 87' lang='grc' dir='ltr'>κακῶν</span> 
     </span>
    </p>
   </div>
   <div class='ocr_carea' id='block_1_48' title="bbox 611 4272 2190 4346">
    <p class='ocr_par' dir='ltr' id='par_1_48' title="bbox 611 4272 2190 4346">
     <span class='ocr_line' id='line_1_48' title="bbox 611 4272 2190 4346; baseline 0 -19"><span class='ocrx_word' id='word_1_402' title='bbox 611 4274 951 4346; x_wconf 76' lang='grc' dir='ltr'>ἀναιρετικὰ,</span> <span class='ocrx_word' id='word_1_403' title='bbox 974 4274 1070 4327; x_wconf 76' lang='grc' dir='ltr'>τὸν</span> <span class='ocrx_word' id='word_1_404' title='bbox 1090 4274 1246 4345; x_wconf 81' lang='grc' dir='ltr'>λιμὸν</span> <span class='ocrx_word' id='word_1_405' title='bbox 1270 4274 1533 4345; x_wconf 81' lang='grc' dir='ltr'>πρότερον</span> <span class='ocrx_word' id='word_1_406' title='bbox 1566 4274 1645 4333; x_wconf 87' lang='grc' dir='ltr'>εἰς</span> <span class='ocrx_word' id='word_1_407' title='bbox 1673 4272 1837 4344; x_wconf 87' lang='grc' dir='ltr'>μέσον</span> <span class='ocrx_word' id='word_1_408' title='bbox 1868 4272 2190 4344; x_wconf 86' lang='grc' dir='ltr'>ἀγάγωμεν,</span> 
     </span>
    </p>
   </div>
   <div class='ocr_carea' id='block_1_49' title="bbox 611 4350 2192 4427">
    <p class='ocr_par' dir='ltr' id='par_1_49' title="bbox 611 4350 2192 4427">
     <span class='ocr_line' id='line_1_49' title="bbox 611 4350 2192 4427; baseline -0.001 -17"><span class='ocrx_word' id='word_1_409' title='bbox 611 4359 704 4411; x_wconf 81' lang='grc' dir='ltr'>τὸν</span> <span class='ocrx_word' id='word_1_410' title='bbox 731 4359 866 4410; x_wconf 76' lang='grc' dir='ltr'>πᾶσι</span> <span class='ocrx_word' id='word_1_411' title='bbox 912 4357 1139 4426; x_wconf 83' lang='grc' dir='ltr'>φρικτὸν</span> <span class='ocrx_word' id='word_1_412' title='bbox 1181 4357 1274 4410; x_wconf 82' lang='grc' dir='ltr'>καὶ</span> <span class='ocrx_word' id='word_1_413' title='bbox 1312 4355 1545 4427; x_wconf 78' lang='grc' dir='ltr'>φοϐερὸν</span> <span class='ocrx_word' id='word_1_414' title='bbox 1577 4350 1717 4410; x_wconf 75' lang='grc' dir='ltr'>εἶναι</span> <span class='ocrx_word' id='word_1_415' title='bbox 1751 4356 2029 4411; x_wconf 89' lang='grc' dir='ltr'>δοκοῦντα.</span> <span class='ocrx_word' id='word_1_416' title='bbox 2064 4357 2192 4421; x_wconf 88' lang='grc' dir='ltr'>Πῶς</span> 
     </span>
    </p>
   </div>
   <div class='ocr_carea' id='block_1_50' title="bbox 611 4436 2184 4510">
    <p class='ocr_par' dir='ltr' id='par_1_50' title="bbox 611 4436 2184 4510">
     <span class='ocr_line' id='line_1_50' title="bbox 611 4436 2184 4510; baseline 0.001 -17"><span class='ocrx_word' id='word_1_417' title='bbox 611 4436 704 4493; x_wconf 79' lang='grc' dir='ltr'>οὖν</span> <span class='ocrx_word' id='word_1_418' title='bbox 750 4442 812 4493; x_wconf 74' lang='grc' dir='ltr'>ού</span> <span class='ocrx_word' id='word_1_419' title='bbox 841 4440 1030 4502; x_wconf 81' lang='grc' dir='ltr'>κακὸν,</span> <span class='ocrx_word' id='word_1_420' title='bbox 1088 4439 1362 4509; x_wconf 73' lang='grc' dir='ltr'>μάνθανε,</span> <span class='ocrx_word' id='word_1_421' title='bbox 1397 4441 1493 4494; x_wconf 77' lang='grc' dir='ltr'>καὶ</span> <span class='ocrx_word' id='word_1_422' title='bbox 1549 4439 1803 4494; x_wconf 88' lang='grc' dir='ltr'>παιδεύου</span> <span class='ocrx_word' id='word_1_423' title='bbox 1858 4439 2184 4510; x_wconf 86' lang='grc' dir='ltr'>φιλοσοφεῖν.</span> 
     </span>
    </p>
   </div>
   <div class='ocr_carea' id='block_1_51' title="bbox 623 4522 2188 4595">
    <p class='ocr_par' dir='ltr' id='par_1_51' title="bbox 623 4522 2188 4595">
     <span class='ocr_line' id='line_1_51' title="bbox 623 4522 2188 4595; baseline 0 -18"><span class='ocrx_word' id='word_1_424' title='bbox 623 4524 817 4577; x_wconf 80' lang='grc' dir='ltr'>Ἣνίκα</span> <span class='ocrx_word' id='word_1_425' title='bbox 859 4524 968 4577; x_wconf 89' lang='grc' dir='ltr'>τῶν</span> <span class='ocrx_word' id='word_1_426' title='bbox 1009 4523 1277 4595; x_wconf 85' lang='grc' dir='ltr'>Ἐϐραίων</span> <span class='ocrx_word' id='word_1_427' title='bbox 1298 4525 1328 4577; x_wconf 91' lang='lat'>6</span> <span class='ocrx_word' id='word_1_428' title='bbox 1349 4523 1522 4593; x_wconf 85' lang='grc' dir='ltr'>δῆμος</span> <span class='ocrx_word' id='word_1_429' title='bbox 1558 4525 1637 4586; x_wconf 86' lang='grc' dir='ltr'>εἰς</span> <span class='ocrx_word' id='word_1_430' title='bbox 1675 4522 1901 4595; x_wconf 73' lang='grc' dir='ltr'>ἔσχατον</span> <span class='ocrx_word' id='word_1_431' title='bbox 1933 4523 2188 4588; x_wconf 80' lang='grc' dir='ltr'>ἐξώκειλε</span> 
     </span>
    </p>
   </div>
   <div class='ocr_carea' id='block_1_52' title="bbox 614 4606 2187 4680">
    <p class='ocr_par' dir='ltr' id='par_1_52' title="bbox 614 4606 2187 4680">
     <span class='ocr_line' id='line_1_52' title="bbox 614 4606 2187 4680; baseline -0.001 -17"><span class='ocrx_word' id='word_1_432' title='bbox 614 4609 981 4680; x_wconf 77' lang='grc' dir='ltr'>παρανομίας,</span> <span class='ocrx_word' id='word_1_433' title='bbox 1012 4609 1137 4662; x_wconf 86' lang='grc' dir='ltr'>τότε</span> <span class='ocrx_word' id='word_1_434' title='bbox 1167 4608 1232 4678; x_wconf 73' lang='grc' dir='ltr'>δὴ</span> <span class='ocrx_word' id='word_1_435' title='bbox 1251 4610 1280 4661; x_wconf 91' lang='lat'>6</span> <span class='ocrx_word' id='word_1_436' title='bbox 1309 4607 1484 4677; x_wconf 88' lang='grc' dir='ltr'>μέγας</span> <span class='ocrx_word' id='word_1_437' title='bbox 1520 4607 1728 4671; x_wconf 79' lang='grc' dir='ltr'>Ἠλίας.</span> <span class='ocrx_word' id='word_1_438' title='bbox 1767 4606 1993 4660; x_wconf 78' lang='grc' dir='ltr'>καὶτῶν</span> <span class='ocrx_word' id='word_1_439' title='bbox 2019 4608 2187 4679; x_wconf 83' lang='grc' dir='ltr'>ούρα-</span> 
     </span>
    </p>
   </div>
   <div class='ocr_carea' id='block_1_53' title="bbox 610 4688 2187 4763">
    <p class='ocr_par' dir='ltr' id='par_1_53' title="bbox 610 4688 2187 4763">
     <span class='ocr_line' id='line_1_53' title="bbox 610 4688 2187 4763; baseline 0 -18"><span class='ocrx_word' id='word_1_440' title='bbox 610 4692 718 4745; x_wconf 84' lang='grc' dir='ltr'>νῶν</span> <span class='ocrx_word' id='word_1_441' title='bbox 753 4693 921 4757; x_wconf 77' lang='grc' dir='ltr'>ἄξιος,</span> <span class='ocrx_word' id='word_1_442' title='bbox 954 4694 984 4746; x_wconf 89' lang='lat'>6</span> <span class='ocrx_word' id='word_1_443' title='bbox 1021 4692 1343 4763; x_wconf 84' lang='grc' dir='ltr'>βουλόμενος</span> <span class='ocrx_word' id='word_1_444' title='bbox 1370 4690 1471 4761; x_wconf 79' lang='grc' dir='ltr'>τὴν</span> <span class='ocrx_word' id='word_1_445' title='bbox 1507 4692 1573 4743; x_wconf 86' lang='grc' dir='ltr'>ἐκ</span> <span class='ocrx_word' id='word_1_446' title='bbox 1602 4689 1703 4758; x_wconf 79' lang='grc' dir='ltr'>τῆς</span> <span class='ocrx_word' id='word_1_447' title='bbox 1737 4688 2009 4760; x_wconf 79' lang='grc' dir='ltr'>ῥᾳθυμίας</span> <span class='ocrx_word' id='word_1_448' title='bbox 2034 4691 2187 4745; x_wconf 88' lang='grc' dir='ltr'>νόσον</span> 
     </span>
    </p>
   </div>
   <div class='ocr_carea' id='block_1_54' title="bbox 610 4771 2188 4844">
    <p class='ocr_par' dir='ltr' id='par_1_54' title="bbox 610 4771 2188 4844">
     <span class='ocr_line' id='line_1_54' title="bbox 610 4771 2188 4844; baseline -0.001 -15"><span class='ocrx_word' id='word_1_449' title='bbox 610 4776 842 4837; x_wconf 79' lang='grc' dir='ltr'>ἀνελεῖν,</span> <span class='ocrx_word' id='word_1_450' title='bbox 891 4778 983 4830; x_wconf 72' lang='grc' dir='ltr'>καὶ</span> <span class='ocrx_word' id='word_1_451' title='bbox 1019 4773 1310 4843; x_wconf 74' lang='grc' dir='ltr'>διορθῶσαι</span> <span class='ocrx_word' id='word_1_452' title='bbox 1338 4772 1559 4835; x_wconf 85' lang='grc' dir='ltr'>ταύτην,</span> <span class='ocrx_word' id='word_1_453' title='bbox 1596 4772 1843 4842; x_wconf 76' lang='grc' dir='ltr'>ἐπήγαγε</span> <span class='ocrx_word' id='word_1_454' title='bbox 1869 4771 2070 4841; x_wconf 88' lang='grc' dir='ltr'>λέγων·</span> <span class='ocrx_word' id='word_1_455' title='bbox 2099 4773 2188 4844; x_wconf 78' lang='grc' dir='ltr'><strong><em>Ζῇ</em></strong></span> 
     </span>
    </p>
   </div>
   <div class='ocr_carea' id='block_1_55' title="bbox 608 4853 2185 4927">
    <p class='ocr_par' dir='ltr' id='par_1_55' title="bbox 608 4853 2185 4927">
     <span class='ocr_line' id='line_1_55' title="bbox 608 4853 2185 4927; baseline -0.002 -10"><span class='ocrx_word' id='word_1_456' title='bbox 608 4862 852 4926; x_wconf 70' lang='grc' dir='ltr'>Κύριος,</span> <span class='ocrx_word' id='word_1_457' title='bbox 896 4853 944 4927; x_wconf 80' lang='grc' dir='ltr'>ᾧ</span> <span class='ocrx_word' id='word_1_458' title='bbox 993 4858 1304 4927; x_wconf 78' lang='grc' dir='ltr'>παρέστην</span> <span class='ocrx_word' id='word_1_459' title='bbox 1348 4855 1604 4911; x_wconf 73' lang='grc' dir='ltr'>ἐνώπιον</span> <span class='ocrx_word' id='word_1_460' title='bbox 1657 4857 1864 4923; x_wconf 88' lang='grc' dir='ltr'>αὐτοῦ,</span> <span class='ocrx_word' id='word_1_461' title='bbox 1915 4860 1968 4912; x_wconf 86' lang='grc' dir='ltr'>εί</span> <span class='ocrx_word' id='word_1_462' title='bbox 2014 4859 2185 4915; x_wconf 76' lang='grc' dir='ltr'>ἔσται</span> 
     </span>
    </p>
   </div>
   <div class='ocr_carea' id='block_1_56' title="bbox 613 4940 2186 5014">
    <p class='ocr_par' dir='ltr' id='par_1_56' title="bbox 613 4940 2186 5014">
     <span class='ocr_line' id='line_1_56' title="bbox 613 4940 2186 5014; baseline -0.002 -16"><span class='ocrx_word' id='word_1_463' title='bbox 613 4942 807 5008; x_wconf 77' lang='grc' dir='ltr'>ὑετὸς,</span> <span class='ocrx_word' id='word_1_464' title='bbox 838 4945 891 4996; x_wconf 78' lang='grc' dir='ltr'>εἰ</span> <span class='ocrx_word' id='word_1_465' title='bbox 907 4943 994 5011; x_wconf 82' lang='grc' dir='ltr'>μὴ</span> <span class='ocrx_word' id='word_1_466' title='bbox 1016 4941 1114 4995; x_wconf 80' lang='grc' dir='ltr'>διὰ</span> <span class='ocrx_word' id='word_1_467' title='bbox 1139 4942 1438 5011; x_wconf 84' lang='grc' dir='ltr'>στόματός</span> <span class='ocrx_word' id='word_1_468' title='bbox 1453 4957 1574 5010; x_wconf 84' lang='grc' dir='ltr'>μου</span> <span class='ocrx_word' id='word_1_469' title='bbox 1592 4957 1606 4972; x_wconf 76' lang='grc' dir='ltr'>ο</span> <span class='ocrx_word' id='word_1_470' title='bbox 1640 4940 1731 4992; x_wconf 75' lang='grc' dir='ltr'>καὶ</span> <span class='ocrx_word' id='word_1_471' title='bbox 1760 4940 1788 4992; x_wconf 87' lang='lat'>6</span> <span class='ocrx_word' id='word_1_472' title='bbox 1804 4940 2066 5014; x_wconf 78' lang='grc' dir='ltr'>μηλωτὴν</span> <span class='ocrx_word' id='word_1_473' title='bbox 2090 4942 2186 5013; x_wconf 89' lang='grc' dir='ltr'>μό-</span> 
     </span>
    </p>
   </div>
   <div class='ocr_carea' id='block_1_57' title="bbox 607 5024 2185 5099">
    <p class='ocr_par' dir='ltr' id='par_1_57' title="bbox 607 5024 2185 5099">
     <span class='ocr_line' id='line_1_57' title="bbox 607 5024 2185 5099; baseline 0.001 -21"><span class='ocrx_word' id='word_1_474' title='bbox 607 5044 704 5095; x_wconf 85' lang='grc' dir='ltr'>νην</span> <span class='ocrx_word' id='word_1_475' title='bbox 744 5028 1109 5098; x_wconf 82' lang='grc' dir='ltr'>κεκτημένος,</span> <span class='ocrx_word' id='word_1_476' title='bbox 1153 5026 1243 5080; x_wconf 81' lang='grc' dir='ltr'>τὸν</span> <span class='ocrx_word' id='word_1_477' title='bbox 1289 5025 1516 5097; x_wconf 76' lang='grc' dir='ltr'>οὐρανὸν</span> <span class='ocrx_word' id='word_1_478' title='bbox 1574 5024 1899 5078; x_wconf 81' lang='grc' dir='ltr'>ἀπέκλεισε’</span> <span class='ocrx_word' id='word_1_479' title='bbox 1946 5026 2185 5099; x_wconf 80' lang='grc' dir='ltr'>τοσαύτη</span> 
     </span>
    </p>
   </div>
   <div class='ocr_carea' id='block_1_58' title="bbox 607 5109 2186 5185">
    <p class='ocr_par' dir='ltr' id='par_1_58' title="bbox 607 5109 2186 5185">
     <span class='ocr_line' id='line_1_58' title="bbox 607 5109 2186 5185; baseline 0.001 -22"><span class='ocrx_word' id='word_1_480' title='bbox 607 5113 889 5185; x_wconf 71' lang='grc' dir='ltr'>παρρησία</span> <span class='ocrx_word' id='word_1_481' title='bbox 938 5110 1086 5180; x_wconf 77' lang='grc' dir='ltr'>αὖτῷ</span> <span class='ocrx_word' id='word_1_482' title='bbox 1124 5112 1262 5182; x_wconf 72' lang='grc' dir='ltr'>πρὸς</span> <span class='ocrx_word' id='word_1_483' title='bbox 1289 5110 1381 5162; x_wconf 73' lang='grc' dir='ltr'>τὸν</span> <span class='ocrx_word' id='word_1_484' title='bbox 1418 5109 1570 5163; x_wconf 87' lang='grc' dir='ltr'>Θεόν.</span> <span class='ocrx_word' id='word_1_485' title='bbox 1613 5109 1777 5180; x_wconf 77' lang='grc' dir='ltr'>ὐρᾷς</span> <span class='ocrx_word' id='word_1_486' title='bbox 1816 5110 1897 5163; x_wconf 81' lang='grc' dir='ltr'>ὅτι</span> <span class='ocrx_word' id='word_1_487' title='bbox 1926 5111 1985 5164; x_wconf 85' lang='grc' dir='ltr'>ού</span> <span class='ocrx_word' id='word_1_488' title='bbox 2018 5111 2186 5166; x_wconf 78' lang='grc' dir='ltr'>κακὸν</span> 
     </span>
    </p>
   </div>
   <div class='ocr_carea' id='block_1_59' title="bbox 603 5193 2186 5266">
    <p class='ocr_par' dir='ltr' id='par_1_59' title="bbox 603 5193 2186 5266">
     <span class='ocr_line' id='line_1_59' title="bbox 603 5193 2186 5266; baseline 0.003 -20"><span class='ocrx_word' id='word_1_489' title='bbox 603 5199 635 5266; x_wconf 80' lang='grc' dir='ltr'>η</span> <span class='ocrx_word' id='word_1_490' title='bbox 692 5193 886 5259; x_wconf 80' lang='grc' dir='ltr'>πενίας</span> <span class='ocrx_word' id='word_1_491' title='bbox 927 5194 1042 5247; x_wconf 84' lang='grc' dir='ltr'>Ούκ</span> <span class='ocrx_word' id='word_1_492' title='bbox 1086 5195 1151 5249; x_wconf 82' lang='grc' dir='ltr'>ἂν</span> <span class='ocrx_word' id='word_1_493' title='bbox 1186 5198 1214 5249; x_wconf 94' lang='lat'>6</span> <span class='ocrx_word' id='word_1_494' title='bbox 1256 5195 1474 5248; x_wconf 87' lang='grc' dir='ltr'>πάντων</span> <span class='ocrx_word' id='word_1_495' title='bbox 1523 5193 1826 5265; x_wconf 87' lang='grc' dir='ltr'>ἀνθρώπων</span> <span class='ocrx_word' id='word_1_496' title='bbox 1862 5195 2186 5266; x_wconf 86' lang='grc' dir='ltr'>πενέστερος</span> 
     </span>
    </p>
   </div>
   <div class='ocr_carea' id='block_1_60' title="bbox 604 5276 2181 5348">
    <p class='ocr_par' dir='ltr' id='par_1_60' title="bbox 604 5276 2181 5348">
     <span class='ocr_line' id='line_1_60' title="bbox 604 5276 2181 5348; baseline 0.001 -18"><span class='ocrx_word' id='word_1_497' title='bbox 604 5276 872 5347; x_wconf 77' lang='grc' dir='ltr'>τοσαύτης</span> <span class='ocrx_word' id='word_1_498' title='bbox 910 5277 1187 5330; x_wconf 82' lang='grc' dir='ltr'>ἀπέλαυσε</span> <span class='ocrx_word' id='word_1_499' title='bbox 1231 5277 1565 5348; x_wconf 76' lang='grc' dir='ltr'>παρρησίας,</span> <span class='ocrx_word' id='word_1_500' title='bbox 1600 5277 1677 5340; x_wconf 86' lang='grc' dir='ltr'>ὡς</span> <span class='ocrx_word' id='word_1_501' title='bbox 1724 5277 1899 5347; x_wconf 72' lang='grc' dir='ltr'>χαμαὶ</span> <span class='ocrx_word' id='word_1_502' title='bbox 1932 5278 2181 5348; x_wconf 78' lang='grc' dir='ltr'>βαδίζων,</span> 
     </span>
    </p>
   </div>
   <div class='ocr_carea' id='block_1_61' title="bbox 606 5359 2186 5432">
    <p class='ocr_par' dir='ltr' id='par_1_61' title="bbox 606 5359 2186 5432">
     <span class='ocr_line' id='line_1_61' title="bbox 606 5359 2186 5432; baseline -0.001 -16"><span class='ocrx_word' id='word_1_503' title='bbox 606 5363 686 5416; x_wconf 69' lang='grc' dir='ltr'>ἐνὶ</span> <span class='ocrx_word' id='word_1_504' title='bbox 738 5362 884 5432; x_wconf 84' lang='grc' dir='ltr'>μόνῳ</span> <span class='ocrx_word' id='word_1_505' title='bbox 916 5360 1061 5432; x_wconf 87' lang='grc' dir='ltr'>λόγῳ</span> <span class='ocrx_word' id='word_1_506' title='bbox 1088 5360 1357 5431; x_wconf 87' lang='grc' dir='ltr'>τοσαύτην</span> <span class='ocrx_word' id='word_1_507' title='bbox 1393 5360 1548 5432; x_wconf 75' lang='grc' dir='ltr'>ἰσχὺν</span> <span class='ocrx_word' id='word_1_508' title='bbox 1578 5359 1968 5427; x_wconf 70' lang='grc' dir='ltr'>ἐπιδείξασθαι.</span> <span class='ocrx_word' id='word_1_509' title='bbox 2000 5360 2186 5416; x_wconf 83' lang='grc' dir='ltr'>Εἰπὼν</span> 
     </span>
    </p>
   </div>
   <div class='ocr_carea' id='block_1_62' title="bbox 665 5552 2183 5630">
    <p class='ocr_par' dir='ltr' id='par_1_62' title="bbox 665 5552 2183 5630">
     <span class='ocr_line' id='line_1_62' title="bbox 665 5552 2183 5630; baseline 0.002 -28"><span class='ocrx_word' id='word_1_510' title='bbox 665 5556 783 5630; x_wconf 39' lang='grc' dir='ltr'>’.Ιο-</span> <span class='ocrx_word' id='word_1_511' title='bbox 807 5570 896 5604; x_wconf 77' lang='lat' dir='ltr'>ms.</span> <span class='ocrx_word' id='word_1_512' title='bbox 939 5554 981 5604; x_wconf 80' lang='grc' dir='ltr'>εἰ</span> <span class='ocrx_word' id='word_1_513' title='bbox 1007 5556 1216 5630; x_wconf 48' lang='lat' dir='ltr'>mxumi</span> <span class='ocrx_word' id='word_1_514' title='bbox 1245 5554 1333 5630; x_wconf 71' lang='grc' dir='ltr'>ςεᾲ</span> <span class='ocrx_word' id='word_1_515' title='bbox 1361 5552 1524 5630; x_wconf 55' lang='lat' dir='ltr'>savii.</span> <span class='ocrx_word' id='word_1_516' title='bbox 1643 5565 1798 5615; x_wconf 82' lang='lat' dir='ltr'><strong>marg.</strong></span> <span class='ocrx_word' id='word_1_517' title='bbox 1840 5553 1913 5611; x_wconf 83' lang='grc' dir='ltr'>εἴη</span> <span class='ocrx_word' id='word_1_518' title='bbox 1934 5552 2098 5617; x_wconf 72' lang='lat' dir='ltr'>posuit</span> <span class='ocrx_word' id='word_1_519' title='bbox 2119 5567 2183 5605; x_wconf 78' lang='lat' dir='ltr'><strong>ex</strong></span> 
     </span>
    </p>
   </div>
   <div class='ocr_carea' id='block_1_63' title="bbox 601 5617 2185 5750">
    <p class='ocr_par' dir='ltr' id='par_1_63' title="bbox 601 5617 2185 5750">
     <span class='ocr_line' id='line_1_63' title="bbox 601 5617 1631 5681; baseline -0.005 -13"><span class='ocrx_word' id='word_1_520' title='bbox 601 5619 897 5681; x_wconf 60' lang='lat' dir='ltr'>coujpclura,</span> <span class='ocrx_word' id='word_1_521' title='bbox 917 5631 1062 5679; x_wconf 79' lang='lat' dir='ltr'><strong>quam</strong></span> <span class='ocrx_word' id='word_1_522' title='bbox 1083 5622 1284 5664; x_wconf 63' lang='lat' dir='ltr'>secutus</span> <span class='ocrx_word' id='word_1_523' title='bbox 1299 5625 1379 5664; x_wconf 73' lang='lat' dir='ltr'>est</span> <span class='ocrx_word' id='word_1_524' title='bbox 1406 5617 1631 5665; x_wconf 63' lang='lat' dir='ltr'>Ducmus.</span> 
     </span>
     <span class='ocr_line' id='line_1_64' title="bbox 663 5675 2185 5750; baseline 0.001 -23"><span class='ocrx_word' id='word_1_525' title='bbox 663 5679 805 5750; x_wconf 51' lang='lat' dir='ltr'>hys.</span> <span class='ocrx_word' id='word_1_526' title='bbox 836 5678 1266 5750; x_wconf 46' lang='grc' dir='ltr'>ζωῇσι-γινόμενον,</span> <span class='ocrx_word' id='word_1_527' title='bbox 1291 5683 1346 5726; x_wconf 76' lang='grc' dir='ltr'>ιιι</span> <span class='ocrx_word' id='word_1_528' title='bbox 1363 5691 1526 5740; x_wconf 75' lang='lat' dir='ltr'>supra.</span> <span class='ocrx_word' id='word_1_529' title='bbox 1552 5677 1662 5726; x_wconf 66' lang='lat' dir='ltr'>llo:</span> <span class='ocrx_word' id='word_1_530' title='bbox 1685 5675 1954 5738; x_wconf 75' lang='lat' dir='ltr'>legendum</span> <span class='ocrx_word' id='word_1_531' title='bbox 1987 5677 2185 5728; x_wconf 68' lang='lat' dir='ltr'>videtur</span> 
     </span>
    </p>
   </div>
   <div class='ocr_carea' id='block_1_64' title="bbox 599 5742 1102 5797">
    <p class='ocr_par' dir='ltr' id='par_1_64' title="bbox 599 5742 1102 5797">
     <span class='ocr_line' id='line_1_65' title="bbox 599 5742 1102 5797; baseline -0.01 -6"><span class='ocrx_word' id='word_1_532' title='bbox 599 5742 817 5797; x_wconf 63' lang='grc' dir='ltr'>ταοῖηκ</span> <span class='ocrx_word' id='word_1_533' title='bbox 832 5742 863 5788; x_wconf 74' lang='grc' dir='ltr'>ὁ</span> <span class='ocrx_word' id='word_1_534' title='bbox 882 5742 1102 5796; x_wconf 83' lang='grc' dir='ltr'>πλοῦτος.</span> 
     </span>
    </p>
   </div>
   <div class='ocr_carea' id='block_1_65' title="bbox 663 5800 1657 5865">
    <p class='ocr_par' dir='ltr' id='par_1_65' title="bbox 663 5800 1657 5865">
     <span class='ocr_line' id='line_1_66' title="bbox 663 5800 1657 5865; baseline -0.002 -13"><span class='ocrx_word' id='word_1_535' title='bbox 663 5804 688 5835; x_wconf 70' lang='grc'><strong>⁸</strong></span> <span class='ocrx_word' id='word_1_536' title='bbox 711 5800 858 5853; x_wconf 73' lang='lat' dir='ltr'>Savil.</span> <span class='ocrx_word' id='word_1_537' title='bbox 889 5807 1028 5865; x_wconf 78' lang='lat' dir='ltr'>Putat</span> <span class='ocrx_word' id='word_1_538' title='bbox 1052 5801 1319 5864; x_wconf 79' lang='lat' dir='ltr'>legendum</span> <span class='ocrx_word' id='word_1_539' title='bbox 1335 5801 1439 5864; x_wconf 77' lang='grc' dir='ltr'>περὶ</span> <span class='ocrx_word' id='word_1_540' title='bbox 1460 5800 1657 5851; x_wconf 76' lang='grc' dir='ltr'>τούτων.</span> 
     </span>
    </p>
   </div>
   <div class='ocr_carea' id='block_1_66' title="bbox 1290 306 3139 369">
    <p class='ocr_par' dir='ltr' id='par_1_66' title="bbox 1290 306 3139 369">
     <span class='ocr_line' id='line_1_67' title="bbox 1290 306 3139 369; baseline -0.003 -1"><span class='ocrx_word' id='word_1_541' title='bbox 1290 306 1348 369; x_wconf 87' lang='lat' dir='ltr'>S.</span> <span class='ocrx_word' id='word_1_542' title='bbox 1388 310 1669 369; x_wconf 75' lang='lat' dir='ltr'>JOANNIS</span> <span class='ocrx_word' id='word_1_543' title='bbox 1704 310 2193 369; x_wconf 66' lang='lat' dir='ltr'>CIIKYSOSTOMI</span> <span class='ocrx_word' id='word_1_544' title='bbox 2234 308 2553 369; x_wconf 74' lang='lat' dir='ltr'>ARCHIEP.</span> <span class='ocrx_word' id='word_1_545' title='bbox 2594 310 3139 368; x_wconf 81' lang='lat' dir='ltr'>CONSTANTINOP.</span> 
     </span>
    </p>
   </div>
   <div class='ocr_carea' id='block_1_67' title="bbox 3783 312 3905 367">
    <p class='ocr_par' dir='ltr' id='par_1_67' title="bbox 3783 312 3905 367">
     <span class='ocr_line' id='line_1_68' title="bbox 3783 312 3905 367; baseline 0.025 -3"><span class='ocrx_word' id='word_1_546' title='bbox 3783 312 3905 367; x_wconf 68' lang='lat'>150</span> 
     </span>
    </p>
   </div>
   <div class='ocr_carea' id='block_1_68' title="bbox 2304 424 3903 498">
    <p class='ocr_par' dir='ltr' id='par_1_68' title="bbox 2304 424 3903 498">
     <span class='ocr_line' id='line_1_69' title="bbox 2304 424 3903 498; baseline 0.001 -20"><span class='ocrx_word' id='word_1_547' title='bbox 2304 429 2485 483; x_wconf 81' lang='grc' dir='ltr'>τοίνυν</span> <span class='ocrx_word' id='word_1_548' title='bbox 2519 427 2697 491; x_wconf 88' lang='grc' dir='ltr'>τοῦτο,</span> <span class='ocrx_word' id='word_1_549' title='bbox 2737 429 2982 498; x_wconf 78' lang='grc' dir='ltr'>ἐπήγαγε</span> <span class='ocrx_word' id='word_1_550' title='bbox 3024 426 3203 497; x_wconf 78' lang='grc' dir='ltr'>λιμὸν,</span> <span class='ocrx_word' id='word_1_551' title='bbox 3249 424 3501 495; x_wconf 83' lang='grc' dir='ltr'>καθάπερ</span> <span class='ocrx_word' id='word_1_552' title='bbox 3535 424 3903 495; x_wconf 78' lang='grc' dir='ltr'>παιδαγωγὸν</span> 
     </span>
    </p>
   </div>
   <div class='ocr_carea' id='block_1_69' title="bbox 2308 513 3903 589">
    <p class='ocr_par' dir='ltr' id='par_1_69' title="bbox 2308 513 3903 589">
     <span class='ocr_line' id='line_1_70' title="bbox 2308 513 3903 589; baseline -0.003 -17"><span class='ocrx_word' id='word_1_553' title='bbox 2308 518 2549 588; x_wconf 79' lang='grc' dir='ltr'>ἄριστον,</span> <span class='ocrx_word' id='word_1_554' title='bbox 2589 517 2682 571; x_wconf 73' lang='grc' dir='ltr'>καὶ</span> <span class='ocrx_word' id='word_1_555' title='bbox 2729 516 3025 589; x_wconf 79' lang='grc' dir='ltr'>διορθωτὴν</span> <span class='ocrx_word' id='word_1_556' title='bbox 3050 515 3159 569; x_wconf 86' lang='grc' dir='ltr'>τῶν</span> <span class='ocrx_word' id='word_1_557' title='bbox 3188 514 3489 586; x_wconf 84' lang='grc' dir='ltr'>γινομένων</span> <span class='ocrx_word' id='word_1_558' title='bbox 3528 513 3717 568; x_wconf 81' lang='grc' dir='ltr'>κακῶν</span> <span class='ocrx_word' id='word_1_559' title='bbox 3743 530 3758 543; x_wconf 87' lang='grc'><strong>·</strong></span> <span class='ocrx_word' id='word_1_560' title='bbox 3787 515 3903 568; x_wconf 70' lang='grc' dir='ltr'>καὶ</span> 
     </span>
    </p>
   </div>
   <div class='ocr_carea' id='block_1_70' title="bbox 2305 601 3901 675">
    <p class='ocr_par' dir='ltr' id='par_1_70' title="bbox 2305 601 3901 675">
     <span class='ocr_line' id='line_1_71' title="bbox 2305 601 3901 675; baseline -0.001 -18"><span class='ocrx_word' id='word_1_561' title='bbox 2305 604 2558 675; x_wconf 80' lang='grc' dir='ltr'>καθάπερ</span> <span class='ocrx_word' id='word_1_562' title='bbox 2598 605 2837 674; x_wconf 80' lang='grc' dir='ltr'>πυρετοῦ</span> <span class='ocrx_word' id='word_1_563' title='bbox 2863 604 3067 675; x_wconf 85' lang='grc' dir='ltr'>λάϐρου</span> <span class='ocrx_word' id='word_1_564' title='bbox 3091 603 3173 666; x_wconf 83' lang='grc' dir='ltr'>εις</span> <span class='ocrx_word' id='word_1_565' title='bbox 3209 602 3374 672; x_wconf 89' lang='grc' dir='ltr'>σῶμα</span> <span class='ocrx_word' id='word_1_566' title='bbox 3404 601 3761 672; x_wconf 78' lang='grc' dir='ltr'>ἐμπεσόντος.</span> <span class='ocrx_word' id='word_1_567' title='bbox 3787 604 3901 656; x_wconf 69' lang='grc' dir='ltr'>καὶ</span> 
     </span>
    </p>
   </div>
   <div class='ocr_carea' id='block_1_71' title="bbox 2304 688 3897 762">
    <p class='ocr_par' dir='ltr' id='par_1_71' title="bbox 2304 688 3897 762">
     <span class='ocr_line' id='line_1_72' title="bbox 2304 688 3897 762; baseline -0.003 -17"><span class='ocrx_word' id='word_1_568' title='bbox 2304 692 2466 745; x_wconf 69' lang='grc' dir='ltr'>αὐταὶ</span> <span class='ocrx_word' id='word_1_569' title='bbox 2491 692 2591 761; x_wconf 83' lang='grc' dir='ltr'>τῆς</span> <span class='ocrx_word' id='word_1_570' title='bbox 2618 692 2724 762; x_wconf 81' lang='grc' dir='ltr'>γῆς</span> <span class='ocrx_word' id='word_1_571' title='bbox 2738 694 2794 746; x_wconf 87' lang='grc' dir='ltr'>αἰ</span> <span class='ocrx_word' id='word_1_572' title='bbox 2824 692 3019 762; x_wconf 88' lang='grc' dir='ltr'>φλέϐες</span> <span class='ocrx_word' id='word_1_573' title='bbox 3042 688 3510 761; x_wconf 76' lang='grc' dir='ltr'>ἀνεξηράνθησαν,</span> <span class='ocrx_word' id='word_1_574' title='bbox 3528 689 3625 743; x_wconf 73' lang='grc' dir='ltr'>καὶ</span> <span class='ocrx_word' id='word_1_575' title='bbox 3647 689 3897 760; x_wconf 77' lang='grc' dir='ltr'>χείμαρ-</span> 
     </span>
    </p>
   </div>
   <div class='ocr_carea' id='block_1_72' title="bbox 2306 778 3897 852">
    <p class='ocr_par' dir='ltr' id='par_1_72' title="bbox 2306 778 3897 852">
     <span class='ocr_line' id='line_1_73' title="bbox 2306 778 3897 852; baseline -0.001 -19"><span class='ocrx_word' id='word_1_576' title='bbox 2306 783 2391 851; x_wconf 81' lang='grc' dir='ltr'>ροι</span> <span class='ocrx_word' id='word_1_577' title='bbox 2438 780 2715 843; x_wconf 83' lang='grc' dir='ltr'>ἐπέλιπον,</span> <span class='ocrx_word' id='word_1_578' title='bbox 2756 784 2851 835; x_wconf 73' lang='grc' dir='ltr'>καὶ</span> <span class='ocrx_word' id='word_1_579' title='bbox 2882 781 3125 852; x_wconf 82' lang='grc' dir='ltr'>βοτάναι,</span> <span class='ocrx_word' id='word_1_580' title='bbox 3161 781 3256 834; x_wconf 70' lang='grc' dir='ltr'>καὶ</span> <span class='ocrx_word' id='word_1_581' title='bbox 3288 780 3387 851; x_wconf 83' lang='grc' dir='ltr'>τῆς</span> <span class='ocrx_word' id='word_1_582' title='bbox 3424 780 3528 850; x_wconf 80' lang='grc' dir='ltr'>γῆς</span> <span class='ocrx_word' id='word_1_583' title='bbox 3563 780 3621 832; x_wconf 91' lang='grc' dir='ltr'>αἱ</span> <span class='ocrx_word' id='word_1_584' title='bbox 3653 778 3897 846; x_wconf 78' lang='grc' dir='ltr'>λαγόνες</span> 
     </span>
    </p>
   </div>
   <div class='ocr_carea' id='block_1_73' title="bbox 2304 865 3901 940">
    <p class='ocr_par' dir='ltr' id='par_1_73' title="bbox 2304 865 3901 940">
     <span class='ocr_line' id='line_1_74' title="bbox 2304 865 3901 940; baseline -0.001 -19"><span class='ocrx_word' id='word_1_585' title='bbox 2304 867 2487 935; x_wconf 82' lang='grc' dir='ltr'>ἄγονοι</span> <span class='ocrx_word' id='word_1_586' title='bbox 2515 868 2701 922; x_wconf 83' lang='grc' dir='ltr'>λοιπὸν</span> <span class='ocrx_word' id='word_1_587' title='bbox 2727 865 2886 940; x_wconf 80' lang='grc' dir='ltr'>ἦσαν.</span> <span class='ocrx_word' id='word_1_588' title='bbox 2915 869 3026 923; x_wconf 73' lang='grc' dir='ltr'>Καὶ</span> <span class='ocrx_word' id='word_1_589' title='bbox 3050 868 3112 921; x_wconf 86' lang='grc' dir='ltr'>οὐ</span> <span class='ocrx_word' id='word_1_590' title='bbox 3134 867 3305 939; x_wconf 87' lang='grc' dir='ltr'>μικρά</span> <span class='ocrx_word' id='word_1_591' title='bbox 3325 867 3447 920; x_wconf 88' lang='grc' dir='ltr'>τότε</span> <span class='ocrx_word' id='word_1_592' title='bbox 3468 869 3497 920; x_wconf 89' lang='lat'>6</span> <span class='ocrx_word' id='word_1_593' title='bbox 3521 866 3692 936; x_wconf 80' lang='grc' dir='ltr'>δῆμος</span> <span class='ocrx_word' id='word_1_594' title='bbox 3714 868 3901 936; x_wconf 70' lang='grc' dir='ltr'>ἐκαρ-</span> 
     </span>
    </p>
   </div>
   <div class='ocr_carea' id='block_1_74' title="bbox 2305 955 3898 1031">
    <p class='ocr_par' dir='ltr' id='par_1_74' title="bbox 2305 955 3898 1031">
     <span class='ocr_line' id='line_1_75' title="bbox 2305 955 3898 1031; baseline -0.001 -21"><span class='ocrx_word' id='word_1_595' title='bbox 2305 955 2548 1020; x_wconf 85' lang='grc' dir='ltr'>πώσατο,</span> <span class='ocrx_word' id='word_1_596' title='bbox 2573 959 2672 1029; x_wconf 83' lang='grc' dir='ltr'>τῆς</span> <span class='ocrx_word' id='word_1_597' title='bbox 2698 958 2880 1030; x_wconf 79' lang='grc' dir='ltr'>ῥύμης</span> <span class='ocrx_word' id='word_1_598' title='bbox 2905 959 3004 1028; x_wconf 81' lang='grc' dir='ltr'>τῆς</span> <span class='ocrx_word' id='word_1_599' title='bbox 3024 959 3116 1010; x_wconf 78' lang='grc' dir='ltr'>ἐπὶ</span> <span class='ocrx_word' id='word_1_600' title='bbox 3137 956 3237 1029; x_wconf 80' lang='grc' dir='ltr'>τὴν</span> <span class='ocrx_word' id='word_1_601' title='bbox 3271 955 3618 1031; x_wconf 80' lang='grc' dir='ltr'>παρανομίαν</span> <span class='ocrx_word' id='word_1_602' title='bbox 3642 955 3898 1009; x_wconf 80' lang='grc' dir='ltr'>ἀπαλλα-</span> 
     </span>
    </p>
   </div>
   <div class='ocr_carea' id='block_1_75' title="bbox 2303 1044 3894 1115">
    <p class='ocr_par' dir='ltr' id='par_1_75' title="bbox 2303 1044 3894 1115">
     <span class='ocr_line' id='line_1_76' title="bbox 2303 1044 3894 1115; baseline -0.001 -17"><span class='ocrx_word' id='word_1_603' title='bbox 2303 1046 2441 1114; x_wconf 75' lang='grc' dir='ltr'>γεὶς,</span> <span class='ocrx_word' id='word_1_604' title='bbox 2464 1046 2558 1100; x_wconf 81' lang='grc' dir='ltr'>καὶ</span> <span class='ocrx_word' id='word_1_605' title='bbox 2582 1047 2887 1110; x_wconf 72' lang='grc' dir='ltr'>συσταλεὶς,</span> <span class='ocrx_word' id='word_1_606' title='bbox 2909 1046 3004 1099; x_wconf 73' lang='grc' dir='ltr'>καὶ</span> <span class='ocrx_word' id='word_1_607' title='bbox 3026 1045 3316 1115; x_wconf 85' lang='grc' dir='ltr'>γενόμενος</span> <span class='ocrx_word' id='word_1_608' title='bbox 3335 1044 3764 1115; x_wconf 81' lang='grc' dir='ltr'>ἐπιεικέστερος,</span> <span class='ocrx_word' id='word_1_609' title='bbox 3789 1044 3894 1097; x_wconf 71' lang='grc' dir='ltr'>καὶ</span> 
     </span>
    </p>
   </div>
   <div class='ocr_carea' id='block_1_76' title="bbox 2301 1131 3895 1211">
    <p class='ocr_par' dir='ltr' id='par_1_76' title="bbox 2301 1131 3895 1211">
     <span class='ocr_line' id='line_1_77' title="bbox 2301 1131 3895 1211; baseline -0.002 -23"><span class='ocrx_word' id='word_1_610' title='bbox 2301 1133 2379 1205; x_wconf 83' lang='grc' dir='ltr'>τῷ</span> <span class='ocrx_word' id='word_1_611' title='bbox 2403 1136 2656 1211; x_wconf 79' lang='grc' dir='ltr'>προφήτῃ</span> <span class='ocrx_word' id='word_1_612' title='bbox 2679 1136 2986 1208; x_wconf 81' lang='grc' dir='ltr'>χειροήθης.</span> <span class='ocrx_word' id='word_1_613' title='bbox 3021 1134 3175 1208; x_wconf 69' lang='grc'>[154]</span> <span class='ocrx_word' id='word_1_614' title='bbox 3207 1135 3269 1188; x_wconf 71' lang='lat' dir='ltr'>Ol</span> <span class='ocrx_word' id='word_1_615' title='bbox 3292 1131 3401 1205; x_wconf 87' lang='grc' dir='ltr'>γάρ</span> <span class='ocrx_word' id='word_1_616' title='bbox 3432 1133 3569 1204; x_wconf 85' lang='grc' dir='ltr'>πρὸς</span> <span class='ocrx_word' id='word_1_617' title='bbox 3592 1133 3663 1187; x_wconf 86' lang='grc' dir='ltr'>τὰ</span> <span class='ocrx_word' id='word_1_618' title='bbox 3687 1133 3895 1186; x_wconf 76' lang='grc' dir='ltr'>εἴδωλα</span> 
     </span>
    </p>
   </div>
   <div class='ocr_carea' id='block_1_77' title="bbox 2301 1221 3893 1295">
    <p class='ocr_par' dir='ltr' id='par_1_77' title="bbox 2301 1221 3893 1295">
     <span class='ocr_line' id='line_1_78' title="bbox 2301 1221 3893 1295; baseline -0.002 -19"><span class='ocrx_word' id='word_1_619' title='bbox 2301 1221 2607 1295; x_wconf 86' lang='grc' dir='ltr'>τρέχοντες,</span> <span class='ocrx_word' id='word_1_620' title='bbox 2630 1223 2724 1276; x_wconf 79' lang='grc' dir='ltr'>καὶ</span> <span class='ocrx_word' id='word_1_621' title='bbox 2751 1223 2875 1288; x_wconf 78' lang='grc' dir='ltr'>τοὺς</span> <span class='ocrx_word' id='word_1_622' title='bbox 2899 1223 3050 1287; x_wconf 76' lang='grc' dir='ltr'>υἱοὺς</span> <span class='ocrx_word' id='word_1_623' title='bbox 3068 1221 3247 1277; x_wconf 83' lang='grc' dir='ltr'>αὐτῶν</span> <span class='ocrx_word' id='word_1_624' title='bbox 3264 1221 3737 1289; x_wconf 82' lang='grc' dir='ltr'>κατασφάττοντες</span> <span class='ocrx_word' id='word_1_625' title='bbox 3768 1222 3893 1285; x_wconf 81' lang='grc' dir='ltr'>τοῖς</span> 
     </span>
    </p>
   </div>
   <div class='ocr_carea' id='block_1_78' title="bbox 2301 1304 3889 1382">
    <p class='ocr_par' dir='ltr' id='par_1_78' title="bbox 2301 1304 3889 1382">
     <span class='ocr_line' id='line_1_79' title="bbox 2301 1304 3889 1382; baseline -0.003 -17"><span class='ocrx_word' id='word_1_626' title='bbox 2301 1310 2617 1382; x_wconf 81' lang='grc' dir='ltr'>δαιμονίοις,</span> <span class='ocrx_word' id='word_1_627' title='bbox 2635 1304 2782 1365; x_wconf 76' lang='grc' dir='ltr'>οὗτοι</span> <span class='ocrx_word' id='word_1_628' title='bbox 2812 1309 3081 1364; x_wconf 85' lang='grc' dir='ltr'>τοσούτων</span> <span class='ocrx_word' id='word_1_629' title='bbox 3113 1310 3306 1382; x_wconf 73' lang='grc' dir='ltr'>ἱερέων</span> <span class='ocrx_word' id='word_1_630' title='bbox 3329 1310 3426 1379; x_wconf 83' lang='grc' dir='ltr'>τῆς</span> <span class='ocrx_word' id='word_1_631' title='bbox 3451 1308 3601 1362; x_wconf 89' lang='grc' dir='ltr'>Βάαλ</span> <span class='ocrx_word' id='word_1_632' title='bbox 3622 1309 3889 1380; x_wconf 82' lang='grc' dir='ltr'>ἀναιρου-</span> 
     </span>
    </p>
   </div>
   <div class='ocr_carea' id='block_1_79' title="bbox 2306 1398 3889 1472">
    <p class='ocr_par' dir='ltr' id='par_1_79' title="bbox 2306 1398 3889 1472">
     <span class='ocr_line' id='line_1_80' title="bbox 2306 1398 3889 1472; baseline -0.002 -18"><span class='ocrx_word' id='word_1_633' title='bbox 2306 1401 2514 1471; x_wconf 87' lang='grc' dir='ltr'>μένων,</span> <span class='ocrx_word' id='word_1_634' title='bbox 2556 1401 2658 1454; x_wconf 82' lang='grc' dir='ltr'>ούκ</span> <span class='ocrx_word' id='word_1_635' title='bbox 2702 1400 3089 1472; x_wconf 86' lang='grc' dir='ltr'>ἐδυσχέραναν,</span> <span class='ocrx_word' id='word_1_636' title='bbox 3143 1399 3243 1452; x_wconf 82' lang='grc' dir='ltr'>οὐκ</span> <span class='ocrx_word' id='word_1_637' title='bbox 3294 1398 3703 1469; x_wconf 75' lang='grc' dir='ltr'>ἠγανάκτησαν,</span> <span class='ocrx_word' id='word_1_638' title='bbox 3760 1399 3889 1452; x_wconf 81' lang='grc' dir='ltr'>ἀλλ’</span> 
     </span>
    </p>
   </div>
   <div class='ocr_carea' id='block_1_80' title="bbox 2300 1485 3887 1561">
    <p class='ocr_par' dir='ltr' id='par_1_80' title="bbox 2300 1485 3887 1561">
     <span class='ocr_line' id='line_1_81' title="bbox 2300 1485 3887 1561; baseline 0 -21"><span class='ocrx_word' id='word_1_639' title='bbox 2300 1488 2538 1560; x_wconf 72' lang='grc' dir='ltr'>ήνεγκαν</span> <span class='ocrx_word' id='word_1_640' title='bbox 2576 1492 2703 1561; x_wconf 83' lang='grc' dir='ltr'>σιγῇ</span> <span class='ocrx_word' id='word_1_641' title='bbox 2733 1490 2824 1542; x_wconf 71' lang='grc' dir='ltr'>καὶ</span> <span class='ocrx_word' id='word_1_642' title='bbox 2850 1488 2999 1560; x_wconf 88' lang='grc' dir='ltr'>φόϐῳ</span> <span class='ocrx_word' id='word_1_643' title='bbox 3024 1487 3086 1542; x_wconf 83' lang='grc' dir='ltr'>τὸ</span> <span class='ocrx_word' id='word_1_644' title='bbox 3124 1486 3429 1557; x_wconf 86' lang='grc' dir='ltr'>γινόμενον,</span> <span class='ocrx_word' id='word_1_645' title='bbox 3454 1486 3563 1541; x_wconf 80' lang='grc' dir='ltr'>ἀπὸ</span> <span class='ocrx_word' id='word_1_646' title='bbox 3594 1485 3686 1541; x_wconf 89' lang='grc' dir='ltr'>τοῦ</span> <span class='ocrx_word' id='word_1_647' title='bbox 3716 1485 3887 1560; x_wconf 77' lang='grc' dir='ltr'>λιμοῦ</span> 
     </span>
    </p>
   </div>
   <div class='ocr_carea' id='block_1_81' title="bbox 2303 1575 2875 1650">
    <p class='ocr_par' dir='ltr' id='par_1_81' title="bbox 2303 1575 2875 1650">
     <span class='ocr_line' id='line_1_82' title="bbox 2303 1575 2875 1650; baseline 0.005 -20"><span class='ocrx_word' id='word_1_648' title='bbox 2303 1575 2546 1647; x_wconf 85' lang='grc' dir='ltr'>βελτίους</span> <span class='ocrx_word' id='word_1_649' title='bbox 2570 1578 2875 1650; x_wconf 85' lang='grc' dir='ltr'>γενόμενοι.</span> 
     </span>
    </p>
   </div>
   <div class='ocr_carea' id='block_1_82' title="bbox 2372 1696 3884 1775">
    <p class='ocr_par' dir='ltr' id='par_1_82' title="bbox 2372 1696 3884 1775">
     <span class='ocr_line' id='line_1_83' title="bbox 2372 1696 3884 1775; baseline -0.001 -21"><span class='ocrx_word' id='word_1_650' title='bbox 2372 1707 2447 1766; x_wconf 83' lang='grc' dir='ltr'>ς’.</span> <span class='ocrx_word' id='word_1_651' title='bbox 2485 1701 2646 1775; x_wconf 84' lang='grc' dir='ltr'>Ὁρᾷς</span> <span class='ocrx_word' id='word_1_652' title='bbox 2668 1704 2744 1765; x_wconf 89' lang='grc' dir='ltr'>ώς</span> <span class='ocrx_word' id='word_1_653' title='bbox 2764 1702 2824 1756; x_wconf 85' lang='grc' dir='ltr'>οὐ</span> <span class='ocrx_word' id='word_1_654' title='bbox 2852 1700 3010 1772; x_wconf 87' lang='grc' dir='ltr'>μόνον</span> <span class='ocrx_word' id='word_1_655' title='bbox 3033 1698 3141 1774; x_wconf 82' lang='grc' dir='ltr'>[οὐ]</span> <span class='ocrx_word' id='word_1_656' title='bbox 3164 1700 3334 1753; x_wconf 78' lang='grc' dir='ltr'>κακὸν</span> <span class='ocrx_word' id='word_1_657' title='bbox 3354 1699 3383 1752; x_wconf 93' lang='lat'>6</span> <span class='ocrx_word' id='word_1_658' title='bbox 3411 1696 3589 1769; x_wconf 79' lang='grc' dir='ltr'>λιμὸς,</span> <span class='ocrx_word' id='word_1_659' title='bbox 3613 1696 3754 1751; x_wconf 81' lang='grc' dir='ltr'>ἀλλά</span> <span class='ocrx_word' id='word_1_660' title='bbox 3783 1698 3884 1752; x_wconf 75' lang='grc' dir='ltr'>καὶ</span> 
     </span>
    </p>
   </div>
   <div class='ocr_carea' id='block_1_83' title="bbox 2300 1785 3883 1859">
    <p class='ocr_par' dir='ltr' id='par_1_83' title="bbox 2300 1785 3883 1859">
     <span class='ocr_line' id='line_1_84' title="bbox 2300 1785 3883 1859; baseline -0.003 -17"><span class='ocrx_word' id='word_1_661' title='bbox 2300 1787 2486 1842; x_wconf 89' lang='grc' dir='ltr'>κακῶν</span> <span class='ocrx_word' id='word_1_662' title='bbox 2524 1788 2885 1859; x_wconf 84' lang='grc' dir='ltr'>ἀναιρετικδς,</span> <span class='ocrx_word' id='word_1_663' title='bbox 2916 1789 2974 1840; x_wconf 87' lang='grc' dir='ltr'>ἐν</span> <span class='ocrx_word' id='word_1_664' title='bbox 2999 1786 3151 1854; x_wconf 75' lang='grc' dir='ltr'>τάξει</span> <span class='ocrx_word' id='word_1_665' title='bbox 3181 1785 3472 1857; x_wconf 84' lang='grc' dir='ltr'>φαρμάκου</span> <span class='ocrx_word' id='word_1_666' title='bbox 3491 1785 3562 1839; x_wconf 79' lang='grc' dir='ltr'>τὰ</span> <span class='ocrx_word' id='word_1_667' title='bbox 3591 1786 3883 1856; x_wconf 85' lang='grc' dir='ltr'>νοσήματα</span> 
     </span>
    </p>
   </div>
   <div class='ocr_carea' id='block_1_84' title="bbox 2297 1866 3882 1947">
    <p class='ocr_par' dir='ltr' id='par_1_84' title="bbox 2297 1866 3882 1947">
     <span class='ocr_line' id='line_1_85' title="bbox 2297 1866 3882 1947; baseline -0.001 -19"><span class='ocrx_word' id='word_1_668' title='bbox 2297 1874 2731 1947; x_wconf 88' lang='grc' dir='ltr'>διορθωσάμενος</span> <span class='ocrx_word' id='word_1_669' title='bbox 2754 1892 2769 1942; x_wconf 89' lang='grc'>;</span> <span class='ocrx_word' id='word_1_670' title='bbox 2795 1876 2859 1929; x_wconf 85' lang='grc' dir='ltr'>Εἰ</span> <span class='ocrx_word' id='word_1_671' title='bbox 2892 1876 2987 1929; x_wconf 75' lang='grc' dir='ltr'>καὶ</span> <span class='ocrx_word' id='word_1_672' title='bbox 3013 1866 3111 1947; x_wconf 82' lang='grc' dir='ltr'>τὴν</span> <span class='ocrx_word' id='word_1_673' title='bbox 3151 1874 3527 1946; x_wconf 77' lang='grc' dir='ltr'>αἰχμαλωσίαν</span> <span class='ocrx_word' id='word_1_674' title='bbox 3554 1874 3724 1945; x_wconf 82' lang='grc' dir='ltr'>αὐτὴν</span> <span class='ocrx_word' id='word_1_675' title='bbox 3758 1874 3882 1944; x_wconf 82' lang='grc' dir='ltr'>βού-</span> 
     </span>
    </p>
   </div>
   <div class='ocr_carea' id='block_1_85' title="bbox 2296 1958 3880 2031">
    <p class='ocr_par' dir='ltr' id='par_1_85' title="bbox 2296 1958 3880 2031">
     <span class='ocr_line' id='line_1_86' title="bbox 2296 1958 3880 2031; baseline 0.001 -17"><span class='ocrx_word' id='word_1_676' title='bbox 2296 1961 2379 2015; x_wconf 91' lang='grc' dir='ltr'>λει</span> <span class='ocrx_word' id='word_1_677' title='bbox 2407 1962 2434 2002; x_wconf 75' lang='grc' dir='ltr'><em>ά</em></span> <span class='ocrx_word' id='word_1_678' title='bbox 2472 1962 2598 2016; x_wconf 80' lang='grc' dir='ltr'>ἰδεῖν</span> <span class='ocrx_word' id='word_1_679' title='bbox 2633 1963 2693 2016; x_wconf 84' lang='grc' dir='ltr'>οὐ</span> <span class='ocrx_word' id='word_1_680' title='bbox 2722 1963 2828 2016; x_wconf 90' lang='grc' dir='ltr'>τῶν</span> <span class='ocrx_word' id='word_1_681' title='bbox 2865 1962 3053 2017; x_wconf 87' lang='grc' dir='ltr'>κακῶν</span> <span class='ocrx_word' id='word_1_682' title='bbox 3095 1958 3280 2025; x_wconf 79' lang='grc' dir='ltr'>οὖσαν,</span> <span class='ocrx_word' id='word_1_683' title='bbox 3311 1961 3565 2030; x_wconf 87' lang='grc' dir='ltr'>ἐννόησον</span> <span class='ocrx_word' id='word_1_684' title='bbox 3595 1961 3737 2025; x_wconf 86' lang='grc' dir='ltr'>τίνες</span> <span class='ocrx_word' id='word_1_685' title='bbox 3776 1960 3880 2031; x_wconf 78' lang='grc' dir='ltr'>μὲν</span> 
     </span>
    </p>
   </div>
   <div class='ocr_carea' id='block_1_86' title="bbox 2294 2045 3880 2123">
    <p class='ocr_par' dir='ltr' id='par_1_86' title="bbox 2294 2045 3880 2123">
     <span class='ocr_line' id='line_1_87' title="bbox 2294 2045 3880 2123; baseline 0 -20"><span class='ocrx_word' id='word_1_686' title='bbox 2294 2045 2435 2123; x_wconf 87' lang='grc' dir='ltr'>ἦσαν</span> <span class='ocrx_word' id='word_1_687' title='bbox 2472 2051 2523 2105; x_wconf 79' lang='grc' dir='ltr'>οἱ</span> <span class='ocrx_word' id='word_1_688' title='bbox 2574 2050 2812 2106; x_wconf 81' lang='grc' dir='ltr'>Ἰουδαῖοι</span> <span class='ocrx_word' id='word_1_689' title='bbox 2842 2051 2949 2120; x_wconf 80' lang='grc' dir='ltr'>πρὸ</span> <span class='ocrx_word' id='word_1_690' title='bbox 2985 2052 3082 2118; x_wconf 83' lang='grc' dir='ltr'>τῆς</span> <span class='ocrx_word' id='word_1_691' title='bbox 3110 2049 3508 2122; x_wconf 75' lang='grc' dir='ltr'>αἰχμαλωσίας,</span> <span class='ocrx_word' id='word_1_692' title='bbox 3547 2049 3691 2113; x_wconf 88' lang='grc' dir='ltr'>τίνες</span> <span class='ocrx_word' id='word_1_693' title='bbox 3732 2050 3790 2103; x_wconf 77' lang='grc' dir='ltr'>δὲ</span> <span class='ocrx_word' id='word_1_694' title='bbox 3815 2052 3880 2103; x_wconf 88' lang='grc' dir='ltr'>ἐν</span> 
     </span>
    </p>
   </div>
   <div class='ocr_carea' id='block_1_87' title="bbox 2293 2135 3878 2211">
    <p class='ocr_par' dir='ltr' id='par_1_87' title="bbox 2293 2135 3878 2211">
     <span class='ocr_line' id='line_1_88' title="bbox 2293 2135 3878 2211; baseline 0.001 -22"><span class='ocrx_word' id='word_1_695' title='bbox 2293 2139 2360 2207; x_wconf 80' lang='grc' dir='ltr'>τῇ</span> <span class='ocrx_word' id='word_1_696' title='bbox 2396 2137 2764 2208; x_wconf 73' lang='grc' dir='ltr'>αἰχμαλωσίᾳ,</span> <span class='ocrx_word' id='word_1_697' title='bbox 2820 2137 2909 2191; x_wconf 79' lang='grc' dir='ltr'>ἵνα</span> <span class='ocrx_word' id='word_1_698' title='bbox 2957 2136 3134 2211; x_wconf 81' lang='grc' dir='ltr'>μάθῃς</span> <span class='ocrx_word' id='word_1_699' title='bbox 3184 2138 3264 2191; x_wconf 84' lang='grc' dir='ltr'>ὅτι</span> <span class='ocrx_word' id='word_1_700' title='bbox 3310 2135 3434 2191; x_wconf 70' lang='grc' dir='ltr'>οὔτε</span> <span class='ocrx_word' id='word_1_701' title='bbox 3499 2137 3533 2209; x_wconf 83' lang='grc' dir='ltr'><strong>ἡ</strong></span> <span class='ocrx_word' id='word_1_702' title='bbox 3588 2137 3878 2207; x_wconf 83' lang='grc' dir='ltr'>ἐλευθερία</span> 
     </span>
    </p>
   </div>
   <div class='ocr_carea' id='block_1_88' title="bbox 2295 2224 3877 2296">
    <p class='ocr_par' dir='ltr' id='par_1_88' title="bbox 2295 2224 3877 2296">
     <span class='ocr_line' id='line_1_89' title="bbox 2295 2224 3877 2296; baseline -0.001 -17"><span class='ocrx_word' id='word_1_703' title='bbox 2295 2224 2483 2289; x_wconf 86' lang='grc' dir='ltr'>ἁπλῶς</span> <span class='ocrx_word' id='word_1_704' title='bbox 2512 2225 2698 2288; x_wconf 81' lang='grc' dir='ltr'>καλὸν,</span> <span class='ocrx_word' id='word_1_705' title='bbox 2733 2224 2857 2278; x_wconf 76' lang='grc' dir='ltr'>οὔτε</span> <span class='ocrx_word' id='word_1_706' title='bbox 2888 2226 2922 2296; x_wconf 86' lang='grc' dir='ltr'>ή</span> <span class='ocrx_word' id='word_1_707' title='bbox 2965 2225 3311 2296; x_wconf 83' lang='grc' dir='ltr'>αἰχμαλωσία</span> <span class='ocrx_word' id='word_1_708' title='bbox 3344 2225 3536 2280; x_wconf 83' lang='grc' dir='ltr'>κακόν.</span> <span class='ocrx_word' id='word_1_709' title='bbox 3571 2225 3742 2279; x_wconf 85' lang='grc' dir='ltr'>Ὅταν</span> <span class='ocrx_word' id='word_1_710' title='bbox 3772 2224 3877 2296; x_wconf 83' lang='grc' dir='ltr'>μὲν</span> 
     </span>
    </p>
   </div>
   <div class='ocr_carea' id='block_1_89' title="bbox 2292 2308 3875 2385">
    <p class='ocr_par' dir='ltr' id='par_1_89' title="bbox 2292 2308 3875 2385">
     <span class='ocr_line' id='line_1_90' title="bbox 2292 2308 3875 2385; baseline 0 -19"><span class='ocrx_word' id='word_1_711' title='bbox 2292 2314 2402 2385; x_wconf 76' lang='grc' dir='ltr'>γὰρ</span> <span class='ocrx_word' id='word_1_712' title='bbox 2433 2308 2574 2385; x_wconf 81' lang='grc' dir='ltr'>ἦσαν</span> <span class='ocrx_word' id='word_1_713' title='bbox 2618 2314 2676 2365; x_wconf 91' lang='grc' dir='ltr'>ἐν</span> <span class='ocrx_word' id='word_1_714' title='bbox 2711 2311 3013 2383; x_wconf 78' lang='grc' dir='ltr'>ἐλευθερία,</span> <span class='ocrx_word' id='word_1_715' title='bbox 3064 2313 3159 2367; x_wconf 79' lang='grc' dir='ltr'>καὶ</span> <span class='ocrx_word' id='word_1_716' title='bbox 3191 2312 3289 2385; x_wconf 74' lang='grc' dir='ltr'>τὴν</span> <span class='ocrx_word' id='word_1_717' title='bbox 3322 2313 3558 2384; x_wconf 83' lang='grc' dir='ltr'>πατρίδα</span> <span class='ocrx_word' id='word_1_718' title='bbox 3596 2309 3740 2383; x_wconf 80' lang='grc' dir='ltr'>εἶχον</span> <span class='ocrx_word' id='word_1_719' title='bbox 3773 2311 3875 2384; x_wconf 76' lang='grc' dir='ltr'>τὴν</span> 
     </span>
    </p>
   </div>
   <div class='ocr_carea' id='block_1_90' title="bbox 2292 2399 3876 2473">
    <p class='ocr_par' dir='ltr' id='par_1_90' title="bbox 2292 2399 3876 2473">
     <span class='ocr_line' id='line_1_91' title="bbox 2292 2399 3876 2473; baseline -0.001 -18"><span class='ocrx_word' id='word_1_720' title='bbox 2292 2401 2523 2463; x_wconf 78' lang='grc' dir='ltr'>ἑαυτῶν,</span> <span class='ocrx_word' id='word_1_721' title='bbox 2554 2399 2779 2454; x_wconf 86' lang='grc' dir='ltr'>τοιαῦτα</span> <span class='ocrx_word' id='word_1_722' title='bbox 2808 2401 3093 2471; x_wconf 77' lang='grc' dir='ltr'>ἔπραττον,</span> <span class='ocrx_word' id='word_1_723' title='bbox 3123 2400 3198 2463; x_wconf 81' lang='grc' dir='ltr'>ὡς</span> <span class='ocrx_word' id='word_1_724' title='bbox 3225 2399 3347 2454; x_wconf 84' lang='grc' dir='ltr'>καθ’</span> <span class='ocrx_word' id='word_1_725' title='bbox 3377 2401 3616 2471; x_wconf 87' lang='grc' dir='ltr'>ἐκάστην</span> <span class='ocrx_word' id='word_1_726' title='bbox 3659 2401 3876 2473; x_wconf 75' lang='grc' dir='ltr'>ἡμέραν</span> 
     </span>
    </p>
   </div>
   <div class='ocr_carea' id='block_1_91' title="bbox 2291 2486 3879 2559">
    <p class='ocr_par' dir='ltr' id='par_1_91' title="bbox 2291 2486 3879 2559">
     <span class='ocr_line' id='line_1_92' title="bbox 2291 2486 3879 2559; baseline 0 -18"><span class='ocrx_word' id='word_1_727' title='bbox 2291 2490 2418 2552; x_wconf 72' lang='grc' dir='ltr'>τοὺς</span> <span class='ocrx_word' id='word_1_728' title='bbox 2445 2488 2727 2559; x_wconf 66' lang='grc' dir='ltr'>προφήτας</span> <span class='ocrx_word' id='word_1_729' title='bbox 2749 2487 2928 2541; x_wconf 78' lang='grc' dir='ltr'>αὐτῶν</span> <span class='ocrx_word' id='word_1_730' title='bbox 2944 2486 3237 2558; x_wconf 78' lang='grc' dir='ltr'>καταϐοᾷν,</span> <span class='ocrx_word' id='word_1_731' title='bbox 3265 2487 3375 2540; x_wconf 89' lang='grc' dir='ltr'>τῶν</span> <span class='ocrx_word' id='word_1_732' title='bbox 3394 2488 3575 2558; x_wconf 89' lang='grc' dir='ltr'>νόμων</span> <span class='ocrx_word' id='word_1_733' title='bbox 3596 2488 3879 2559; x_wconf 78' lang='grc' dir='ltr'>πατουμέο</span> 
     </span>
    </p>
   </div>
   <div class='ocr_carea' id='block_1_92' title="bbox 2291 2577 3878 2649">
    <p class='ocr_par' dir='ltr' id='par_1_92' title="bbox 2291 2577 3878 2649">
     <span class='ocr_line' id='line_1_93' title="bbox 2291 2577 3878 2649; baseline -0.001 -17"><span class='ocrx_word' id='word_1_734' title='bbox 2291 2595 2419 2643; x_wconf 92' lang='grc' dir='ltr'>νων,</span> <span class='ocrx_word' id='word_1_735' title='bbox 2456 2579 2551 2632; x_wconf 81' lang='grc' dir='ltr'>καὶ</span> <span class='ocrx_word' id='word_1_736' title='bbox 2580 2577 2688 2631; x_wconf 89' lang='grc' dir='ltr'>τῶν</span> <span class='ocrx_word' id='word_1_737' title='bbox 2716 2577 2949 2631; x_wconf 78' lang='grc' dir='ltr'>εἰδώλων</span> <span class='ocrx_word' id='word_1_738' title='bbox 2980 2577 3492 2649; x_wconf 88' lang='grc' dir='ltr'>προσκυνουμένων,</span> <span class='ocrx_word' id='word_1_739' title='bbox 3525 2579 3618 2631; x_wconf 75' lang='grc' dir='ltr'>καὶ</span> <span class='ocrx_word' id='word_1_740' title='bbox 3655 2577 3765 2632; x_wconf 88' lang='grc' dir='ltr'>τῶν</span> <span class='ocrx_word' id='word_1_741' title='bbox 3786 2581 3878 2631; x_wconf 60' lang='grc' dir='ltr'>ἐνί</span> 
     </span>
    </p>
   </div>
   <div class='ocr_carea' id='block_1_93' title="bbox 2289 2665 3877 2737">
    <p class='ocr_par' dir='ltr' id='par_1_93' title="bbox 2289 2665 3877 2737">
     <span class='ocr_line' id='line_1_94' title="bbox 2289 2665 3877 2737; baseline 0 -18"><span class='ocrx_word' id='word_1_742' title='bbox 2289 2666 2463 2719; x_wconf 88' lang='grc' dir='ltr'>τολῶν</span> <span class='ocrx_word' id='word_1_743' title='bbox 2493 2665 2587 2719; x_wconf 88' lang='grc' dir='ltr'>τοῦ</span> <span class='ocrx_word' id='word_1_744' title='bbox 2620 2666 2756 2719; x_wconf 86' lang='grc' dir='ltr'>Θεοῦ</span> <span class='ocrx_word' id='word_1_745' title='bbox 2806 2665 3226 2737; x_wconf 81' lang='grc' dir='ltr'>παραϐαθεισῶν</span> <span class='ocrx_word' id='word_1_746' title='bbox 3260 2676 3283 2704; x_wconf 81' lang='grc' dir='ltr'><strong>ο</strong></span> <span class='ocrx_word' id='word_1_747' title='bbox 3305 2682 3318 2693; x_wconf 71' lang='grc' dir='ltr'>ο</span> <span class='ocrx_word' id='word_1_748' title='bbox 3347 2665 3537 2734; x_wconf 75' lang='grc' dir='ltr'>ἐπειδὴ</span> <span class='ocrx_word' id='word_1_749' title='bbox 3568 2666 3625 2718; x_wconf 84' lang='grc' dir='ltr'>δέ</span> <span class='ocrx_word' id='word_1_750' title='bbox 3660 2666 3877 2732; x_wconf 77' lang='grc' dir='ltr'>ἀπηνέ-</span> 
     </span>
    </p>
   </div>
   <div class='ocr_carea' id='block_1_94' title="bbox 2291 2754 3877 2828">
    <p class='ocr_par' dir='ltr' id='par_1_94' title="bbox 2291 2754 3877 2828">
     <span class='ocr_line' id='line_1_95' title="bbox 2291 2754 3877 2828; baseline -0.001 -19"><span class='ocrx_word' id='word_1_751' title='bbox 2291 2755 2498 2828; x_wconf 89' lang='grc' dir='ltr'>χθησαν</span> <span class='ocrx_word' id='word_1_752' title='bbox 2524 2756 2603 2818; x_wconf 85' lang='grc' dir='ltr'>εἰς</span> <span class='ocrx_word' id='word_1_753' title='bbox 2629 2755 2731 2825; x_wconf 80' lang='grc' dir='ltr'>γῆν</span> <span class='ocrx_word' id='word_1_754' title='bbox 2768 2755 3076 2825; x_wconf 84' lang='grc' dir='ltr'>ἀλλοτρίαν,</span> <span class='ocrx_word' id='word_1_755' title='bbox 3112 2755 3205 2808; x_wconf 74' lang='grc' dir='ltr'>καὶ</span> <span class='ocrx_word' id='word_1_756' title='bbox 3234 2755 3293 2807; x_wconf 84' lang='grc' dir='ltr'>ἐν</span> <span class='ocrx_word' id='word_1_757' title='bbox 3340 2757 3407 2826; x_wconf 80' lang='grc' dir='ltr'>τῇ</span> <span class='ocrx_word' id='word_1_758' title='bbox 3440 2754 3549 2808; x_wconf 87' lang='grc' dir='ltr'>τῶν</span> <span class='ocrx_word' id='word_1_759' title='bbox 3579 2754 3877 2828; x_wconf 87' lang='grc' dir='ltr'>βαρϐάρων</span> 
     </span>
    </p>
   </div>
   <div class='ocr_carea' id='block_1_95' title="bbox 2291 2841 3879 2915">
    <p class='ocr_par' dir='ltr' id='par_1_95' title="bbox 2291 2841 3879 2915">
     <span class='ocr_line' id='line_1_96' title="bbox 2291 2841 3879 2915; baseline 0.001 -20"><span class='ocrx_word' id='word_1_760' title='bbox 2291 2844 2445 2915; x_wconf 78' lang='grc' dir='ltr'>χώρᾳ</span> <span class='ocrx_word' id='word_1_761' title='bbox 2492 2841 2782 2913; x_wconf 82' lang='grc' dir='ltr'>διέτριϐον,</span> <span class='ocrx_word' id='word_1_762' title='bbox 2820 2842 2963 2895; x_wconf 85' lang='grc' dir='ltr'>οῦτω</span> <span class='ocrx_word' id='word_1_763' title='bbox 3007 2843 3433 2915; x_wconf 88' lang='grc' dir='ltr'>συνεστάλησαν,</span> <span class='ocrx_word' id='word_1_764' title='bbox 3479 2843 3576 2897; x_wconf 81' lang='grc' dir='ltr'>καὶ</span> <span class='ocrx_word' id='word_1_765' title='bbox 3628 2841 3879 2913; x_wconf 79' lang='grc' dir='ltr'>βελτίους</span> 
     </span>
    </p>
   </div>
   <div class='ocr_carea' id='block_1_96' title="bbox 2292 2930 3879 3001">
    <p class='ocr_par' dir='ltr' id='par_1_96' title="bbox 2292 2930 3879 3001">
     <span class='ocr_line' id='line_1_97' title="bbox 2292 2930 3879 3001; baseline 0.001 -16"><span class='ocrx_word' id='word_1_766' title='bbox 2292 2932 2562 3000; x_wconf 83' lang='grc' dir='ltr'>ἐγένοντο,</span> <span class='ocrx_word' id='word_1_767' title='bbox 2611 2931 2707 2983; x_wconf 77' lang='grc' dir='ltr'>καὶ</span> <span class='ocrx_word' id='word_1_768' title='bbox 2743 2930 2837 2983; x_wconf 90' lang='grc' dir='ltr'>τοῦ</span> <span class='ocrx_word' id='word_1_769' title='bbox 2870 2931 3035 3001; x_wconf 86' lang='grc' dir='ltr'>νόμου</span> <span class='ocrx_word' id='word_1_770' title='bbox 3081 2930 3340 3000; x_wconf 89' lang='grc' dir='ltr'>φύλακες,</span> <span class='ocrx_word' id='word_1_771' title='bbox 3386 2932 3464 2997; x_wconf 83' lang='grc' dir='ltr'>ῶς</span> <span class='ocrx_word' id='word_1_772' title='bbox 3500 2930 3647 2987; x_wconf 72' lang='grc' dir='ltr'>ἔστιν</span> <span class='ocrx_word' id='word_1_773' title='bbox 3680 2934 3746 2987; x_wconf 85' lang='grc' dir='ltr'>ἐκ</span> <span class='ocrx_word' id='word_1_774' title='bbox 3777 2933 3879 2987; x_wconf 87' lang='grc' dir='ltr'>τοῦ</span> 
     </span>
    </p>
   </div>
   <div class='ocr_carea' id='block_1_97' title="bbox 2288 3016 3877 3091">
    <p class='ocr_par' dir='ltr' id='par_1_97' title="bbox 2288 3016 3877 3091">
     <span class='ocr_line' id='line_1_98' title="bbox 2288 3016 3877 3091; baseline 0.001 -19"><span class='ocrx_word' id='word_1_775' title='bbox 2288 3017 2504 3088; x_wconf 74' lang='grc' dir='ltr'>ψαλμοῦ</span> <span class='ocrx_word' id='word_1_776' title='bbox 2533 3017 2691 3071; x_wconf 88' lang='grc' dir='ltr'>τοῦτο</span> <span class='ocrx_word' id='word_1_777' title='bbox 2709 3016 2917 3089; x_wconf 80' lang='grc' dir='ltr'>μαθεῖν,</span> <span class='ocrx_word' id='word_1_778' title='bbox 2944 3018 3003 3071; x_wconf 85' lang='grc' dir='ltr'>ὃν</span> <span class='ocrx_word' id='word_1_779' title='bbox 3034 3019 3331 3087; x_wconf 85' lang='grc' dir='ltr'>ἀναγκαῖον</span> <span class='ocrx_word' id='word_1_780' title='bbox 3355 3021 3438 3083; x_wconf 84' lang='grc' dir='ltr'>εἰς</span> <span class='ocrx_word' id='word_1_781' title='bbox 3466 3021 3631 3091; x_wconf 82' lang='grc' dir='ltr'>μέσον</span> <span class='ocrx_word' id='word_1_782' title='bbox 3643 3021 3877 3089; x_wconf 76' lang='grc' dir='ltr'>ἀγαγεῖν</span> 
     </span>
    </p>
   </div>
   <div class='ocr_carea' id='block_1_98' title="bbox 2292 3105 3870 3180">
    <p class='ocr_par' dir='ltr' id='par_1_98' title="bbox 2292 3105 3870 3180">
     <span class='ocr_line' id='line_1_99' title="bbox 2292 3105 3870 3180; baseline 0.003 -22"><span class='ocrx_word' id='word_1_783' title='bbox 2292 3107 2552 3177; x_wconf 88' lang='grc' dir='ltr'>σήμερον.</span> <span class='ocrx_word' id='word_1_784' title='bbox 2601 3106 2687 3159; x_wconf 73' lang='grc' dir='ltr'>ἵνα</span> <span class='ocrx_word' id='word_1_785' title='bbox 2726 3105 2932 3175; x_wconf 86' lang='grc' dir='ltr'>μάθητε</span> <span class='ocrx_word' id='word_1_786' title='bbox 2962 3105 3062 3175; x_wconf 86' lang='grc' dir='ltr'>τῆς</span> <span class='ocrx_word' id='word_1_787' title='bbox 3102 3105 3482 3177; x_wconf 87' lang='grc' dir='ltr'>αἰχμαλωσίας</span> <span class='ocrx_word' id='word_1_788' title='bbox 3510 3106 3603 3161; x_wconf 87' lang='grc' dir='ltr'>τδν</span> <span class='ocrx_word' id='word_1_789' title='bbox 3631 3108 3870 3180; x_wconf 85' lang='grc' dir='ltr'>καρπόν.</span> 
     </span>
    </p>
   </div>
   <div class='ocr_carea' id='block_1_99' title="bbox 2290 3194 3878 3266">
    <p class='ocr_par' dir='ltr' id='par_1_99' title="bbox 2290 3194 3878 3266">
     <span class='ocr_line' id='line_1_100' title="bbox 2290 3194 3878 3266; baseline 0.002 -18"><span class='ocrx_word' id='word_1_790' title='bbox 2290 3196 2386 3258; x_wconf 85' lang='grc' dir='ltr'>Τίς</span> <span class='ocrx_word' id='word_1_791' title='bbox 2420 3194 2479 3248; x_wconf 90' lang='grc' dir='ltr'>δέ</span> <span class='ocrx_word' id='word_1_792' title='bbox 2511 3195 2659 3249; x_wconf 86' lang='grc' dir='ltr'>ἐστιν</span> <span class='ocrx_word' id='word_1_793' title='bbox 2688 3196 2717 3247; x_wconf 91' lang='lat'>6</span> <span class='ocrx_word' id='word_1_794' title='bbox 2762 3195 3010 3264; x_wconf 78' lang='grc' dir='ltr'>ψαλμόςς</span> <span class='ocrx_word' id='word_1_795' title='bbox 3063 3196 3190 3248; x_wconf 77' lang='grc' dir='ltr'>Ἐπὶ</span> <span class='ocrx_word' id='word_1_796' title='bbox 3217 3194 3339 3249; x_wconf 78' lang='grc' dir='ltr'>τῶν</span> <span class='ocrx_word' id='word_1_797' title='bbox 3369 3194 3653 3266; x_wconf 78' lang='grc' dir='ltr'>ποταμῶν</span> <span class='ocrx_word' id='word_1_798' title='bbox 3679 3196 3878 3251; x_wconf 74' lang='grc' dir='ltr'>Βαϐυ-</span> 
     </span>
    </p>
   </div>
   <div class='ocr_carea' id='block_1_100' title="bbox 2287 3281 3877 3353">
    <p class='ocr_par' dir='ltr' id='par_1_100' title="bbox 2287 3281 3877 3353">
     <span class='ocr_line' id='line_1_101' title="bbox 2287 3281 3877 3353; baseline 0.002 -18"><span class='ocrx_word' id='word_1_799' title='bbox 2287 3282 2485 3349; x_wconf 69' lang='grc' dir='ltr'>λῶνος</span> <span class='ocrx_word' id='word_1_800' title='bbox 2511 3282 2642 3336; x_wconf 82' lang='grc' dir='ltr'>ἐκεῖ</span> <span class='ocrx_word' id='word_1_801' title='bbox 2663 3283 3060 3351; x_wconf 70' lang='grc' dir='ltr'>ἐκαθίσαμέν,</span> <span class='ocrx_word' id='word_1_802' title='bbox 3103 3283 3204 3337; x_wconf 72' lang='grc' dir='ltr'>καί</span> <span class='ocrx_word' id='word_1_803' title='bbox 3243 3284 3633 3353; x_wconf 73' lang='grc' dir='ltr'>ἐκλαύσαμεν</span> <span class='ocrx_word' id='word_1_804' title='bbox 3675 3285 3746 3338; x_wconf 75' lang='grc' dir='ltr'>ἐν</span> <span class='ocrx_word' id='word_1_805' title='bbox 3793 3281 3877 3351; x_wconf 74' lang='grc' dir='ltr'>τῷ</span> 
     </span>
    </p>
   </div>
   <div class='ocr_carea' id='block_1_101' title="bbox 2284 3368 3878 3440">
    <p class='ocr_par' dir='ltr' id='par_1_101' title="bbox 2284 3368 3878 3440">
     <span class='ocr_line' id='line_1_102' title="bbox 2284 3368 3878 3440; baseline 0.002 -17"><span class='ocrx_word' id='word_1_806' title='bbox 2284 3368 2637 3440; x_wconf 74' lang='grc' dir='ltr'>μνησθῆναι</span> <span class='ocrx_word' id='word_1_807' title='bbox 2682 3368 2843 3438; x_wconf 79' lang='grc' dir='ltr'>ἡμᾶς</span> <span class='ocrx_word' id='word_1_808' title='bbox 2886 3369 2999 3438; x_wconf 79' lang='grc' dir='ltr'>τῆς</span> <span class='ocrx_word' id='word_1_809' title='bbox 3030 3370 3202 3424; x_wconf 77' lang='grc' dir='ltr'>Σιών.</span> <span class='ocrx_word' id='word_1_810' title='bbox 3247 3372 3370 3425; x_wconf 76' lang='grc' dir='ltr'>Ἐπὶ</span> <span class='ocrx_word' id='word_1_811' title='bbox 3415 3371 3546 3431; x_wconf 73' lang='grc' dir='ltr'>ταῖς</span> <span class='ocrx_word' id='word_1_812' title='bbox 3579 3371 3763 3438; x_wconf 82' lang='grc' dir='ltr'>ιτέαις</span> <span class='ocrx_word' id='word_1_813' title='bbox 3802 3373 3878 3425; x_wconf 71' lang='grc' dir='ltr'>ἐν</span> 
     </span>
    </p>
   </div>
   <div class='ocr_carea' id='block_1_102' title="bbox 2283 3456 3872 3527">
    <p class='ocr_par' dir='ltr' id='par_1_102' title="bbox 2283 3456 3872 3527">
     <span class='ocr_line' id='line_1_103' title="bbox 2283 3456 3872 3527; baseline 0.001 -15"><span class='ocrx_word' id='word_1_814' title='bbox 2283 3458 2453 3527; x_wconf 80' lang='grc' dir='ltr'>μέσῳ</span> <span class='ocrx_word' id='word_1_815' title='bbox 2490 3457 2682 3525; x_wconf 80' lang='grc' dir='ltr'>αὐτῆς</span> <span class='ocrx_word' id='word_1_816' title='bbox 2726 3456 3141 3527; x_wconf 77' lang='grc' dir='ltr'>ἐκρεμὰσαμεν</span> <span class='ocrx_word' id='word_1_817' title='bbox 3162 3457 3236 3512; x_wconf 80' lang='grc' dir='ltr'>τὰ</span> <span class='ocrx_word' id='word_1_818' title='bbox 3258 3458 3483 3527; x_wconf 76' lang='grc' dir='ltr'>ὄργανα</span> <span class='ocrx_word' id='word_1_819' title='bbox 3518 3459 3708 3527; x_wconf 72' lang='grc' dir='ltr'>ἡμῶν.</span> <span class='ocrx_word' id='word_1_820' title='bbox 3735 3459 3872 3514; x_wconf 83' lang='grc' dir='ltr'>ὀτι</span> 
     </span>
    </p>
   </div>
   <div class='ocr_carea' id='block_1_103' title="bbox 2288 3532 3873 3617">
    <p class='ocr_par' dir='ltr' id='par_1_103' title="bbox 2288 3532 3873 3617">
     <span class='ocr_line' id='line_1_104' title="bbox 2288 3532 3873 3617; baseline 0.003 -17"><span class='ocrx_word' id='word_1_821' title='bbox 2288 3545 2418 3601; x_wconf 84' lang='grc' dir='ltr'>ἐκεῖ</span> <span class='ocrx_word' id='word_1_822' title='bbox 2429 3545 2825 3615; x_wconf 80' lang='grc' dir='ltr'>ἐπηρώτησαν</span> <span class='ocrx_word' id='word_1_823' title='bbox 2834 3546 2991 3617; x_wconf 73' lang='grc' dir='ltr'>ἡμᾶς</span> <span class='ocrx_word' id='word_1_824' title='bbox 3014 3551 3069 3601; x_wconf 82' lang='grc' dir='ltr'>οι</span> <span class='ocrx_word' id='word_1_825' title='bbox 3094 3550 3694 3617; x_wconf 64' lang='grc' dir='ltr'>αἰγμαλιιπεύσαντες</span> <span class='ocrx_word' id='word_1_826' title='bbox 3713 3532 3873 3616; x_wconf 62' lang='grc' dir='ltr'>ἡμεῖς</span> 
     </span>
    </p>
   </div>
   <div class='ocr_carea' id='block_1_104' title="bbox 2288 3631 3873 3703">
    <p class='ocr_par' dir='ltr' id='par_1_104' title="bbox 2288 3631 3873 3703">
     <span class='ocr_line' id='line_1_105' title="bbox 2288 3631 3873 3703; baseline 0.001 -16"><span class='ocrx_word' id='word_1_827' title='bbox 2288 3635 2513 3702; x_wconf 69' lang='grc' dir='ltr'>,λόγους</span> <span class='ocrx_word' id='word_1_828' title='bbox 2530 3631 2721 3699; x_wconf 79' lang='grc' dir='ltr'>ᾠδῶν,</span> <span class='ocrx_word' id='word_1_829' title='bbox 2736 3632 3021 3703; x_wconf 75' lang='grc' dir='ltr'>λέγοντες</span> <span class='ocrx_word' id='word_1_830' title='bbox 3039 3648 3054 3664; x_wconf 78' lang='grc' dir='ltr'>ο</span> <span class='ocrx_word' id='word_1_831' title='bbox 3079 3634 3303 3702; x_wconf 81' lang='grc' dir='ltr'>’ᾼσατε</span> <span class='ocrx_word' id='word_1_832' title='bbox 3317 3632 3463 3702; x_wconf 76' lang='grc' dir='ltr'>ἡμῖν</span> <span class='ocrx_word' id='word_1_833' title='bbox 3477 3634 3546 3687; x_wconf 75' lang='grc' dir='ltr'>ἐκ</span> <span class='ocrx_word' id='word_1_834' title='bbox 3562 3632 3681 3686; x_wconf 80' lang='grc' dir='ltr'>τῶν</span> <span class='ocrx_word' id='word_1_835' title='bbox 3698 3633 3873 3700; x_wconf 73' lang='grc' dir='ltr'>ᾠδῶν</span> 
     </span>
    </p>
   </div>
   <div class='ocr_carea' id='block_1_105' title="bbox 2290 3719 3870 3791">
    <p class='ocr_par' dir='ltr' id='par_1_105' title="bbox 2290 3719 3870 3791">
     <span class='ocr_line' id='line_1_106' title="bbox 2290 3719 3870 3791; baseline 0.002 -16"><span class='ocrx_word' id='word_1_836' title='bbox 2290 3719 2463 3777; x_wconf 81' lang='grc' dir='ltr'>Σιών.</span> <span class='ocrx_word' id='word_1_837' title='bbox 2486 3719 2620 3788; x_wconf 84' lang='grc' dir='ltr'>Πῶς</span> <span class='ocrx_word' id='word_1_838' title='bbox 2642 3720 2887 3791; x_wconf 60' lang='lat' dir='ltr'>(iamper</span> <span class='ocrx_word' id='word_1_839' title='bbox 2916 3720 3034 3789; x_wconf 73' lang='grc' dir='ltr'>τὴν·</span> <span class='ocrx_word' id='word_1_840' title='bbox 3052 3720 3219 3789; x_wconf 79' lang='grc' dir='ltr'>ᾠδὴν</span> <span class='ocrx_word' id='word_1_841' title='bbox 3237 3722 3463 3789; x_wconf 78' lang='grc' dir='ltr'>Κυρίου</span> <span class='ocrx_word' id='word_1_842' title='bbox 3483 3721 3581 3775; x_wconf 75' lang='grc' dir='ltr'>ἐπὶ</span> <span class='ocrx_word' id='word_1_843' title='bbox 3614 3722 3730 3791; x_wconf 78' lang='grc' dir='ltr'>τῆς</span> <span class='ocrx_word' id='word_1_844' title='bbox 3760 3724 3870 3778; x_wconf 67' lang='grc' dir='ltr'>ἀλ-</span> 
     </span>
    </p>
   </div>
   <div class='ocr_carea' id='block_1_106' title="bbox 2290 3806 3870 3882">
    <p class='ocr_par' dir='ltr' id='par_1_106' title="bbox 2290 3806 3870 3882">
     <span class='ocr_line' id='line_1_107' title="bbox 2290 3806 3870 3882; baseline 0 -17"><span class='ocrx_word' id='word_1_845' title='bbox 2290 3811 2570 3878; x_wconf 74' lang='grc' dir='ltr'>λοτρίας;</span> <span class='ocrx_word' id='word_1_846' title='bbox 2596 3806 2748 3874; x_wconf 80' lang='grc' dir='ltr'>Εἶδες</span> <span class='ocrx_word' id='word_1_847' title='bbox 2770 3810 2888 3873; x_wconf 90' lang='grc' dir='ltr'>πῶς</span> <span class='ocrx_word' id='word_1_848' title='bbox 2916 3811 3113 3872; x_wconf 69' lang='grc' dir='ltr'>αὐτοὺς</span> <span class='ocrx_word' id='word_1_849' title='bbox 3149 3810 3489 3864; x_wconf 83' lang='grc' dir='ltr'>συνέστειλεν</span> <span class='ocrx_word' id='word_1_850' title='bbox 3521 3812 3557 3882; x_wconf 83' lang='grc' dir='ltr'>ή</span> <span class='ocrx_word' id='word_1_851' title='bbox 3588 3811 3870 3882; x_wconf 79' lang='grc' dir='ltr'>αἰχμαλω-</span> 
     </span>
    </p>
   </div>
   <div class='ocr_carea' id='block_1_107' title="bbox 2295 3897 3871 3970">
    <p class='ocr_par' dir='ltr' id='par_1_107' title="bbox 2295 3897 3871 3970">
     <span class='ocr_line' id='line_1_108' title="bbox 2295 3897 3871 3970; baseline 0.001 -19"><span class='ocrx_word' id='word_1_852' title='bbox 2295 3897 2420 3963; x_wconf 72' lang='grc' dir='ltr'>σίας</span> <span class='ocrx_word' id='word_1_853' title='bbox 2455 3898 2566 3969; x_wconf 77' lang='grc' dir='ltr'>Πρὸ</span> <span class='ocrx_word' id='word_1_854' title='bbox 2614 3898 2714 3969; x_wconf 83' lang='grc' dir='ltr'>μὲν</span> <span class='ocrx_word' id='word_1_855' title='bbox 2738 3898 2847 3970; x_wconf 82' lang='grc' dir='ltr'>γὰρ</span> <span class='ocrx_word' id='word_1_856' title='bbox 2892 3898 3095 3969; x_wconf 88' lang='grc' dir='ltr'>ταύτης</span> <span class='ocrx_word' id='word_1_857' title='bbox 3146 3899 3239 3951; x_wconf 76' lang='grc' dir='ltr'>καὶ</span> <span class='ocrx_word' id='word_1_858' title='bbox 3278 3898 3390 3952; x_wconf 89' lang='grc' dir='ltr'>τῶν</span> <span class='ocrx_word' id='word_1_859' title='bbox 3449 3899 3749 3969; x_wconf 83' lang='grc' dir='ltr'>προφητῶν</span> <span class='ocrx_word' id='word_1_860' title='bbox 3781 3901 3871 3952; x_wconf 76' lang='grc' dir='ltr'>ἐν·</span> 
     </span>
    </p>
   </div>
   <div class='ocr_carea' id='block_1_108' title="bbox 2296 3985 3869 4058">
    <p class='ocr_par' dir='ltr' id='par_1_108' title="bbox 2296 3985 3869 4058">
     <span class='ocr_line' id='line_1_109' title="bbox 2296 3985 3869 4058; baseline -0.001 -18"><span class='ocrx_word' id='word_1_861' title='bbox 2296 3986 2575 4058; x_wconf 85' lang='grc' dir='ltr'>ηχθύντων</span> <span class='ocrx_word' id='word_1_862' title='bbox 2609 3985 2683 4056; x_wconf 87' lang='grc' dir='ltr'>μὴ</span> <span class='ocrx_word' id='word_1_863' title='bbox 2711 3986 3069 4057; x_wconf 82' lang='grc' dir='ltr'>παραϐαίνειν</span> <span class='ocrx_word' id='word_1_864' title='bbox 3102 3987 3192 4040; x_wconf 81' lang='grc' dir='ltr'>τὸν</span> <span class='ocrx_word' id='word_1_865' title='bbox 3213 3987 3397 4058; x_wconf 88' lang='grc' dir='ltr'>νόμον,</span> <span class='ocrx_word' id='word_1_866' title='bbox 3424 3987 3523 4040; x_wconf 83' lang='grc' dir='ltr'>οῦκ</span> <span class='ocrx_word' id='word_1_867' title='bbox 3550 3987 3869 4056; x_wconf 75' lang='grc' dir='ltr'>ἠνέσχοντοο</span> 
     </span>
    </p>
   </div>
   <div class='ocr_carea' id='block_1_109' title="bbox 2295 4073 3868 4148">
    <p class='ocr_par' dir='ltr' id='par_1_109' title="bbox 2295 4073 3868 4148">
     <span class='ocr_line' id='line_1_110' title="bbox 2295 4073 3868 4148; baseline -0.001 -20"><span class='ocrx_word' id='word_1_868' title='bbox 2295 4075 2433 4148; x_wconf 87' lang='grc' dir='ltr'>μετά</span> <span class='ocrx_word' id='word_1_869' title='bbox 2453 4075 2511 4129; x_wconf 81' lang='grc' dir='ltr'>δὲ</span> <span class='ocrx_word' id='word_1_870' title='bbox 2527 4074 2754 4145; x_wconf 88' lang='grc' dir='ltr'>ταύτην,</span> <span class='ocrx_word' id='word_1_871' title='bbox 2778 4073 2873 4127; x_wconf 79' lang='grc' dir='ltr'>καὶ</span> <span class='ocrx_word' id='word_1_872' title='bbox 2901 4073 3008 4127; x_wconf 84' lang='grc' dir='ltr'>τῶν</span> <span class='ocrx_word' id='word_1_873' title='bbox 3046 4073 3336 4146; x_wconf 84' lang='grc' dir='ltr'>βαρϐάρων</span> <span class='ocrx_word' id='word_1_874' title='bbox 3361 4074 3744 4144; x_wconf 81' lang='grc' dir='ltr'>ἐπικειμένων,</span> <span class='ocrx_word' id='word_1_875' title='bbox 3777 4074 3868 4127; x_wconf 78' lang='grc' dir='ltr'>καὶ</span> 
     </span>
    </p>
   </div>
   <div class='ocr_carea' id='block_1_110' title="bbox 2290 4160 3866 4235">
    <p class='ocr_par' dir='ltr' id='par_1_110' title="bbox 2290 4160 3866 4235">
     <span class='ocr_line' id='line_1_111' title="bbox 2290 4160 3866 4235; baseline -0.002 -18"><span class='ocrx_word' id='word_1_876' title='bbox 2290 4163 2398 4218; x_wconf 86' lang='grc' dir='ltr'>τῶν</span> <span class='ocrx_word' id='word_1_877' title='bbox 2431 4164 2795 4235; x_wconf 86' lang='grc' dir='ltr'>κυριευόντων</span> <span class='ocrx_word' id='word_1_878' title='bbox 2823 4160 3348 4230; x_wconf 77' lang='grc' dir='ltr'>καταναγκαζόντων</span> <span class='ocrx_word' id='word_1_879' title='bbox 3382 4162 3476 4215; x_wconf 76' lang='grc' dir='ltr'>καὶ</span> <span class='ocrx_word' id='word_1_880' title='bbox 3505 4162 3866 4228; x_wconf 80' lang='grc' dir='ltr'>κατεπειγόν-</span> 
     </span>
    </p>
   </div>
   <div class='ocr_carea' id='block_1_111' title="bbox 2290 4249 3862 4322">
    <p class='ocr_par' dir='ltr' id='par_1_111' title="bbox 2290 4249 3862 4322">
     <span class='ocr_line' id='line_1_112' title="bbox 2290 4249 3862 4322; baseline -0.001 -18"><span class='ocrx_word' id='word_1_881' title='bbox 2290 4266 2399 4306; x_wconf 90' lang='grc' dir='ltr'>των</span> <span class='ocrx_word' id='word_1_882' title='bbox 2441 4251 2816 4322; x_wconf 87' lang='grc' dir='ltr'>παραϐαίνειν,</span> <span class='ocrx_word' id='word_1_883' title='bbox 2863 4250 2962 4321; x_wconf 84' lang='grc' dir='ltr'>ούχ</span> <span class='ocrx_word' id='word_1_884' title='bbox 2993 4250 3306 4319; x_wconf 80' lang='grc' dir='ltr'>ὑπήκουον,</span> <span class='ocrx_word' id='word_1_885' title='bbox 3341 4249 3457 4303; x_wconf 83' lang='grc' dir='ltr'>ἀλλ’</span> <span class='ocrx_word' id='word_1_886' title='bbox 3503 4250 3688 4318; x_wconf 69' lang='grc' dir='ltr'>ελεγον</span> <span class='ocrx_word' id='word_1_887' title='bbox 3714 4266 3726 4278; x_wconf 82' lang='lat'><strong>&#39;</strong></span> <span class='ocrx_word' id='word_1_888' title='bbox 3750 4251 3862 4306; x_wconf 67' lang='grc' dir='ltr'>Οὐκ</span> 
     </span>
    </p>
   </div>
   <div class='ocr_carea' id='block_1_112' title="bbox 2291 4337 3867 4410">
    <p class='ocr_par' dir='ltr' id='par_1_112' title="bbox 2291 4337 3867 4410">
     <span class='ocr_line' id='line_1_113' title="bbox 2291 4337 3867 4410; baseline -0.001 -18"><span class='ocrx_word' id='word_1_889' title='bbox 2291 4339 2496 4410; x_wconf 75' lang='grc' dir='ltr'>ᾅσομεν</span> <span class='ocrx_word' id='word_1_890' title='bbox 2522 4340 2622 4408; x_wconf 83' lang='grc' dir='ltr'>τὴν</span> <span class='ocrx_word' id='word_1_891' title='bbox 2648 4339 2790 4410; x_wconf 81' lang='grc' dir='ltr'>ᾠδὴν</span> <span class='ocrx_word' id='word_1_892' title='bbox 2815 4338 3021 4409; x_wconf 80' lang='grc' dir='ltr'>Κυρίου</span> <span class='ocrx_word' id='word_1_893' title='bbox 3052 4338 3146 4392; x_wconf 71' lang='grc' dir='ltr'>ἐπὶ</span> <span class='ocrx_word' id='word_1_894' title='bbox 3177 4337 3284 4407; x_wconf 77' lang='grc' dir='ltr'>γῆς</span> <span class='ocrx_word' id='word_1_895' title='bbox 3313 4337 3624 4409; x_wconf 85' lang='grc' dir='ltr'>ἀλλοτρίας,</span> <span class='ocrx_word' id='word_1_896' title='bbox 3675 4337 3867 4408; x_wconf 73' lang='grc' dir='ltr'>ἐπειδὴ</span> 
     </span>
    </p>
   </div>
   <div class='ocr_carea' id='block_1_113' title="bbox 2289 4424 3867 4498">
    <p class='ocr_par' dir='ltr' id='par_1_113' title="bbox 2289 4424 3867 4498">
     <span class='ocr_line' id='line_1_114' title="bbox 2289 4424 3867 4498; baseline -0.001 -18"><span class='ocrx_word' id='word_1_897' title='bbox 2289 4429 2319 4481; x_wconf 92' lang='lat'>6</span> <span class='ocrx_word' id='word_1_898' title='bbox 2346 4428 2511 4497; x_wconf 88' lang='grc' dir='ltr'>νόμος</span> <span class='ocrx_word' id='word_1_899' title='bbox 2542 4426 2701 4481; x_wconf 86' lang='grc' dir='ltr'>τοῦτο</span> <span class='ocrx_word' id='word_1_900' title='bbox 2726 4428 2826 4481; x_wconf 86' lang='grc' dir='ltr'>οὐκ</span> <span class='ocrx_word' id='word_1_901' title='bbox 2858 4427 3181 4498; x_wconf 76' lang='grc' dir='ltr'>ἐπέτρεπεν.</span> <span class='ocrx_word' id='word_1_902' title='bbox 3217 4424 3357 4497; x_wconf 80' lang='grc' dir='ltr'>Ὅρα</span> <span class='ocrx_word' id='word_1_903' title='bbox 3385 4426 3443 4480; x_wconf 83' lang='grc' dir='ltr'>δὲ</span> <span class='ocrx_word' id='word_1_904' title='bbox 3470 4428 3567 4480; x_wconf 72' lang='grc' dir='ltr'>καὶ</span> <span class='ocrx_word' id='word_1_905' title='bbox 3591 4428 3719 4489; x_wconf 74' lang='grc' dir='ltr'>τοὺς</span> <span class='ocrx_word' id='word_1_906' title='bbox 3751 4428 3867 4479; x_wconf 75' lang='grc' dir='ltr'>παῖ-</span> 
     </span>
    </p>
   </div>
   <div class='ocr_carea' id='block_1_114' title="bbox 2289 4513 3867 4587">
    <p class='ocr_par' dir='ltr' id='par_1_114' title="bbox 2289 4513 3867 4587">
     <span class='ocr_line' id='line_1_115' title="bbox 2289 4513 3867 4587; baseline 0 -19"><span class='ocrx_word' id='word_1_907' title='bbox 2289 4514 2387 4578; x_wconf 79' lang='grc' dir='ltr'>δας</span> <span class='ocrx_word' id='word_1_908' title='bbox 2413 4516 2537 4579; x_wconf 81' lang='grc' dir='ltr'>τοὺς</span> <span class='ocrx_word' id='word_1_909' title='bbox 2559 4517 2708 4587; x_wconf 84' lang='grc' dir='ltr'>τρεῖς</span> <span class='ocrx_word' id='word_1_910' title='bbox 2736 4515 2797 4568; x_wconf 85' lang='grc' dir='ltr'>ού</span> <span class='ocrx_word' id='word_1_911' title='bbox 2826 4514 2986 4586; x_wconf 90' lang='grc' dir='ltr'>μόνον</span> <span class='ocrx_word' id='word_1_912' title='bbox 3010 4515 3164 4569; x_wconf 75' lang='grc' dir='ltr'>οὐδὲν</span> <span class='ocrx_word' id='word_1_913' title='bbox 3206 4513 3609 4585; x_wconf 77' lang='grc' dir='ltr'>βλαπτομένους</span> <span class='ocrx_word' id='word_1_914' title='bbox 3637 4516 3747 4568; x_wconf 78' lang='grc' dir='ltr'>ἀπὸ</span> <span class='ocrx_word' id='word_1_915' title='bbox 3769 4515 3867 4584; x_wconf 78' lang='grc' dir='ltr'>τῆς</span> 
     </span>
    </p>
   </div>
   <div class='ocr_carea' id='block_1_115' title="bbox 2290 4602 3860 4673">
    <p class='ocr_par' dir='ltr' id='par_1_115' title="bbox 2290 4602 3860 4673">
     <span class='ocr_line' id='line_1_116' title="bbox 2290 4602 3860 4673; baseline -0.001 -18"><span class='ocrx_word' id='word_1_916' title='bbox 2290 4602 2683 4673; x_wconf 72' lang='grc' dir='ltr'>αἰχμαλωσίας,</span> <span class='ocrx_word' id='word_1_917' title='bbox 2713 4602 2962 4658; x_wconf 72' lang='grc' dir='ltr'>ἀλλὰκαὶ</span> <span class='ocrx_word' id='word_1_918' title='bbox 2988 4602 3401 4673; x_wconf 79' lang='grc' dir='ltr'>λαμπροτέρους</span> <span class='ocrx_word' id='word_1_919' title='bbox 3432 4603 3526 4655; x_wconf 80' lang='grc' dir='ltr'>ἀπ’</span> <span class='ocrx_word' id='word_1_920' title='bbox 3557 4602 3731 4672; x_wconf 76' lang='grc' dir='ltr'>αὐτῆς</span> <span class='ocrx_word' id='word_1_921' title='bbox 3766 4618 3860 4670; x_wconf 65' lang='grc' dir='ltr'>γει</span> 
     </span>
    </p>
   </div>
   <div class='ocr_carea' id='block_1_116' title="bbox 2290 4692 3865 4764">
    <p class='ocr_par' dir='ltr' id='par_1_116' title="bbox 2290 4692 3865 4764">
     <span class='ocr_line' id='line_1_117' title="bbox 2290 4692 3865 4764; baseline 0 -18"><span class='ocrx_word' id='word_1_922' title='bbox 2290 4692 2547 4763; x_wconf 86' lang='grc' dir='ltr'>νομένους</span> <span class='ocrx_word' id='word_1_923' title='bbox 2565 4708 2579 4724; x_wconf 77' lang='grc' dir='ltr'>ο</span> <span class='ocrx_word' id='word_1_924' title='bbox 2609 4693 2704 4747; x_wconf 77' lang='grc' dir='ltr'>καὶ</span> <span class='ocrx_word' id='word_1_925' title='bbox 2728 4692 2819 4746; x_wconf 81' lang='grc' dir='ltr'>τὸν</span> <span class='ocrx_word' id='word_1_926' title='bbox 2844 4692 3042 4764; x_wconf 79' lang='grc' dir='ltr'>Δανιὴλ</span> <span class='ocrx_word' id='word_1_927' title='bbox 3061 4693 3282 4763; x_wconf 76' lang='grc' dir='ltr'>ὁμοίως.</span> <span class='ocrx_word' id='word_1_928' title='bbox 3307 4692 3371 4746; x_wconf 77' lang='grc' dir='ltr'>Τί</span> <span class='ocrx_word' id='word_1_929' title='bbox 3394 4692 3454 4746; x_wconf 83' lang='grc' dir='ltr'>δὲ</span> <span class='ocrx_word' id='word_1_930' title='bbox 3478 4694 3508 4745; x_wconf 89' lang='grc' dir='ltr'><strong>ὀ</strong></span> <span class='ocrx_word' id='word_1_931' title='bbox 3544 4693 3748 4762; x_wconf 78' lang='grc' dir='ltr'>Ἰωσήφ</span> <span class='ocrx_word' id='word_1_932' title='bbox 3771 4709 3787 4756; x_wconf 88' lang='lat'><strong>;</strong></span> <span class='ocrx_word' id='word_1_933' title='bbox 3811 4692 3865 4746; x_wconf 85' lang='grc' dir='ltr'>τί</span> 
     </span>
    </p>
   </div>
   <div class='ocr_carea' id='block_1_117' title="bbox 2290 4779 3872 4850">
    <p class='ocr_par' dir='ltr' id='par_1_117' title="bbox 2290 4779 3872 4850">
     <span class='ocr_line' id='line_1_118' title="bbox 2290 4779 3872 4850; baseline -0.001 -17"><span class='ocrx_word' id='word_1_934' title='bbox 2290 4780 2458 4834; x_wconf 79' lang='grc' dir='ltr'>κακὸν</span> <span class='ocrx_word' id='word_1_935' title='bbox 2489 4780 2675 4843; x_wconf 79' lang='grc' dir='ltr'>ἔπαθε,</span> <span class='ocrx_word' id='word_1_936' title='bbox 2713 4781 2807 4835; x_wconf 82' lang='grc' dir='ltr'>καὶ</span> <span class='ocrx_word' id='word_1_937' title='bbox 2838 4779 3007 4845; x_wconf 81' lang='grc' dir='ltr'>ξένος,</span> <span class='ocrx_word' id='word_1_938' title='bbox 3036 4780 3132 4834; x_wconf 73' lang='grc' dir='ltr'>καὶ</span> <span class='ocrx_word' id='word_1_939' title='bbox 3170 4780 3376 4843; x_wconf 86' lang='grc' dir='ltr'>δοῦλος,</span> <span class='ocrx_word' id='word_1_940' title='bbox 3406 4782 3498 4833; x_wconf 74' lang='grc' dir='ltr'>καὶ</span> <span class='ocrx_word' id='word_1_941' title='bbox 3522 4779 3747 4850; x_wconf 81' lang='grc' dir='ltr'>δέσμιος</span> <span class='ocrx_word' id='word_1_942' title='bbox 3774 4797 3872 4848; x_wconf 77' lang='grc' dir='ltr'>γε-</span> 
     </span>
    </p>
   </div>
   <div class='ocr_carea' id='block_1_118' title="bbox 2289 4867 3867 4939">
    <p class='ocr_par' dir='ltr' id='par_1_118' title="bbox 2289 4867 3867 4939">
     <span class='ocr_line' id='line_1_119' title="bbox 2289 4867 3867 4939; baseline 0 -17"><span class='ocrx_word' id='word_1_943' title='bbox 2289 4870 2541 4939; x_wconf 83' lang='grc' dir='ltr'>νόμενος;</span> <span class='ocrx_word' id='word_1_944' title='bbox 2573 4869 2695 4939; x_wconf 80' lang='grc' dir='ltr'>ούχὶ</span> <span class='ocrx_word' id='word_1_945' title='bbox 2715 4869 2804 4922; x_wconf 85' lang='grc' dir='ltr'>διὰ</span> <span class='ocrx_word' id='word_1_946' title='bbox 2831 4868 2990 4922; x_wconf 90' lang='grc' dir='ltr'>τοῦτο</span> <span class='ocrx_word' id='word_1_947' title='bbox 3013 4868 3173 4936; x_wconf 88' lang='grc' dir='ltr'>μόνον</span> <span class='ocrx_word' id='word_1_948' title='bbox 3197 4867 3472 4938; x_wconf 81' lang='grc' dir='ltr'>εὐδοκίμει</span> <span class='ocrx_word' id='word_1_949' title='bbox 3493 4867 3586 4921; x_wconf 74' lang='grc' dir='ltr'>καὶ</span> <span class='ocrx_word' id='word_1_950' title='bbox 3613 4867 3823 4939; x_wconf 75' lang='grc' dir='ltr'>ἔλαμπε</span> <span class='ocrx_word' id='word_1_951' title='bbox 3849 4885 3867 4929; x_wconf 84' lang='grc'><strong>;</strong></span> 
     </span>
    </p>
   </div>
   <div class='ocr_carea' id='block_1_119' title="bbox 2290 4955 3869 5029">
    <p class='ocr_par' dir='ltr' id='par_1_119' title="bbox 2290 4955 3869 5029">
     <span class='ocr_line' id='line_1_120' title="bbox 2290 4955 3869 5029; baseline 0 -20"><span class='ocrx_word' id='word_1_952' title='bbox 2290 4957 2438 5011; x_wconf 86' lang='grc' dir='ltr'>Τίδέ</span> <span class='ocrx_word' id='word_1_953' title='bbox 2469 4959 2501 5029; x_wconf 76' lang='grc' dir='ltr'><strong>ἡ</strong></span> <span class='ocrx_word' id='word_1_954' title='bbox 2537 4957 2809 5029; x_wconf 85' lang='grc' dir='ltr'>βάρϐαρος</span> <span class='ocrx_word' id='word_1_955' title='bbox 2853 4957 3034 5025; x_wconf 84' lang='grc' dir='ltr'>ἐκείνη</span> <span class='ocrx_word' id='word_1_956' title='bbox 3064 4956 3223 5026; x_wconf 81' lang='grc' dir='ltr'>γυνὴ,</span> <span class='ocrx_word' id='word_1_957' title='bbox 3264 4956 3359 5008; x_wconf 77' lang='grc' dir='ltr'>καὶ</span> <span class='ocrx_word' id='word_1_958' title='bbox 3399 4957 3458 5008; x_wconf 73' lang='grc' dir='ltr'>ἐν</span> <span class='ocrx_word' id='word_1_959' title='bbox 3505 4955 3722 5026; x_wconf 84' lang='grc' dir='ltr'>πλούτῳ</span> <span class='ocrx_word' id='word_1_960' title='bbox 3772 4957 3869 5009; x_wconf 64' lang='grc' dir='ltr'>καὶ</span> 
     </span>
    </p>
   </div>
   <div class='ocr_carea' id='block_1_120' title="bbox 2290 5041 3871 5117">
    <p class='ocr_par' dir='ltr' id='par_1_120' title="bbox 2290 5041 3871 5117">
     <span class='ocr_line' id='line_1_121' title="bbox 2290 5041 3871 5117; baseline -0.001 -18"><span class='ocrx_word' id='word_1_961' title='bbox 2290 5046 2635 5117; x_wconf 75' lang='grc' dir='ltr'>ὑπερηφανία</span> <span class='ocrx_word' id='word_1_962' title='bbox 2679 5045 2771 5098; x_wconf 76' lang='grc' dir='ltr'>καὶ</span> <span class='ocrx_word' id='word_1_963' title='bbox 2798 5046 2856 5097; x_wconf 86' lang='grc' dir='ltr'>ἐν</span> <span class='ocrx_word' id='word_1_964' title='bbox 2886 5044 3166 5114; x_wconf 75' lang='grc' dir='ltr'>ἐλευθερία</span> <span class='ocrx_word' id='word_1_965' title='bbox 3201 5043 3571 5114; x_wconf 87' lang='grc' dir='ltr'>διατρίϐουσα,</span> <span class='ocrx_word' id='word_1_966' title='bbox 3615 5041 3871 5098; x_wconf 84' lang='grc' dir='ltr'>ἐντεῦθεν</span> 
     </span>
    </p>
   </div>
   <div class='ocr_carea' id='block_1_121' title="bbox 2288 5130 3867 5205">
    <p class='ocr_par' dir='ltr' id='par_1_121' title="bbox 2288 5130 3867 5205">
     <span class='ocr_line' id='line_1_122' title="bbox 2288 5130 3867 5205; baseline -0.003 -16"><span class='ocrx_word' id='word_1_967' title='bbox 2288 5135 2543 5189; x_wconf 80' lang='grc' dir='ltr'>ἀπώνατο</span> <span class='ocrx_word' id='word_1_968' title='bbox 2566 5152 2580 5199; x_wconf 89' lang='lat'><strong>;</strong></span> <span class='ocrx_word' id='word_1_969' title='bbox 2607 5134 2728 5205; x_wconf 74' lang='grc' dir='ltr'>οὐχὶ</span> <span class='ocrx_word' id='word_1_970' title='bbox 2767 5135 2980 5188; x_wconf 83' lang='grc' dir='ltr'>πάντων</span> <span class='ocrx_word' id='word_1_971' title='bbox 3002 5130 3071 5204; x_wconf 83' lang='grc' dir='ltr'>ἦν</span> <span class='ocrx_word' id='word_1_972' title='bbox 3092 5132 3419 5203; x_wconf 89' lang='grc' dir='ltr'>ἀθλιωτέρα,</span> <span class='ocrx_word' id='word_1_973' title='bbox 3442 5132 3626 5204; x_wconf 80' lang='grc' dir='ltr'>ἐπειδὴ</span> <span class='ocrx_word' id='word_1_974' title='bbox 3655 5131 3867 5195; x_wconf 85' lang='grc' dir='ltr'>τούτοις</span> 
     </span>
    </p>
   </div>
   <div class='ocr_carea' id='block_1_122' title="bbox 2288 5220 3865 5293">
    <p class='ocr_par' dir='ltr' id='par_1_122' title="bbox 2288 5220 3865 5293">
     <span class='ocr_line' id='line_1_123' title="bbox 2288 5220 3865 5293; baseline -0.001 -16"><span class='ocrx_word' id='word_1_975' title='bbox 2288 5225 2369 5287; x_wconf 83' lang='grc' dir='ltr'>εἰς</span> <span class='ocrx_word' id='word_1_976' title='bbox 2391 5224 2508 5276; x_wconf 88' lang='grc' dir='ltr'>δέον</span> <span class='ocrx_word' id='word_1_977' title='bbox 2536 5222 2841 5293; x_wconf 85' lang='grc' dir='ltr'>χρήσασθαι</span> <span class='ocrx_word' id='word_1_978' title='bbox 2867 5224 2967 5275; x_wconf 82' lang='grc' dir='ltr'>οὐκ</span> <span class='ocrx_word' id='word_1_979' title='bbox 2997 5221 3289 5290; x_wconf 54' lang='grc' dir='ltr'>ἠθέλησεη</span> <span class='ocrx_word' id='word_1_980' title='bbox 3323 5222 3533 5275; x_wconf 76' lang='grc' dir='ltr'>Οὐκοῦν</span> <span class='ocrx_word' id='word_1_981' title='bbox 3560 5220 3730 5276; x_wconf 86' lang='grc' dir='ltr'>ταῦτα</span> <span class='ocrx_word' id='word_1_982' title='bbox 3762 5222 3865 5291; x_wconf 62' lang='grc' dir='ltr'>μιν</span> 
     </span>
    </p>
   </div>
   <div class='ocr_carea' id='block_1_123' title="bbox 2289 5309 3865 5384">
    <p class='ocr_par' dir='ltr' id='par_1_123' title="bbox 2289 5309 3865 5384">
     <span class='ocr_line' id='line_1_124' title="bbox 2289 5309 3865 5384; baseline 0 -18"><span class='ocrx_word' id='word_1_983' title='bbox 2289 5314 2420 5384; x_wconf 83' lang='grc' dir='ltr'>ήμίν</span> <span class='ocrx_word' id='word_1_984' title='bbox 2458 5313 2833 5366; x_wconf 85' lang='grc' dir='ltr'>ἀποδέδεικται</span> <span class='ocrx_word' id='word_1_985' title='bbox 2877 5311 3082 5379; x_wconf 83' lang='grc' dir='ltr'>σαφῶς.</span> <span class='ocrx_word' id='word_1_986' title='bbox 3131 5310 3253 5363; x_wconf 88' lang='grc' dir='ltr'>τίνα</span> <span class='ocrx_word' id='word_1_987' title='bbox 3301 5309 3400 5380; x_wconf 79' lang='grc' dir='ltr'>μὲν</span> <span class='ocrx_word' id='word_1_988' title='bbox 3438 5310 3605 5372; x_wconf 81' lang='grc' dir='ltr'>κακὰ,</span> <span class='ocrx_word' id='word_1_989' title='bbox 3645 5311 3764 5363; x_wconf 84' lang='grc' dir='ltr'>τίνα</span> <span class='ocrx_word' id='word_1_990' title='bbox 3803 5310 3865 5366; x_wconf 68' lang='grc' dir='ltr'>δέ</span> 
     </span>
    </p>
   </div>
   <div class='ocr_carea' id='block_1_124' title="bbox 2288 5398 3866 5470">
    <p class='ocr_par' dir='ltr' id='par_1_124' title="bbox 2288 5398 3866 5470">
     <span class='ocr_line' id='line_1_125' title="bbox 2288 5398 3866 5470; baseline -0.004 -16"><span class='ocrx_word' id='word_1_991' title='bbox 2288 5400 2448 5464; x_wconf 88' lang='grc' dir='ltr'>καλά,</span> <span class='ocrx_word' id='word_1_992' title='bbox 2481 5400 2604 5454; x_wconf 89' lang='grc' dir='ltr'>τίνα</span> <span class='ocrx_word' id='word_1_993' title='bbox 2632 5400 2689 5453; x_wconf 80' lang='grc' dir='ltr'>δὲ</span> <span class='ocrx_word' id='word_1_994' title='bbox 2720 5399 2877 5470; x_wconf 87' lang='grc' dir='ltr'>μέσα·</span> <span class='ocrx_word' id='word_1_995' title='bbox 2893 5398 3077 5453; x_wconf 74' lang='grc' dir='ltr'>καὶὸτι</span> <span class='ocrx_word' id='word_1_996' title='bbox 3103 5399 3232 5469; x_wconf 74' lang='grc' dir='ltr'>περὶ</span> <span class='ocrx_word' id='word_1_997' title='bbox 3259 5398 3369 5452; x_wconf 85' lang='grc' dir='ltr'>τῶν</span> <span class='ocrx_word' id='word_1_998' title='bbox 3399 5398 3579 5467; x_wconf 87' lang='grc' dir='ltr'>μέσων</span> <span class='ocrx_word' id='word_1_999' title='bbox 3600 5400 3629 5451; x_wconf 93' lang='lat'>6</span> <span class='ocrx_word' id='word_1_1000' title='bbox 3652 5400 3866 5469; x_wconf 78' lang='grc' dir='ltr'>προφή-</span> 
     </span>
    </p>
   </div>
   <div class='ocr_carea' id='block_1_125' title="bbox 2287 5485 3864 5559">
    <p class='ocr_par' dir='ltr' id='par_1_125' title="bbox 2287 5485 3864 5559">
     <span class='ocr_line' id='line_1_126' title="bbox 2287 5485 3864 5559; baseline 0 -18"><span class='ocrx_word' id='word_1_1001' title='bbox 2287 5506 2385 5558; x_wconf 87' lang='grc' dir='ltr'>της</span> <span class='ocrx_word' id='word_1_1002' title='bbox 2409 5488 2595 5559; x_wconf 73' lang='grc' dir='ltr'>φησὶν,</span> <span class='ocrx_word' id='word_1_1003' title='bbox 2628 5488 2688 5541; x_wconf 82' lang='grc' dir='ltr'>ού</span> <span class='ocrx_word' id='word_1_1004' title='bbox 2715 5488 2823 5541; x_wconf 89' lang='grc' dir='ltr'>τῶν</span> <span class='ocrx_word' id='word_1_1005' title='bbox 2851 5487 3020 5550; x_wconf 78' lang='grc' dir='ltr'>ὅντως</span> <span class='ocrx_word' id='word_1_1006' title='bbox 3041 5486 3243 5553; x_wconf 87' lang='grc' dir='ltr'>κακῶν,</span> <span class='ocrx_word' id='word_1_1007' title='bbox 3266 5487 3402 5542; x_wconf 83' lang='grc' dir='ltr'>ἀλλά</span> <span class='ocrx_word' id='word_1_1008' title='bbox 3430 5488 3536 5541; x_wconf 88' lang='grc' dir='ltr'>τῶν</span> <span class='ocrx_word' id='word_1_1009' title='bbox 3564 5485 3864 5541; x_wconf 89' lang='grc' dir='ltr'>δοκούντων</span> 
     </span>
    </p>
   </div>
   <div class='ocr_carea' id='block_1_126' title="bbox 2350 5663 3866 5732">
    <p class='ocr_par' dir='ltr' id='par_1_126' title="bbox 2350 5663 3866 5732">
     <span class='ocr_line' id='line_1_127' title="bbox 2350 5663 3866 5732; baseline -0.001 -15"><span class='ocrx_word' id='word_1_1010' title='bbox 2350 5667 2378 5709; x_wconf 72' lang='grc' dir='ltr'>δ</span> <span class='ocrx_word' id='word_1_1011' title='bbox 2405 5667 2461 5718; x_wconf 81' lang='lat' dir='ltr'><strong>In</strong></span> <span class='ocrx_word' id='word_1_1012' title='bbox 2490 5682 2580 5717; x_wconf 87' lang='lat' dir='ltr'>ms.</span> <span class='ocrx_word' id='word_1_1013' title='bbox 2613 5667 2769 5732; x_wconf 85' lang='grc' dir='ltr'>βούλει</span> <span class='ocrx_word' id='word_1_1014' title='bbox 2792 5667 2999 5732; x_wconf 33' lang='grc' dir='ltr'>λάθεται.</span> <span class='ocrx_word' id='word_1_1015' title='bbox 3027 5664 3144 5732; x_wconf 64' lang='lat' dir='ltr'>Sed</span> <span class='ocrx_word' id='word_1_1016' title='bbox 3166 5663 3317 5713; x_wconf 71' lang='lat' dir='ltr'><strong>SnviL</strong></span> <span class='ocrx_word' id='word_1_1017' title='bbox 3342 5665 3391 5713; x_wconf 83' lang='lat' dir='ltr'>in</span> <span class='ocrx_word' id='word_1_1018' title='bbox 3433 5676 3584 5725; x_wconf 78' lang='lat' dir='ltr'>marg.</span> <span class='ocrx_word' id='word_1_1019' title='bbox 3612 5665 3779 5726; x_wconf 80' lang='lat' dir='ltr'>posuit</span> <span class='ocrx_word' id='word_1_1020' title='bbox 3798 5676 3866 5716; x_wconf 66' lang='lat' dir='ltr'><strong>ex</strong></span> 
     </span>
    </p>
   </div>
   <div class='ocr_carea' id='block_1_127' title="bbox 2289 5728 3591 5790">
    <p class='ocr_par' dir='ltr' id='par_1_127' title="bbox 2289 5728 3591 5790">
     <span class='ocr_line' id='line_1_128' title="bbox 2289 5728 3591 5790; baseline -0.008 -8"><span class='ocrx_word' id='word_1_1021' title='bbox 2289 5736 2588 5784; x_wconf 72' lang='lat' dir='ltr'>con‘cclura.</span> <span class='ocrx_word' id='word_1_1022' title='bbox 2614 5728 2761 5790; x_wconf 53' lang='lat' dir='ltr'>ﬂuam</span> <span class='ocrx_word' id='word_1_1023' title='bbox 2789 5728 2997 5777; x_wconf 66' lang='lat' dir='ltr'>Ducaeus</span> <span class='ocrx_word' id='word_1_1024' title='bbox 3023 5729 3071 5775; x_wconf 86' lang='lat' dir='ltr'>in</span> <span class='ocrx_word' id='word_1_1025' title='bbox 3104 5734 3243 5790; x_wconf 63' lang='grc' dir='ltr'>ζρχιιι</span> <span class='ocrx_word' id='word_1_1026' title='bbox 3275 5733 3475 5790; x_wconf 65' lang='lat' dir='ltr'>secutus</span> <span class='ocrx_word' id='word_1_1027' title='bbox 3500 5734 3591 5790; x_wconf 58' lang='lat' dir='ltr'>est.</span> 
     </span>
    </p>
   </div>
   <div class='ocr_carea' id='block_1_128' title="bbox 2354 5788 3669 5853">
    <p class='ocr_par' dir='ltr' id='par_1_128' title="bbox 2354 5788 3669 5853">
     <span class='ocr_line' id='line_1_129' title="bbox 2354 5788 3669 5853; baseline 0.002 -16"><span class='ocrx_word' id='word_1_1028' title='bbox 2354 5810 2378 5837; x_wconf 76' lang='grc' dir='ltr'>ο</span> <span class='ocrx_word' id='word_1_1029' title='bbox 2402 5788 2784 5853; x_wconf 71' lang='grc' dir='ltr'>Ιιαραϐαθειτῶν.</span> <span class='ocrx_word' id='word_1_1030' title='bbox 2814 5792 2862 5840; x_wconf 82' lang='lat' dir='ltr'>In</span> <span class='ocrx_word' id='word_1_1031' title='bbox 2882 5803 2969 5839; x_wconf 88' lang='lat' dir='ltr'>ms.</span> <span class='ocrx_word' id='word_1_1032' title='bbox 2993 5788 3251 5851; x_wconf 72' lang='lat' dir='ltr'>legebatur</span> <span class='ocrx_word' id='word_1_1033' title='bbox 3266 5789 3669 5853; x_wconf 67' lang='grc' dir='ltr'>παραϐαινόντων.</span> 
     </span>
    </p>
   </div>
  </div>
