4048 6208
182 283 275 336 “9

172 402 332 453 ritual
363 399 568 470 (δἐι-ιε.
603 402 656 456 3.
687 398 766 471 ιι).
794 402 975 472 Neque
1005 406 1144 459 enim
1175 421 1386 476 semper
1411 409 1643 480 gaudere
1673 410 1765 464 bo-

169 509 291 547 num
323 502 411 547 est
435 534 450 559 ,
484 493 578 548 scd
607 493 894 564 aliquando
920 497 1080 551 etiam
1114 498 1330 552 noxium
1366 516 1380 559 ;
1415 516 1587 570 neque
1614 502 1760 557 enim

167 600 385 653 semper
414 583 598 640 dolere
625 585 824 640 bonum
851 629 864 650 ,
897 587 991 643 sed
1021 589 1307 659 aliquando
1332 593 1490 646 etiam
1522 593 1675 648 letale
1700 607 1763 648 ac

158 676 550 744 perniciosum.
574 678 750 746 Atque
775 678 875 733 hoc
899 680 1066 750 ipsum
1091 697 1276 736 rursus
1301 682 1540 739 indicans
1568 685 1760 739 Paulus

156 761 373 821 dicebat
400 785 414 820 :
455 787 472 819 ι
506 767 636 835 Qua:
664 770 959 824 secundum
992 771 1156 827 Deum
1185 774 1396 828 tristitia
1424 784 1504 829 est
1532 817 1547 840 ,
1591 776 1760 845 pmni-

155 859 386 913 tentiam
420 859 472 913 in
503 861 732 915 salutem
763 862 1009 916 stabilem
1040 873 1293 934 operatur
1323 884 1336 920 :
1367 868 1545 922 saeculi
1576 877 1753 921 autem

155 951 376 1006 tristitia
412 961 639 1006 mortem
663 963 918 1022 operatur
942 974 960 1006 ι
997 953 1089 1026 (2.
1115 955 1233 1011 Cor.
1261 958 1311 1010 7.
1343 958 1410 1013 10
1430 960 1470 1026 ).

222 1043 284 1098 5.
337 1041 505 1097 Vides
546 1042 649 1098 hoc
690 1060 903 1115 quoque
950 1047 1181 1101 medium
1232 1058 1393 1120 atque
1441 1050 1753 1122 indifferens

152 1147 272 1187 esse
294 1133 320 1187 ?
349 1133 516 1203 Igitur
542 1143 596 1190 et
635 1137 960 1191 contrarium
1008 1138 1124 1208 ejus
1166 1150 1248 1194 est
1290 1142 1559 1204 medium,
1592 1145 1748 1198 nimi-

151 1237 266 1276 rum
301 1224 564 1293 gaudere.
612 1225 738 1280 Ideo
779 1242 884 1281 non
916 1229 1226 1299 simpliciter
1264 1232 1498 1300 gaudere
1546 1235 1745 1304 jussit,

151 1313 243 1366 sed
270 1314 325 1367 in
356 1314 586 1369 Domino
609 1317 844 1386 gaudere
869 1318 1100 1390 (Philip.
1135 1321 1189 1376 4.
1219 1321 1313 1394 4).
1345 1323 1450 1378 Sed
1483 1327 1609 1378 satis
1634 1327 1743 1396 jam

149 1419 462 1462 sermonem
499 1407 642 1462 hunc
683 1408 751 1464 de
801 1412 963 1465 rebus
997 1413 1187 1468 mediis
1233 1416 1666 1483 enucleavimus,
1699 1419 1744 1473 si

147 1497 362 1566 quidem
385 1508 621 1555 attentos
645 1503 782 1556 nacti
807 1503 1061 1559 fuerimus
1083 1506 1356 1563 auditores
1379 1525 1393 1575 ;
1422 1519 1586 1564 restat
1605 1520 1659 1566 ut
1676 1510 1743 1565 ad

145 1591 208 1645 ea
229 1593 659 1662 progrediamur,
682 1610 801 1664 qua:
827 1610 933 1651 non
956 1608 1082 1652 sunt
1105 1599 1299 1665 media,
1326 1604 1396 1658 ad
1437 1601 1596 1668 bona,
1625 1618 1742 1673 quae

144 1683 258 1738 ﬁeri
287 1685 430 1738 mala
459 1702 566 1740 non
599 1695 863 1756 possunt,
892 1696 945 1744 et
974 1689 1040 1744 ad
1079 1689 1216 1744 mala
1241 1731 1256 1756 ,
1287 1706 1406 1761 quae
1447 1709 1739 1764 numquam

143 1774 254 1828 fieri
280 1788 508 1846 possunt
529 1778 687 1832 bona.
711 1777 845 1834 Nam
865 1795 929 1835 ea
951 1782 1162 1851 quidem
1181 1798 1299 1854 quae
1322 1784 1555 1841 diximus
1579 1787 1739 1842 modo

140 1868 262 1930 hoc,
293 1871 459 1923 modo
495 1870 624 1924 illud
671 1870 804 1927 fiunt
826 1914 842 1941 ,
874 1875 1318 1944 quemadmodum
1347 1877 1546 1935 divitia:
1577 1881 1737 1936 modo

137 1960 337 2013 malum
367 1971 516 2026 sunt,
538 1977 660 2017 cum
681 1963 746 2018 ad
768 1964 940 2020 aliena
965 1966 1101 2021 bona
1130 1970 1432 2040 usurpanda
1462 1973 1737 2027 insumun-

137 2060 222 2103 tur
254 2070 268 2116 ;
298 2053 463 2106 modo
491 2052 689 2108 bonum
717 2097 733 2122 ,
767 2071 887 2111 cum
916 2058 968 2114 in
995 2059 1390 2133 eleemosynam
1415 2065 1733 2135 expendun-

136 2153 239 2208 tur,
271 2154 326 2199 et
353 2146 456 2201 alia
487 2146 789 2218 hujusmodi
819 2152 1115 2207 secundum
1141 2154 1278 2210 bane
1305 2158 1560 2227 regulam.
1592 2157 1733 2213 Sunt

130 2248 313 2292 autem
347 2241 603 2295 nonnulla
625 2285 639 2309 ,
669 2259 790 2312 qua:
828 2261 1113 2317 numquam
1148 2248 1261 2304 fieri
1291 2262 1515 2321 possunt
1543 2253 1680 2310 mala
1712 2272 1727 2308 :

128 2346 248 2398 qua
279 2346 412 2387 vero
437 2343 563 2388 sunt
592 2335 674 2390 bis
701 2339 999 2406 contraria,
1027 2355 1243 2412 semper
1270 2346 1408 2400 mala
1439 2356 1596 2412 sunt,
1629 2364 1730 2405 nec

127 2438 386 2492 umquam
411 2423 528 2480 fieri
555 2427 694 2482 bona
719 2439 940 2500 possunt
959 2449 972 2485 :
994 2432 1292 2502 cujusmodi
1315 2429 1440 2491 sunt
1462 2438 1724 2509 impietas,

123 2515 487 2586 blasphemia,
515 2518 753 2583 lascivia,
785 2523 1096 2592 crudelitas,
1129 2526 1514 2597 inhumanitas,
1548 2533 1724 2603 inglu-

123 2607 233 2662 vies
249 2649 266 2668 .
299 2619 355 2662 et
381 2610 484 2664 alia
512 2610 797 2680 ejusmodi.

191 2699 321 2753 Tria
340 2718 528 2772 genera
547 2721 714 2758 rerum
736 2712 758 2760 ':
777 2705 940 2773 bome,
968 2711 1135 2778 malae,
1164 2714 1358 2768 medim.
1376 2743 1448 2754 -
1461 2713 1576 2771 Non
1602 2714 1724 2770 dico

117 2791 329 2848 malum
352 2793 625 2850 hominem
647 2813 939 2869 numquam
967 2801 1078 2856 fieri
1108 2818 1267 2873 posse
1294 2798 1512 2874 bonum,
1547 2824 1722 2880 neque

114 2886 325 2942 bonum
371 2886 488 2942 ﬁeri
532 2890 730 2946 malum
780 2892 922 2948 haud
965 2911 1216 2966 umquam
1260 2913 1456 2968 posse:
1491 2901 1586 2955 sed
1631 2917 1720 2958 res

113 2981 266 3050 ipsas
297 2980 415 3037 fieri
443 2984 576 3038 tales
611 2999 716 3040 non
760 3000 936 3056 posse.
968 2986 1254 3046 Enimvero
1284 2991 1366 3046 hac
1397 2993 1450 3047 in
1477 3008 1574 3049 suo
1601 3010 1717 3050 ma-

114 3083 314 3129 nentes
351 3073 564 3143 ordine,
612 3076 731 3131 aliae
770 3077 924 3134 bonae
965 3089 1128 3145 sunt,
1157 3082 1278 3138 alia:
1320 3084 1476 3139 mala:
1508 3101 1521 3139 :
1553 3085 1716 3142 homo

110 3180 246 3220 vero
274 3206 290 3228 ,
334 3167 551 3237 quando
591 3167 680 3222 illa
710 3169 927 3238 quidem
952 3171 1216 3242 elegerit,
1259 3172 1432 3230 bonus
1456 3219 1471 3243 ,
1503 3177 1715 3246 quando

109 3272 246 3312 vero
274 3259 568 3325 contraria,
597 3262 767 3315 malus
788 3261 911 3317 erit.
934 3261 1098 3334 igitur
1124 3273 1234 3321 tres
1264 3276 1389 3322 sunt
1417 3267 1506 3323 isti
1532 3284 1715 3326 rerum

107 3348 336 3403 ordines
368 3365 384 3402 :
418 3349 557 3404 bona
583 3351 800 3421 quidem
831 3368 1122 3424 numquam
1148 3355 1262 3411 fieri
1295 3368 1521 3427 possunt
1549 3361 1711 3430 mala,

105 3441 418 3510 cuiusmodi
445 3451 571 3498 sunt
598 3445 968 3514 temperantia,
1002 3449 1367 3521 eleemosyna,
1397 3459 1451 3506 et
1478 3451 1671 3508 similia
1695 3472 1708 3508 :

108 3533 244 3586 mala
277 3547 413 3587 vero
440 3548 732 3604 numquam
765 3534 877 3590 fieri
910 3547 1135 3606 possunt
1165 3539 1301 3594 bona
1325 3583 1338 3605 ,
1367 3551 1423 3595 ut
1453 3543 1662 3597 lascivia
1691 3586 1704 3607 ,

104 3625 481 3680 inhumanitas
507 3634 560 3680 et
582 3627 875 3683 crudelitas
902 3645 916 3682 :
948 3630 1194 3701 quaedam
1219 3643 1396 3689 autem
1422 3635 1707 3705 aliquando

105 3715 205 3770 hoc
227 3757 244 3782 ,
278 3717 580 3787 aliquando
610 3718 737 3774 illud
769 3720 904 3776 fiunt
929 3736 1029 3792 pro
1057 3723 1270 3780 ratione
1299 3727 1464 3782 animi
1494 3737 1548 3783 et
1575 3729 1703 3785 affe-

99 3820 216 3866 τως
241 3826 441 3866 eorum
470 3853 487 3876 ,
532 3813 621 3883 qui
664 3813 744 3870 eis
771 3823 1011 3871 utuntur.
1056 3817 1264 3874 Divitiae
1303 3835 1702 3893 nonnumquam

101 3905 162 3957 ad
190 3905 378 3961 aliena
409 3904 550 3960 bona
588 3907 887 3964 invadenda
929 3911 1261 3980 inserviunt,
1301 3929 1700 3986 nonnumquam

99 3997 162 4049 ad
184 3997 601 4070 eleemosynam
625 4000 1028 4073 impertiendam
1047 4021 1062 4059 :
1078 4020 1264 4061 verum
1289 4006 1339 4062 id
1360 4007 1417 4062 fit
1434 4023 1496 4063 ex
1523 4010 1702 4070 animo

99 4099 149 4143 et
165 4090 372 4146 affectu
397 4092 538 4162 ejus,
555 4095 644 4164 qui
673 4093 750 4150 eis
775 4095 961 4152 utitur.
984 4095 1276 4168 Paupertas
1300 4114 1698 4172 nonnumquam

99 4182 161 4235 ad
193 4182 626 4255 blasphemiam,
649 4200 1050 4258 nonnumquam
1080 4189 1146 4244 ad
1173 4189 1605 4247 benedictionem
1636 4207 1699 4248 ac

101 4275 504 4347 philosophiam
536 4278 776 4334 inservit.
806 4280 937 4349 Quia
968 4281 1129 4351 igitur
1153 4283 1552 4354 insipientiores
1592 4301 1695 4340 non

103 4369 248 4436 pauci
278 4369 430 4441 (jam
468 4370 612 4424 enim
639 4369 708 4425 ad
738 4371 1062 4428 solutionem
1088 4374 1407 4430 veniendum
1435 4384 1516 4432 est
1544 4377 1562 4447 )
1587 4393 1694 4432 non

101 4460 267 4513 solum
296 4459 441 4514 mala
465 4502 480 4526 ,
509 4475 628 4529 qua:
656 4477 946 4533 numquam
989 4462 1128 4519 bona
1162 4465 1277 4544 fieri
1304 4475 1530 4535 possunt
1555 4509 1570 4532 ,
1599 4468 1694 4525 sed

101 4553 256 4606 etiam
283 4566 353 4606 ex
382 4551 452 4606 iis
479 4567 598 4621 quae
624 4554 797 4608 media
825 4565 988 4622 sunt,
1018 4557 1272 4612 nonnulla
1301 4570 1493 4614 vocant
1519 4560 1654 4615 mala
1675 4604 1690 4630 ,

101 4649 155 4693 ut
178 4651 558 4712 paupertatem
578 4684 594 4708 ,
625 4644 988 4714 captivitatem
1015 4689 1030 4713 ,
1061 4650 1374 4704 servitutem
1395 4691 1411 4717 ,
1439 4667 1558 4721 quae
1584 4668 1692 4709 nou

105 4735 235 4788 inter
260 4735 403 4790 mala
425 4778 439 4801 ,
470 4735 565 4791 sed
591 4737 729 4792 inter
757 4739 929 4794 media
959 4755 1082 4796 esse
1112 4743 1436 4799 numeranda
1464 4745 1690 4802 demon-

103 4827 385 4883 stravimus
414 4847 428 4883 :
461 4828 613 4882 multi
645 4843 774 4885 vero
793 4873 808 4897 ,
842 4842 898 4886 ut
927 4843 1052 4888 ante
1078 4833 1186 4888 dixi
1215 4875 1231 4900 ,
1277 4834 1392 4892 haec
1420 4839 1693 4907 appellant

104 4921 228 4972 mala
258 4935 382 4990 quze
410 4921 550 4975 mala
580 4936 685 4976 non
716 4931 841 4977 sunt
871 4944 883 4978 :
911 4923 978 4978 de
1006 4924 1120 4981 istis
1147 4926 1382 4997 loquitur
1405 4931 1686 5001 propheta,

103 5027 211 5077 qua:
247 5013 549 5070 secundum
577 5015 716 5084 vulgi
743 5017 1192 5074 existimationem
1234 5023 1373 5076 mala
1406 5035 1684 5095 vocantur,

105 5117 199 5154 non
231 5119 421 5159 revera
453 5116 578 5159 sunt
608 5108 747 5161 mala
778 5125 792 5162 :
825 5107 894 5163 de
918 5111 1227 5178 captivitate
1251 5153 1266 5177 ,
1296 5113 1364 5168 de
1393 5117 1648 5174 servitute
1669 5161 1685 5185 ,

102 5193 162 5246 de
184 5194 330 5251 fame
357 5207 412 5252 ct
434 5197 551 5252 aliis
580 5199 865 5268 ejusmodi.
899 5201 1050 5270 Quod
1079 5205 1222 5261 enim
1249 5205 1365 5261 haec
1395 5225 1498 5264 non
1528 5211 1687 5268 modo

105 5288 231 5342 mla
271 5303 382 5342 non
411 5290 517 5344 sint
543 5332 558 5354 ,
603 5293 698 5347 sed
738 5293 898 5347 etiam
939 5295 1007 5348 ad
1047 5295 1185 5350 mala
1228 5287 1542 5368 depellenda
1580 5302 1718 5356 sint~

108 5378 211 5432 sui
239 5423 253 5442 ,
301 5380 535 5450 primum
573 5383 625 5438 in
665 5385 896 5440 medium
939 5387 1140 5456 prolata
1184 5387 1323 5444 fame
1349 5390 1638 5447 doceamus
1664 5435 1681 5462 ,

109 5484 212 5536 φιτ
259 5473 540 5528 tremenda
589 5477 836 5531 omnibus
887 5493 951 5532 ac
993 5478 1247 5534 terribilis
1290 5480 1499 5536 videtur
1538 5497 1680 5539 esse.

111 5559 247 5617 hisee
273 5566 455 5634 igitur,
483 5582 591 5636 quo
617 5578 769 5635 pacto
795 5569 932 5623 mala
957 5585 1063 5625 non
1104 5572 1174 5626 sit
1199 5613 1214 5637 ,
1256 5582 1309 5628 et
1351 5573 1418 5628 ad
1449 5573 1684 5644 philoso-

113 5655 371 5714 plaudunt
419 5656 702 5712 instruere.
754 5656 887 5714 Cum
938 5661 1164 5730 populus
1215 5663 1562 5722 Hebraeorum
1616 5668 1682 5723 ad

113 5763 360 5802 sumam
382 5750 767 5820 inprobitate-nt
790 5752 1110 5824 devertisset,
1137 5766 1242 5815 tum
1266 5776 1486 5833 magnus
1510 5761 1676 5831 Blias,

814 287 876 342 IN
916 287 1115 346 ILLUD
1156 291 1380 356 ISAIAE.
1423 297 1561 353 EGU
1601 299 1900 357 DOMINUS
1941 302 2120 362 DEUS
2158 306 2310 363 FECI
2349 308 2606 380 LUMEN,
2650 312 2803 372 ETC.

3361 331 3492 386 17‘0‘

1871 421 1925 466 et
1947 415 2076 470 melo
2098 415 2311 487 dignus,
2338 436 2458 474 cum
2485 423 2644 479 vellet
2670 428 2928 482 socordiae
2954 433 3196 488 morbum
3223 437 3455 506 auferre,

1869 519 2097 577 eumque
2124 511 2390 581 corrigere
2407 557 2422 582 ,
2448 515 2641 585 adjecit
2668 519 2851 574 dicens
2877 540 2889 576 :
2927 521 3054 578 Vivit
3086 527 3350 595 Dominus,
3377 538 3462 590 cui

1867 599 2039 655 adstiti
2065 621 2233 658 coram
2260 624 2317 662 eo
2339 649 2353 674 ,
2389 611 2435 661 si
2472 612 2565 664 erit
2593 613 2762 680 pluvia
2786 655 2801 682 ,
2843 616 2939 670 nisi
2966 633 3058 688 per
3087 636 3141 674 os
3176 639 3338 676 meum
3362 625 3452 698 (5.

1866 690 1993 762 Reg.
2029 695 2111 749 17.
2146 699 2164 750 l
2194 696 2213 768 )
2248 716 2261 752 :
2293 709 2346 752 et
2385 699 2472 768 qui
2505 703 2736 758 meloten
2779 706 2944 761 solam
2982 711 3314 778 possidebat,
3347 690 3452 769 em-

1865 781 1973 838 lum
2009 787 2238 852 clausit,
2279 799 2422 845 tanta
2463 793 2604 863 apud
2649 795 2812 850 Deum
2855 800 3024 868 gratia
3073 803 3258 859 valuit.
3289 805 3449 862 Vides

1864 889 2224 946 paupertatem
2255 883 2451 937 malum
2478 899 2582 938 non
2609 888 2772 941 esse?
2801 889 2914 943 Non
2941 893 3083 946 enim
3112 904 3249 949 tanta
3280 901 3446 966 gratia

1859 966 2113 1022 valuisset
2144 972 2445 1026 mortalium
2477 985 2788 1031 cunctorum
2825 985 3210 1052 pauperrimus,
3245 996 3301 1040 ut
3324 1005 3444 1043 cum

1860 1059 1910 1112 in
1941 1061 2098 1114 terris
2127 1076 2451 1130 versaretur,
2486 1076 2688 1124 tantam
2720 1071 2970 1127 virtutem
3001 1091 3106 1129 uno
3135 1078 3250 1134 solo
3282 1082 3445 1136 verbo

1857 1167 1965 1220 prze
1991 1170 2050 1208 se
2073 1154 2255 1210 ferret.
2279 1157 2388 1212 Hoc
2408 1175 2533 1230 ergo
2555 1161 2697 1217 dicto
2719 1163 2910 1220 famem
2935 1167 3154 1224 immisit
3177 1183 3440 1241 tamquam

1855 1245 2112 1313 Optimum
2160 1249 2503 1320 pa:dagogum
2530 1295 2544 1318 ,
2577 1265 2630 1306 et
2667 1255 2926 1310 malorum
2974 1275 3092 1327 quze
3136 1263 3441 1320 acciderant

1853 1337 2252 1394 emendatorem
2286 1358 2297 1392 :
2331 1352 2493 1411 atque
2521 1353 2578 1397 ut
2606 1345 2665 1398 fit
2701 1361 2820 1400 cum
2863 1348 3155 1407 vehemens
3194 1355 3438 1422 quaedam

1827 1424 2012 1482 ’febris
2039 1444 2232 1499 corpus
2263 1432 2474 1500 invasit,
2511 1451 2660 1490 vena:
2693 1439 2820 1507 ipsa:
2852 1448 3008 1495 terrae
3032 1447 3437 1515 exarescebant,

1850 1524 2113 1574 torrentes
2142 1519 2484 1590 deficiebant,
2514 1537 2567 1580 et
2596 1527 2796 1592 herbae,
2825 1538 2879 1584 et
2906 1538 3062 1587 teme
3092 1535 3296 1590 viscera
3324 1547 3436 1592 ste-

1847 1607 1963 1662 rilia
1995 1611 2205 1679 penitus
2235 1613 2486 1686 deinceps
2513 1628 2686 1672 erant.
2721 1618 2905 1690 Neque
2937 1638 3064 1677 vero
3094 1627 3438 1684 mediocriter

1843 1698 1896 1752 id
1929 1703 2122 1770 populo
2161 1703 2258 1760 fuit
2302 1707 2427 1762 utile
2452 1749 2467 1774 ,
2504 1723 2626 1764 eum
2657 1726 2934 1781 repressus
2975 1714 3203 1784 impetus
3233 1717 3392 1774 fuerit
3415 1760 3431 1782 ,

1843 1807 1948 1862 quo
1973 1795 2038 1850 ad
2066 1797 2396 1868 iniquitatem
2420 1801 2710 1873 ferebatur,
2735 1813 2788 1860 et
2807 1808 3094 1877 castigatus
3117 1811 3433 1867 modestior-

1840 1899 1944 1954 que
1975 1888 2044 1942 sit
2076 1889 2260 1953 factus,
2293 1901 2346 1946 et
2376 1893 2440 1946 ad
2468 1893 2943 1964 obtemperandum
2973 1901 3245 1969 propheta:
3277 1918 3426 1957 man-

1839 1980 2060 2034 suetior.
2107 1980 2242 2037 Nam
2283 1986 2374 2052 qui
2417 1986 2484 2040 ad
2530 1985 2670 2041 idola
2709 1989 3034 2054 currebant,
3065 2001 3118 2046 et
3147 1991 3426 2050 dzemoniis

1838 2067 1977 2124 filios
2006 2086 2132 2127 suos
2153 2075 2475 2140 maetabaut,
2504 2075 2556 2130 hi
2581 2084 2657 2131 tot
2677 2079 2868 2133 occisis
2886 2080 3253 2137 sacerdotibus
3277 2083 3424 2148 Baal,

1836 2177 1943 2217 non
1973 2163 2226 2235 indignati
2259 2175 2402 2234 sunt,
2429 2183 2536 2222 non
2566 2169 2932 2239 indolueruut,
2963 2171 3058 2226 sed
3083 2171 3238 2228 famis
3263 2189 3427 2243 Opera

1833 2255 2026 2311 redditi
2057 2258 2307 2314 meliores
2329 2301 2344 2326 ,
2385 2269 2622 2316 tacentes
2655 2275 2718 2318 ac
2743 2269 2887 2317 metu
2917 2265 3148 2334 correpti
3186 2281 3298 2321 rem
3328 2281 3425 2336 pa-

1835 2346 2029 2403 tienter
2059 2349 2316 2406 tulerunt.

1903 2439 1956 2494 6.
2001 2441 2162 2497 Vides
2212 2458 2319 2497 non
2365 2444 2523 2500 modo
2550 2446 2747 2502 malum
2792 2447 2897 2503 non
2926 2464 3046 2505 esse
3081 2449 3296 2518 famem,
3320 2454 3414 2508 sed

1829 2530 1896 2585 ad
1927 2532 2062 2585 mala
2090 2535 2247 2587 etiam
2281 2534 2511 2589 tollenda
2537 2537 2875 2607 prodesse,et
2897 2540 2962 2594 ad
2984 2542 3244 2598 sanandas
3263 2546 3421 2615 :rgri-

1831 2624 2041 2679 tudines
2071 2625 2293 2680 remedii
2322 2627 2498 2681 locum
2516 2627 2757 2684 obtinere
2772 2631 2799 2684 ‘I
2820 2631 2968 2699 Quod
2991 2633 3035 2687 si
3058 2635 3415 2703 captivitatem

1826 2714 1995 2784 ipsam
2026 2716 2186 2771 etiam
2218 2717 2398 2772 videre
2418 2719 2550 2773 velis
2571 2719 2768 2774 malum
2799 2738 2904 2776 non
2934 2738 3073 2789 esse,
3102 2725 3271 2795 cogita
3288 2741 3419 2796 qua-

1825 2806 1902 2862 les
1923 2818 2045 2864 ante
2065 2811 2423 2880 captivitatem
2446 2822 2628 2867 essent
2647 2812 2837 2879 Judaai,
2864 2825 2920 2870 et
2947 2817 3128 2887 quales
3163 2820 3212 2872 in
3244 2821 3415 2891 capti-

1823 2898 2006 2963 vitate,
2034 2909 2090 2954 ut
2117 2901 2383 2972 intelligas
2413 2917 2586 2973 neque
2604 2903 2902 2960 libertatem
2923 2906 3170 2964 absolute
3191 2909 3410 2974 bonum,

1822 3004 1996 3060 neque
2026 2991 2382 3060 captivitatem
2409 2993 2604 3048 malum
2634 3009 2772 3050 esse.
2793 2995 3018 3064 Quando
3034 2999 3175 3052 enim
3199 2999 3413 3054 liberta-

1822 3090 1875 3136 te
1902 3083 2216 3139 fruebantur
2235 3127 2249 3150 ,
2272 3095 2327 3140 et
2356 3085 2406 3140 in
2438 3087 2606 3156 patria
2632 3103 2727 3143 sua
2752 3087 3040 3159 degebant,
3066 3091 3136 3144 ita
3170 3107 3229 3146 se
3253 3106 3410 3162 gere-

1817 3172 1967 3243 bant,
1998 3184 2055 3230 ut
2080 3175 2302 3245 singulis
2329 3175 2514 3232 diebus
2553 3179 2813 3234 adversus
2842 3181 2960 3236 illos
2987 3182 3436 3238 vociferarentur-

1817 3265 2124 3336 prophetze,
2175 3267 2299 3323 dum
2347 3271 2494 3340 leges
2537 3272 2999 3342 conculcarentur,
3054 3275 3408 3330 adorarentur

1815 3359 1977 3424 idola,
2009 3369 2065 3416 et
2095 3362 2182 3417 Dei
2223 3363 2470 3418 mandata
2495 3365 2822 3421 violarentur
2850 3383 2864 3421 :
2897 3377 3176 3439 postquam
3227 3380 3403 3425 autem

1814 3452 1866 3506 in
1887 3453 2112 3510 alienam
2143 3455 2307 3510 delati
2339 3468 2462 3512 sunt
2491 3468 2686 3514 terram
2713 3502 2728 3527 ,
2759 3469 2814 3516 et
2851 3461 2903 3516 in
2931 3463 3280 3519 barbarorum
3321 3482 3405 3521 re-

1812 3545 1971 3614 gione
2001 3547 2194 3602 versati
2219 3590 2234 3614 ,
2266 3549 2342 3604 sic
2372 3550 2611 3621 depressi
2641 3562 2800 3618 sunt,
2825 3569 2888 3608 ac
2923 3557 3174 3612 meliores
3212 3572 3400 3612 evase-

1811 3645 1953 3701 runt,
1984 3637 2263 3710 legemque
2288 3653 2602 3708 servarunt,
2634 3653 2692 3698 ut
2732 3662 2796 3700 ex
2841 3647 2958 3716 ipso
2985 3649 3196 3715 psalmo
3223 3653 3399 3722 colligi

1810 3736 2005 3796 potest,
2035 3745 2192 3800 quem
2238 3747 2417 3803 opera:
2445 3737 2673 3805 pretium
2703 3746 2784 3792 est
2812 3737 3070 3794 hodierno
3091 3741 3176 3796 die
3206 3742 3256 3797 in
3280 3760 3398 3798 me-

1807 3820 1952 3876 dium
1975 3822 2187 3889 afferre,
2217 3835 2275 3879 ut
2299 3843 2364 3880 ex
2391 3842 2456 3882 eo
2472 3827 2792 3898 captivitatis
2818 3828 3047 3886 fructum
3070 3837 3394 3901 agnoscatis.

1806 3913 1935 3981 Quis
1974 3914 2060 3968 ille
2087 3931 2247 3984 porro
2279 3917 2516 3978 psalmus
2543 3920 2659 3974 est?
2681 3918 2850 3990 Super
2877 3923 3092 3991 ﬂumina
3121 3923 3395 3996 Babylonis

1804 4005 1909 4058 illic
1932 4006 2171 4071 sedimus,
2202 4016 2246 4060 et
2284 4007 2533 4076 ﬂeuimus,
2565 4010 2686 4062 dum
2729 4014 3107 4066 recordaremur
3134 4014 3281 4070 Sion.
3327 4016 3392 4071 In

1803 4096 2038 4151 salicibus
2063 4097 2115 4150 in
2143 4096 2305 4150 medio
2326 4099 2435 4167 ejus
2453 4100 2804 4168 suspendimns
2819 4119 3010 4173 organa
3030 4114 3220 4159 nostra.
3247 4105 3361 4171 Quo
3377 4136 3392 4146 -

1803 4189 1938 4242 niam
1983 4189 2087 4243 illic
2115 4189 2547 4261 interrogaverunt
2593 4207 2703 4254 nos,
2736 4193 2822 4262 qui
2869 4195 3093 4262 captivos
3139 4196 3392 4252 Merum

1801 4297 1912 4347 nos,
1941 4282 2087 4335 verba
2103 4282 2414 4346 cantionum,
2447 4284 2668 4338 dicentes
2695 4283 2940 4340 :Cantate
2968 4285 3107 4341 nobis
3134 4288 3197 4341 de
3223 4290 3386 4342 canti-

1799 4373 1870 4426 cis
1901 4374 2048 4429 Sion.
2075 4373 2340 4439 Quomodo
2364 4375 2674 4430 cantabimus
2697 4377 2947 4431 canticum
2964 4376 3235 4434 Dominiin
3255 4389 3388 4436 terra

1799 4463 1966 4518 aliena
2013 4463 2181 4537 (Psal.
2213 4466 2334 4520 136.
2367 4466 2388 4520 l
2417 4466 2553 4537 -4)?
2591 4467 2752 4522 Vides
2778 4477 2837 4523 ut
2879 4468 3025 4538 ipsos
3063 4471 3389 4542 depresserit

1798 4557 2094 4626 captivitas.
2124 4555 2255 4610 Nam
2277 4564 2402 4612 ante
2433 4556 2576 4612 illam
2615 4559 2828 4628 quidem
2860 4559 3146 4630 prophetas
3172 4578 3280 4617 non
3313 4566 3386 4619 fe-

1797 4651 2018 4718 rebant,
2046 4665 2076 4704 a
2111 4651 2300 4721 quibus
2325 4650 2766 4718 admonebantur,
2802 4662 2859 4707 ut
2897 4669 2964 4708 ne
2996 4654 3164 4722 legem
3211 4665 3386 4711 trans-

1795 4743 2145 4813 grederentur
2189 4760 2203 4796 :
2250 4751 2371 4813 post
2429 4743 2572 4797 illam
2628 4752 2805 4799 autem
2853 4745 3014 4799 etiam
3065 4747 3410 4836 instantibus’

1794 4834 2057 4898 barbaris,
2091 4843 2144 4889 et
2167 4833 2400 4890 dominis
2428 4835 2738 4906 cogentibus
2764 4845 2922 4905 atque
2952 4838 3296 4907 urgentibus,
3327 4849 3383 4894 ut

1793 4942 1912 4983 eam
1961 4926 2482 4995 transgrederentur,
2531 4925 2749 4980 minime
2800 4927 3085 4995 parebant,
3116 4928 3206 4982 sed
3238 4928 3382 4982 dice-

1792 5021 1921 5078 bant
1947 5037 1960 5074 :
1992 5019 2109 5074 Non
2129 5019 2458 5074 cantabimus
2485 5019 2748 5074 canticum
2775 5019 2980 5073 Domini
3012 5019 3063 5072 in
3087 5027 3224 5074 terra
3252 5021 3380 5075 alie-

1793 5128 1880 5182 na,
1908 5113 2157 5184 quoniam
2185 5111 2236 5166 id
2267 5113 2350 5166 lex
2382 5126 2486 5165 non
2520 5110 2881 5180 permittebat.
2937 5110 3072 5166 Vide
3109 5122 3285 5167 autem
3329 5123 3380 5168 et

1791 5216 1900 5262 tres
1923 5220 2151 5277 pueros,
2180 5204 2269 5275 qui
2301 5219 2408 5260 non
2452 5202 2624 5258 solum
2669 5219 2697 5257 a
2746 5204 3050 5272 captivitate
3105 5205 3216 5260 laesi
3274 5223 3376 5260 non

1789 5309 1911 5355 sunt
1929 5339 1947 5366 ,
1974 5297 2070 5355 sed
2096 5299 2254 5354 etiam
2271 5297 2387 5366 ejus
2407 5311 2568 5366 opera
2597 5297 2913 5352 illustriores
2942 5309 3257 5362 evaserunt;
3288 5315 3374 5352 eo-

1789 5392 2017 5463 demque
2036 5390 2193 5446 modo
2221 5390 2518 5446 Danielem.
2543 5389 2679 5457 Quid
2705 5404 2829 5445 vero
2849 5389 3045 5462 Joseph
3062 5391 3087 5444 ?
3106 5391 3230 5460 quid
3253 5389 3374 5444 mali

1786 5500 1975 5556 passus
2001 5494 2104 5552 est,
2132 5499 2254 5538 cum
2287 5492 2341 5538 et
2368 5482 2708 5553 peregrinus,
2730 5493 2785 5538 et
2812 5497 2999 5538 servus
3023 5524 3038 5548 ,
3058 5493 3112 5537 et
3135 5479 3380 5548 captivus

1786 5586 1866 5634 est
1895 5576 2096 5633 factus?
2122 5591 2297 5632 nonne
2321 5573 2424 5630 hoc
2450 5589 2610 5629 unum
2644 5575 2718 5629 illi
2741 5575 3078 5645 Splendorem
3101 5587 3368 5639 compara-

1785 5667 1901 5722 vit?
1931 5668 2066 5736 Quid
2101 5681 2229 5721 vero
2267 5665 2460 5720 mulier
2495 5663 2584 5718 illa
2611 5664 2870 5731 barbara,
2897 5680 3014 5733 qua:
3064 5663 3114 5715 in
3162 5661 3369 5729 Opibus,

1793 5763 2065 5834 superbia,
2098 5770 2151 5816 et
2183 5759 2425 5817 libertate
2455 5756 2698 5829 degebat,
2730 5758 2851 5814 inde
2878 5757 3076 5810 lucrata
3095 5752 3213 5809 est?
3245 5769 3377 5808 uou-
