3968 6208
612 342 711 402 151

615 471 684 511 ne
711 453 949 510 omnium
971 451 1067 506 fuit
1096 450 1413 514 miserrima,
1437 458 1718 520 postquam
1742 445 1875 512 istis,
1909 453 1967 501 ut
1987 455 2200 516 oporte-

619 547 730 614 bat,
757 545 832 600 uti
859 543 1064 600 noluit?
1096 543 1220 598 l‘la»c
1245 543 1402 613 igitur
1427 540 1704 597 evidenter
1723 553 1752 592 a
1781 538 1933 594 nobis
1961 547 2084 591 sunt
2103 535 2196 590 de-

613 643 929 700 monstrata,
949 649 1191 704 quamam
1210 633 1316 688 sint
1336 633 1492 696 mala,
1515 647 1758 703 quaenam
1777 630 1933 695 bona,
1957 643 2200 698 qumnam

613 727 809 796 media,
835 735 891 782 et
922 726 989 781 de
1015 725 1204 780 mediis
1225 725 1365 794 loqui
1395 724 1865 794 prOphetam.qu:e
1888 721 2062 790 reipsa
2091 735 2206 773 ma-

610 818 661 874 la
690 833 794 872 non
821 827 965 883 sunt,
998 815 1089 870 sed
1119 816 1275 886 vulgo
1305 815 1442 869 mala
1469 814 1739 878 videntur,
1778 810 1846 866 de
1873 810 2200 881 captivitate,

609 913 902 972 servitute,
951 906 1294 962 abductione.
1343 906 1512 973 Quam
1556 919 1684 957 vero
1724 903 1793 956 ob
1829 917 2046 956 causam
2086 900 2202 956 haec

615 999 757 1054 dicta
785 999 913 1064 sint,
945 1013 1122 1069 opera:
1157 996 1382 1067 pretium
1415 994 1574 1050 fuerit
1601 1009 1742 1048 nunc
1769 992 1986 1048 docere.

690 1089 966 1164 Propheta:
1013 1105 1104 1142 cur
1149 1088 1309 1142 missi.
1347 1117 1420 1127 —
1457 1086 1722 1153 Bcnignus
1749 1100 1870 1140 cum
1919 1084 1988 1137 sit
2038 1081 2199 1148 Deus,

611 1190 668 1238 et
693 1182 759 1236 ad
789 1180 1150 1237 miserandum
1182 1187 1478 1250 promptus,
1507 1179 1574 1232 ad
1619 1175 1980 1247 castigandum
2011 1190 2074 1229 ac
2102 1190 2201 1244 pu-

613 1275 865 1331 niendum
896 1283 1176 1329 cunctator
1218 1280 1274 1328 et
1313 1271 1528 1337 tardus,
1577 1286 1643 1324 ne
1671 1269 1885 1324 Judwos
1930 1267 2204 1339 suppliciis

611 1371 895 1426 mnlctaret
921 1412 936 1432 ,
968 1367 1254 1438 prophetas
1292 1366 1456 1431 misit,
1499 1374 1557 1420 ut
1594 1364 1772 1419 verbis
1807 1379 1901 1419 eos
1955 1371 2200 1429 terreret,

612 1479 786 1534 neque
827 1462 989 1518 rebus
1037 1461 1165 1531 ipsis
1203 1459 1463 1531 puniret:
1507 1458 1650 1529 quod
1677 1467 1732 1512 et
1777 1472 1900 1528 erga
1943 1455 2202 1511 Ninivitas

615 1559 877 1626 pra'stitit.
911 1557 1042 1611 Nam
1073 1564 1126 1610 et
1150 1555 1258 1609 illic
1286 1554 1414 1609 olim
1442 1553 1626 1607 urbem
1664 1567 1723 1607 se
1751 1565 2065 1606 cversurum
2102 1549 2203 1603 mi-

613 1659 768 1704 natus
795 1657 912 1714 est,
943 1664 1049 1702 non
1082 1656 1139 1700 ttt
1167 1653 1464 1710 everteret,
1495 1644 1590 1699 sed
1639 1653 1698 1698 ut
1752 1659 1857 1698 non
1911 1651 2199 1710 everteret,

612 1739 755 1810 quod
785 1743 962 1809 utique
991 1737 1234 1807 contigit.
1288 1736 1400 1790 Hoc
1447 1735 1696 1790 nimirum
1731 1742 1785 1790 et
1829 1743 1952 1789 tunc
1991 1735 2200 1804 agebat,

613 1833 900 1902 prophetas
929 1830 1192 1897 mittebat,
1210 1844 1271 1886 ac
1286 1829 1632 1884 barbarorum
1665 1829 2017 1894 incursiones,
2040 1826 2199 1892 bella,

611 1924 947 1992 captivitates
969 1965 985 1991 ,
1015 1921 1388 1977 abductionem
1411 1960 1426 1985 ,
1459 1929 1515 1975 et
1539 1920 1590 1974 in
1616 1920 1788 1976 aliena
1815 1919 2032 1990 regione
2051 1933 2201 1974 com-

613 2021 962 2070 morationem
1005 2013 1327 2068 minabatur.
1369 2011 1438 2066 Et
1460 2011 1907 2082 quemadmodum
1941 2020 2089 2082 pater
2117 2009 2203 2064 in-

612 2107 856 2178 dulgens,
885 2106 970 2162 cui
996 2106 1135 2160 filius
1159 2114 1244 2161 est
1266 2104 1581 2161 libidinosus
1608 2119 1674 2160 ac
1695 2104 1988 2175 negligens,
2015 2105 2083 2158 ad
2111 2119 2202 2159 sa-

612 2213 734 2252 nam
761 2208 994 2253 mentem
1019 2197 1205 2253 volens
1229 2212 1354 2253 eum
1391 2197 1680 2263 reducere,
1725 2195 1927 2266 flagella
1958 2197 2201 2266 requirit,

613 2287 767 2344 funes
797 2289 1025 2342 minatur
1053 2288 1237 2362 dicens
1269 2304 1283 2340 :
1318 2287 1588 2356 Vinciam,
1620 2287 1845 2358 ﬂagellis
1871 2287 2093 2355 ert-dam,
2121 2288 2204 2342 in-

615 2381 892 2446 terliciam,
928 2381 1091 2452 fitque
1117 2379 1298 2436 verbis
1325 2380 1663 2444 terribilis,ut
1689 2380 1789 2436 hac
1823 2381 2028 2436 ratione
2049 2380 2205 2448 juve-

613 2473 696 2529 nis
725 2473 1113 2543 improbitatem
1141 2479 1448 2542 compescat
1480 2489 1493 2525 :
1521 2473 1591 2525 ita
1626 2471 1873 2526 nimirum
1903 2471 2042 2526 Deus
2074 2485 2204 2527 con-

620 2567 764 2620 tinue
793 2565 1124 2630 minabatur,
1151 2578 1272 2618 cum
1299 2578 1395 2619 eos
1424 2562 1618 2632 injecto
1663 2571 1807 2618 metu
1833 2562 2058 2618 reddere
2089 2577 2204 2618 me-

613 2659 778 2714 liores
805 2658 982 2713 vellet.
1014 2656 1139 2711 Haec
1162 2670 1392 2712 cernens
1417 2655 1679 2720 diabolus,
1699 2657 1983 2726 volensque
2011 2670 2201 2711 emen-

612 2751 886 2806 dationem
911 2791 927 2814 ,
954 2765 1072 2817 quae
1100 2749 1525 2819 consequebatur
1545 2746 1642 2802 bas
1667 2747 1838 2803 minas
1864 2789 1880 2815 .
1909 2745 2200 2816 impedire,

615 2841 1104 2912 pseudoprophetas
1131 2841 1370 2909 immisit,
1416 2849 1471 2895 et
1494 2840 1768 2912 prOphetis
1801 2840 2158 2911 captivitatem
2183 2879 2199 2904 ,

614 2934 947 3002 servitutem,
972 2933 1273 3004 famemque
1299 2933 1646 2999 minantibus,
1681 2932 1753 2987 illi
1789 2932 2074 2999 contraria,
2105 2946 2202 3002 pa-

612 3042 761 3094 cem,
791 3037 947 3082 terra:
977 3025 1302 3081 fertilitatem
1326 3067 1342 3092 ,
1376 3025 1774 3082 innumerorum
1814 3025 2074 3081 bonorum
2107 3041 2202 3082 co-

614 3121 754 3188 piam
809 3117 1183 3187 przndicebant.
1245 3116 1453 3172 Idcirco
1498 3119 1885 3186 exprobrantes
1929 3119 2031 3172 illis
2080 3132 2205 3187 pro-

615 3211 791 3282 pheta:
814 3209 1100 3266 dicebant:
1124 3209 1263 3278 Pax,
1295 3219 1494 3280 pax;et
1518 3211 1602 3264 ubi
1626 3219 1697 3266 est
1715 3228 1820 3282 pax
1845 3209 1977 3281 (Jer.
2001 3211 2054 3268 6.
2089 3211 2202 3281 μη

613 3302 680 3358 Et
701 3303 876 3358 sciunt
896 3317 1102 3368 omnes,
1135 3303 1224 3372 qui
1251 3317 1522 3358 sacrarum
1549 3303 1822 3358 literarum
1844 3313 1967 3359 sunt
1996 3302 2203 3359 studio-

613 3392 680 3460 si,
707 3401 898 3448 cuncta
923 3394 1186 3460 evenisse,
1205 3409 1324 3464 quae
1349 3393 1622 3464 prophetas
1639 3395 1998 3464 praedixerant
2015 3395 2206 3450 adver-

614 3499 706 3538 sus
731 3484 1243 3556 pscudoprophetas,
1271 3485 1361 3555 qui
1393 3487 1570 3557 populi
1595 3486 1827 3542 studium
1857 3487 2206 3544 debilitabant

612 3591 675 3632 ac
705 3576 1034 3648 frangebant.
1065 3577 1502 3648 Quoniamigitur
1523 3579 1774 3650 populum
1795 3581 1864 3636 ita
1887 3580 2201 3637 dissolutum

613 3671 1046 3739 corrumpebant,
1106 3684 1201 3740 per
1246 3669 1535 3740 pr0phetas
1579 3671 1652 3725 ait
1693 3672 1830 3727 Deus
1868 3689 1880 3725 :
1913 3671 2024 3744 Ego
2068 3672 2206 3730 Deus

615 3760 808 3831 faciens
829 3776 1024 3830 pacem,
1055 3771 1102 3814 et
1120 3777 1298 3815 creans
1325 3761 1461 3815 mala
1483 3761 1636 3834 (Isai.
1665 3764 1752 3819 45.
1771 3765 1846 3835 7).
1871 3765 1934 3820 Et
1960 3781 2203 3836 qnzenam

619 3850 796 3906 mala?
825 3851 952 3906 llaec
1003 3867 1121 3922 qua:
1154 3866 1572 3910 commemorata
1627 3867 1772 3924 sunt,
1821 3859 2202 3928 captivitatem,

613 3941 921 3997 servitutem
948 3951 1000 3998 et
1025 3943 1127 3998 alia
1154 3944 1414 4014 ejusmodi
1440 3963 1454 4001 :
1483 3961 1586 4001 non
1615 3945 2021 4004 fornicationem
2051 3959 2106 4006 et
2130 3951 2206 4006 la-

614 4034 854 4099 sciviam,
877 4043 932 4089 et
957 4036 1254 4102 avaritiam,
1284 4053 1456 4108 neque
1481 4037 1624 4093 aliud
1653 4039 1939 4111 quidquam
1967 4041 2203 4110 ejusmoo

613 4125 687 4181 di.
729 4125 930 4183 Idcirco
960 4128 1118 4183 etiam
1146 4129 1361 4201 quando
1404 4131 1545 4188 alius
1568 4133 1824 4202 propheta
1854 4133 2018 4199 dixit,
2052 4135 2113 4190 Si
2135 4144 2207 4191 est

614 4218 810 4272 malitia
837 4221 888 4274 in
914 4221 1110 4275 ciuitate
1132 4262 1146 4284 ,
1178 4238 1329 4290 quam
1363 4238 1463 4276 non
1491 4224 1609 4294 fecit
1635 4221 1884 4278 Dominus
1913 4224 1930 4294 (
1962 4225 2115 4280 Amos
2147 4227 2202 4283 3.

616 4310 696 4382 6),
721 4309 857 4365 hanc
893 4311 1028 4365 dixit
1053 4311 1331 4378 malitiam,
1356 4313 1546 4368 fatnem
1565 4353 1582 4380 ,
1612 4314 1890 4381 morbum,
1922 4315 2148 4372 inﬂictas
2174 4332 2204 4374 a

619 4405 728 4459 Deo
749 4408 926 4476 plagas
950 4423 963 4458 :
992 4406 1071 4460 sic
1097 4417 1152 4461 et
1179 4407 1424 4461 Christus
1447 4423 1569 4462 cum
1596 4407 1742 4475 dicit,
1772 4409 1966 4480 Suﬁicit
1981 4410 2082 4464 diei
2099 4427 2209 4464 ma-

619 4498 727 4551 litia
746 4515 837 4552 sua
863 4497 1074 4570 (Matth.
1103 4499 1157 4554 6.
1181 4499 1292 4573 34),
1321 4500 1547 4556 sudores
1571 4501 1732 4570 dicit,
1757 4502 1994 4559 laborem
2019 4544 2035 4570 ,
2066 4502 2206 4558 afﬂi-

618 4591 872 4644 ctionem.

691 4684 743 4738 7.
793 4683 905 4739 Hoc
929 4683 1088 4754 igitur
1115 4682 1243 4739 dicit
1268 4683 1524 4754 propheta
1548 4701 1562 4738 :
1585 4683 1662 4741 Ne
1693 4685 1894 4742 debiles
1922 4701 1985 4742 ac
2013 4687 2200 4744 remis-

621 4792 710 4832 sos
749 4792 844 4832 vos
886 4777 1114 4832 reddant
1157 4776 1670 4848 pseudoprophetze;
1717 4777 1856 4834 Deus
1881 4779 2024 4834 enim
2053 4780 2206 4836 vobis

623 4885 804 4937 pacem
843 4869 1021 4940 largiri
1054 4879 1264 4940 potest,
1301 4878 1355 4924 et
1383 4869 1674 4940 captivitati
1700 4884 1796 4925 vos
1827 4871 2038 4926 tradere
2065 4888 2079 4925 :
2109 4872 2210 4928 hoc

621 4971 722 5023 est,
758 4959 974 5016 Faciens
1000 4979 1172 5032 pacem
1192 5003 1208 5024 .
1236 4971 1284 5016 et
1318 4979 1493 5016 creans
1519 4963 1674 5016 mala.
1703 4963 1878 5034 Atque
1905 4972 1961 5018 ut
1987 4962 2088 5018 hoc
2114 4979 2208 5020 ve-

623 5071 738 5108 rum
767 5069 888 5110 esse
915 5055 1200 5126 intelligas,
1226 5055 1369 5126 ipsas
1393 5055 1651 5110 dictiones
1678 5054 1976 5111 accuratius
2003 5055 2208 5110 exami-

624 5161 830 5200 nemus.
880 5144 1014 5202 Cum
1046 5147 1187 5201 enim
1229 5155 1356 5202 ante
1395 5144 1658 5213 dixisset,
1701 5143 1816 5217 Ego
1855 5162 1964 5200 sum
1999 5146 2085 5217 qui
2113 5144 2212 5214 feci

623 5239 782 5292 lucem
797 5247 842 5291 et
857 5238 1105 5306 tenebras,
1125 5247 1249 5294 tunc
1263 5238 1486 5306 addidit,
1504 5237 1720 5294 Faciens
1741 5255 1915 5308 pacem
1931 5280 1946 5306 ,
1969 5249 2017 5293 et
2035 5254 2212 5294 creans

623 5331 779 5386 mula.
812 5329 925 5385 Duo
949 5332 1214 5386 contraria
1237 5347 1395 5402 supra
1423 5332 1617 5402 posuit,
1639 5347 1703 5386 ac
1729 5331 1926 5387 deinde
1950 5331 2058 5386 duo
2081 5346 2213 5387 con-

625 5427 818 5491 traria,
849 5435 906 5479 nt
935 5424 1198 5496 intelligas
1227 5441 1346 5479 eum
1373 5440 1479 5480 non
1509 5424 1575 5481 de
1606 5424 1990 5491 fornicatione,
2021 5423 2116 5480 sed
2144 5424 2214 5480 de

625 5517 1012 5577 calamitatibus
1037 5517 1201 5587 loqui.
1232 5515 1369 5586 Quid
1399 5517 1540 5572 enim
1567 5523 1650 5572 est
1671 5515 1813 5587 quod
1843 5516 1958 5587 paci
1984 5513 2211 5585 opponi-

636 5611 761 5666 tur?
794 5610 1004 5670 Clarum
1043 5619 1126 5667 est
1155 5609 1297 5680 quod
1337 5609 1404 5665 sit
1443 5607 1716 5678 captivitas
1740 5647 1756 5674 ,
1805 5623 1910 5663 non
1953 5605 2164 5662 lascivia
2189 5647 2206 5675 ,

1327 335 1383 394 S.
1423 333 1702 392 JOANNIS
1739 327 2212 390 CIIRYSOSTOMI
2253 325 2568 383 ARCBIEP.
2597 321 3136 380 CONSTANTINOP.
3734 333 3818 390 ιδ’

2309 455 2481 511 neque
2511 437 2787 493 fornicatio
2809 479 2823 504 ,
2858 453 3032 508 neque
3067 435 3307 491 avaritia.
3349 435 3412 494 Ut
3453 439 3594 509 igitur
3619 446 3820 513 superius

2306 531 2415 588 duo
2441 531 2706 587 contraria
2736 531 2932 600 posuit,
2964 530 3042 585 sic
3070 529 3315 584 nimirum
3339 541 3389 585 et
3417 530 3510 587 hoc
3541 532 3648 589 loco
3673 553 3685 589 :
3711 551 3822 592 eon-

2307 625 2468 679 traria
2500 639 2626 678 vero
2659 624 2773 694 paci
2803 638 2888 678 res
2915 631 2997 678 est
3024 639 3129 677 non
3159 622 3449 690 fornicatio,
3480 641 3634 698 neque
3654 629 3824 688 adulto-

2307 717 2442 770 rium
2465 757 2479 778 ,
2507 731 2679 786 neque
2707 714 2922 770 lascivia
2943 756 2958 777 ,
2987 729 3160 786 neque
3190 715 3384 786 reliqua
3409 715 3557 784 vitia;
3582 717 3666 774 Sed
3689 723 3825 792 capti.

2306 809 2442 864 vitas
2467 818 2522 864 et
2565 810 2814 864 servitus.
2860 807 2964 864 Sed
2995 809 3132 863 sicut
3164 824 3288 880 erga
3323 808 3572 866 elementa
3595 852 3609 878 ,
3635 812 3703 868 sic
3724 831 3826 888 erga

2307 918 2394 958 res
2421 903 2562 972 ipsas
2592 903 2834 957 homines
2860 901 3182 956 afficiuntur.
3217 901 3448 972 Exempli
3475 917 3621 960 causa
3641 922 3654 959 :
3675 922 3828 975 quem-

2305 995 2592 1049 admodum
2622 992 2746 1049 fecit
2780 995 2949 1048 lucem
2978 1003 3032 1048 et
3065 993 3330 1058 tenebras,
3361 1005 3413 1049 et
3440 996 3606 1051 multis
3629 1012 3732 1054 esse
3755 999 3828 1070 ju-

2306 1084 2479 1139 cunda
2507 1086 2593 1138 lux
2629 1085 2855 1150 videtur,
2881 1084 3116 1140 tenebras
3141 1100 3267 1140 vero
3296 1085 3553 1154 molestae,
3575 1102 3632 1142 ac
3656 1099 3829 1146 noctem

2306 1179 2518 1248 quidam
2543 1189 2813 1251 tamquam
2843 1178 3034 1233 malam
3061 1187 3312 1233 accusant
3337 1195 3350 1232 :
3377 1179 3454 1236 sic
3481 1181 3704 1238 nimirum
3725 1185 3830 1240 etin

2306 1273 2469 1328 rebus
2496 1273 2646 1342 ipsis.
2673 1274 2742 1326 At
2770 1287 2944 1342 neque
2971 1286 3074 1325 nox
3098 1280 3182 1326 est
3199 1269 3509 1338 accusanda,
3535 1288 3688 1342 neque
3709 1285 3830 1330 tene-

2307 1365 2439 1431 brat,
2463 1380 2636 1436 neque
2661 1365 2877 1420 omnino
2903 1363 3134 1419 servitus
3158 1373 3211 1418 et
3238 1363 3532 1430 captivitas.
3554 1364 3675 1432 Quid
3697 1367 3830 1433 enim,

2306 1471 2511 1527 quaeso,
2539 1455 2662 1509 mali
2694 1455 2889 1510 habent
2914 1454 3190 1510 tenebrae?
3217 1469 3390 1510 nonne
3413 1465 3532 1510 sunt
3559 1471 3586 1508 a
3609 1457 3833 1513 laboribus

2307 1548 2606 1605 relaxatio?
2638 1563 2815 1604 nonne
2863 1549 3110 1604 remissio
3153 1548 3441 1602 curarum?
3469 1563 3633 1604 nonne
3670 1549 3832 1605 doloris

2305 1641 2717 1697 exterminatio?
2745 1657 2920 1696 nonne
2947 1642 3136 1696 virium
3167 1641 3444 1696 accessio?
3469 1641 3608 1708 Quod
3643 1642 3682 1696 si
3713 1649 3833 1697 tene-

2305 1735 2417 1791 br:e
2459 1751 2564 1790 non
2611 1735 2832 1790 fuissent
2871 1743 2927 1790 et
2966 1750 3070 1790 nox
3095 1775 3108 1797 ,
3151 1733 3364 1804 quando
3391 1733 3505 1789 luce
3549 1734 3683 1803 potiti
3715 1749 3832 1788 esse-

2306 1829 2467 1884 mus?
2511 1844 2686 1884 nonne
2727 1836 3037 1898 corruptum
3084 1827 3273 1883 fuisset
3311 1836 3466 1898 atque
3509 1826 3832 1895 interemptum

2307 1921 2408 1978 hoc
2445 1921 2642 1976 animal
2683 1920 2889 1975 homo?
2931 1919 2996 1976 Ut
3021 1928 3199 1974 autem
3229 1918 3476 1974 videntur
3511 1917 3703 1988 quidem
3736 1917 3835 1970 insi-

2308 2013 2572 2084 pientibus
2609 2012 2840 2068 tenebra:
2868 2011 3063 2065 malum
3091 2024 3212 2066 esse
3237 2009 3486 2080 quiddam
3509 2051 3525 2076 ,
3551 2007 3736 2064 tametsi
3759 2023 3838 2061 non

2307 2113 2462 2171 sunt,
2495 2119 2676 2160 verum
2723 2103 2788 2158 ad
2821 2102 2987 2173 ipsam
3017 2102 3158 2158 diem
3189 2102 3352 2158 nobis
3391 2109 3510 2158 sunt
3545 2102 3688 2166 usui,
3724 2110 3768 2156 et
3789 2100 3840 2154 ad

2305 2210 2490 2267 opera,
2514 2211 2631 2266 qua:
2660 2196 2712 2250 in
2739 2195 2848 2264 ipsa
2870 2195 3208 2264 suscipimus,
3231 2195 3416 2265 quiete
3436 2203 3682 2250 recreatos
3701 2191 3841 2246 reddit

2306 2290 2540 2360 aptiores
2565 2305 2580 2343 :
2605 2289 2674 2343 ita
2699 2303 2870 2359 neque
2897 2288 3093 2343 malum
3119 2286 3248 2358 quid
3283 2296 3364 2344 est
3387 2285 3665 2358 captivitas,
3685 2284 3742 2340 de
3763 2297 3842 2353 qua

2305 2380 2604 2436 disserebat
2631 2380 2887 2452 propheta
2917 2396 3036 2436 cum
3072 2380 3322 2447 diceret,
3355 2379 3565 2435 Faciem
3601 2394 3782 2450 pacem,
3805 2385 3843 2430 et

2305 2487 2480 2526 ereans
2508 2472 2646 2526 mala
2678 2487 2698 2526 :
2731 2471 2826 2528 sed
2864 2487 2952 2528 res
2981 2472 3158 2528 utilior
3183 2480 3276 2528 est
3301 2471 3366 2529 iis
3393 2471 3481 2542 qui
3509 2479 3565 2527 ut
3589 2478 3771 2542 oportet
3790 2482 3838 2524 ea

2306 2565 2504 2622 fuerint
2527 2566 2606 2621 usi
2627 2584 2640 2621 :
2665 2566 3104 2638 temperantiores
3128 2575 3317 2622 autem
3342 2581 3406 2622 ac
3427 2563 3752 2622 modestiores
3767 2575 3842 2618 eos

2305 2656 2502 2722 efficit,
2528 2656 2655 2712 dum
2686 2656 3040 2728 arrogantiam
3070 2655 3337 2712 retundit.

2388 2749 2559 2806 Virtus
2588 2767 2688 2805 non
2714 2760 2877 2822 potest
2904 2751 2958 2805 in
2991 2751 3286 2806 servitutem
3313 2750 3494 2822 redigi.
3521 2780 3590 2791 —
3608 2747 3710 2804 Non
3732 2745 3844 2802 enim

2307 2844 2359 2900 in
2389 2845 2699 2900 servitutem
2728 2843 2894 2915 redigi
2934 2851 3110 2914 potest
3133 2845 3311 2902 virtus
3334 2887 3351 2912 ,
3381 2858 3551 2914 neque
3576 2841 3638 2898 ab
3661 2841 3753 2896 ullo
3772 2854 3845 2893 su-

2307 2936 2506 3007 perari,
2535 2951 2640 2991 non
2666 2950 2698 2991 a
2726 2937 3002 3003 servitute,
3029 2951 3134 2992 non
3161 2951 3193 2991 a
3221 2937 3552 3008 captivitate,
3577 2950 3673 2990 non
3699 2949 3726 2988 a
3746 2947 3846 3002 pau-

2307 3038 2514 3100 pertate
2534 3071 2550 3098 ,
2581 3043 2686 3084 non
2716 3029 2785 3084 ab
2814 3029 2926 3100 ipsa
2955 3037 3163 3096 morte,
3192 3045 3320 3101 qua;
3343 3030 3576 3086 omnium
3601 3035 3676 3084 est
3699 3035 3848 3096 poten-

2307 3123 2530 3178 tissima.
2576 3121 2873 3179 Ostendunt
2910 3122 2963 3178 id
3001 3136 3191 3178 omnes
3215 3164 3232 3187 ,
3273 3123 3364 3194 qui
3405 3121 3520 3178 hac
3557 3119 3718 3176 omnia
3751 3124 3850 3171 sunt

2307 3215 2583 3286 perpessi,
2628 3224 2682 3270 et
2709 3229 2895 3270 eorum
2929 3229 3091 3286 opera
3119 3214 3387 3271 clariores
3417 3221 3701 3270 evaserunt.
3739 3206 3848 3280 Quid

2305 3308 2447 3362 enim
2476 3305 2710 3378 Josepho
2734 3306 2964 3362 servitus
2991 3306 3211 3362 nocuit?
3245 3306 3404 3380 (nihil
3429 3307 3568 3364 enim
3593 3313 3720 3360 vetat
3742 3315 3851 3372 quo-

2309 3398 2484 3452 minus
2513 3397 2760 3453 eumdem
2784 3399 2956 3453 virum
2983 3398 3176 3454 iterum
3205 3397 3262 3454 in
3289 3399 3524 3456 medium
3549 3391 3849 3459 adducamus)

2305 3487 2431 3559 quid
2479 3497 2655 3542 autem
2700 3487 2952 3543 vincula?
2992 3487 3120 3559 quid
3160 3488 3409 3546 catenae?
3435 3488 3558 3560 quid
3594 3481 3851 3543 calumnia?

2307 3579 2432 3651 quid
2473 3580 2718 3637 insidiae?
2757 3581 2884 3653 quid
2925 3582 2980 3637 in
3024 3582 3197 3638 aliena
3247 3584 3472 3655 regione
3511 3574 3850 3638 commoratio?

2307 3673 2442 3739 Quid
2470 3672 2664 3728 Jobum
2702 3673 2838 3729 laesit
2864 3670 3230 3730 armentorum
3261 3690 3328 3732 ac
3355 3689 3573 3747 gregum
3613 3669 3853 3735 interitus,

2309 3763 2544 3819 violenta
2567 3773 2623 3821 et
2643 3764 2922 3820 immatura
2950 3780 3096 3821 mors
3121 3766 3442 3836 liberorum,
3467 3767 3612 3840 plaga
3631 3761 3854 3835 corporis.

2308 3856 2570 3910 vermium
2613 3855 2785 3912 fontes
2805 3897 2821 3924 ,
2852 3855 3007 3913 dolor
3035 3857 3390 3915 intolerabilis
3408 3901 3424 3928 ,
3459 3859 3514 3914 in
3541 3857 3661 3913 fimo
3682 3853 3825 3913 sessio
3843 3891 3855 3915 ο

2309 3948 2492 4003 uxoris
2521 3948 2748 4016 insidiae,
2775 3949 3068 4004 amicorum
3092 3951 3410 4022 opprobria,
3434 3950 3737 4006 famulorum
3757 3958 3856 3999 con-

2308 4039 2486 4093 vicia?
2529 4038 2664 4108 Quid
2704 4054 2833 4095 vero
2860 4039 3062 4096 Lazaro
3105 4043 3324 4110 nocuit,
3368 4041 3513 4116 quod
3551 4042 3604 4097 in
3641 4033 3860 4094 vestibulo

2305 4132 2510 4202 jaceret
2553 4141 2606 4188 et
2651 4148 2841 4188 canum
2887 4133 3080 4203 linguis
3126 4133 3470 4206 lingeretur?
3511 4133 3631 4206 quid
3673 4126 3860 4186 laedebat

2309 4226 2558 4281 continua
2589 4225 2794 4283 fames?
2839 4225 2968 4298 quid
2995 4227 3176 4285 divitis
3214 4238 3559 4300 contemptus
3581 4269 3596 4295 ,
3635 4224 3826 4281 vulnera
3847 4258 3860 4284 ,

2310 4319 2673 4375 intolerandus
2696 4319 2952 4377 morbus?
2975 4322 3100 4394 quid
3128 4323 3270 4394 quod
3297 4323 3550 4380 desertus
3568 4320 3634 4376 ab
3656 4315 3860 4375 omnibus

2310 4419 2453 4466 esset
2480 4411 2570 4480 qui
2611 4412 2804 4481 iuvare
2831 4421 3084 4482 possent,
3116 4413 3262 4486 quod
3298 4414 3370 4471 ab
3400 4415 3467 4471 iis
3490 4456 3506 4482 ,
3537 4411 3626 4485 qui
3663 4402 3867 4466 auxiliari

2313 4511 2569 4572 possent,
2595 4504 3069 4560 contemneretur?
3105 4505 3242 4574 Quid
3289 4505 3462 4561 Paulo
3492 4507 3772 4560 nocuerunt
3798 4497 3866 4550 illa

2312 4592 2572 4646 malorum
2612 4593 2854 4648 examina
2880 4633 2896 4657 ,
2921 4609 3167 4651 carceres
3189 4637 3204 4661 ,
3237 4595 3596 4653 abductiones
3618 4637 3633 4661 ,
3662 4598 3837 4648 mortes
3855 4625 3868 4650 ο

2311 4684 2708 4740 submersiones
2746 4699 2811 4740 ac
2843 4685 3060 4757 reliqua:
3083 4685 3405 4743 afﬂictiones
3428 4727 3444 4754 ,
3473 4701 3607 4756 quas
3629 4694 3774 4739 nemo
3796 4690 3872 4748 po-

2315 4781 2439 4835 terit
2486 4779 2726 4834 oratione
2769 4777 3104 4834 numerando
3143 4778 3517 4850 percensere?
3558 4777 3680 4835 [labe
3722 4767 3876 4828 omnia

2311 4871 2728 4938 considerantes,
2751 4871 3005 4927 malitiam
3028 4870 3309 4943 fugiamus,
3333 4871 3594 4928 virtutem
3612 4875 3876 4924 sectemur;

2315 4971 2370 5019 et
2391 4977 2624 5027 oremus,
2650 4977 2716 5018 ne
2738 4961 2790 5016 in
2813 4961 3158 5018 tentationem
3183 4963 3452 5020 intremus
3477 4981 3494 5018 :
3516 4959 3656 5034 quod
3677 4956 3718 5014 si
3737 4967 3880 5027 quan.

2315 5053 2388 5110 do
2412 5047 2751 5107 inciderimus
2772 5091 2789 5118 ,
2815 5066 2885 5108 ne
2909 5067 3050 5123 aegre
3073 5051 3330 5118 feramus,
3365 5067 3506 5109 neve
3535 5051 3877 5120 indignemnr:

2315 5142 2577 5215 siquidem
2606 5157 2757 5198 arma
2783 5143 2992 5200 virtutis
3033 5142 3149 5200 haec
3177 5153 3298 5200 sunt
3331 5144 3436 5208 iis,
3482 5143 3574 5214 qui
3610 5150 3666 5196 ut
3700 5139 3884 5210 Oportet

2315 5237 2400 5294 usi
2443 5235 2678 5302 fuerint,
2720 5243 2777 5292 et
2813 5233 3007 5290 borum
3049 5236 3288 5290 omnium
3334 5249 3507 5306 opera
3549 5231 3887 5290 celebritatem

2318 5332 2472 5388 nobis
2499 5332 2789 5402 poterimus
2814 5345 3128 5401 comparare
3151 5371 3166 5396 ,
3207 5331 3250 5386 si
3279 5328 3473 5400 vigiles
3501 5339 3558 5384 et
3583 5322 3762 5382 attenti
3786 5318 3889 5374 fue-

2318 5426 2486 5480 rimus
2505 5465 2522 5490 ,
2553 5438 2617 5480 ac
2644 5423 2797 5480 bonis
2824 5422 3019 5495 perfrui
3048 5423 3395 5493 sempiternis
3424 5440 3439 5477 :
3471 5439 3597 5494 qua:
3625 5417 3773 5477 nobis
3799 5411 3891 5468 uti-

2320 5530 2442 5570 nam
2481 5515 2790 5587 contingant
2825 5515 3120 5576 universis.
3165 5515 3216 5570 in
3256 5512 3485 5570 Christo
3523 5514 3652 5571 Jesu
3690 5505 3892 5566 Domino

2321 5617 2522 5674 nostro,
2551 5607 2633 5661 cui
2660 5607 2824 5678 gloria
2858 5607 2908 5662 in
2938 5605 3129 5660 saecula
3158 5605 3508 5662 smculorum.
3544 5608 3734 5660 Amen.
