4092 6218
252 430 340 488 151

249 544 511 607 εἶναιτοῖς
530 544 763 609 πολλοις,
786 542 1181 613 αἰχμαλωσίας,
1205 538 1471 603 δουλείας,
1493 537 1815 607 ἀπαγωγῆς.

249 630 397 691 Τίνος
419 628 480 681 δὲ
510 627 698 680 ἕνεκεν
727 625 897 679 ταῦτα
929 626 1166 696 εἴρηται.
1200 624 1496 691 ἀναγκαῖον
1527 623 1720 674 εἰπεῖν.

314 710 703 782 Φιλάνθρωπος
732 707 809 762 ῶν
837 711 865 762 6
892 708 1045 771 Θεὸς,
1079 706 1176 761 καὶ
1208 707 1337 776 περὶ
1363 707 1424 758 τὸ
1457 704 1627 759 ἐλεεῖν
1671 701 1818 766 ὀξὺς,

249 795 382 865 πρὸς
416 795 478 847 δὲ
514 794 577 847 τὸ
617 790 973 863 τιμωρεῖσθαι
1017 790 1111 844 καὶ
1154 788 1404 853 κολάζειν
1436 787 1821 859 ἀναδυόμενος,

252 877 399 948 [1551
417 877 564 930 ὥστε
587 877 660 948 μὴ
681 876 808 939 τοὺς
840 874 1124 937 Ἰουδαίους
1151 871 1487 944 παραδοῦναι
1510 869 1819 941 τιμωρίαις,

250 961 537 1031 προφήτας
566 957 802 1028 ἔπεμψε,
833 957 1015 1025 φοϐῶν
1039 956 1239 1017 αὐτοὺς
1268 953 1356 1007 διὰ
1388 953 1498 1008 τῶν
1537 953 1821 1024 ῥημάτων,

249 1041 385 1095 ῶστε
423 1042 503 1113 μή
531 1040 758 1095 κολάσαι
786 1036 874 1093 διὰ
900 1032 1011 1092 τῶν
1036 1036 1404 1109 πραγμάτων,
1438 1037 1576 1108 ὅπερ
1603 1034 1696 1088 καὶ
1729 1034 1824 1086 ἐπὶ

248 1124 355 1177 τῶν
381 1122 681 1179 Νινευιτῶν
715 1123 911 1178 ἐποίει.
944 1121 1058 1176 Καὶ
1093 1120 1204 1192 γάρ
1232 1122 1351 1175 ἐκεῖ
1379 1119 1501 1173 τότε
1527 1119 1626 1190 τήν
1669 1118 1822 1171 πόλιν

248 1207 620 1279 καταστρέψαι
646 1204 965 1276 ἠπείλησεν,
978 1205 1078 1275 οὐχ
1093 1205 1180 1259 ἴνα
1200 1202 1575 1274 καταστρέψῃ,
1599 1200 1713 1254 ἀλλ’
1737 1201 1825 1255 ἵνα

249 1292 324 1361 μὴ
352 1290 743 1361 καταστρέψῃ·
772 1290 912 1359 ὅπερ
950 1285 1045 1343 οὖν
1071 1289 1165 1343 καὶ
1189 1287 1426 1356 ἐγένετο.
1443 1286 1613 1340 Τοῦτο
1636 1285 1700 1355 δὴ
1731 1285 1825 1337 καὶ

243 1375 365 1427 τότε
395 1373 657 1446 ἔπραττε,
691 1372 789 1426 καὶ
818 1373 1101 1444 προφήτας
1127 1370 1395 1441 ἔπεμπεν,
1418 1367 1657 1423 ἀπειλῶν
1690 1367 1822 1438 βαρ-

246 1455 430 1526 ϐάρων
480 1456 689 1525 ἔφοδον,
740 1454 1051 1525 πολέμους,
1107 1453 1508 1525 αἰχμαλωσίας,
1559 1450 1821 1516 δουλείας,

245 1538 578 1610 ἀπαγωγὴν,
613 1537 712 1609 τὴν
733 1538 790 1593 ἐν
818 1538 1076 1609 ἀλλοτρίᾳ
1105 1535 1406 1608 διατριϐήν.
1444 1534 1554 1588 Καὶ
1573 1534 1823 1606 καθάπερ

246 1622 434 1693 πατὴρ
463 1621 814 1694 φιλόστοργος
844 1622 1010 1677 παῖδα
1040 1620 1341 1676 ἀκόλαστον
1358 1618 1498 1691 ἔχων
1529 1620 1623 1675 καὶ
1656 1616 1824 1691 ῥᾴθυ-

245 1722 374 1775 μον,
423 1706 756 1777 σωφρονίσαι
786 1706 975 1769 θέλων,
1013 1705 1241 1776 ἱμάντας
1277 1703 1544 1775 ἐπιζητεῖ,
1579 1702 1825 1772 σχοίνους

244 1788 488 1850 ἀπειλεῖ,
514 1788 689 1857 λέγων
711 1801 725 1816 ⁸
747 1789 903 1860 Δήσω
922 1827 937 1851 ,
979 1784 1243 1859 μαστίξω,
1289 1786 1590 1857 ἀναιρήσω,
1626 1785 1720 1838 καὶ
1747 1783 1827 1852 γί-

247 1887 406 1924 νεται
435 1873 492 1924 ἐν
507 1872 622 1934 τοῖς
646 1871 851 1942 ῥήμασι
880 1869 1131 1942 φοϐερὸς,
1153 1869 1295 1922 ὥστε
1313 1866 1485 1940 ταύτῃ
1506 1866 1605 1935 τὴν
1626 1865 1828 1920 κακίαν

241 1952 567 2007 ἀναστεῖλαι
581 1952 677 2005 τοῦ
691 1949 809 2006 νέου
829 1969 842 1982 ·
869 1946 1013 2005 οὕτω
1034 1951 1099 2022 δὴ
1126 1950 1221 2005 καὶ
1250 1952 1280 2006 6
1307 1950 1437 2014 Θεὸς
1462 1948 1675 2020 ἠπείλει
1700 1965 1830 2001 συν-

242 2035 422 2105 εχῶς,
450 2035 529 2105 τῷ
578 2033 731 2104 φόϐῳ
754 2034 977 2104 ποιῆσαι
1006 2032 1244 2104 βελτίους
1270 2032 1613 2105 βουλόμενος.
1643 2031 1832 2085 Ταῦτα

243 2117 406 2187 ὁρῶν
438 2119 466 2171 6
489 2115 756 2180 διάϐολος,
795 2116 888 2170 καὶ
920 2115 1240 2187 βουλόμενος
1263 2114 1493 2168 ἐκλῦσαι
1517 2113 1615 2185 τὴν
1642 2114 1706 2166 ἐκ
1732 2112 1832 2182 τῆς

244 2201 514 2273 τοιαύτης
546 2199 777 2270 ἀπειλῆς
806 2198 1093 2271 διόρθωσιν
1121 2197 1433 2269 γινομένην,
1462 2197 1672 2267 καθῆκε
1701 2194 1834 2265 ψευ-

240 2281 622 2353 δοπροφήτας,
659 2282 750 2335 καὶ
776 2280 885 2333 τῶν
917 2280 1213 2352 προφητῶν
1231 2279 1596 2333 ἀπειλούντων
1625 2278 1828 2348 αἰχμα-

238 2361 477 2430 λωσίαν,
512 2363 607 2415 καὶ
629 2362 894 2427 δουλείαν,
924 2362 1022 2416 καὶ
1048 2361 1260 2432 λιμοὺς,
1287 2361 1484 2415 ἐκεῖνοι
1508 2359 1577 2414 τά
1609 2359 1830 2413 ἐναντία

243 2446 455 2513 ἔλεγον,
489 2446 735 2516 εἰρήνην,
760 2444 1067 2516 εὐετηρίαν,
1090 2445 1185 2499 καὶ
1217 2444 1427 2516 μυρίων
1452 2441 1671 2512 ἀγαθῶν
1695 2441 1830 2494 ἀπό-

243 2529 460 2583 λαυσιν.
495 2527 587 2580 Διὸ
612 2527 707 2581 καὶ
741 2526 1088 2593 ὀνειδίζοντες
1114 2527 1296 2592 αὐτοῖς
1323 2529 1374 2581 οἰ
1402 2527 1679 2598 προφῆται
1707 2525 1827 2579 ἐλε-

247 2626 346 2677 γον
370 2627 386 2641 ο
418 2609 664 2680 Εἱρήνη,
699 2609 940 2680 εἰρήνη*
966 2611 1065 2665 καὶ
1088 2610 1207 2666 ποῦ
1237 2609 1414 2665 ἔστιν
1435 2609 1688 2678 ειρήνης
1719 2608 1830 2663 Καὶ

250 2695 370 2747 ὅσοι
398 2693 502 2747 τῶν
532 2692 855 2769 φιλολόγων,
899 2693 1057 2749 τοῦτο
1093 2695 1295 2761 ίσασιν,
1328 2693 1404 2758 ὡς
1437 2694 1655 2748 ἅπαντα
1691 2707 1829 2763 κρα-

253 2780 372 2829 τεῖν
404 2780 447 2843 ⁸,
474 2777 510 2831 ἀ
537 2779 646 2841 τοῖς
688 2779 999 2849 προφήταις
1042 2777 1181 2850 πρὸς
1208 2779 1336 2842 τοὺς
1380 2777 1833 2849 ψευδοπροφήτας

262 2858 531 2925 ἐγένοντο,
560 2859 847 2925 ἐκλύοντας
874 2860 967 2914 τοῦ
992 2860 1124 2914 λαοῦ
1145 2861 1244 2932 τὴν
1272 2860 1529 2933 σπουδήν.
1568 2859 1721 2913 Ἐπεὶ
1739 2855 1832 2913 οὖν

264 2935 443 2999 οὕτως
472 2936 743 3003 ἐκλύοντες
783 2938 1098 3011 διέφθειραν
1124 2940 1216 2993 τὸν
1242 2938 1392 3005 λαὸν,
1426 2939 1594 3010 φησὶν
1634 2939 1663 2992 6
1701 2937 1832 3002 Θεὸς

267 3018 359 3073 διὰ
383 3020 486 3074 τῶν
504 3022 784 3092 προφητῶν
800 3037 813 3053 ο
847 3020 995 3091 Ἐγὼ
1015 3024 1048 3076 ό
1064 3022 1208 3089 θεὸς
1228 3022 1415 3076 ποιῶν
1430 3022 1699 3092 είρήνην,
1730 3019 1830 3075 καί

264 3101 475 3163 arm-ir
491 3104 660 3159 κακά.
697 3105 808 3159 Καὶ
841 3106 970 3158 ποία
999 3105 1174 3170 κακά;
1206 3104 1395 3159 Ταῦτα
1439 3105 1509 3159 τά
1542 3102 1827 3175 εἰρημένα,

258 3185 654 3256 αἰχμαλωσίαν,
674 3188 936 3254 δουλείαν,
958 3188 1054 3243 καὶ
1072 3190 1173 3243 ὅσα
1191 3187 1415 3243 τοιαῦτα
1436 3205 1450 3219 ·
1470 3188 1535 3243 οῦ
1551 3188 1828 3260 πορνείαν,

257 3268 356 3321 καὶ
394 3264 701 3340 ἀσέλγειαν,
738 3271 834 3325 καὶ
864 3270 1200 3337 πλεονεξίαν,
1228 3271 1349 3326 οὐδέ
1368 3270 1498 3325 ἄλλο
1524 3271 1633 3325 τῶν
1656 3270 1829 3324 τοιού-

255 3368 369 3404 των
390 3352 562 3409 οὐδέν.
601 3354 702 3407 Διά
743 3354 899 3408 τοῦτο
928 3355 1024 3409 καὶ
1051 3356 1079 3410 6
1114 3355 1301 3426 ἔτερος
1325 3355 1609 3426 προφήτης
1635 3352 1825 3418 εἰπὼν,

254 3434 331 3487 El
365 3434 497 3489 ἐστι
530 3437 709 3490 κακία
744 3437 814 3491 ἐν
840 3438 1033 3504 πόλει,
1061 3435 1143 3506 ἣν
1169 3439 1387 3506 Κύριος
1413 3440 1524 3493 οὐκ
1556 3437 1829 3505 ἐποίησε,

243 3517 461 3589 ταύτην
491 3518 642 3589 λέγει
672 3519 770 3592 τὴν
803 3521 1022 3584 κακίαν,
1074 3523 1201 3586 τοὺς
1223 3521 1435 3593 λιμοὺς,
1483 3521 1583 3584 τάς
1615 3520 1827 3586 νόσους,
1875 3568 1879 3571 Α

243 3601 353 3665 τὰς
386 3602 684 3674 θεηλάτους
731 3604 966 3674 πληγάς.
1007 3603 1164 3658 Οὕτω
1212 3606 1306 3659 καὶ
1335 3604 1364 3658 6
1408 3604 1661 3676 Χριστὸς,
1698 3605 1829 3658 ὅταν

241 3681 412 3755 λέγῃ.
466 3686 735 3754 Ἀρκετὸν
773 3684 850 3756 τῇ
899 3686 1088 3757 ᾑμέρᾳ
1136 3688 1175 3757 ἡ
1217 3688 1396 3742 κακία
1451 3686 1659 3757 αὐτῆς,
1701 3688 1830 3753 τοὺς

242 3766 510 3838 ἱδρῶτας,
541 3772 633 3823 τὸν
662 3769 879 3841 μόχθον,
907 3770 1007 3843 τήν
1036 3769 1410 3842 ταλαιπωρίαν
1437 3770 1590 3842 φησί.

316 3849 392 3915 ζ’.
428 3850 598 3904 Τοῦτο
618 3848 711 3906 οὖν
732 3869 897 3923 φησιν
916 3854 945 3907 6
966 3856 1250 3925 προφήτης
1270 3870 1282 3886 υ
1300 3852 1394 3925 Μὴ
1411 3854 1554 3923 ὑμᾶς
1571 3852 1830 3907 ἐκλυέτω-

237 3950 349 3989 σαν
385 3935 442 3987 οί
460 3935 906 4008 ψευδοπροφῆται
926 3953 941 3969 ο
964 3937 993 3989 6
1012 3936 1123 4008 γάρ
1140 3936 1272 3999 Θεὸς
1294 3937 1425 4007 ὑμῖν
1454 3937 1678 4008 εἰρήνην
1705 3936 1828 3990 δοῦ-

238 4036 331 4092 ναι
405 4017 663 4092 δύναται,
693 4021 813 4092 -καὶ
861 4020 1208 4092 αἰχμαλωσίᾳ
1249 4019 1618 4092 παραδοῦναι·
1652 4036 1832 4092 ,τουτγ

232 4090 429 4149 ἐστιν.
478 4089 534 4142 ⁸0
576 4090 764 4145 ποιῶν
807 4088 1076 4159 είρήκην,
1113 4088 1212 4144 καί
1258 4088 1469 4150 κτῖζων
1508 4091 1683 4144 κακά.
1723 4090 1833 4143 Καὶ

232 4171 331 4226 ἴνα
366 4171 556 4245 μάθῃς
580 4173 664 4229 ὃτι
689 4172 849 4228 τοῦτό
880 4176 1027 4229 ἐστιν
1060 4174 1282 4247 ἀληθὲς,
1316 4172 1486 4238 αὐτάς
1514 4173 1617 4238 τὰς
1658 4172 1833 4240 λέξεις

233 4255 643 4327 βασανίσωμεν
670 4256 809 4327 μετά
848 4256 1153 4328 ἀκριϐείας.
1195 4255 1381 4311 Εἰπὼν
1409 4255 1520 4329 γὰρ
1543 4254 1835 4325 άνω,Ἐγώ

230 4340 361 4407 εἰμι
409 4339 450 4391 ὁ
478 4338 742 4407 ποιήσας
786 4338 913 4408 φῶς
961 4340 1060 4395 καὶ
1097 4342 1340 4408 σκότος,
1379 4341 1504 4394 τότε
1558 4340 1832 4411 ἐπήγαγε,

232 4420 458 4475 Ποιῶν
474 4420 745 4489 εἰρήνην,
764 4420 879 4477 καί
904 4422 1124 4484 κτίᾰυν³
1140 4423 1318 4479 κακά.
1352 4423 1457 4478 Δύο
1483 4423 1701 4477 ἐναντία
1719 4423 1833 4476 ἀνω

230 4504 490 4566 τέθεικε,
530 4504 626 4558 καὶ
653 4503 749 4560 δύο
771 4506 990 4560 ἐναντία
1033 4507 1172 4577 μετά
1198 4507 1392 4575 ταῦτα,
1418 4507 1505 4561 ἵνα
1539 4506 1720 4579 μάθῃς
1749 4506 1832 4559 δτι

231 4592 297 4644 οῦ
322 4607 403 4644 πε
412 4589 471 4661 ρὶ
491 4590 750 4660 πορνείας
774 4590 945 4660 λέγει,
973 4589 1111 4646 ἀλλά
1133 4592 1262 4664 περὶ
1292 4590 1608 4664 συμφορῶν.
1634 4592 1699 4644 Τί
1723 4589 1833 4661 γάρ

179 4734 202 4745 ,ς
229 4673 833 4747 ἀντιδιαστέλλεταιτῇ
857 4675 1050 4749 εἰρήνῃ
1069 4693 1085 4743 ;
1103 4674 1338 4747 Εὔδηλον
1362 4676 1443 4730 ὅτι
1462 4673 1831 4747 αἰχμαλωσία,

231 4758 345 4811 οὐκ
385 4753 677 4825 ἀσέλγεια,
711 4757 835 4811 οὐδὲ
862 4758 1111 4831 πορνεία,
1138 4758 1260 4812 οὐδὲ
1286 4758 1585 4824 πλεονεξία.
1622 4757 1833 4830 Ὠσπερ

229 4837 335 4896 οὖν
372 4840 646 4914 ἀνωτέρω
677 4842 895 4898 ἐναντία
925 4842 1020 4897 δύο
1048 4842 1316 4906 τέθεικεν,
1344 4841 1487 4897 οὕτω
1533 4840 1600 4912 δὴ
1621 4843 1716 4895 ναὶ
1745 4844 1835 4896 ἐν-

302 4997 322 5020 ³
361 4996 457 5061 Ὡς
476 4996 664 5061 ἅπαντα
699 4996 917 5061 κρατεῖν.
939 4996 1055 5047 [hac
1072 4996 1188 5061 jura
1221 4996 1390 5061 yillala
1430 4995 1662 5061 videnlur
1682 4995 1791 5061 Sav-

232 5058 343 5109 Sc-l
373 5058 483 5107 ιςιιθ
507 5059 677 5129 νῐιὶιξςη
702 5056 1154 5129 estinpincagsixm
1179 5056 1368 5109 laboret
1395 5060 1481 5120 qui
1504 5069 1569 5106 ex
1590 5059 1835 5119 conjectu-

232 5133 292 5170 τι
318 5132 489 5169 υςιιιη
508 5121 772 5170 restituere
796 5121 1079 5171 (enaverit.

583 5967 857 6027 Ρηιιοι..
902 5966 1019 6028 Gn.
1069 5967 1222 6028 LVI.

879 426 946 481 IN
981 423 1187 480 ιιι.υο
1219 420 1446 486 ΙδᾹΙΙΕ,
1481 418 1618 475 EGO
1659 415 1967 475 DOMINUS
2006 412 2184 472 ΒΕυὸ
2215 408 2367 469 FECI
2411 406 2670 477 LUMEN,
2703 406 2857 464 ETC.

3386 404 3409 459 ι
3424 370 3497 461 κε’

1919 533 2095 588 ταῦθα
2118 550 2134 565 ⁸
2163 532 2404 587 ἐναντίον
2434 530 2491 584 δὲ
2516 532 2581 601 τῇ
2610 528 2799 599 εἰρήνῃ
2834 525 2896 580 οῦ
2944 522 3189 596 πορνεία,
3217 521 3339 574 οῦδέ
3379 537 3496 592 μοιο

1921 618 2064 689 χεία,
2095 617 2215 669 οὐδὲ
2239 616 2515 683 ἀσέλγεια,
2543 610 2693 684 [156]
2719 610 2838 663 οὑδέ
2862 610 2916 662 αί
2937 607 3124 661 λοιπαὶ
3144 604 3355 689 κακίαι,
3382 605 3497 658 ἀλλ’

1921 687 2268 770 αἰχμαλωσία
2311 698 2407 751 καὶ
2451 696 2684 748 δουλεία.
2733 692 2873 745 Ἀλλ’
2909 692 3047 762 ὅπερ
3079 691 3171 742 ἐπὶ
3209 687 3319 741 τῶν
3358 704 3500 739 στοι-

1920 783 2085 853 χείων
2146 781 2439 850 πάσχουσι,
2490 777 2651 844 τοῦτο
2695 775 2792 830 καὶ
2835 775 2930 829 ἐπί
2967 774 3076 826 τῶν
3137 770 3497 843 πραγμάτων.

1922 861 2049 918 υἷόν
2086 882 2140 918 τι
2172 865 2343 933 λέγω·
2372 863 2561 935 ὥσπερ
2599 861 2824 932 ἐποίησε
2867 857 2983 928 φῶς
3018 857 3114 910 καὶ
3148 855 3361 916 σκότος,
3404 854 3502 906 καὶ

1925 948 2139 1012 πολλοῖς
2182 948 2243 1001 τὸ
2272 948 2370 1018 μὲν
2413 947 2531 1016 φῶς
2574 947 2676 1016 ἡδί)
2714 944 2862 998 δοκεῖ
2901 937 3063 1002 εἶναι,
3106 939 3168 992 τὸ
3208 938 3266 992 δὲ
3311 937 3501 999 σκότος

1924 1032 2178 1103 ἐπαχθὲς,
2234 1031 2329 1085 καὶ
2372 1029 2719 1084 διαϐάλλουσι
2760 1025 2860 1097 τήν
2913 1024 3081 1079 νύκτα
3127 1022 3203 1086 ὡς
3258 1019 3501 1091 πονηράν

1923 1133 2048 1169 τινα
2080 1110 2277 1169 οὖσαν·
2314 1112 2456 1167 οὕτω
2483 1112 2542 1167 δὲ
2565 1112 2662 1165 καὶ
2691 1112 2784 1164 ἐπὶ
2807 1109 2917 1163 τῶν
2948 1106 3318 1180 πραγμάτων.
3361 1103 3501 1156 Ἀλλ’

1900 1185 2047 1261 ίοῦτε
2086 1206 2187 1277 τὴν
2243 1203 2413 1259 νύκτα
2450 1201 2786 1274 διαϐλητέον.
2841 1200 2961 1255 οὐδὲ
3017 1198 3080 1253 τὸ
3127 1198 3339 1260 σκότος,
3381 1186 3504 1249 οῦδὲ

1922 1290 2110 1355 ἁπλῶς
2135 1291 2235 1361 τὴν
2263 1287 2527 1349 δουλείαν,
2556 1288 2648 1340 καὶ
2695 1285 2795 1356 τὴν
2820 1282 3219 1355 αἰχμαλωσίαν.
3265 1279 3333 1332 Τί
3369 1278 3501 1361 γὰρ,

1924 1373 2045 1428 εἰπέ
2090 1359 2201 1445 μοι,
2232 1372 2436 1444 φαῦλον
2474 1372 2585 1442 ἔχει
2623 1369 2686 1424 τὸ
2726 1368 2951 1433 σκότος;
2984 1365 3107 1437 οὐχὶ
3147 1364 3326 1417 πόνων
3354 1359 3505 1416 ἐστὶν

1923 1457 2262 1521 ἀνάπαυσις;
2291 1457 2413 1527 οὐχὶ
2446 1453 2741 1526 φροντίδων
2759 1452 2971 1517 ἄνεσις;
3007 1450 3127 1520 οὐχὶ
3146 1448 3323 1518 λύπης
3352 1445 3505 1527 ἀναίο

1927 1557 2108 1612 ρεσις;
2137 1518 2258 1610 οὐχὶ
2307 1518 2840 1610 ἰσχύος-προσθήκης
2882 1535 2943 1588 Εἰ
2986 1534 3043 1587 δὲ
3208 1532 3400 1594 σκότος
3433 1518 3503 1600 ἦν

1923 1624 2020 1677 καὶ
2049 1622 2168 1688 νὺξ,
2202 1623 2333 1676 πότε
2378 1621 2446 1676 ἂν
2480 1619 2864 1689 ἀπελαύσαμεν
2899 1616 2993 1671 τοῦ
3041 1615 3257 1685 φωτόςς
3311 1615 3412 1667 οὐκ
3436 1613 3504 1667 ἂν

1924 1705 2189 1776 διεφθάρη
2223 1705 2319 1759 καὶ
2366 1703 2616 1758 ἀπώλετο
2648 1700 2807 1755 τοῦτο
2833 1701 2894 1754 τὸ
2927 1699 3065 1764 ζῶον
3109 1700 3138 1752 ό
3183 1696 3503 1776 ἀνθρωποςζ

1926 1774 2141 1858 Ὥσπερ
2171 1774 2229 1841 δέ
2254 1785 2316 1841 τὸ
2348 1785 2537 1847 σκότος
2573 1785 2719 1838 δοκεί
2766 1782 2864 1855 μὲν
2902 1776 3015 1846 τοῖς
3060 1782 3307 1853 ἀνοήτοις
3362 1774 3504 1831 εἶναι

1927 1871 2120 1935 κακὸν,
2144 1871 2244 1924 οὐκ
2267 1870 2383 1924 ἔστι
2412 1870 2490 1932 δὲ,
2512 1868 2648 1924 ἀλλά
2683 1868 2819 1939 πρὸς
2845 1867 2943 1940 τήν
2978 1865 3188 1937 ἡμέραν
3219 1863 3351 1934 ἡμῖν
3376 1878 3505 1914 συν-

1926 1953 2094 2010 τελεῖ.
2126 1952 2219 2006 καὶ
2245 1954 2382 2025 πρὸς
2419 1953 2516 2016 τάς
2546 1952 2802 2023 ἐργασίας
2833 1952 2892 2005 ἐν
2929 1949 3066 2021 αὐτῇ
3104 1947 3232 2009 τοὺς
3264 1948 3509 1999 ἀναπαυ-
3589 2001 3597 2010 ,

1931 2036 2199 2106 σαμένους
2226 2035 2694 2106 ἐπιτηδειοτέρους
2734 2031 3171 2093 κατασκευάζειδ
3206 2026 3353 2082 οὕτω
3388 2026 3509 2079 οὐδὲ

1930 2118 2278 2188 αἰχμαλωσία
2309 2117 2543 2187 φαῦλον·
2591 2116 2721 2187 περὶ
2756 2112 2825 2187 ἧς
2853 2117 2882 2169 ό
2916 2114 3206 2188 προφήτης
3243 2109 3512 2177 διελέγετο

1930 2186 2126 2270 λέγων,
2172 2198 2228 2253 '0
2262 2186 2450 2255 ποιῶν
2473 2186 2745 2268 ειρήνην,
2776 2186 2875 2251 καί
2922 2186 3133 2257 κτίζων
3158 2192 3316 2248 κακά
3341 2212 3353 2225 ·
3378 2192 3513 2246 ἀλλὰ

1932 2282 2350 2355 χρησιμώτερον
2374 2284 2487 2346 τοῖς
2512 2283 2593 2345 είς
2616 2281 2735 2334 δέον
2763 2279 3068 2350 χρωμένοις
3090 2295 3105 2308 ’
3140 2274 3513 2347 σωφρονεστέ-

1934 2383 2061 2435 ρους
2085 2365 2141 2419 δέ
2169 2366 2264 2419 καὶ
2305 2363 2745 2435 ἐπιεικεστέρους
2771 2364 2916 2417 ποιεῖ
2953 2361 3360 2434 περικόπτουσα
3380 2356 3511 2413 ἀπό-

1932 2466 1990 2502 νο
1997 2466 2101 2503 ιαν.

2013 2530 2339 2585 ’Λδούλωτον
2368 2531 2478 2606 γάρ
2508 2533 2544 2605 ή
2577 2532 2771 2603 ἀρετή,
2816 2530 2911 2583 καὶ
2944 2528 3097 2583 οὐδὲν
3138 2527 3311 2598 αὐτῆς
3354 2542 3510 2597 περι·

1931 2613 2180 2682 γενέσθαι
2202 2614 2404 2669 δύναιτ’
2442 2615 2530 2679 ἀν,
2557 2614 2619 2669 οῦ
2645 2613 2877 2678 δουλεία,
2902 2612 3005 2666 οὐκ
3038 2608 3411 2684 αἰχμαλωσία,
3446 2608 3511 2660 οῦ

1930 2695 2113 2761 πενία,
2145 2696 2206 2750 οῦ
2234 2696 2406 2762 νόσος,
2435 2697 2535 2751 οὐκ
2589 2696 2744 2761 αὐτὸ,
2787 2695 2817 2749 6
2855 2693 3073 2749 πάντων
3112 2689 3509 2765 τυραννικώτε-

1935 2799 2049 2855 ρον,
2080 2781 2110 2834 6
2128 2781 2376 2844 θάνατος.
2413 2780 2524 2836 Καὶ
2549 2780 2798 2852 δηλοῦσιν
2827 2779 3064 2843 ἅπαντες
3096 2778 3146 2832 οί
3165 2777 3340 2831 ταῦτα
3372 2776 3508 2830 ὐπο-

1937 2864 2217 2935 μείναντες
2241 2863 2477 2925 ἅπαντα,
2513 2864 2605 2917 κοιλ⁸
2631 2862 2698 2916 δι’
2721 2862 2899 2917 αὐτῶν
2936 2861 3201 2933 μειζόνως
3244 2857 3510 2929 λάμψαν-

1935 2964 2047 3011 τες.
2072 2945 2149 3017 Τί⁸
2173 2945 2282 3018 γὰρ
2312 2945 2403 3000 τὸν
2447 2946 2645 3018 Ἰωσὴφ
2692 2945 2926 3017 ἔϐλαψεν
2970 2946 3006 3017 ή
3047 2935 3295 3005 δουλείας
3337 2939 3512 3014 (οὐδὲν

1935 3032 2045 3100 γὰρ
2074 3029 2273 3084 κωλύει
2301 3028 2462 3083 πάλιν
2496 3030 2588 3084 τὸν
2640 3029 2805 3085 αὐτὸν
2834 3029 3003 3102 ἀνδρα
3039 3029 3119 3091 εἰς
3165 3027 3331 3099 μέσον
3369 3027 3510 3093 ἀγα-

1935 3116 2053 3184 γεῖν
2076 3112 2115 3184 ο)
2147 3112 2202 3166 τί
2233 3112 2342 3185 γὰρ
2372 3112 2442 3166 τά
2483 3112 2695 3185 δεσμά;
2737 3113 2789 3167 τί
2826 3113 2884 3168 δέ
2928 3114 2986 3167 αἱ
3019 3112 3278 3175 ἀλύσεις;
3307 3108 3360 3163 τί
3394 3109 3451 3163 δὲ
3475 3108 3514 3180 ἡ

1939 3197 2308 3268 συκοφαντίας
2331 3197 2385 3250 τί
2406 3197 2462 3251 δέ
2492 3199 2526 3268 ἠ
2550 3196 2810 3267 ἐπιϐουλή
2833 3213 2848 3260 ς
2882 3195 2936 3249 τί
2964 3196 3021 3249 δὲ
3043 3197 3078 3267 ή
3102 3195 3195 3250 ἐπὶ
3226 3194 3327 3265 τῆς
3353 3191 3511 3247 ἀλλο-

1936 3280 2092 3352 τρίας
2108 3279 2359 3353 διατριϐή
2380 3297 2395 3344 ;
2422 3279 2489 3332 Τί
2517 3279 2608 3333 τὸν
2644 3278 2766 3332 Ἰὼϐ
2783 3281 2817 3350 ή
2846 3277 2955 3332 τῶν
2978 3276 3270 3350 βουκολίων
3295 3275 3389 3330 καὶ
3405 3273 3516 3328 τῶν

1938 3362 2201 3435 ποιμνίων
2229 3362 2529 3434 ἀναίρεσις,
2559 3363 2590 3416 6
2613 3361 2787 3433 βίαιος
2816 3362 2910 3416 καὶ
2934 3362 3112 3433 ἄωρος
3149 3358 3259 3413 τῶν
3301 3357 3512 3412 παίδων

1934 3445 2184 3511 θάνατος,
2221 3446 2255 3514 ἠ
2283 3444 2464 3518 πληγὴ
2491 3444 2585 3499 τοῦ
2616 3444 2884 3517 σώματος,
2911 3446 2968 3499 αἰ
3007 3443 3183 3515 πηγαὶ
3219 3441 3335 3498 τῶν
3365 3457 3516 3495 σκω-

1933 3528 2134 3602 λήκων,
2158 3532 2193 3600 ή
2224 3527 2381 3599 ὀδύνη
2408 3530 2442 3599 ή
2469 3528 2862 3601 ἀκαρτέρητος,
2903 3528 2937 3599 ή
2982 3528 3076 3581 ἐπὶ
3124 3526 3226 3596 τῆς
3277 3523 3516 3595 κοπρίας

1933 3612 2189 3684 καθέδρα,
2220 3612 2254 3683 ἡ
2285 3611 2542 3683 ἐπιϐουλὴ
2587 3611 2687 3682 τῆς
2733 3610 3011 3681 γυναικὸς,
3063 3610 3132 3665 τά
3181 3608 3362 3679 όνείδη
3403 3606 3516 3660 τῶν

1933 3696 2125 3764 φίλων,
2157 3696 2213 3749 αί
2238 3694 2500 3767 λοιδορίαι
2532 3693 2644 3748 τῶν
2680 3694 2942 3760 οἰκετῶν;
2972 3693 3112 3747 Τίδὲ
3147 3693 3237 3746 τὸν
3262 3692 3515 3760 Λάζαρον

1932 3779 1995 3832 τὸ
2025 3781 2082 3833 ἐν
2112 3779 2190 3850 τῷ
2216 3778 2425 3833 πυλῶνι
2455 3778 2693 3842 κεῖσθαι.
2717 3780 2813 3833 καὶ
2831 3780 2952 3843 ταῖς
2984 3777 3255 3847 γλώσσαις
3290 3773 3401 3830 τῶν
3422 3790 3518 3828 κυ-

1935 3862 2043 3916 νῶν
2102 3860 2526 3932 περιλείχεσθαι,
2584 3862 2681 3916 καὶ
2719 3861 2750 3914 ό
2782 3856 2941 3932 λιμὸς’
2981 3862 3010 3915 6
3037 3860 3311 3931 διηνεκὴς,
3345 3858 3440 3912 καὶ
3477 3857 3514 3918 ἠ

1938 3944 2210 4018 ὑπεροψία
2255 3945 2352 3998 τοῦ
2395 3944 2672 4009 πλουσίου,
2718 3947 2811 3998 καὶ
2857 3943 2929 3998 τά
2973 3943 3284 4015 τραύματα,
3338 3941 3435 3995 καὶ
3476 3942 3513 4010 ἡ

1938 4029 2091 4091 νόσος
2122 4030 2156 4099 ή
2186 4028 2482 4099 ἀφόρητος.
2515 4029 2610 4082 καὶ.
2635 4029 2668 4097 ὴ
2699 4027 2904 4098 ἐρημία
2933 4027 3045 4080 τῶν
3074 4026 3514 4098 προϊσταμένων.

1939 4113 2034 4166 καί⁵
2064 4113 2096 4182 ή
2129 4110 2402 4181 ὑπεροψία.
2439 4111 2545 4165 τῶν
2583 4108 2953 4180 βοηθούντωνς
2980 4109 3047 4162 Τί
3076 4108 3134 4162 δὲ
3166 4108 3257 4162 τὸν
3301 4106 3515 4161 Παῦλον

1940 4197 1995 4249 αἱ
2020 4194 2237 4261 νιφάδες
2258 4192 2480 4248 ἐκείνων
2496 4193 2604 4246 τῶν
2626 4190 3036 4262 δεσμωτηρίων,
3055 4190 3164 4244 τῶν
3177 4189 3514 4258 ἀπαγωγῶν,

1940 4277 2050 4331 τῶν
2079 4277 2346 4342 θανάτων,
2382 4276 2492 4331 τῶν
2522 4272 3129 4343 καταποντισμῶν,τῶν
3153 4271 3355 4328 λοιπῶν
3395 4288 3518 4326 πει-

1944 4358 2188 4431 ρασμῶν,
2232 4359 2300 4425 ἃς
2352 4358 2474 4413 οὐδὲ
2515 4358 2660 4430 λόγῳ
2720 4357 3083 4430 ἐξαριθμῆσαι
3148 4356 3261 4426 Evn;
3329 4356 3519 4412 Ταῦτα

1940 4441 2157 4497 ἅπαντα
2199 4441 2669 4513 ἀναλογισάμενοι,
2714 4441 2913 4496 κακίαν
2953 4439 3263 4512 φεύγωμεν,
3312 4440 3515 4515 ἀρετὴν

1939 4523 2249 4597 διώκωμεν·
2281 4525 2375 4579 καὶ
2407 4524 2694 4597 εὐχώμεθα
2735 4525 2834 4595 μὲν
2869 4523 2944 4596 μὴ
2973 4525 3231 4579 εἰσελθεῖν
3263 4526 3345 4589 εἰς
3390 4541 3514 4578 πει-

1944 4609 2184 4681 ρασμόν·
2223 4609 2273 4662 εἰ
2307 4608 2364 4665 δέ
2396 4626 2524 4663 ποτε
2560 4608 2913 4679 ἐμπέσωμεν,
2947 4607 3023 4680 μὴ
3057 4609 3329 4681 ἀλύωμεν,
3377 4607 3515 4680 μηδέ

1938 4689 2379 4764 δυσχεραίνωμεν
2393 4706 2406 4720 ’
2430 4691 2647 4761 καὶγὰρ
2673 4690 2814 4745 ὅπλα
2849 4691 2967 4745 ἐστὶ
2987 4692 3162 4746 ταῦτα
3183 4691 3386 4763 ἀρετῆς
3400 4691 3516 4752 τοῖς

1939 4775 2017 4837 είς
2040 4773 2158 4829 δέον
2189 4772 2514 4846 χρωμένοις,
2546 4773 2642 4828 καὶ
2664 4772 3005 4846 δυνησόμεθα
3031 4774 3121 4829 διὰ
3162 4774 3380 4828 πάντων
3420 4771 3516 4826 εῦ-

1937 4857 2051 4910 δοκι
2059 4859 2180 4928 μεῖν
2200 4856 2293 4909 ἐὰν
2318 4857 2598 4928 νήφωμεν,
2620 4856 2714 4910 καὶ
2738 4857 2847 4911 τῶν
2873 4855 3107 4910 αἰωνίων
3131 4855 3353 4924 ἀγαθῶν
3372 4855 3513 4909 ἀπο-

1954 4935 2165 4994 ὶαῦσαν
2202 4931 2279 4992 ὧν
2304 4940 2514 5006 γένοιτο
2545 4938 2752 5003 πάντας
2787 4940 2934 5010 ἡμᾶς
2964 4939 3243 5011 ἐπιτυχεῖν
3274 4940 3333 4994 ἐν
3371 4939 3511 5012 Χρι-

1944 5021 2053 5093 στῷ
2100 5020 2276 5090 Ἰησοῦ
2331 5021 2412 5091 τῷ
2459 5021 2648 5092 Κυρίῳ
2703 5022 2879 5091 ήμῶν,
2909 5017 2955 5092 ᾧ
3004 5025 3038 5094 ή
3089 5023 3213 5089 δόξα
3264 5025 3344 5087 εἰς
3384 5022 3512 5093 τοὺς

1941 5104 2146 5169 αἰῶνας
2167 5104 2275 5157 τῶν
2301 5104 2531 5159 αἰώνων.
2583 5106 2636 5157 ’Δ
2647 5108 2775 5176 μήν.

3078 5933 3158 5998 10
