4048 6208
1058 279 1121 332 li‘s'
1168 279 1395 347 ILLUD,
1435 282 1716 349 l)0MlNE,
1762 285 1803 339 Ν

1941 288 2070 343 EST
2112 289 2176 344 IN
2219 291 2498 358 llOMlNE,
2555 293 2704 354 ETC.
3412 303 3510 357 liii

253 493 311 504 “
1593 504 1596 508 ”

254 494 2724 536 ,αππδωεπε-ππ--η-ιῇπ---ηῃ--κμν---η-
2741 523 3480 545 ν--α-σιυ--τ--τπ-

1919 531 2465 543 -ωηδανμ---ςο--η-----ο-σ
2501 538 2546 542 -_
2599 538 2638 543 _.«
2703 538 2730 544 ..-
2767 540 2776 544 -
2827 537 2834 543 θ
2861 533 3244 545 ...ρῳ-...σο

993 834 1342 908 DOMlNE,
1381 837 1542 898 NON
1578 838 1721 898 EST
1751 841 1830 900 IN
1867 841 2185 903 ΗΟΜΙΝΕ
2221 844 2356 908 ΠΛ
2390 845 2599 916 EJL'S,
2636 865 2768 910 mc.

243 1081 395 1136 ἰδεῖν.
436 1081 609 1135 Τοῦτο
646 1085 750 1154 μὲν
782 1087 891 1160 γὰρ
929 1089 1038 1144 ἀπὸ
1066 1092 1175 1144 τῶν
1230 1092 1477 1148 παλαιᾶν
1511 1097 1972 1166 παραδειγμάτων
2025 1099 2188 1152 αὑτοί
2221 1101 2488 1163 (fortassis
2535 1103 2754 1172 αὐτοὺς)
2789 1103 3022 1174 ἐλέγχει,
3065 1105 3137 1168 ὡς
3190 1107 3316 1158 ὅταν
3349 1106 3505 1176 λὲγη,

249 1195 386 1248 Ἰδοὺ
413 1195 515 1259 τὰς
541 1197 696 1262 ὁδούς
730 1217 826 1254 σου
853 1203 912 1254 ὲν
937 1203 1016 1273 τῷ
1049 1204 1411 1277 πολυανδρίῳ,
1442 1208 1537 1259 κιὶ
1566 1208 1632 1259 τὰ
1664 1208 1808 1277 ἑξῆς.
1846 1229 1864 1260 ι

312 1327 440 1383 llmc
468 1331 536 1385 de
565 1332 876 1404 huiusmodi
906 1335 1353 1407 Commentariis,
1396 1341 1485 1404 qui
1517 1343 1765 1399 Consulto
1803 1346 2148 1413 praetermissi
2177 1357 2322 1401 sunt.
2369 1347 2491 1401 ll;ec
2520 1358 2699 1402 autem
2727 1349 2946 1404 ltotuilia
2981 1351 3030 1407 iu
3067 1353 3242 1406 locum
3265 1353 3506 1411 .leretnm

237 1465 461 1533 optima:
483 1478 626 1525 nota:
649 1479 753 1533 cst.
777 1472 998 1544 suisque
1021 1491 1080 1532 se
1108 1475 1321 1532 indiciis
1347 1479 1528 1548 prodit
1556 1496 1677 1535 esse
1724 1482 2118 1554 Chrysostouti.
2153 1487 2288 1544 Nam
2334 1489 2435 1544 sub
2489 1488 2701 1544 initium
2751 1490 2823 1544 ait
2865 1505 2922 1544 sc
2957 1506 3131 1560 nuper
3165 1491 3233 1545 dc
3267 1490 3411 1546 l’etri
3459 1506 3512 1548 et

238 1604 388 1660 Pauli
413 1611 788 1666 controversia
825 1614 1021 1690 egisse,
1070 1626 1362 1694 posteaque
1389 1636 1448 1675 se
1481 1622 1620 1680 beati
1656 1625 1922 1682 Eustathii
1973 1628 2243 1696 przeeonia
2277 1646 2528 1686 sermone
2565 1634 2905 1704 complexum
2936 1652 3076 1704 esse,
3131 1650 3294 1710 atque
3319 1640 3512 1696 deinde

239 1741 295 1796 S.
341 1741 574 1800 Romani
629 1749 880 1818 martyris
919 1751 1107 1807 laudes
1137 1756 1508 1823 percurrisse:
1545 1755 1701 1828 queis
1735 1757 2004 1815 indicatur
2035 1761 2174 1817 hanc
2205 1764 2521 1822 concionem
2547 1769 2845 1824 secundum
2904 1771 3020 1826 illas
3050 1789 3242 1830 omnes
3271 1777 3510 1833 habitam

238 1879 425 1936 fuisse.
482 1883 537 1938 la
564 1888 706 1942 nulla
735 1907 896 1962 porro
921 1907 1107 1946 earum
1146 1894 1271 1950 anui
1301 1903 1426 1948 nota
1462 1896 1546 1951 vel
1577 1896 1800 1952 minima
1832 1909 2131 1969 comparet.
2166 1901 2330 1973 ldquc
2356 1906 2532 1961 solum
2565 1909 2836 1975 novimus,
2865 1927 2957 1965 eas
2983 1929 3174 1968 omnes
3212 1916 3509 1972 Antiochiae

238 2019 338 2074 hab
364 2030 451 2076 tas
483 2023 672 2084 fuisse.
709 2026 905 2098 Agitur
935 2029 1025 2085 hic
1051 2031 1120 2086 de
1149 2031 1239 2088 illo
1267 2032 1534 2089 versiculo
1564 2033 1833 2100 Ieremia),
1865 2034 2108 2102 Domine,
2154 2055 2256 2096 non
2287 2050 2360 2097 est
2385 2041 2439 2096 in
2487 2043 2691 2098 homine
2721 2045 2804 2098 via
2835 2047 2969 2115 ejus,
3003 2065 3166 2116 neque
3203 2050 3356 2103 homo
3393 2052 3505 2115 ibit,

235 2169 280 2212 et
311 2161 506 2230 dirich
536 2180 772 2234 gressum
795 2183 968 2222 suum.
1013 2167 1086 2222 Ex
1115 2169 1315 2239 quibus
1361 2171 1542 2226 verbis
1584 2173 1801 2242 quidam
1851 2175 2191 2229 occasionem
2226 2179 2517 2247 captabant
2547 2181 2700 2234 liberi
2746 2185 2964 2241 tollendi
3012 2189 3240 2242 arbitrii.
3268 2190 3377 2244 llos
3406 2207 3505 2262 pro

235 2306 370 2359 virili
401 2307 657 2360 confutat
695 2307 752 2360 S.
788 2308 998 2364 doctor.

303 2442 691 2515 Interpretatio
726 2444 915 2500 Latina
955 2457 1038 2501 est
1077 2447 1368 2504 Frontonis
1399 2447 1600 2504 Ducaei.

254 2921 313 2964 11
362 2919 576 2964 ιοίῖυδι
622 2917 817 2960 ιιιωι
864 2915 1210 2958 PROPHETE
1253 2915 1572 2971 JEREMIE,
1619 2917 1889 2973 DOMINE,
1939 2917 2062 2962 NON
2107 2919 2219 2962 EST
2262 2920 2326 2963 IN
2371 2922 2622 2966 HOMINE
2667 2925 2770 2969 VIA
2818 2903 3008 2983 EJL'S,
3064 2927 3272 2981 NEQUE
3323 2931 3500 2974 HOMO

988 3025 1142 3082 IBIT,
1188 3025 1267 3066 ιετ
1309 3023 1572 3067 marem
1619 3022 1904 3067 Gaessuu
1933 3022 2104 3066 suum
2149 3004 2237 3087 (α)
2285 3003 2441 3088 (Jer.
2490 3009 2587 3069 10.
2632 3009 2760 3092 23).

1797 3170 1959 3225 eos

1518 3191 1794 3208 *-

291 3344 342 3395 t.
373 3339 548 3409 llujus
585 3338 850 3393 sensibilis
877 3338 1207 3408 publicchue
1237 3338 1337 3393 via:
1365 3347 1542 3408 partes
1567 3337 1812 3409 quaedam

223 3433 394 3501 planum
420 3429 638 3498 quidem
671 3438 793 3484 sunt
817 3442 879 3482 ac
904 3428 1081 3493 lteves,
1112 3427 1352 3496 quaedam
1375 3444 1504 3483 vero
1527 3437 1812 3500 pratrupta:

219 3535 378 3593 atque
423 3537 665 3591 asperae;
713 3520 792 3574 sic
830 3531 885 3575 et
927 3519 1216 3589 Scriptura:
1260 3535 1428 3576 sacrae
1467 3531 1648 3592 partes
1692 3520 1812 3576 alia:

218 3625 346 3669 sunt
370 3631 438 3668 ex
467 3629 528 3668 se
555 3613 800 3667 omnibus
826 3613 1096 3668 intellectu
1135 3613 1348 3680 faciles,
1392 3613 1513 3668 alia:
1553 3613 1810 3682 majorem

217 3708 552 3777 diligentiam
593 3721 657 3760 ac
685 3705 918 3762 laborem
960 3707 1258 3776 requirunt.
1305 3708 1382 3766 Ac
1421 3721 1520 3761 nos
1557 3707 1804 3776 quidem,

217 3817 337 3854 eum
379 3816 476 3868 per
509 3797 778 3867 planitiem
821 3798 1113 3868 lzevemque
1155 3798 1296 3852 viam
1342 3798 1671 3863 incedimus,
1714 3814 1810 3854 ne-

217 3907 369 3944 (esse
402 3907 509 3944 non
539 3898 637 3954 est,
673 3898 727 3943 ut
755 3888 1038 3944 admodum
1066 3891 1249 3944 attenti
1280 3891 1487 3946 simus:
1527 3906 1649 3946 cum
1681 3905 1808 3945 vero

217 3999 309 4053 per
329 3997 580 4052 asperam
605 3989 657 4035 et
681 3991 979 4051 angustam,
1003 3997 1227 4052 quicque
1245 3995 1304 4036 se
1331 3981 1394 4035 ad
1419 3982 1589 4050 ipsum
1609 3983 1808 4038 montis

212 4089 475 4127 cacumen
502 4071 774 4136 extendat,
802 4081 856 4128 et
882 4072 1186 4142 praecipitiis
1203 4073 1433 4144 undique
1453 4071 1803 4128 circumclusa

214 4168 318 4230 sit,
372 4178 485 4219 tum
515 4166 658 4236 vigili
682 4174 862 4221 mente
892 4165 1043 4220 nobis
1069 4181 1202 4236 opus
1225 4175 1308 4222 est
1327 4207 1343 4231 ,
1379 4181 1501 4222 eum
1533 4166 1632 4220 loci
1661 4166 1803 4221 difﬁ-

212 4260 386 4313 cultas
413 4268 629 4327 torpere
658 4275 761 4312 non
808 4259 969 4313 sinat.
1014 4259 1368 4327 Qltantumvis
1406 4259 1550 4314 enim
1595 4259 1804 4315 modico

212 4353 330 4420 quis
356 4351 692 4419 negligenter
710 4350 952 4419 aspiciat,
980 4350 1023 4403 si
1054 4350 1226 4407 solum
1252 4366 1344 4419 pes
1365 4351 1690 4420 prolabatur,
1719 4359 1801 4404 to-

213 4454 321 4496 tum
352 4456 557 4514 corpus
581 4441 633 4496 iu
662 4457 902 4512 prteccps
931 4442 1075 4507 ruit,
1126 4452 1180 4498 et
1221 4445 1264 4497 si
1295 4443 1346 4497 in
1386 4444 1576 4498 vallem
1627 4445 1801 4514 capite

215 4538 468 4592 inclinato
500 4534 836 4604 despexerit,
876 4536 1206 4590 tenebricoso
1232 4546 1514 4610 correptus
1544 4539 1800 4609 vertigine

211 4629 551 4683 drturbatur.
577 4626 668 4682 Sie
693 4637 746 4682 et
773 4627 823 4681 in
855 4626 1128 4698 Scriptura
1154 4627 1329 4682 divina
1349 4629 1590 4699 quautam
1619 4629 1800 4686 faciles

212 4730 332 4773 sunt
359 4735 424 4774 ac
457 4719 633 4788 planze
656 4720 934 4773 sententia
954 4761 968 4783 ,
1000 4734 1132 4789 quas
1161 4719 1277 4775 sine
1303 4720 1482 4777 labore
1513 4721 1636 4777 licet
1678 4739 1798 4791 ρετ-

214 4826 427 4866 currere
462 4829 477 4865 :
509 4809 750 4880 qua-dam
775 4810 1074 4880 asperiores
1100 4819 1155 4864 et
1182 4822 1493 4881 prteruptm,
1537 4829 1668 4884 quas
1693 4831 1797 4870 non

216 4905 279 4956 ita
308 4904 462 4958 facile
491 4902 648 4957 fuerit
688 4918 982 4972 permeare.
1015 4903 1300 4974 Propterea
1333 4906 1517 4974 vigiles
1542 4916 1595 4962 et
1623 4917 1796 4962 atten-

217 5005 292 5050 tos
313 5011 434 5052 esse
461 5006 687 5051 cunctos
713 5005 955 5065 oportet,
986 4996 1110 5050 dum
1141 4997 1403 5067 ejusmodi
1435 4999 1547 5053 loca
1577 5015 1796 5070 percur-

215 5089 375 5142 rimus
399 5129 416 5153 ,
459 5103 529 5142 ne
574 5087 627 5140 in
671 5101 937 5142 summum
966 5089 1151 5143 salutis
1183 5090 1471 5146 discrimen
1502 5093 1794 5148 veniamus.

218 5176 413 5234 Idcirco
444 5193 545 5232 nos
571 5178 838 5233 interdum
867 5180 918 5233 in
962 5179 1291 5236 facilioribus
1329 5197 1424 5236 vos
1459 5199 1792 5250 exercemus,

218 5284 608 5340 nonnumquam
631 5269 697 5324 ad
727 5269 1022 5326 difﬁciliora
1044 5271 1379 5340 deducimus,
1405 5282 1535 5329 utet
1561 5275 1792 5333 laborem

215 5362 448 5421 leremus
472 5406 488 5428 ,
525 5373 581 5421 et
607 5367 980 5437 negligentiam
1019 5372 1365 5427 excutiamus.
1410 5371 1477 5428 Ut
1520 5374 1661 5428 enim
1704 5375 1792 5444 qui

216 5470 419 5528 semper
447 5457 750 5513 facilitatem
779 5461 1144 5530 experiuntur,
1171 5464 1506 5520 remissiores
1527 5467 1659 5520 liuut
1685 5485 1695 5519 :
1723 5468 1790 5522 i'a

272 5612 342 5677 (ρ)
373 5612 560 5677 adlata
583 5627 693 5677 cum
716 5612 832 5665 Cod.
859 5622 974 5677 Reg.
997 5616 1136 5677 εδιδ,
1154 5630 1328 5673 etcum
1352 5622 1648 5675 Colbcrtinis
1673 5623 1793 5675 1050

220 5684 267 5748 et
286 5675 421 5748 r115.
453 5675 506 5748 lu
531 5675 669 5748 titulo
823 5677 915 5748 has
926 5675 1094 5744 voces,
1116 5675 1330 5748 gressum
1348 5698 1510 5744 suum,
1536 5685 1637 5735 haec
1660 5685 1791 5735 addit

223 5737 426 5799 tardius,
452 5746 497 5788 et
521 5737 700 5800 diriget
722 5737 844 5787 riam
867 5737 988 5800 dus.

1919 3336 2008 3405 qui
2038 3347 2299 3406 perpetuo
2326 3336 2390 3392 ad
2420 3337 2689 3407 asperiora
2720 3336 3129 3406 pertrahuntur,
3161 3337 3396 3394 animum
3425 3338 3503 3392 la-

1917 3427 2048 3483 bore
2087 3427 2361 3500 defatigati
2411 3427 2765 3498 despondent.
2814 3428 3072 3496 Quocirca
3117 3429 3338 3482 mixtum
3387 3445 3505 3484 esse

1917 3529 2129 3589 oportet
2156 3519 2414 3576 doctrina:
2441 3535 2608 3590 genus
2627 3562 2641 3584 ,
2690 3529 2745 3576 et
2791 3536 2931 3576 nunc
2961 3519 3172 3590 quidem
3203 3519 3331 3586 hoc,
3363 3537 3504 3576 nunc

1916 3618 2097 3666 autem
2137 3609 2264 3666 illud
2294 3619 2563 3673 tractare,
2607 3621 2663 3664 ut
2704 3626 2877 3680 neque
2907 3625 3058 3666 meus
3104 3612 3239 3665 ultra
3285 3611 3499 3665 modum

1915 3702 2221 3768 relaxetur,
2271 3719 2444 3774 neque
2485 3720 2670 3760 rursus
2710 3705 2830 3773 plus
2855 3719 3012 3774 quam
3044 3719 3141 3774 par
3178 3713 3258 3759 cst
3302 3704 3499 3759 intenta

1915 3793 2189 3864 frangatur
2207 3836 2222 3857 ,
2248 3803 2306 3850 et
2338 3795 2609 3852 laboribus
2637 3795 2921 3866 defatigata
2949 3794 3182 3851 deficiat.
3214 3796 3500 3864 Propterea

1915 3899 2084 3952 nuper
2108 3898 2232 3940 cum
2255 3883 2325 3941 de
2360 3884 2521 3941 Petro
2547 3895 2601 3940 et
2627 3886 2791 3942 Paulo
2826 3886 3263 3946 disseruisscmus
3303 3889 3320 3958 (
3346 3887 3500 3942 Temo

1913 3971 2034 4038 III,
2060 3973 2161 4028 col.
2179 3975 2276 4030 571
2303 3973 2462 4046 sqq.),
2491 3984 2544 4030 et
2564 3973 2634 4030 dc
2658 3985 2838 4031 exorta
2869 3976 3008 4032 inter
3035 3977 3178 4047 ipsos
3205 3977 3500 4034 Antiochia:

1911 4064 2275 4120 controversia
2300 4106 2314 4129 ,
2360 4078 2694 4136 pugnamque
2726 4065 2868 4120 illam
2895 4107 2909 4130 ,
2943 4067 3225 4136 quaeinter
3257 4080 3350 4121 eos
3379 4082 3498 4124 csse

1910 4151 2228 4220 videbatur,
2280 4171 2410 4226 pace
2452 4158 2640 4224 quatis
2671 4157 2935 4211 utiliorem
2980 4155 3132 4210 vobis
3175 4157 3498 4214 ostendisse-

1911 4263 2030 4304 mus
2053 4291 2070 4316 ,
2110 4263 2342 4320 cumque
2380 4249 2446 4305 ad
2483 4259 2802 4320 prmruptam
2839 4259 2892 4305 ct
2920 4265 3163 4320 asperam
3207 4265 3304 4305 vos
3353 4252 3494 4306 illam
3543 4277 3567 4297 ο

1910 4339 2050 4396 viam
2091 4340 2495 4398 deduxissemus
2523 4357 2543 4396 :
2578 4342 2829 4412 quoniam
2873 4341 3186 4412 defatigatus
3233 4343 3490 4408 vidimus,

1909 4432 2151 4502 sequenti
2194 4432 2280 4487 die
2319 4433 2386 4488 ad
2413 4433 2558 4487 aliud
2585 4443 2954 4502 argumentum
2999 4449 3093 4488 vos
3135 4433 3491 4498 tratluximus,

1906 4523 2035 4578 dum
2077 4523 2218 4580 beati
2265 4523 2526 4580 Eusmthii
2565 4527 2830 4597 prmconia
2876 4526 3244 4590 narravimus.
3294 4537 3494 4596 etpost

1908 4613 2055 4672 illum
2107 4619 2358 4685 generosi
2415 4617 2665 4688 martyris
2707 4616 2932 4672 Romani
2990 4618 3172 4672 laudes
3222 4619 3491 4686 pereurri—

1905 4721 2024 4760 ntus
2052 4703 2197 4778 (α),
2233 4721 2352 4762 cum
2394 4707 2648 4762 illustrius
2678 4707 2831 4761 nobis
2858 4707 3050 4762 factum
3081 4717 3164 4763 est
3191 4708 3453 4765 theatrum
3474 4751 3489 4776 ,

1905 4797 2132 4868 amplior
2157 4799 2464 4869 applansus,
2495 4813 2558 4854 ac
2587 4798 2758 4869 major
2784 4800 3037 4870 strepitus
3058 4799 3485 4856 acclamanlium.

1905 4889 1975 4946 Ut
2001 4891 2143 4948 enim
2175 4891 2218 4945 si
2249 4892 2369 4961 quis
2395 4891 2481 4945 ubi
2508 4890 2750 4946 defessus
2781 4889 2956 4956 fuerit,
2987 4890 3181 4946 deinde
3208 4891 3259 4946 in
3284 4900 3490 4962 pratum

1907 4980 2266 5050 ingrediatur,
2298 4980 2525 5050 gaudet,
2559 4995 2620 5036 ac
2655 4980 2971 5047 delectatur,
3005 4981 3130 5037 dum
3169 4983 3298 5038 nihil
3337 4999 3490 5052 aspe-

1905 5086 2044 5135 rum,
2073 5071 2202 5126 uibil
2233 5072 2513 5128 molestum
2542 5071 2804 5136 intuetur,
2837 5070 2929 5126 sed
2957 5073 3362 5139 recreationcm,
3393 5091 3488 5127 vo-

1902 5162 2181 5233 luptatem,
2205 5178 2267 5218 ac
2289 5162 2507 5219 delicias
2534 5162 2726 5218 multas
2753 5180 2765 5217 :
2795 5162 2872 5218 sic
2901 5173 2953 5218 ct
2977 5178 3070 5219 vos
3095 5173 3207 5220 tum
3236 5165 3492 5235 temporis

1902 5255 2077 5311 aliecti
2108 5255 2272 5309 eratis
2296 5295 2311 5318 ,
2342 5253 2469 5308 dum
2498 5262 2615 5329 post
2654 5253 2864 5310 labores
2911 5255 3032 5309 illos
3059 5269 3122 5310 ac
3143 5255 3491 5310 diﬂicultates

1903 5346 2177 5402 conciouis
2225 5346 2403 5414 illius,
2451 5355 2720 5417 tamquam
2772 5346 2824 5401 in
2874 5356 3082 5417 pratum
3123 5344 3402 5417 quoddam
3427 5354 3481 5392 In

1903 5447 2196 5509 martyrum
2225 5438 2409 5495 laudes
2449 5439 2703 5509 ingrcssi,
2749 5440 2912 5494 multa
2939 5455 3060 5494 cum
3091 5438 3482 5509 tranquillitate

1905 5532 2007 5586 illis
2029 5546 2124 5585 vos
2151 5531 2360 5588 deliciis
2383 5533 2710 5605 explevistis.
2741 5533 2855 5590 Non
2881 5534 3022 5588 enim
3053 5540 3162 5587 tum
3189 5539 3341 5585 crant
3365 5544 3486 5600 prco

2283 5690 2344 5799 {Si
2366 5689 2431 5741 dc
2453 5697 2498 5740 S.
2539 5690 2783 5741 Eustathlo
2820 5693 2872 5740 et
2896 5687 2961 5736 de
2983 5695 3031 5738 S.
3063 5694 3268 5742 Romano
3295 5687 3490 5734 sermo-

2333 5765 2381 5799 e.

2253 5765 2381 5801 \‘tue.

1959 5687 2035 5748 (α)
2069 5693 2160 5736 Pan

1899 5762 1990 5798 ucs
2011 5756 2158 5798 ‘romo
2183 5749 2198 5799 l
