4048 6208
581 387 702 448 ’158

587 500 875 557 hensiones
902 509 965 551 ac
992 490 1161 549 mutui
1188 502 1356 545 nexus
1375 529 1391 555 ,
1423 500 1598 558 neque
1622 485 1781 541 lucta:
1825 497 1892 537 ac
1935 479 2167 537 declina-

571 593 761 646 tiones
789 584 1038 658 (a),sed,
1064 581 1277 639 nemine
1297 579 1627 644 obluctante,
1654 575 1768 631 sola
1792 571 2059 644 expedita,
2087 584 2175 626 so-

587 684 696 738 luta
741 688 795 736 et
839 677 1005 733 libera
1052 674 1226 730 oratio
1261 669 1592 728 decerlahat.
1656 666 1862 722 ldcirco
1903 673 2078 718 autem
2120 669 2176 717 et

587 771 844 828 illustrior
869 776 1004 834 erat,
1027 774 1083 823 et
1107 765 1273 821 sacris
1298 759 1648 818 conventibus
1671 757 1866 828 aptior,
1891 753 2174 824 majorem-

581 878 690 934 que
719 860 930 916 laudem
957 855 1286 929 reportabat.
1313 853 1448 909 Cum
1469 851 1612 908 enim
1639 865 1722 916 ea,
1752 863 1874 918 quae
1903 846 2172 908 dicuntur,

585 971 710 1012 cum
738 952 989 1008 facilitate
1013 963 1167 1005 mens
1193 945 1497 1002 auditorum
1530 941 1850 1012 assequitur,
1883 937 2048 992 multa
2076 950 2171 988 vn-

595 1047 788 1116 luptate
816 1040 1052 1114 perfusa,
1081 1037 1149 1094 ad
1176 1035 1612 1093 acclamationem
1638 1039 1694 1088 et
1713 1028 1924 1086 laudem
1946 1025 2175 1082 oraturi.

581 1136 878 1193 excitatur.
916 1129 1142 1202 Quando
1183 1129 1342 1200 igitur
1363 1124 1575 1182 abunde
1603 1136 1698 1179 vos
1731 1121 1818 1177 his
1859 1118 2051 1175 diebus
2090 1131 2175 1172 re-

587 1226 913 1291 creavimus,
945 1237 1117 1295 neque
1141 1221 1425 1276 molestum
1453 1225 1547 1272 aut
1571 1228 1735 1287 grave
1761 1211 2051 1284 quidquam
2079 1223 2175 1264 ve-

587 1329 717 1375 strae
758 1317 1055 1390 obiecimus
1105 1313 1352 1379 caritati,
1394 1325 1494 1382 age
1543 1323 1729 1365 rursus
1774 1305 1933 1362 hodie
1972 1318 2070 1360 vos
2106 1303 2175 1359 ad

579 1411 825 1483 priorem
851 1407 1290 1464 exercitationem
1317 1403 1677 1468 traducamus,
1701 1407 1757 1456 et
1798 1397 1868 1454 ad
1894 1397 1982 1454 illa
2023 1395 2176 1453 Scri-

576 1511 763 1574 tptura:
789 1499 1025 1557 difficilia
1051 1499 1190 1566 loca,
1218 1511 1338 1569 qua:
1365 1494 1528 1550 multa
1556 1492 1794 1564 indigent
1835 1487 2153 1546 animadver-

589 1594 772 1661 sione,
805 1593 1185 1649 transferamus
1205 1631 1222 1660 ,
1264 1603 1373 1645 non
1413 1596 1474 1643 ut
1505 1586 1686 1642 labore
1710 1598 1806 1640 vos
1837 1582 2136 1653 aflligamus
2157 1620 2174 1646 ,

592 1683 686 1744 scd
715 1691 772 1740 ut
799 1695 1173 1746 exerceamus,
1202 1694 1308 1752 quo
1334 1677 1548 1750 possitis
1579 1676 1694 1732 lucc
1720 1675 1881 1731 etiam
1910 1673 2028 1729 loca
2052 1687 2176 1728 cum

590 1774 877 1832 securitate
914 1787 1248 1843 percurrere.
1294 1770 1365 1827 Ut
1403 1783 1532 1840 ergo
1570 1775 1681 1823 tum
1729 1763 1984 1836 temporis
2024 1763 2176 1818 initio

591 1865 805 1936 quidem
846 1879 1021 1935 pugna
1051 1862 1293 1935 quadam
1329 1875 1450 1918 esse
1486 1872 1549 1914 ac
1591 1857 1863 1913 contentio
1893 1854 2173 1911 videbatur

590 1956 976 2028 apostolorum,
994 1964 1273 2026 postquam
1293 1961 1470 2008 autem
1492 1949 1742 2020 scopulos
1763 1947 1880 2004 illos
1910 1960 2172 2002 conscen-

573 2048 800 2113 dimus,
832 2061 1046 2102 sursum
1076 2044 1270 2102 deinde
1291 2043 1524 2114 Spiritus
1558 2039 1787 2096 fructum
1830 2038 2134 2110 aspeximus
2157 2076 2174 2103 ,

571 2139 864 2194 caritatem
889 2180 904 2203 ,
934 2137 1182 2208 gaudium
1202 2175 1220 2204 ,
1260 2149 1445 2207 pacem
1476 2131 1628 2204 (Gal.
1661 2133 1718 2188 5.
1748 2127 1879 2202 22),
1910 2139 1968 2187 et
2002 2143 2177 2200 neque

590 2231 786 2298 inanis,
819 2246 993 2302 neque
1019 2242 1450 2300 supervacaneus
1480 2226 1577 2281 fuit
1597 2225 1746 2280 labor
1766 2232 1969 2292 noster,
2001 2223 2093 2279 sed
2120 2222 2175 2278 in

579 2323 836 2379 =l;rtitiam
859 2322 1016 2377 desiit
1039 2338 1052 2376 :
1075 2321 1154 2376 sic
1178 2329 1233 2376 et
1255 2319 1413 2375 hodie
1437 2328 1730 2374 vestrarum
1761 2330 1977 2386 precum
2001 2314 2175 2370 subsi-

570 2413 681 2468 dio
710 2414 879 2468 fretus
910 2411 1145 2466 futurum
1171 2409 1386 2466 confido
1405 2449 1422 2476 ,
1459 2416 1540 2474 ut,
1571 2406 1618 2462 si
1645 2406 1908 2477 patienter
1926 2413 1981 2460 et
2009 2405 2173 2460 multa

571 2520 709 2561 'cum
736 2504 1013 2560 tolerantia
1044 2501 1370 2574 propositum
1397 2499 1550 2554 nobis
1573 2499 1672 2554 iter
1689 2497 2062 2566 conﬁciamus,
2091 2505 2173 2552 at-

569 2611 693 2667 ~qne
716 2594 784 2650 ad
813 2595 983 2665 ipsum
1011 2607 1266 2650 cacumen
1289 2588 1581 2645 ascendere
1607 2588 1892 2660 possimus,
1921 2586 2031 2643 illic
2058 2601 2174 2642 om-

589 2689 676 2742 nia
704 2688 859 2756 plana
885 2725 899 2751 ,
928 2685 1082 2740 laevia
1106 2723 1122 2750 ,
1167 2695 1442 2752 pronaque
1467 2680 1820 2753 reperiamus.
1852 2678 1990 2749 Quid
2016 2679 2174 2751 igitur

587 2781 695 2850 jam
727 2777 882 2832 nobis
908 2787 990 2832 est
1032 2774 1400 2846 propositum?
1434 2773 1587 2843 Quod
1616 2772 1777 2830 hodie
1818 2788 1884 2829 ex
1911 2773 2172 2843 propheta

576 2870 788 2925 ~lcctum
814 2875 897 2924 est
927 2885 941 2922 :
967 2866 1201 2933 Domine,
1233 2882 1336 2921 non
1360 2874 1433 2920 est
1451 2867 1506 2921 in
1533 2865 1735 2920 homine
1751 2865 1831 2920 via
1858 2867 1988 2937 ejus,
2016 2881 2174 2934 neque

591 2965 680 3018 ibit
709 2962 893 3030 homo,
939 2970 987 3016 et
1035 2959 1220 3032 diriget
1259 2976 1488 3032 gressum
1528 2966 1672 3014 suum
1717 2959 1863 3033 (Jer.
1914 2960 2001 3016 10.
2040 2958 2168 3032 23).

584 3055 838 3124 Quaestio
867 3053 1082 3125 quidem
1111 3052 1227 3109 baac
1251 3062 1334 3110 est
1360 3069 1375 3110 :
1405 3067 1500 3109 vos
1523 3067 1686 3120 vero,
1713 3061 1770 3107 ut
1793 3051 2027 3108 studium
2048 3058 2173 3108 tunc

589 3149 925 3216 adliibuistis,
951 3148 1022 3204 ita
1039 3162 1181 3204 nunc
1201 3148 1482 3220 diligenter
1507 3145 1764 3203 attendite
1786 3163 1805 3201 :
1839 3160 2010 3216 neque
2027 3146 2171 3202 enim

577 3240 679 3295 illa
709 3240 885 3294 minor
907 3249 992 3295 est
1023 3239 1139 3294 haec
1166 3239 1427 3310 quaestio,
1458 3238 1552 3294 sed
1583 3237 1837 3308 majorem
1867 3252 2051 3294 curam
2081 3252 2171 3293 re-

589 3330 771 3401 quirit.
803 3330 938 3399 Quid
969 3330 1040 3386 ita
1062 3331 1086 3384 ?
1108 3331 1370 3399 Quoniam
1399 3330 1488 3385 illa
1510 3328 1724 3401 quidem
1751 3328 1895 3384 Petri
1923 3337 1978 3384 et
2002 3327 2170 3396 Pauli,

589 3439 706 3494 qua:
741 3424 1018 3480 videbatur
1054 3439 1176 3481 esse
1217 3423 1578 3480 controversia
1601 3463 1617 3489 ,
1670 3438 1769 3479 nec
1803 3433 1979 3478 tamen
2021 3431 2170 3489 erat,

590 3534 694 3573 non
727 3519 797 3573 ita
823 3519 1004 3574 multis
1035 3527 1159 3574 nota
1180 3526 1317 3586 erat,
1344 3517 1488 3573 unde
1517 3532 1616 3573 nec
1647 3518 1788 3572 illam
1821 3518 2170 3587 ignorantiam

594 3612 885 3668 verisimile
935 3612 1035 3668 fuit
1093 3611 1315 3667 multum
1369 3610 1701 3668 invecturam
1743 3609 2170 3664 detrimentum:

592 3707 900 3761 haecantem
916 3705 1180 3761 sententia
1201 3701 1577 3760 circumfertur
1597 3701 1812 3772 ubique,
1836 3702 1888 3757 in
1908 3701 2172 3770 domibus,

592 3797 645 3851 in
668 3797 816 3863 foris,
849 3797 901 3851 in
931 3796 1099 3867 pagis,
1129 3797 1182 3851 in
1211 3795 1450 3859 urbibus,
1473 3793 1525 3849 in
1549 3802 1710 3861 terra,
1744 3794 1794 3847 in
1825 3794 1978 3859 mari,
2009 3793 2061 3848 in
2095 3795 2176 3848 inv

592 3889 724 3944 sulis
753 3906 765 3941 :
795 3897 850 3944 ct
876 3903 1210 3959 quocumque
1240 3896 1293 3943 te
1317 3886 1608 3943 contuleris
1628 3885 1822 3940 multos
1845 3885 2054 3951 audies,
2085 3883 2174 3954 qui

596 3983 711 4040 haec
729 3984 914 4041 dicunt
934 4002 948 4038 :
969 3984 1237 4054 Scriptum
1265 3991 1370 4047 est,
1396 3980 1517 4036 Non
1539 3990 1611 4035 est
1635 3979 1688 4034 in
1713 3979 1914 4033 homine
1931 3979 2012 4032 via
2031 3980 2139 4050 ejus
2155 3992 2176 4032 :

578 4087 769 4149 'neque
797 4077 970 4133 solum
1018 4077 1154 4131 hanc
1182 4075 1513 4131 sententiam
1542 4072 1874 4134 didicerunt,
1921 4071 2015 4126 sed
2045 4071 2179 4127 alias

581 4173 757 4226 etiam
780 4170 982 4227 similes
1009 4169 1133 4223 huic
1156 4176 1477 4233 annectunt,
1510 4163 1631 4219 Non
1658 4173 1730 4218 est
1755 4162 1992 4228 volemis,
2025 4177 2181 4232 neque

582 4264 845 4319 currentis
889 4257 1325 4331 (Ilom.9.16);
1368 4266 1421 4312 et
1467 4262 1586 4327 post
1614 4253 1742 4310 illud
1790 4267 2013 4319 rursus,
2061 4251 2181 4306 Nisi

601 4355 850 4411 Dominus
879 4349 1201 4419 wdiﬁcaverit
1226 4348 1471 4412 domum,
1515 4347 1568 4400 in
1600 4360 1787 4400 vanum
1826 4345 2181 4398 laboraverunt

598 4448 683 4516 qui
702 4443 955 4512 mitiﬁcant
989 4457 1100 4493 eam
1133 4438 1314 4509 (Psat.
1344 4436 1468 4493 I26.
1499 4437 1567 4507 1)
1599 4454 1612 4492 :
1643 4436 1696 4491 id
1743 4450 1905 4507 ροιγο
1945 4434 2177 4500 faciunt,

599 4537 740 4609 quod
786 4550 854 4589 ex
891 4531 1165 4601 Scriptura
1203 4531 1381 4585 divina
1422 4530 1796 4599 depromptum
1847 4529 2182 4600 negligentia:

601 4643 710 4683 sum
735 4623 974 4681 velamen
995 4621 1303 4688 obtendant,
1329 4630 1384 4676 et
1409 4622 1634 4676 salutem
1666 4636 1923 4692 spemque
1945 4631 2181 4677 nostram

605 4719 686 4775 lus
716 4717 891 4773 verbis
915 4721 1178 4770 conentur
1211 4710 1519 4783 infringere.
1564 4711 1706 4766 Nihil
1751 4712 1894 4768 enim
1923 4712 2065 4766 aliud
2091 4727 2185 4782 per

601 4810 722 4869 haec
746 4811 929 4866 volunt
947 4806 1182 4870 efficere,
1209 4806 1332 4870 nisi,
1361 4805 1413 4860 in
1445 4810 1708 4873 potestate
1736 4811 1919 4858 nostra
1945 4803 2080 4858 nihil
2107 4805 2184 4860 si-

603 4913 719 4958 tum
747 4917 886 4957 esse.
922 4901 1111 4955 Actum
1140 4905 1225 4954 est
1247 4897 1316 4953 de
1345 4895 1507 4951 rebus
1541 4895 1739 4950 nostris
1765 4911 1780 4948 :
1811 4893 2004 4950 frustm
2035 4895 2186 4966 regni

604 4994 858 5045 canorum
889 4990 1172 5060 promissio
1195 5031 1210 5055 ,
1248 4987 1442 5044 frustra
1473 4988 1630 5042 minae
1652 4986 1948 5059 gehennae,
1988 4984 2186 5044 frustra

595 5079 768 5150 leges,
801 5095 990 5150 pinnae,
1023 5079 1302 5151 supplicia,
1329 5089 1384 5136 et
1411 5079 1654 5135 consilia.

673 5172 730 5226 2.
767 5170 918 5226 Omni
954 5172 1135 5244 agendi
1177 5181 1420 5243 potestate
1450 5172 1648 5226 sublata
1689 5171 1888 5227 nullum
1925 5172 2186 5240 meritum,

608 5263 806 5317 uultum
832 5263 1152 5318 demeritum.
1180 5293 1251 5304 --
1274 5263 1411 5333 Quid
1439 5265 1582 5319 enim
1601 5265 1788 5320 attinet
1811 5264 1968 5319 alicui
1994 5279 2190 5319 consu-

608 5361 719 5416 lere
741 5401 758 5427 ,
787 5373 908 5414 cum
935 5355 1064 5411 nihil
1091 5356 1142 5412 in
1171 5356 1287 5426 ejus
1312 5357 1473 5412 situm
1505 5359 1574 5414 sit
1600 5357 1910 5429 potestate?
1947 5365 2037 5411 aut
2061 5354 2189 5427 quid

609 5465 746 5520 opus
772 5457 856 5504 est
882 5449 932 5503 ei
960 5447 1270 5518 promittere
1292 5487 1308 5512 ,
1335 5447 1423 5517 qui
1455 5449 1598 5502 omni
1630 5449 1700 5503 sit.
1729 5463 1907 5503 rerum
1933 5447 2191 5517 gerenda-

608 5557 728 5596 rum
757 5539 1005 5596 facultate
1031 5537 1309 5610 privatus?
1349 5537 1529 5609 Neque
1557 5539 1600 5594 is
1629 5538 1885 5608 qui'recte
1924 5554 1982 5594 se
2008 5553 2190 5610 gesse—

606 5635 710 5702 rit,
742 5633 934 5704 dignus
969 5641 1052 5689 est
1087 5631 1245 5688 laude
1266 5673 1284 5702 ,
1328 5645 1502 5702 neque
1547 5632 1636 5702 qui
1675 5631 1989 5703 deliquerit,
2019 5647 2190 5702 paena:

659 5768 1063 5838 :(u)‘Allud_it_hic
1083 5769 1451 5838 Chrysostomus
1486 5771 1546 5838 ad
1584 5772 1725 5825 ludos
1761 5771 1995 5835 publicos,
2019 5775 2196 5838 quibus

611 5829 864 5881 adnodato
883 5833 1058 5884 addicti
1079 5829 1217 5884 erant
1241 5833 1546 5886 Antiocheni.

1260 377 1322 435 S.
1360 372 1639 433 JOANNIS
1673 363 2154 429 CHRYSOSTOSII
2192 362 2510 420 ARCHIEP.
2551 361 3084 420 CONSTANTlNOP.

3757 360 3863 417 ’156

2287 475 2551 532 obnoxius
2579 490 2641 532 ac
2668 474 3084 546 supplicio,,nisi
3113 473 3314 530 arbitrii
3338 475 3504 530 nostri
3532 472 3728 532 fuerint
3746 492 3863 546 qua:

2284 577 2407 622 sunt
2435 566 2836 637 agenda.Quod
2866 567 2911 621 si
2953 565 3111 622 fuerit
3153 566 3256 622 hoc
3297 564 3601 621 hominibus
3642 582 3862 637 persua-

2285 673 2424 723 sum,
2456 673 2614 712 nemo
2634 658 2744 728 jam
2765 658 2992 728 amplius
3012 657 3260 712 virtutem
3290 657 3644 726 amplectetur
3662 698 3679 722 ,
3707 674 3864 713 nemo

2283 765 2313 804 a
2342 752 2469 806 vitio
2494 749 2800 805 declinabit.
2830 749 2960 805 Nam
2981 750 3048 816 si,
3073 749 3198 804 dum
3219 748 3444 819 singulis
3465 749 3652 807 diebus
3676 766 3864 820 perso-

2282 852 2411 898 nant
2448 857 2604 898 aures
2645 843 2922 898 hominum
2962 841 3182 898 vocibus
3225 842 3426 898 nostris
3467 843 3536 898 de
3579 843 3818 914 gehenua
3844 887 3862 909 ,

2279 934 2406 988 dum
2429 934 2592 988 verba
2620 933 2842 989 facimus
2867 933 2935 989 de
2962 948 3132 1004 regno
3159 934 3434 1000 cat-lorum,
3459 933 3586 990 dum
3616 935 3865 991 intulera-

2281 1023 2415 1080 biles
2449 1039 2638 1102 poenas
2663 1033 2719 1081 ct
2745 1025 2961 1096 praemia
2981 1067 2997 1093 ,
3033 1039 3153 1096 qua:
3181 1025 3469 1080 humanum
3493 1026 3758 1082 excedunt
3787 1028 3866 1081 in-

2283 1115 2576 1184 tellectum,
2603 1117 2973 1188 proponimus,
2999 1117 3130 1172 dum
3147 1115 3495 1184 consulimus,
3521 1118 3647 1173 dum
3673 1119 3866 1174 cohor-

2281 1212 2478 1274 tamur,
2501 1207 2628 1262 dum
2653 1221 2869 1264 omnem
2895 1209 3192 1264 orationem
3221 1208 3588 1274 admovemus,
3617 1225 3758 1280 aegre
3783 1220 3863 1264 ta-

2284 1311 2404 1353 men
2450 1297 2788 1354 adducuntur
2842 1297 3058 1370 quidam
3087 1339 3102 1366 ,
3160 1308 3217 1355 ut
3267 1299 3488 1356 sudores
3530 1315 3627 1370 pro
3671 1301 3868 1356 virtute

2280 1389 2612 1460 suscipiant,
2650 1405 2792 1460 :cgre
2820 1403 2849 1444 a
2877 1399 3214 1460 peccatorum
3241 1389 3598 1461 voluptatibus
3627 1405 3864 1446 avocan-

2283 1489 2368 1536 tur
2397 1499 2410 1536 :
2438 1481 2483 1536 si
2511 1481 2647 1536 hanc
2672 1481 2833 1537 etiam
2858 1496 3068 1537 sacram
3090 1481 3368 1553 abruperis
3393 1497 3662 1546 ancoram,
3684 1497 3865 1538 nonne

2279 1576 2488 1645 integra
2520 1574 2668 1630 navis
2696 1575 3069 1646 submergetur
3088 1617 3105 1644 ,
3160 1583 3215 1631 et
3243 1589 3430 1631 omnes
3456 1575 3665 1645 penitus
3694 1575 3864 1633 flumi-

2282 1665 2380 1722 bus
2407 1667 2646 1737 ahsorpti
2678 1666 2969 1737 peribunt,
3010 1667 3281 1739 multaque
3305 1666 3542 1738 quotidie
3579 1666 3706 1722 fient
3735 1684 3864 1720 nau-

2283 1757 2484 1830 fragia?
2508 1758 2648 1814 Nihil
2669 1759 2810 1815 enim
2833 1759 3008 1830 plane,
3036 1758 3165 1814 nihil
3197 1759 3268 1814 ita
3296 1757 3568 1814 contendit
3592 1757 3859 1820 diabolus,

2281 1861 2338 1908 ut
2359 1853 2554 1910 anima:
2579 1852 2823 1909 humana:
2844 1852 3186 1924 persuadere,
3212 1867 3386 1922 neque
3413 1853 3464 1908 in
3486 1852 3720 1922 peccatis
3740 1867 3858 1907 eam

2280 1947 2554 2018 suppliciis
2581 1947 2867 2004 obnoxiam
2891 1988 2908 2016 ,
2947 1961 3120 2018 neque
3150 1946 3394 2002 laudibus
3421 1955 3476 2001 et
3501 1945 3714 2001 coronis
3742 1959 3861 2000 esse

2279 2041 2492 2113 dignam
2515 2042 2565 2097 in
2591 2050 2737 2099 recte
2767 2041 2918 2098 factis
2937 2085 2954 2110 ,
2981 2052 3040 2097 ut
3067 2051 3121 2099 et
3150 2041 3511 2098 studiosorum
3543 2058 3732 2099 manus
3754 2043 3860 2098 dis-

2279 2135 2474 2202 solvat,
2503 2143 2558 2190 et
2584 2136 2746 2191 animi
2773 2136 3098 2191 alacritatem
3131 2135 3456 2206 restinguat,
3485 2144 3539 2191 et
3562 2150 3745 2190 eorum
3771 2137 3858 2205 qui

2278 2227 2517 2282 animum
2543 2227 2878 2299 despondent
2903 2228 3160 2284 incuriam
3187 2226 3384 2294 foveat,
3406 2241 3469 2282 ac
3489 2226 3859 2298 negligentiam

2277 2330 2488 2391 augeat.

2349 2411 2576 2467 Libertas
2603 2413 2856 2467 actionum
2884 2412 3239 2467 humanarum.
3268 2441 3339 2452 —
3365 2410 3623 2478 Quocirca
3644 2409 3858 2480 diligen-

2279 2511 2361 2559 ter
2385 2503 2474 2571 iis,
2500 2519 2620 2575 qua:
2650 2504 2899 2560 dicuntur
2922 2546 2936 2572 ,
2967 2502 3345 2559 attendendum
3376 2509 3479 2558 est.
3505 2502 3858 2571 Pracipitium

2273 2603 2362 2652 est
2387 2596 2639 2666 utrinque
2663 2611 2726 2651 ac
2753 2595 2904 2652 fovea
2931 2596 3088 2651 locus
3113 2595 3212 2650 istc
3237 2635 3252 2660 ,
3291 2595 3396 2650 nisi
3433 2601 3588 2650 caute
3635 2593 3857 2664 legatur.

2276 2685 2414 2755 Quid
2443 2687 2584 2741 enim
2617 2686 2906 2742 dicemus?
2949 2701 3016 2741 an
3044 2685 3354 2757 prophetam
3377 2699 3498 2740 esse
3537 2684 3860 2739 mentitum?

2277 2781 2348 2835 At
2371 2779 2725 2850 periculosum
2768 2778 2895 2835 est?
2943 2794 3050 2834 non
3089 2779 3233 2834 enim
3278 2777 3535 2833 mentitur
3563 2775 3855 2847 pr0pheta,

2277 2885 2462 2947 utpote
2487 2877 2576 2947 qui
2604 2876 2699 2931 Dei
2731 2889 2889 2931 voces
2917 2874 3282 2945 proloquatur.
3311 2871 3426 2928 Non
3451 2886 3580 2942 ergo
3608 2871 3858 2926 mentitus

2276 2979 2360 3024 est
2383 2967 2685 3038 prapheta?
2715 2965 2936 3037 proinde
2964 2981 3069 3020 non
3101 2972 3228 3019 sunt
3271 2964 3324 3018 in
3364 2971 3543 3018 nostra
3575 2971 3854 3030 potestate,

2277 3075 2397 3131 qua:
2422 3075 2581 3131 agere
2601 3058 2903 3120 debemus?
2944 3057 3054 3112 lmo
3079 3065 3132 3112 et
3155 3057 3206 3111 in
3233 3065 3413 3110 nostra
3455 3064 3715 3126 potestate
3757 3054 3856 3106 sita

2275 3161 2402 3208 sunt
2426 3167 2547 3223 qua:
2575 3166 2733 3222 agere
2752 3150 3045 3215 debemus,
3090 3156 3144 3203 et
3175 3148 3431 3219 prOpheta
3470 3145 3723 3202 mentitus
3753 3162 3857 3200 non

2276 3253 2360 3301 est
2387 3261 2401 3297 :
2430 3253 2484 3299 et
2507 3243 2693 3298 horum
2721 3250 3006 3311 utrumque
3031 3229 3393 3310 probabimus,
3420 3238 3464 3293 si
3493 3247 3726 3292 attentas
3764 3252 3858 3290 au-

2277 3349 2365 3391 res
2385 3333 2740 3405 praebueritis.
2771 3332 3054 3402 Propterea
3077 3345 3304 3400 namque
3327 3329 3670 3399 praecipitium
3691 3328 3856 3382 utrin-

2277 3441 2380 3498 que
2405 3426 2667 3495 objectum
2695 3423 2943 3490 ostendi,
2986 3430 3046 3478 ut
3087 3422 3277 3492 vigiles
3311 3430 3365 3476 et
3391 3420 3576 3474 attenti
3614 3420 3856 3488 propOsi-

2279 3529 2389 3576 tum
2431 3520 2584 3576 nobis
2617 3519 2719 3574 iter
2746 3516 3114 3573 conliciamus.
3161 3515 3276 3570 Non
3324 3514 3466 3569 enim
3510 3512 3649 3566 hunc
3685 3511 3859 3566 locum

2279 3622 2480 3670 tantum
2510 3612 2842 3668 excutiemus
2865 3650 2880 3677 ,
2913 3607 3036 3664 Non
3062 3617 3135 3663 est
3158 3608 3211 3662 in
3239 3607 3438 3661 homine
3463 3605 3541 3658 via
3573 3604 3722 3672 ejus;
3765 3603 3861 3657 sed

2278 3715 2331 3762 et
2354 3713 2634 3762 contextus
2661 3717 2876 3758 omnem
2905 3699 3100 3757 seriem
3121 3739 3137 3763 .
3169 3707 3222 3754 et
3251 3712 3345 3768 pro
3369 3695 3560 3765 quibus
3584 3693 3724 3748 dicta
3754 3692 3862 3747 sint

2280 3798 2390 3864 illa,
2416 3812 2444 3850 a
2471 3812 2610 3867 quo,
2639 3795 2706 3850 ad
2737 3809 2918 3865 quem,
2947 3806 3108 3863 quam
3141 3790 3212 3846 ob
3237 3805 3450 3846 causam
3475 3830 3491 3853 ,
3534 3785 3777 3858 quando,
3809 3794 3863 3839 et

2277 3887 2565 3961 quomodo.
2607 3887 2724 3942 Non
2769 3886 2911 3942 enim
2939 3884 3116 3939 dicere
3144 3881 3340 3938 sufficit
3376 3878 3574 3950 aliquid
3621 3879 3672 3932 in
3714 3875 3862 3932 Scri~

2280 3990 2434 4052 ptura
2457 3980 2711 4050 scriptum
2737 3975 2989 4048 reperiri,
3016 3989 3190 4045 neque
3213 3982 3415 4029 temere
3449 3969 3630 4025 avulsa
3655 3983 3720 4022 ac
3748 3968 3862 4021 dis-

2279 4081 2460 4142 cerpta
2505 4069 2756 4126 divinitus
2802 4066 3074 4137 inspirata:
3101 4063 3390 4134 Scriptura:
3439 4058 3680 4116 membra
3722 4057 3867 4117 nuda

2281 4172 2338 4219 et
2363 4178 2394 4217 a
2417 4161 2626 4233 reliquo
2655 4167 2801 4215 textu
2822 4159 3066 4228 serieque
3085 4155 3349 4213 sermonis
3369 4152 3608 4222 seiuncta
3627 4165 3868 4215 sumere,

2280 4270 2346 4312 ac
2376 4254 2538 4310 nimia
2585 4252 2798 4309 licentia
2843 4247 3274 4318 confidentiaque
3317 4246 3446 4316 ipsis
3495 4241 3739 4300 illudere.
3780 4241 3872 4296 Sic

2284 4349 2425 4404 enim
2457 4361 2617 4418 prava
2639 4346 2887 4416 dogmata
2925 4343 3096 4400 multa
3135 4345 3190 4397 in
3222 4350 3456 4396 nostram
3489 4336 3626 4392 hanc
3653 4343 3872 4392 :etatem

2285 4441 2492 4497 invecta
2519 4445 2664 4505 sunt,
2690 4437 2818 4493 dum
2865 4433 3338 4508 negligentiorihus
3373 4430 3632 4501 persuasit
3677 4427 3871 4484 diabo-

2286 4534 2391 4599 lus,
2419 4541 2479 4588 ut
2501 4531 2717 4601 oblique
2740 4530 2962 4586 distorta
2998 4525 3298 4584 testimonia
3339 4524 3628 4594 Scriptura:
3657 4523 3868 4590 profero

2287 4634 2428 4690 rent,
2455 4623 2536 4678 vel
2561 4621 2755 4677 additis
2779 4619 3170 4690 subtractisque
3198 4615 3468 4673 nonnullis
3497 4613 3746 4670 tenebras
3779 4628 3875 4668 ve-

2288 4717 2428 4772 ritati
2452 4714 2805 4770 offunderent.
2835 4713 2952 4769 Non
2987 4727 3122 4784 ergo
3145 4707 3540 4766 sufficitdicere
3559 4748 3576 4772 ,
3612 4707 3878 4776 scriptum

2285 4823 2406 4864 esse
2447 4809 2499 4864 in
2545 4807 2859 4877 Scriptura,
2911 4805 3004 4862 sed
3050 4811 3214 4860 totam
3243 4802 3436 4858 seriem
3467 4800 3567 4870 legi
3612 4806 3878 4866 oportet:

2238 4935 2268 4945 ο
2287 4899 2716 4971 quandoquidem
2755 4898 2800 4953 si
2828 4897 3234 4954 continuitatem
3263 4901 3319 4950 et
3345 4892 3740 4964 cognationem,
3769 4904 3880 4959 qui

2291 4993 2429 5048 inter
2454 5008 2514 5050 se
2540 5005 2779 5048 connexa
2811 4997 2938 5047 sunt
2960 5032 2977 5058 ,
3028 4989 3415 5056 interrumpere
3449 4982 3710 5039 vellemus
3733 5021 3750 5044 ,
3808 4981 3884 5034 ita

2291 5085 2455 5141 multa
2495 5099 2658 5154 prava
2695 5083 2942 5154 dogmata
2971 5081 3259 5137 orirentur.
3306 5077 3593 5133 Enimvero
3629 5073 3682 5128 in
3725 5071 3886 5127 Scri-

2293 5186 2446 5248 ptura
2472 5177 2729 5247 scriptum
2757 5183 2840 5231 est
2871 5192 2887 5230 :
2917 5172 3039 5228 Non
3063 5181 3136 5227 est
3165 5170 3306 5226 Deus
3331 5168 3500 5241 (Psat.
3532 5167 3620 5224 15.
3645 5164 3701 5237 1)
3725 5183 3741 5231 ;
3788 5175 3843 5219 et
3868 5204 3885 5228 ,

2291 5270 2479 5325 Avertit
2503 5269 2681 5340 faciem
2707 5283 2852 5323 suam
2869 5307 2887 5334 ,
2917 5282 2980 5320 ne
3007 5263 3171 5319 uideat
3194 5264 3248 5317 in
3276 5263 3461 5332 finem:
3489 5268 3544 5315 et
3561 5300 3577 5326 ,
3608 5257 3747 5311 Deus
3779 5273 3886 5310 non

2291 5363 2508 5432 requiret
2550 5358 2739 5435 (Psaf.
2781 5357 2868 5427 10,
2896 5355 3170 5414 secundum
3218 5353 3370 5408 Hebr.
3390 5368 3440 5406 υ.
3463 5352 3551 5407 11.
3593 5347 3715 5420 15).
3746 5347 3887 5402 Num

2296 5455 2457 5526 igitur
2479 5497 2495 5523 ,
2526 5455 2644 5522 dic,
2675 5467 2876 5526 quzeso,
2908 5467 3014 5507 non
3039 5459 3122 5506 est
3151 5447 3329 5504 Deus?
3360 5459 3534 5516 neque
3572 5440 3798 5512 respicit
3826 5455 3890 5493 ea

2292 5565 2414 5621 qnze
2439 5549 2490 5603 in
2523 5548 2680 5603 terris
2703 5545 2875 5601 fiunt?
2901 5545 3020 5616 quis
3047 5543 3148 5598 hoc
3167 5541 3308 5596 ausit
3332 5539 3518 5595 dicere
3544 5536 3628 5590 vel
3653 5534 3845 5589 audire
3867 5533 3893 5583 ’ἒ

2298 5641 2568 5709 Scriptum
2614 5649 2791 5693 tamen
2830 5644 2911 5692 cst
2949 5636 3002 5691 in
3054 5633 3369 5702 Scriptura:
3403 5627 3497 5684 sed
3537 5627 3687 5682 disce
3711 5665 3727 5690 ,
3781 5637 3893 5694 quo

2301 5742 2454 5806 pacto
2481 5734 2550 5787 sit
2575 5731 2847 5802 scriptum.
2902 5727 3040 5782 Dixit
3083 5724 3345 5794 insipiens,
3395 5721 3602 5791 inquit,
3647 5718 3702 5770 in
3736 5715 3896 5769 corde

2305 5841 2416 5888 suo,
2455 5822 2570 5879 Non
2608 5833 2679 5878 est
2710 5821 2867 5876 Deus.
2897 5817 3013 5900 Non
3038 5816 3327 5887 Scriptura:
3358 5809 3668 5887 suffragium
3710 5814 3796 5862 est
3837 5815 3897 5860 et
