4048 6208
245 111 346 168 ib‘l

242 219 503 282 sententia
523 263 539 287 ,
580 217 674 277 sed
717 218 880 274 anitni
911 215 1212 287 insipientis
1242 235 1256 270 :
1293 229 1399 270 non
1429 213 1564 269 dixit
1589 227 1707 283 qum
1735 226 1828 265 sua

238 325 366 371 sunt
389 313 692 382 Scriptura,
720 309 813 365 sed
843 320 962 378 qua:
991 313 1115 361 sunt
1143 305 1366 359 alterius
1391 299 1739 357 denuntiavit.
1768 297 1834 352 Et

238 423 430 463 rursus
464 426 479 461 :
515 403 786 478 Usquequo
824 401 1038 454 irritavit
1069 398 1255 468 impius
1282 393 1487 451 Deum?
1531 391 1674 447 Dixit
1701 391 1832 446 enim

237 503 289 554 in
322 497 479 554 corde
502 511 593 552 suo
616 538 632 563 ,
677 495 798 548 Non
836 492 1072 563 requiret.
1117 489 1305 544 Avertit
1350 485 1530 557 {aciem
1567 499 1744 549 suam,
1775 499 1836 536 ne

237 586 408 649 rideat
450 593 503 647 in
546 587 697 660 ﬁnem
724 585 906 660 (Psal.
941 585 1026 640 10.
1061 582 1128 638 i5
1154 583 1354 648 etii).
1403 578 1472 635 Ει
1511 578 1598 633 hic
1649 590 1836 631 rursus

239 680 480 739 hominis
505 681 653 749 impii
680 693 744 735 ac
769 677 980 734 scelesti
1009 676 1265 746 judicium
1289 681 1343 729 et
1367 671 1683 727 sententiam
1707 683 1832 737 pro-

240 776 417 846 ponit.
449 775 527 830 ita
554 788 769 842 quoque
794 769 983 825 medici
1011 771 1184 822 facere
1213 765 1418 830 solent,
1449 764 1755 817 insanorum
1783 769 1837 814 et

238 865 542 918 amentium
574 871 790 932 peccata
829 859 974 915 sanis
1020 871 1084 913 ac
1126 855 1428 912 valentibus
1475 862 1732 917 narrant,
1780 861 1836 904 ut

240 958 519 1012 cautiores
546 955 680 1010 istos
703 953 951 1008 reddant.
982 952 1114 1006 Cum
1144 950 1304 1020 igitur
1325 947 1525 1003 sanitas
1551 947 1743 1000 animae
1769 945 1839 999 sit

244 1052 440 1120 pietas,
470 1047 687 1103 morbus
713 1055 890 1101 autem
920 1051 972 1099 et
1002 1044 1282 1097 infirmitas
1307 1055 1512 1097 summa
1538 1040 1703 1094 Deum
1734 1037 1836 1090 ιιιί-

243 1142 394 1194 nime
423 1153 585 1194 nosse
608 1179 624 1202 ,
672 1136 957 1207 impiorum
989 1133 1148 1190 verba
1177 1138 1586 1198 commemorat,
1628 1144 1735 1184 non
1784 1139 1838 1182 ut

242 1247 306 1286 ea
335 1241 540 1286 temere
568 1228 870 1294 audiamus,
899 1228 990 1283 sed
1020 1236 1075 1280 ut
1102 1225 1168 1278 ab
1193 1227 1258 1279 iis
1284 1225 1666 1280 abstineamus.
1701 1221 1836 1290 Quid

247 1323 514 1394 insipiens
537 1322 752 1384 dixerit,
780 1327 980 1383 narrat,
1015 1328 1068 1372 ut
1095 1325 1149 1371 tu
1174 1317 1386 1388 sapiens
1415 1316 1528 1379 ﬁas,
1556 1324 1610 1370 et
1637 1314 1836 1368 dictum

248 1415 365 1484 ejus
389 1415 612 1469 minime
643 1413 839 1483 probes
866 1429 879 1464 :
908 1411 1033 1482 quid
1060 1408 1254 1479 impius
1276 1407 1499 1468 dixerit,
1530 1413 1741 1469 narrat,
1785 1413 1841 1457 ut

249 1521 302 1563 tu
331 1509 664 1578 impietatem
715 1506 907 1576 fugias.
952 1503 1135 1574 Neque
1163 1516 1293 1557 vero
1330 1501 1504 1555 solum
1534 1515 1563 1553 a
1590 1505 1838 1552 contextu

251 1602 499 1670 serieque
527 1598 792 1670 sermonis
816 1594 1094 1650 avelicnda
1119 1593 1232 1648 loca
1262 1607 1368 1646 non
1398 1597 1542 1654 sunt,
1567 1589 1658 1644 sed
1679 1589 1838 1644 etiam

250 1705 376 1746 sana
405 1667 462 1743 et
492 1667 694 1758 integra
722 1695 844 1740 sunt
876 1682 1213 1756 proferenda,
1245 1683 1486 1752 nihilque
1512 1679 1839 1737 addendum.

321 1783 524 1836 Abusus
564 1781 662 1834 loci
694 1775 850 1832 Pauli
891 1794 954 1832 ea:
988 1774 1156 1846 Epist.
1179 1775 1247 1828 ad
1275 1774 1504 1829 Corinth.
1533 1771 1583 1828 i.
1603 1803 1671 1814 -—
1694 1771 1842 1827 Multi

251 1883 394 1928 certe
425 1871 674 1942 quaedam
705 1871 867 1926 etiam
899 1870 1003 1923 alia
1032 1865 1413 1923 circumferunt
1441 1879 1503 1921 ex
1533 1864 1839 1934 Scripturis,

251 1982 370 2033 qua:
391 1965 684 2033 depravate
710 1963 960 2032 allegant.
983 1959 1249 2029 Scriptum
1275 1968 1350 2013 est
1374 1957 1537 2023 enim,
1563 1957 1840 2027 inquiunt:

253 2057 308 2111 Si
340 2055 520 2110 uraris
547 2096 561 2120 ,
593 2068 814 2107 uxorem
843 2051 1023 2106 ducito
1059 2066 1074 2106 :
1108 2063 1370 2119 nusquam
1403 2057 1576 2102 tamen
1626 2045 1729 2101 hoc
1775 2046 1845 2100 ita

253 2149 513 2218 scriptum
541 2155 655 2209 est;
687 2144 782 2200 sed
812 2159 918 2214 quo
948 2150 1100 2213 pacto
1130 2142 1198 2196 sit
1235 2141 1488 2210 scriptum
1523 2138 1798 2194 considera
1829 2155 1843 2192 :

255 2239 384 2292 Dico
412 2249 585 2291 autem
608 2253 707 2290 non
738 2236 907 2305 nuptis
931 2243 980 2288 et
1003 2232 1187 2297 viduis,
1211 2233 1393 2286 bonum
1422 2231 1524 2285 illis
1547 2240 1637 2294 est,
1665 2230 1709 2285 si
1733 2241 1844 2283 ma-

255 2343 405 2386 neant
431 2375 447 2396 ,
477 2331 604 2386 sicut
629 2338 675 2383 et
699 2345 790 2398 ego
824 2344 841 2381 :
869 2327 1003 2396 quod
1031 2327 1075 2380 si
1100 2343 1199 2379 non
1227 2341 1280 2379 se
1313 2327 1592 2389 continent,
1623 2323 1811 2376 nubant
1828 2340 1847 2390 ;

255 2425 438 2478 melius
464 2422 598 2475 enim
624 2429 692 2475 est
715 2405 900 2474 nubere
921 2435 1072 2490 quam
1102 2418 1180 2470 uri
1209 2418 1282 2487 (l.
1312 2415 1431 2473 Cor.
1457 2417 1506 2469 7.
1538 2415 1590 2471 8.
1624 2415 1700 2484 9).
1735 2417 1846 2468 An-

255 2534 363 2572 non
396 2517 559 2587 igitur
584 2514 724 2570 idem
751 2521 852 2573 est.
879 2513 1067 2581 inquit,
1092 2511 1148 2565 Si
1171 2511 1364 2576 uraris,
1384 2525 1606 2564 uxorem
1633 2507 1850 2563 ducito?

257 2610 552 2665 Enimvero
601 2608 726 2662 licet
765 2606 904 2660 idem
949 2613 1121 2669 esset,
1152 2618 1260 2657 non
1305 2600 1584 2672 oporteth
1633 2609 1806 2652 tamen
1832 2641 1846 2664 ,

257 2702 462 2757 omissa
489 2709 632 2755 recta
661 2699 949 2768 Scriptura:
989 2695 1305 2766 allegatione
1324 2736 1339 2759 ,
1363 2703 1481 2748 eam
1525 2701 1848 2762 pervertere,

258 2801 481 2865 suisque
523 2791 706 2846 verbis
749 2789 1038 2858 Scriptura:
1081 2801 1237 2842 sensa
1264 2783 1502 2856 proferre
1534 2801 1546 2835 :
1574 2783 1683 2853 jam
1726 2793 1854 2838 vero

259 2889 490 2943 multum
531 2881 852 2940 oll‘eudimus
894 2881 1068 2936 inesse
1107 2877 1418 2933 discrimen.
1447 2875 1500 2931 Si
1527 2876 1669 2931 enim
1698 2875 1857 2929 abso-

261 2983 369 3036 lute
398 2978 605 3034 dixeris
625 3019 640 3043 ,
669 2973 725 3031 Si
757 2973 927 3030 uraris
951 3015 966 3038 ,
999 2985 1218 3026 uxorem
1264 2969 1446 3024 ducito
1469 3010 1483 3034 ,
1515 2967 1722 3024 cunctis
1764 2966 1854 3036 qui

259 3073 625 3145 virginitatem
657 3083 873 3125 servare
906 3067 1046 3120 ultro
1073 3070 1370 3118 statuerunt
1422 3066 1740 3131 potestatem
1779 3059 1856 3114 fa-

263 3170 358 3230 cis,
385 3183 512 3222 eum
554 3163 782 3234 primum
812 3159 973 3215 libido
1005 3159 1107 3213 illis
1137 3157 1404 3227 ncgolium
1435 3153 1696 3219 lacesset,
1729 3152 1854 3206 inita

263 3274 383 3312 cum
410 3257 527 3311 Deo
559 3263 712 3325 pacta
757 3249 1010 3312 violandi,
1039 3257 1197 3318 atque
1223 3246 1288 3301 ad
1319 3245 1528 3316 nuptias
1571 3240 1858 3313 transfuga:

265 3366 418 3404 more
454 3344 789 3410 transeundi,
817 3359 879 3398 ac
907 3341 1152 3412 promissi
1181 3339 1372 3410 prioris
1397 3336 1763 3393 obliviscendi.

332 3442 388 3495 3.
431 3438 590 3505 Quod
617 3439 660 3490 si
701 3434 964 3504 intelligas
990 3475 1005 3500 ,
1029 3449 1165 3502 quos
1191 3431 1490 3501 aliuquatur
1516 3428 1727 3488 Paulus.
1758 3426 1860 3482 hoc

269 3539 373 3587 cst.
396 3543 512 3580 non
548 3543 739 3582 omnes
764 3529 985 3598 passim,
1010 3544 1197 3583 verum
1216 3543 1330 3594 eos,
1356 3527 1446 3599 qui
1464 3527 1706 3582 nondum
1729 3521 1855 3597 pro-

271 3611 536 3665 missione
576 3625 636 3665 se
661 3611 1074 3674 obstrinxerim,
1105 3613 1306 3682 poteris
1350 3611 1564 3666 noxiam
1614 3609 1755 3665 hanc
1794 3625 1858 3664 ac

267 3702 636 3770 perniciosam
661 3703 848 3759 tollere
877 3704 1206 3759 facultatem.
1230 3702 1356 3757 Dico
1370 3702 1734 3771 enim,inquit.
1756 3717 1857 3753 non

267 3795 444 3864 nuptis
466 3803 518 3848 et
540 3794 731 3860 viduis,
754 3811 863 3851 non
882 3796 946 3852 iis
961 3812 1081 3866 qua:
1105 3793 1418 3850 viduitatem
1438 3797 1736 3865 promisere
1762 3796 1856 3850 sed

265 3891 326 3945 iis
346 3908 474 3961 qua:
501 3903 682 3957 neque
701 3888 824 3950 hoc,
844 3901 1019 3956 neque
1036 3888 1166 3942 illud
1192 3886 1580 3942 decreverunt:
1607 3888 1702 3942 sed
1720 3895 1880 3941 tam--

271 4001 426 4054 quam
463 3984 517 4037 in
551 3979 728 4036 medio
769 3979 997 4050 quodam
1027 3979 1310 4035 interstitio
1337 3977 1548 4033 consilii
1589 3977 1864 4048 utriusque

272 4087 577 4130 versantur.
623 4070 864 4141 Exempli
921 4085 1077 4125 causa
1110 4087 1123 4123 :
1165 4069 1355 4124 mulier
1391 4068 1652 4139 qumpiam
1690 4070 1862 4123 virtmt

273 4184 423 4221 suum
453 4166 672 4229 amisit,
705 4163 1002 4234 nequedum
1035 4162 1170 4232 apud
1218 4176 1277 4216 se
1306 4162 1525 4227 statuit,
1556 4174 1727 4232 neque
1772 4161 1864 4215 de-

274 4258 462 4319 crevit,
495 4272 566 4310 an
596 4272 625 4308 a
653 4267 712 4310 se
739 4261 980 4324 oporteat
1007 4254 1125 4324 eligi
1159 4255 1465 4310 viduitatem
1492 4297 1507 4320 ,
1539 4267 1605 4309 an
1633 4265 1758 4308 vero
1782 4254 1863 4308 al-

276 4363 445 4407 terum
479 4349 732 4406 maritum
768 4350 982 4404 induci:
1017 4347 1154 4403 hanc
1189 4362 1288 4418 ego
1326 4349 1622 4406 admoneo.
1653 4347 1860 4418 inquit,

276 4442 473 4496 bonum
496 4457 619 4496 esse
643 4447 699 4494 ut
726 4440 793 4494 ita
818 4448 1131 4510 permaneat
1155 4457 1166 4493 :
1194 4437 1334 4509 quod
1361 4439 1405 4493 si
1431 4453 1567 4494 onus
1591 4436 1731 4494 ferre
1757 4453 1862 4492 non

279 4537 465 4605 possit,
493 4534 664 4589 nubat
690 4555 704 4590 :
737 4549 828 4588 cas
843 4548 971 4588 vero
1001 4548 1116 4602 qum
1135 4531 1245 4601 jam
1276 4543 1539 4602 aggressa:
1565 4540 1707 4593 sunt,
1729 4539 1784 4585 et
1811 4531 1862 4585 in

280 4645 458 4683 earum
489 4627 672 4680 album
702 4633 827 4679 sunt
856 4623 1038 4678 relata:
1061 4665 1077 4688 ,
1105 4637 1221 4694 quae
1263 4622 1567 4677 viduitatem
1597 4621 1862 4689 tolerant,

282 4731 329 4774 et
352 4737 474 4774 cum
503 4719 617 4772 Deo
645 4724 853 4786 pactum
874 4715 1133 4779 inierunt,
1153 4729 1258 4768 non
1285 4715 1391 4782 jam
1415 4713 1524 4768 vult
1547 4713 1610 4767 ad
1638 4714 1863 4768 alterum

286 4826 432 4878 pos<e
459 4807 857 4865 matrimonium
887 4807 1102 4862 reverti.
1134 4803 1418 4876 Propterea
1443 4803 1511 4860 de
1537 4805 1639 4860 illis
1677 4805 1742 4859 ad
1770 4805 1863 4860 Ti-

289 4904 550 4956 motheum
586 4899 831 4953 scribens
865 4898 942 4952 sic
972 4898 1045 4952 ait
1075 4916 1086 4950 :
1115 4895 1542 4951 Adolescentiores
1577 4908 1741 4952 au'em
1787 4899 1864 4951 ui-

292 4993 408 5048 duus
446 4993 633 5047 devita.
664 4991 790 5045 Cum
832 4991 964 5044 eiiiut
1007 4991 1280 5044 luxuriatae
1306 4989 1494 5061 fuerint
1542 4991 1594 5043 in
1643 4989 1862 5052 Christo,

291 5084 461 5136 nubere
502 5085 675 5138 volunt
705 5082 942 5136 habentes
984 5081 1386 5144 damnationem,
1413 5080 1530 5150 quia
1559 5082 1773 5150 primam
1803 5081 1866 5151 ﬁ-

290 5177 400 5226 dem
422 5177 615 5229 irritam
642 5173 908 5244 fecerunt(
936 5176 980 5228 i.
1003 5173 1133 5227 Tim.
1157 5175 1211 5230 5.
1247 5173 1334 5229 il.
1364 5174 1644 5246 19.).V'ides
1673 5183 1732 5229 ιιι
1773 5191 1865 5230 eas

295 5264 376 5318 hic
401 5268 619 5336 castiget
658 5282 721 5320 ac
760 5267 960 5336 puniat,
990 5274 1044 5320 et
1081 5265 1338 5320 obnoxias
1367 5282 1538 5337 ptena:
1567 5282 1629 5322 ac
1662 5266 1865 5336 judicio

293 5373 404 5413 esse
429 5359 568 5415 dicat
592 5400 608 5424 ,
634 5359 775 5429 quod
820 5359 945 5413 inita
983 5373 1102 5412 cum
1146 5358 1256 5415 Deo
1288 5367 1436 5432 pacta
1467 5357 1714 5414 violarint
1737 5359 1782 5425 ',
1810 5369 1865 5417 et

295 5489 524 5599 "Lutum
549 5488 663 5541 Cod.
683 5524 696 5550 ,
739 5496 882 5551 parte
915 5489 1275 5559 conculcarunt,
1313 5495 1490 5547 eadem
1517 5505 1715 5556 prorsus
1746 5506 1863 5545 sen-

1087 102 1152 157 lN
1189 97 1413 168 lLLUD,
1443 97 1719 161 DOMINE,
1761 93 1894 150 NON
1936 91 2062 152 EST
2102 97 2166 153 ΙΝ
2199 97 2478 164 ΙΙΟΜΙΝΕ.
2506 100 2660 159 ETC.

3422 108 3522 167 l58

1938 216 2217 284 promissis
2252 233 2358 273 non
2398 217 2686 273 steterint?
2714 217 2892 290 itaque
2926 235 2990 275 ex
3025 219 3126 276 ltoe
3153 217 3272 277 loco
3301 225 3522 282 manife-

1937 318 2075 364 stum
2101 318 2202 374 est,
2234 310 2434 366 dictum
2466 309 2592 366 illud
2637 328 2742 367 non
2786 312 2852 368 ad
2893 329 2983 369 eas
3019 330 3136 386 quae
3161 315 3526 382 promiserant

1938 417 2058 457 esse
2085 403 2344 458 directum
2373 420 2386 456 :
2421 402 2622 460 idcirco
2661 420 2768 460 non
2809 420 2929 461 esse
2959 407 3086 463 illud
3118 417 3318 465 temere
3345 411 3524 481 profe-

1938 492 2162 548 rendum
2189 533 2204 560 ,
2235 494 2330 550 sed
2381 495 2678 551 noscendas
2721 512 2842 554 esse
2884 514 3174 570 personas,
3206 518 3338 572 quas
3373 501 3522 560 Scri.

1940 593 2109 653 pturac
2139 585 2314 641 verbis
2344 586 2446 642 illis
2471 587 2831 657 alloquuntur.

2010 675 2205 730 Abusus
2227 677 2433 732 alterius
2450 678 2549 732 loci
2566 677 3144 748 Scripturte.—-Rursns
3167 684 3327 739 alium
3351 685 3541 744 locum

1940 767 2320 824 circumferunt
2344 813 2359 836 ,
2388 770 2538 840 cujus
2567 787 2671 825 non
2713 769 2784 825 illi
2812 772 3026 842 quidem
3057 784 3375 833 structuram
3408 795 3528 848 pcr-

1941 868 2174 924 vcrtunt,
2194 861 2285 916 sed
2309 859 2451 916 aliud
2473 861 2568 927 illi,
2587 859 2724 931 quod
2750 864 2799 917 in
2823 862 3089 935 Scriptura
3114 882 3218 922 non
3242 872 3526 940 reperitur,

1940 949 2214 1017 adjiciunt.
2247 950 2392 1005 Talis
2418 952 2560 1006 enim
2590 961 2671 1007 est
2696 950 2890 1008 diaboli
2922 956 3140 1023 malitia,
3173 966 3231 1012 ut
3260 958 3342 1014 vel
3372 961 3526 1017 addi-

1943 1043 2104 1106 tione,
2137 1043 2218 1097 vel
2258 1041 2619 1098 subtractione
2642 1085 2657 1109 ,
2680 1045 2764 1098 vel
2795 1045 3192 1116 depravatione,
3221 1060 3309 1105 aut
3332 1051 3527 1111 immu-

1945 1133 2142 1188 tatione
2163 1141 2440 1190 contextus
2467 1137 2767 1205 perniciosa
2793 1135 3038 1208 dogmata
3067 1140 3530 1210 introdumt.Quls

1944 1221 2030 1276 ille
2060 1239 2218 1293 porro
2248 1223 2402 1280 locus
2441 1227 2565 1280 est?
2597 1226 2766 1281 Meum
2802 1238 2906 1294 est,
2934 1229 3138 1304 inquit,
3181 1241 3544 1303 argentum,“

1943 1331 2108 1369 meum
2135 1333 2316 1370 aurum
2343 1317 2514 1390 (Agg.
2543 1317 2598 1373 2.
2631 1319 2740 1391 9);
2772 1327 2824 1376 et
2849 1322 2932 1376 cui
2964 1323 3183 1379 voluero
3211 1324 3350 1381 dabo
3381 1323 3528 1382 illud.

1946 1409 2110 1478 iiujus
2126 1408 2225 1464 loci
2249 1426 2369 1480 pars
2383 1411 2595 1480 quidem
2616 1421 2699 1467 est
2721 1413 2789 1467 ita
2806 1413 2966 1481 dicta,
2984 1430 3106 1485 pars
3126 1432 3253 1472 vero
3269 1417 3406 1473 dicta
3426 1434 3545 1474 non:

1944 1511 2047 1567 est,
2095 1501 2188 1556 sed
2231 1500 2476 1557 alicunde
2514 1503 2740 1574 adjecta.
2765 1501 2896 1559 Nam
2934 1505 3060 1561 illud
3086 1506 3331 1578 quidem,
3367 1507 3537 1564 Meum

1945 1603 2017 1646 est
2045 1605 2343 1662 argentum,
2373 1603 2417 1647 et
2447 1612 2609 1648 meum
2636 1606 2708 1650 est
2734 1612 2916 1649 aurum
2937 1639 2950 1662 ,
2981 1597 3113 1652 dixit
3146 1597 3402 1668 pr0pltcta
3429 1617 3443 1654 :
3475 1601 3537 1655 il-

1947 1680 2038 1736 lud
2062 1693 2259 1750 autem,
2289 1683 2383 1738 Cui
2416 1685 2632 1740 voluero
2660 1684 2800 1740 dabo
2829 1685 2978 1753 illud,
3004 1703 3112 1741 non
3144 1689 3269 1743 item
3296 1689 3537 1760 sequitur

1948 1775 2000 1828 in
2039 1774 2334 1844 Scriptura,
2363 1773 2457 1831 sed
2485 1792 2550 1831 ex
2591 1775 2797 1832 inscitia
2829 1777 2968 1848 vulgi
3004 1785 3184 1832 natum
3221 1778 3534 1836 circumfer-

1949 1875 2054 1919 tur.
2108 1867 2385 1934 Quodnam
2436 1884 2595 1939 porro
2649 1869 2772 1924 inde
2819 1871 3059 1925 exoritur
3109 1871 3536 1928 detrimentum?

1949 1957 2093 2012 Multi
2121 1958 2396 2023 scelerati,
2425 1970 2476 2013 et
2515 1959 2928 2030 prarstigiatores
2951 2003 2970 2028 ,
2990 1967 3150 2031 atque
3174 1962 3537 2033 intemperan-

1951 2058 2053 2117 tes,
2082 2051 2170 2121 qui
2201 2065 2267 2106 nc
2293 2049 2436 2121 digni
2458 2051 2671 2121 quidem
2697 2059 2840 2120 sunt,
2863 2053 2951 2123 qui
2974 2054 3103 2108 solis
3128 2053 3284 2124 hujus
3311 2071 3540 2126 conspe-

1949 2153 2037 2197 ctu
2066 2142 2327 2208 fruantur,
2359 2154 2448 2198 aut
2485 2143 2698 2211 vivant,
2727 2153 2817 2199 aut
2847 2145 3010 2214 hujus
3031 2146 3147 2200 caeli
3170 2145 3412 2216 spiritum
3443 2147 3541 2202 du-

1950 2244 2096 2302 cant,
2124 2235 2303 2288 multis
2323 2235 2512 2305 apibus
2541 2233 2832 2302 abundant,
2853 2235 2979 2291 dum
3000 2236 3175 2291 omnia
3204 2237 3543 2304 subvertuut,

1951 2325 2230 2381 viduarum
2260 2325 2448 2381 domos
2473 2325 2753 2396 diripiunt,
2774 2327 3044 2396 orphanos
3068 2327 3317 2398 spoliant,
3349 2329 3541 2384 adver-

1953 2431 2044 2471 sus
2074 2415 2355 2471 inferiores
2376 2415 2693 2472 elferuntur.
2725 2416 2922 2472 Veiens
2949 2432 3079 2489 ergo
3099 2418 3343 2474 diabolus
3370 2419 3541 2475 homi-

1955 2506 2110 2562 nibus
2161 2507 2484 2577 persuadere
2535 2507 2746 2563 divitias
2818 2509 3054 2577 desuper
3116 2517 3278 2579 atque
3326 2521 3391 2565 ex
3450 2510 3558 2564 Dei.

1956 2598 2237 2669 largitione
2276 2611 2514 2667 manare,
2545 2608 2604 2654 ut
2641 2611 2707 2654 ex
2749 2597 2854 2654 hoc
2885 2611 3130 2670 magnam
3156 2597 3542 2671 blasphemiam

1957 2691 2183 2746 Domino
2227 2692 2518 2763 impingat,
2547 2699 2753 2762 sumpta
2787 2689 2887 2747 hac
2934 2691 3226 2764 Scriptura:
3280 2695 3558 2750 sententia.

1957 2798 2076 2854 qua:
2109 2784 2186 2840 sic
2215 2784 2411 2839 habet:
2445 2779 2616 2839 Meum
2645 2793 2717 2839 est
2741 2779 3040 2856 argentum,
3054 2793 3102 2839 et
3146 2802 3309 2840 meum
3337 2796 3408 2842 est
3455 2803 3547 2840 au-

1957 2893 2087 2942 rum,
2121 2876 2279 2930 aliam
2306 2893 2424 2947 qua:
2451 2877 2504 2932 in
2525 2876 2803 2948 Scriptura
2832 2893 2936 2934 non
2965 2886 3066 2944 est,
3099 2877 3292 2946 adjecit
3317 2879 3499 2934 dicens
3529 2896 3544 2932 :

1961 2966 2031 3022 Et
2076 2967 2160 3022 cui
2192 2967 2413 3022 voluero
2457 2967 2598 3023 dabo
2642 2967 2791 3023 illud.
2826 2970 2895 3023 At
2921 2983 3025 3023 non
3069 2969 3136 3023 ita
3167 2970 3292 3024 dicit
3321 2972 3548 3040 Aggzcns

1963 3058 2219 3129 pr0plieta
2247 3077 2259 3113 :
2289 3059 2382 3114 sed
2412 3073 2532 3114 cum
2558 3075 2621 3115 ex
2647 3059 2992 3116 barbarorum
3022 3061 3238 3133 regione
3265 3062 3561 3118 rediissent-

1959 3152 2150 3219 Judtei,
2179 3161 2233 3209 et
2262 3153 2605 3207 instauraturi
2638 3153 2892 3223 templum
2923 3162 3123 3220 essent,
3155 3161 3315 3225 atque
3340 3153 3404 3208 ad
3434 3154 3545 3224 pri-

1962 3245 2158 3300 slinum
2189 3243 2530 3316 splendorem
2562 3246 2796 3301 evecturi
2823 3287 2840 3312 ,
2867 3261 2988 3302 cum
3019 3249 3172 3317 egent
3197 3254 3378 3303 essent
3403 3255 3456 3302 et
3479 3246 3566 3304 ab.

1963 3333 2204 3391 hostibus
2247 3333 2584 3391 circumfusis
2632 3335 2878 3404 obsessi,
2908 3339 3071 3393 tnuita
3103 3346 3377 3408 premente
3416 3352 3555 3408 pau-

1965 3435 2168 3498 pertate
2191 3467 2215 3494 ,
2235 3442 2334 3482 nec
2373 3425 2493 3482 ulla:
2525 3427 2803 3483 facultates
2829 3428 3072 3484 alicunde
3101 3438 3422 3499 apparerent
3448 3473 3462 3494 ,
3494 3432 3556 3486 in

1964 3518 2249 3575 meliorem.
2285 3533 2433 3590 spem
2481 3519 2598 3576 illos
2627 3520 2812 3577 volens
2855 3522 3095 3592 erigere,
3131 3535 3193 3577 ac
3235 3523 3555 3593 persuadere

1966 3621 2022 3664 ut
2048 3611 2116 3666 de
2143 3609 2248 3666 line
2273 3613 2624 3680 contiderent,
2649 3627 2713 3668 ex
2743 3623 2968 3683 persona
2997 3614 3088 3669 Dei
3119 3613 3270 3681 dicit,
3287 3613 3454 3668 Meum
3479 3624 3552 3669 est

1964 3711 2249 3774 argentum,
2279 3713 2326 3755 et
2376 3717 2540 3757 meum
2587 3713 2660 3758 est
2699 3719 2878 3758 aurum
2897 3721 2923 3768 ;.
2943 3715 2996 3758 et
3034 3705 3128 3759 erit
3169 3706 3334 3776 gloria
3376 3705 3558 3760 domus

1965 3793 2118 3848 istius
2137 3793 2404 3847 novissima
2440 3807 2591 3864 super
2615 3796 2830 3860 primum
2859 3794 3019 3865 (Ibid.
3047 3812 3095 3849 υ.
3126 3796 3236 3866 10).

2037 3885 2322 3956 Scriptura:
2347 3886 2495 3940 verba
2518 3888 2768 3957 quomodo
2794 3889 3078 3943 tractanda.
3094 3888 3282 3944 —Sed
3304 3889 3429 3959 quid
3457 3889 3560 3944 hoc

1967 3979 2032 4034 ad
2058 3979 2386 4051 propositum
2403 3980 2427 4034 τ
2447 3980 2587 4035 dicet
2609 3981 2820 4051 aliquis.
2845 3981 2997 4050 Quod
3025 3995 3128 4035 non
3149 3989 3394 4050 oporteat
3413 3981 3559 4036 Scri-

1967 4083 2135 4145 ptura:
2163 4072 2454 4129 sententias
2490 4082 2692 4128 temere
2720 4073 2957 4143 arripere
2980 4114 2994 4136 ,
3025 4081 3184 4142 atque
3220 4085 3249 4125 a
3277 4071 3418 4126 serie
3445 4087 3550 4126 ser-

1969 4165 2141 4220 monis
2169 4173 2222 4220 et
2259 4165 2554 4236 argumenti
2597 4163 2852 4220 afﬁnitate
2880 4162 3139 4219 divellere
3169 4181 3183 4218 :
3211 4176 3382 4232 neque
3419 4162 3560 4217 nuda

1967 4261 2128 4315 verba
2149 4257 2405 4315 sumenda
2427 4260 2552 4324 sint,
2582 4271 2876 4328 eorumque
2900 4254 3137 4312 subsidio
3163 4255 3414 4312 destituta
3443 4270 3562 4323 qua:

1967 4363 2262 4423 sequuntur
2281 4360 2372 4407 aut
2391 4352 2720 4424 prtecedunt,
2743 4358 2800 4406 ut
2819 4365 2916 4422 per
2935 4366 2995 4406 ea
3019 4361 3219 4406 temere
3237 4349 3560 4404 calumniam

1968 4456 2237 4501 strnamus
2263 4455 2316 4501 et
2343 4445 2672 4501 cavillemur.
2704 4446 2902 4501 Annon
2946 4444 3088 4500 enim
3115 4441 3402 4499 absurdum
3442 4451 3524 4497 est
3544 4483 3559 4506 ,

1971 4548 2027 4592 ut
2056 4539 2107 4593 in
2135 4536 2346 4608 judiciis
2367 4538 2604 4609 quidem,
2635 4538 2722 4592 ttbi
2744 4539 2810 4594 de
2835 4537 2996 4594 rebus
3015 4534 3362 4591 sa'cuiaribus
3387 4535 3560 4590 disce-

1971 4639 2202 4700 ptamus,
2230 4630 2406 4685 omnia
2431 4630 2550 4701 jura
2581 4641 2758 4684 nosu'a
2787 4631 2840 4684 in
2866 4627 3100 4686 medium
3128 4627 3476 4698 proferamus,
3509 4635 3562 4681 et

1971 4719 2082 4776 loca
2104 4765 2119 4788 ,
2151 4732 2420 4791 tempora,
2457 4735 2665 4785 causas,
2703 4733 2960 4791 personas
2986 4761 3001 4783 ,
3033 4719 3241 4788 aliaque
3281 4717 3560 4771 innumera

1971 4811 2327 4882 producamus
2347 4852 2362 4879 ,
2394 4827 2513 4866 cum
2545 4825 2674 4866 vero
2717 4814 2870 4866 nobis
2905 4811 2974 4865 de
3000 4809 3104 4862 vita
3131 4816 3326 4863 azterna
3369 4823 3562 4878 propo-

1969 4905 2126 4958 situm
2148 4904 2217 4960 sit
2236 4913 2526 4969 certamen,
2560 4913 2758 4959 temere
2782 4912 2836 4958 et
2863 4903 3252 4959 inconsiderate
3271 4899 3564 4970 Seriphum

1970 4995 2083 5050 ioca
2112 4994 2486 5066 proferamus?
2513 4996 2590 5050 Ac
2622 4996 2790 5065 legem
2817 4993 3033 5064 quidem
3061 4993 3258 5064 regiam
3288 5009 3450 5049 neruo
3477 5001 3559 5050 tc-

1970 5101 2118 5142 mere
2139 5096 2190 5141 et
2213 5085 2604 5142 inconsiderate
2629 5085 2888 5151 rccitablt,
2919 5085 3012 5142 sed
3035 5085 3136 5142 nisi
3161 5095 3369 5158 tempus
3390 5093 3559 5150 notet,

1969 5195 2031 5235 ac
2060 5179 2415 5250 legislaturem
2445 5177 2720 5248 designet,
2761 5186 2815 5233 et
2839 5179 3100 5249 integram
3131 5179 3272 5233 illam
3304 5185 3461 5249 atque
3493 5175 3560 5229 il-

1971 5273 2187 5327 libatam
2250 5279 2551 5342 proponat,
2599 5271 2887 5343 castigatur
2937 5272 3356 5343 gravissimaque
3403 5282 3556 5339 pinna

1969 5363 2253 5418 mulctatur
2281 5383 2294 5419 :
2327 5375 2423 5417 nos
2453 5376 2580 5417 vero
2605 5362 2730 5417 dum
2759 5379 2862 5418 non
2894 5363 3065 5433 legem
3096 5363 3380 5417 humanam
3406 5399 3421 5424 ,
3460 5358 3554 5412 sed

1901 5460 1911 5472 '
1970 5470 2253 5532 supernam
2280 5471 2341 5510 ac
2363 5453 2428 5510 de
2452 5455 2583 5510 cmio
2603 5454 2874 5527 delapsam
2895 5455 3202 5515 recitamus,
3228 5460 3424 5506 tantam
3447 5462 3556 5517 pra:

1973 5550 2121 5606 nobis
2144 5548 2524 5620 negligentiam
2550 5549 2801 5617 feremus,
2826 5556 2881 5602 ut
2902 5543 3018 5616 ejus
3043 5552 3221 5615 partes
3237 5556 3299 5598 ac
3321 5536 3555 5597 membra
