4048 6208
619 163 726 223 159

617 273 1017 350 disCerpamus?
1045 272 1174 341 Quis
1210 270 1311 326 hoc
1341 269 1492 333 venia
1531 266 1750 338 dignum
1784 265 2038 323 censeat?
2068 261 2202 318 For-

621 382 769 424 tasse
794 366 932 432 ultra
980 363 1197 419 modum
1237 352 1531 418 orationem
1558 355 1824 440 produxi,
1871 366 1925 410 at
1955 370 2059 411 non
2089 354 2208 437 sine

615 478 799 526 «enisa.
832 473 1013 527 verum
1046 465 1102 511 ιιι
1128 470 1159 519 a
1193 468 1351 525 prava
1381 432 1772 507 consuetudine
1801 462 1896 504 vos
1924 432 2206 502 abducam.

615 553 692 618 Nc
718 553 875 624 igitur
898 548 1268 623 defatigemur,
1288 545 1461 602 donec
1487 544 1554 608 ad
1576 542 1738 600 linem
1768 541 2202 612 pervenerimus:

618 623 897 715 propterea
928 623 1161 712 namque
1185 639 1294 695 nati
1324 653 1532 701 sumus,
1560 637 1666 690 non
1696 644 1755 699 ut
1782 633 2003 693 edamus
2033 649 2097 688 ac
2124 633 2204 687 bi-

617 739 810 791 bamus
832 777 846 800 ,
868 744 923 791 et
944 734 1228 789 induantur
1245 771 1261 796 ,
1291 729 1384 786 sed
1410 739 1468 785 ut
1490 728 1679 791 vitium
1705 725 1967 797 fugiamus
1988 766 2004 794 ,
2035 736 2099 780 ac
2126 722 2209 777 di-

613 830 793 881 vinam
814 824 1040 895 amplexi
1060 818 1451 892 philosophiam
1472 817 1718 879 virtutem
1738 825 2023 873 sectemur.
2044 813 2206 869 Natos

616 919 756 985 cnim
778 930 902 972 esse
928 928 1030 969 nos
1055 927 1158 968 non
1172 897 1244 967 ἰιι
1266 910 1492 968 edamus
1516 924 1581 966 ae
1604 909 1868 975 bibamus,
1897 906 1992 964 sed
2012 906 2080 962 ad
2102 906 2205 961 alia

614 1011 858 1080 quaedam
901 1008 1069 1079 multo
1113 1005 1319 1077 majora
1360 1003 1689 1074 melioraque
1731 1000 2029 1073 praestanda
2053 1040 2070 1065 ,
2099 1014 2206 1070 quo

617 1115 774 1188 pacto
800 1103 940 1172 Deus
961 1100 1173 1179 doceat,
1194 1098 1339 1164 audi,
1362 1104 1416 1153 et
1440 1111 1599 1167 quam
1627 1093 1814 1150 atlerat
1842 1107 2056 1150 causam
2082 1106 2205 1162 pro-

616 1183 735 1269 pter
760 1213 918 1269 quam
943 1194 1214 1263 hominem
1237 1190 1551 1263 prperearit.
1581 1188 1717 1245 Cum
1744 1185 1890 1243 enim
1922 1185 2071 1240 illum
2095 1183 2204 1239 for-

594 1298 822 1359 anarct,
858 1287 943 1343 Itis
983 1285 1159 1342 verbis
1202 1298 1329 1352 usus
1370 1290 1493 1339 est:
1530 1278 1805 1347 Faciamus
1841 1277 2095 1332 hominem
2136 1274 2206 1328 ad

616 1383 883 1453 imaginem
924 1387 1149 1434 nostram
1213 1386 1260 1432 et
1295 1375 1363 1430 ad
1390 1370 1768 1439 similitudinem
1794 1368 1957 1442 (Gen.
1990 1369 2038 1424 l.
2070 1366 2141 1422 26
2158 1366 2203 1440 ).

689 1475 743 1529 4.
789 1472 896 1543 Deo
957 1470 1209 1542 quomodo
1248 1466 1437 1522 similes
1478 1464 1772 1537 efﬁciamur.
1795 1491 1867 1501 —
1887 1460 2054 1531 Porro
2093 1459 2205 1514 Deo

617 1564 822 1634 similes
847 1544 1120 1630 reddimur
1141 1576 1246 1615 non
1275 1557 1404 1625 dum
1446 1553 1813 1618 comedimus,
1841 1551 2092 1620 bibimus,
2115 1556 2203 1604 aut

620 1656 889 1723 induimur
914 1670 929 1718 ;
958 1654 1097 1722 Deus
1138 1651 1281 1721 enim
1312 1665 1487 1721 neque
1525 1647 1799 1717 comedit,
1826 1659 2003 1722 neque
2029 1643 2200 1710 bibit,

617 1762 791 1822 neque
820 1745 1055 1817 induitur
1084 1762 1097 1799 :
1131 1743 1224 1811 sed
1249 1743 1377 1798 dum
1399 1733 1661 1822 justitiam
1687 1728 2023 1801 exercemus,
2053 1734 2203 1795 beni-

615 1820 869 1919 gnitatem
890 1835 1225 1905 exhibemus,
1248 1820 1411 1903 mites
1425 1841 1480 1889 et
1499 1829 1723 1898 modesti
1744 1844 1808 1898 ac
1828 1825 2207 1898 misericordes

587 1990 591 1995 ,
617 1934 671 1987 in
701 1930 943 2002 proximo
962 1943 1171 1997 sumus,
1198 1927 1450 1997 virtutem
1470 1941 1688 1993 omnem
1709 1932 2013 1991 sectamur:
2045 1918 2202 1993 siqui-

594 2024 738 2095 dem
765 2039 1051 2081 commune
1075 2023 1230 2091 nobis
1251 2029 1336 2088 est
1361 2021 1492 2085 illud
1516 2036 1637 2087 cum
1664 2017 1964 2079 belluarum
1990 2022 2202 2084 natura,

613 2118 757 2207 quod
800 2116 1130 2175 comedimus
1166 2111 1223 2172 et
1248 2114 1478 2186 bibimus
1501 2151 1519 2178 ,
1565 2125 1740 2182 neque
1780 2107 2070 2193 quidquam
2099 2104 2202 2173 illis

613 2194 715 2267 liae
741 2209 794 2264 in
825 2224 883 2264 re
910 2216 1246 2279 prmstamus.
1283 2202 1437 2260 Unde
1471 2216 1601 2275 ergo
1623 2201 1682 2257 tit
1701 2242 1717 2266 ,
1747 2209 1806 2255 ut
1831 2198 1930 2254 illis
1959 2194 2200 2263 anteccl;

613 2302 833 2371 lamus?
859 2299 1011 2368 Quod
1039 2297 1285 2353 nimirum
1315 2297 1383 2368 ad
1407 2282 1691 2367 imaginem
1711 2301 1766 2359 et
1800 2288 2199 2361 similitudinem

614 2396 709 2465 Dei
735 2375 931 2461 conditi
962 2393 1149 2447 simus.
1180 2389 1258 2445 Ne
1287 2388 1447 2459 igitur
1470 2386 1821 2456 defatigemur
1841 2382 1967 2438 dum
1995 2394 2198 2442 sermo-

616 2500 739 2553 nem
766 2484 834 2540 dc
878 2482 1072 2555 virtute
1103 2480 1428 2549 instituimus
1454 2518 1470 2544 ,
1512 2476 1606 2533 sed
1635 2475 1852 2543 allatam
1882 2473 1936 2527 in
1962 2471 2199 2539 medium

613 2575 980 2653 propheticam
1007 2574 1142 2645 hanc
1164 2571 1483 2628 sententiam
1504 2567 1787 2639 diligenter
1812 2561 2195 2635 expendamus,

611 2670 731 2741 quis
754 2684 874 2724 eam
890 2664 1761 2743 protulerit,etquorumcausa,et
1784 2672 1891 2729 quo
1919 2666 2160 2728 tempore
2179 2697 2195 2722 ,

607 2773 666 2820 ct
691 2775 849 2830 quem
880 2759 1191 2828 alloquens,
1217 2762 1275 2821 et
1305 2768 1413 2826 quo
1446 2753 1501 2809 in
1526 2760 1668 2809 statu
1695 2766 1783 2808 res
1824 2759 1936 2806 tum
1975 2758 2154 2805 essent
2177 2789 2195 2816 ,

608 2852 792 2927 omnia
821 2850 1036 2907 demum
1068 2845 1486 2925 pervestigemus
1509 2885 1527 2914 ,
1568 2858 1689 2915 qua:
1726 2840 1797 2909 ad,
1821 2838 2199 2910 inveniendum

507 2976 531 3000 .
608 2948 725 3003 usui
756 2957 880 3002 esse
906 2950 1150 3023 possunt.
1178 2939 1232 3009 is,
1256 2936 1494 3011 quidem,
1523 2935 1613 3006 qui
1645 2932 1904 3011 protulit,
1933 2930 2198 3000 ieremias

605 3051 688 3107 est
715 3021 999 3110 propheta,
1020 3032 1146 3104 dum
1168 3046 1276 3101 non
1298 3029 1512 3102 quidem
1535 3042 1633 3099 pro
1653 3041 1734 3095 se,
1754 3038 1935 3089 verum
1963 3037 2059 3105 pro
2078 3021 2199 3076 aliis

607 3150 798 3206 preces
814 3133 1052 3199 ollerret,
1076 3142 1172 3198 pro
1191 3124 1391 3192 iudicis
1411 3122 1652 3194 ingratis,
1671 3117 1914 3190 stupidis,
1941 3116 2032 3190 qui
2052 3115 2199 3186 nullo

606 3226 769 3293 modo
777 3224 967 3302 corrigi
987 3227 1249 3293 poterant,
1268 3218 1354 3287 qui
1375 3214 1548 3301 puniri
1563 3212 1827 3283 debebant
1840 3252 1859 3279 ,
1880 3217 1936 3266 et
1956 3219 2203 3277 extremo

604 3317 865 3389 supplicio
881 3300 1147 3386 mulctari,
1166 3313 1233 3368 de
1252 3300 1446 3384 quibits
1464 3306 1592 3363 dicit
1613 3304 1691 3373 illi
1716 3303 1856 3371 Deus
1875 3321 1891 3373 :_
1910 3300 2036 3357 Noli
2053 3317 2200 3389 orare

606 3427 699 3485 pro
738 3408 924 3480 populo
954 3407 1048 3461 hoc
1072 3447 1090 3474 ,
1117 3407 1237 3477 quia
1272 3420 1375 3471 non
1412 3398 1687 3458 exaudiam
1725 3404 1773 3451 te
1799 3393 1944 3485 (εἷεν.
1984 3392 2037 3446 7ο
2066 3388 2193 3463 16)-

584 3481 685 3565 ,Ᾰο
724 3499 966 3556 nonnulli
1005 3497 1222 3568 quidem
1280 3494 1381 3562 hoc
1422 3492 1493 3563 de
1530 3484 2054 3546 Nabuchodonosore
2089 3481 2197 3549 diei

607 3599 888 3651 autumant
920 3603 934 3639 :
970 3604 1091 3643 nam
1116 3587 1368 3658 quoniam
1412 3582 1613 3653 bellum
1646 3580 1752 3637 illis
1780 3583 1899 3635 erat
1939 3573 2198 3641 barbarus

604 3687 867 3751 illaturus,
892 3681 1184 3751 urbemque
1206 3676 1498 3742 delcturus,
1523 3684 1681 3747 atque
1706 3670 1950 3728 abductis
1971 3665 2197 3739 captivis

604 3778 846 3847 abiturus
865 3817 883 3839 ,
910 3790 1032 3830 cum
1061 3758 1384 3844 persuadere
1408 3770 1656 3824 omnibus
1684 3766 1883 3837 vellet,
1926 3780 2032 3819 non
2067 3776 2193 3819 cum

606 3870 820 3940 propria
850 3868 1045 3935 virtute
1068 3866 1150 3921 vel
1180 3864 1415 3941 potentia
1442 3863 1711 3918 civitatem
1737 3867 2193 3930 expugnaturum,

604 3964 700 4027 sed
726 3964 797 4020 ob
834 3964 1054 4029 istorum
1084 3968 1298 4032 peccata
1324 3999 1341 4026 ,
1381 3958 1492 4013 Deo
1521 3954 1720 4011 bellum
1756 3952 1888 4008 illud
1931 3960 2152 4023 gerente
2175 3990 2191 4016 ,

606 4071 767 4131 atque
792 4058 1051 4115 adversus
1075 4055 1264 4121 urbem
1289 4066 1443 4118 suam
1481 4049 1630 4117 illum
1669 4046 1968 4103 deducente
1988 4087 2005 4110 ,
2034 4045 2155 4100 Scio
2173 4085 2190 4110 ,

608 4154 844 4217 Domine,
867 4150 1058 4222 inquit,
1081 4149 1202 4220 quia
1225 4164 1327 4202 non
1354 4155 1426 4200 est
1470 4145 1522 4199 in
1547 4142 1749 4198 homine
1773 4142 1852 4210 qia
1870 4141 2003 4212 ejus,
2034 4153 2194 4208 neque

606 4251 755 4313 homo
783 4245 894 4313 ibit,
925 4254 971 4299 et
992 4243 1173 4314 diriget
1201 4256 1425 4313 gressum
1446 4254 1611 4308 suum.
1639 4239 1876 4305 Quorum
1904 4234 2191 4300 verborum

609 4342 693 4402 hic
721 4353 912 4407 sensus
937 4345 1021 4392 est
1052 4353 1066 4389 :
1100 4334 1225 4394 llaec
1253 4333 1339 4390 via
1361 4373 1376 4398 ,
1404 4331 1609 4403 inquit,
1636 4344 1739 4399 qua
1766 4341 1907 4381 nunc
1933 4323 2196 4381 barbarus

606 4430 826 4501 incedit,
847 4429 972 4488 dum
999 4428 1153 4482 nobis
1183 4426 1288 4492 hoc
1302 4426 1501 4493 bellum
1525 4425 1700 4489 int'ert,
1733 4439 1839 4477 non
1859 4419 1928 4485 ab
1947 4421 2064 4490 ipso
2084 4428 2189 4487 est,

608 4536 781 4591 neque
805 4519 1027 4583 feliciter
1054 4517 1251 4583 bellum
1280 4515 1418 4582 istud
1444 4515 1692 4585 centecit,
1718 4529 1782 4573 ac
1805 4511 2084 4592 victoriam
2102 4526 2192 4566 re-

605 4613 877 4684 portavit;
911 4626 976 4666 ac
1001 4609 1103 4678 nisi
1149 4618 1204 4673 tu
1231 4622 1331 4678 nos
1373 4608 1432 4675 in
1470 4606 1587 4677 ejus
1627 4619 1814 4670 manus
1843 4600 2191 4672 tradidisscs,

607 4698 896 4776 numquam
920 4708 1303 4777 expugnasset,”
1330 4707 1423 4754 aut
1451 4698 1687 4757 vicisset.
1727 4696 1930 4762 Idcirco
1964 4708 2185 4765 precor,

605 4801 797 4871 inquit,
825 4814 890 4855 ac
908 4798 1132 4869 supplex
1161 4810 1281 4861 oro,
1309 4792 1523 4865 quando
1552 4791 1627 4857 ita
1651 4790 1743 4845 tibi
1770 4789 1873 4855 hoc
1897 4789 2071 4853 visum
2088 4796 2190 4855 cst,

606 4902 667 4945 nt
694 4891 955 4962 supplicio
984 4890 1175 4945 modus
1202 4887 1546 4953 adhibeatur,
1579 4884 1789 4955 Corripe
1816 4897 2045 4954 namque
2071 4898 2190 4948 nos,

607 4985 813 5054 inquit,
835 4992 1175 5038 uerumtamen
1204 4982 1255 5036 in
1274 4980 1512 5053 judicia,
1541 4988 1586 5038 et
1616 4994 1717 5043 non
1743 4978 1800 5030 in
1822 4980 1994 5047 furore
2038 4972 2191 5044 (λετ.

586 5077 698 5135 ,40.
723 5075 794 5130 ‘24
814 5076 857 5145 )i.
885 5075 992 5131 Sed
1018 5076 1269 5146 quoniam
1301 5074 1423 5129 huic
1461 5071 1783 5142 expositioni
1821 5069 2195 5128 contradicunt

606 5167 875 5235 nonnulli,
897 5183 1072 5238 neque
1092 5167 1302 5227 barbari
1323 5181 1484 5235 causa
1504 5166 1703 5221 dictum
1727 5164 1829 5223 hoc
1848 5176 1969 5227 esse
1990 5161 2193 5226 volunt,

608 5259 705 5316 sed
728 5258 797 5314 de
816 5258 1086 5323 communi
1111 5257 1383 5320 hominum
1406 5268 1615 5325 natura,
1636 5255 1993 5319 necessarium
2015 5261 2096 5307 est
2140 5260 2197 5305 ut

608 5368 731 5419 cum
760 5349 879 5405 istis
902 5348 1259 5416 dcccrtenius.
1287 5349 1420 5416 Quid
1445 5365 1574 5418 ergo
1613 5361 1893 5417 possumus
1920 5345 2001 5401 his
2030 5359 2195 5412 uppe-

613 5442 783 5499 ncrel
809 5440 1069 5510 Quoniam
1097 5455 1194 5511 pro
1222 5439 1525 5494 hominibus
1554 5439 1738 5504 orabat
1763 5477 1777 5500 ,
1823 5435 1910 5506 qui
1939 5449 2193 5504 peccave-

609 5548 729 5592 l‘illtl
752 5577 768 5603 ,
803 5551 898 5607 pro
940 5534 1133 5606 quibus
1174 5550 1327 5589 orare
1371 5549 1513 5602 saepe
1557 5531 1853 5601 prohibitus
1891 5537 2007 5585 erat
2034 5546 2046 5582 :
2078 5543 2196 5597 pto-

610 5639 795 5698 ptcrca
820 5638 1008 5698 curat,
1042 5636 1099 5696 ut
1141 5626 1326 5684 civitas
1365 5625 1508 5697 prior
1533 5624 1705 5696 lugeat
1736 5637 1748 5676 :
1779 5635 1902 5676 nam
1948 5616 2196 5691 quosnam

1354 152 1412 210 S.
1451 148 1731 217 lOANNlS
1768 139 2240 211 CIlRYSObTOllI
2283 90 2598 211 ARCiilEP.
2636 147 3167 211 CONSTANTINOP.

3788 160 3890 218 160

2311 262 2526 319 assidue
2568 263 2801 335 dicebat,
2826 267 2943 324 Noli
2968 284 3123 327 orare
3146 286 3243 342 pro
3269 271 3369 329 illis
3387 314 3404 341 ,
3429 287 3549 333 eam
3574 273 3742 350 ipsam
3766 294 3887 348 qua:

2309 353 2635 426 benignitate
2655 357 2920 430 indigebat
2940 362 3168 431 priorem
3189 363 3470 434 submittit,
3493 376 3551 422 ut
3566 382 3749 424 ansam
3769 370 3895 429 inde

2308 447 2538 519 aliquam
2555 458 2610 506 et
2624 451 2920 521 speciosam
2935 456 3269 513 occasionem
3287 457 3505 528 arripiat
3526 474 3626 531 pro
3656 459 3758 517 illis
3781 462 3893 517 Deo

2310 557 2500 613 preces
2550 542 2829 611 otl'erendi,
2858 556 3019 616 atque
3045 547 3113 604 ad
3141 550 3308 619 ipsam
3354 549 3537 622 dirigit
3559 554 3858 610 orationem
3876 597 3893 619 ,

2306 635 2505 704 aitque,
2547 633 2638 693 γω
2658 636 2949 691 contritioni
2972 647 3074 693 tute
3098 653 3119 693 :
3141 639 3334 695 doloris
3356 640 3507 711 plena
3537 651 3612 696 est
3633 644 3781 714 plaga
3806 653 3896 696 tua

2307 725 2440 795 (Jer.
2468 726 2815 800 10.19-22).
2843 728 2978 784 Τιιηι
3000 730 3116 785 iniit
3135 729 3222 786 illa
3248 730 3262 786 ὲ
3287 730 3454 787 Plane
3474 733 3568 788 hoc
3602 745 3677 788 est
3711 734 3897 790 vulnus

2308 833 2493 886 meum,
2517 818 2896 875 tabernaculum
2922 837 3087 875 meum
3112 822 3279 892 periit,
3302 823 3458 894 pelles
3486 841 3610 880 mea:
3630 827 3894 880 conscissa:

2305 920 2444 979 sunt,
2470 911 2568 980 ﬁlii
2592 913 2688 971 mei
2716 922 2763 967 et
2786 929 2900 970 oves
2928 929 3053 968 mea:
3074 915 3301 969 exierunt
3327 933 3358 969 η
3392 933 3505 984 me,
3535 927 3583 972 et
3620 935 3722 973 non
3745 930 3890 973 sunt.

2309 998 2548 1058 Pastores
2579 1004 2674 1059 mei
2698 1006 2849 1061 stulte
2872 1015 3120 1078 egerunt,
3144 1017 3191 1060 et
3224 1006 3495 1063 Dominum
3521 1026 3621 1064 non
3647 1011 3891 1081 exquisie-

2308 1102 2450 1147 rnnt.
2488 1093 2602 1150 l'oa:
2628 1097 2909 1153 auditionis
2947 1098 3079 1152 venit
3099 1137 3114 1163 ,
3142 1108 3190 1152 rt
3217 1100 3561 1158 eommotionis
3599 1117 3797 1172 magna-
3830 1102 3892 1159 ab

2305 1184 2540 1254 aquilone
2554 1226 2571 1254 ,
2594 1196 2647 1239 ut
2673 1196 2828 1257 ponat
2843 1186 3065 1243 civitates
3094 1187 3127 1242 ,Ι
3135 1188 3235 1242 uda
3247 1188 3299 1242 in
3319 1189 3711 1258 desolationem,
3734 1200 3779 1246 et
3796 1208 3888 1248 eu-

2307 1275 2406 1333 bile
2431 1294 2710 1348 passerum.
2733 1278 2933 1340 Deinde
2957 1288 3233 1350 postquam
3251 1280 3340 1335 illa
3365 1296 3518 1337 suam
3535 1282 3888 1344 calamitatem

2305 1365 2621 1437 deploravit,
2664 1364 2847 1440 adjicit
2878 1387 2892 1423 :
2925 1368 3170 1436 Domine,
3193 1386 3293 1424 non
3314 1381 3388 1424 est
3418 1372 3636 1426 hominis
3656 1374 3736 1426 aia
3759 1375 3884 1441 ejus.

2305 1459 2440 1528 Quid
2468 1459 2671 1529 igitur?
2693 1461 2819 1530 quia
2841 1461 3185 1531 lamentatur,
3211 1463 3357 1519 dicet
3381 1465 3590 1535 aliquis,
3622 1469 3888 1537 pernicio-

2300 1568 2422 1608 sum
2461 1553 2653 1624 dogma
2698 1555 2751 1608 in
2798 1554 3056 1613 mundum
3111 1555 3352 1625 invexit,
3400 1566 3579 1612 nostra
3628 1567 3890 1629 potestate

2305 1659 2404 1704 hos
2430 1645 2666 1715 privans,
2690 1655 2745 1701 et
2769 1645 3067 1714 afﬁrmans,
3096 1662 3203 1703 non
3232 1662 3352 1704 esse
3374 1649 3578 1704 arbitrii
3608 1653 3775 1706 nostri
3804 1668 3892 1707 res

2303 1734 2610 1807 gerendas?
2631 1735 2977 1807 Nequaquam
3003 1778 3019 1804 ,
3055 1736 3153 1793 sed
3189 1746 3246 1794 et
3274 1737 3400 1793 dum
3446 1740 3766 1796 lamentatur
3788 1783 3804 1806 ,
3837 1743 3892 1797 iit

2303 1829 2606 1891 conﬁrmat.
2638 1827 2774 1884 Cum
2798 1830 2944 1885 enim
2983 1829 3242 1897 dixisset,
3291 1829 3414 1886 Non
3441 1841 3513 1885 est
3553 1834 3772 1888 hominis
3812 1834 3892 1888 via

2303 1924 2414 1994 ejus
2441 1964 2458 1989 ,
2485 1923 2705 1982 minime
2735 1923 2923 1990 tacuit,
2953 1921 3047 1978 sed
3078 1922 3294 1994 adjecit,
3323 1922 3502 1995 Neque
3525 1925 3675 1980 homo
3700 1927 3811 1987 ibit,
3839 1938 3887 1985 et

2301 2014 2484 2085 diriget
2510 2030 2734 2085 gressum
2761 2030 2932 2071 suum.
2975 2012 3129 2082 Quod
3155 2023 3334 2069 autem
3357 2014 3482 2089 dicit
3509 2014 3645 2071 hanc
3671 2026 3891 2071 senten-

2303 2105 2428 2171 tiam
2461 2104 2616 2161 habet
2650 2104 2805 2160 :Non
2838 2113 3006 2161 totum
3035 2114 3117 2162 est
3143 2104 3196 2159 in
3239 2113 3420 2160 nostra
3462 2114 3724 2176 potestate
3745 2149 3761 2171 ,
3795 2109 3891 2163 scd

2300 2198 2442 2267 aliud
2472 2197 2687 2270 quidem
2734 2197 2786 2253 in
2824 2207 3003 2253 nostra
3028 2238 3044 2263 ,
3065 2196 3208 2252 aliud
3240 2212 3368 2253 vero
3404 2197 3456 2252 in
3502 2197 3592 2253 Dei
3617 2200 3782 2257 situm
3809 2212 3891 2254 est

2301 2298 2582 2369 potestate.
2615 2290 2748 2361 Nam
2782 2299 2839 2344 ut
2862 2289 3062 2361 optima
3090 2304 3314 2360 qumque
3335 2290 3612 2360 eligamus,
3639 2291 3888 2355 velimus,

2301 2390 2356 2438 et
2377 2396 2540 2450 agere
2571 2379 2955 2443 contendamus
2980 2421 2996 2446 ,
3025 2393 3351 2450 omnemque
3387 2379 3620 2436 laborem
3649 2381 3892 2438 exantle-

2302 2486 2440 2541 mus,
2472 2470 2640 2530 nostri
2666 2478 2750 2529 est
2775 2470 2982 2525 arbitrii
3015 2488 3030 2526 :
3064 2479 3122 2525 ut
3144 2480 3329 2524 autem
3349 2468 3414 2524 ad
3442 2470 3642 2525 exitum
3678 2487 3743 2525 ea
3773 2488 3893 2541 per—

2299 2563 2578 2629 ducamus,
2607 2577 2780 2633 neque
2807 2561 3125 2623 intercidere
3144 2561 3410 2628 sinamus,
3431 2544 3607 2632 utque
3630 2563 3698 2616 ad
3728 2562 3891 2617 tinem

2299 2666 2444 2715 recte
2473 2655 2729 2711 factorum
2754 2654 3149 2725 perveniamus,
3173 2653 3225 2708 id
3248 2667 3376 2707 vero
3399 2651 3626 2708 cmicstis
3655 2663 3740 2708 est
3760 2668 3887 2724 gra-

2299 2747 2406 2802 tiae.
2437 2747 2671 2802 Partitus
2694 2744 2838 2801 enim
2885 2753 2970 2799 est
3013 2743 3289 2799 nobiscum
3330 2742 3583 2797 virtutem
3622 2742 3765 2797 Deus
3787 2786 3801 2807 ,
3832 2753 3892 2801 ct

2299 2856 2472 2912 neque
2492 2854 2604 2904 rem
2627 2847 2789 2893 totam
2815 2837 2867 2892 in
2887 2845 3066 2892 nostra
3092 2837 3247 2892 sitam
3270 2850 3391 2892 esse
3413 2834 3579 2891 voluit
3596 2843 3891 2906 potestate,

2301 2950 2369 2990 ne
2398 2934 2450 2988 in
2497 2932 2804 3004 superbiam
2834 2930 3120 2986 etl'eramur
3142 2971 3158 2997 ,
3206 2945 3378 3000 neque
3424 2935 3592 2985 totum
3621 2927 3721 2983 sibi
3773 2928 3891 2998 ipse

2299 3024 2545 3099 sumpsit,
2578 3037 2648 3079 ne
2676 3037 2774 3087 nos
2801 3021 3009 3089 inertia:
3037 3020 3296 3085 dedamus
3325 3037 3338 3074 :
3367 3019 3463 3075 sed
3487 3019 3738 3088 exiguum
3757 3018 3892 3087 quid

2299 3117 2568 3174 laboribus
2610 3115 2806 3172 nostris
2848 3115 3191 3184 relinquens,
3215 3112 3475 3191 majorem
3522 3122 3729 3184 partem
3771 3111 3891 3181 ipso

2297 3210 2530 3268 coniicit.
2576 3209 2644 3267 Ut
2669 3210 2811 3266 enim
2840 3208 3073 3264 sciamus
3093 3247 3109 3271 ,
3136 3221 3244 3277 quo
3283 3215 3437 3276 pacto
3464 3204 3511 3260 si
3558 3219 3648 3259 res
3674 3213 3785 3258 tota
3835 3204 3893 3261 in

2297 3312 2561 3376 potestate
2590 3311 2773 3358 nostra
2802 3299 3011 3366 fuisset,
3043 3299 3239 3353 multos
3262 3296 3312 3352 id
3344 3297 3396 3352 in
3419 3294 3729 3366 superbiam
3749 3296 3893 3365 egis-

2296 3404 2400 3463 set,
2428 3396 2483 3452 et
2506 3393 2804 3459 extulisset,
2829 3390 3107 3445 audiamus
3132 3386 3258 3460 quid
3289 3386 3591 3443 Phariszeus
3612 3385 3757 3440 dicat
3779 3426 3796 3452 ,
3831 3386 3886 3439 in

2296 3496 2548 3557 quantam
2578 3482 2913 3541 insolentiam
2943 3480 3113 3537 elatus
3145 3489 3322 3547 esset,
3350 3494 3456 3550 quo
3497 3484 3654 3548 pacto
3685 3477 3901 3548 magni-

2298 3580 2398 3647 tiee
2415 3579 2741 3649 loqueretur,
2765 3591 2928 3648 seque
2952 3575 3045 3631 toti
3073 3574 3190 3630 orbi
3216 3582 3479 3628 terrarum
3503 3571 3739 3627 lastuose
3761 3584 3896 3639 prae.

2297 3674 2459 3739 [erret
2500 3672 2677 3741 (Luc.
2709 3671 2839 3742 18).
2865 3671 3152 3740 Propterea
3194 3683 3299 3722 non
3346 3675 3403 3721 ut
3426 3673 3596 3721 totum
3652 3680 3685 3718 a
3732 3662 3897 3719 nobis

2296 3766 2585 3838 penderet,
2618 3764 2815 3842 etl'ccit,
2843 3761 3082 3835 quinimo
3121 3758 3385 3830 permisit,
3412 3765 3468 3812 ut
3493 3756 3545 3810 in
3574 3768 3759 3810 nostra
3790 3770 3890 3824 po-

2297 3869 2489 3923 testate
2511 3857 2710 3929 aliquid
2732 3864 2909 3924 esset,
2937 3864 2997 3910 ut
3027 3869 3125 3913 nos
3143 3852 3265 3924 jure
3285 3865 3351 3916 ac
3374 3849 3568 3904 merito
3589 3848 3889 3903 eoronandi

2294 3955 2592 4027 speciosam
2611 3950 2949 4006 occasionem
2976 3942 3259 4017 arriperet.
3286 3944 3461 4012 Atque
3485 3939 3588 3995 hoc
3615 3939 3704 3993 illa
3730 3953 3891 4008 para-

2294 4048 2416 4104 bola
2444 4041 2811 4115 declaravit,in
2830 4055 2933 4111 qua
2953 4035 3353 4102 dicit,homines
3377 4033 3518 4103 circa
3545 4030 3892 4087 undecimam

2296 4139 2480 4210 horam
2512 4136 2755 4190 inventos
2792 4146 2852 4187 se
2878 4130 2931 4185 in
2960 4129 3168 4184 vineam
3207 4125 3273 4180 ad
3302 4122 3629 4195 operandam
3673 4122 3895 4176 misisse

2299 4227 2508 4301 (Matth.
2534 4226 2626 4281 20.
2656 4224 2709 4289 6.
2735 4238 2843 4294 sqq.
2862 4218 2907 4291 ).
2936 4217 3171 4285 Tametsi
3206 4215 3332 4288 quid
3363 4214 3571 4284 operari
3602 4211 3892 4279 undecima

2298 4322 2430 4392 hora
2480 4315 2808 4390 potuerunt?
2847 4314 2918 4369 At
2960 4309 3307 4369 nihilominus
3351 4306 3419 4362 ad
3459 4305 3721 4375 integram
3779 4304 3894 4361 illis

2292 4412 2522 4481 dandam
2548 4406 2848 4469 mercedem
2874 4404 3037 4468 breve
3065 4410 3391 4466 momentum
3419 4398 3527 4464 Deo
3551 4395 3787 4452 sutl'ecit.

2367 4503 2467 4559 llic
2495 4502 2755 4573 propheta:
2779 4499 2918 4553 locus
2946 4494 3222 4551 libertatem
3255 4491 3451 4557 arbitrii
3476 4505 3577 4543 non
3604 4488 3778 4557 eripit.
3810 4517 3885 4527 -—-

2295 4598 2470 4668 Atque
2513 4602 2572 4649 ut
2614 4591 2878 4667 intelligas
2907 4587 3009 4643 hoc
3037 4583 3349 4656 pr0phetam
3385 4594 3508 4635 vere
3540 4579 3744 4644 dicere,
3793 4594 3893 4631 nc-

2292 4667 2399 4758 que
2428 4702 2526 4742 nos
2553 4682 2766 4741 arbitrii
2792 4681 3037 4750 libertate
3065 4677 3296 4748 privare,
3315 4667 3407 4729 sed
3434 4671 3502 4727 dc
3524 4685 3706 4737 rerum
3735 4671 3897 4725 exitu

2299 4779 2683 4857 philosophari,
2707 4775 2830 4831 audi
2862 4772 2986 4844 quid
3023 4769 3258 4841 adjiciat.
3308 4765 3437 4857 Nam
3462 4779 3585 4819 cum
3616 4762 3845 4857 ἀὶξίδεοι
3872 4801 3894 4826 ,

2298 4850 2422 4930 Non
2445 4850 2594 4929 estin
2623 4868 2823 4924 homine
2847 4866 2925 4919 via
2947 4864 3075 4932 ejus,
3115 4860 3292 4922 statim
3318 4855 3557 4929 adjungit
3602 4870 3618 4908 :
3671 4850 3897 4922 Corripe

2294 4984 2407 5031 nos,
2438 4964 2671 5027 Domine,
2717 4966 3057 5013 verumtamen
3082 4954 3134 5006 in
3149 4949 3368 5022 judicio,
3406 4955 3453 5000 et
3487 4943 3669 4999 nonin
3709 4942 3901 5010 furore

2300 5058 2510 5130 (Jerem.
2550 5054 2638 5110 i0.
2669 5052 2789 5121 24).
2827 5050 2883 5107 Si
2924 5047 3066 5106 enim
3099 5041 3303 5098 arbitrii
3344 5038 3509 5107 nostri
3536 5034 3667 5090 nihil
3695 5041 3847 5088 esset
3871 5073 3892 5097 ,

2299 5127 2490 5207 lrustra
2515 5148 2741 5211 diceret,
2781 5141 2993 5210 Corripe
3031 5154 3143 5203 nos,
3174 5135 3409 5200 Domine,
3456 5137 3801 5185 verumtamen
3836 5127 3897 5179 in

2289 5244 2508 5317 judicio.

2369 5335 2423 5391 5.
2470 5332 2550 5390 Ea;
2588 5329 2777 5384 indicto
2815 5321 3065 5395 supplicio
3091 5319 3293 5375 libertas
3321 5313 3517 5369 arbitrii
3543 5313 3782 5381 infertur.
3818 5338 3891 5349 ——

2300 5425 2437 5496 Quid
2461 5423 2603 5480 enint
2629 5421 2743 5476 ﬁeri
2772 5426 2947 5489 potest
2972 5413 3237 5483 injustius,
3267 5423 3424 5480 quam
3451 5416 3509 5459 ut
3537 5403 3609 5457 illi
3639 5401 3889 5472 plectan-

2301 5531 2405 5585 tur,
2447 5530 2669 5587 quorum
2713 5528 2779 5566 cx
2822 5508 3042 5565 arbitrio
3089 5521 3192 5560 non
3223 5502 3451 5574 pendent
3480 5512 3566 5554 res
3602 5491 3892 5565 gerendas,

2305 5620 2393 5673 aut
2430 5585 2489 5671 ut
2529 5606 2770 5667 homines
2813 5602 2889 5659 illi
2933 5613 3116 5672 [muas
3161 5594 3477 5660 sustineant,
3530 5600 3755 5658 quorum
3805 5585 3891 5645 via
