4048 6208
154 122 240 177 161

150 241 358 307 vitaque
410 251 520 294 non
572 235 642 291 sit
688 233 740 292 ia
789 252 976 293 eorum
1007 241 1175 309 posita
1220 248 1479 310 potestate
1498 242 1530 295 ἲ
1561 242 1744 311 Itaque

149 344 261 383 rum
297 329 472 385 Deum
499 327 710 383 videtur
733 344 910 395 orare,
942 345 1011 383 ne
1033 331 1266 398 graviori
1297 345 1452 399 paena
1479 332 1742 388 mulcten-

148 434 244 487 tur,
270 421 409 476 nihil
440 421 584 475 aliud
609 421 824 486 indicat,
857 436 1016 491 quam
1036 421 1222 491 dignos
1252 438 1345 477 eos
1371 438 1490 478 esse
1519 425 1605 494 qtti
1630 425 1743 493 ple-

143 521 376 580 ctantur,
410 528 474 568 ac
503 528 718 584 patriam
745 513 1044 568 sustineant
1072 531 1086 566 :
1121 513 1221 568 hoc
1242 527 1421 569 autem
1441 516 1572 570 nihil
1596 515 1740 571 aliud

141 621 305 675 quam
338 605 642 660 libertatem
665 603 870 659 arbitrii
897 604 1192 658 constituit.
1238 604 1292 660 Si
1339 605 1484 659 enim
1528 621 1615 660 res
1642 621 1738 675 ge-

141 697 325 752 renda:
359 697 578 752 illorum
602 695 740 764 juris
766 703 821 749 ct
858 695 1064 748 arbitrii
1107 710 1214 748 non
1257 705 1458 761 essent,
1501 711 1606 750 non
1628 696 1740 765 jam

144 800 194 844 ut
222 789 432 842 mitiori
463 787 726 857 supplicio
762 785 1104 841 allicerentur
1149 785 1253 856 peti
1295 794 1592 856 oporteret,
1641 787 1737 843 sed

143 896 235 936 nec
262 880 379 934 ullo
405 879 568 934 modo
598 878 773 947 puniri
806 894 820 931 :
849 878 956 932 imo
978 893 1105 932 vero
1134 894 1307 948 neque
1332 878 1580 948 precibus
1604 894 1738 948 opus

141 980 285 1026 esset
313 989 328 1024 :
361 985 469 1025 non
503 969 646 1024 cnim
675 969 1024 1037 deprecatore
1050 968 1250 1039 indiget
1286 970 1446 1033 Deus,
1489 979 1548 1025 ut
1587 970 1738 1025 inno-

139 1075 323 1120 centes
356 1080 464 1118 non
506 1063 709 1132 puniat.
739 1062 805 1116 Et
832 1063 958 1133 quid
993 1062 1132 1129 dico,
1177 1062 1336 1127 Deus,
1381 1079 1500 1118 cum
1531 1079 1630 1119 nec
1657 1065 1738 1118 ul-

143 1158 216 1210 lus
249 1157 418 1210 homo
449 1154 725 1225 prudens?
752 1153 976 1222 Quando
1005 1153 1166 1223 igitur
1208 1170 1304 1224 pro
1342 1154 1542 1211 Judazis
1580 1171 1736 1212 orare

144 1248 458 1318 prophetam
484 1246 749 1312 videmus,
779 1247 911 1301 satis
939 1245 1106 1316 liquet
1139 1262 1262 1301 eum
1301 1261 1397 1316 pro
1432 1246 1734 1302 hominibus

141 1355 294 1394 orare
347 1341 439 1409 qui
489 1338 760 1408 peccarint
801 1356 816 1391 :
859 1346 970 1392 tum
1001 1353 1126 1392 vero
1155 1337 1391 1392 cernitur
1433 1346 1724 1408 peccatum,

142 1448 254 1485 cum
291 1444 461 1499 penes
490 1443 587 1483 nos
612 1434 695 1483 est
723 1436 774 1482 ul
803 1427 976 1498 legem
1015 1439 1120 1482 non
1161 1427 1630 1497 transgrediamur,
1680 1437 1734 1486 et

143 1537 312 1578 tamen
345 1537 465 1577 eam
493 1520 931 1591 transgredimur.
954 1519 1096 1591 Ergo
1124 1519 1354 1590 undique
1382 1519 1536 1576 nobis
1557 1521 1729 1576 mani-

142 1623 329 1672 lestum
355 1623 460 1678 est,
497 1629 621 1670 cum
646 1613 700 1668 in
735 1622 936 1679 nostra,
970 1621 1078 1666 tum
1110 1612 1162 1666 in
1195 1613 1286 1668 Dei
1324 1621 1586 1682 potestate
1628 1613 1729 1666 sita

143 1727 255 1766 esse
291 1717 442 1765 recte
473 1708 628 1762 facta.
658 1706 844 1762 Simile
874 1705 1003 1760 illud
1031 1714 1115 1760 est
1136 1707 1316 1771 etiam,
1351 1705 1470 1760 Non
1499 1707 1728 1776 volentis,

144 1822 294 1870 neque
332 1803 599 1867 currentis,
641 1801 732 1855 scd
777 1800 1056 1854 miserantis
1084 1810 1158 1854 est
1194 1799 1291 1854 Dei
1330 1799 1508 1872 (Rom.
1537 1800 1728 1872 9.16).

147 1903 202 1953 Et
229 1913 390 1968 quam
420 1897 490 1949 ob
517 1910 734 1950 causam
761 1909 940 1960 curro,
965 1894 1154 1964 inquit,
1206 1893 1291 1949 vel
1317 1909 1473 1964 quam
1501 1894 1572 1948 ob
1600 1910 1730 1948 cau—

146 2009 251 2045 sam
297 1989 441 2054 volo,
498 1986 599 2041 nisi
644 1994 750 2040 tota
784 1999 870 2040 res
897 1985 949 2039 in
977 2000 1097 2040 meo
1124 1986 1191 2039 sit
1217 1985 1439 2039 arbitrio
1465 1986 1564 2040 sita
1587 1985 1611 2038 ?
1663 1983 1732 2042 Ut

145 2085 389 2137 nimirum
425 2081 553 2136 dum
595 2079 698 2145 vis,
741 2088 798 2135 et
822 2079 946 2137 dum
975 2078 1173 2145 curris,
1203 2077 1442 2133 divinum
1473 2078 1730 2134 auxilium

143 2187 191 2230 ct
232 2174 662 2231 benevolentiam
715 2171 806 2226 tibi
853 2171 1138 2237 concilies,
1186 2171 1265 2227 sic
1303 2180 1360 2226 ut
1403 2180 1454 2226 te
1492 2171 1727 2242 adjuvet,

145 2287 201 2326 ac
245 2285 463 2324 manum
496 2267 750 2338 porrigat,
790 2275 951 2336 atque
983 2265 1048 2319 ad
1081 2265 1238 2319 linem
1269 2281 1434 2336 usque
1455 2265 1728 2336 perducat.

144 2364 190 2418 Si
218 2363 365 2417 enim
394 2362 497 2416 hoc
523 2359 822 2424 sustuleris,
852 2365 907 2412 et
935 2355 1158 2412 curre're
1182 2357 1339 2411 simul
1367 2365 1422 2412 et
1457 2357 1596 2413 velle
1631 2358 1730 2412 de-

145 2455 317 2518 sieris,
348 2466 525 2521 neque
554 2465 766 2503 manum
794 2448 1026 2518 porriget
1057 2447 1218 2514 Deus,
1245 2446 1338 2502 sed
1363 2457 1416 2502 et
1455 2447 1569 2517 ipse
1605 2448 1730 2502 abs-

145 2545 312 2602 cedet.
364 2543 520 2599 Unde
556 2551 734 2597 autem
763 2541 814 2596 id
848 2542 1101 2596 constat?
1130 2541 1268 2595 Audi
1312 2540 1438 2611 quid
1477 2541 1618 2596 dicat
1645 2540 1733 2595 Je-

144 2638 456 2708 rosofymazz
484 2633 690 2701 Quoties
711 2630 845 2686 volui
870 2647 1173 2703 congregare
1194 2632 1327 2700 ﬁlios
1355 2643 1485 2710 tuos,
1507 2641 1553 2686 et
1576 2633 1734 2686 nolui-

146 2729 269 2782 stis?
295 2727 430 2781 Ecce
456 2725 756 2792 relinquitur
782 2724 963 2777 domus
991 2732 1152 2776 vestra
1174 2723 1371 2776 deserta
1399 2722 1610 2790 (Matth.
1637 2723 1729 2779 ‘23.

147 2821 252 2890 57).
285 2817 472 2885 Vides,
505 2817 754 2886 quoniam
785 2817 857 2869 illi
888 2816 1193 2881 noluerunt,
1226 2827 1332 2886 quo
1377 2825 1530 2886 pacto
1575 2817 1732 2871 etiam

151 2916 282 2968 Deus
306 2911 612 2968 abscessit?
656 2911 942 2981 Propterea
987 2911 1141 2965 nobis
1173 2925 1384 2982 quoque
1412 2925 1546 2980 opus
1571 2921 1652 2968 est
1679 2921 1736 2967 ut

150 3005 389 3070 velimus,
435 3014 490 3058 et
515 3017 815 3068 curramus,
862 3017 971 3072 quo
999 3001 1167 3056 Deum
1194 3001 1348 3056 nobis
1373 3003 1532 3057 etiam
1557 3003 1736 3057 conci—

153 3099 355 3152 liemus.
410 3095 525 3150 Hoc
569 3096 728 3164 igitur
768 3102 869 3157 est,
919 3093 1060 3164 quod
1091 3092 1167 3148 ait
1197 3092 1475 3163 propheta,
1526 3093 1735 3149 felicem

153 3189 344 3242 exitum
394 3201 578 3241 rerum
629 3186 680 3239 in
733 3194 995 3254 potestate
1045 3192 1226 3238 nostra
1271 3183 1431 3238 situm
1460 3199 1564 3239 non
1595 3197 1736 3251 esse,

155 3293 329 3332 verum
357 3277 429 3330 ab
453 3276 652 3330 auxilio
680 3275 911 3343 pendere
937 3273 1116 3328 divino
1148 3292 1162 3326 :
1196 3284 1252 3328 ut
1275 3283 1450 3330 autem
1481 3274 1738 3345 eligamus

158 3373 207 3424 in
232 3371 386 3424 uobis
411 3379 464 3424 et
489 3369 543 3422 itt
573 3368 793 3422 arbitrio
823 3377 1008 3422 nostro
1053 3367 1212 3421 situm
1260 3382 1401 3422 esse.
1452 3367 1739 3421 Enimvero

157 3464 198 3516 si
226 3479 401 3518 rerum
433 3477 657 3532 prosper
687 3471 778 3515 aut
804 3462 1021 3517 sinister
1049 3461 1221 3516 exitus
1244 3461 1311 3516 ab
1337 3462 1534 3516 auxilio
1558 3461 1740 3516 divino

159 3557 370 3624 pendet,
397 3555 543 3610 dicet
567 3554 785 3624 aliquis,
819 3552 952 3607 nulli
981 3552 1243 3608 obnoxius
1275 3553 1484 3607 crimini
1531 3553 1740 3608 censeri

159 3649 323 3703 debeo
366 3664 381 3701 :
436 3661 560 3701 cum
608 3646 750 3700 enim
808 3645 1004 3708 omnia,
1054 3660 1173 3714 qua:
1223 3659 1462 3699 mearum
1514 3645 1742 3714 partium

160 3748 298 3804 sunt,
334 3737 713 3808 praestitero,et
739 3735 978 3802 voluero,
1002 3745 1055 3790 et
1085 3735 1317 3804 elegero,
1347 3744 1402 3789 et
1432 3751 1543 3790 rem
1573 3736 1742 3804 ipsam

162 3850 435 3906 aggressus
479 3833 654 3898 lucro,
700 3837 746 3886 ts
789 3846 918 3885 vero
964 3847 993 3884 a
1041 3830 1194 3897 cujus
1246 3838 1506 3900 potestate
1552 3829 1744 3899 pendet

163 3939 397 3989 eventus,
449 3940 537 3979 me
569 3939 673 3978 non
713 3922 996 3992 adjuverit,
1032 3937 1202 3992 neque
1245 3937 1457 3975 manum
1490 3937 1744 3990 porrexe-

168 4023 250 4083 rit,
277 4019 417 4073 omni
449 4032 570 4071 sum
597 4016 820 4069 crimine
859 4013 1132 4068 liberatus.
1186 4011 1381 4066 Verum
1412 4028 1516 4066 non
1546 4013 1614 4066 ita
1640 4022 1742 4079 est,

171 4113 312 4177 plane
338 4125 442 4163 non
470 4118 555 4163 est
585 4107 654 4160 ita
684 4123 696 4157 :
726 4121 898 4175 neque
917 4105 1061 4159 enim
1094 4104 1208 4158 ﬁeri
1240 4112 1432 4173 potest,
1463 4112 1520 4157 ttt
1557 4104 1600 4157 si
1649 4118 1748 4158 nos

173 4201 504 4264 voluerimus,
551 4197 898 4267 elegerimus,
950 4211 1014 4250 ac
1057 4189 1420 4261 statuerimus,
1471 4196 1609 4250 Deus
1651 4209 1748 4250 nos

174 4294 516 4363 derelinquat.
561 4291 618 4344 Si
649 4290 790 4344 enim
818 4305 912 4345 eos
935 4290 1024 4359 qui
1052 4289 1238 4343 nolunt
1269 4289 1514 4342 hortatur
1538 4297 1595 4343 et
1622 4303 1748 4342 con-

178 4387 290 4440 salit
322 4390 418 4450 eis,
468 4394 527 4438 ut
575 4383 744 4436 velint
780 4391 834 4436 et
859 4390 1115 4444 statuant,
1142 4381 1311 4434 multo
1347 4380 1512 4450 magis
1539 4394 1634 4434 eos
1660 4381 1749 4449 qui

183 4481 303 4531 ultro
328 4479 542 4548 eligant,
569 4492 673 4529 non
699 4474 1052 4544 derelinqttet.
1085 4473 1335 4542 Respicite
1371 4488 1620 4542 namque,
1665 4473 1748 4525 in-

181 4570 302 4635 quit,
331 4570 378 4621 in
403 4567 748 4639 generationes
776 4565 1030 4634 antiquas,
1077 4573 1122 4617 et
1160 4564 1339 4627 videte,
1389 4564 1499 4624 quis
1539 4561 1752 4633 speravit

186 4659 231 4708 in
277 4658 557 4722 Dominum,
613 4667 659 4711 et
703 4656 944 4724 confusus
988 4655 1100 4708 est?
1137 4663 1224 4706 aut
1255 4653 1366 4722 quis
1391 4653 1666 4720 permansit
1700 4653 1752 4706 in

188 4749 419 4802 nuntiatis
447 4751 575 4816 eius,
609 4760 656 4802 et
686 4749 910 4819 despexit
943 4765 1052 4800 cum
1093 4745 1283 4816 (Eccli.
1313 4746 1365 4798 9..
1405 4746 1487 4799 li.
1521 4745 1646 4813 μιν
1693 4747 1755 4798 ΕΙ.

191 4858 356 4897 rutsus
392 4846 462 4896 ait
504 4843 717 4908 Paulus,
771 4843 900 4912 Spes
937 4858 1036 4894 non
1063 4839 1327 4909 confundit
1375 4837 1546 4909 (Rom.
1573 4839 1625 4892 5.
1659 4839 1713 4907 5)
1739 4881 1750 4898 .

193 4949 304 5000 epes
348 4937 590 4988 nimirum
640 4936 692 4987 in
737 4934 924 4988 Deum.
977 4929 1307 5001 lmpossibile
1360 4930 1502 4984 enim
1548 4939 1650 4994 est,
1701 4940 1755 4983 ut

200 5025 337 5079 tinctu
379 5029 713 5100 propositum
737 5041 844 5080 non
891 5023 1213 5094 adipiscatur
1243 5023 1285 5077 is
1315 5023 1402 5092 qui
1433 5029 1540 5075 tota
1574 5030 1750 5075 tuente

984 122 1050 178 ΙΝ
1089 123 1312 190 lLLUD,
1357 127 1634 192 DOMINE,
1671 127 1808 184 NON
1848 126 1973 187 EST
2015 127 2080 186 IN
2119 127 2400 202 llOMlNE,
2443 131 2593 192 ETC.

3335 139 3440 197 MS

1850 244 1903 300 in
1937 245 2108 300 Deum
2132 257 2328 316 Sperat,
2353 257 2408 303 et
2431 264 2552 319 quae
2574 264 2788 306 suarum
2817 259 2940 304 sunt
2968 249 3194 320 partium
3222 263 3436 322 prastat

1848 337 2046 390 omnia.
2074 337 2138 392 Et
2167 354 2372 404 rursus,
2400 337 2593 394 Fidelis
2617 350 2785 395 autent
2808 340 2968 408 Deus,
2992 342 3078 412 qui
3101 359 3203 396 non
3222 343 3440 412 patietur

1847 442 1932 481 vos
1960 430 2143 483 tentari
2167 447 2323 500 supra
2349 431 2402 484 id
2426 419 2561 498 quod
2581 433 2805 502 potestis,
2834 433 2922 487 sed
2942 433 3090 502 faciet
3115 451 3230 488 cum
3273 444 3436 490 tenta-

1847 521 1980 574 tione
2009 533 2303 592 proventum
2321 565 2337 590 ,
2370 536 2425 578 ut
2453 525 2655 596 possitis
2679 529 2922 579 sustinere
2949 525 3027 597 (Ι.
3050 525 3169 580 Cor.
3195 527 3280 582 ιο.
3320 529 3434 598 15).

1846 610 2048 667 Idcirco
2092 614 2345 669 admonet
2371 616 2584 684 sapiens
2611 618 2690 669 vir
2716 617 2930 686 quidun
2957 617 3146 673 dicens
3181 636 3196 674 :
3225 618 3354 685 Fili,
3391 621 3435 674 si

1844 706 2054 759 accedas
2079 707 2148 759 ad
2175 708 2456 761 servitutem
2486 707 2707 774 Domini,
2754 725 2988 778 praepara
3029 711 3254 765 animam
3295 721 3434 767 tuam

1845 796 1912 848 ad
1940 799 2279 852 tentationem.
2311 799 2488 870 Dirige
2510 817 2598 854 cor
2625 810 2787 864 tuum,
2816 811 2862 854 et
2890 802 3101 868 sustine,
3128 811 3177 856 et
3201 819 3263 856 ne
3287 803 3434 873 festio

1846 903 1933 940 nes
1954 888 2006 941 in
2035 897 2256 960 tempore
2290 890 2624 946 obductionis.
2656 890 2972 964 Conjungere
3000 893 3097 958 illi,
3140 904 3186 947 et
3211 911 3274 948 ne
3300 911 3436 948 rece-

1845 979 2135 1050 das(Eccli.
2154 981 2208 1034 9..
2231 983 2280 1035 1.
2304 981 2382 1052 9.).
2405 983 2553 1038 Alius
2579 1000 2792 1054 quoque
2814 1001 2993 1040 sermo
3024 1001 3120 1041 uos
3145 986 3430 1044 admonet:

1846 1067 1944 1133 Qui
1972 1081 2136 1123 autem
2165 1075 2546 1141 perseveraverit
2576 1091 2732 1145 usque
2763 1075 2815 1128 in
2842 1076 3016 1144 ﬁnem,
3050 1076 3130 1130 hic
3149 1078 3316 1132 salvus
3337 1079 3431 1133 erit

1843 1155 2056 1230 (Matth.
2097 1162 2180 1216 10.
2214 1160 2330 1232 22).

1922 1250 2011 1305 Vir
2034 1255 2176 1308 bona:
2198 1255 2470 1310 voluntatis
2511 1273 2611 1311 non
2640 1257 2887 1312 deseritur
2915 1275 2947 1311 a
2977 1258 3102 1314 Deo.
3149 1258 3284 1314 Deus
3329 1277 3429 1315 non

1840 1345 1940 1398 vim
1963 1343 2111 1410 a/fert
2139 1356 2226 1398 aut
2247 1348 2398 1416 cogit.
2426 1378 2498 1387 ——
2523 1348 2691 1402 Porro
2720 1349 2834 1403 haec
2860 1350 3036 1404 omnia
3065 1350 3258 1420 regulae
3283 1362 3429 1416 sunt,

1841 1435 2004 1506 leges,
2039 1451 2100 1490 ac
2124 1437 2338 1492 decreta
2367 1434 2749 1506 immutabilia;
2801 1449 2855 1495 et
2897 1439 2999 1496 hoc
3036 1441 3090 1496 in
3136 1453 3316 1498 mente
3343 1459 3432 1498 vc-

1839 1537 1950 1582 stra
1993 1528 2064 1582 sit
2111 1528 2274 1584 fixum
2317 1540 2549 1599 Oportet,
2603 1532 2716 1586 ﬁeri
2748 1547 2854 1587 non
2887 1548 3062 1603 posse,
3095 1542 3152 1588 ut
3197 1533 3285 1604 qui
3313 1544 3429 1588 stu-

1839 1618 1984 1672 dium
2012 1619 2279 1685 adhibeat,
2308 1631 2362 1674 et
2388 1621 2454 1675 de
2493 1636 2587 1675 sua
2610 1623 2779 1676 salute
2807 1623 2876 1678 sit
2901 1623 3185 1689 sollicitus,
3235 1633 3290 1678 et
3314 1640 3430 1680 out-

1839 1711 1924 1764 nia
1956 1723 2072 1780 qum
2093 1726 2306 1766 suarum
2335 1721 2458 1766 sunt
2478 1714 2706 1783 partium
2731 1725 3070 1785 exsequatur,
3101 1716 3145 1769 is
3173 1733 3424 1787 umquam

1837 1817 1866 1854 a
1901 1801 2008 1858 Deo
2035 1802 2331 1858 deseratur.
2359 1805 2474 1859 Non
2505 1805 2658 1860 audis
2688 1805 2813 1875 quid
2842 1806 2999 1860 Petro
3023 1805 3199 1862 dicat?
3219 1807 3423 1876 Simon,

1840 1893 2038 1958 Simon,
2075 1897 2266 1965 quoties
2307 1899 2538 1968 expetivit
2567 1907 2791 1962 satanas,
2814 1909 2868 1952 ut
2897 1901 3137 1953 cribraret
3179 1916 3264 1954 vos
3298 1902 3428 1955 sicut

1838 1986 2055 2039 triticum
2085 2002 2102 2039 :
2128 2003 2218 2057 ego
2243 1998 2410 2040 autem
2439 1989 2578 2042 oravi
2605 2006 2696 2057 pro
2721 1997 2788 2052 te,
2838 1999 2890 2042 ut
2931 2007 3029 2043 non
3060 1990 3264 2056 deﬁciat
3297 1992 3426 2060 ﬁdes

1839 2088 1927 2133 tua
1953 2079 2103 2151 (Luc.
2127 2079 2219 2134 2‘3.
2247 2081 2340 2136 51.
2369 2082 2482 2150 3'2).
2529 2081 2660 2136 Nam
2705 2098 2831 2137 cum
2862 2083 3060 2138 viribus
3088 2086 3284 2140 nostris
3306 2101 3427 2143 esse

1838 2172 2009 2241 majus
2042 2173 2233 2228 viderit
2276 2190 2433 2241 onus,
2477 2189 2690 2228 manum
2719 2175 2960 2246 porrigit,
2989 2191 3052 2231 ac
3082 2177 3424 2232 teutationem

1838 2261 2011 2318 reddit
2048 2263 2305 2319 leviorem
2354 2283 2368 2319 :
2415 2280 2534 2319 cum
2582 2280 2709 2320 vero
2761 2281 2858 2319 nos
2893 2282 2960 2321 ex
3004 2267 3218 2337 propria
3260 2269 3428 2339 negli—

1836 2355 2012 2426 gentia
2053 2354 2248 2410 viderit
2276 2371 2339 2411 ac
2382 2355 2586 2412 desidia
2630 2357 2900 2426 propriam
2928 2358 3150 2413 salutem
3179 2359 3425 2428 prodere,

1837 2464 2011 2518 neque
2036 2447 2173 2502 velle
2205 2449 2421 2513 salvari,
2453 2457 2576 2503 tunc
2606 2448 2932 2520 derelinquit
2969 2466 3032 2506 ac
3061 2449 3282 2506 deserit.
3327 2451 3430 2506 Ne-
3487 2500 3500 2506 -

1838 2557 1943 2609 que
1985 2541 2126 2595 enim
2166 2541 2271 2594 vim
2315 2539 2487 2606 θῆαι-ι,
2520 2552 2610 2597 aut
2653 2543 2814 2612 cogit,
2862 2543 3110 2613 quodque
3151 2535 3278 2600 dum
3327 2545 3427 2600 do-

1839 2632 2064 2686 ctrinam
2108 2632 2362 2698 traderet,
2406 2633 2616 2703 agebat.
2656 2631 2709 2688 id
2739 2633 2898 2688 etiam
2928 2633 3014 2688 hic
3042 2634 3118 2688 lit.
3175 2629 3244 2691 Ut
3285 2637 3426 2690 enim

1843 2725 1950 2779 illic
1980 2740 2095 2792 eos,
2136 2725 2228 2795 qui
2253 2725 2440 2781 audire
2472 2726 2743 2791 uolebant,
2779 2725 2872 2780 sed
2918 2725 3282 2793 discedebant,
3323 2743 3430 2782 non

1843 2815 2104 2882 trahebat,
2137 2831 2309 2886 neque
2348 2821 2452 2869 vim
2483 2815 2780 2871 afferebat:
2808 2816 2905 2872 sed
2937 2816 3022 2880 iis,
3069 2818 3158 2886 qui
3193 2817 3433 2872 altcntlea

1841 2907 1967 2962 baut
1989 2909 2216 2964 obscura
2243 2908 2502 2973 solvebat,
2532 2917 2587 2962 et
2613 2908 2896 2979 atuigmata
2935 2908 3214 2962 manifesta
3244 2908 3434 2962 redde-

1842 3001 1934 3056 bat
1961 3018 1976 3054 :
2006 3001 2076 3055 ita
2105 3001 2356 3056 nimirum
2395 3011 2454 3057 et
2478 3002 2531 3056 in
2564 3002 2721 3057 rebus
2749 3001 2879 3071 ipsis
2913 3019 2926 3053 :
2966 3015 3062 3056 eos
3102 3003 3194 3070 qui
3237 3000 3433 3069 stupidi

1837 3100 1984 3159 sunt,
2013 3101 2068 3148 et
2111 3093 2332 3148 minime
2359 3094 2562 3159 volunt,
2615 3109 2720 3148 non
2751 3094 2912 3163 cogit,
2965 3108 3139 3162 neque
3178 3093 3283 3147 vim
3333 3091 3436 3147 illis

1841 3179 2156 3240 alertzeos
2185 3193 2386 3249 autem,
2434 3186 2522 3254 qui
2565 3185 2707 3238 ultro
2747 3184 2952 3254 eligunt
2999 3195 3213 3239 summo
3258 3183 3436 3238 studio

1843 3275 1943 3330 sibi
1983 3275 2254 3331 conciliat.
2298 3276 2588 3346 Propterea
2636 3275 2767 3330 dicit
2792 3278 2952 3330 etiam
2979 3275 3211 3332 Petrus:
3244 3275 3311 3329 In
3350 3292 3436 3330 ve-

1841 3367 1992 3421 ritate
2017 3367 2258 3437 comperi,
2306 3367 2424 3436 quia
2463 3365 2519 3420 in
2551 3365 2689 3419 omni
2727 3375 2890 3436 gente,
2945 3366 3030 3434 qui
3072 3369 3211 3418 timet
3248 3363 3436 3429 Deum,

1845 3467 1892 3512 et
1919 3470 2158 3526 aperatur
2179 3458 2455 3532 justitiam,
2486 3467 2720 3529 acceptus
2742 3468 2811 3512 est
2833 3458 2909 3511 illi
2931 3456 3065 3527 (Act.
3092 3457 3175 3512 10.
3211 3459 3298 3512 δι.
3323 3458 3436 3527 55).

1848 3549 1918 3604 Et
1949 3550 2184 3619 prOpheta
2205 3550 2301 3606 hoc
2322 3549 2489 3620 ipsum
2507 3550 2746 3603 atlmouet
2765 3547 2847 3602 his
2866 3548 3053 3602 verbis:
3075 3547 3128 3600 Si
3158 3549 3436 3612 volueritis,

1847 3654 1894 3697 et
1918 3643 2179 3696 audieritis
2203 3657 2302 3708 me,
2332 3641 2463 3694 bona
2492 3649 2638 3694 terra:
2663 3636 2936 3694 comedetis
2957 3652 2976 3690 :
2999 3635 3048 3690 si
3071 3650 3242 3693 autem
3268 3639 3436 3692 nolue-

1847 3736 1980 3801 ritis,
2010 3749 2168 3803 ncque
2195 3733 2524 3787 exaudieritis
2551 3748 2647 3797 me,
2675 3732 2874 3802 gladius
2897 3731 3154 3786 deeorabit
3179 3747 3264 3786 vos
3289 3729 3441 3802 (Isai.

1850 3829 1903 3882 1.
1936 3826 2020 3880 19.
2045 3825 2160 3893 9.0).
2190 3824 2318 3891 Qua:
2347 3840 2468 3879 cum
2495 3825 2567 3878 ita
2593 3836 2718 3878 nota
2746 3833 2799 3879 et
2827 3825 3102 3893 esplorata
3129 3823 3236 3878 sint
3266 3822 3441 3885 nobis,

1850 3929 2011 3988 atque
2044 3917 2096 3970 in
2130 3926 2308 3970 nostra
2341 3925 2607 3985 potestate
2652 3917 2809 3970 situm
2839 3930 2960 3969 esse
3009 3925 3067 3968 ut
3109 3915 3356 3979 velimus,
3390 3921 3445 3967 et

1851 4024 2166 4071 curramus,
2222 4020 2458 4075 nosque,
2525 4004 2651 4059 dum
2716 4004 2962 4058 volumus
3022 4004 3392 4070 currimusquc
3424 4044 3438 4066 ,

1856 4102 2022 4154 Deum
2073 4097 2228 4152 nobis
2265 4096 2643 4151 conciliaturos
2702 4077 2768 4148 ad
2835 4094 2954 4164 ejus
3006 4094 3262 4148 auxilium
3301 4092 3444 4147 obti-

1858 4191 2136 4255 nendum;
2203 4203 2269 4242 eo
2321 4203 2480 4256 porro
2525 4186 2678 4240 nobis
2719 4186 3036 4252 conciliato,
3108 4199 3207 4239 nos
3267 4199 3444 4240 rerum

1853 4283 2055 4338 exitum
2130 4288 2547 4348 asscquuturos;
2594 4277 2887 4332 excitemus
2925 4291 3044 4341 nos,
3091 4274 3443 4339 dilectissimi,

1854 4385 2014 4443 atque
2075 4371 2143 4425 ad
2203 4372 2432 4424 salutem
2481 4369 2674 4423 anima:
2747 4379 2944 4424 nostra:
2991 4382 3152 4422 oume
3211 4367 3446 4421 studium

1855 4468 2216 4530 conferamus,
2265 4473 2323 4518 ut
2364 4478 2488 4518 cum
2537 4461 2803 4517 modicum
2837 4461 2888 4514 in
2937 4464 3034 4516 hac
3062 4463 3167 4514 vita
3212 4460 3448 4514 laborem

1858 4559 2334 4624 e'xautlaverimus,
2395 4557 2448 4611 in
2496 4565 2698 4611 mterno
2745 4564 2800 4610 ct
2850 4554 3134 4609 immortali
3180 4564 3305 4608 ’ωνο
3359 4553 3449 4610 illo

1859 4654 2012 4707 bouis
2065 4646 2458 4705 immortalibus
2497 4647 2834 4720 perfruamur
2865 4663 2879 4699 :
2913 4659 3031 4716 qua:
3085 4644 3242 4699 nobis
3279 4644 3453 4697 enmi-

1861 4747 1957 4801 hus
1984 4745 2390 4814 utconlingant,
2439 4742 2570 4795 faxit
2600 4742 2767 4812 gratia
2813 4747 2867 4794 ct
2897 4738 3196 4807 benignitas
3244 4735 3452 4791 Domini

1863 4839 2028 4894 nostri
2077 4837 2200 4891 Jcsu
2232 4837 2453 4900 Christi,
2499 4851 2619 4889 cum
2643 4847 2750 4905 quo
2783 4833 2923 4886 Patri
2953 4831 3142 4902 gloria,
3185 4831 3460 4902 simulque

1870 4936 2056 4980 Sancto
2099 4927 2342 4996 Spiritui,
2375 4941 2514 4981 nunc
2553 4933 2608 4980 et
2646 4935 2877 4993 Semper,
2904 4932 2956 4976 et
2985 4923 3038 4978 itt
3079 4929 3448 4984 seculaswcu-

1868 5021 2061 5076 lorum.
2096 5021 2286 5074 Amen.
