3968 6208
527 195 633 252 165

1259 191 1318 249 S.
1344 187 1627 251 JOANNIS
1655 183 2134 242 CIIRYSOSTOMI
2164 181 2479 242 ARClllEP.
2513 181 3052 243 CONSTANTINOP.
3632 195 3715 250 ειη

1043 885 1123 946 ΙΝ
1178 884 1386 947 ΠΗΛΒ
1435 879 1831 944 HOMILIAS
1891 879 1998 940 DE
2043 873 2678 938 PROPHETIABUM
2727 871 3280 935 OBSCURITATE

605 1179 910 1237 Admodum
940 1177 1163 1236 diflicile
1187 1187 1272 1234 est
1302 1188 1518 1248 tempus
1544 1175 1804 1241 indicare,
1825 1189 1934 1244 quo
1966 1173 2050 1228 ha:
2069 1173 2190 1228 dua:
2213 1171 2448 1227 homilia:
2474 1170 2675 1226 habita:
2709 1169 2881 1225 fuere.
2912 1170 3133 1224 Certum
3171 1167 3382 1238 quidem
3422 1178 3500 1222 est
3527 1167 3731 1238 priorem

541 1320 746 1390 aliquot
780 1321 977 1376 diebus
1024 1321 1251 1376 alteram
1284 1319 1649 1390 praecessisse,
1676 1317 2036 1389 posteriorem
2080 1331 2210 1372 vero
2238 1315 2327 1371 die
2365 1314 2642 1370 Dominica
2674 1314 2873 1369 dictam
2907 1313 3094 1368 luisse.
3130 1311 3182 1366 Id
3211 1311 3352 1365 enim
3381 1319 3580 1365 constat
3601 1325 3658 1363 ex
3683 1309 3737 1362 iis

534 1471 655 1524 qua:
684 1455 944 1509 dicuntur
977 1455 1032 1508 in
1059 1454 1290 1510 llomilia
1311 1454 1399 1508 cui
1427 1453 1640 1518 titulus,
1677 1451 1952 1507 Daemones
1979 1467 2080 1504 non
2104 1451 2396 1522 gubernare
2443 1451 2718 1505 mundum.
2747 1447 2825 1503 lbi
2863 1447 3035 1514 enim,
3075 1445 3231 1501 Tum.
3269 1445 3329 1508 II,
3363 1461 3413 1516 p.
3447 1446 3563 1508 217,
3594 1445 3646 1511 Β,
3672 1445 3738 1500 sic

537 1596 648 1651 ait:
684 1595 851 1664 Atque
883 1595 978 1647 hoc
1019 1595 1228 1666 quidem
1261 1595 1328 1648 ab
1363 1595 1505 1649 omni
1539 1605 1772 1665 tempore
1801 1593 1921 1663 jam
1959 1594 2212 1658 innotuit,
2257 1593 2548 1662 prmertim
2586 1609 2619 1646 a
2672 1590 2948 1658 Dominica
2987 1588 3272 1657 superiore.
3309 1584 3596 1652 Numquam
3627 1585 3742 1638 enim

538 1735 716 1790 divina
740 1733 878 1787 vobis
907 1733 1114 1804 eloquia
1146 1735 1419 1805 fastidium
1450 1750 1636 1804 parere
1663 1733 1772 1788 dies
1794 1733 1882 1788 ille
1918 1733 2212 1801 prwsertim
2233 1732 2504 1787 indicavit.
2531 1730 2737 1784 Ibidem
2761 1737 2966 1795 autem,
2995 1729 3051 1782 in
3083 1724 3361 1783 concionis
3393 1721 3586 1776 scilicet
3618 1719 3743 1789 priu-

540 1871 704 1941 cipio,
741 1872 827 1925 illa
857 1871 1039 1926 omnia
1059 1871 1252 1928 ordine
1277 1873 1475 1944 repetit
1499 1888 1621 1943 quae
1651 1873 1705 1926 in
1738 1871 1904 1942 hujus
1927 1870 2209 1926 ooncionis
2233 1869 2340 1924 line
2367 1867 2601 1931 dixerat,
2633 1863 2780 1935 quod
2809 1864 2864 1918 in
2895 1878 3045 1918 more
3071 1876 3194 1918 esse
3223 1859 3746 1929 Cbrysostomoneuto

543 2008 749 2071 nescit;
785 2007 1038 2062 nimirum
1070 2009 1180 2081 agit
1205 1985 1286 2064 de.
1305 2010 1507 2065 sanctis
1529 2009 1801 2080 justisque
1831 2009 1980 2075 viris,
2025 2009 2142 2079 qui,
2163 2023 2260 2063 sua
2289 2008 2528 2078 ipsorum
2570 2015 2815 2077 peccata,
2839 2019 2948 2058 non
2987 2010 3172 2057 autem
3209 2001 3404 2065 aliena,
3435 2013 3550 2053 eum
3579 1994 3749 2048 doloris

544 2141 933 2213 significatione
983 2145 1508 2207 commemorabant,
1571 2145 1748 2200 allatis
1794 2145 1960 2200 etiam
2015 2143 2311 2215 Scriptura:
2368 2145 2500 2198 locis
2540 2144 2678 2198 bene
2725 2141 2909 2196 multis
2955 2151 3118 2211 atque
3155 2136 3415 2207 exemplis
3452 2143 3747 2191 sanctorum.

543 2275 731 2329 eadem
759 2274 900 2330 serie
929 2285 986 2330 et
1007 2275 1434 2332 accuratissime.
1457 2275 1590 2330 Nam
1621 2276 1764 2346 quod
1793 2275 2098 2346 exemplum
2138 2274 2433 2330 desiderari
2465 2274 2518 2328 in
2569 2275 2670 2329 hac
2701 2273 2942 2329 secunda
2980 2273 3252 2329 concione
3283 2269 3596 2342 querebatur
3617 2265 3757 2319 Tille-

547 2417 806 2479 montius.
857 2416 940 2470 vir
986 2417 1280 2489 diligentia:
1326 2427 1382 2472 et
1409 2417 1775 2472 accurationis
1815 2417 2278 2488 singularissinuc,
2317 2432 2516 2486 nempe
2563 2401 2692 2472 illud
2723 2415 2890 2481 l'etri,
2935 2415 3038 2469 Exi
3081 2431 3114 2468 a
3149 2430 3258 2479 me,
3287 2414 3408 2485 quia
3441 2412 3516 2465 vir
3552 2418 3760 2478 peccator

545 2571 682 2618 sum,
711 2554 821 2623 jam
848 2568 912 2606 ex
942 2552 1142 2608 Codice
1169 2551 1483 2608 Colbertino
1505 2552 1815 2607 restitutum
1849 2552 2038 2608 habes.
2071 2551 2256 2624 Itaque
2278 2562 2491 2609 certum
2523 2551 2972 2622 exploratumque
3009 2559 3093 2605 est
3127 2551 3407 2606 homiliam
3439 2551 3571 2604 hanc
3592 2564 3757 2604 secun-

549 2685 670 2738 dam
705 2685 771 2740 de
799 2684 1212 2755 l‘rophetiarum
1249 2685 1580 2740 obscuritate
1599 2685 1797 2741 dictam
1825 2685 1992 2742 fuisse
2038 2686 2316 2743 Dominica
2349 2687 2690 2758 prmccdeute
2713 2685 3032 2742 concionem
3056 2685 3202 2739 illam
3228 2700 3391 2755 supra
3425 2690 3758 2738 memoratam.

550 2822 770 2877 Certum
810 2820 1031 2890 perinde
1069 2821 1287 2877 videtur
1337 2823 1500 2880 hasce
1520 2823 1657 2880 duas
1677 2824 1970 2879 conciones
1998 2822 2302 2878 Antiochiae
2329 2823 2540 2879 habitas
2565 2822 2766 2890 fuisse;
2795 2822 2922 2892 quia
2960 2836 3157 2892 nempe
3183 2795 3594 2893 Chrysostomus
3617 2816 3685 2871 sic
3710 2814 3764 2867 de

551 2958 808 3028 episcopo
839 2956 1076 3027 loquitur
1106 2956 1160 3010 in
1188 2957 1408 3012 homilia
1440 2959 1700 3025 secunda,
1731 2975 1883 3013 num.
1912 2959 1965 3025 5,
2007 2969 2065 3014 ut
2095 2975 2205 3017 non
2239 2976 2318 3026 se,
2364 2961 2458 3017 sed
2480 2961 2644 3016 alium
2669 2959 2986 3031 episcopum
3023 2975 3144 3016 esse
3179 2959 3508 3017 subindicet.
3535 2960 3603 3014 De
3646 2975 3768 3014 anno

450 3111 462 3125 ο
552 3100 732 3146 autem
765 3091 902 3146 nihil
929 3091 1273 3161 exploratum
1310 3091 1560 3148 habetur.
1589 3092 1722 3148 Vide
1742 3093 1914 3150 Tomo
1936 3094 1999 3162 Il,
2033 3113 2087 3168 p.
2113 3096 2243 3152 2‘5.

627 3228 742 3284 Erit
775 3229 913 3286 forte
935 3231 1208 3304 quispiam
1235 3232 1326 3303 qui
1354 3235 1655 3289 annum'se
1685 3233 1815 3288 hinc
1844 3232 2110 3302 cxpiscari
2154 3249 2314 3305 posse
2346 3243 2514 3305 putet,
2539 3235 2682 3304 quod
2734 3237 2789 3290 in
2823 3235 3061 3291 Homilia
3092 3237 3269 3307 prima
3301 3237 3368 3292 de
3398 3234 3774 3306 Pruphetiarutn

537 4188 833 4236 υτιιιτει
862 4189 943 4234 ΕΤ
969 4189 1402 4235 PERCOMMODE
1435 4189 1714 4245 FACTUM,
1762 4189 1844 4232 υτ
1888 4189 2263 4234 PBOPBETIE
2303 4190 2385 4233 DE
2415 4190 2685 4236 CHRISTO
2717 4192 2802 4235 -ΕΤ
2843 4192 3154 4238 GENTIBUS
3198 4194 3414 4249 DEQUE
3470 4194 3788 4246 Jungomm

1291 4288 1771 4332 nnpnom'rtone
1813 4287 2111 4332 onscuna:
2152 4289 2404 4347 assam,
2449 4290 2940 4336 nnuous'rnano
2985 4275 3094 4356 (α).

1817 4435 2264 4492 ————<am

613 4584 664 4639 1.
696 4580 974 4636 Sententia:
992 4579 1148 4635 Isaia:
1171 4595 1284 4634 cum
1306 4579 1572 4635 altitudine
1594 4581 1748 4636 maris
1776 4585 2120 4653 conferuntur.

547 4674 883 4746 Fxperientia:
901 4681 947 4727 et
967 4671 1336 4727 exercitationis
1357 4672 1640 4726 commoda.
1661 4700 1735 4712 -ν-
1753 4672 2123 4742 PrOplteticam

537 4769 690 4824 vobis
717 4767 878 4823 hodie
903 4769 1025 4822 volo
1053 4780 1292 4822 mensam
1325 4765 1609 4831 instruere,
1638 4774 1797 4836 atque
1825 4767 1878 4820 in
1911 4767 2126 4837 pelagus

541 4861 816 4930 sapientia:
863 4859 1012 4915 Isaia:
1055 4857 1284 4913 meditor
1323 4857 1617 4912 orationem
1666 4858 1973 4913 immittere.
2021 4859 2126 4914 Sed

543 4950 670 5019 quid
692 4950 879 5006 faciam
897 4950 922 5004 2
948 4949 1141 5004 Dubito
1162 4964 1224 5004 ac
1245 4958 1446 5015 metuo,
1469 4964 1538 5004 ne
1557 4964 1677 5004 cum
1700 4965 1732 5005 e
1753 4959 1905 5020 portu
1924 4953 2128 5022 egressi

546 5041 826 5106 fuerimus,
854 5049 1015 5111 atque
1039 5040 1104 5096 ad
1143 5039 1460 5110 profundum
1487 5042 1866 5096 sententiarum
1894 5043 2128 5114 prophe-

546 5143 614 5187 ta:
643 5133 1072 5203 pervenerimus,
1104 5133 1244 5204 quod
1275 5134 1448 5189 nautis
1476 5134 1767 5204 contingit,
1796 5135 1886 5204 qui
1913 5136 2130 5206 naviga-

543 5225 676 5279 tioni
705 5227 903 5278 assueti
943 5240 1048 5279 non
1075 5235 1236 5292 sunt,
1274 5225 1533 5296 vertigine
1569 5226 1890 5283 laboremus.
1917 5227 2050 5282 Nam
2077 5238 2132 5284 ct

547 5315 623 5373 illi
649 5331 770 5370 cum
797 5317 976 5372 relicta
1010 5326 1147 5372 terra
1187 5334 1253 5374 ex
1293 5327 1515 5388 utraque
1545 5327 1695 5388 parte
1725 5320 1874 5374 navis
1915 5319 2131 5389 pelagus

550 5408 800 5476 viderint,
831 5425 930 5466 nec
955 5410 1096 5466 aliud
1123 5411 1410 5482 quidquam
1440 5419 1634 5480 prieter
1661 5427 1808 5466 mare
1832 5427 1894 5466 ac
1919 5412 2128 5477 caelum,

550 5502 886 5560 tenebricosa
912 5504 1169 5575 vertigine
1197 5505 1556 5574 corripiuntur
1580 5547 1592 5569 ,
1625 5521 1678 5560 et
1717 5521 1818 5560 una
1849 5520 1970 5560 cum
1998 5507 2132 5560 mari

547 5648 677 5764 10%)
708 5645 894 5700 Collata
924 5653 1035 5692 cum
1065 5639 1238 5693 Codice
1257 5640 1409 5704 Regio
1441 5638 1593 5704 3315,
1637 5647 1688 5693 et
1718 5653 1827 5691 cum
1851 5640 2129 5692 Colbcnino

2272 4461 2570 4478 __

2234 4583 2504 4653 navigium
2537 4583 2588 4638 iu
2629 4584 2812 4640 orbem
2843 4584 3151 4640 existimant
3189 4581 3544 4641 circumferri.
3592 4578 3698 4636 Non
3725 4584 3793 4629 ιλ-

2233 4690 2355 4730 men
2386 4691 2451 4729 ex
2485 4684 2672 4729 natura
2718 4675 2914 4742 maris,
2958 4675 3052 4730 sed
3095 4675 3234 4746 quod
3280 4673 3544 4744 inexperti
3583 4671 3684 4726 sint
3718 4669 3802 4737 qui

2235 4767 2506 4837 navigant,
2529 4765 2844 4821 oboriuntur
2868 4767 3154 4837 vertigines
3181 4783 3195 4819 :
3226 4767 3410 4822 cmteri
3439 4763 3648 4836 quidem
3669 4767 3797 4815 certe

2235 4869 2410 4915 nauta:
2435 4859 2592 4914 nudis
2613 4859 2925 4928 corporibus
2949 4861 3074 4914 etin
3102 4859 3289 4915 mediis
3313 4857 3564 4914 ﬂuctibus
3587 4854 3637 4908 in
3658 4857 3800 4918 caput

2239 4970 2299 5012 se
2321 4955 2600 5025 dejiciunt,
2627 4969 2803 5025 neque
2829 4953 2936 5010 tale
2958 4953 3241 5024 quidquam
3264 4952 3558 5022 patiuntur,
3586 4943 3674 5002 sed
3693 4955 3798 4996 cum

2237 5049 2303 5103 ad
2332 5048 2502 5118 ipsum
2531 5047 2849 5118 profundum
2877 5045 3280 5112 descenderint,
3312 5045 3481 5098 tutius
3500 5083 3516 5109 ,
3547 5051 3696 5110 quam
3725 5032 3801 5101 qui

2240 5140 2292 5194 in
2316 5139 2619 5208 pavimento
2639 5138 2857 5208 degunt,
2881 5137 2988 5192 illic
3009 5145 3305 5203 versantur,
3329 5143 3388 5190 et
3415 5135 3542 5189 licet
3560 5144 3670 5195 ore,
3693 5138 3804 5178 ocu-

2240 5231 2338 5297 lis,
2365 5245 2430 5285 ac
2469 5238 2581 5285 toto
2605 5245 2830 5298 corpore
2859 5228 3179 5298 salsuginem
3216 5226 3518 5296 excipiant,
3550 5236 3662 5277 non
3680 5230 3805 5285 arng

2240 5318 2439 5379 lerunt.
2466 5323 2694 5378 Tantum
2724 5323 2919 5378 bonum
2942 5332 3024 5376 est
3046 5321 3378 5386 exercitatio,
3403 5327 3608 5373 tantum
3629 5310 3804 5369 malum

2241 5426 2323 5472 est
2353 5415 2614 5486 imperitia
2646 5433 2658 5468 :
2686 5417 2763 5471 sic
2804 5415 2901 5470 ista
2933 5413 3247 5485 persuadet,
3279 5420 3337 5467 ut
3378 5410 3542 5467 etiam
3571 5421 3683 5478 qua:
3707 5400 3806 5456 fur-

2241 5507 2510 5564 midabilia
2533 5516 2655 5561 sunt
2674 5517 3096 5572 contemnamus,
3121 5507 3206 5561 illa
3230 5519 3360 5561 vero
3380 5503 3565 5566 eflicit,
3591 5506 3648 5554 ut
3665 5494 3809 5552 etiam

2242 5608 2350 5654 tuta
2381 5612 2622 5670 suspecta
2660 5601 2766 5656 sint
2796 5601 2948 5657 nobis
2969 5643 2982 5660 .
3011 5616 3076 5656 ac
3100 5596 3496 5656 reformidanda
3527 5592 3812 5648 videantur.

2242 5692 2376 5752 Nam
2404 5692 2457 5750 hi
2483 5693 2694 5767 quidem
2725 5695 2778 5751 in
2819 5692 3135 5753 sublimibus
3164 5690 3415 5750 sedentes
3441 5688 3602 5746 navis
3621 5678 3794 5740 tabula
