4092 6218
542 519 828 590 πνεύματα
845 510 1134 583 ἐπιθυμίας
1161 505 1397 576 πονηρᾶς
1422 501 1619 571 πολλὴν
1648 493 2023 590 ἐμποιοῦντα-ει
2046 485 2113 553 τῇ

542 585 750 678 διανοίᾳ
774 607 874 676 τὴν
905 603 1180 671 σύγχυσιν.
1235 596 1372 650 Ἀλλ’
1409 595 1439 646 ὁ
1469 591 1566 664 μὲν
1603 591 1825 660 ἄπειρος
1850 587 1943 640 2&1
1971 585 2109 654 ἀμε-

541 702 786 770 )έτητος,
815 694 1120 767 ἀρχομένου
1140 690 1236 743 τοῦ
1264 686 1532 759 χειμῶνος
1556 683 1658 752 τῆς
1678 682 1867 751 ὀργῆς,
1914 678 2115 739 εὐθέως

545 790 699 867 [I69]
712 788 1042 862 θορυόεῖται,
1059 782 1402 854 ταράττεται,
1422 776 1709 867 κλονεῖται,
1729 773 1958 867 περιορᾷ
1978 786 2118 867 γινοξ

551 859 719 956 μένην
753 859 1082 950 ὑποϐρύχιον
1113 874 1210 944 τὴν
1247 870 1426 942 ψυχὴν
1459 867 1562 921 ὑπὸ
1600 864 1709 918 τῶν
1757 861 1975 953 παθῶν,
2023 859 2118 912 2&1

547 948 805 1044 ναυάγιον
836 948 1229 1042 ὑπομένουσαν·
1257 966 1286 1018 ὁ
1316 964 1374 1017 δέ
1401 963 1661 1033 ἔμπειρος
1698 957 1791 1012 2&1
1814 948 2118 1026 ⁴μεμελετη-

549 1068 663 1132 κὼς
691 1068 761 1121 τά
792 1064 1016 1119 τοιαῦτα
1039 1061 1224 1131 φέρειν
1257 1055 1537 1126 γενναίως,
1584 1052 1833 1120 καθάπερ
1862 1046 2121 1119 κυϐερνή-

548 1178 653 1232 την
692 1160 783 1215 ἐπὶ
816 1157 924 1210 τῶν
950 1155 1169 1212 οἰάκων.
1205 1149 1348 1203 οὓτω
1376 1146 1466 1200 τὸν
1492 1143 1749 1213 λογισμὸν
1792 1142 1975 1195 ἐπάνω
2010 1138 2120 1191 τῶν

551 1230 740 1309 παθῶν
756 1250 1007 1312 καθίσας,
1033 1247 1094 1299 ού
1120 1243 1382 1315 πρότερον
1410 1238 1702 1315 ἀφίσταται
1727 1234 1903 1287 πάντα
1929 1230 2117 1291 ποιῶν,

551 1350 658 1411 ἓως
690 1346 755 1400 ἂν
778 1340 1076 1411 κατευθύνῃ
1110 1338 1171 1391 τὸ
1205 1334 1410 1403 σκάφος
1442 1330 1577 1402 πρὸς
1606 1331 1695 1382 τὸν
1717 1326 1889 1380 εῦδιον
1913 1325 2012 1392 τῆς
2035 1341 2123 1393 φι-

554 1438 808 1507 λοσοφίας
829 1433 1041 1504 λιμένα.
1075 1430 1254 1497 Ὅπερ
1295 1420 1389 1483 οὖν
1434 1424 1528 1477 ἐπὶ
1546 1422 1645 1493 τῆς
1672 1419 1939 1488 θαλάττης
1975 1415 2124 1485 γίνε-

556 1550 669 1595 ται,
690 1529 787 1589 2&1
814 1526 907 1585 ἐπὶ
930 1525 1030 1596 τῆς
1055 1520 1291 1585 διανοίας
1331 1515 1641 1589 συμϐαίνει,
1665 1511 1822 1566 τοῦτο
1843 1510 1936 1563 2&1
1964 1509 2022 1561 ἐν
2058 1509 2121 1578 τῇ

560 1623 817 1693 ἐξηγήσει
852 1622 960 1673 τῶν
996 1612 1229 1687 Γραφῶν
1270 1608 1588 1680 συμπίπτει·
1614 1605 1832 1674 ,ἀνάγκη
1876 1599 2125 1674 θορυϐεῖ-

563 1715 708 1779 σθαι,
740 1708 1129 1782 ταράττεσθαι,
1168 1703 1388 1759 ἐπειδὰν
1417 1701 1723 1770 ἐξέλθωμεν
1750 1698 1831 1760 εἰς
1863 1694 1927 1747 τὸ
1961 1693 2128 1747 πέλα-

562 1826 675 1880 γος,
697 1805 796 1861 οὐκ
818 1801 1003 1871 ἐπειδὴ
1028 1800 1088 1857 τὸ
1109 1797 1340 1864 πέλαγος
1363 1793 1609 1866 φοϐερὸν,
1626 1792 1739 1848 ἀλλ’
1763 1788 1949 1859 ἐπειδὴ
1967 1788 2128 1858 ἡμεῖς

560 1902 611 1956 οἰ
655 1898 905 1959 πλέοντες
947 1893 1182 1963 ἄπειροι.
1224 1886 1341 1943 Ὀτι
1374 1886 1482 1957 γὰρ
1511 1885 1677 1946 ἐστιν,
1724 1881 1942 1936 εῦκολον
1971 1879 2128 1950 φύσει

562 1993 721 2059 λόγον
767 1989 930 2050 ὅντα,
966 1983 1225 2040 δύσκηλον
1259 1978 1513 2049 γενέσθαι
1556 1975 1709 2048 παρά
1749 1975 1850 2047 τὴν
1876 1973 2130 2045 ἀπειρίαν

524 2097 537 2109 ⁸
562 2082 671 2141 τῶν
698 2079 1021 2139 ἀκουόντων,
1039 2075 1248 2133 Παῦλον
1270 2074 1400 2143 ὑμῖν
1420 2070 1841 2143 παραστήσομαι
1859 2066 2131 2138 μάρτυρα.

566 2173 749 2228 Εἰπὼν
778 2172 880 2243 γάρ
907 2171 989 2224 ὅτι
1017 2166 1251 2238 Χριστὸς
1294 2163 1508 2232 ἐγένετο
1539 2160 1825 2232 ἀρχιερεὺς
1868 2157 2008 2210 κατά
2035 2156 2135 2225 τὴν

564 2269 718 2335 τάξιν
741 2262 1107 2335 Μελχισεδὲκ,
1144 2261 1239 2314 καὶ
1272 2258 1450 2329 ζητῶν
1490 2257 1574 2321 τίς
1617 2258 1764 2308 ἐστιν
1796 2254 1826 2306 ό
1865 2251 2133 2322 Μελχισε-

566 2361 681 2424 δὲκ,
716 2359 987 2429 ἐπήγαγε·
1022 2355 1160 2421 Περί
1205 2348 1277 2409 οὗ
1327 2351 1521 2417 πολὺς
1562 2349 1708 2418 ἡμῖν
1752 2350 1785 2402 ό
1821 2347 2003 2415 λόγος
2035 2343 2137 2398 καί

567 2450 1069 2520 δυσερμήνευτος.
1095 2445 1159 2498 Τί
1179 2445 1376 2513 λέγεις,
1394 2436 1440 2496 ὦ
1462 2441 1696 2512 μακάριε
1715 2437 1890 2491 Παῦλε
1909 2454 1924 2501 ;
1943 2438 2139 2506 Δυσερ-

572 2541 835 2615 μήνευτός
864 2556 946 2593 σοι
986 2536 1066 2609 τῷ
1107 2533 1481 2605 πνευματικήν
1509 2531 1685 2603 ἔχοντι
1716 2529 1936 2599 σοφίαν,
1964 2526 2044 2598 τῷ
2068 2526 2137 2580 τὰ

569 2635 854 2708 ἀπόρρητα
879 2633 1100 2703 ῥήματα
1127 2625 1443 2687 ἀκούσαντι,
1468 2624 1546 2696 τῷ
1577 2623 1711 2694 πρὸς
1736 2620 1918 2693 τρίτον
1959 2620 2139 2692 ἁρπα-

571 2728 720 2796 γέντι
749 2722 1006 2796 οὐρανόνς
1068 2723 1131 2774 Εἰ
1189 2720 1271 2774 σοὶ
1318 2718 1781 2789 δυσερμήνευτος,
1816 2714 1919 2767 τίνι
1973 2730 2139 2767 κατα-

571 2816 805 2888 ληπτόςς
844 2814 1019 2885 Ἐμοὶ.
1058 2812 1213 2884 φησί,
1244 2811 1698 2881 δυσερμήνευτος,
1753 2807 1815 2861 οὐ
1859 2805 2010 2877 παρὰ
2040 2803 2141 2877 τὴν

571 2910 777 2965 οἰκείαν
828 2906 1147 2966 δυσκολίαν,
1183 2904 1319 2958 ἀλλὰ
1363 2901 1514 2974 παρά
1561 2901 1660 2973 τὴν
1699 2899 1982 2955 ἀσθένειαν
2030 2896 2141 2955 τῶν

573 3001 892 3057 ἀκουόντων.
936 2998 1118 3052 Εἰπὼν
1142 2996 1269 3068 γάρ,
1293 2994 1798 3062 Διοσερμήνευτος,
1832 2991 2137 3062 ἐπήγαγεν·

586 3092 827 3159 Ἐπειδὴ
843 3089 1054 3159 νωθροὶ
1069 3089 1349 3160 γεγόνατε
1365 3087 1493 3152 ταῖς
1508 3084 1736 3151 ἀκοαῖς.
1754 3084 1915 3161 Ὁρᾷς
1937 3084 2020 3136 ὅτι
2044 3082 2141 3153 οὐχ

575 3186 609 3253 ή
651 3183 811 3253 φύσις
841 3180 934 3235 τοῦ
977 3180 1157 3249 λόγου,
1188 3179 1302 3234 ἀλλ’
1338 3180 1372 3251 ἡ
1420 3177 1644 3251 ἀπειρία
1686 3176 1795 3229 τῶν
1838 3175 2144 3230 ἀκουόντων

575 3274 829 3327 δύσκολον
875 3273 968 3325 τὸν
1013 3273 1074 3326 οὐ
1119 3269 1372 3326 δύσκολον
1413 3269 1701 3338 ἐποίησεν;
1758 3268 1832 3321 υύ
1885 3267 2042 3338 μόνον
2087 3266 2145 3320 δέ

576 3364 851 3424 δύσκολον,
904 3363 1040 3417 ἀλλά
1077 3366 1171 3417 2&1
1212 3362 1380 3417 πολὺν
1420 3364 1563 3415 ποιεῖ
1588 3361 1679 3415 τὸν
1707 3361 1913 3433 βραχὺν
1941 3363 1975 3431 ή
2006 3361 2146 3431 αύτὴ

578 3459 747 3513 αἰτία·
769 3457 955 3530 διόπερ
977 3458 1095 3529 ούχὶ
1121 3457 1552 3528 δυσερμήνευτον
1576 3455 1775 3527 ἔφησεν
1799 3452 1940 3509 εἶναι
1964 3454 2143 3526 μόνον,

578 3548 712 3604 ἀλλά
736 3549 828 3603 καὶ
859 3546 1045 3609 πολὺν,
1087 3547 1182 3602 2&1
1210 3546 1304 3600 τοῦ
1338 3548 1577 3619 μήκους,
1614 3548 1709 3600 2&1
1737 3546 1837 3617 τῆς
1864 3546 2148 3611 δυσκολίας

580 3640 798 3704 ἀναθεὶς
829 3640 930 3711 τὴν
969 3640 1147 3695 αἰτίαν
1184 3643 1250 3712 τῇ
1283 3640 1579 3713 νωθρότητι
1605 3640 1704 3709 τῆς
1737 3640 1926 3710 ἀκοῆς.
1962 3639 2150 3694 Καθά-

581 3749 689 3803 περ
718 3732 826 3803 γάρ
850 3731 941 3786 ἐπὶ
971 3730 1080 3784 τῶν
1109 3730 1532 3802 ἀρρωστούντων
1564 3732 1662 3785 ούκ
1696 3733 1990 3799 ἀναγκαῖον
2025 3731 2149 3784 σύν-

580 3841 746 3894 τομον
775 3824 866 3878 καὶ
891 3824 1312 3895 ἐσχεδιασμένην
1344 3824 1666 3895 παραθεῖναι
1696 3824 1993 3895 τράπεζαν,
2015 3816 2149 3879 ἀλλὰ

581 3915 663 3969 δεῖ
684 3915 1096 3988 παρασκευάσαι
1130 3915 1198 3970 τὰ
1231 3916 1376 3969 σιτία
1414 3915 1666 3984 διάφορα.
1702 3916 1787 3968 ἴνα
1831 3915 1899 3969 ἂν
1936 3915 2092 3970 τοῦτο
2122 3915 2152 3968 δ

584 4008 806 4078 κάμνων
831 4006 906 4078 μὴ
933 4007 1164 4078 βουληθῇ
1203 4006 1543 4078 μεταλαϐεῖν,
1567 4007 1629 4060 τὸ
1656 4006 1840 4078 ἓτερον
1858 4007 2017 4080 λάϐῃ·
2050 4007 2153 4062 κᾶν

583 4084 759 4153 ἐκεῖνο
800 4099 874 4169 μὴ
927 4100 1238 4170 προσίηται,
1295 4097 1355 4151 τὸ
1399 4097 1526 4152 ἄλλο
1556 4098 1772 4169 δέξηται
1800 4114 1813 4128 ·
1863 4097 1965 4152 κᾶν
1996 4098 2153 4153 τοῦτο

582 4190 992 4262 διακρούσηται,
1028 4190 1351 4261 ἐπιλάϐηται
1382 4190 1632 4262 θατέρου,
1678 4191 1774 4246 2&1
1816 4194 1884 4263 τῇ
1913 4192 2154 4264 ποικιλίᾳ

583 4282 691 4339 τῶν
743 4281 1059 4352 βρωμάτων
1078 4281 1179 4353 τὴν
1227 4281 1515 4336 δυσκολίαν
1558 4283 1898 4353 νικήσωμεν.
1946 4284 2040 4338 καὶ
2077 4266 2179 4356 τῷῖ

586 4372 908 4442 πολυτρόπῳ
937 4373 1037 4443 τῆς
1060 4373 1338 4444 τραπέζης
1361 4374 1421 4427 τὸ
1454 4374 1778 4447 δυσάρεστον
1806 4375 1903 4444 τῆς
1929 4374 2154 4447 γνώμης

586 4462 1029 4532 θεραπεύσωμεν·
1052 4462 1192 4516 οὓτω
1221 4464 1478 4526 πολλάκις
1517 4466 1608 4519 2&1
1646 4467 1738 4518 ἐπδ⁵
1774 4467 1874 4537 τῆς
1913 4483 2156 4537 πνευμα-

586 4552 742 4623 τικῆς
786 4552 1078 4615 ἑστιάσεως
1115 4554 1221 4623 χρὴ
1252 4557 1444 4608 ποιεῖν.
1480 4556 1649 4609 Ὅταν
1692 4557 1937 4621 ἀσθενεῖς
1981 4552 2152 4627 ὦμεν,

586 4645 753 4698 πολὺν
788 4644 1308 4715 παρασκευάσασθαι
1337 4646 1443 4717 χρὴ
1466 4647 1557 4699 τὸν
1580 4647 1735 4714 λόγον
1764 4649 1858 4702 2&1
1891 4650 2153 4714 ποικίλον,

586 4736 901 4808 παραϐολάς
939 4737 1031 4791 καὶ
1054 4735 1470 4808 παραδείγματα
1517 4737 1738 4809 ἔχοντα,
1776 4739 2119 4805 κατασκευὰς
2138 4783 2154 4802 ,

585 4827 679 4883 καὶ
697 4828 997 4898 περιόδους,
1016 4827 1111 4882 2&1
1131 4827 1294 4898 ἔτερα
1311 4827 1478 4883 πολλὰ
1495 4828 1736 4893 τοιαῦτα,
1753 4830 1837 4884 ἵνα
1858 4830 1923 4887 ἐκ
1938 4830 2156 4884 πάντων

592 4919 746 4991 ῥᾳδία
765 4920 987 4990 γένηται
1006 4921 1139 4991 ἡμῖν
1165 4920 1273 4976 τῶν
1302 4921 1684 4992 συμφερόντων
1711 4923 1993 4994 ήαῖρεσις.
2010 4924 2156 4995 Πλὴν

586 5011 699 5065 ἀλλ’
729 5013 778 5064 εἰ
809 5013 904 5069 καὶ
946 5012 1112 5077 πολὺς
1163 5014 1192 5065 ό
1238 5012 1395 5082 λόγος
1431 5015 1528 5068 2&1
1568 5015 2025 5087 δυσερμήνευτος,
2059 5018 2158 5071 ούκ

586 5094 957 5173 ἀπεστέρησεν
984 5103 1180 5168 αὐτοὺς
1221 5105 1320 5175 τῆς
1360 5105 1706 5171 διδασκαλίας
1749 5108 1841 5162 τοῦ
1890 5108 2157 5179 Μελχισε-

584 5190 678 5244 δέκ
695 5207 708 5222 ·
740 5191 819 5263 τῷ
845 5193 944 5263 μὲν
960 5196 1068 5268 γάρ
1096 5200 1287 5259 εἰπεῖν,
1308 5198 1506 5265 Πολὺς
1528 5198 1621 5255 2&1
1650 5200 2154 5274 Δυσερμήνευτος,

586 5280 893 5353 ἀναστήσας
913 5284 1099 5353 ⁹αὐτῶν
1129 5287 1226 5356 τὴν
1252 5289 1502 5361 σπουδὴν,
1538 5291 1623 5343 ἵνα
1648 5291 2043 5362 προθυμότεροι
2066 5294 2157 5359 γέ-

584 5387 782 5425 νωνται
834 5375 961 5446 περὶ
1013 5376 1112 5447 τὴν
1157 5379 1448 5449 ἀκρόασιν·
1496 5380 1574 5452 τῷ
1620 5381 1675 5435 δὲ
1722 5386 2025 5454 παρασχεῖν
2058 5384 2156 5454 τὴν

582 5461 884 5538 τράπεζαν,
913 5468 1275 5539 χαρισάμενος
1307 5470 1485 5526 αὐτῶν
1514 5476 1580 5544 τῇ
1620 5474 1903 5546 ἐπιθυμίᾳ.

656 5553 722 5625 β’.
740 5551 893 5630 [170]
916 5555 1084 5615 Τοῦτο
1103 5557 1157 5613 δὲ
1178 5560 1272 5612 2&1
1292 5561 1452 5631 ἡμεῖς
1473 5566 1804 5635 ποιήσωμεν·
1824 5567 1872 5620 εἰ
1892 5567 1983 5625 2&1
1998 5567 2157 5621 ἀπει-

583 5664 677 5716 ρον
692 5647 753 5703 τὸ
770 5649 1002 5720 πέλαγος
1015 5650 1125 5707 τῶν
1142 5652 1456 5724 προφητῶν,
1478 5657 1573 5710 καὶ
1589 5657 1757 5712 πολλά
1772 5659 1970 5713 ἐκεῖτά
1991 5658 2150 5729 βάθη,

641 5816 670 5851 ⁸
691 5812 772 5868 Sic
796 5832 922 5870 unus
939 5822 1069 5885 cod.,
1091 5822 1177 5875 alii
1199 5823 1443 5876 ποιοῦντα.

1310 384 1367 442 S.
1406 376 1688 439 JOANNIS
1724 364 2139 435 CIIRYSOSTOT

2247 362 2566 427 ARCHIEP.
2609 362 3158 429 CONSTA‘NTINOP,

2220 481 2717 552 κατατολμήσωμεν
2743 480 2843 550 τῆς
2887 480 3153 549 θαλάττης
3199 475 3339 530 κατὰ
3369 475 3467 545 τὴν
3510 473 3788 547 ἡμετέραν

2216 572 2445 644 δύναμιν
2469 589 2482 603 ·
2517 572 2714 643 μᾶλλον
2745 573 2801 624 δὲ
2834 571 2908 642 μὴ
2944 570 3084 623 κατά
3109 569 3205 639 τὴν
3232 566 3505 639 ἡμετέραν
3533 565 3786 636 δύναμιν.

2213 667 2350 723 ἀλλά
2377 666 2515 723 κατὰ
2541 666 2641 735 τὴν
2660 664 2865 720 ἄνωθεν
2905 662 3195 734 δεδομένην
3224 646 3355 730 ἡμῖν
3393 659 3572 731 χάριν,
3609 658 3673 711 οὐ
3696 658 3790 712 διὰ

2214 759 2312 829 τὴν
2358 758 2630 828 ἡμετέραν
2667 755 3005 828 παρρησίαν,
3056 754 3191 807 άλλά
3235 751 3324 806 διὰ
3366 751 3466 821 τὴν
3514 749 3791 820 ὑμετέραν

2215 852 2482 918 ὡςέλειαν
2515 850 3013 920 κατατολμήσωμεν
3038 848 3135 918 τῆς
3161 845 3447 915 θαλάττης,
3478 844 3578 896 κάν
3611 843 3793 913 τούτῳ

2218 943 2427 997 Παῦλον
2468 943 2811 1014 μιμούμενοι.
2857 942 2977 994 Ὀτι
3003 940 3111 1010 γὰρ
3154 938 3255 990 ούκ
3285 934 3653 1006 ἀπεστέρησεν
3693 935 3795 987 αύ-

2216 1038 2345 1100 τοὺς
2371 1034 2465 1090 τοῦ
2513 1034 2670 1103 λόγου
2701 1032 2796 1087 τοῦ
2837 1032 2978 1087 κατὰ
3017 1030 3106 1084 τὸν
3154 1028 3509 1098 Μελχισεδὲκ,
3560 1029 3795 1082 ἄκουσον

2218 1129 2328 1183 τῶν
2355 1129 2499 1199 ἑξῆς.
2527 1126 2710 1181 Εἰπὼν
2747 1126 2901 1195 γοῦν,
2927 1124 3067 1192 Περὶ
3095 1119 3167 1177 οὗ
3203 1120 3397 1186 πολὺς
3422 1121 3454 1174 ό
3483 1121 3664 1189 λόγος
3691 1117 3797 1171 καὶ

2220 1221 2721 1289 δυσερμήνευτος,
2758 1218 3055 1289 ἐπήγαγεν·
3084 1211 3271 1280 Οὗτος
3296 1212 3407 1283 γὰρ
3443 1215 3476 1266 ό
3503 1214 3805 1280 Μελχισεο

2221 1312 2359 1377 δὲκ,
2385 1311 2685 1377 ,βασιλεὺς
2712 1310 3102 1376 δικαιοσύνης
3120 1322 3134 1337 ·
3170 1307 3373 1360 ἔπειτα
3399 1305 3468 1359 δὲ
3496 1305 3592 1359 καὶ
3608 1305 3797 1368 βασι-

2223 1405 2369 1471 λεὺς
2396 1403 2605 1472 Σιιλὴμ
2628 1443 2644 1467 ,
2674 1402 2708 1457 ὅ
2737 1403 2868 1457 ἐστι
2908 1398 3208 1465 ,βασιλεὺς
3231 1396 3499 1466 εἰρήνης.
3532 1394 3798 1463 ἀπάτωρ,

2225 1496 2501 1566 ἀμήτωρ,
2549 1494 3019 1564 ἀγενεαλόγητος
3042 1532 3055 1555 ,
3085 1490 3237 1561 μήτε
3280 1488 3481 1563 ἀρχὴν
3521 1486 3755 1556 ἡμερῶν
3780 1525 3798 1549 ,

2220 1587 2372 1656 μήτε
2405 1584 2552 1654 ζωῆς
2583 1584 2756 1649 τέλος
2784 1582 2958 1652 ἔχων·
2997 1579 3449 1651 ἀφωμοιωμένος
3484 1579 3551 1632 δὲ
3577 1578 3657 1644 τῷ
3688 1577 3804 1643 ΥΙῷ

2226 1679 2333 1734 τοῦ
2365 1678 2511 1737 Θεοῦ
2534 1679 2701 1746 μένει
2728 1675 2921 1743 ἱερεὺς
2956 1676 3044 1740 εις
3083 1672 3151 1730 τὸ
3193 1672 3487 1740 διηνεκές.
3516 1668 3661 1744 *Δρα
3697 1674 3805 1727 οὐκ

2228 1769 2488 1842 ἐτάραξεν
2517 1768 2670 1840 ὑμῶν
2692 1766 2790 1831 τὰς
2815 1765 2984 1829 ἀκοὰς
3012 1765 3137 1839 περί
3171 1762 3459 1834 ἀνθρώπου
3487 1763 3806 1833 διαλεγόμε-

2229 1879 2318 1925 νος
2348 1862 2378 1914 ό
2409 1859 2616 1923 Παῦλος
2644 1858 2740 1912 2&1
2761 1856 2954 1925 λέγων,
2991 1853 3265 1923 Ἀπάτωρ,
3296 1853 3574 1922 ἀμήτωρ;
3610 1856 3720 1908 Καὶ
3745 1854 3803 1907 τί

2229 1952 2392 2022 λέγω,
2428 1950 2557 2023 περί
2592 1948 2910 2021 ἀνθρώπους
2946 1949 3008 2005 Εἰ
3031 1946 3140 2020 γὰρ
3168 1948 3296 2017 περὶ
3327 1946 3422 2007 τοῦ
3464 1945 3697 2017 Χριστοῦ
3718 1945 3809 1999 λέ-

2230 2063 2378 2114 γοιτο
2401 2043 2575 2108 τοῦτο,
2600 2042 2699 2101 ούκ
2733 2042 2801 2097 ἂν
2831 2040 3027 2113 πολλὴν
3068 2040 3161 2094 2&1
3196 2038 3369 2103 οὕτως
3416 2040 3546 2111 ἡμῖν
3577 2038 3806 2110 παρέχοι

2232 2139 2496 2210 ζήτησινς
2547 2138 2611 2192 Εἰ
2647 2136 2756 2208 γάρ
2798 2135 3048 2207 ἀπάτωρ,
3089 2133 3206 2195 πῶς
3253 2131 3413 2198 Υἱός;
3449 2133 3498 2185 εἰ
3546 2132 3809 2203 ἀπάτωρ,

2234 2232 2351 2295 πῶς
2378 2232 2722 2300 Μονογινήςς
2763 2231 2821 2284 '0
2861 2227 2973 2300 γὰρ
3019 2227 3134 2291 υἰὺς
3170 2226 3374 2297 ὀφείλει
3404 2225 3613 2298 πατέρα
3636 2226 3809 2297 ἔχειν,

2236 2323 2356 2374 ἐπεὶ
2381 2322 2480 2374 οὐκ
2502 2320 2567 2373 ἂν
2599 2319 2686 2388 εἴη
2719 2318 2855 2382 υἰός.
2895 2315 3053 2369 Ἀλλά
3079 2316 3174 2368 2&1
3194 2315 3425 2384 ἀπάτωρ
3445 2314 3593 2367 ἐστὶν
3620 2316 3649 2368 ό
3680 2313 3811 2378 Υἱὸς

2233 2408 2328 2463 τοῦ
2354 2408 2508 2473 Θεοῦ,
2560 2408 2655 2461 2&1
2701 2409 2955 2477 ἀμήτωρ.
3017 2404 3172 2471 Πῶς;
3219 2402 3475 2475 ’Δπάτωρ
3513 2402 3612 2475 τὴν
3656 2403 3815 2457 κάτω

2235 2497 2509 2567 γέννησιν,
2534 2496 2768 2566 ἀμήτωρ
2803 2494 2899 2567 τὴν
2923 2496 3036 2550 ἄνω
3058 2511 3071 2526 ·
3116 2491 3240 2547 οὔτε
3272 2489 3381 2562 γὰρ
3412 2491 3506 2551 ἐπὶ
3544 2490 3648 2560 γῆς
3682 2491 3813 2561 ἔσχε

2239 2588 2473 2660 πατέρα,
2513 2585 2637 2640 οὔτε
2666 2587 2724 2640 ἐν
2755 2584 2973 2656 οὐρανῷ
3012 2584 3242 2659 μητέρα.
3285 2583 3813 2652 Ἀγενεαλότητος.

2248 2676 2623 2733 Ἀκουέτωσαν
2653 2677 2703 2728 οἰ
2745 2674 2846 2744 τὴν
2874 2673 3063 2728 οὐσίαν
3101 2671 3262 2726 αὑτοῦ
3298 2668 3820 2742 πολυπραγμονοῦν-

2237 2783 2349 2835 τες·
2378 2766 2553 2821 καίτοι
2583 2764 2727 2828 τινὲς
2753 2762 3085 2834 νομίζουσιν,
3119 2761 3201 2817 ὃτι
3229 2758 3291 2812 τὸ
3324 2760 3819 2828 Ἄγενεαλότητος

2237 2853 2397 2908 τοῦτο
2418 2853 2544 2925 περί
2568 2853 2667 2923 τῆς
2697 2853 2809 2907 ἄνω
2850 2851 3155 2921 γεννήσεως
3192 2849 3429 2920 εἴρηται.
3470 2843 3535 2900 ΟΞ
3575 2845 3673 2917 μὲν
3701 2845 3819 2916 γὰρ

2239 2943 2500 3014 αἱρετικοί
2535 2942 2656 2997 οὐδὲ
2683 2940 2839 2996 τοῦτο
2861 2940 3155 3011 βούλονται·
3188 2939 3282 2993 καὶ
3320 2937 3429 3009 γὰρ
3470 2937 3563 2993 2&1
3600 2936 3824 3006 ἐκείνην

2242 3032 2887 3107 πολυπραγμονοῦσικαί
2932 3028 3404 3103 περιεργάζονται·
3454 3027 3501 3080 οἰ
3548 3026 3604 3079 δέ
3643 3027 3823 3080 ἐπιει-

2243 3128 2495 3198 κέστεροι
2522 3125 2727 3180 τούτων
2769 3125 2952 3195 ἐκείνῃ
3000 3121 3098 3193 μὲν
3139 3119 3578 3191 παραχωροῦσιν,
3630 3118 3823 3171 οὐκέτι

2241 3218 2301 3273 δὶ
2351 3218 2448 3271 2&1
2503 3216 2630 3287 περὶ
2659 3212 2862 3283 ταύτης
2899 3213 2999 3283 τῆς
3040 3212 3192 3265 κάτω
3226 3210 3537 3282 νομίζουσιν
3567 3205 3826 3280 εἰρῆσθαι

2244 3307 2325 3375 τὸ,
2359 3308 2416 3360 Ἀ
2427 3306 2873 3376 γενεαλόγητος.
2897 3301 3168 3371 Δείξωμεν
3189 3295 3279 3353 οὖν
3295 3301 3376 3357 ὃτι
3406 3298 3530 3371 περί
3553 3298 3826 3369 ἑκατέρας

2248 3394 2557 3463 γεννήσεως
2577 3392 2735 3445 τοῦτο
2749 3392 2777 3444 ὁ
2797 3388 3006 3453 Παῦλος
3026 3383 3167 3460 εἷπε,
3188 3388 3282 3441 2&1
3301 3385 3543 3459 περὶτῆς
3566 3385 3701 3445 ἀνω.
3725 3384 3824 3437 2&1

2248 3481 2376 3552 περί
2401 3481 2500 3549 τῆς
2528 3479 2698 3537 κάτω·
2727 3478 2821 3531 2&1
2844 3477 2953 3548 γὰρ
2981 3475 3074 3530 καὶ
3104 3474 3285 3544 ἐκείνη
3315 3473 3536 3545 φρικτὴ,
3561 3473 3656 3528 2&1
3678 3471 3824 3543 αῦτη

2253 3566 2655 3639 μυστικωτάτη.
2704 3563 2803 3618 Διά
2849 3562 3005 3617 τοῦτο
3053 3563 3148 3616 2&1
3201 3562 3430 3624 Ἡσαΐας
3479 3561 3646 3630 φησί,
3702 3559 3827 3627 Τὴν

2250 3656 2462 3727 γενεὰν
2486 3653 2671 3708 αὑτοῦ
2694 3654 2785 3718 τίς
2812 3650 3156 3720 διηγήσεται
3178 3667 3197 3714 ;
3239 3648 3397 3703 Ἀλλά
3425 3665 3489 3701 πε
3500 3649 3550 3719 ρί
3577 3648 3824 3718 ἐκείνης,

2252 3746 2436 3814 φησὶν,
2480 3737 2600 3795 εἶπε
2629 3741 2726 3811 τῆς
2754 3740 2884 3795 ἀνω.
2917 3740 2981 3793 Τί
2999 3735 3093 3792 οὖν
3121 3737 3352 3809 ἐροῦμεν
3381 3737 3597 3808 Παύλῳ,
3639 3738 3823 3813 ἀμφοο

2250 3831 2413 3902 τέρας
2444 3829 2651 3884 εἰπόντι
2671 3828 2771 3892 τὰς
2799 3828 3096 3897 γεννήσεις,
3125 3827 3218 3880 2&1
3240 3825 3357 3879 τότε
3388 3825 3717 3894 ἐπαγαγόντι
3737 3823 3824 3887 τδ,

2264 3922 2789 3991 Ἆγει·εαλόγητος;
2824 3918 3092 3991 Πρότερον
3140 3917 3247 3988 γάρ
3290 3915 3493 3980 εἰπὼν,
3536 3914 3823 3982 Ἆπάτωρ,

2253 4009 2511 4079 ἀμήτωρ,
2542 4009 2661 4063 τότε
2691 4008 2936 4080 ἐπήγαγε
2969 4006 3049 4070 τὺ,
3086 4004 3600 4074 ’Λτεγεαλόγητοα
3626 4001 3712 4055 ῖνσ
3747 4000 3825 4070 μὴ

2258 4099 2418 4170 μόνον
2448 4098 2568 4152 κατ’
2613 4096 2829 4165 ἐκείνην
2867 4094 2965 4166 τὴν
3001 4094 3286 4164 γέννησιν,
3322 4092 3444 4146 καθ’
3485 4091 3551 4163 ἢν
3591 4090 3828 4161 ἀμήτωρ

2255 4187 2421 4246 ἐστὶν,
2468 4184 2606 4238 ἀλλὰ
2647 4183 2740 4238 2&1
2777 4183 2919 4236 κατά
2961 4180 3186 4252 ταύτην,
3217 4180 3339 4234 καθ’
3372 4178 3439 4250 ἢν
3470 4177 3696 4249 ἀπάτωρ
3733 4172 3826 4248 ἦν,

2256 4264 2355 4346 τὴν
2380 4275 2530 4328 κάτω
2557 4271 2722 4340 λέγω,
2755 4269 3185 4340 ἁγενεαλόγητον
3208 4265 3348 4322 εἶναι
3378 4267 3691 4340 πιστεύσῃς.
3724 4265 3826 4319 Διὰ

2255 4363 2414 4416 τοῦτο
2435 4362 2748 4432 ἀμφοτέρας
2768 4361 2900 4424 θεὶς,
2918 4361 3039 4413 τότε
3058 4356 3181 4412 εἶπε
3200 4358 3277 4418 τὸ,
3308 4358 3365 4412 Ἀ
3374 4358 3824 4427 πενεαλόπητος·

2258 4451 2353 4502 καὶ
2381 4448 2488 4521 γὰρ
2518 4450 2611 4502 καὶ
2640 4447 2778 4518 αῦτη
2892 4448 3041 4502 κάτω
3083 4447 3498 4520 ἀκατάληπτος,
3551 4445 3637 4499 ἴνα
3689 4444 3829 4515 πρὸς

2260 4536 2470 4607 ἐκείνην
2524 4534 2656 4606 μηδέ
2715 4535 3035 4606 παρακύψαι
3092 4536 3468 4608 τολμήσωμεν.
3522 4533 3585 4585 Εἰ
3619 4531 3726 4600 γάρ
3758 4530 3831 4583 τά

2259 4623 2568 4696 προπύλαια
2593 4624 2687 4677 τοῦ
2720 4624 2847 4677 ναοῦ
2872 4625 3013 4678 οὕτω
3046 4624 3174 4693 (ροϐε
3185 4624 3250 4695 ρά
3278 4623 3368 4677 2&1
3394 4622 3683 4691 ἀπρόσιτα,
3711 4619 3831 4682 πῶς

2258 4712 2338 4775 εἰς
2364 4711 2432 4766 τὰ
2469 4710 2639 4766 ama
2667 4728 2749 4777 τις
2781 4712 3039 4766 εἰσελθεῖν
3059 4713 3428 4782 ἐπιχειρήσεις
3461 4710 3582 4763 Ὀτι
3606 4704 3702 4779 μὲν
3721 4706 3835 4777 γὰρ

2259 4799 2519 4872 ἐγεννήθη
2556 4801 2620 4855 ἐκ
2648 4801 2742 4855 τοῦ
2776 4802 3010 4871 Πατρὸς,
3041 4795 3175 4853 οἶδα·
3201 4800 3261 4852 τὸ
3289 4799 3347 4853 δέ
3385 4799 3521 4865 πῶς,
3548 4798 3647 4855 οὐκ
3689 4792 3831 4851 οἰδα.

2261 4888 2383 4945 Ὀτι
2427 4887 2620 4958 ἐτέχθη
2664 4889 2729 4942 ἐκ
2773 4889 2870 4958 τῆς
2918 4887 3224 4958 παρθένου,
3276 4887 3612 4956 ἐπίσταμαι·
3645 4885 3740 4937 τὸν
3772 4882 3836 4937 δὲ

2258 4974 2454 5047 τρόπον
2502 4975 2623 5028 οὐδὲ
2669 4975 2902 5031 ἐνταῦθα
2934 4974 3353 5043 καταλαμϐάνω.
3401 4973 3698 5043 Ἐκατέρας
3722 4970 3838 5041 γάρ

2263 5062 2416 5136 [171]
2447 5062 2718 5136 φύσεωςή
2746 5064 2998 5133 γέννησις
3024 5063 3384 5133 ὁμολογεῖται,
3428 5062 3523 5116 2&1
3568 5061 3836 5133 ἑκατέρας

2259 5155 2287 5205 ό
2308 5154 2505 5224 τρόπος
2528 5153 2830 5221 σεσίγηται.
2858 5152 2969 5206 Καὶ
2990 5153 3178 5223 ὥσπερ
3199 5149 3431 5205 ἐνταῦθα
3453 5151 3547 5203 ἐπ).
3572 5151 3668 5220 τῆς
3688 5166 3839 5221 παρη-

2260 5243 2447 5307 θένου,
2478 5242 2579 5295 οὐκ
2625 5239 2778 5304 εἰδὼς
2817 5239 2928 5308 ἐγὼ
2974 5241 3093 5304 πῶς
3124 5243 3189 5294 ἐκ
3234 5240 3502 5312 παρθένου
3536 5239 3795 5310 ἐγεννήθη
3818 5282 3835 5305 ,

2259 5328 2507 5399 ὁμολογῶ
2536 5330 2618 5385 ὃτι
2652 5329 2914 5401 ἐγεννήθη
2939 5370 2953 5394 ,
2986 5330 3081 5383 2&1
3127 5330 3226 5383 οὐκ
3266 5328 3475 5401 ἀναιρῶ
3510 5328 3571 5381 τὸ
3606 5329 3840 5399 πρᾶγμα

2259 5416 2345 5469 διὰ
2375 5416 2473 5486 τὴν
2502 5416 2723 5484 ἄγνοιαν
2750 5415 2843 5470 τοῦ
2872 5415 3093 5486 τρόπου·
3124 5415 3266 5470 οὓτω
3291 5417 3383 5470 2&1
3414 5416 3477 5469 σὺ
3500 5416 3723 5486 ποίησον
3744 5415 3843 5470 ἐπὶ

2258 5503 2351 5556 τοῦ
2373 5504 2604 5577 Πατρός·
2623 5504 2669 5555 εἰ
2690 5503 2782 5556 καὶ
2801 5504 2899 5556 οὐκ
2919 5499 3065 5567 οἶδας
3093 5504 3207 5567 πῶς
3226 5503 3513 5574 ἐγεννήθη,
3542 5503 3623 5565 τὸ,
3643 5504 3845 5569 Ἔγειρε

2258 5592 2435 5660 νήθη,
2468 5592 2798 5663 ὁμολόγησον
2830 5594 2878 5650 b.
2914 5591 3029 5646 Κᾶν
3057 5593 3193 5667 λέγῃ
3221 5611 3300 5647 σοι
3330 5595 3358 5647 ό
3384 5592 3649 5664 αἰρετικδς
3670 5631 3685 5653 ,
3719 5591 3847 5656 Πῶς

2318 5765 2348 5805 ι)
2371 5764 2521 5813 Savil.
2557 5770 2610 5813 et
2651 5764 2852 5827 Halesio
2894 5762 3158 5819 legendum
3186 5765 3396 5827 videtur,
3422 5768 3461 5815 εἰ
3503 5767 3553 5815 δὲ
3594 5765 3681 5813 οὐκ
3713 5764 3852 5821 οἶδας

2260 5830 2362 5883 πῶς
2386 5828 2618 5889 ἐγέννησε,
2642 5826 2696 5874 τὸ
2717 5827 2929 5887 ἐγέννησε
2952 5829 3260 5889 ὁμολόγησον.
