4048 6208
197 434 215 486 Ι
227 431 291 484 65

186 545 244 596 lis
295 539 462 595 etiam
505 537 624 610 ipso
652 549 715 588 ex
748 539 964 602 aspectu
992 522 1253 596 vertigine
1282 518 1678 588 corripiuntur:
1709 513 1786 566 ii’li

196 648 316 685 vero
349 645 452 688 nec
479 606 542 683 iui
573 626 766 684 mediis
808 621 1050 676 fluetibus
1079 613 1478 687 perturbantur.
1513 609 1624 662 lloc
1651 615 1705 660 et
1734 606 1786 658 in

197 732 372 777 ruente
403 727 586 774 nostra
612 716 797 772 evenit
825 731 837 767 :
868 709 1130 782 siquidem
1160 716 1211 761 et
1241 706 1408 774 ipsam
1434 717 1576 772 saepe
1599 699 1788 752 fluctus

196 811 659 884 perturbationum
714 803 973 862 invadunt
1021 801 1190 854 multo
1242 792 1464 848 marinis
1507 789 1786 850 smviores,

196 905 357 960 veluti
391 902 625 974 procella
661 895 950 956 iracundiae
971 936 985 960 ,
1014 909 1133 963 qua:
1159 893 1411 946 deorsum
1453 902 1546 941 cor
1587 885 1786 954 dcjicit,

196 1009 247 1054 et
278 1013 458 1068 praue
489 991 798 1066 cupiditatis
842 988 1019 1052 venti,
1067 986 1156 1057 qui
1200 985 1422 1039 multam
1463 982 1695 1038 excitant
1736 979 1788 1032 in

197 1102 379 1149 mente
410 1087 899 1146 conturbationem.
923 1083 1096 1150 Atque
1122 1080 1166 1133 is
1193 1078 1405 1150 quidem
1432 1077 1519 1146 qui
1547 1075 1788 1143 inexper-

198 1197 280 1241 tus
331 1193 417 1240 est
462 1192 517 1238 ct
557 1178 967 1242 inexercitatus,
1012 1172 1297 1242 incipiente
1341 1170 1433 1223 irae
1455 1173 1792 1237 tempestate,

195 1279 459 1333 continuo
502 1273 746 1328 turbatur
766 1311 780 1334 ,
812 1274 1182 1323 commovetur
1205 1306 1219 1328 ,
1251 1261 1480 1332 agitatur
1500 1301 1515 1324 ,
1561 1257 1790 1311 animam

195 1371 322 1424 sinit
347 1369 416 1422 ab
441 1363 722 1422 affectibus
745 1358 1036 1429 submersi,
1064 1371 1128 1410 ac
1158 1352 1488 1422 naufragium
1517 1348 1623 1419 pati
1655 1365 1666 1402 :
1699 1347 1791 1415 qui

197 1477 326 1516 vero
349 1468 600 1530 expertus
626 1465 680 1511 et
700 1452 1026 1509 exercitatus
1048 1459 1128 1502 est
1153 1446 1217 1500 ad
1239 1445 1355 1500 bcec
1379 1443 1556 1498 omnia
1589 1441 1790 1511 patien-

199 1563 280 1608 ter
326 1549 548 1608 ferenda
570 1590 586 1615 ,
632 1557 901 1615 tamquam
927 1537 1335 1614 gubernatorem
1364 1533 1430 1593 ad
1469 1533 1674 1588 clavum
1702 1544 1789 1585 se-

198 1647 444 1711 dentem,
480 1646 551 1702 ita
581 1644 844 1700 rationem
875 1653 1032 1708 supra
1066 1633 1492 1708 perturbationes
1522 1632 1648 1685 istas
1676 1629 1791 1684 col-

199 1741 383 1804 locat,
417 1751 590 1806 neque
633 1734 781 1805 prius
809 1731 1022 1790 absistit
1061 1728 1309 1788 omnibus
1355 1723 1565 1779 teutatis
1588 1765 1602 1788 ,
1634 1737 1792 1794 quam

200 1832 474 1902 navigium
501 1829 566 1888 ad
593 1826 930 1898 tranquillum
953 1821 1302 1894 phil030phize
1326 1828 1535 1891 portum
1559 1817 1792 1874 duxerit.

200 1923 356 1990 Quod
384 1921 544 1992 igitur
573 1919 630 1976 fit
657 1919 708 1972 in
737 1916 894 1982 mari,
922 1923 978 1970 et
997 1912 1141 1984 quod
1170 1912 1222 1971 in
1250 1917 1427 1965 mente
1453 1908 1668 1974 accidit,
1693 1907 1795 1964 hoc

201 2027 252 2072 et
299 2019 356 2071 in
401 2013 736 2086 expositione
781 2009 1174 2079 Scripturarum
1215 2003 1398 2061 evenit
1428 2021 1441 2059 :
1470 2001 1791 2058 commoveri

201 2123 430 2165 necesse
457 2117 540 2164 est
582 2121 645 2162 ac
675 2104 913 2170 turbari,
955 2109 1237 2174 postquam
1261 2098 1314 2156 in
1355 2096 1570 2168 pelagus
1597 2095 1795 2169 egressi

203 2201 488 2265 fuerinms,
515 2213 622 2253 non
641 2194 785 2267 quod
814 2190 1147 2250 formidabile
1175 2191 1245 2248 sit
1271 2188 1507 2260 pelagus,
1534 2184 1631 2242 sed
1654 2183 1794 2259 quod

202 2289 476 2360 inexperti
503 2289 672 2343 simus
709 2299 810 2343 nos
837 2285 926 2359 qui
960 2283 1288 2356 navigamus.
1318 2278 1448 2337 Nam
1477 2277 1796 2342 orationem,

205 2398 326 2451 qua:
358 2396 454 2435 sua
485 2388 673 2438 natura
703 2377 772 2436 sit
810 2373 1010 2439 facilis,
1056 2372 1126 2431 ob
1155 2370 1470 2446 imperitiam
1496 2367 1798 2424 auditorum

202 2473 484 2529 difficilem
511 2470 626 2526 ﬁeri
647 2511 663 2539 ,
699 2467 924 2524 Paulum
953 2464 1104 2524 Vallis
1128 2468 1318 2519 testem
1348 2460 1633 2532 proferam.
1665 2459 1799 2518 Cum

201 2569 348 2622 enim
376 2565 652 2620 Christum
681 2561 904 2644 dixisset
949 2555 1264 2617 Pontificcm
1306 2555 1471 2614 fuisse
1508 2551 1798 2610 secundum

202 2660 457 2716 onlinem
486 2643 875 2720 lelebisedec,
900 2650 1338 2723 qumsivissetque
1376 2647 1494 2718 quis
1522 2643 1801 2705 Melchise-

201 2753 305 2810 dec
333 2760 503 2816 esset,
525 2749 754 2821 adjecit:
780 2745 860 2803 De
887 2761 985 2817 quo
1013 2743 1223 2819 grandis
1251 2741 1392 2799 nobis
1418 2755 1582 2798 sermo
1603 2781 1619 2805 ,
1647 2747 1693 2796 et
1717 2737 1800 2792 in-

204 2851 491 2914 terpretata
517 2839 736 2910 digitm:
763 2836 946 2907 (Hebr.
973 2835 1027 2895 5.
1059 2835 1171 2907 fi).
1205 2832 1342 2902 Quid
1370 2833 1468 2897 ais,
1497 2830 1650 2887 beate
1669 2829 1802 2888 Pau-

205 2937 298 2993 le?
345 2935 542 2990 Tibine
585 2930 818 2988 difficilis
863 2937 946 2987 est
991 2929 1381 2998 iulerpretatu,
1425 2925 1514 2996 qui
1543 2922 1802 2997 spirituali

204 3026 381 3096 polles
408 3023 674 3094 sapientia
693 3062 710 3089 ,
740 3021 829 3092 qui
858 3033 1050 3079 arcana
1096 3018 1257 3075 verba
1301 3015 1587 3082 audivisti,
1618 3014 1710 3088 qui
1737 3013 1804 3071 ad

206 3120 428 3176 tertium
473 3125 656 3188 raptus
693 3129 756 3174 es
779 3111 1012 3172 cadum?
1053 3110 1110 3167 Si
1143 3110 1237 3167 tibi
1262 3107 1497 3166 dimcilis
1526 3115 1611 3165 est
1639 3107 1806 3165 inter-

210 3220 464 3280 pretato,
508 3216 687 3279 a'quo
731 3206 926 3277 poterit
972 3200 1395 3275 comprehendi?
1422 3199 1548 3262 Mihi
1575 3197 1809 3257 difficilis

207 3314 288 3359 est
317 3303 678 3371 interpretata
697 3340 714 3366 ,
752 3297 957 3368 inquit,
987 3311 1094 3354 non
1125 3293 1196 3352 ob
1235 3307 1386 3352 suam
1416 3290 1807 3356 difficultatem,

214 3393 312 3449 sed
337 3392 414 3450 ob
433 3390 737 3448 auditorum
761 3388 1145 3446 inﬁmitatem.
1174 3385 1463 3456 Postquam
1487 3383 1628 3440 enim
1653 3383 1808 3450 dixit,

210 3486 570 3556 Inta'pret‘atu
612 3483 826 3553 diﬁeifis
845 3522 861 3550 ,
907 3479 1147 3545 adiunxit
1189 3495 1203 3532 :
1242 3477 1496 3544 Quoniam
1537 3472 1810 3532 imbecilles

211 3579 342 3648 {adi
362 3577 486 3632 estis
506 3575 575 3630 ad
593 3573 920 3632 audiendum.
947 3571 1110 3630 Vides
1131 3586 1237 3626 non
1261 3578 1501 3628 naturam
1525 3567 1810 3633 sermonis,

209 3671 311 3726 sed
359 3668 665 3726 auditorum
695 3665 1012 3736 imperitiam
1043 3663 1312 3722 difficilem
1343 3677 1464 3721 eum
1493 3659 1809 3724 reddidisse.

212 3763 308 3832 qui
340 3759 580 3817 difficilis
607 3758 826 3818 minime
858 3756 1000 3814 fuit?
1037 3755 1219 3827 Neque
1246 3768 1374 3812 vero
1404 3751 1672 3810 difficilem
1699 3761 1816 3812 tano

216 3863 362 3917 tum,
386 3850 481 3906 sed
503 3858 561 3906 et
581 3848 838 3920 grandem
862 3847 1026 3906 efficit
1049 3863 1190 3911 eum,
1216 3846 1304 3917 qui
1333 3845 1508 3902 brevis
1533 3844 1602 3902 sit
1626 3843 1814 3902 eadem

214 3957 385 3998 causa
417 3959 433 3996 :
461 3949 789 4013 quapropter
817 3953 925 3995 non
969 3937 1131 3994 modo
1166 3935 1437 3994 difficilem
1468 3934 1815 4005 interpretata

215 4050 349 4088 eum
377 4046 502 4090 esse
527 4032 681 4099 dixit,
709 4045 896 4088 verum
925 4029 1084 4100 etiam
1111 4027 1372 4098 grandem
1393 4066 1409 4091 ,
1437 4035 1490 4084 et
1530 4023 1818 4097 longitudi-

220 4126 310 4182 nis
331 4167 347 4188 ,
377 4133 435 4181 et
461 4121 790 4180 difficultatis
818 4135 1032 4182 causam
1073 4118 1384 4178 adscribens
1409 4115 1618 4174 aurium
1650 4115 1820 4172 imbe-

220 4215 460 4270 cillitati.
488 4213 624 4273 Nam
654 4213 791 4270 sicut
823 4211 948 4270 dum
977 4225 1151 4282 (εει-οε
1177 4222 1427 4266 curamus
1467 4221 1573 4267 non
1611 4214 1824 4276 oportet

223 4311 573 4366 subitaneam
599 4316 654 4364 et
678 4314 864 4378 paratu
896 4304 1103 4362 facilem
1132 4318 1372 4361 mensam
1403 4301 1508 4361 illis
1529 4312 1823 4372 apponere,

226 4402 326 4460 sed
356 4400 504 4455 varia
532 4407 660 4454 sunt
689 4397 793 4453 illis
818 4395 996 4453 edulia
1024 4393 1278 4466 paranda,
1307 4401 1366 4450 ut
1393 4392 1437 4450 si
1465 4398 1696 4462 aegrotus
1724 4388 1826 4446 hoc

226 4502 450 4565 gestare
478 4489 746 4554 noluerit,
776 4487 1004 4546 alterum
1030 4492 1207 4542 sumat
1239 4497 1253 4536 :
1283 4481 1424 4553 quod
1463 4482 1508 4538 si
1548 4478 1675 4538 illud
1719 4492 1826 4538 non

228 4583 518 4646 admittat,
550 4579 695 4638 aliud
722 4586 963 4649 aoccptet
991 4593 1006 4630 :
1040 4584 1132 4634 aut
1159 4574 1204 4632 si
1235 4573 1337 4630 boe
1366 4571 1642 4642 repudiet,
1672 4567 1826 4624 alteri

232 4689 454 4730 manum
485 4671 727 4743 iniiciat,
757 4678 812 4726 et
848 4669 1086 4726 ciborum
1118 4665 1371 4721 varietate
1413 4661 1679 4719 fastidium
1705 4659 1826 4713 viu-

235 4780 444 4829 amus,
476 4777 544 4818 ac
571 4760 880 4818 diversitate
908 4771 1109 4816 mensis
1134 4753 1299 4813 animi
1326 4755 1442 4823 ejus
1465 4749 1828 4808 morositatem

239 4858 550 4928 mitigemus
576 4871 591 4910 :
617 4854 691 4907 ita
710 4864 1081 4922 saepenumero
1109 4849 1162 4903 in
1189 4845 1552 4918 spiritualibus
1569 4841 1831 4903 conviviis

239 4959 326 5004 est
349 4945 640 5019 agendum.
669 4943 802 5000 Cum
828 4941 1026 4998 infirmi
1054 4940 1243 5004 simus,
1285 4935 1452 4993 multa
1490 4942 1548 4992 et
1572 4933 1719 4990 varia
1746 4931 1830 4986 in-

242 5039 510 5097 stituenda
525 5045 611 5096 est
629 5036 824 5102 oratio,
841 5048 961 5106 qua:
979 5030 1406 5104 comparationes
1425 5026 1639 5094 habeat,
1659 5038 1836 5082 exemo

244 5131 334 5200 pla
355 5173 371 5196 ,
407 5127 897 5186 demonstrationes
917 5164 935 5192 ,
963 5123 1248 5180 verborum
1288 5118 1544 5176 circuitus
1567 5157 1584 5184 ,
1626 5116 1834 5186 aliaque

245 5222 412 5278 multa
449 5219 752 5291 ejusmodi,
783 5226 843 5274 ut
869 5232 934 5274 ex
974 5214 1224 5273 omnibus
1253 5209 1426 5266 facilis
1460 5208 1531 5262 sit
1556 5205 1708 5262 nobis
1735 5220 1835 5262 eo-

247 5328 372 5372 rum
392 5355 408 5378 ,
437 5327 560 5382 qua
587 5311 698 5368 sint
737 5308 1011 5380 profutura
1033 5347 1050 5376 ,
1096 5304 1354 5360 delectus.
1400 5298 1688 5358 Enimvero
1715 5295 1840 5350 licet

247 5402 468 5473 pandis
494 5411 642 5460 esset
666 5410 825 5472 atque
864 5399 1211 5468 interpretata
1239 5390 1471 5448 difficilis
1515 5388 1605 5444 ille
1636 5399 1838 5454 sermo,

253 5508 584 5564 nequaquam
613 5492 731 5548 illos
753 5489 995 5545 doctrina
1021 5487 1089 5543 de
1109 5481 1462 5540 Melchisedec
1489 5477 1718 5550 privavit
1738 5473 1836 5549 (a),

251 5599 380 5640 eum
409 5593 463 5640 et
500 5580 730 5640 dicendo
755 5579 1009 5652 grandem
1051 5576 1196 5634 illum
1227 5589 1346 5632 esse
1373 5582 1531 5643 atque
1571 5569 1839 5638 interpre-

261 5685 376 5733 tata
397 5675 675 5732 difficilem
697 5674 908 5730 illorum
932 5670 1163 5728 studium
1185 5665 1448 5732 excitarit,
1473 5675 1530 5720 ut
1553 5660 1842 5722 alacriores

329 5830 406 5894 (ο)
433 5835 517 5884 μία
538 5841 591 5884 et
614 5831 737 5882 infra
760 5829 1065 5882 Colbertinus
1095 5829 1143 5880 in
1165 5827 1325 5880 multis
1345 5827 1528 5880 deficit.

1185 409 1276 464 DE
1317 398 1852 463 PROPHETIARUM
1894 396 2394 455 OBSf’IURlTA'l‘E.
2433 397 2473 454 1.

3381 400 3483 459 166

1900 509 2089 566 fierent
2111 512 2175 565 ad
2197 513 2518 568 audiendum
2545 529 2558 566 :
2583 521 2633 568 et
2663 513 2786 567 dum
2817 511 2923 570 illis
2943 528 3181 568 mensam
3209 515 3483 582 instruxit,

1897 619 2081 656 eorum
2111 605 2383 672 cupiditati
2417 605 2572 660 fuerit
2600 605 2946 676 obsequutus.

1967 713 2020 770 Ξ.
2056 720 2324 788 Scriptura
2350 735 2497 774 sacra
2521 721 2771 789 quomodo
2801 723 3086 774 tractanda.
3117 721 3381 775 Anommos
3402 739 3479 776 re-

1898 812 2120 880 darguit.
2152 812 2404 868 Adversus
2434 813 2692 868 luet-elices
2721 814 2784 866 de
2827 825 3017 868 averna
3047 813 3231 870 Christi
3270 834 3480 888 genera-

1898 905 2050 957 tione.
2078 902 2342 961 Geucratio
2363 905 2513 958 etiam
2535 914 2730 960 terrena
2753 905 2938 961 Christi
2962 925 3063 962 non
3085 911 3480 982 intelligitur.—

1899 998 2008 1054 lloc
2038 1015 2136 1052 nos
2165 1015 2375 1074 quoque
2403 1000 2655 1056 faciamus
2681 1018 2693 1054 :
2728 1003 2936 1061 tametsi
2965 1004 3343 1075 prophetarum
3387 1007 3481 1061 int—

1899 1105 2144 1143 mensum
2180 1100 2262 1145 est
2287 1091 2522 1164 pelagus,
2547 1092 2832 1164 multa'que
2854 1094 3031 1152 insunt
3055 1093 3164 1150 illic
3181 1096 3486 1166 voragines,

1896 1180 2150 1236 audacter
2195 1199 2290 1253 pro
2330 1193 2512 1239 nostra
2539 1183 2676 1240 virili
2704 1193 2854 1252 parte
2894 1200 3042 1246 mare
3085 1185 3485 1257 ingrediamur;

1897 1275 2006 1330 imo
2029 1291 2176 1340 vero,
2203 1292 2307 1330 non
2337 1291 2435 1348 pro
2462 1287 2639 1334 nostra
2662 1277 2802 1336 virili
2835 1288 3004 1352 parte,
3036 1279 3129 1334 sed
3155 1289 3309 1348 prout
3335 1281 3488 1351 nobis

1896 1382 2128 1437 superna
2166 1369 2335 1441 gratia
2373 1385 2684 1430 concessum
2730 1370 2924 1435 fuerit,
2973 1386 3077 1426 nou
3129 1372 3320 1428 fiducia
3369 1374 3486 1428 freti

1897 1466 2078 1516 nostra
2100 1500 2114 1522 ,
2147 1458 2239 1513 sed
2288 1459 2635 1531 procuranda:
2664 1461 2906 1518 utilitatis
2931 1470 3124 1520 vestrm
3152 1477 3310 1520 causa
3342 1479 3489 1519 mare

1898 1547 2152 1604 audacter
2179 1549 2556 1620 ingrediatnur,
2591 1561 2644 1606 et
2675 1552 2726 1605 in
2757 1551 2856 1606 hoc
2881 1568 3092 1626 quoque
3119 1551 3341 1608 Paulum
3371 1555 3488 1610 imi-

1899 1649 2092 1697 temur.
2123 1640 2274 1709 Quod
2307 1642 2448 1696 enim
2481 1643 2721 1701 oratione
2749 1644 2816 1704 de
2847 1643 3203 1699 Melcltisedec
3241 1645 3359 1700 illos
3386 1649 3486 1699 tui-

1897 1733 2041 1788 nime
2069 1734 2311 1804 privarit,
2340 1751 2404 1789 ex
2434 1735 2518 1802 iis,
2551 1751 2669 1805 qua:
2697 1746 3008 1807 sequuntur,
3039 1737 3321 1806 intelliges.
3349 1736 3490 1793 Sane

1899 1838 2020 1880 cum
2049 1825 2304 1890 dixisset,
2356 1824 2428 1878 De
2464 1842 2562 1892 quo
2601 1827 2809 1900 grandis
2853 1843 3051 1894 sermo,
3084 1837 3130 1881 et
3158 1829 3489 1898 interpretum

1899 1915 2116 1985 diﬁicih's
2137 1955 2150 1978 ,
2193 1915 2388 1984 adjecit
2415 1933 2426 1968 :
2454 1915 2554 1972 Hic
2582 1917 2714 1970 enim
2741 1915 3110 1984 Melcltiscdec,
3143 1934 3233 1972 rea:
3249 1919 3487 1988 justitiw,

1899 2007 2082 2060 deinde
2108 2015 2275 2060 autem
2317 2016 2363 2060 et
2404 2023 2495 2061 rex
2520 2006 2692 2064 Solem
2716 2048 2732 2076 ,
2773 2008 2910 2084 quod
2946 2018 3018 2064 est
3054 2024 3145 2062 rea:
3179 2008 3359 2082 pacis,
3384 2011 3493 2062 sine

1901 2107 2078 2170 patre,
2125 2098 2232 2154 sine
2255 2107 2446 2164 matre,
2474 2098 2584 2152 sine
2609 2100 2901 2170 genealogia
2919 2139 2937 2165 ,
2975 2115 3132 2169 neque
3156 2099 3352 2154 initium
3377 2101 3490 2155 die-

1900 2207 2037 2258 rum,
2067 2207 2225 2261 neque
2249 2192 2364 2245 vitae
2387 2192 2540 2260 ﬁnem
2570 2192 2757 2248 habens
2781 2206 2799 2245 :
2822 2192 3129 2246 assimilatas
3163 2201 3330 2245 autem
3355 2191 3492 2246 Filio

1902 2275 2000 2331 Dei
2025 2287 2193 2330 manet
2220 2277 2456 2334 sacerdos
2483 2279 2535 2330 in
2564 2287 2858 2351 perpetuum
2884 2280 2902 2348 (
2926 2277 3082 2332 Hebr.
3114 2279 3165 2332 7.
3199 2278 3356 2347 1-3).
3385 2280 3493 2334 An-

1905 2385 2010 2430 non
2029 2379 2235 2428 vestras
2255 2385 2413 2426 aures
2436 2369 2762 2440 perturbavit
2785 2370 2851 2425 de
2874 2371 3088 2426 homine
3107 2370 3267 2425 verba
3292 2369 3492 2425 faciens

1903 2462 2122 2529 Paulus,
2151 2477 2215 2518 ac
2239 2462 2446 2529 dicens,
2477 2462 2605 2520 Sine
2630 2472 2791 2534 patre,
2820 2463 2927 2518 sine
2951 2463 3154 2517 matre?
3183 2462 3318 2530 Quid
3346 2463 3488 2522 dico.

1905 2553 1974 2614 de
2004 2554 2266 2614 homine?
2305 2553 2444 2609 Nam
2463 2552 2508 2612 si
2553 2553 2656 2609 boc
2681 2552 2748 2613 de
2775 2553 2986 2614 Christo
3012 2553 3172 2610 etiam
3202 2553 3491 2617 diceretur.

1907 2663 2085 2704 nonne
2113 2647 2192 2705 sic
2219 2647 2380 2704 etiam
2420 2647 2640 2704 multam
2672 2646 2945 2718 qumrcudi
2986 2648 3321 2704 occasionem
3353 2663 3494 2718 prze-

1909 2741 2101 2798 beret?
2142 2740 2198 2800 Si
2227 2741 2370 2799 enim
2401 2749 2484 2800 est
2527 2742 2642 2802 sine
2686 2751 2857 2811 patre,
2903 2741 3170 2813 quomodo
3199 2741 3403 2797 Filius?
3447 2742 3496 2797 si

1909 2834 2026 2894 sine
2053 2833 2232 2900 Patre,
2259 2833 2527 2905 quomodo
2550 2833 2900 2905 Unigenitus?
2930 2834 3094 2890 Filius
3121 2836 3262 2893 enim
3290 2845 3496 2908 patrem

1911 2926 2109 2984 habere
2134 2925 2316 2991 debet,
2345 2927 2538 2997 alioqui
2569 2927 2709 2984 filius
2740 2943 2844 2982 non
2873 2927 2994 2982 erit.
3025 2929 3272 2982 Attamen
3300 2938 3356 2984 et
3381 2930 3500 2984 sine

1910 3029 2062 3090 patre
2091 3018 2260 3078 Filius
2285 3020 2377 3079 Dei
2407 3029 2510 3084 est,
2541 3028 2596 3076 et
2623 3021 2740 3076 sine
2768 3029 2966 3078 matre.
2995 3019 3113 3089 Quo
3142 3020 3353 3079 tandem
3384 3036 3500 3080 mo-

1911 3110 2024 3168 do?
2069 3110 2199 3168 Sine
2242 3119 2393 3181 patre
2434 3109 2725 3169 secundum
2772 3119 3038 3168 terrenam
3076 3112 3497 3183 generationem,

1912 3201 2029 3260 sine
2057 3211 2228 3261 matre
2252 3200 2546 3260 secundum
2569 3201 2840 3260 caelestem
2873 3220 2886 3256 :
2914 3217 3036 3256 nam
3065 3218 3236 3273 neque
3262 3203 3315 3257 in
3347 3204 3504 3259 terris

1914 3294 2098 3354 habuit
2137 3305 2344 3371 patrem
2365 3335 2381 3361 ,
2413 3309 2585 3370 neque
2614 3302 2842 3354 matrem
2879 3295 2934 3354 in
2964 3295 3131 3354 aclis.
3163 3295 3288 3351 Sine
3315 3313 3502 3368 genea-

1915 3387 2072 3463 logia.
2104 3386 2369 3452 Audiam,
2401 3388 2490 3462 qui
2535 3385 2653 3458 ejus
2693 3388 2979 3446 essentiam
3007 3387 3219 3447 euriose
3256 3398 3504 3444 scrutan-

1917 3487 2044 3538 tur:
2076 3478 2286 3539 tametsi
2333 3477 2661 3538 arbitrantur
2705 3477 2960 3548 quidam,
3005 3477 3147 3552 quod
3189 3477 3274 3534 hic
3313 3478 3509 3537 dicitur

1918 3571 2046 3628 Sina
2067 3571 2386 3646 genealogia,
2412 3570 2481 3630 ad
2506 3569 2774 3629 czclestem
2792 3570 3191 3642 generationem
3215 3570 3505 3641 pertinere.

1917 3663 2050 3722 Nam
2092 3663 2330 3723 haeretici
2371 3679 2439 3722 ne
2485 3663 2589 3722 hoc
2631 3663 2846 3740 quidem
2877 3664 3064 3722 volunt
3093 3680 3105 3718 :
3137 3663 3332 3720 etenim
3359 3663 3510 3719 illam

1919 3771 2132 3830 quoque
2153 3757 2367 3814 curiose
2387 3764 2692 3816 scmtantur
2714 3765 2768 3815 ct
2788 3756 3060 3828 inquirunt
3083 3773 3095 3810 :
3120 3756 3209 3828 qui
3230 3770 3358 3810 vero
3383 3764 3510 3810 sunt

1921 3848 2060 3906 inter
2102 3847 2222 3906 illos
2265 3845 2642 3914 modestiores,
2684 3847 2757 3903 illi
2798 3847 3128 3920 generationi
3175 3846 3277 3904 hoc
3313 3861 3507 3901 conce-

1921 3941 2058 4000 dunt
2084 3957 2099 3995 :
2128 3938 2197 3998 de
2229 3947 2444 4000 terrena
2475 3954 2580 3998 non
2608 3940 2736 3998 item
2777 3940 2976 3998 dictum
3019 3940 3325 3998 existimant
3359 3940 3510 4006 illud,

1925 4033 2052 4094 Sine
2078 4031 2394 4105 genealogia.
2444 4029 2805 4092 Ostendamus
2850 4031 3011 4104 igitur
3055 4030 3156 4088 ltoc
3197 4030 3264 4088 de
3293 4039 3514 4098 utraque

1926 4124 2150 4184 Paulum
2189 4123 2540 4198 generatione
2578 4122 2810 4189 dixisse,
2843 4123 2909 4182 de
2949 4123 3147 4183 cu'lesti
3177 4122 3336 4180 simul
3365 4121 3515 4178 etde

1926 4229 2138 4278 terrena
2172 4236 2185 4274 :
2220 4233 2341 4278 nam
2373 4225 2426 4274 et
2452 4216 2536 4271 illa
2567 4214 2843 4274 tremenda
2873 4223 2954 4272 est
2969 4255 2989 4284 ,,
3031 4225 3084 4272 et
3127 4214 3246 4272 bace
3289 4213 3511 4285 mystica

1927 4313 2179 4374 maxime.
2204 4311 2491 4381 Propterea
2514 4308 2724 4366 dicebat
2743 4309 2904 4368 etiam
2929 4308 3108 4373 Isaias,
3133 4304 3516 4364 Generationem

1929 4406 2040 4476 ejus
2061 4405 2172 4475 quis
2197 4401 2448 4460 enarrabit
2479 4399 2628 4476 μιαί.
2651 4400 2740 4462 53.
2763 4399 2830 4471 8)
2851 4400 2874 4455 τ
2899 4387 3058 4471 Atqui
3082 4398 3149 4456 de
3177 4399 3266 4456 illa
3291 4399 3514 4460 cmlesti.

1933 4499 2138 4569 inquit,
2187 4495 2291 4554 hoc
2329 4493 2482 4556 dixit.
2531 4492 2669 4566 Quid
2719 4507 2848 4562 ergo
2893 4490 3059 4546 Paulo
3107 4490 3382 4553 dicemus.
3426 4489 3516 4561 qui

1933 4600 2213 4658 utramque
2255 4586 2654 4660 generationem
2700 4583 3175 4650 commemoravit,
3217 4597 3282 4636 ae
3326 4580 3523 4637 deinde

1934 4681 2085 4751 illud,
2111 4679 2236 4738 Sine
2261 4679 2576 4752 genealogia,
2603 4674 2917 4747 subiunxit?
2945 4674 3081 4734 Cum
3111 4673 3254 4730 enim
3285 4683 3407 4728 ante
3433 4671 3520 4726 di-

1935 4773 2134 4840 xisset,
2164 4773 2290 4828 Sine
2329 4781 2505 4842 patre,
2551 4769 2661 4824 sine
2699 4775 2894 4837 matre,
2934 4776 3054 4835 post
3089 4765 3332 4835 adjuusit
3355 4807 3370 4829 ,
3401 4762 3526 4822 Sine

1937 4865 2232 4938 peneafogia
2251 4904 2267 4932 ,
2297 4872 2358 4920 ut
2387 4877 2492 4916 non
2524 4858 2685 4918 modo
2709 4855 3003 4916 secundum
3039 4855 3180 4912 illam
3219 4855 3525 4927 generatio-

1938 4972 2085 5024 nem,
2126 4955 2418 5012 secundum
2446 4966 2606 5023 quam
2634 4958 2716 5010 est
2742 4949 2858 5004 sine
2887 4955 3062 5006 matre
3083 4988 3098 5012 ,
3127 4946 3220 5001 sed
3248 4947 3407 5002 etiam
3436 4961 3527 5002 se-

1939 5047 2173 5108 cundum
2197 5046 2354 5109 hanc,
2377 5041 2673 5100 secundum
2697 5052 2856 5110 quam
2884 5047 3001 5094 erat
3027 5037 3144 5094 sine
3170 5044 3340 5110 patre,
3365 5047 3528 5093 terre-

1940 5156 2065 5198 nam
2089 5139 2235 5206 dioo,
2261 5139 2378 5194 sine
2405 5133 2714 5207 genealogia
2744 5132 2915 5202 ipsum
2942 5145 3062 5187 esse
3086 5130 3292 5190 credas.
3330 5129 3532 5188 Idcirco

1941 5243 2164 5305 utraque
2189 5230 2362 5304 posita
2407 5227 2539 5284 dixit
2559 5268 2573 5294 ,
2606 5227 2731 5281 Siue
2757 5223 3050 5298 genealogis
3073 5265 3090 5293 ,
3119 5239 3243 5282 nam
3274 5223 3391 5281 hac
3421 5229 3531 5278 ter-

1945 5342 2077 5386 rena
2106 5321 2488 5396 comprehendi
2518 5336 2622 5380 non
2654 5327 2868 5392 potest,
2902 5328 2960 5378 ut
2989 5319 3042 5372 in
3089 5317 3234 5374 illam
3264 5331 3332 5374 ne
3357 5313 3531 5383 respi-

1946 5437 2070 5479 cere
2095 5419 2312 5490 quidem
2340 5415 2651 5470 audeamus.
2682 5412 2812 5467 Nam
2844 5412 2888 5467 si
2918 5411 3097 5479 templi
3123 5407 3378 5466 vesubula
3409 5412 3535 5458 sunt

1947 5513 2082 5569 adeo
2111 5506 2369 5566 terribilia
2401 5516 2457 5564 et
2495 5507 2764 5561 inaccessa
2787 5547 2802 5569 ,
2831 5519 2937 5576 quo
2964 5509 3117 5573 pacto
3151 5501 3202 5554 in
3234 5500 3346 5568 ipsa
3377 5495 3533 5568 adyta

1949 5613 2230 5677 penetrare
2281 5602 2400 5672 quis
2459 5595 2726 5655 audebit?
2773 5595 3023 5653 Genitum
3071 5593 3212 5648 enim
3261 5604 3325 5644 ex
3380 5587 3536 5643 Patre

1949 5697 2116 5754 fuisse
2161 5695 2272 5750 scio
2315 5711 2330 5750 :
2372 5706 2477 5766 quo
2523 5698 2714 5764 pacto.
2765 5687 2970 5744 nescio.
3019 5683 3100 5737 Ex
3137 5679 3341 5751 virgine
3389 5679 3539 5736 illum

1954 5793 2120 5856 fuisse
2159 5801 2339 5847 natum
2371 5789 2527 5852 novi;
2573 5779 2793 5838 modum
2835 5787 3012 5834 autem
3080 5787 3151 5830 ne
3196 5772 3281 5828 hic
3323 5770 3540 5844 quidem
