3968 6208
513 365 612 421 167

509 497 785 553 assequar.
819 479 950 537 Nam
981 479 1254 552 utriusque
1279 488 1483 535 natura:
1525 478 1925 550 generationem
1955 492 2086 534 con-

513 577 726 629 ﬁtemur
743 613 758 636 ,
786 581 842 627 et
866 572 1140 643 utriusque
1166 571 1381 626 modum
1413 581 1669 626 tacemus.
1711 569 1777 624 Et
1804 569 1941 624 sicut
1969 583 2088 623 cum

509 667 577 721 de
607 666 810 736 virgine
839 665 1031 735 agitur,
1059 664 1158 718 etsi
1185 664 1365 719 nescio
1392 677 1499 734 quo
1525 671 1679 732 pacto
1702 661 1772 715 sit
1797 675 1862 714 ex
1888 659 2074 730 virgini

507 766 824 828 generatus,
869 764 1208 825 tamen,eum
1250 761 1559 824 generatum
1605 752 1766 806 fuisse
1809 750 2089 816 conﬁteor,

509 862 610 902 nec
649 862 760 902 rem
805 846 934 901 tollo
962 853 1179 916 prepter
1217 844 1571 915 ignorantiam
1601 841 1743 897 modi
1773 858 1788 896 :
1820 842 1890 895 ita
1919 838 2003 893 fac
2035 848 2088 894 tu

505 953 740 1009 quoque,
768 952 890 992 eum
916 937 982 993 de
1012 937 1169 992 Patre
1193 937 1365 1007 agitur
1394 953 1408 990 :
1441 935 1564 990 licet
1591 934 1796 989 nescias
1822 932 2088 1004 quomodo

509 1030 677 1085 Filius
720 1029 789 1084 sit
824 1029 1072 1100 genitus,
1117 1043 1240 1083 eum
1284 1027 1445 1082 fuisse
1483 1026 1717 1096 genitum
1763 1024 2017 1079 conﬁtere
2045 1023 2084 1077 ¹.

505 1122 658 1188 Quod
684 1122 728 1176 si
755 1121 953 1176 dixerit
980 1120 1072 1176 tibi
1104 1118 1420 1185 haereticus,
1450 1115 1730 1184 Quomodo
1765 1115 1974 1186 genitus
2007 1121 2090 1169 est

503 1227 569 1266 ex
598 1214 754 1267 Patre
792 1211 1000 1267 Filius?
1045 1219 1278 1266 mentem
1324 1209 1442 1278 ejus
1486 1209 1540 1262 in
1588 1215 1782 1262 terram
1827 1205 2084 1275 deprime,

503 1313 664 1374 atque
692 1304 764 1358 illi
788 1303 951 1358 dicito
979 1323 992 1359 :
1025 1300 1298 1356 Descende
1327 1300 1394 1356 de
1418 1299 1587 1364 caelis,
1617 1313 1681 1353 ac
1710 1297 1836 1353 mihi
1864 1297 2087 1352 demon-

501 1405 611 1449 stra
633 1437 647 1459 ,
675 1393 944 1464 quomodo
973 1409 1039 1448 ex
1063 1392 1271 1462 virgine
1310 1391 1379 1446 sit
1418 1399 1598 1456 natus,
1630 1397 1846 1457 tumque
1883 1387 1970 1442 illa
1998 1400 2086 1442 me

504 1501 649 1555 roga.
675 1485 866 1541 Retine
896 1485 1067 1548 illum,
1098 1491 1156 1538 et
1179 1483 1457 1539 obsessum
1487 1496 1638 1552 urge,
1667 1494 1842 1551 neque
1877 1478 2084 1534 resilire

501 1577 664 1630 sinito
692 1585 783 1630 aut
823 1576 875 1630 in
909 1573 1268 1646 labyrinthum
1300 1572 1761 1627 ratiocinationum
1805 1585 1864 1624 se
1907 1567 2082 1637 prori-

505 1681 632 1735 pere
660 1683 673 1720 :
699 1681 884 1721 verum
909 1665 1102 1730 retine,
1119 1677 1172 1724 et
1191 1666 1482 1737 strangula,
1506 1677 1610 1717 non
1635 1676 1814 1726 manu,
1842 1659 1934 1714 sed
1962 1673 2084 1713 ora-

503 1759 678 1823 tione;
711 1774 779 1812 ne
806 1757 1176 1812 distinctiones
1219 1755 1292 1810 illi
1322 1763 1375 1810 et
1412 1753 1604 1824 elTugia
1640 1750 1936 1817 concedas,
1963 1765 2081 1821 quae

499 1849 666 1918 cupit.
696 1849 831 1903 l-linc
858 1848 916 1902 lit
941 1855 996 1902 ut
1021 1862 1114 1902 eos
1137 1845 1448 1918 perturbent
1477 1855 1531 1901 et
1549 1850 1938 1908 eommoveant,
1966 1841 2082 1911 qui-

499 1941 721 1995 buscum
751 1927 1044 2010 disputant,
1076 1937 1215 2009 quod
1246 1952 1344 1992 nos
1367 1937 1475 1993 illis
1501 1937 1876 2006 obsequamur,
1909 1947 2080 2003 neque

496 2048 591 2087 eos
613 2033 678 2087 ad
708 2046 980 2088 sacrarum
1002 2031 1400 2102 Seripturarum
1428 2029 1570 2099 leges
1595 2027 1888 2096 adigamus.
1915 2023 2082 2080 Undi-

493 2139 598 2194 que
644 2123 803 2193 igitur
850 2123 926 2177 illi
971 2135 1185 2176 murum
1226 2136 1292 2175 ex
1333 2118 1650 2175 testimoniis
1682 2117 2076 2186 Scripturarum

493 2228 740 2284 oppone,
770 2227 833 2267 ae
868 2227 936 2268 ne
968 2212 1172 2268 hiscere
1200 2209 1416 2282 quidem
1449 2209 1663 2284 poterit.
1695 2208 1788 2262 Die
1818 2205 1930 2272 illi,
1961 2204 2077 2272 Quo

496 2315 653 2376 pacto
694 2321 760 2361 ex
807 2305 1010 2377 virgine
1053 2313 1208 2359 natus
1245 2305 1370 2358 est?
1418 2318 1526 2357 non
1569 2301 1860 2366 absistam,
1905 2313 2077 2369 neque

495 2395 764 2453 recedam.
810 2397 968 2467 Atqui
1014 2395 1232 2451 modum
1274 2392 1421 2450 eli-ari
1461 2407 1567 2448 non
1609 2392 1827 2463 poterit,
1869 2388 2076 2444 tametsi

495 2491 640 2545 omni
678 2504 780 2561 ope
805 2497 1106 2559 conataque
1132 2485 1438 2542 contendat.
1464 2484 1599 2540 Cum
1625 2483 1767 2538 enim
1798 2483 1937 2537 Dens
1978 2495 2077 2535 oc-

491 2579 734 2646 eluserit,
760 2579 881 2648 quis
897 2578 1006 2648 jam
1032 2576 1334 2632 reserabit?
1359 2575 1486 2630 Sola
1511 2574 1613 2630 lide
1636 2572 1832 2644 percipi
1854 2580 2077 2644 possunt

495 2671 641 2724 talia.
672 2668 825 2736 Quod
849 2669 894 2723 si
923 2683 1030 2722 non
1058 2667 1388 2736 acquiescas,
1411 2665 1504 2720 sed
1533 2665 1765 2720 rationes
1789 2663 2073 2734 disquiras,

495 2760 682 2814 iisdem
725 2767 777 2814 te
803 2757 1008 2822 verbis,
1049 2758 1241 2828 quibus
1274 2756 1618 2813 Nicodemum
1644 2755 1908 2821 Christus,
1940 2753 2073 2807 alfa—

495 2852 593 2906 bor
616 2869 629 2904 :
658 2847 724 2906 'Si
752 2860 948 2905 terrena
975 2849 1082 2904 dixi
1110 2850 1280 2916 vobis,
1308 2859 1355 2904 et
1384 2866 1485 2904 non
1509 2849 1730 2914 creditis,
1757 2846 2006 2918 quomodo
2030 2846 2076 2901 si

493 2943 669 2996 dixero
697 2942 834 2995 vobis
863 2941 1108 3005 cmlestia,
1134 2940 1345 2996 credetis
1373 2941 1548 3009 (Joan.
1580 2941 1633 2996 5.
1665 2939 1805 3010 1‘2)?
1832 2940 1906 2994 De
1930 2939 2070 2994 nati-

493 3033 656 3087 vitate
682 3031 791 3086 dixi
820 3047 886 3086 ex
911 3030 1136 3100 virgine,
1163 3046 1334 3102 neque
1363 3029 1525 3096 nosti,
1547 3046 1715 3102 neque
1740 3030 1948 3086 hiscere
1973 3045 2072 3085 au-

491 3125 623 3190 des,
667 3132 720 3178 et
759 3123 948 3178 caelum
977 3124 1187 3179 curiose
1231 3122 1531 3178 scrutaris?
1569 3121 1746 3193 Atque
1790 3121 1990 3177 utinam
2019 3121 2070 3176 in

492 3215 680 3269 caelum
705 3255 720 3280 ,
747 3224 800 3268 et
827 3230 934 3268 non
963 3216 1016 3269 in
1054 3215 1333 3270 Dominum
1359 3214 1476 3270 (εωιί
1516 3217 1726 3271 curiose
1754 3215 2069 3285 inquirercs.

496 3306 557 3360 Si
583 3315 778 3359 terrena
806 3305 914 3358 dixi
955 3305 1124 3372 vobis,
1160 3315 1207 3360 et
1243 3322 1346 3359 non
1375 3305 1599 3360 creditis.
1646 3304 1762 3360 Non
1792 3304 1964 3372 dixit,
2009 3305 2074 3360 Et

495 3411 599 3449 non
631 3393 1024 3464 persnademini
1045 3437 1061 3460 ,
1099 3395 1192 3450 sed
1211 3435 1228 3461 ,
1263 3394 1382 3450 Non
1407 3396 1608 3449 creditis
1627 3436 1642 3460 ,
1669 3410 1776 3466 quo
1803 3395 1968 3451 verbo
1995 3394 2072 3451 si-

491 3485 704 3555 gniﬁcat
736 3494 945 3540 terrena
973 3485 1135 3541 etiam
1171 3485 1274 3541 ﬁde
1309 3485 1566 3558 indigere.
1607 3485 1760 3553 Quod
1789 3486 1833 3541 si
1861 3495 2074 3541 terrena

494 3577 596 3632 ﬁde
627 3577 901 3647 indigent,
931 3576 1101 3631 multo
1127 3577 1294 3648 magis
1317 3576 1571 3632 caelestia.
1597 3576 1926 3646 Quamquam
1958 3583 2072 3631 tum

492 3669 782 3723 Nicodemo
807 3667 875 3724 de
903 3677 1055 3739 partu
1085 3669 1252 3724 multo
1294 3668 1488 3724 minori
1517 3667 1830 3740 loquebatur
1861 3684 1875 3721 :
1903 3666 2071 3738 siqui-

493 3763 614 3816 dem
642 3761 709 3817 de
738 3761 1003 3832 baptismo
1028 3777 1207 3818 sermo
1233 3770 1369 3829 erat,
1395 3767 1449 3818 et
1473 3761 1542 3818 de
1567 3761 1826 3832 spirituali
1852 3775 2074 3832 regene-

493 3856 701 3910 ratione
730 3873 743 3906 :
772 3855 867 3910 sed
896 3855 1010 3910 haec
1034 3871 1246 3926 quoque
1276 3855 1378 3911 lide
1403 3854 1906 3927 comprehendenda
1929 3854 2073 3909 dice-

492 3948 598 4001 bat.
639 3946 907 4002 Czeternm
939 3957 1146 4003 terrena
1180 3949 1267 4002 illa
1295 3948 1521 4014 vocavit,
1550 3962 1655 4004 non
1685 3947 1827 4018 quod
1860 3955 2070 4003 terrena

491 4039 618 4100 sint,
650 4038 744 4092 sed
782 4039 922 4109 quod
953 4040 1294 4108 perlieiantur
1331 4040 1384 4096 in
1412 4049 1570 4104 terra,
1599 4047 1653 4096 et
1676 4038 1816 4110 quod
1846 4039 1890 4095 si
1920 4054 2070 4095 eom-

494 4130 748 4200 parentur
772 4145 892 4186 cum
918 4145 1146 4202 superna
1170 4131 1257 4186 illa
1282 4142 1336 4188 et
1362 4131 1610 4187 ineffabili
1633 4132 1924 4196 nativitate,
1952 4145 2072 4203 qua:

490 4233 722 4276 mentem
750 4236 962 4278 omnem
991 4232 1297 4293 exsuperat,
1327 4222 1444 4278 inec
1473 4234 1683 4280 terrena
1707 4225 1832 4280 sint.
1856 4223 1912 4280 Si
1941 4238 2071 4294 ergo

493 4314 608 4366 lieri
647 4327 752 4366 non
797 4322 1013 4382 potest,
1061 4324 1119 4370 ut
1162 4315 1324 4370 sciam
1368 4331 1474 4386 quo
1519 4324 1675 4387 pacto
1713 4331 1962 4373 renasear
2002 4331 2069 4372 ex

489 4403 665 4472 aquis,
695 4401 789 4455 sed
819 4402 920 4456 ﬁde
945 4403 1058 4457 sola
1095 4419 1184 4460 res
1224 4405 1312 4459 illa
1338 4407 1592 4476 capienda
1618 4415 1718 4472 est,
1750 4423 1922 4479 neque
1949 4421 2069 4463 mo-

490 4494 591 4546 dus
624 4492 836 4547 curiose
874 4494 1189 4548 scrutandus
1219 4513 1232 4549 :
1260 4507 1471 4566 quanta:
1512 4499 1671 4554 fuerit
1709 4499 1809 4555 hoc
1847 4500 2070 4556 insania:

493 4585 558 4637 :ul
589 4583 1008 4654 investigandam
1036 4586 1302 4642 emlestem
1343 4589 1595 4658 unigeniti
1627 4590 1743 4646 Filii
1771 4591 2071 4662 generatio-

491 4692 612 4729 nem
640 4677 989 4745 cogitationes
1014 4676 1274 4732 humanas
1310 4677 1624 4748 admittere,
1667 4696 1730 4737 ae
1757 4681 1936 4751 modi,
1962 4699 2069 4754 quo

489 4767 625 4822 facta
655 4767 753 4832 sit,
782 4769 1041 4824 rationem
1070 4769 1326 4841 exigere?

559 4859 613 4911 5.
665 4857 815 4912 Vetus
843 4857 1218 4915 Testamentum
1234 4860 1520 4917 obscurum.
1548 4861 1650 4917 Cur
1675 4861 1900 4921 obseura:
1923 4879 2068 4922 erant

489 4949 1013 5018 prophetiae—Satis
1043 4952 1200 5024 igitur
1223 4953 1643 5009 demonstratum
1669 4964 1752 5011 est
1775 4971 1882 5027 quo
1913 4965 2068 5028 pacto

487 5037 602 5091 sine
625 5047 776 5107 patre
796 5055 859 5094 ac
883 5042 1000 5097 sine
1025 5053 1195 5100 matre
1233 5045 1304 5100 sit
1344 5045 1648 5116 unigenitus
1676 5046 1766 5103 Dei
1796 5045 1984 5113 Filius,
2012 5058 2067 5107 et

486 5143 593 5197 quo
634 5141 787 5196 pacto
833 5131 949 5186 sine
993 5134 1299 5206 genealogia
1345 5135 1636 5192 secundum
1675 5148 1952 5209 utramque
1974 5153 2068 5209 ge-

487 5221 818 5276 nerationem
849 5238 864 5274 :
895 5223 1163 5294 reliquum
1201 5235 1367 5282 estut
1415 5226 1482 5282 ad
1523 5227 1573 5282 id
1611 5228 1752 5299 qnod
1794 5229 1956 5285 instat
1982 5245 2067 5285 re-

486 5311 726 5380 deamus,
776 5322 1056 5385 postquam
1105 5331 1406 5374 sermonem
1450 5319 1518 5375 de
1570 5319 1926 5377 Melchisedcc
2010 5322 2062 5377 in

547 5470 565 5500 ι
606 5467 784 5534 melius,
810 5470 857 5518 ni
883 5468 1038 5534 fallor,
1062 5469 1335 5534 legeretur,
1359 5475 1740 5526 assentientibus
1762 5477 1908 5527 etiam
1938 5480 2064 5529 Savi-

487 5529 552 5578 lio
576 5539 627 5600 et
651 5533 858 5602 Itali-sio,
893 5532 1001 5582 licet
1025 5529 1220 5602 nescias
1252 5529 1484 5602 quande
1519 5535 1675 5602 [ilium
1694 5539 1928 5602 genuerit,
1953 5553 2063 5590 eum

481 5592 701 5664 genuisse
717 5594 957 5657 con/itere.
984 5597 1210 5664 Nanrhic
1247 5592 1311 5646 de
1336 5603 1473 5664 Patre
1506 5592 1682 5664 agitur,
1694 5592 1760 5648 "ut
1780 5592 1928 5664 paqu
1946 5610 2062 5652 ante

483 5660 545 5723 de
571 5653 771 5723 \_'_irgine
795 5653 966 5723 matre.
993 5660 1151 5708 Lectio
1173 5667 1332 5723 tamen
1371 5657 1523 5708 altera
1536 5653 1829 5723 Terriposse
1850 5663 2061 5722 videtur,

483 5720 534 5784 et
557 5713 766 5776 ahoduin
785 5721 998 5784 omnium
1022 5720 1374 5784 exemplarium
1411 5713 1701 5784 auctoritate
1721 5725 1974 5780 asseritnr,
2002 5713 2058 5774 ili

476 5774 682 5836 Iamque
697 5781 866 5840 probat
888 5789 1094 5833 Joannes
1112 5774 1292 5832 Boisins
1315 5785 1360 5833 in
1385 5786 1510 5833 notis
1536 5783 1781 5832 savilianis
1797 5799 1847 5847 ιι.
1871 5774 1980 5834 Βδϊζ

1206 363 1262 420 S.
1300 359 1577 420 JOANNIS
1611 359 2084 418 CIIRYSOSTOMI
2124 359 2436 418 ARCHIEP.
2478 359 3009 421 CONSTANTINOP.
3638 382 3721 440 ws

2202 475 2430 535 alterum
2461 477 2598 532 diem
2630 478 2934 549 rejeeimns,
2962 494 3023 534 ac
3051 479 3347 551 prophetica
3380 484 3630 558 a-nigmata
3646 509 3725 549 au-

2200 565 2362 621 dituri
2405 581 2440 623 ιι
2467 577 2643 622 istram
2674 571 3019 624 attentionem
3049 572 3350 628 excitemus.
3390 573 3585 633 Similes
3605 585 3725 638 enim

2201 666 2326 713 sunt
2371 659 2740 728 :enigmatibus
2797 675 3072 716 sermones
3124 663 3436 734 prepltetici,
3482 668 3728 742 multisque

2196 746 2598 803 difﬁcultatibus
2620 749 2900 820 obseptum
2930 761 3012 806 est
3039 751 3201 806 Vetus
3223 752 3596 814 Testamentum
3615 802 3628 823 ,
3653 778 3730 819 ne-

2196 854 2300 910 que
2335 839 2514 896 faciles
2567 842 2842 898 intellectu
2873 853 2993 898 sunt
3025 844 3142 899 libri
3171 862 3186 898 :
3215 843 3408 901 Novum
3435 859 3594 906 autem
3615 854 3728 909 dilu-

2196 931 2368 986 cidius
2412 941 2496 988 est
2539 942 2594 988 et
2633 933 2858 989 facilius.
2916 935 3148 1004 Ecquam
3179 937 3387 992 tandem
3428 940 3495 994 ob
3523 957 3730 1010 causam,

2193 1022 2336 1078 dicet
2358 1025 2568 1095 aliquis,
2607 1025 2721 1081 haec
2748 1025 2819 1080 ita
2848 1036 2972 1082 sunt
3015 1030 3320 1097 constituta,
3359 1031 3477 1086 licet
3514 1033 3576 1089 de
3597 1038 3733 1093 rebus

2193 1115 2411 1184 majoris
2438 1118 2694 1170 momenti
2722 1126 2908 1188 agatur
2937 1119 2988 1172 in
3014 1117 3184 1185 Novo,
3214 1121 3281 1176 de
3305 1138 3463 1194 regno
3489 1127 3748 1196 caelorum,

2192 1206 2260 1262 de
2283 1209 2673 1264 resurrectione
2697 1225 3004 1281 corporum,
3023 1223 3075 1267 et
3098 1213 3444 1271 ineﬂ'abilibus
3467 1218 3561 1273 illis
3581 1219 3732 1285 bonis,

2191 1312 2310 1366 quae
2339 1307 2391 1353 et
2408 1297 2692 1354 humanam
2735 1311 2968 1357 mentem
2991 1303 3255 1358 excedunt
3283 1305 3306 1358 ?
3331 1305 3464 1374 Quid
3505 1308 3651 1376 igitur
3689 1311 3736 1364 in

2189 1402 2370 1454 causa,
2398 1399 2452 1444 ut
2475 1390 2716 1446 obscura:
2743 1393 2850 1446 sint
2876 1394 3210 1463 prophetim?
3236 1395 3395 1450 Multa
3420 1397 3606 1452 Iudaeis
3632 1400 3735 1454 ista!

2189 1478 2326 1532 mala
2356 1481 2666 1550 prmdicnnt,
2692 1497 2756 1537 ac
2784 1483 2899 1539 fore
2925 1493 2983 1538 ut
3006 1486 3288 1554 ejiciantur
3313 1488 3404 1553 illi,
3428 1505 3522 1544 nos
3535 1491 3736 1559 recipia-

2189 1583 2329 1634 mur,
2369 1578 2427 1624 ut
2446 1569 2702 1639 templum
2719 1577 3011 1636 evertatur,
3029 1584 3128 1624 nec
3143 1571 3376 1640 amplius
3388 1574 3654 1634 excitetur.
3691 1583 3738 1632 ut

2186 1659 2473 1714 concidant
2514 1659 2881 1732 Jerosolyma,
2907 1669 2962 1716 et
2982 1661 3232 1717 omnibus
3267 1663 3376 1717 sint
3403 1665 3577 1732 pervia
3605 1684 3618 1718 :
3643 1675 3738 1720 tum

2187 1764 2316 1806 vero
2340 1750 2510 1806 ,111ᾱωί
2541 1751 2826 1807 errabundi
2852 1794 2867 1818 ,
2915 1769 3012 1823 per
3037 1754 3343 1810 universum
3387 1755 3564 1812 orbam
3593 1766 3740 1810 terra-

2187 1857 2304 1897 rum
2335 1843 2731 1914 dispergantnr,
2781 1860 2844 1902 ac
2891 1847 3109 1903 civitate
3156 1848 3423 1914 destituti,
3469 1865 3534 1904 ne
3558 1859 3742 1904 veteres

2186 1934 2399 2006 quidem
2426 1937 2562 1992 ritus
2587 1939 2873 2008 retineant,
2918 1939 3013 1994 sed
3045 1955 3237 1996 omnes
3285 1942 3389 1995 illis
3417 1957 3503 1997 res
3532 1941 3742 2012 ipsorum

2186 2027 2396 2096 priores
2437 2028 2766 2094 auferantur,
2822 2031 3140 2102 prephetiae,
3183 2033 3468 2100 sacriﬁcia,
3523 2035 3745 2089 sacerdo-

2185 2118 2336 2184 tium,
2365 2128 2419 2174 et
2445 2135 2690 2190 regnum.
2721 2119 2902 2191 Neque
2930 2137 3057 2178 vero
3076 2131 3283 2178 tantum
3316 2125 3438 2192 ista,
3469 2125 3559 2180 sed
3587 2136 3636 2180 et
3660 2127 3747 2179 alia

2183 2208 2348 2261 multa
2375 2208 2637 2278 ejusmodi
2667 2210 3023 2280 praedicebant
3042 2213 3345 2282 prephette,
3375 2213 3499 2271 dum
3524 2215 3745 2268 innnmc-

2183 2311 2269 2352 ras
2298 2299 2410 2354 suis
2454 2301 2602 2356 libris
2648 2301 2934 2372 tragtedias
2981 2303 3372 2361 immiscereut.
3426 2305 3502 2360 Ne
3529 2309 3754 2377 igituralt

2183 2387 2332 2444 initio
2360 2387 2529 2444 Judaei
2557 2389 2840 2446 manifeste
2869 2392 2986 2448 hate
3010 2393 3320 2463 audientes,
3367 2410 3462 2451 eos
3512 2397 3755 2452 interﬁce-

2181 2487 2302 2534 rent
2323 2481 2412 2550 qui
2459 2480 2574 2536 haec
2617 2481 2889 2549 dicebant,
2943 2483 3414 2554 interpretationis
3465 2485 3758 2541 difﬁcultate

2183 2571 2557 2640 praedictiones
2587 2575 2942 2640 occultarunt,
2970 2591 3033 2631 ac
3056 2577 3230 2632 multa
3260 2578 3591 2635 obscuritate
3612 2580 3757 2636 rebus

2179 2659 2370 2729 offusa,
2401 2676 2497 2732 per
2516 2677 2702 2718 eorum
2730 2679 2846 2734 qum
2879 2665 3197 2722 dicebantur
3225 2668 3618 2725 obscuritatem
3644 2686 3750 2740 pro-

2181 2751 2462 2822 phetarum
2513 2754 2866 2812 incolumitati
2919 2759 3335 2816 consuluerunt.
3369 2761 3525 2819 Unde
3554 2778 3676 2818 vero
3715 2762 3759 2816 id

2179 2845 2432 2898 constat?
2459 2845 2716 2902 Rationes
2744 2848 2886 2903 enim
2913 2863 2943 2903 a
2970 2849 3124 2905 nobis
3149 2852 3453 2909 reddendae
3475 2863 3619 2919 sunt,
3643 2863 3764 2909 tant-

2179 2933 2279 2988 etsi
2309 2935 2446 2990 intcr
2471 2937 2674 2993 amicos
2698 2939 2863 2994 verba
2894 2939 3117 2996 facimus
3149 2944 3467 3014 :siquidem
3499 2947 3643 3000 multi
3665 2947 3762 2999 for-

2181 3025 2335 3081 tassis
2371 3025 2564 3083 adsunt
2634 3044 2739 3085 non
2780 3031 2958 3087 amici.
3015 3032 3237 3090 Discant
3281 3037 3451 3107 igitur
3481 3037 3596 3093 lucc
3620 3037 3766 3093 etiam

2179 3112 2275 3182 illi,
2303 3124 2360 3170 ut
2386 3125 2440 3172 et
2468 3118 2624 3173 amici
2668 3119 2767 3190 ipsi
2817 3121 2967 3176 ﬁant.
2994 3122 3200 3188 Dixi,si
3240 3126 3422 3182 Judaei
3450 3129 3770 3184 audivissent

2178 3205 2338 3272 mala,
2388 3223 2508 3278 qua:
2563 3210 3016 3280 eomprehensura
3061 3213 3183 3269 illos
3217 3225 3414 3282 erant,
3447 3233 3513 3274 ac
3557 3218 3685 3284 fore,
3720 3228 3772 3274 ut

2179 3304 2396 3367 propter
2413 3295 2684 3355 Christum
2710 3303 3094 3360 exscindantur
3117 3304 3475 3381 Jerosolyma
3509 3311 3562 3366 in
3595 3325 3772 3381 perpe-

2179 3395 2349 3454 tuum,
2401 3403 2501 3444 nec
2541 3406 2793 3462 umquam
2844 3395 3076 3464 amplius
3121 3397 3528 3470 instaurentur,
3583 3403 3695 3458 haec
3732 3401 3773 3456 si

2177 3479 2458 3549 perspicue
2486 3495 2514 3534 a
2537 3483 2815 3552 prophetis
2843 3485 3194 3553 audivissent,
3215 3491 3518 3548 confestim
3551 3508 3664 3558 cos,
3693 3483 3775 3563 qui

2179 3568 2293 3624 h:ec
2313 3570 2686 3642 loquebantur,
2718 3575 3062 3632 occidissent.
3092 3577 3253 3636 Unde
3285 3583 3460 3653 igitur
3491 3584 3544 3639 id
3576 3581 3775 3655 liquet?

2178 3661 2412 3717 Primum
2441 3664 2656 3735 quidem
2699 3682 2764 3722 ex
2814 3669 3049 3739 ipsorum
3088 3673 3340 3730 moribus
3372 3694 3387 3731 :
3421 3676 3612 3732 furiosi
3647 3678 3779 3731 enim

2177 3763 2330 3810 erant
2354 3770 2417 3812 ac
2437 3757 2678 3813 belluini.
2713 3760 2946 3831 Populus
2981 3771 3064 3819 est
3089 3779 3317 3837 semper
3342 3769 3544 3826 sitiens
3575 3767 3780 3840 sangui-

2178 3859 2299 3900 nem
2324 3847 2726 3917 prophetarum,
2755 3867 2944 3908 manus
2980 3868 3168 3912 eorum
3201 3858 3259 3913 in
3294 3861 3554 3917 emdibus
3583 3877 3643 3917 se
3662 3877 3784 3916 san-

2176 3943 2381 3992 ctorum
2413 3952 2781 3998 exercuerant.
2811 3944 2937 3999 llaec
2957 3946 3216 4004 adversus
3239 3951 3374 4008 illos
3398 3969 3630 4025 magnus
3649 3953 3785 4008 Elius

2177 4028 2497 4087 vociferatur
2533 4029 2775 4090 dicens:
2815 4034 3050 4102 Domine,
3096 4040 3392 4110 prOphetas
3426 4055 3547 4100 tuos
3601 4045 3790 4098 occide-

2175 4130 2314 4190 runt,
2340 4122 2524 4177 altaria
2544 4133 2630 4178 tua
2655 4125 2918 4181 diruerant
2947 4129 2966 4200 (
2991 4129 3046 4184 5.
3071 4129 3197 4200 Reg.
3241 4131 3337 4190 19.
3369 4136 3445 4191 10
3475 4139 3522 4208 ).
3553 4135 3789 4192 Christus

2177 4211 2391 4281 iterum,
2420 4213 2724 4285 Jerusalem,
2747 4217 3060 4288 Jerusalem,
3094 4240 3208 4294 qua:
3236 4229 3448 4284 occidit
3497 4233 3792 4302 praphetus,

2176 4314 2222 4361 et
2249 4306 2443 4378 lapidat
2462 4324 2565 4373 eos,
2587 4310 2674 4381 qui
2694 4311 2763 4364 ad
2783 4312 2946 4384 ipsam
2981 4315 3120 4370 missi
3147 4327 3269 4372 sunt
3301 4321 3540 4391 (Matth.
3564 4324 3658 4378 '23.
3685 4323 3790 4392 57).

2178 4396 2248 4452 Et
2268 4397 2430 4455 Isaias
2449 4400 2668 4458 eosdem
2708 4418 2970 4461 accusans
2994 4407 3078 4463 his
3106 4423 3425 4471 consonam
3459 4433 3658 4474 vocem
3685 4420 3799 4472 mit-

2177 4499 2295 4546 tens
2330 4492 2437 4548 ait:
2463 4491 2650 4548 Manus
2671 4504 2846 4551 vestrae
2883 4498 3046 4569 plena:
3064 4511 3182 4555 sunt
3208 4506 3490 4575 sanguine
3530 4509 3707 4579 (lsai.
3749 4509 3796 4562 l.

2177 4583 2289 4654 15).
2321 4583 2388 4638 Et
2410 4599 2595 4641 rursus
2617 4585 2860 4643 Christus
2893 4606 2908 4642 :
2942 4587 3124 4646 Patres
3153 4596 3314 4648 vestri
3343 4599 3664 4654 occiderunt
3684 4617 3804 4670 pro-

2175 4675 2370 4746 phetas,
2397 4691 2482 4730 vos
2509 4685 2674 4731 autem
2710 4677 2936 4748 ipsorum
2973 4682 3242 4752 a'di/icatis
3277 4701 3645 4744 monumenta
3674 4707 3697 4744 :
3721 4691 3803 4741 im-

2175 4767 2305 4834 plete
2324 4782 2610 4820 mensuram
2637 4778 2837 4838 patrum
2857 4781 3131 4826 vestrorum
3149 4773 3392 4845 (Matth.
3423 4778 3531 4836 25.
3562 4782 3662 4837 5|.
3695 4779 3807 4849 '59.).

2172 4857 2335 4915 Vides
2383 4867 2442 4914 ut
2486 4871 2540 4915 et
2582 4859 2839 4918 Dominus
2866 4873 2920 4918 et
2948 4864 3088 4918 servi
3137 4864 3468 4924 homicidas
3516 4871 3647 4925 illos
3690 4885 3811 4926 es<e

2174 4952 2634 5024 testentur‘iQuid
2657 4961 2740 5009 est
2758 4964 2958 5022 autem,
2992 4955 3204 5026 Implete
3233 4974 3570 5016 mensuram
3608 4972 3816 5033 patrum

2172 5045 2485 5098 vestrorum?
2510 5043 2590 5099 Me
2616 5059 2852 5114 quoque,
2882 5047 3072 5116 inquit,
3105 5047 3352 5106 occidite
3389 5069 3406 5105 :
3437 5055 3678 5124 adjicite
3702 5069 3817 5108 scr-

2171 5149 2358 5190 vorum
2386 5134 2620 5190 eu‘dibus
2647 5151 2830 5191 necem
2865 5137 3094 5193 Domini.
3122 5139 3274 5194 Licet
3301 5144 3473 5199 enim
3497 5146 3664 5202 mille
3683 5145 3820 5201 occi-

2170 5225 2349 5280 derint
2397 5225 2662 5292 homines,
2714 5235 2769 5280 at
2810 5240 3100 5285 conservos
3143 5244 3353 5285 omnes
3415 5251 3430 5285 :
3496 5249 3634 5290 eum
3689 5252 3820 5292 vero

2170 5326 2356 5372 contra
2385 5315 2665 5371 Dominum
2709 5331 2899 5375 manus
2948 5319 3316 5375 ostenderunt
3340 5363 3360 5389 ,
3398 5333 3546 5381 tunc
3594 5317 3823 5397 impleta

2170 5425 2415 5464 mensura
2443 5420 2524 5465 est
2551 5429 2565 5466 :
2597 5419 2652 5465 et
2691 5412 2901 5466 merito.
2953 5412 3215 5479 Quamdiu
3281 5417 3457 5472 extim
3520 5421 3827 5474 Dominum

2169 5519 2274 5558 non
2297 5503 2631 5570 occiderunt,
2660 5518 2811 5574 spem
2849 5503 3033 5558 salutis
3060 5504 3410 5574 habuerunt,
3465 5521 3530 5566 et
3565 5521 3630 5566 ut
3659 5510 3831 5566 adve-

2170 5598 2321 5651 niens
2345 5611 2512 5666 agnus
2543 5596 2634 5650 Dei
2663 5606 2878 5666 peccata
2908 5595 3088 5650 mundi
3117 5595 3369 5665 tolleret,
3409 5611 3836 5672 exspectat-unt

2168 5687 2348 5757 (Joan.
2383 5685 2550 5759 1.29)
2583 5704 2597 5742 :
2626 5695 2905 5756 postquam
2933 5698 3110 5740 autem
3155 5687 3464 5746 medicum
3516 5693 3835 5748 interfece-

2169 5789 2311 5847 runt,
2337 5789 2390 5834 et
2415 5780 2464 5833 in
2481 5777 2900 5851 propitiatorium
2929 5777 3096 5851 ipsum
3113 5781 3542 5838 contumeliosi
3577 5785 3836 5852 fuerunt,
