  <div class='ocr_page' id='page_1' title='image "/cluster/home/n/w/nwhite01/storage/ocr_20150623/56/hvd.32044048208490/174.png"; bbox 0 0 4092 6218; ppageno 0'>
   <div class='ocr_carea' id='block_1_1' title="bbox 340 447 1922 538">
    <p class='ocr_par' dir='ltr' id='par_1_1' title="bbox 340 447 1922 538">
     <span class='ocr_line' id='line_1_1' title="bbox 340 447 1922 538; baseline -0.013 -15"><span class='ocrx_word' id='word_1_1' title='bbox 340 465 610 538; x_wconf 77' lang='grc' dir='ltr'>ἐγεννήθη</span> <span class='ocrx_word' id='word_1_2' title='bbox 638 466 704 519; x_wconf 76' lang='grc' dir='ltr'>ἐκ</span> <span class='ocrx_word' id='word_1_3' title='bbox 740 462 835 519; x_wconf 91' lang='grc' dir='ltr'>τοῦ</span> <span class='ocrx_word' id='word_1_4' title='bbox 868 460 1080 533; x_wconf 82' lang='grc' dir='ltr'>Πατρδς</span> <span class='ocrx_word' id='word_1_5' title='bbox 1112 462 1140 513; x_wconf 88' lang='grc' dir='ltr'>ό</span> <span class='ocrx_word' id='word_1_6' title='bbox 1181 459 1342 523; x_wconf 71' lang='grc' dir='ltr'>Υἱόςς</span> <span class='ocrx_word' id='word_1_7' title='bbox 1375 458 1725 512; x_wconf 78' lang='grc' dir='ltr'>κατάσπασον</span> <span class='ocrx_word' id='word_1_8' title='bbox 1756 447 1922 507; x_wconf 79' lang='grc' dir='ltr'>αὑτοῦ</span> 
     </span>
    </p>
   </div>
   <div class='ocr_carea' id='block_1_2' title="bbox 340 546 1922 632">
    <p class='ocr_par' dir='ltr' id='par_1_2' title="bbox 340 546 1922 632">
     <span class='ocr_line' id='line_1_2' title="bbox 340 546 1922 632; baseline -0.009 -16"><span class='ocrx_word' id='word_1_9' title='bbox 340 562 401 616; x_wconf 77' lang='grc' dir='ltr'>τδ</span> <span class='ocrx_word' id='word_1_10' title='bbox 430 560 686 632; x_wconf 87' lang='grc' dir='ltr'>φρόνημα</span> <span class='ocrx_word' id='word_1_11' title='bbox 724 558 805 620; x_wconf 87' lang='grc' dir='ltr'>είς</span> <span class='ocrx_word' id='word_1_12' title='bbox 829 557 927 627; x_wconf 79' lang='grc' dir='ltr'>τήν</span> <span class='ocrx_word' id='word_1_13' title='bbox 953 554 1078 624; x_wconf 82' lang='grc' dir='ltr'>γῆν,</span> <span class='ocrx_word' id='word_1_14' title='bbox 1105 552 1198 606; x_wconf 83' lang='grc' dir='ltr'>καὶ</span> <span class='ocrx_word' id='word_1_15' title='bbox 1224 550 1345 604; x_wconf 83' lang='grc' dir='ltr'>είπέ</span> <span class='ocrx_word' id='word_1_16' title='bbox 1370 550 1508 621; x_wconf 85' lang='grc' dir='ltr'>πρὸς</span> <span class='ocrx_word' id='word_1_17' title='bbox 1536 548 1718 603; x_wconf 83' lang='grc' dir='ltr'>αὐτόν⁹</span> <span class='ocrx_word' id='word_1_18' title='bbox 1736 546 1922 603; x_wconf 76' lang='grc' dir='ltr'>Κατάο</span> 
     </span>
    </p>
   </div>
   <div class='ocr_carea' id='block_1_3' title="bbox 338 641 1924 727">
    <p class='ocr_par' dir='ltr' id='par_1_3' title="bbox 338 641 1924 727">
     <span class='ocr_line' id='line_1_3' title="bbox 338 641 1924 727; baseline -0.009 -18"><span class='ocrx_word' id='word_1_19' title='bbox 338 655 470 727; x_wconf 78' lang='grc' dir='ltr'>ϐηθι</span> <span class='ocrx_word' id='word_1_20' title='bbox 503 655 569 708; x_wconf 88' lang='grc' dir='ltr'>ἐκ</span> <span class='ocrx_word' id='word_1_21' title='bbox 605 652 715 707; x_wconf 87' lang='grc' dir='ltr'>τῶν</span> <span class='ocrx_word' id='word_1_22' title='bbox 740 648 1004 722; x_wconf 75' lang='grc' dir='ltr'>οὐρανῶν,</span> <span class='ocrx_word' id='word_1_23' title='bbox 1042 648 1137 701; x_wconf 72' lang='grc' dir='ltr'>καὶ</span> <span class='ocrx_word' id='word_1_24' title='bbox 1184 645 1354 713; x_wconf 75' lang='grc' dir='ltr'>δεῖξον</span> <span class='ocrx_word' id='word_1_25' title='bbox 1396 644 1516 709; x_wconf 89' lang='grc' dir='ltr'>πῶς</span> <span class='ocrx_word' id='word_1_26' title='bbox 1559 641 1822 713; x_wconf 76' lang='grc' dir='ltr'>ἐγεννήθη</span> <span class='ocrx_word' id='word_1_27' title='bbox 1856 644 1924 696; x_wconf 87' lang='grc' dir='ltr'>ἐκ</span> 
     </span>
    </p>
   </div>
   <div class='ocr_carea' id='block_1_4' title="bbox 340 738 1926 824">
    <p class='ocr_par' dir='ltr' id='par_1_4' title="bbox 340 738 1926 824">
     <span class='ocr_line' id='line_1_4' title="bbox 340 738 1926 824; baseline -0.01 -19"><span class='ocrx_word' id='word_1_28' title='bbox 340 754 441 824; x_wconf 80' lang='grc' dir='ltr'>τῆς</span> <span class='ocrx_word' id='word_1_29' title='bbox 465 748 760 822; x_wconf 86' lang='grc' dir='ltr'>παρθένου,</span> <span class='ocrx_word' id='word_1_30' title='bbox 794 748 887 801; x_wconf 70' lang='grc' dir='ltr'>καὶ</span> <span class='ocrx_word' id='word_1_31' title='bbox 918 744 1039 799; x_wconf 87' lang='grc' dir='ltr'>τότε</span> <span class='ocrx_word' id='word_1_32' title='bbox 1069 744 1254 796; x_wconf 81' lang='grc' dir='ltr'>ἐκεῖνα</span> <span class='ocrx_word' id='word_1_33' title='bbox 1286 739 1487 813; x_wconf 82' lang='grc' dir='ltr'>ἐρώτα.</span> <span class='ocrx_word' id='word_1_34' title='bbox 1538 739 1796 809; x_wconf 73' lang='grc' dir='ltr'>Κάτασχε</span> <span class='ocrx_word' id='word_1_35' title='bbox 1824 738 1926 790; x_wconf 82' lang='grc' dir='ltr'>αὐ·-</span> 
     </span>
    </p>
   </div>
   <div class='ocr_carea' id='block_1_5' title="bbox 340 828 1925 911">
    <p class='ocr_par' dir='ltr' id='par_1_5' title="bbox 340 828 1925 911">
     <span class='ocr_line' id='line_1_5' title="bbox 340 828 1925 911; baseline -0.009 -16"><span class='ocrx_word' id='word_1_36' title='bbox 340 842 453 909; x_wconf 74' lang='grc' dir='ltr'>τδν,</span> <span class='ocrx_word' id='word_1_37' title='bbox 484 841 581 896; x_wconf 79' lang='grc' dir='ltr'>καὶ</span> <span class='ocrx_word' id='word_1_38' title='bbox 613 837 917 911; x_wconf 77' lang='grc' dir='ltr'>περίστηθι,</span> <span class='ocrx_word' id='word_1_39' title='bbox 949 835 1044 890; x_wconf 74' lang='grc' dir='ltr'>καὶ</span> <span class='ocrx_word' id='word_1_40' title='bbox 1089 834 1163 905; x_wconf 79' lang='grc' dir='ltr'>μὴ</span> <span class='ocrx_word' id='word_1_41' title='bbox 1208 834 1354 904; x_wconf 77' lang='grc' dir='ltr'>ἀφῇς</span> <span class='ocrx_word' id='word_1_42' title='bbox 1379 830 1752 900; x_wconf 82' lang='grc' dir='ltr'>ἀποπηδῆσαι,</span> <span class='ocrx_word' id='word_1_43' title='bbox 1789 828 1925 899; x_wconf 75' lang='grc' dir='ltr'>μηδὲ</span> 
     </span>
    </p>
   </div>
   <div class='ocr_carea' id='block_1_6' title="bbox 340 921 1924 1006">
    <p class='ocr_par' dir='ltr' id='par_1_6' title="bbox 340 921 1924 1006">
     <span class='ocr_line' id='line_1_6' title="bbox 340 921 1924 1006; baseline -0.008 -17"><span class='ocrx_word' id='word_1_44' title='bbox 340 933 696 1006; x_wconf 75' lang='grc' dir='ltr'>ἀναχωρῆσαι</span> <span class='ocrx_word' id='word_1_45' title='bbox 724 932 803 994; x_wconf 82' lang='grc' dir='ltr'>εἰς</span> <span class='ocrx_word' id='word_1_46' title='bbox 832 929 922 983; x_wconf 75' lang='grc' dir='ltr'>τὸν</span> <span class='ocrx_word' id='word_1_47' title='bbox 948 925 1272 999; x_wconf 85' lang='grc' dir='ltr'>λαϐύρινθον</span> <span class='ocrx_word' id='word_1_48' title='bbox 1299 924 1411 978; x_wconf 88' lang='grc' dir='ltr'>τῶν</span> <span class='ocrx_word' id='word_1_49' title='bbox 1436 922 1735 994; x_wconf 84' lang='grc' dir='ltr'>λογισμῶν·</span> <span class='ocrx_word' id='word_1_50' title='bbox 1784 921 1924 976; x_wconf 79' lang='grc' dir='ltr'>ἀλλά</span> 
     </span>
    </p>
   </div>
   <div class='ocr_carea' id='block_1_7' title="bbox 338 1013 1920 1092">
    <p class='ocr_par' dir='ltr' id='par_1_7' title="bbox 338 1013 1920 1092">
     <span class='ocr_line' id='line_1_7' title="bbox 338 1013 1920 1092; baseline -0.008 -15"><span class='ocrx_word' id='word_1_51' title='bbox 338 1021 604 1092; x_wconf 79' lang='grc' dir='ltr'>κάτασχε,</span> <span class='ocrx_word' id='word_1_52' title='bbox 622 1021 716 1074; x_wconf 77' lang='grc' dir='ltr'>καὶ</span> <span class='ocrx_word' id='word_1_53' title='bbox 734 1015 1048 1082; x_wconf 78' lang='grc' dir='ltr'>ἀπόπνιξον,</span> <span class='ocrx_word' id='word_1_54' title='bbox 1071 1016 1145 1087; x_wconf 86' lang='grc' dir='ltr'>μὴ</span> <span class='ocrx_word' id='word_1_55' title='bbox 1165 1018 1231 1086; x_wconf 77' lang='grc' dir='ltr'>τῇ</span> <span class='ocrx_word' id='word_1_56' title='bbox 1257 1014 1420 1087; x_wconf 70' lang='grc' dir='ltr'>χειρὶ,</span> <span class='ocrx_word' id='word_1_57' title='bbox 1442 1013 1577 1069; x_wconf 90' lang='grc' dir='ltr'>ἀλλά</span> <span class='ocrx_word' id='word_1_58' title='bbox 1596 1013 1674 1084; x_wconf 80' lang='grc' dir='ltr'>τῷ</span> <span class='ocrx_word' id='word_1_59' title='bbox 1696 1014 1762 1085; x_wconf 70' lang='grc' dir='ltr'>ῥή</span> <span class='ocrx_word' id='word_1_60' title='bbox 1772 1031 1920 1083; x_wconf 83' lang='grc' dir='ltr'>ματι-</span> 
     </span>
    </p>
   </div>
   <div class='ocr_carea' id='block_1_8' title="bbox 332 1104 1920 1187">
    <p class='ocr_par' dir='ltr' id='par_1_8' title="bbox 332 1104 1920 1187">
     <span class='ocr_line' id='line_1_8' title="bbox 332 1104 1920 1187; baseline -0.007 -20"><span class='ocrx_word' id='word_1_61' title='bbox 332 1113 422 1187; x_wconf 79' lang='grc' dir='ltr'>μὴ</span> <span class='ocrx_word' id='word_1_62' title='bbox 451 1113 557 1185; x_wconf 81' lang='grc' dir='ltr'>δῷς</span> <span class='ocrx_word' id='word_1_63' title='bbox 600 1111 749 1182; x_wconf 80' lang='grc' dir='ltr'>αὐτῷ</span> <span class='ocrx_word' id='word_1_64' title='bbox 779 1106 1061 1172; x_wconf 82' lang='grc' dir='ltr'>διαστολὰς</span> <span class='ocrx_word' id='word_1_65' title='bbox 1095 1107 1190 1161; x_wconf 72' lang='grc' dir='ltr'>καὶ</span> <span class='ocrx_word' id='word_1_66' title='bbox 1225 1106 1514 1175; x_wconf 77' lang='grc' dir='ltr'>διαφυγάς,</span> <span class='ocrx_word' id='word_1_67' title='bbox 1560 1105 1628 1169; x_wconf 76' lang='grc' dir='ltr'>ἃς</span> <span class='ocrx_word' id='word_1_68' title='bbox 1655 1104 1920 1176; x_wconf 88' lang='grc' dir='ltr'>βούλεται.</span> 
     </span>
    </p>
   </div>
   <div class='ocr_carea' id='block_1_9' title="bbox 356 1198 1920 1277">
    <p class='ocr_par' dir='ltr' id='par_1_9' title="bbox 356 1198 1920 1277">
     <span class='ocr_line' id='line_1_9' title="bbox 356 1198 1920 1277; baseline -0.007 -15"><span class='ocrx_word' id='word_1_69' title='bbox 356 1207 596 1261; x_wconf 74' lang='grc' dir='ltr'>Ἐκεῖθεν</span> <span class='ocrx_word' id='word_1_70' title='bbox 648 1205 879 1277; x_wconf 87' lang='grc' dir='ltr'>θόρυϐον</span> <span class='ocrx_word' id='word_1_71' title='bbox 940 1199 1230 1273; x_wconf 73' lang='grc' dir='ltr'>ἐμποιοῦσι</span> <span class='ocrx_word' id='word_1_72' title='bbox 1305 1203 1417 1264; x_wconf 88' lang='grc' dir='ltr'>τοῖς</span> <span class='ocrx_word' id='word_1_73' title='bbox 1484 1198 1920 1269; x_wconf 86' lang='grc' dir='ltr'>διαλεγομένοις,</span> 
     </span>
    </p>
   </div>
   <div class='ocr_carea' id='block_1_10' title="bbox 342 1291 1922 1369">
    <p class='ocr_par' dir='ltr' id='par_1_10' title="bbox 342 1291 1922 1369">
     <span class='ocr_line' id='line_1_10' title="bbox 342 1291 1922 1369; baseline -0.007 -15"><span class='ocrx_word' id='word_1_74' title='bbox 342 1299 530 1369; x_wconf 82' lang='grc' dir='ltr'>ἐπειδὴ</span> <span class='ocrx_word' id='word_1_75' title='bbox 558 1299 722 1369; x_wconf 86' lang='grc' dir='ltr'>ήμεῖς</span> <span class='ocrx_word' id='word_1_76' title='bbox 762 1297 944 1359; x_wconf 82' lang='grc' dir='ltr'>αὐτοῖς</span> <span class='ocrx_word' id='word_1_77' title='bbox 976 1293 1394 1365; x_wconf 85' lang='grc' dir='ltr'>ἀκολουθοῦμεν,</span> <span class='ocrx_word' id='word_1_78' title='bbox 1446 1292 1540 1346; x_wconf 72' lang='grc' dir='ltr'>καὶ</span> <span class='ocrx_word' id='word_1_79' title='bbox 1572 1293 1672 1345; x_wconf 87' lang='grc' dir='ltr'>οὐκ</span> <span class='ocrx_word' id='word_1_80' title='bbox 1715 1291 1922 1360; x_wconf 76' lang='grc' dir='ltr'>ἄγομεν</span> 
     </span>
    </p>
   </div>
   <div class='ocr_carea' id='block_1_11' title="bbox 343 1383 1920 1460">
    <p class='ocr_par' dir='ltr' id='par_1_11' title="bbox 343 1383 1920 1460">
     <span class='ocr_line' id='line_1_11' title="bbox 343 1383 1920 1460; baseline -0.006 -15"><span class='ocrx_word' id='word_1_81' title='bbox 343 1391 450 1445; x_wconf 82' lang='grc' dir='ltr'>ὗπδ</span> <span class='ocrx_word' id='word_1_82' title='bbox 472 1391 596 1454; x_wconf 80' lang='grc' dir='ltr'>τοὺς</span> <span class='ocrx_word' id='word_1_83' title='bbox 630 1389 829 1460; x_wconf 86' lang='grc' dir='ltr'>νόμους</span> <span class='ocrx_word' id='word_1_84' title='bbox 869 1387 979 1440; x_wconf 88' lang='grc' dir='ltr'>τῶν</span> <span class='ocrx_word' id='word_1_85' title='bbox 1012 1387 1172 1440; x_wconf 88' lang='grc' dir='ltr'>θείων</span> <span class='ocrx_word' id='word_1_86' title='bbox 1202 1385 1455 1457; x_wconf 80' lang='grc' dir='ltr'>Γραφῶν.</span> <span class='ocrx_word' id='word_1_87' title='bbox 1491 1384 1721 1454; x_wconf 88' lang='grc' dir='ltr'>Περίθες</span> <span class='ocrx_word' id='word_1_88' title='bbox 1744 1383 1920 1437; x_wconf 78' lang='grc' dir='ltr'>τοίνυν</span> 
     </span>
    </p>
   </div>
   <div class='ocr_carea' id='block_1_12' title="bbox 342 1476 1923 1553">
    <p class='ocr_par' dir='ltr' id='par_1_12' title="bbox 342 1476 1923 1553">
     <span class='ocr_line' id='line_1_12' title="bbox 342 1476 1923 1553; baseline -0.004 -17"><span class='ocrx_word' id='word_1_89' title='bbox 342 1480 491 1553; x_wconf 85' lang='grc' dir='ltr'>αὐτῷ</span> <span class='ocrx_word' id='word_1_90' title='bbox 517 1480 719 1551; x_wconf 75' lang='grc' dir='ltr'>τειχίον</span> <span class='ocrx_word' id='word_1_91' title='bbox 748 1478 1033 1544; x_wconf 75' lang='grc' dir='ltr'>πάντοθεν,</span> <span class='ocrx_word' id='word_1_92' title='bbox 1064 1478 1162 1541; x_wconf 77' lang='grc' dir='ltr'>τὰς</span> <span class='ocrx_word' id='word_1_93' title='bbox 1191 1477 1298 1532; x_wconf 82' lang='grc' dir='ltr'>ἀπὺ</span> <span class='ocrx_word' id='word_1_94' title='bbox 1327 1477 1434 1531; x_wconf 87' lang='grc' dir='ltr'>τῶν</span> <span class='ocrx_word' id='word_1_95' title='bbox 1459 1476 1692 1549; x_wconf 85' lang='grc' dir='ltr'>Γραφῶν</span> <span class='ocrx_word' id='word_1_96' title='bbox 1720 1492 1923 1548; x_wconf 84' lang='grc' dir='ltr'>μαρτυ-</span> 
     </span>
    </p>
   </div>
   <div class='ocr_carea' id='block_1_13' title="bbox 345 1570 1917 1647">
    <p class='ocr_par' dir='ltr' id='par_1_13' title="bbox 345 1570 1917 1647">
     <span class='ocr_line' id='line_1_13' title="bbox 345 1570 1917 1647; baseline -0.002 -19"><span class='ocrx_word' id='word_1_97' title='bbox 345 1576 486 1647; x_wconf 91' lang='grc' dir='ltr'>ρίας,</span> <span class='ocrx_word' id='word_1_98' title='bbox 514 1575 608 1629; x_wconf 75' lang='grc' dir='ltr'>καὶ</span> <span class='ocrx_word' id='word_1_99' title='bbox 650 1573 770 1627; x_wconf 76' lang='grc' dir='ltr'>οὐδὲ</span> <span class='ocrx_word' id='word_1_100' title='bbox 824 1576 985 1643; x_wconf 88' lang='grc' dir='ltr'>χᾶναι</span> <span class='ocrx_word' id='word_1_101' title='bbox 1018 1572 1327 1643; x_wconf 85' lang='grc' dir='ltr'>δυνήσεται.</span> <span class='ocrx_word' id='word_1_102' title='bbox 1372 1571 1507 1624; x_wconf 81' lang='grc' dir='ltr'><strong>Εἰπὲ</strong></span> <span class='ocrx_word' id='word_1_103' title='bbox 1551 1571 1687 1645; x_wconf 87' lang='grc' dir='ltr'>πρὸς</span> <span class='ocrx_word' id='word_1_104' title='bbox 1735 1570 1917 1633; x_wconf 73' lang='grc' dir='ltr'>αὐτὸν,</span> 
     </span>
    </p>
   </div>
   <div class='ocr_carea' id='block_1_14' title="bbox 333 1659 1920 1734">
    <p class='ocr_par' dir='ltr' id='par_1_14' title="bbox 333 1659 1920 1734">
     <span class='ocr_line' id='line_1_14' title="bbox 333 1659 1920 1734; baseline -0.002 -19"><span class='ocrx_word' id='word_1_105' title='bbox 333 1661 463 1727; x_wconf 81' lang='grc' dir='ltr'>Πῶς</span> <span class='ocrx_word' id='word_1_106' title='bbox 491 1662 750 1734; x_wconf 75' lang='grc' dir='ltr'>ἐγεννήθη</span> <span class='ocrx_word' id='word_1_107' title='bbox 777 1663 844 1715; x_wconf 82' lang='grc' dir='ltr'>ἐκ</span> <span class='ocrx_word' id='word_1_108' title='bbox 871 1662 972 1733; x_wconf 83' lang='grc' dir='ltr'>τῆς</span> <span class='ocrx_word' id='word_1_109' title='bbox 995 1660 1299 1733; x_wconf 86' lang='grc' dir='ltr'>παρθένου;</span> <span class='ocrx_word' id='word_1_110' title='bbox 1339 1661 1439 1713; x_wconf 86' lang='grc' dir='ltr'>οὐκ</span> <span class='ocrx_word' id='word_1_111' title='bbox 1466 1660 1772 1730; x_wconf 86' lang='grc' dir='ltr'>ἀφίσταμαι</span> <span class='ocrx_word' id='word_1_112' title='bbox 1798 1659 1920 1712; x_wconf 82' lang='grc' dir='ltr'>οὐδὲ</span> 
     </span>
    </p>
   </div>
   <div class='ocr_carea' id='block_1_15' title="bbox 341 1747 1921 1824">
    <p class='ocr_par' dir='ltr' id='par_1_15' title="bbox 341 1747 1921 1824">
     <span class='ocr_line' id='line_1_15' title="bbox 341 1747 1921 1824; baseline -0.003 -19"><span class='ocrx_word' id='word_1_113' title='bbox 341 1752 626 1824; x_wconf 85' lang='grc' dir='ltr'>ἀναχωρῶ.</span> <span class='ocrx_word' id='word_1_114' title='bbox 670 1748 812 1804; x_wconf 79' lang='grc' dir='ltr'>Ἀλλ’</span> <span class='ocrx_word' id='word_1_115' title='bbox 843 1751 942 1803; x_wconf 84' lang='grc' dir='ltr'>οὐκ</span> <span class='ocrx_word' id='word_1_116' title='bbox 981 1749 1048 1804; x_wconf 79' lang='grc' dir='ltr'>ἂν</span> <span class='ocrx_word' id='word_1_117' title='bbox 1085 1748 1198 1820; x_wconf 76' lang='grc' dir='ltr'>ἔχοι</span> <span class='ocrx_word' id='word_1_118' title='bbox 1228 1747 1320 1801; x_wconf 80' lang='grc' dir='ltr'>τὸν</span> <span class='ocrx_word' id='word_1_119' title='bbox 1344 1748 1545 1818; x_wconf 79' lang='grc' dir='ltr'>τρόπον</span> <span class='ocrx_word' id='word_1_120' title='bbox 1583 1748 1774 1813; x_wconf 79' lang='grc' dir='ltr'>εἰπεῖν,</span> <span class='ocrx_word' id='word_1_121' title='bbox 1815 1747 1921 1801; x_wconf 84' lang='grc' dir='ltr'>κᾶν</span> 
     </span>
    </p>
   </div>
   <div class='ocr_carea' id='block_1_16' title="bbox 341 1839 1921 1915">
    <p class='ocr_par' dir='ltr' id='par_1_16' title="bbox 341 1839 1921 1915">
     <span class='ocr_line' id='line_1_16' title="bbox 341 1839 1921 1915; baseline -0.003 -18"><span class='ocrx_word' id='word_1_122' title='bbox 341 1845 517 1915; x_wconf 79' lang='grc' dir='ltr'>μυρία</span> <span class='ocrx_word' id='word_1_123' title='bbox 559 1844 857 1914; x_wconf 78' lang='grc' dir='ltr'>φιλονεικῇ.</span> <span class='ocrx_word' id='word_1_124' title='bbox 885 1843 1057 1898; x_wconf 80' lang='grc' dir='ltr'>Ὅταν</span> <span class='ocrx_word' id='word_1_125' title='bbox 1084 1842 1191 1913; x_wconf 79' lang='grc' dir='ltr'>γὰρ</span> <span class='ocrx_word' id='word_1_126' title='bbox 1238 1843 1266 1894; x_wconf 90' lang='lat'>6</span> <span class='ocrx_word' id='word_1_127' title='bbox 1305 1839 1436 1904; x_wconf 79' lang='grc' dir='ltr'>Θεὸς</span> <span class='ocrx_word' id='word_1_128' title='bbox 1466 1840 1760 1913; x_wconf 79' lang='grc' dir='ltr'>ἀποκλείσῃ</span> <span class='ocrx_word' id='word_1_129' title='bbox 1783 1879 1798 1902; x_wconf 94' lang='grc'>,</span> <span class='ocrx_word' id='word_1_130' title='bbox 1835 1840 1921 1904; x_wconf 90' lang='grc' dir='ltr'>τίς</span> 
     </span>
    </p>
   </div>
   <div class='ocr_carea' id='block_1_17' title="bbox 343 1930 1918 2004">
    <p class='ocr_par' dir='ltr' id='par_1_17' title="bbox 343 1930 1918 2004">
     <span class='ocr_line' id='line_1_17' title="bbox 343 1930 1918 2004; baseline -0.001 -17"><span class='ocrx_word' id='word_1_131' title='bbox 343 1934 545 2001; x_wconf 82' lang='grc' dir='ltr'>ἀνοίξει</span> <span class='ocrx_word' id='word_1_132' title='bbox 571 1935 792 1999; x_wconf 74' lang='grc' dir='ltr'>λοιπόνς</span> <span class='ocrx_word' id='word_1_133' title='bbox 825 1930 1010 1986; x_wconf 81' lang='grc' dir='ltr'>Πίστει</span> <span class='ocrx_word' id='word_1_134' title='bbox 1055 1931 1371 2001; x_wconf 85' lang='grc' dir='ltr'>παραδεκτά</span> <span class='ocrx_word' id='word_1_135' title='bbox 1407 1932 1476 1984; x_wconf 85' lang='grc' dir='ltr'>τά</span> <span class='ocrx_word' id='word_1_136' title='bbox 1502 1931 1725 1985; x_wconf 85' lang='grc' dir='ltr'>τοιαῦτα</span> <span class='ocrx_word' id='word_1_137' title='bbox 1760 1932 1918 2004; x_wconf 74' lang='grc' dir='ltr'>μόνῃ.</span> 
     </span>
    </p>
   </div>
   <div class='ocr_carea' id='block_1_18' title="bbox 342 2022 1921 2098">
    <p class='ocr_par' dir='ltr' id='par_1_18' title="bbox 342 2022 1921 2098">
     <span class='ocr_line' id='line_1_18' title="bbox 342 2022 1921 2098; baseline -0.002 -19"><span class='ocrx_word' id='word_1_138' title='bbox 342 2026 409 2079; x_wconf 66' lang='lat' dir='ltr'>Et</span> <span class='ocrx_word' id='word_1_139' title='bbox 434 2027 493 2079; x_wconf 80' lang='grc' dir='ltr'>δὲ</span> <span class='ocrx_word' id='word_1_140' title='bbox 519 2027 620 2079; x_wconf 87' lang='grc' dir='ltr'>οὐκ</span> <span class='ocrx_word' id='word_1_141' title='bbox 648 2025 833 2098; x_wconf 83' lang='grc' dir='ltr'>ἀνέχῃ.</span> <span class='ocrx_word' id='word_1_142' title='bbox 862 2024 995 2077; x_wconf 82' lang='grc' dir='ltr'>ἀλλά</span> <span class='ocrx_word' id='word_1_143' title='bbox 1014 2025 1305 2095; x_wconf 75' lang='grc' dir='ltr'>λογισμοὺς</span> <span class='ocrx_word' id='word_1_144' title='bbox 1330 2022 1625 2093; x_wconf 77' lang='grc' dir='ltr'>ἐπιζητεῖς,</span> <span class='ocrx_word' id='word_1_145' title='bbox 1650 2023 1760 2089; x_wconf 82' lang='grc' dir='ltr'>ἐρῶ</span> <span class='ocrx_word' id='word_1_146' title='bbox 1783 2022 1921 2094; x_wconf 72' lang='grc' dir='ltr'>πρὸς</span> 
     </span>
    </p>
   </div>
   <div class='ocr_carea' id='block_1_19' title="bbox 345 2110 1924 2184">
    <p class='ocr_par' dir='ltr' id='par_1_19' title="bbox 345 2110 1924 2184">
     <span class='ocr_line' id='line_1_19' title="bbox 345 2110 1924 2184; baseline -0.002 -17"><span class='ocrx_word' id='word_1_147' title='bbox 345 2113 432 2178; x_wconf 70' lang='grc' dir='ltr'>σε,</span> <span class='ocrx_word' id='word_1_148' title='bbox 465 2113 494 2166; x_wconf 83' lang='grc' dir='ltr'>ὃ</span> <span class='ocrx_word' id='word_1_149' title='bbox 515 2112 653 2184; x_wconf 72' lang='grc' dir='ltr'>πρὸς</span> <span class='ocrx_word' id='word_1_150' title='bbox 678 2112 769 2164; x_wconf 78' lang='grc' dir='ltr'>τὸν</span> <span class='ocrx_word' id='word_1_151' title='bbox 802 2112 1109 2182; x_wconf 72' lang='grc' dir='ltr'>Νικόδημον</span> <span class='ocrx_word' id='word_1_152' title='bbox 1139 2113 1169 2164; x_wconf 87' lang='lat'>6</span> <span class='ocrx_word' id='word_1_153' title='bbox 1196 2111 1448 2181; x_wconf 86' lang='grc' dir='ltr'>Χριστός·</span> <span class='ocrx_word' id='word_1_154' title='bbox 1486 2112 1555 2164; x_wconf 80' lang='lat' dir='ltr'>El</span> <span class='ocrx_word' id='word_1_155' title='bbox 1594 2110 1667 2163; x_wconf 83' lang='grc' dir='ltr'>τὰ</span> <span class='ocrx_word' id='word_1_156' title='bbox 1690 2111 1924 2179; x_wconf 76' lang='grc' dir='ltr'>ἐπίγεια</span> 
     </span>
    </p>
   </div>
   <div class='ocr_carea' id='block_1_20' title="bbox 346 2200 1924 2273">
    <p class='ocr_par' dir='ltr' id='par_1_20' title="bbox 346 2200 1924 2273">
     <span class='ocr_line' id='line_1_20' title="bbox 346 2200 1924 2273; baseline -0.001 -15"><span class='ocrx_word' id='word_1_157' title='bbox 346 2200 523 2270; x_wconf 80' lang='grc' dir='ltr'>εἶπον</span> <span class='ocrx_word' id='word_1_158' title='bbox 542 2202 703 2273; x_wconf 78' lang='grc' dir='ltr'>ὑμῖν,</span> <span class='ocrx_word' id='word_1_159' title='bbox 732 2203 829 2257; x_wconf 76' lang='grc' dir='ltr'>καὶ</span> <span class='ocrx_word' id='word_1_160' title='bbox 857 2205 929 2257; x_wconf 76' lang='grc' dir='ltr'>οὐ</span> <span class='ocrx_word' id='word_1_161' title='bbox 965 2204 1295 2269; x_wconf 76' lang='grc' dir='ltr'>πιστεύετε,</span> <span class='ocrx_word' id='word_1_162' title='bbox 1337 2201 1485 2269; x_wconf 82' lang='grc' dir='ltr'>πῶς,</span> <span class='ocrx_word' id='word_1_163' title='bbox 1515 2202 1623 2257; x_wconf 74' lang='grc' dir='ltr'>ἐὰν</span> <span class='ocrx_word' id='word_1_164' title='bbox 1654 2203 1726 2256; x_wconf 81' lang='grc' dir='ltr'>τὰ</span> <span class='ocrx_word' id='word_1_165' title='bbox 1745 2203 1924 2257; x_wconf 83' lang='grc' dir='ltr'>ἐπου-</span> 
     </span>
    </p>
   </div>
   <div class='ocr_carea' id='block_1_21' title="bbox 337 2293 1919 2364">
    <p class='ocr_par' dir='ltr' id='par_1_21' title="bbox 337 2293 1919 2364">
     <span class='ocr_line' id='line_1_21' title="bbox 337 2293 1919 2364; baseline 0 -17"><span class='ocrx_word' id='word_1_166' title='bbox 337 2293 523 2361; x_wconf 77' lang='grc' dir='ltr'>ράνια</span> <span class='ocrx_word' id='word_1_167' title='bbox 566 2294 735 2355; x_wconf 78' lang='grc' dir='ltr'>εἴπω,</span> <span class='ocrx_word' id='word_1_168' title='bbox 780 2294 1169 2357; x_wconf 58' lang='lat' dir='ltr'>moratione;</span> <span class='ocrx_word' id='word_1_169' title='bbox 1207 2294 1342 2364; x_wconf 72' lang='grc' dir='ltr'>Περὶ</span> <span class='ocrx_word' id='word_1_170' title='bbox 1388 2294 1489 2362; x_wconf 79' lang='grc' dir='ltr'>τῆς</span> <span class='ocrx_word' id='word_1_171' title='bbox 1539 2296 1603 2346; x_wconf 84' lang='grc' dir='ltr'>ἐκ</span> <span class='ocrx_word' id='word_1_172' title='bbox 1648 2294 1919 2362; x_wconf 78' lang='grc' dir='ltr'>παρθένου</span> 
     </span>
    </p>
   </div>
   <div class='ocr_carea' id='block_1_22' title="bbox 337 2380 1916 2459">
    <p class='ocr_par' dir='ltr' id='par_1_22' title="bbox 337 2380 1916 2459">
     <span class='ocr_line' id='line_1_22' title="bbox 337 2380 1916 2459; baseline -0.001 -22"><span class='ocrx_word' id='word_1_173' title='bbox 337 2386 648 2455; x_wconf 78' lang='grc' dir='ltr'>γεννήσεως</span> <span class='ocrx_word' id='word_1_174' title='bbox 677 2380 828 2437; x_wconf 81' lang='grc' dir='ltr'>εἶπον</span> <span class='ocrx_word' id='word_1_175' title='bbox 847 2423 862 2447; x_wconf 90' lang='grc'>,</span> <span class='ocrx_word' id='word_1_176' title='bbox 915 2385 1008 2437; x_wconf 85' lang='grc' dir='ltr'>καὶ</span> <span class='ocrx_word' id='word_1_177' title='bbox 1042 2383 1138 2436; x_wconf 85' lang='grc' dir='ltr'>οὐκ</span> <span class='ocrx_word' id='word_1_178' title='bbox 1158 2382 1324 2448; x_wconf 86' lang='grc' dir='ltr'>οἶδας,</span> <span class='ocrx_word' id='word_1_179' title='bbox 1359 2384 1481 2437; x_wconf 79' lang='grc' dir='ltr'>οὐδὲ</span> <span class='ocrx_word' id='word_1_180' title='bbox 1504 2385 1663 2453; x_wconf 84' lang='grc' dir='ltr'>χᾶναι</span> <span class='ocrx_word' id='word_1_181' title='bbox 1691 2383 1916 2459; x_wconf 74' lang='grc' dir='ltr'>τολμᾷς,</span> 
     </span>
    </p>
   </div>
   <div class='ocr_carea' id='block_1_23' title="bbox 332 2470 1920 2546">
    <p class='ocr_par' dir='ltr' id='par_1_23' title="bbox 332 2470 1920 2546">
     <span class='ocr_line' id='line_1_23' title="bbox 332 2470 1920 2546; baseline -0.002 -16"><span class='ocrx_word' id='word_1_182' title='bbox 332 2477 431 2531; x_wconf 77' lang='grc' dir='ltr'>καὶ</span> <span class='ocrx_word' id='word_1_183' title='bbox 458 2475 552 2530; x_wconf 84' lang='grc' dir='ltr'>τὸν</span> <span class='ocrx_word' id='word_1_184' title='bbox 573 2474 802 2545; x_wconf 74' lang='grc' dir='ltr'>οὐρανὸν</span> <span class='ocrx_word' id='word_1_185' title='bbox 820 2472 1190 2546; x_wconf 78' lang='grc' dir='ltr'>περιεργάζῃ;</span> <span class='ocrx_word' id='word_1_186' title='bbox 1222 2474 1346 2528; x_wconf 79' lang='grc' dir='ltr'>Εἴθε</span> <span class='ocrx_word' id='word_1_187' title='bbox 1380 2475 1480 2545; x_wconf 87' lang='grc' dir='ltr'>μὲν</span> <span class='ocrx_word' id='word_1_188' title='bbox 1516 2470 1610 2529; x_wconf 82' lang='grc' dir='ltr'>οὖν</span> <span class='ocrx_word' id='word_1_189' title='bbox 1636 2473 1726 2528; x_wconf 71' lang='grc' dir='ltr'>τὸν</span> <span class='ocrx_word' id='word_1_190' title='bbox 1754 2475 1920 2545; x_wconf 85' lang='grc' dir='ltr'>οὐρα-</span> 
     </span>
    </p>
   </div>
   <div class='ocr_carea' id='block_1_24' title="bbox 333 2565 1918 2638">
    <p class='ocr_par' dir='ltr' id='par_1_24' title="bbox 333 2565 1918 2638">
     <span class='ocr_line' id='line_1_24' title="bbox 333 2565 1918 2638; baseline -0.003 -15"><span class='ocrx_word' id='word_1_191' title='bbox 333 2568 447 2631; x_wconf 78' lang='grc' dir='ltr'>νὸν,</span> <span class='ocrx_word' id='word_1_192' title='bbox 474 2567 569 2621; x_wconf 76' lang='grc' dir='ltr'>καὶ</span> <span class='ocrx_word' id='word_1_193' title='bbox 601 2566 677 2638; x_wconf 78' lang='grc' dir='ltr'>μὴ</span> <span class='ocrx_word' id='word_1_194' title='bbox 701 2565 795 2619; x_wconf 75' lang='grc' dir='ltr'>τὸν</span> <span class='ocrx_word' id='word_1_195' title='bbox 814 2565 1090 2636; x_wconf 86' lang='grc' dir='ltr'>Δεσπότην</span> <span class='ocrx_word' id='word_1_196' title='bbox 1104 2565 1209 2619; x_wconf 88' lang='grc' dir='ltr'>τῶν</span> <span class='ocrx_word' id='word_1_197' title='bbox 1228 2565 1475 2638; x_wconf 80' lang='grc' dir='ltr'>οὐρανῶν</span> <span class='ocrx_word' id='word_1_198' title='bbox 1494 2565 1918 2638; x_wconf 80' lang='grc' dir='ltr'>ἐπολυπραγμό-</span> 
     </span>
    </p>
   </div>
   <div class='ocr_carea' id='block_1_25' title="bbox 335 2656 1914 2731">
    <p class='ocr_par' dir='ltr' id='par_1_25' title="bbox 335 2656 1914 2731">
     <span class='ocr_line' id='line_1_25' title="bbox 335 2656 1914 2731; baseline 0.001 -16"><span class='ocrx_word' id='word_1_199' title='bbox 335 2678 470 2725; x_wconf 86' lang='grc' dir='ltr'>νεις.</span> <span class='ocrx_word' id='word_1_200' title='bbox 501 2662 569 2715; x_wconf 74' lang='lat' dir='ltr'>EI</span> <span class='ocrx_word' id='word_1_201' title='bbox 606 2659 680 2714; x_wconf 82' lang='grc' dir='ltr'>τὰ</span> <span class='ocrx_word' id='word_1_202' title='bbox 705 2660 938 2731; x_wconf 76' lang='grc' dir='ltr'>ἐπίγεια</span> <span class='ocrx_word' id='word_1_203' title='bbox 957 2656 1130 2715; x_wconf 76' lang='grc' dir='ltr'>εἶπον</span> <span class='ocrx_word' id='word_1_204' title='bbox 1152 2660 1315 2731; x_wconf 82' lang='grc' dir='ltr'>ὑμῖν,</span> <span class='ocrx_word' id='word_1_205' title='bbox 1352 2660 1451 2715; x_wconf 79' lang='grc' dir='ltr'>καί</span> <span class='ocrx_word' id='word_1_206' title='bbox 1481 2664 1553 2716; x_wconf 81' lang='grc' dir='ltr'>οὐ</span> <span class='ocrx_word' id='word_1_207' title='bbox 1581 2661 1914 2717; x_wconf 78' lang='grc' dir='ltr'>πιστεύετε.</span> 
     </span>
    </p>
   </div>
   <div class='ocr_carea' id='block_1_26' title="bbox 334 2749 1919 2819">
    <p class='ocr_par' dir='ltr' id='par_1_26' title="bbox 334 2749 1919 2819">
     <span class='ocr_line' id='line_1_26' title="bbox 334 2749 1919 2819; baseline -0.001 -12"><span class='ocrx_word' id='word_1_208' title='bbox 334 2752 457 2807; x_wconf 85' lang='grc' dir='ltr'>Οὐκ</span> <span class='ocrx_word' id='word_1_209' title='bbox 484 2749 654 2817; x_wconf 70' lang='grc' dir='ltr'>εἶπεν,</span> <span class='ocrx_word' id='word_1_210' title='bbox 691 2751 754 2805; x_wconf 84' lang='grc' dir='ltr'>οὐ</span> <span class='ocrx_word' id='word_1_211' title='bbox 787 2752 1060 2819; x_wconf 81' lang='grc' dir='ltr'>πείθεσθε,</span> <span class='ocrx_word' id='word_1_212' title='bbox 1091 2752 1227 2818; x_wconf 85' lang='grc' dir='ltr'>ἀλλ’,</span> <span class='ocrx_word' id='word_1_213' title='bbox 1250 2753 1334 2808; x_wconf 84' lang='grc' dir='ltr'>Οὐ</span> <span class='ocrx_word' id='word_1_214' title='bbox 1355 2754 1688 2818; x_wconf 82' lang='grc' dir='ltr'>πιστεύετε,</span> <span class='ocrx_word' id='word_1_215' title='bbox 1705 2753 1919 2816; x_wconf 82' lang='grc' dir='ltr'>δεικνὺς</span> 
     </span>
    </p>
   </div>
   <div class='ocr_carea' id='block_1_27' title="bbox 341 2843 1919 2915">
    <p class='ocr_par' dir='ltr' id='par_1_27' title="bbox 341 2843 1919 2915">
     <span class='ocr_line' id='line_1_27' title="bbox 341 2843 1919 2915; baseline 0.005 -20"><span class='ocrx_word' id='word_1_216' title='bbox 341 2845 500 2915; x_wconf 74' lang='grc' dir='ltr'>ἡμῖν,</span> <span class='ocrx_word' id='word_1_217' title='bbox 543 2845 623 2898; x_wconf 85' lang='grc' dir='ltr'>δτι</span> <span class='ocrx_word' id='word_1_218' title='bbox 663 2845 754 2899; x_wconf 72' lang='grc' dir='ltr'>καὶ</span> <span class='ocrx_word' id='word_1_219' title='bbox 781 2843 853 2899; x_wconf 85' lang='grc' dir='ltr'>τὰ</span> <span class='ocrx_word' id='word_1_220' title='bbox 883 2845 1101 2915; x_wconf 76' lang='grc' dir='ltr'>ἐπίγεια</span> <span class='ocrx_word' id='word_1_221' title='bbox 1145 2848 1381 2910; x_wconf 87' lang='grc' dir='ltr'>πίστεως</span> <span class='ocrx_word' id='word_1_222' title='bbox 1427 2846 1617 2901; x_wconf 85' lang='grc' dir='ltr'>δεῖται.</span> <span class='ocrx_word' id='word_1_223' title='bbox 1659 2847 1724 2901; x_wconf 73' lang='lat' dir='ltr'>El</span> <span class='ocrx_word' id='word_1_224' title='bbox 1758 2846 1815 2900; x_wconf 79' lang='grc' dir='ltr'>δὲ</span> <span class='ocrx_word' id='word_1_225' title='bbox 1849 2846 1919 2903; x_wconf 86' lang='grc' dir='ltr'>τά</span> 
     </span>
    </p>
   </div>
   <div class='ocr_carea' id='block_1_28' title="bbox 347 2934 1915 3009">
    <p class='ocr_par' dir='ltr' id='par_1_28' title="bbox 347 2934 1915 3009">
     <span class='ocr_line' id='line_1_28' title="bbox 347 2934 1915 3009; baseline 0.003 -22"><span class='ocrx_word' id='word_1_226' title='bbox 347 2934 567 3002; x_wconf 86' lang='grc' dir='ltr'>ἐπίγεια</span> <span class='ocrx_word' id='word_1_227' title='bbox 599 2934 824 2996; x_wconf 84' lang='grc' dir='ltr'>πίστεως</span> <span class='ocrx_word' id='word_1_228' title='bbox 863 2935 1058 2997; x_wconf 83' lang='grc' dir='ltr'>δεῖται,</span> <span class='ocrx_word' id='word_1_229' title='bbox 1089 2936 1270 3008; x_wconf 85' lang='grc' dir='ltr'>πολλῷ</span> <span class='ocrx_word' id='word_1_230' title='bbox 1317 2935 1516 3007; x_wconf 79' lang='grc' dir='ltr'>μᾶλλον</span> <span class='ocrx_word' id='word_1_231' title='bbox 1560 2938 1630 2990; x_wconf 82' lang='grc' dir='ltr'>τὰ</span> <span class='ocrx_word' id='word_1_232' title='bbox 1667 2934 1915 3009; x_wconf 82' lang='grc' dir='ltr'>οὐράνια.</span> 
     </span>
    </p>
   </div>
   <div class='ocr_carea' id='block_1_29' title="bbox 347 3024 1916 3102">
    <p class='ocr_par' dir='ltr' id='par_1_29' title="bbox 347 3024 1916 3102">
     <span class='ocr_line' id='line_1_29' title="bbox 347 3024 1916 3102; baseline 0.002 -23"><span class='ocrx_word' id='word_1_233' title='bbox 347 3024 543 3080; x_wconf 77' lang='grc' dir='ltr'>Καίτοι</span> <span class='ocrx_word' id='word_1_234' title='bbox 568 3027 683 3081; x_wconf 88' lang='grc' dir='ltr'>τότε</span> <span class='ocrx_word' id='word_1_235' title='bbox 705 3026 781 3099; x_wconf 80' lang='grc' dir='ltr'>τῷ</span> <span class='ocrx_word' id='word_1_236' title='bbox 815 3028 1113 3100; x_wconf 79' lang='grc' dir='ltr'>Νικοδήμῳ</span> <span class='ocrx_word' id='word_1_237' title='bbox 1138 3029 1268 3102; x_wconf 70' lang='grc' dir='ltr'>περὶ</span> <span class='ocrx_word' id='word_1_238' title='bbox 1291 3027 1463 3102; x_wconf 64' lang='grc' dir='ltr'>τόκου⁸</span> <span class='ocrx_word' id='word_1_239' title='bbox 1479 3027 1746 3098; x_wconf 80' lang='grc' dir='ltr'>διελέγετο</span> <span class='ocrx_word' id='word_1_240' title='bbox 1781 3028 1916 3083; x_wconf 76' lang='grc' dir='ltr'>πολὺ</span> 
     </span>
    </p>
   </div>
   <div class='ocr_carea' id='block_1_30' title="bbox 341 3097 1915 3193">
    <p class='ocr_par' dir='ltr' id='par_1_30' title="bbox 341 3097 1915 3193">
     <span class='ocr_line' id='line_1_30' title="bbox 341 3097 1915 3193; baseline 0.002 -22"><span class='ocrx_word' id='word_1_241' title='bbox 341 3118 643 3181; x_wconf 75' lang='grc' dir='ltr'>ἐλάττονος-</span> <span class='ocrx_word' id='word_1_242' title='bbox 686 3097 814 3192; x_wconf 73' lang='grc' dir='ltr'>περὶ</span> <span class='ocrx_word' id='word_1_243' title='bbox 858 3119 951 3173; x_wconf 87' lang='grc' dir='ltr'>τοῦ</span> <span class='ocrx_word' id='word_1_244' title='bbox 986 3097 1363 3193; x_wconf 71' lang='grc' dir='ltr'>βαπτίσματος</span> <span class='ocrx_word' id='word_1_245' title='bbox 1407 3097 1515 3193; x_wconf 86' lang='grc' dir='ltr'>γάρ</span> <span class='ocrx_word' id='word_1_246' title='bbox 1559 3122 1588 3175; x_wconf 98' lang='lat'>6</span> <span class='ocrx_word' id='word_1_247' title='bbox 1633 3097 1790 3190; x_wconf 84' lang='grc' dir='ltr'>λόγος</span> <span class='ocrx_word' id='word_1_248' title='bbox 1824 3116 1915 3192; x_wconf 73' lang='grc' dir='ltr'>ἦν,</span> 
     </span>
    </p>
   </div>
   <div class='ocr_carea' id='block_1_31' title="bbox 338 3209 1914 3285">
    <p class='ocr_par' dir='ltr' id='par_1_31' title="bbox 338 3209 1914 3285">
     <span class='ocr_line' id='line_1_31' title="bbox 338 3209 1914 3285; baseline 0.003 -23"><span class='ocrx_word' id='word_1_249' title='bbox 338 3211 436 3264; x_wconf 76' lang='grc' dir='ltr'>καὶ</span> <span class='ocrx_word' id='word_1_250' title='bbox 464 3209 564 3281; x_wconf 78' lang='grc' dir='ltr'>τῆς</span> <span class='ocrx_word' id='word_1_251' title='bbox 592 3209 1003 3283; x_wconf 86' lang='grc' dir='ltr'>ἀναγεννήσεως</span> <span class='ocrx_word' id='word_1_252' title='bbox 1027 3212 1128 3283; x_wconf 82' lang='grc' dir='ltr'>τῆς</span> <span class='ocrx_word' id='word_1_253' title='bbox 1156 3213 1553 3285; x_wconf 83' lang='grc' dir='ltr'>πνευματικῆς·</span> <span class='ocrx_word' id='word_1_254' title='bbox 1572 3213 1687 3267; x_wconf 88' lang='grc' dir='ltr'>ἀλλ’</span> <span class='ocrx_word' id='word_1_255' title='bbox 1708 3214 1914 3283; x_wconf 81' lang='grc' dir='ltr'>ἔλεγεν,</span> 
     </span>
    </p>
   </div>
   <div class='ocr_carea' id='block_1_32' title="bbox 333 3302 1916 3379">
    <p class='ocr_par' dir='ltr' id='par_1_32' title="bbox 333 3302 1916 3379">
     <span class='ocr_line' id='line_1_32' title="bbox 333 3302 1916 3379; baseline 0.003 -21"><span class='ocrx_word' id='word_1_256' title='bbox 333 3304 418 3358; x_wconf 81' lang='grc' dir='ltr'>ὅτι</span> <span class='ocrx_word' id='word_1_257' title='bbox 453 3303 549 3357; x_wconf 78' lang='grc' dir='ltr'>καὶ</span> <span class='ocrx_word' id='word_1_258' title='bbox 592 3303 765 3357; x_wconf 88' lang='grc' dir='ltr'>ταῦτα</span> <span class='ocrx_word' id='word_1_259' title='bbox 806 3302 985 3357; x_wconf 86' lang='grc' dir='ltr'>πίστει</span> <span class='ocrx_word' id='word_1_260' title='bbox 1027 3304 1144 3359; x_wconf 80' lang='grc' dir='ltr'>ἐστὶ</span> <span class='ocrx_word' id='word_1_261' title='bbox 1184 3306 1528 3379; x_wconf 82' lang='grc' dir='ltr'>καταληπτά.</span> <span class='ocrx_word' id='word_1_262' title='bbox 1573 3306 1819 3377; x_wconf 85' lang='grc' dir='ltr'>Ἐπίγεια</span> <span class='ocrx_word' id='word_1_263' title='bbox 1858 3307 1916 3362; x_wconf 86' lang='grc' dir='ltr'>δέ</span> 
     </span>
    </p>
   </div>
   <div class='ocr_carea' id='block_1_33' title="bbox 334 3392 1914 3469">
    <p class='ocr_par' dir='ltr' id='par_1_33' title="bbox 334 3392 1914 3469">
     <span class='ocr_line' id='line_1_33' title="bbox 334 3392 1914 3469; baseline 0.003 -22"><span class='ocrx_word' id='word_1_264' title='bbox 334 3392 477 3447; x_wconf 79' lang='grc' dir='ltr'>αὐτά</span> <span class='ocrx_word' id='word_1_265' title='bbox 504 3394 786 3456; x_wconf 88' lang='grc' dir='ltr'>ἐκάλεσεν,</span> <span class='ocrx_word' id='word_1_266' title='bbox 808 3393 908 3447; x_wconf 88' lang='grc' dir='ltr'>οὐκ</span> <span class='ocrx_word' id='word_1_267' title='bbox 933 3393 1121 3466; x_wconf 77' lang='grc' dir='ltr'>ἐπειδὴ</span> <span class='ocrx_word' id='word_1_268' title='bbox 1141 3394 1359 3464; x_wconf 89' lang='grc' dir='ltr'>ἐπίγειά</span> <span class='ocrx_word' id='word_1_269' title='bbox 1389 3396 1556 3461; x_wconf 82' lang='grc' dir='ltr'>ἐστιν,</span> <span class='ocrx_word' id='word_1_270' title='bbox 1590 3396 1704 3449; x_wconf 86' lang='grc' dir='ltr'>ἀλλ’</span> <span class='ocrx_word' id='word_1_271' title='bbox 1728 3396 1914 3469; x_wconf 80' lang='grc' dir='ltr'>ἐπειδή</span> 
     </span>
    </p>
   </div>
   <div class='ocr_carea' id='block_1_34' title="bbox 333 3486 1915 3559">
    <p class='ocr_par' dir='ltr' id='par_1_34' title="bbox 333 3486 1915 3559">
     <span class='ocr_line' id='line_1_34' title="bbox 333 3486 1915 3559; baseline 0.002 -20"><span class='ocrx_word' id='word_1_272' title='bbox 333 3487 394 3540; x_wconf 92' lang='grc' dir='ltr'>ἐν</span> <span class='ocrx_word' id='word_1_273' title='bbox 429 3488 499 3559; x_wconf 75' lang='grc' dir='ltr'>τῇ</span> <span class='ocrx_word' id='word_1_274' title='bbox 536 3488 607 3557; x_wconf 76' lang='grc' dir='ltr'>γῇ</span> <span class='ocrx_word' id='word_1_275' title='bbox 657 3486 912 3550; x_wconf 83' lang='grc' dir='ltr'>τελεῖται,</span> <span class='ocrx_word' id='word_1_276' title='bbox 954 3486 1050 3541; x_wconf 75' lang='grc' dir='ltr'>καὶ</span> <span class='ocrx_word' id='word_1_277' title='bbox 1092 3490 1159 3559; x_wconf 78' lang='grc' dir='ltr'>τῇ</span> <span class='ocrx_word' id='word_1_278' title='bbox 1198 3489 1483 3559; x_wconf 90' lang='grc' dir='ltr'>συγκρίσει</span> <span class='ocrx_word' id='word_1_279' title='bbox 1504 3488 1605 3559; x_wconf 83' lang='grc' dir='ltr'>τῆς</span> <span class='ocrx_word' id='word_1_280' title='bbox 1637 3488 1749 3542; x_wconf 85' lang='grc' dir='ltr'>ἀνω</span> <span class='ocrx_word' id='word_1_281' title='bbox 1791 3505 1915 3558; x_wconf 87' lang='grc' dir='ltr'>γεν-</span> 
     </span>
    </p>
   </div>
   <div class='ocr_carea' id='block_1_35' title="bbox 332 3579 1914 3652">
    <p class='ocr_par' dir='ltr' id='par_1_35' title="bbox 332 3579 1914 3652">
     <span class='ocr_line' id='line_1_35' title="bbox 332 3579 1914 3652; baseline 0.001 -19"><span class='ocrx_word' id='word_1_282' title='bbox 332 3580 546 3651; x_wconf 79' lang='grc' dir='ltr'>νήσεως</span> <span class='ocrx_word' id='word_1_283' title='bbox 594 3579 692 3650; x_wconf 78' lang='grc' dir='ltr'>τῆς</span> <span class='ocrx_word' id='word_1_284' title='bbox 740 3580 1052 3651; x_wconf 76' lang='grc' dir='ltr'>ἀπορρήτου</span> <span class='ocrx_word' id='word_1_285' title='bbox 1106 3579 1201 3633; x_wconf 77' lang='grc' dir='ltr'>καὶ</span> <span class='ocrx_word' id='word_1_286' title='bbox 1254 3581 1431 3634; x_wconf 87' lang='grc' dir='ltr'>πάντα</span> <span class='ocrx_word' id='word_1_287' title='bbox 1478 3580 1914 3652; x_wconf 85' lang='grc' dir='ltr'>ύπερϐαινούσης</span> 
     </span>
    </p>
   </div>
   <div class='ocr_carea' id='block_1_36' title="bbox 333 3671 1915 3741">
    <p class='ocr_par' dir='ltr' id='par_1_36' title="bbox 333 3671 1915 3741">
     <span class='ocr_line' id='line_1_36' title="bbox 333 3671 1915 3741; baseline 0.001 -16"><span class='ocrx_word' id='word_1_288' title='bbox 333 3671 480 3737; x_wconf 90' lang='grc' dir='ltr'>νοῦν,</span> <span class='ocrx_word' id='word_1_289' title='bbox 510 3672 728 3741; x_wconf 84' lang='grc' dir='ltr'>ἐπίγεια</span> <span class='ocrx_word' id='word_1_290' title='bbox 756 3671 926 3726; x_wconf 89' lang='grc' dir='ltr'>ταῦτά</span> <span class='ocrx_word' id='word_1_291' title='bbox 955 3674 1120 3726; x_wconf 89' lang='grc' dir='ltr'>ἐστιν.</span> <span class='ocrx_word' id='word_1_292' title='bbox 1169 3673 1233 3726; x_wconf 67' lang='lat' dir='ltr'><strong>Ei</strong></span> <span class='ocrx_word' id='word_1_293' title='bbox 1279 3672 1492 3737; x_wconf 85' lang='grc' dir='ltr'>τοίνυν,</span> <span class='ocrx_word' id='word_1_294' title='bbox 1540 3673 1659 3739; x_wconf 88' lang='grc' dir='ltr'>πῶς</span> <span class='ocrx_word' id='word_1_295' title='bbox 1685 3675 1915 3741; x_wconf 86' lang='grc' dir='ltr'>ἀναγεν-</span> 
     </span>
    </p>
   </div>
   <div class='ocr_carea' id='block_1_37' title="bbox 331 3763 1915 3835">
    <p class='ocr_par' dir='ltr' id='par_1_37' title="bbox 331 3763 1915 3835">
     <span class='ocr_line' id='line_1_37' title="bbox 331 3763 1915 3835; baseline 0 -16"><span class='ocrx_word' id='word_1_296' title='bbox 331 3763 513 3835; x_wconf 78' lang='grc' dir='ltr'>νῶμαι</span> <span class='ocrx_word' id='word_1_297' title='bbox 544 3766 610 3818; x_wconf 80' lang='grc' dir='ltr'>ἐκ</span> <span class='ocrx_word' id='word_1_298' title='bbox 633 3764 742 3818; x_wconf 89' lang='grc' dir='ltr'>τῶν</span> <span class='ocrx_word' id='word_1_299' title='bbox 771 3764 998 3827; x_wconf 80' lang='grc' dir='ltr'>ὑδάτων,</span> <span class='ocrx_word' id='word_1_300' title='bbox 1024 3765 1086 3819; x_wconf 84' lang='grc' dir='ltr'>οὐ</span> <span class='ocrx_word' id='word_1_301' title='bbox 1123 3763 1346 3818; x_wconf 81' lang='grc' dir='ltr'>δυνατὸν</span> <span class='ocrx_word' id='word_1_302' title='bbox 1373 3765 1573 3819; x_wconf 81' lang='grc' dir='ltr'>εἰδέναι</span> <span class='ocrx_word' id='word_1_303' title='bbox 1592 3805 1607 3830; x_wconf 93' lang='grc'>,</span> <span class='ocrx_word' id='word_1_304' title='bbox 1649 3765 1787 3820; x_wconf 89' lang='grc' dir='ltr'>ἀλλά</span> <span class='ocrx_word' id='word_1_305' title='bbox 1824 3765 1915 3819; x_wconf 89' lang='grc' dir='ltr'>πί-</span> 
     </span>
    </p>
   </div>
   <div class='ocr_carea' id='block_1_38' title="bbox 332 3840 1914 3931">
    <p class='ocr_par' dir='ltr' id='par_1_38' title="bbox 332 3840 1914 3931">
     <span class='ocr_line' id='line_1_38' title="bbox 332 3840 1914 3931; baseline 0.001 -20"><span class='ocrx_word' id='word_1_306' title='bbox 332 3874 451 3911; x_wconf 86' lang='grc' dir='ltr'>στει</span> <span class='ocrx_word' id='word_1_307' title='bbox 484 3857 625 3930; x_wconf 73' lang='grc' dir='ltr'>μόνῃ</span> <span class='ocrx_word' id='word_1_308' title='bbox 652 3856 1054 3931; x_wconf 79' lang='grc' dir='ltr'>παραδέχεσθαι</span> <span class='ocrx_word' id='word_1_309' title='bbox 1105 3855 1189 3910; x_wconf 85' lang='grc' dir='ltr'>δεῖ</span> <span class='ocrx_word' id='word_1_310' title='bbox 1234 3856 1296 3909; x_wconf 82' lang='grc' dir='ltr'>τὸ</span> <span class='ocrx_word' id='word_1_311' title='bbox 1334 3840 1635 3928; x_wconf 81' lang='grc' dir='ltr'>γινόμενον,</span> <span class='ocrx_word' id='word_1_312' title='bbox 1683 3857 1775 3911; x_wconf 76' lang='grc' dir='ltr'>καὶ</span> <span class='ocrx_word' id='word_1_313' title='bbox 1824 3857 1914 3913; x_wconf 71' lang='grc' dir='ltr'>τὸν</span> 
     </span>
    </p>
   </div>
   <div class='ocr_carea' id='block_1_39' title="bbox 329 3947 1915 4020">
    <p class='ocr_par' dir='ltr' id='par_1_39' title="bbox 329 3947 1915 4020">
     <span class='ocr_line' id='line_1_39' title="bbox 329 3947 1915 4020; baseline 0.001 -18"><span class='ocrx_word' id='word_1_314' title='bbox 329 3948 536 4019; x_wconf 84' lang='grc' dir='ltr'>τρόπον</span> <span class='ocrx_word' id='word_1_315' title='bbox 562 3947 638 4020; x_wconf 83' lang='grc' dir='ltr'>μή</span> <span class='ocrx_word' id='word_1_316' title='bbox 671 3947 1153 4020; x_wconf 75' lang='grc' dir='ltr'>περιεργάζεσθαιο</span> <span class='ocrx_word' id='word_1_317' title='bbox 1181 3947 1355 4019; x_wconf 87' lang='grc' dir='ltr'>πόσης</span> <span class='ocrx_word' id='word_1_318' title='bbox 1376 3948 1444 4002; x_wconf 78' lang='grc' dir='ltr'>ἂν</span> <span class='ocrx_word' id='word_1_319' title='bbox 1466 3949 1551 4017; x_wconf 86' lang='grc' dir='ltr'>εῐη</span> <span class='ocrx_word' id='word_1_320' title='bbox 1580 3949 1796 4019; x_wconf 87' lang='grc' dir='ltr'>μανίας,</span> <span class='ocrx_word' id='word_1_321' title='bbox 1819 3950 1915 4004; x_wconf 74' lang='grc' dir='ltr'>ἐπὶ</span> 
     </span>
    </p>
   </div>
   <div class='ocr_carea' id='block_1_40' title="bbox 326 4039 1914 4112">
    <p class='ocr_par' dir='ltr' id='par_1_40' title="bbox 326 4039 1914 4112">
     <span class='ocr_line' id='line_1_40' title="bbox 326 4039 1914 4112; baseline -0.001 -16"><span class='ocrx_word' id='word_1_322' title='bbox 326 4042 431 4111; x_wconf 82' lang='grc' dir='ltr'>τῆς</span> <span class='ocrx_word' id='word_1_323' title='bbox 465 4042 579 4096; x_wconf 80' lang='grc' dir='ltr'>ἀνω</span> <span class='ocrx_word' id='word_1_324' title='bbox 617 4043 925 4112; x_wconf 82' lang='grc' dir='ltr'>γεννήσεως</span> <span class='ocrx_word' id='word_1_325' title='bbox 963 4039 1057 4095; x_wconf 88' lang='grc' dir='ltr'>τοῦ</span> <span class='ocrx_word' id='word_1_326' title='bbox 1113 4039 1435 4112; x_wconf 78' lang='grc' dir='ltr'>μονογενοῦς</span> <span class='ocrx_word' id='word_1_327' title='bbox 1461 4040 1596 4094; x_wconf 87' lang='grc' dir='ltr'>Υίοῦ</span> <span class='ocrx_word' id='word_1_328' title='bbox 1621 4040 1914 4112; x_wconf 80' lang='grc' dir='ltr'>λογισμοὺς</span> 
     </span>
    </p>
   </div>
   <div class='ocr_carea' id='block_1_41' title="bbox 328 4132 1913 4208">
    <p class='ocr_par' dir='ltr' id='par_1_41' title="bbox 328 4132 1913 4208">
     <span class='ocr_line' id='line_1_41' title="bbox 328 4132 1913 4208; baseline -0.001 -21"><span class='ocrx_word' id='word_1_329' title='bbox 328 4132 707 4204; x_wconf 82' lang='grc' dir='ltr'>ἀνθρωπίνους</span> <span class='ocrx_word' id='word_1_330' title='bbox 739 4136 928 4200; x_wconf 86' lang='grc' dir='ltr'>κινεῖν,</span> <span class='ocrx_word' id='word_1_331' title='bbox 980 4133 1077 4188; x_wconf 79' lang='grc' dir='ltr'>καὶ</span> <span class='ocrx_word' id='word_1_332' title='bbox 1106 4133 1308 4208; x_wconf 89' lang='grc' dir='ltr'>τρόπου</span> <span class='ocrx_word' id='word_1_333' title='bbox 1340 4133 1648 4205; x_wconf 82' lang='grc' dir='ltr'>γεννήσεως</span> <span class='ocrx_word' id='word_1_334' title='bbox 1683 4132 1913 4198; x_wconf 76' lang='grc' dir='ltr'>εὐθύνας</span> 
     </span>
    </p>
   </div>
   <div class='ocr_carea' id='block_1_42' title="bbox 328 4225 624 4292">
    <p class='ocr_par' dir='ltr' id='par_1_42' title="bbox 328 4225 624 4292">
     <span class='ocr_line' id='line_1_42' title="bbox 328 4225 624 4292; baseline 0 -14"><span class='ocrx_word' id='word_1_335' title='bbox 328 4225 589 4278; x_wconf 81' lang='grc' dir='ltr'>ἀπαιτεῖν</span> <span class='ocrx_word' id='word_1_336' title='bbox 607 4242 624 4292; x_wconf 88' lang='grc'>;</span> 
     </span>
    </p>
   </div>
   <div class='ocr_carea' id='block_1_43' title="bbox 397 4312 1914 4391">
    <p class='ocr_par' dir='ltr' id='par_1_43' title="bbox 397 4312 1914 4391">
     <span class='ocr_line' id='line_1_43' title="bbox 397 4312 1914 4391; baseline 0.001 -20"><span class='ocrx_word' id='word_1_337' title='bbox 397 4322 469 4385; x_wconf 81' lang='grc' dir='ltr'>γ’.</span> <span class='ocrx_word' id='word_1_338' title='bbox 503 4316 630 4383; x_wconf 90' lang='grc' dir='ltr'>Πῶς</span> <span class='ocrx_word' id='word_1_339' title='bbox 656 4316 755 4389; x_wconf 80' lang='grc' dir='ltr'>μὲν</span> <span class='ocrx_word' id='word_1_340' title='bbox 781 4312 877 4374; x_wconf 80' lang='grc' dir='ltr'>οὖν</span> <span class='ocrx_word' id='word_1_341' title='bbox 898 4317 1128 4391; x_wconf 86' lang='grc' dir='ltr'>ἀπάτωρ</span> <span class='ocrx_word' id='word_1_342' title='bbox 1153 4318 1248 4374; x_wconf 80' lang='grc' dir='ltr'>καὶ</span> <span class='ocrx_word' id='word_1_343' title='bbox 1276 4318 1511 4389; x_wconf 88' lang='grc' dir='ltr'>ἀμήτωρ</span> <span class='ocrx_word' id='word_1_344' title='bbox 1538 4318 1569 4370; x_wconf 90' lang='lat'>6</span> <span class='ocrx_word' id='word_1_345' title='bbox 1599 4316 1914 4390; x_wconf 79' lang='grc' dir='ltr'>Μονογενὴς</span> 
     </span>
    </p>
   </div>
   <div class='ocr_carea' id='block_1_44' title="bbox 323 4409 1914 4479">
    <p class='ocr_par' dir='ltr' id='par_1_44' title="bbox 323 4409 1914 4479">
     <span class='ocr_line' id='line_1_44' title="bbox 323 4409 1914 4479; baseline 0 -16"><span class='ocrx_word' id='word_1_346' title='bbox 323 4409 456 4474; x_wconf 50' lang='lat' dir='ltr'>T726;</span> <span class='ocrx_word' id='word_1_347' title='bbox 486 4410 580 4464; x_wconf 86' lang='grc' dir='ltr'>τοῦ</span> <span class='ocrx_word' id='word_1_348' title='bbox 614 4409 772 4476; x_wconf 83' lang='grc' dir='ltr'>Θεοῦ,</span> <span class='ocrx_word' id='word_1_349' title='bbox 805 4410 1007 4477; x_wconf 86' lang='grc' dir='ltr'>ίκανῶς</span> <span class='ocrx_word' id='word_1_350' title='bbox 1050 4409 1444 4474; x_wconf 83' lang='grc' dir='ltr'>ἀποδέδεικται,</span> <span class='ocrx_word' id='word_1_351' title='bbox 1486 4412 1584 4464; x_wconf 76' lang='grc' dir='ltr'>καὶ</span> <span class='ocrx_word' id='word_1_352' title='bbox 1617 4409 1736 4472; x_wconf 87' lang='grc' dir='ltr'>πῶς</span> <span class='ocrx_word' id='word_1_353' title='bbox 1782 4410 1914 4479; x_wconf 89' lang='grc' dir='ltr'>ἀγε-</span> 
     </span>
    </p>
   </div>
   <div class='ocr_carea' id='block_1_45' title="bbox 322 4501 1911 4576">
    <p class='ocr_par' dir='ltr' id='par_1_45' title="bbox 322 4501 1911 4576">
     <span class='ocr_line' id='line_1_45' title="bbox 322 4501 1911 4576; baseline 0.001 -20"><span class='ocrx_word' id='word_1_354' title='bbox 322 4501 651 4573; x_wconf 84' lang='grc' dir='ltr'>νεαλόγητος</span> <span class='ocrx_word' id='word_1_355' title='bbox 690 4502 956 4576; x_wconf 80' lang='grc' dir='ltr'>ἑκατέραν</span> <span class='ocrx_word' id='word_1_356' title='bbox 995 4504 1096 4575; x_wconf 80' lang='grc' dir='ltr'>τὴν</span> <span class='ocrx_word' id='word_1_357' title='bbox 1126 4503 1381 4575; x_wconf 83' lang='grc' dir='ltr'>γέννησιν</span> <span class='ocrx_word' id='word_1_358' title='bbox 1400 4517 1416 4534; x_wconf 71' lang='grc' dir='ltr'><strong>ο</strong></span> <span class='ocrx_word' id='word_1_359' title='bbox 1448 4501 1635 4557; x_wconf 78' lang='grc' dir='ltr'>λοιπὸν</span> <span class='ocrx_word' id='word_1_360' title='bbox 1669 4501 1729 4556; x_wconf 88' lang='grc' dir='ltr'>δὲ</span> <span class='ocrx_word' id='word_1_361' title='bbox 1772 4501 1911 4576; x_wconf 81' lang='grc' dir='ltr'>πρὸς</span> 
     </span>
    </p>
   </div>
   <div class='ocr_carea' id='block_1_46' title="bbox 320 4592 1911 4670">
    <p class='ocr_par' dir='ltr' id='par_1_46' title="bbox 320 4592 1911 4670">
     <span class='ocr_line' id='line_1_46' title="bbox 320 4592 1911 4670; baseline 0.002 -23"><span class='ocrx_word' id='word_1_362' title='bbox 320 4592 386 4647; x_wconf 78' lang='grc' dir='ltr'>τὸ</span> <span class='ocrx_word' id='word_1_363' title='bbox 420 4593 572 4668; x_wconf 72' lang='grc'>[172]</span> <span class='ocrx_word' id='word_1_364' title='bbox 600 4596 821 4665; x_wconf 86' lang='grc' dir='ltr'>ἐπεῖγον</span> <span class='ocrx_word' id='word_1_365' title='bbox 852 4596 1227 4668; x_wconf 86' lang='grc' dir='ltr'>ἀπαγάγωμεν</span> <span class='ocrx_word' id='word_1_366' title='bbox 1247 4609 1298 4663; x_wconf 73' lang='grc' dir='ltr'>ο,</span> <span class='ocrx_word' id='word_1_367' title='bbox 1329 4597 1423 4651; x_wconf 82' lang='grc' dir='ltr'>τὸν</span> <span class='ocrx_word' id='word_1_368' title='bbox 1458 4595 1616 4667; x_wconf 89' lang='grc' dir='ltr'>λόγον</span> <span class='ocrx_word' id='word_1_369' title='bbox 1646 4596 1739 4650; x_wconf 83' lang='grc' dir='ltr'>τὸν</span> <span class='ocrx_word' id='word_1_370' title='bbox 1780 4596 1911 4670; x_wconf 81' lang='grc' dir='ltr'>περὶ</span> 
     </span>
    </p>
   </div>
   <div class='ocr_carea' id='block_1_47' title="bbox 317 4684 1907 4760">
    <p class='ocr_par' dir='ltr' id='par_1_47' title="bbox 317 4684 1907 4760">
     <span class='ocr_line' id='line_1_47' title="bbox 317 4684 1907 4760; baseline 0.001 -21"><span class='ocrx_word' id='word_1_371' title='bbox 317 4684 419 4740; x_wconf 87' lang='grc' dir='ltr'>τοῦ</span> <span class='ocrx_word' id='word_1_372' title='bbox 446 4686 780 4759; x_wconf 84' lang='grc' dir='ltr'>Μελχισεδὲκ</span> <span class='ocrx_word' id='word_1_373' title='bbox 810 4689 892 4752; x_wconf 86' lang='grc' dir='ltr'>είς</span> <span class='ocrx_word' id='word_1_374' title='bbox 941 4688 1133 4760; x_wconf 82' lang='grc' dir='ltr'>ἑτέραν</span> <span class='ocrx_word' id='word_1_375' title='bbox 1178 4687 1394 4760; x_wconf 78' lang='grc' dir='ltr'>ἡμέραν</span> <span class='ocrx_word' id='word_1_376' title='bbox 1444 4688 1907 4759; x_wconf 89' lang='grc' dir='ltr'>ἀναϐαλλόμενοι,</span> 
     </span>
    </p>
   </div>
   <div class='ocr_carea' id='block_1_48' title="bbox 319 4777 1906 4853">
    <p class='ocr_par' dir='ltr' id='par_1_48' title="bbox 319 4777 1906 4853">
     <span class='ocr_line' id='line_1_48' title="bbox 319 4777 1906 4853; baseline 0.002 -21"><span class='ocrx_word' id='word_1_377' title='bbox 319 4778 421 4832; x_wconf 81' lang='grc' dir='ltr'>καὶ</span> <span class='ocrx_word' id='word_1_378' title='bbox 474 4777 923 4852; x_wconf 81' lang='grc' dir='ltr'>διαναστήσωμεν</span> <span class='ocrx_word' id='word_1_379' title='bbox 969 4780 1072 4852; x_wconf 79' lang='grc' dir='ltr'>τήν</span> <span class='ocrx_word' id='word_1_380' title='bbox 1120 4780 1313 4852; x_wconf 84' lang='grc' dir='ltr'>ἀκοήν,</span> <span class='ocrx_word' id='word_1_381' title='bbox 1369 4779 1726 4853; x_wconf 81' lang='grc' dir='ltr'>προφητικῶν</span> <span class='ocrx_word' id='word_1_382' title='bbox 1776 4780 1906 4853; x_wconf 70' lang='grc' dir='ltr'>μέλι</span> 
     </span>
    </p>
   </div>
   <div class='ocr_carea' id='block_1_49' title="bbox 242 4871 1908 4946">
    <p class='ocr_par' dir='ltr' id='par_1_49' title="bbox 242 4871 1908 4946">
     <span class='ocr_line' id='line_1_49' title="bbox 242 4871 1908 4946; baseline 0.002 -21"><span class='ocrx_word' id='word_1_383' title='bbox 242 4885 265 4905; x_wconf 87' lang='grc'>⁶</span> <span class='ocrx_word' id='word_1_384' title='bbox 319 4871 509 4937; x_wconf 87' lang='grc' dir='ltr'>λοντες</span> <span class='ocrx_word' id='word_1_385' title='bbox 550 4873 769 4928; x_wconf 85' lang='grc' dir='ltr'>ἀκούειν</span> <span class='ocrx_word' id='word_1_386' title='bbox 793 4873 1150 4946; x_wconf 75' lang='grc' dir='ltr'>αἰνιγμάτων.</span> <span class='ocrx_word' id='word_1_387' title='bbox 1192 4873 1487 4946; x_wconf 77' lang='grc' dir='ltr'>Αίνίγμασι</span> <span class='ocrx_word' id='word_1_388' title='bbox 1517 4873 1626 4946; x_wconf 87' lang='grc' dir='ltr'>γὰρ</span> <span class='ocrx_word' id='word_1_389' title='bbox 1650 4873 1795 4928; x_wconf 80' lang='grc' dir='ltr'>ἔοικε</span> <span class='ocrx_word' id='word_1_390' title='bbox 1840 4873 1908 4928; x_wconf 89' lang='grc' dir='ltr'>τά</span> 
     </span>
    </p>
   </div>
   <div class='ocr_carea' id='block_1_50' title="bbox 318 4963 1906 5037">
    <p class='ocr_par' dir='ltr' id='par_1_50' title="bbox 318 4963 1906 5037">
     <span class='ocr_line' id='line_1_50' title="bbox 318 4963 1906 5037; baseline 0.003 -22"><span class='ocrx_word' id='word_1_391' title='bbox 318 4963 659 5037; x_wconf 44' lang='grc' dir='ltr'>προφητικῷ</span> <span class='ocrx_word' id='word_1_392' title='bbox 689 4964 782 5019; x_wconf 62' lang='grc' dir='ltr'>καὶ¹</span> <span class='ocrx_word' id='word_1_393' title='bbox 827 4964 997 5037; x_wconf 77' lang='grc' dir='ltr'>πολλὴ</span> <span class='ocrx_word' id='word_1_394' title='bbox 1046 4963 1303 5019; x_wconf 86' lang='grc' dir='ltr'>δυσκολία</span> <span class='ocrx_word' id='word_1_395' title='bbox 1342 4966 1402 5017; x_wconf 90' lang='grc' dir='ltr'>ἐν</span> <span class='ocrx_word' id='word_1_396' title='bbox 1437 4967 1504 5037; x_wconf 81' lang='grc' dir='ltr'>τῇ</span> <span class='ocrx_word' id='word_1_397' title='bbox 1535 4964 1743 5036; x_wconf 77' lang='grc' dir='ltr'>παλαιᾷ</span> <span class='ocrx_word' id='word_1_398' title='bbox 1778 4966 1906 5020; x_wconf 87' lang='grc' dir='ltr'>Δια-</span> 
     </span>
    </p>
   </div>
   <div class='ocr_carea' id='block_1_51' title="bbox 318 5051 1926 5129">
    <p class='ocr_par' dir='ltr' id='par_1_51' title="bbox 318 5051 1926 5129">
     <span class='ocr_line' id='line_1_51' title="bbox 318 5051 1926 5129; baseline 0.002 -22"><span class='ocrx_word' id='word_1_399' title='bbox 318 5051 487 5129; x_wconf 73' lang='grc' dir='ltr'>θήκῃ,</span> <span class='ocrx_word' id='word_1_400' title='bbox 530 5056 625 5110; x_wconf 78' lang='grc' dir='ltr'>καὶ</span> <span class='ocrx_word' id='word_1_401' title='bbox 664 5055 1038 5129; x_wconf 87' lang='grc' dir='ltr'>δυσεπίληπτα</span> <span class='ocrx_word' id='word_1_402' title='bbox 1078 5056 1148 5111; x_wconf 89' lang='grc' dir='ltr'>τά</span> <span class='ocrx_word' id='word_1_403' title='bbox 1181 5055 1390 5127; x_wconf 83' lang='grc' dir='ltr'>βιϐλία·</span> <span class='ocrx_word' id='word_1_404' title='bbox 1432 5058 1466 5128; x_wconf 87' lang='grc' dir='ltr'>ή</span> <span class='ocrx_word' id='word_1_405' title='bbox 1508 5055 1564 5110; x_wconf 76' lang='grc' dir='ltr'>δὲ</span> <span class='ocrx_word' id='word_1_406' title='bbox 1599 5057 1778 5129; x_wconf 83' lang='grc' dir='ltr'>Καινή</span> <span class='ocrx_word' id='word_1_407' title='bbox 1811 5052 1926 5110; x_wconf 74' lang='grc' dir='ltr'>σαι-⁶</span> 
     </span>
    </p>
   </div>
   <div class='ocr_carea' id='block_1_52' title="bbox 316 5146 1905 5220">
    <p class='ocr_par' dir='ltr' id='par_1_52' title="bbox 316 5146 1905 5220">
     <span class='ocr_line' id='line_1_52' title="bbox 316 5146 1905 5220; baseline -0.001 -19"><span class='ocrx_word' id='word_1_408' title='bbox 316 5148 562 5219; x_wconf 84' lang='grc' dir='ltr'>φεστέρα</span> <span class='ocrx_word' id='word_1_409' title='bbox 608 5148 706 5202; x_wconf 74' lang='grc' dir='ltr'>καὶ</span> <span class='ocrx_word' id='word_1_410' title='bbox 755 5147 1119 5220; x_wconf 84' lang='grc' dir='ltr'>εὐκολωτέρα.</span> <span class='ocrx_word' id='word_1_411' title='bbox 1166 5147 1279 5202; x_wconf 72' lang='grc' dir='ltr'>Καὶ</span> <span class='ocrx_word' id='word_1_412' title='bbox 1310 5147 1455 5212; x_wconf 86' lang='grc' dir='ltr'>τίνος</span> <span class='ocrx_word' id='word_1_413' title='bbox 1499 5146 1707 5208; x_wconf 84' lang='grc' dir='ltr'>ἐνεκεν,</span> <span class='ocrx_word' id='word_1_414' title='bbox 1747 5148 1905 5218; x_wconf 79' lang='grc' dir='ltr'>φησὶ,</span> 
     </span>
    </p>
   </div>
   <div class='ocr_carea' id='block_1_53' title="bbox 312 5238 1908 5311">
    <p class='ocr_par' dir='ltr' id='par_1_53' title="bbox 312 5238 1908 5311">
     <span class='ocr_line' id='line_1_53' title="bbox 312 5238 1908 5311; baseline -0.001 -17"><span class='ocrx_word' id='word_1_415' title='bbox 312 5239 495 5294; x_wconf 88' lang='grc' dir='ltr'>ταῦτα</span> <span class='ocrx_word' id='word_1_416' title='bbox 520 5240 664 5294; x_wconf 79' lang='grc' dir='ltr'>οὕτω</span> <span class='ocrx_word' id='word_1_417' title='bbox 689 5239 1109 5306; x_wconf 63' lang='grc' dir='ltr'>διατετύπωνται,</span> <span class='ocrx_word' id='word_1_418' title='bbox 1148 5239 1328 5294; x_wconf 87' lang='grc' dir='ltr'>καίτοι</span> <span class='ocrx_word' id='word_1_419' title='bbox 1352 5240 1388 5311; x_wconf 80' lang='grc' dir='ltr'><strong>ἡ</strong></span> <span class='ocrx_word' id='word_1_420' title='bbox 1422 5239 1601 5311; x_wconf 81' lang='grc' dir='ltr'>Καινὴ</span> <span class='ocrx_word' id='word_1_421' title='bbox 1630 5238 1759 5311; x_wconf 74' lang='grc' dir='ltr'>περὶ</span> <span class='ocrx_word' id='word_1_422' title='bbox 1789 5255 1908 5310; x_wconf 87' lang='grc' dir='ltr'>μει-</span> 
     </span>
    </p>
   </div>
   <div class='ocr_carea' id='block_1_54' title="bbox 313 5330 1904 5405">
    <p class='ocr_par' dir='ltr' id='par_1_54' title="bbox 313 5330 1904 5405">
     <span class='ocr_line' id='line_1_54' title="bbox 313 5330 1904 5405; baseline -0.001 -19"><span class='ocrx_word' id='word_1_423' title='bbox 313 5332 490 5398; x_wconf 72' lang='grc' dir='ltr'>ζόνων</span> <span class='ocrx_word' id='word_1_424' title='bbox 532 5330 839 5402; x_wconf 83' lang='grc' dir='ltr'>διαλέγεται</span> <span class='ocrx_word' id='word_1_425' title='bbox 868 5332 1231 5405; x_wconf 84' lang='grc' dir='ltr'>πραγμάτων,</span> <span class='ocrx_word' id='word_1_426' title='bbox 1262 5333 1392 5405; x_wconf 78' lang='grc' dir='ltr'>περὶ</span> <span class='ocrx_word' id='word_1_427' title='bbox 1419 5330 1698 5403; x_wconf 82' lang='grc' dir='ltr'>βασιλείας</span> <span class='ocrx_word' id='word_1_428' title='bbox 1738 5331 1904 5403; x_wconf 84' lang='grc' dir='ltr'>οὐρα-</span> 
     </span>
    </p>
   </div>
   <div class='ocr_carea' id='block_1_55' title="bbox 312 5422 1904 5497">
    <p class='ocr_par' dir='ltr' id='par_1_55' title="bbox 312 5422 1904 5497">
     <span class='ocr_line' id='line_1_55' title="bbox 312 5422 1904 5497; baseline 0 -20"><span class='ocrx_word' id='word_1_429' title='bbox 312 5422 446 5488; x_wconf 88' lang='grc' dir='ltr'>νῶν,</span> <span class='ocrx_word' id='word_1_430' title='bbox 481 5423 576 5477; x_wconf 86' lang='grc' dir='ltr'>καὶ</span> <span class='ocrx_word' id='word_1_431' title='bbox 610 5424 879 5496; x_wconf 84' lang='grc' dir='ltr'>σωμάτων</span> <span class='ocrx_word' id='word_1_432' title='bbox 907 5424 1279 5490; x_wconf 79' lang='grc' dir='ltr'>ἀναστάσεως,</span> <span class='ocrx_word' id='word_1_433' title='bbox 1306 5422 1402 5478; x_wconf 83' lang='grc' dir='ltr'>καὶ</span> <span class='ocrx_word' id='word_1_434' title='bbox 1433 5422 1543 5477; x_wconf 88' lang='grc' dir='ltr'>τῶν</span> <span class='ocrx_word' id='word_1_435' title='bbox 1575 5424 1904 5497; x_wconf 72' lang='grc' dir='ltr'>ἀπορρήτων</span> 
     </span>
    </p>
   </div>
   <div class='ocr_carea' id='block_1_56' title="bbox 308 5512 1904 5592">
    <p class='ocr_par' dir='ltr' id='par_1_56' title="bbox 308 5512 1904 5592">
     <span class='ocr_line' id='line_1_56' title="bbox 308 5512 1904 5592; baseline 0 -23"><span class='ocrx_word' id='word_1_436' title='bbox 308 5516 599 5587; x_wconf 71' lang='grc' dir='ltr'>ἀγαθῶν,ἃ</span> <span class='ocrx_word' id='word_1_437' title='bbox 625 5519 720 5573; x_wconf 76' lang='grc' dir='ltr'>καὶ</span> <span class='ocrx_word' id='word_1_438' title='bbox 760 5515 1101 5592; x_wconf 85' lang='grc' dir='ltr'>ἀνθρώπινον</span> <span class='ocrx_word' id='word_1_439' title='bbox 1133 5517 1453 5590; x_wconf 76' lang='grc' dir='ltr'>ὑπερϐαίνει</span> <span class='ocrx_word' id='word_1_440' title='bbox 1493 5517 1648 5586; x_wconf 87' lang='grc' dir='ltr'>νοῦν;</span> <span class='ocrx_word' id='word_1_441' title='bbox 1679 5517 1777 5582; x_wconf 87' lang='grc' dir='ltr'>Τίς</span> <span class='ocrx_word' id='word_1_442' title='bbox 1807 5512 1904 5572; x_wconf 79' lang='grc' dir='ltr'>οὖν</span> 
     </span>
    </p>
   </div>
   <div class='ocr_carea' id='block_1_57' title="bbox 310 5605 1905 5684">
    <p class='ocr_par' dir='ltr' id='par_1_57' title="bbox 310 5605 1905 5684">
     <span class='ocr_line' id='line_1_57' title="bbox 310 5605 1905 5684; baseline 0.001 -21"><span class='ocrx_word' id='word_1_443' title='bbox 310 5609 346 5679; x_wconf 80' lang='grc' dir='ltr'>ὴ</span> <span class='ocrx_word' id='word_1_444' title='bbox 385 5610 541 5664; x_wconf 78' lang='grc' dir='ltr'>αἰτία</span> <span class='ocrx_word' id='word_1_445' title='bbox 578 5608 671 5663; x_wconf 90' lang='grc' dir='ltr'>τοῦ</span> <span class='ocrx_word' id='word_1_446' title='bbox 707 5608 810 5675; x_wconf 83' lang='grc' dir='ltr'>τὰς</span> <span class='ocrx_word' id='word_1_447' title='bbox 854 5610 1192 5684; x_wconf 80' lang='grc' dir='ltr'>προφητείας</span> <span class='ocrx_word' id='word_1_448' title='bbox 1237 5612 1468 5680; x_wconf 87' lang='grc' dir='ltr'>ἀσαφεῖς</span> <span class='ocrx_word' id='word_1_449' title='bbox 1505 5605 1685 5678; x_wconf 56' lang='lat' dir='ltr'>sive“;</span> <span class='ocrx_word' id='word_1_450' title='bbox 1722 5610 1905 5665; x_wconf 86' lang='grc' dir='ltr'>Πολλα</span> 
     </span>
    </p>
   </div>
   <div class='ocr_carea' id='block_1_58' title="bbox 309 5697 1899 5775">
    <p class='ocr_par' dir='ltr' id='par_1_58' title="bbox 309 5697 1899 5775">
     <span class='ocr_line' id='line_1_58' title="bbox 309 5697 1899 5775; baseline 0.001 -21"><span class='ocrx_word' id='word_1_451' title='bbox 309 5700 674 5773; x_wconf 80' lang='grc' dir='ltr'>προλέγουσιν</span> <span class='ocrx_word' id='word_1_452' title='bbox 706 5702 980 5768; x_wconf 84' lang='grc' dir='ltr'>Ἰουδαίοις</span> <span class='ocrx_word' id='word_1_453' title='bbox 999 5697 1157 5759; x_wconf 74' lang='grc' dir='ltr'>αὗται</span> <span class='ocrx_word' id='word_1_454' title='bbox 1196 5703 1369 5758; x_wconf 73' lang='grc' dir='ltr'>κακά’</span> <span class='ocrx_word' id='word_1_455' title='bbox 1390 5704 1486 5758; x_wconf 73' lang='grc' dir='ltr'>καὶ</span> <span class='ocrx_word' id='word_1_456' title='bbox 1513 5703 1595 5756; x_wconf 85' lang='grc' dir='ltr'>ὅτι</span> <span class='ocrx_word' id='word_1_457' title='bbox 1627 5701 1899 5775; x_wconf 82' lang='grc' dir='ltr'>ἐκϐληθή-</span> 
     </span>
    </p>
   </div>
   <div class='ocr_carea' id='block_1_59' title="bbox 371 5808 1901 5876">
    <p class='ocr_par' dir='ltr' id='par_1_59' title="bbox 371 5808 1901 5876">
     <span class='ocr_line' id='line_1_59' title="bbox 371 5808 1901 5876; baseline 0.008 -23"><span class='ocrx_word' id='word_1_458' title='bbox 371 5808 403 5837; x_wconf 73' lang='grc' dir='ltr'>ι</span> <span class='ocrx_word' id='word_1_459' title='bbox 427 5808 929 5876; x_wconf 61' lang='lat' dir='ltr'>Saviliusjegchugm</span> <span class='ocrx_word' id='word_1_460' title='bbox 968 5811 1197 5872; x_wconf 78' lang='lat' dir='ltr'>opinatur</span> <span class='ocrx_word' id='word_1_461' title='bbox 1237 5811 1624 5875; x_wconf 81' lang='grc' dir='ltr'>ἐπαναγάγωμεν,</span> <span class='ocrx_word' id='word_1_462' title='bbox 1650 5813 1740 5865; x_wconf 84' lang='lat' dir='ltr'>sed</span> <span class='ocrx_word' id='word_1_463' title='bbox 1778 5817 1901 5876; x_wconf 74' lang='lat' dir='ltr'>puto</span> 
     </span>
    </p>
   </div>
   <div class='ocr_carea' id='block_1_60' title="bbox 302 5866 1004 5934">
    <p class='ocr_par' dir='ltr' id='par_1_60' title="bbox 302 5866 1004 5934">
     <span class='ocr_line' id='line_1_60' title="bbox 302 5866 1004 5934; baseline 0.006 -21"><span class='ocrx_word' id='word_1_464' title='bbox 302 5866 630 5934; x_wconf 68' lang='grc' dir='ltr'>ἀπα-[ἄγωμεν</span> <span class='ocrx_word' id='word_1_465' title='bbox 650 5866 782 5919; x_wconf 75' lang='lat' dir='ltr'>hehe</span> <span class='ocrx_word' id='word_1_466' title='bbox 802 5869 1004 5922; x_wconf 81' lang='lat' dir='ltr'>habere.</span> 
     </span>
    </p>
   </div>
   <div class='ocr_carea' id='block_1_61' title="bbox 623 5956 1262 6024">
    <p class='ocr_par' dir='ltr' id='par_1_61' title="bbox 623 5956 1262 6024">
     <span class='ocr_line' id='line_1_61' title="bbox 623 5956 1262 6024; baseline 0.006 -4"><span class='ocrx_word' id='word_1_467' title='bbox 623 5956 898 6020; x_wconf 75' lang='grc' dir='ltr'>ΡΑτιιοι..</span> <span class='ocrx_word' id='word_1_468' title='bbox 938 5959 1055 6023; x_wconf 75' lang='lat' dir='ltr'>Gn.</span> <span class='ocrx_word' id='word_1_469' title='bbox 1103 5960 1262 6024; x_wconf 87' lang='lat' dir='ltr'><strong>LVI.</strong></span> 
     </span>
    </p>
   </div>
   <div class='ocr_carea' id='block_1_62' title="bbox 1340 331 2663 398">
    <p class='ocr_par' dir='ltr' id='par_1_62' title="bbox 1340 331 2663 398">
     <span class='ocr_line' id='line_1_62' title="bbox 1340 331 2663 398; baseline -0.005 -3"><span class='ocrx_word' id='word_1_470' title='bbox 1340 341 1426 396; x_wconf 82' lang='lat' dir='ltr'>DE</span> <span class='ocrx_word' id='word_1_471' title='bbox 1464 331 2015 394; x_wconf 72' lang='lat' dir='ltr'>PROPHETIARL‘M</span> <span class='ocrx_word' id='word_1_472' title='bbox 2055 332 2564 393; x_wconf 79' lang='lat' dir='ltr'>OBSCURITATE.</span> <span class='ocrx_word' id='word_1_473' title='bbox 2606 335 2663 398; x_wconf 72' lang='grc' dir='ltr'>Ι,</span> 
     </span>
    </p>
   </div>
   <div class='ocr_carea' id='block_1_63' title="bbox 3504 342 3619 399">
    <p class='ocr_par' dir='ltr' id='par_1_63' title="bbox 3504 342 3619 399">
     <span class='ocr_line' id='line_1_63' title="bbox 3504 342 3619 399; baseline 0.017 -2"><span class='ocrx_word' id='word_1_474' title='bbox 3504 343 3529 397; x_wconf 76' lang='grc'>1</span> <span class='ocrx_word' id='word_1_475' title='bbox 3540 342 3619 399; x_wconf 78' lang='lat'>68.</span> 
     </span>
    </p>
   </div>
   <div class='ocr_carea' id='block_1_64' title="bbox 2038 450 3616 530">
    <p class='ocr_par' dir='ltr' id='par_1_64' title="bbox 2038 450 3616 530">
     <span class='ocr_line' id='line_1_64' title="bbox 2038 450 3616 530; baseline 0.008 -28"><span class='ocrx_word' id='word_1_476' title='bbox 2038 464 2218 503; x_wconf 85' lang='grc' dir='ltr'>σονται</span> <span class='ocrx_word' id='word_1_477' title='bbox 2252 450 2356 521; x_wconf 69' lang='grc' dir='ltr'>μὲν</span> <span class='ocrx_word' id='word_1_478' title='bbox 2403 452 2622 517; x_wconf 76' lang='grc' dir='ltr'>ἐκεῖνοι,</span> <span class='ocrx_word' id='word_1_479' title='bbox 2672 454 2831 524; x_wconf 79' lang='grc' dir='ltr'>ἡμεῖς</span> <span class='ocrx_word' id='word_1_480' title='bbox 2876 455 2933 509; x_wconf 81' lang='grc' dir='ltr'>δέ</span> <span class='ocrx_word' id='word_1_481' title='bbox 2981 456 3477 530; x_wconf 80' lang='grc' dir='ltr'>είσδεχθησόμεθα·</span> <span class='ocrx_word' id='word_1_482' title='bbox 3520 464 3616 515; x_wconf 83' lang='grc' dir='ltr'>καὶ</span> 
     </span>
    </p>
   </div>
   <div class='ocr_carea' id='block_1_65' title="bbox 2028 541 3614 615">
    <p class='ocr_par' dir='ltr' id='par_1_65' title="bbox 2028 541 3614 615">
     <span class='ocr_line' id='line_1_65' title="bbox 2028 541 3614 615; baseline 0.008 -21"><span class='ocrx_word' id='word_1_483' title='bbox 2028 541 2112 596; x_wconf 83' lang='grc' dir='ltr'>ὅτι</span> <span class='ocrx_word' id='word_1_484' title='bbox 2159 543 2593 614; x_wconf 82' lang='grc' dir='ltr'>καταλυθήσεται</span> <span class='ocrx_word' id='word_1_485' title='bbox 2645 543 2744 615; x_wconf 85' lang='grc' dir='ltr'>μὲν</span> <span class='ocrx_word' id='word_1_486' title='bbox 2792 545 2821 598; x_wconf 88' lang='grc' dir='ltr'>ὁ</span> <span class='ocrx_word' id='word_1_487' title='bbox 2859 546 3014 610; x_wconf 81' lang='grc' dir='ltr'>ναὸς,</span> <span class='ocrx_word' id='word_1_488' title='bbox 3064 550 3158 603; x_wconf 74' lang='grc' dir='ltr'>καὶ</span> <span class='ocrx_word' id='word_1_489' title='bbox 3204 551 3383 605; x_wconf 83' lang='grc' dir='ltr'>οὐκέτι</span> <span class='ocrx_word' id='word_1_490' title='bbox 3426 551 3614 607; x_wconf 84' lang='grc' dir='ltr'>λοιπὸν</span> 
     </span>
    </p>
   </div>
   <div class='ocr_carea' id='block_1_66' title="bbox 2028 636 3614 712">
    <p class='ocr_par' dir='ltr' id='par_1_66' title="bbox 2028 636 3614 712">
     <span class='ocr_line' id='line_1_66' title="bbox 2028 636 3614 712; baseline 0.007 -24"><span class='ocrx_word' id='word_1_491' title='bbox 2028 636 2413 707; x_wconf 79' lang='grc' dir='ltr'>ἀναστήσεται,</span> <span class='ocrx_word' id='word_1_492' title='bbox 2447 638 2695 691; x_wconf 84' lang='grc' dir='ltr'>πεσεῖται</span> <span class='ocrx_word' id='word_1_493' title='bbox 2722 638 2778 692; x_wconf 80' lang='grc' dir='ltr'>δέ</span> <span class='ocrx_word' id='word_1_494' title='bbox 2806 638 2878 692; x_wconf 80' lang='grc' dir='ltr'>τὰ</span> <span class='ocrx_word' id='word_1_495' title='bbox 2914 640 3285 712; x_wconf 83' lang='grc' dir='ltr'>Ἱεροσόλυμα,</span> <span class='ocrx_word' id='word_1_496' title='bbox 3318 645 3412 697; x_wconf 81' lang='grc' dir='ltr'>κα).</span> <span class='ocrx_word' id='word_1_497' title='bbox 3446 647 3614 699; x_wconf 82' lang='grc' dir='ltr'>πᾶσιν</span> 
     </span>
    </p>
   </div>
   <div class='ocr_carea' id='block_1_67' title="bbox 2028 725 3615 805">
    <p class='ocr_par' dir='ltr' id='par_1_67' title="bbox 2028 725 3615 805">
     <span class='ocr_line' id='line_1_67' title="bbox 2028 725 3615 805; baseline 0.006 -26"><span class='ocrx_word' id='word_1_498' title='bbox 2028 725 2182 780; x_wconf 73' lang='grc' dir='ltr'>ἔσται</span> <span class='ocrx_word' id='word_1_499' title='bbox 2222 727 2393 798; x_wconf 74' lang='grc' dir='ltr'>βατά·</span> <span class='ocrx_word' id='word_1_500' title='bbox 2435 728 2677 783; x_wconf 79' lang='grc' dir='ltr'>Ἰουδαῖοί</span> <span class='ocrx_word' id='word_1_501' title='bbox 2725 747 2784 784; x_wconf 86' lang='grc' dir='ltr'>τε</span> <span class='ocrx_word' id='word_1_502' title='bbox 2818 730 3085 804; x_wconf 75' lang='grc' dir='ltr'>πλανῆται</span> <span class='ocrx_word' id='word_1_503' title='bbox 3132 735 3439 805; x_wconf 81' lang='grc' dir='ltr'>γενόμενοι,</span> <span class='ocrx_word' id='word_1_504' title='bbox 3475 754 3615 791; x_wconf 75' lang='grc' dir='ltr'>παν-</span> 
     </span>
    </p>
   </div>
   <div class='ocr_carea' id='block_1_68' title="bbox 2026 818 3621 900">
    <p class='ocr_par' dir='ltr' id='par_1_68' title="bbox 2026 818 3621 900">
     <span class='ocr_line' id='line_1_68' title="bbox 2026 818 3621 900; baseline 0.008 -29"><span class='ocrx_word' id='word_1_505' title='bbox 2026 818 2195 889; x_wconf 82' lang='grc' dir='ltr'>ταχοῦ</span> <span class='ocrx_word' id='word_1_506' title='bbox 2229 820 2329 891; x_wconf 80' lang='grc' dir='ltr'>τῆς</span> <span class='ocrx_word' id='word_1_507' title='bbox 2361 822 2688 893; x_wconf 84' lang='grc' dir='ltr'>οίκουμένης</span> <span class='ocrx_word' id='word_1_508' title='bbox 2734 824 3218 896; x_wconf 84' lang='grc' dir='ltr'>διασπαρήσονται,</span> <span class='ocrx_word' id='word_1_509' title='bbox 3258 830 3350 883; x_wconf 79' lang='grc' dir='ltr'>καὶ</span> <span class='ocrx_word' id='word_1_510' title='bbox 3381 829 3480 900; x_wconf 79' lang='grc' dir='ltr'>τῆς</span> <span class='ocrx_word' id='word_1_511' title='bbox 3514 832 3621 890; x_wconf 57' lang='grc' dir='ltr'>πόο,</span> 
     </span>
    </p>
   </div>
   <div class='ocr_carea' id='block_1_69' title="bbox 2026 910 3613 987">
    <p class='ocr_par' dir='ltr' id='par_1_69' title="bbox 2026 910 3613 987">
     <span class='ocr_line' id='line_1_69' title="bbox 2026 910 3613 987; baseline 0.007 -24"><span class='ocrx_word' id='word_1_512' title='bbox 2026 910 2161 974; x_wconf 82' lang='grc' dir='ltr'>λεώς</span> <span class='ocrx_word' id='word_1_513' title='bbox 2191 912 2548 979; x_wconf 87' lang='grc' dir='ltr'>ἐκπεσόντες,</span> <span class='ocrx_word' id='word_1_514' title='bbox 2594 914 2717 968; x_wconf 88' lang='grc' dir='ltr'>οὐδὲ</span> <span class='ocrx_word' id='word_1_515' title='bbox 2765 915 2864 987; x_wconf 80' lang='grc' dir='ltr'>τήν</span> <span class='ocrx_word' id='word_1_516' title='bbox 2904 916 3177 971; x_wconf 88' lang='grc' dir='ltr'>πολιτείαν</span> <span class='ocrx_word' id='word_1_517' title='bbox 3214 918 3396 985; x_wconf 75' lang='grc' dir='ltr'>ἕξουσι</span> <span class='ocrx_word' id='word_1_518' title='bbox 3431 919 3613 974; x_wconf 80' lang='grc' dir='ltr'>λοιπὸν</span> 
     </span>
    </p>
   </div>
   <div class='ocr_carea' id='block_1_70' title="bbox 2025 1001 3633 1085">
    <p class='ocr_par' dir='ltr' id='par_1_70' title="bbox 2025 1001 3633 1085">
     <span class='ocr_line' id='line_1_70' title="bbox 2025 1001 3633 1085; baseline 0.007 -32"><span class='ocrx_word' id='word_1_519' title='bbox 2025 1001 2123 1072; x_wconf 84' lang='grc' dir='ltr'>τήν</span> <span class='ocrx_word' id='word_1_520' title='bbox 2163 1003 2419 1073; x_wconf 86' lang='grc' dir='ltr'>ἀρχαίαν,</span> <span class='ocrx_word' id='word_1_521' title='bbox 2463 1003 2601 1058; x_wconf 86' lang='grc' dir='ltr'>ἀλλά</span> <span class='ocrx_word' id='word_1_522' title='bbox 2632 1005 2809 1060; x_wconf 85' lang='grc' dir='ltr'>πάντα</span> <span class='ocrx_word' id='word_1_523' title='bbox 2855 1007 3037 1061; x_wconf 87' lang='grc' dir='ltr'>αὐτῶν</span> <span class='ocrx_word' id='word_1_524' title='bbox 3086 1009 3515 1082; x_wconf 80' lang='grc' dir='ltr'>ἀφαιρεθήσεται</span> <span class='ocrx_word' id='word_1_525' title='bbox 3548 1011 3633 1085; x_wconf 30' lang='grc' dir='ltr'>τάκ</span> 
     </span>
    </p>
   </div>
   <div class='ocr_carea' id='block_1_71' title="bbox 2026 1095 3614 1177">
    <p class='ocr_par' dir='ltr' id='par_1_71' title="bbox 2026 1095 3614 1177">
     <span class='ocr_line' id='line_1_71' title="bbox 2026 1095 3614 1177; baseline 0.009 -32"><span class='ocrx_word' id='word_1_526' title='bbox 2026 1095 2291 1166; x_wconf 80' lang='grc' dir='ltr'>πρότερα,</span> <span class='ocrx_word' id='word_1_527' title='bbox 2334 1097 2429 1151; x_wconf 75' lang='grc' dir='ltr'>καὶ</span> <span class='ocrx_word' id='word_1_528' title='bbox 2460 1102 2810 1169; x_wconf 82' lang='grc' dir='ltr'>προφητεῖαι,</span> <span class='ocrx_word' id='word_1_529' title='bbox 2838 1101 2931 1155; x_wconf 77' lang='grc' dir='ltr'>καὶ</span> <span class='ocrx_word' id='word_1_530' title='bbox 2963 1100 3164 1169; x_wconf 87' lang='grc' dir='ltr'>θυσίαι,</span> <span class='ocrx_word' id='word_1_531' title='bbox 3196 1103 3291 1157; x_wconf 81' lang='grc' dir='ltr'>καὶ</span> <span class='ocrx_word' id='word_1_532' title='bbox 3323 1105 3614 1177; x_wconf 79' lang='grc' dir='ltr'>ἱερωσύνη,</span> 
     </span>
    </p>
   </div>
   <div class='ocr_carea' id='block_1_72' title="bbox 2026 1187 3619 1262">
    <p class='ocr_par' dir='ltr' id='par_1_72' title="bbox 2026 1187 3619 1262">
     <span class='ocr_line' id='line_1_72' title="bbox 2026 1187 3619 1262; baseline 0.009 -21"><span class='ocrx_word' id='word_1_533' title='bbox 2026 1187 2121 1241; x_wconf 65' lang='grc' dir='ltr'>καί⁸</span> <span class='ocrx_word' id='word_1_534' title='bbox 2159 1188 2425 1258; x_wconf 85' lang='grc' dir='ltr'>βασιλεία.</span> <span class='ocrx_word' id='word_1_535' title='bbox 2469 1192 2547 1245; x_wconf 81' lang='grc' dir='ltr'>Οὐ</span> <span class='ocrx_word' id='word_1_536' title='bbox 2581 1192 2742 1262; x_wconf 86' lang='grc' dir='ltr'>μόνον</span> <span class='ocrx_word' id='word_1_537' title='bbox 2787 1192 2844 1246; x_wconf 86' lang='grc' dir='ltr'>δέ</span> <span class='ocrx_word' id='word_1_538' title='bbox 2891 1195 3095 1260; x_wconf 88' lang='grc' dir='ltr'>ταῦτα,</span> <span class='ocrx_word' id='word_1_539' title='bbox 3148 1195 3286 1250; x_wconf 77' lang='grc' dir='ltr'>ἀλλά</span> <span class='ocrx_word' id='word_1_540' title='bbox 3337 1199 3431 1252; x_wconf 81' lang='grc' dir='ltr'>καὶ</span> <span class='ocrx_word' id='word_1_541' title='bbox 3476 1198 3619 1255; x_wconf 77' lang='grc' dir='ltr'>ἄλλα</span> 
     </span>
    </p>
   </div>
   <div class='ocr_carea' id='block_1_73' title="bbox 2026 1280 3617 1363">
    <p class='ocr_par' dir='ltr' id='par_1_73' title="bbox 2026 1280 3617 1363">
     <span class='ocr_line' id='line_1_73' title="bbox 2026 1280 3617 1363; baseline 0.008 -29"><span class='ocrx_word' id='word_1_542' title='bbox 2026 1280 2197 1335; x_wconf 88' lang='grc' dir='ltr'>πολλά</span> <span class='ocrx_word' id='word_1_543' title='bbox 2238 1281 2467 1337; x_wconf 87' lang='grc' dir='ltr'>τοιαῦτα</span> <span class='ocrx_word' id='word_1_544' title='bbox 2511 1284 2804 1356; x_wconf 85' lang='grc' dir='ltr'>προέλεγον</span> <span class='ocrx_word' id='word_1_545' title='bbox 2831 1287 2884 1339; x_wconf 89' lang='grc' dir='ltr'>οί</span> <span class='ocrx_word' id='word_1_546' title='bbox 2920 1288 3219 1359; x_wconf 82' lang='grc' dir='ltr'>προφῆται,</span> <span class='ocrx_word' id='word_1_547' title='bbox 3252 1292 3453 1363; x_wconf 84' lang='grc' dir='ltr'>μυρίας</span> <span class='ocrx_word' id='word_1_548' title='bbox 3486 1310 3617 1363; x_wconf 83' lang='grc' dir='ltr'>τρα-</span> 
     </span>
    </p>
   </div>
   <div class='ocr_carea' id='block_1_74' title="bbox 2025 1373 3612 1453">
    <p class='ocr_par' dir='ltr' id='par_1_74' title="bbox 2025 1373 3612 1453">
     <span class='ocr_line' id='line_1_74' title="bbox 2025 1373 3612 1453; baseline 0.009 -26"><span class='ocrx_word' id='word_1_549' title='bbox 2025 1373 2227 1444; x_wconf 85' lang='grc' dir='ltr'>γῳδίας</span> <span class='ocrx_word' id='word_1_550' title='bbox 2264 1377 2373 1440; x_wconf 85' lang='grc' dir='ltr'>τοῖς</span> <span class='ocrx_word' id='word_1_551' title='bbox 2426 1378 2648 1441; x_wconf 86' lang='grc' dir='ltr'>οίκείοις</span> <span class='ocrx_word' id='word_1_552' title='bbox 2695 1380 3196 1451; x_wconf 79' lang='grc' dir='ltr'>ἐγκαταμιγνύντες</span> <span class='ocrx_word' id='word_1_553' title='bbox 3226 1382 3473 1453; x_wconf 85' lang='grc' dir='ltr'>βιϐλίοις.</span> <span class='ocrx_word' id='word_1_554' title='bbox 3517 1386 3612 1441; x_wconf 85' lang='grc' dir='ltr'>Ἴν’</span> 
     </span>
    </p>
   </div>
   <div class='ocr_carea' id='block_1_75' title="bbox 2024 1461 3614 1549">
    <p class='ocr_par' dir='ltr' id='par_1_75' title="bbox 2024 1461 3614 1549">
     <span class='ocr_line' id='line_1_75' title="bbox 2024 1461 3614 1549; baseline 0.008 -29"><span class='ocrx_word' id='word_1_555' title='bbox 2024 1461 2119 1520; x_wconf 83' lang='grc' dir='ltr'>οὖν</span> <span class='ocrx_word' id='word_1_556' title='bbox 2145 1467 2196 1520; x_wconf 80' lang='grc' dir='ltr'>οἱ</span> <span class='ocrx_word' id='word_1_557' title='bbox 2230 1468 2469 1523; x_wconf 82' lang='grc' dir='ltr'>Ἰουδαῖοι</span> <span class='ocrx_word' id='word_1_558' title='bbox 2506 1471 2582 1541; x_wconf 77' lang='grc' dir='ltr'>μή</span> <span class='ocrx_word' id='word_1_559' title='bbox 2614 1471 2801 1540; x_wconf 81' lang='grc' dir='ltr'>σαφῶς</span> <span class='ocrx_word' id='word_1_560' title='bbox 2840 1473 3173 1539; x_wconf 82' lang='grc' dir='ltr'>ἀκούσαντες</span> <span class='ocrx_word' id='word_1_561' title='bbox 3201 1476 3351 1547; x_wconf 87' lang='grc' dir='ltr'>παρά</span> <span class='ocrx_word' id='word_1_562' title='bbox 3378 1476 3482 1548; x_wconf 80' lang='grc' dir='ltr'>τὴν</span> <span class='ocrx_word' id='word_1_563' title='bbox 3512 1479 3614 1549; x_wconf 83' lang='grc' dir='ltr'>ἀρ-</span> 
     </span>
    </p>
   </div>
   <div class='ocr_carea' id='block_1_76' title="bbox 2024 1559 3611 1642">
    <p class='ocr_par' dir='ltr' id='par_1_76' title="bbox 2024 1559 3611 1642">
     <span class='ocr_line' id='line_1_76' title="bbox 2024 1559 3611 1642; baseline 0.01 -31"><span class='ocrx_word' id='word_1_564' title='bbox 2024 1560 2150 1630; x_wconf 83' lang='grc' dir='ltr'>χὴν,</span> <span class='ocrx_word' id='word_1_565' title='bbox 2180 1559 2618 1632; x_wconf 84' lang='grc' dir='ltr'>διαχειρίσωνται</span> <span class='ocrx_word' id='word_1_566' title='bbox 2644 1562 2771 1627; x_wconf 70' lang='grc' dir='ltr'>τοὺς</span> <span class='ocrx_word' id='word_1_567' title='bbox 2794 1564 3059 1633; x_wconf 84' lang='grc' dir='ltr'>λέγοντας</span> <span class='ocrx_word' id='word_1_568' title='bbox 3087 1566 3283 1633; x_wconf 85' lang='grc' dir='ltr'>ταῦτα,</span> <span class='ocrx_word' id='word_1_569' title='bbox 3312 1572 3380 1642; x_wconf 78' lang='grc' dir='ltr'>τῇ</span> <span class='ocrx_word' id='word_1_570' title='bbox 3413 1571 3611 1627; x_wconf 84' lang='grc' dir='ltr'>δυσκο-</span> 
     </span>
    </p>
   </div>
   <div class='ocr_carea' id='block_1_77' title="bbox 2021 1650 3613 1734">
    <p class='ocr_par' dir='ltr' id='par_1_77' title="bbox 2021 1650 3613 1734">
     <span class='ocr_line' id='line_1_77' title="bbox 2021 1650 3613 1734; baseline 0.01 -30"><span class='ocrx_word' id='word_1_571' title='bbox 2021 1650 2115 1724; x_wconf 75' lang='grc' dir='ltr'>λίᾳ</span> <span class='ocrx_word' id='word_1_572' title='bbox 2141 1653 2241 1723; x_wconf 79' lang='grc' dir='ltr'>τῆς</span> <span class='ocrx_word' id='word_1_573' title='bbox 2280 1653 2580 1723; x_wconf 71' lang='grc' dir='ltr'>ἑρμηνείας</span> <span class='ocrx_word' id='word_1_574' title='bbox 2622 1656 2948 1727; x_wconf 73' lang='grc' dir='ltr'>ἀπέκρυψαν</span> <span class='ocrx_word' id='word_1_575' title='bbox 2986 1660 3087 1720; x_wconf 80' lang='grc' dir='ltr'>τὰς</span> <span class='ocrx_word' id='word_1_576' title='bbox 3115 1662 3477 1734; x_wconf 76' lang='grc' dir='ltr'>προρρήσεις,</span> <span class='ocrx_word' id='word_1_577' title='bbox 3516 1667 3613 1720; x_wconf 73' lang='grc' dir='ltr'>καὶ</span> 
     </span>
    </p>
   </div>
   <div class='ocr_carea' id='block_1_78' title="bbox 2024 1744 3690 1829">
    <p class='ocr_par' dir='ltr' id='par_1_78' title="bbox 2024 1744 3690 1829">
     <span class='ocr_line' id='line_1_78' title="bbox 2024 1744 3690 1829; baseline 0.011 -34"><span class='ocrx_word' id='word_1_578' title='bbox 2024 1744 2226 1815; x_wconf 83' lang='grc' dir='ltr'>πολλὴν</span> <span class='ocrx_word' id='word_1_579' title='bbox 2275 1745 2544 1816; x_wconf 85' lang='grc' dir='ltr'>ἀσάφειαν</span> <span class='ocrx_word' id='word_1_580' title='bbox 2598 1748 2864 1819; x_wconf 84' lang='grc' dir='ltr'>κατέχεαν</span> <span class='ocrx_word' id='word_1_581' title='bbox 2903 1750 2931 1790; x_wconf 72' lang='grc' dir='ltr'>ιι</span> <span class='ocrx_word' id='word_1_582' title='bbox 2974 1750 3083 1805; x_wconf 91' lang='grc' dir='ltr'>τῶν</span> <span class='ocrx_word' id='word_1_583' title='bbox 3134 1755 3494 1824; x_wconf 82' lang='grc' dir='ltr'>πραγμάτων,</span> <span class='ocrx_word' id='word_1_584' title='bbox 3542 1760 3609 1829; x_wconf 79' lang='grc' dir='ltr'>τῇ</span> <span class='ocrx_word' id='word_1_585' title='bbox 3687 1751 3690 1754; x_wconf 49' lang='grc'><strong>’</strong></span> 
     </span>
    </p>
   </div>
   <div class='ocr_carea' id='block_1_79' title="bbox 2024 1836 3612 1915">
    <p class='ocr_par' dir='ltr' id='par_1_79' title="bbox 2024 1836 3612 1915">
     <span class='ocr_line' id='line_1_79' title="bbox 2024 1836 3612 1915; baseline 0.005 -25"><span class='ocrx_word' id='word_1_586' title='bbox 2024 1836 2261 1908; x_wconf 79' lang='grc' dir='ltr'>ἀσαφείᾳ</span> <span class='ocrx_word' id='word_1_587' title='bbox 2284 1836 2392 1891; x_wconf 85' lang='grc' dir='ltr'>τῶν</span> <span class='ocrx_word' id='word_1_588' title='bbox 2426 1836 2734 1907; x_wconf 85' lang='grc' dir='ltr'>λεγομένων</span> <span class='ocrx_word' id='word_1_589' title='bbox 2764 1841 2880 1903; x_wconf 86' lang='grc' dir='ltr'>τοῖς</span> <span class='ocrx_word' id='word_1_590' title='bbox 2909 1839 3125 1909; x_wconf 79' lang='grc' dir='ltr'>λέγουσι</span> <span class='ocrx_word' id='word_1_591' title='bbox 3164 1846 3612 1915; x_wconf 75' lang='grc' dir='ltr'>παρασκευάζον-</span> 
     </span>
    </p>
   </div>
   <div class='ocr_carea' id='block_1_80' title="bbox 2024 1927 3611 2008">
    <p class='ocr_par' dir='ltr' id='par_1_80' title="bbox 2024 1927 3611 2008">
     <span class='ocr_line' id='line_1_80' title="bbox 2024 1927 3611 2008; baseline 0.008 -30"><span class='ocrx_word' id='word_1_592' title='bbox 2024 1942 2115 1990; x_wconf 85' lang='grc' dir='ltr'>τες</span> <span class='ocrx_word' id='word_1_593' title='bbox 2147 1927 2467 1996; x_wconf 85' lang='grc' dir='ltr'>ἀσφάλειαν.</span> <span class='ocrx_word' id='word_1_594' title='bbox 2510 1929 2622 1981; x_wconf 74' lang='grc' dir='ltr'>Καὶ</span> <span class='ocrx_word' id='word_1_595' title='bbox 2653 1929 2817 1983; x_wconf 89' lang='grc' dir='ltr'>πόθεν</span> <span class='ocrx_word' id='word_1_596' title='bbox 2843 1930 3003 2000; x_wconf 76' lang='grc' dir='ltr'>δῆλον</span> <span class='ocrx_word' id='word_1_597' title='bbox 3034 1930 3226 1996; x_wconf 76' lang='grc' dir='ltr'>τοῦτος</span> <span class='ocrx_word' id='word_1_598' title='bbox 3254 1936 3346 1988; x_wconf 86' lang='grc' dir='ltr'>Δεῖ</span> <span class='ocrx_word' id='word_1_599' title='bbox 3372 1937 3481 2008; x_wconf 91' lang='grc' dir='ltr'>γάρ</span> <span class='ocrx_word' id='word_1_600' title='bbox 3514 1937 3611 1991; x_wconf 76' lang='grc' dir='ltr'>καὶ</span> 
     </span>
    </p>
   </div>
   <div class='ocr_carea' id='block_1_81' title="bbox 2025 2015 3609 2100">
    <p class='ocr_par' dir='ltr' id='par_1_81' title="bbox 2025 2015 3609 2100">
     <span class='ocr_line' id='line_1_81' title="bbox 2025 2015 3609 2100; baseline 0.009 -32"><span class='ocrx_word' id='word_1_601' title='bbox 2025 2015 2252 2081; x_wconf 83' lang='grc' dir='ltr'>εὐθύνας</span> <span class='ocrx_word' id='word_1_602' title='bbox 2276 2018 2423 2087; x_wconf 72' lang='grc' dir='ltr'>ἡμᾶς</span> <span class='ocrx_word' id='word_1_603' title='bbox 2451 2017 2817 2083; x_wconf 78' lang='grc' dir='ltr'>ἀπαιτεῖσθαι,</span> <span class='ocrx_word' id='word_1_604' title='bbox 2848 2021 2897 2074; x_wconf 88' lang='grc' dir='ltr'>εί</span> <span class='ocrx_word' id='word_1_605' title='bbox 2930 2022 3023 2076; x_wconf 66' lang='grc' dir='ltr'>καὶ</span> <span class='ocrx_word' id='word_1_606' title='bbox 3052 2025 3111 2076; x_wconf 82' lang='grc' dir='ltr'>ἐν</span> <span class='ocrx_word' id='word_1_607' title='bbox 3146 2024 3321 2093; x_wconf 87' lang='grc' dir='ltr'>φίλοις</span> <span class='ocrx_word' id='word_1_608' title='bbox 3348 2026 3609 2100; x_wconf 84' lang='grc' dir='ltr'>λέγομεν·</span> 
     </span>
    </p>
   </div>
   <div class='ocr_carea' id='block_1_82' title="bbox 2027 2108 3611 2193">
    <p class='ocr_par' dir='ltr' id='par_1_82' title="bbox 2027 2108 3611 2193">
     <span class='ocr_line' id='line_1_82' title="bbox 2027 2108 3611 2193; baseline 0.011 -33"><span class='ocrx_word' id='word_1_609' title='bbox 2027 2108 2122 2161; x_wconf 76' lang='grc' dir='ltr'>καὶ</span> <span class='ocrx_word' id='word_1_610' title='bbox 2168 2108 2274 2180; x_wconf 84' lang='grc' dir='ltr'>γὰρ</span> <span class='ocrx_word' id='word_1_611' title='bbox 2320 2109 2504 2163; x_wconf 76' lang='grc' dir='ltr'>πολλοὶ</span> <span class='ocrx_word' id='word_1_612' title='bbox 2557 2110 2688 2175; x_wconf 79' lang='grc' dir='ltr'>ἴσως</span> <span class='ocrx_word' id='word_1_613' title='bbox 2746 2114 2841 2166; x_wconf 62' lang='grc' dir='ltr'>καὶ⁵</span> <span class='ocrx_word' id='word_1_614' title='bbox 2886 2114 2995 2167; x_wconf 89' lang='grc' dir='ltr'>τῶν</span> <span class='ocrx_word' id='word_1_615' title='bbox 3034 2116 3096 2169; x_wconf 87' lang='grc' dir='ltr'>οὐ</span> <span class='ocrx_word' id='word_1_616' title='bbox 3151 2117 3320 2186; x_wconf 86' lang='grc' dir='ltr'>φίλων</span> <span class='ocrx_word' id='word_1_617' title='bbox 3368 2120 3611 2193; x_wconf 82' lang='grc' dir='ltr'>πάρεισι.</span> 
     </span>
    </p>
   </div>
   <div class='ocr_carea' id='block_1_83' title="bbox 2026 2199 3614 2269">
    <p class='ocr_par' dir='ltr' id='par_1_83' title="bbox 2026 2199 3614 2269">
     <span class='ocr_line' id='line_1_83' title="bbox 2026 2199 3614 2269; baseline 0.007 -16"><span class='ocrx_word' id='word_1_618' title='bbox 2026 2199 2463 2254; x_wconf 82' lang='grc' dir='ltr'>Μανθανέτωσαν</span> <span class='ocrx_word' id='word_1_619' title='bbox 2485 2201 2670 2254; x_wconf 90' lang='grc' dir='ltr'>τοίνυν</span> <span class='ocrx_word' id='word_1_620' title='bbox 2693 2200 2866 2255; x_wconf 90' lang='grc' dir='ltr'>ταῦτα</span> <span class='ocrx_word' id='word_1_621' title='bbox 2910 2204 3171 2269; x_wconf 83' lang='grc' dir='ltr'>κάκεῖνοι,</span> <span class='ocrx_word' id='word_1_622' title='bbox 3205 2205 3293 2260; x_wconf 82' lang='grc' dir='ltr'>ἵνα</span> <span class='ocrx_word' id='word_1_623' title='bbox 3335 2208 3431 2262; x_wconf 79' lang='grc' dir='ltr'>καὶ</span> <span class='ocrx_word' id='word_1_624' title='bbox 3459 2211 3614 2264; x_wconf 77' lang='grc' dir='ltr'>αὐτοὶ</span> 
     </span>
    </p>
   </div>
   <div class='ocr_carea' id='block_1_84' title="bbox 2025 2290 3615 2367">
    <p class='ocr_par' dir='ltr' id='par_1_84' title="bbox 2025 2290 3615 2367">
     <span class='ocr_line' id='line_1_84' title="bbox 2025 2290 3615 2367; baseline 0.009 -23"><span class='ocrx_word' id='word_1_625' title='bbox 2025 2291 2169 2362; x_wconf 87' lang='grc' dir='ltr'>φίλοι</span> <span class='ocrx_word' id='word_1_626' title='bbox 2198 2293 2478 2361; x_wconf 89' lang='grc' dir='ltr'>γένωνται.</span> <span class='ocrx_word' id='word_1_627' title='bbox 2504 2290 2689 2360; x_wconf 72' lang='grc' dir='ltr'>Εἶπον,</span> <span class='ocrx_word' id='word_1_628' title='bbox 2717 2294 2800 2348; x_wconf 85' lang='grc' dir='ltr'>ὅτι</span> <span class='ocrx_word' id='word_1_629' title='bbox 2837 2296 2885 2348; x_wconf 88' lang='grc' dir='ltr'>εί</span> <span class='ocrx_word' id='word_1_630' title='bbox 2915 2295 3153 2367; x_wconf 82' lang='grc' dir='ltr'>ήκουσαν</span> <span class='ocrx_word' id='word_1_631' title='bbox 3177 2299 3225 2353; x_wconf 74' lang='lat' dir='ltr'>al</span> <span class='ocrx_word' id='word_1_632' title='bbox 3268 2300 3514 2355; x_wconf 79' lang='grc' dir='ltr'>Ἰουδαῖοι</span> <span class='ocrx_word' id='word_1_633' title='bbox 3543 2303 3615 2358; x_wconf 83' lang='grc' dir='ltr'>τὰ</span> 
     </span>
    </p>
   </div>
   <div class='ocr_carea' id='block_1_85' title="bbox 2026 2383 3613 2458">
    <p class='ocr_par' dir='ltr' id='par_1_85' title="bbox 2026 2383 3613 2458">
     <span class='ocr_line' id='line_1_85' title="bbox 2026 2383 3613 2458; baseline 0.009 -23"><span class='ocrx_word' id='word_1_634' title='bbox 2026 2383 2289 2451; x_wconf 83' lang='grc' dir='ltr'>μέλλοντα</span> <span class='ocrx_word' id='word_1_635' title='bbox 2339 2384 2537 2449; x_wconf 82' lang='grc' dir='ltr'>αὐτοὺς</span> <span class='ocrx_word' id='word_1_636' title='bbox 2585 2385 2997 2458; x_wconf 76' lang='grc' dir='ltr'>καταλήψεσθαι</span> <span class='ocrx_word' id='word_1_637' title='bbox 3045 2390 3224 2454; x_wconf 90' lang='grc' dir='ltr'>κακά,</span> <span class='ocrx_word' id='word_1_638' title='bbox 3276 2391 3372 2445; x_wconf 78' lang='grc' dir='ltr'>καὶ</span> <span class='ocrx_word' id='word_1_639' title='bbox 3415 2394 3499 2447; x_wconf 84' lang='grc' dir='ltr'>ὅτι</span> <span class='ocrx_word' id='word_1_640' title='bbox 3541 2394 3613 2449; x_wconf 79' lang='grc' dir='ltr'>τά</span> 
     </span>
    </p>
   </div>
   <div class='ocr_carea' id='block_1_86' title="bbox 2034 2472 3610 2554">
    <p class='ocr_par' dir='ltr' id='par_1_86' title="bbox 2034 2472 3610 2554">
     <span class='ocr_line' id='line_1_86' title="bbox 2034 2472 3610 2554; baseline 0.007 -26"><span class='ocrx_word' id='word_1_641' title='bbox 2034 2473 2380 2546; x_wconf 86' lang='grc' dir='ltr'>Ἱεροσόλυμα</span> <span class='ocrx_word' id='word_1_642' title='bbox 2425 2472 2694 2529; x_wconf 83' lang='grc' dir='ltr'>ἁλώσεται</span> <span class='ocrx_word' id='word_1_643' title='bbox 2739 2476 2827 2530; x_wconf 84' lang='grc' dir='ltr'>διὰ</span> <span class='ocrx_word' id='word_1_644' title='bbox 2858 2477 2949 2531; x_wconf 83' lang='grc' dir='ltr'>τὸν</span> <span class='ocrx_word' id='word_1_645' title='bbox 2995 2480 3233 2551; x_wconf 77' lang='grc' dir='ltr'>Χριστὸν</span> <span class='ocrx_word' id='word_1_646' title='bbox 3272 2483 3372 2554; x_wconf 79' lang='grc' dir='ltr'>τήν</span> <span class='ocrx_word' id='word_1_647' title='bbox 3410 2483 3610 2539; x_wconf 83' lang='grc' dir='ltr'>ἀλωσιν</span> 
     </span>
    </p>
   </div>
   <div class='ocr_carea' id='block_1_87' title="bbox 2021 2560 3611 2645">
    <p class='ocr_par' dir='ltr' id='par_1_87' title="bbox 2021 2560 3611 2645">
     <span class='ocr_line' id='line_1_87' title="bbox 2021 2560 3611 2645; baseline 0.008 -29"><span class='ocrx_word' id='word_1_648' title='bbox 2021 2563 2222 2635; x_wconf 84' lang='grc' dir='ltr'>ταύτην</span> <span class='ocrx_word' id='word_1_649' title='bbox 2248 2562 2348 2635; x_wconf 84' lang='grc' dir='ltr'>τὴν</span> <span class='ocrx_word' id='word_1_650' title='bbox 2374 2564 2665 2629; x_wconf 87' lang='grc' dir='ltr'>ἀθάνατον,</span> <span class='ocrx_word' id='word_1_651' title='bbox 2693 2565 2788 2619; x_wconf 61' lang='grc' dir='ltr'>καὶ⁹</span> <span class='ocrx_word' id='word_1_652' title='bbox 2814 2566 2918 2620; x_wconf 84' lang='grc' dir='ltr'>οὐκ</span> <span class='ocrx_word' id='word_1_653' title='bbox 2951 2566 3182 2638; x_wconf 77' lang='grc' dir='ltr'>ἔχουσαν</span> <span class='ocrx_word' id='word_1_654' title='bbox 3213 2560 3535 2645; x_wconf 81' lang='grc' dir='ltr'>μεταϐολήν,</span> <span class='ocrx_word' id='word_1_655' title='bbox 3562 2576 3611 2628; x_wconf 80' lang='grc' dir='ltr'>εί</span> 
     </span>
    </p>
   </div>
   <div class='ocr_carea' id='block_1_88' title="bbox 2022 2654 3610 2731">
    <p class='ocr_par' dir='ltr' id='par_1_88' title="bbox 2022 2654 3610 2731">
     <span class='ocr_line' id='line_1_88' title="bbox 2022 2654 3610 2731; baseline 0.007 -23"><span class='ocrx_word' id='word_1_656' title='bbox 2022 2654 2262 2725; x_wconf 73' lang='grc' dir='ltr'>ἥκουσαν</span> <span class='ocrx_word' id='word_1_657' title='bbox 2308 2655 2556 2726; x_wconf 86' lang='grc' dir='ltr'>φανερῶς</span> <span class='ocrx_word' id='word_1_658' title='bbox 2599 2655 2752 2727; x_wconf 81' lang='grc' dir='ltr'>παρὰ</span> <span class='ocrx_word' id='word_1_659' title='bbox 2789 2657 2898 2711; x_wconf 84' lang='grc' dir='ltr'>τῶν</span> <span class='ocrx_word' id='word_1_660' title='bbox 2935 2660 3230 2731; x_wconf 82' lang='grc' dir='ltr'>προφητῶν</span> <span class='ocrx_word' id='word_1_661' title='bbox 3271 2660 3479 2728; x_wconf 87' lang='grc' dir='ltr'>ταῦτα,</span> <span class='ocrx_word' id='word_1_662' title='bbox 3519 2666 3610 2719; x_wconf 87' lang='grc' dir='ltr'>εὐ-</span> 
     </span>
    </p>
   </div>
   <div class='ocr_carea' id='block_1_89' title="bbox 2025 2745 3608 2817">
    <p class='ocr_par' dir='ltr' id='par_1_89' title="bbox 2025 2745 3608 2817">
     <span class='ocr_line' id='line_1_89' title="bbox 2025 2745 3608 2817; baseline 0.006 -16"><span class='ocrx_word' id='word_1_663' title='bbox 2025 2745 2161 2810; x_wconf 85' lang='grc' dir='ltr'>θέως</span> <span class='ocrx_word' id='word_1_664' title='bbox 2184 2746 2250 2801; x_wconf 83' lang='grc' dir='ltr'>ἂν</span> <span class='ocrx_word' id='word_1_665' title='bbox 2280 2748 2409 2811; x_wconf 78' lang='grc' dir='ltr'>τοὺς</span> <span class='ocrx_word' id='word_1_666' title='bbox 2449 2749 2623 2802; x_wconf 86' lang='grc' dir='ltr'>ταῦτα</span> <span class='ocrx_word' id='word_1_667' title='bbox 2651 2748 2907 2817; x_wconf 85' lang='grc' dir='ltr'>λέγοντας</span> <span class='ocrx_word' id='word_1_668' title='bbox 2933 2750 3281 2807; x_wconf 87' lang='grc' dir='ltr'>ἀπέκτειναν.</span> <span class='ocrx_word' id='word_1_669' title='bbox 3315 2754 3486 2810; x_wconf 78' lang='grc' dir='ltr'>Πόθεν</span> <span class='ocrx_word' id='word_1_670' title='bbox 3514 2751 3608 2810; x_wconf 80' lang='grc' dir='ltr'>οὖν</span> 
     </span>
    </p>
   </div>
   <div class='ocr_carea' id='block_1_90' title="bbox 2023 2840 3604 2916">
    <p class='ocr_par' dir='ltr' id='par_1_90' title="bbox 2023 2840 3604 2916">
     <span class='ocr_line' id='line_1_90' title="bbox 2023 2840 3604 2916; baseline 0.004 -23"><span class='ocrx_word' id='word_1_671' title='bbox 2023 2840 2180 2894; x_wconf 89' lang='grc' dir='ltr'>τοῦτο</span> <span class='ocrx_word' id='word_1_672' title='bbox 2206 2840 2393 2911; x_wconf 81' lang='grc' dir='ltr'>δῆλον;</span> <span class='ocrx_word' id='word_1_673' title='bbox 2428 2842 2651 2912; x_wconf 88' lang='grc' dir='ltr'>Πρῶτον</span> <span class='ocrx_word' id='word_1_674' title='bbox 2701 2843 2799 2912; x_wconf 83' lang='grc' dir='ltr'>μὲν</span> <span class='ocrx_word' id='word_1_675' title='bbox 2837 2842 2947 2896; x_wconf 81' lang='grc' dir='ltr'>ἀπὸ</span> <span class='ocrx_word' id='word_1_676' title='bbox 2984 2842 3094 2897; x_wconf 87' lang='grc' dir='ltr'>τῶν</span> <span class='ocrx_word' id='word_1_677' title='bbox 3139 2845 3358 2916; x_wconf 87' lang='grc' dir='ltr'>τρόπων</span> <span class='ocrx_word' id='word_1_678' title='bbox 3389 2847 3570 2902; x_wconf 87' lang='grc' dir='ltr'>αὐτῶν</span> <span class='ocrx_word' id='word_1_679' title='bbox 3591 2865 3604 2878; x_wconf 82' lang='grc'><em>’</em></span> 
     </span>
    </p>
   </div>
   <div class='ocr_carea' id='block_1_91' title="bbox 2025 2929 3609 3010">
    <p class='ocr_par' dir='ltr' id='par_1_91' title="bbox 2025 2929 3609 3010">
     <span class='ocr_line' id='line_1_91' title="bbox 2025 2929 3609 3010; baseline 0.005 -25"><span class='ocrx_word' id='word_1_680' title='bbox 2025 2933 2242 3004; x_wconf 72' lang='grc' dir='ltr'>μανικοὶ</span> <span class='ocrx_word' id='word_1_681' title='bbox 2265 2932 2374 3006; x_wconf 83' lang='grc' dir='ltr'>γὰρ</span> <span class='ocrx_word' id='word_1_682' title='bbox 2403 2934 2498 2988; x_wconf 58' lang='grc' dir='ltr'>καὶ⁸</span> <span class='ocrx_word' id='word_1_683' title='bbox 2537 2933 2821 3007; x_wconf 85' lang='grc' dir='ltr'>θηριώδεις</span> <span class='ocrx_word' id='word_1_684' title='bbox 2863 2929 3023 3006; x_wconf 76' lang='grc' dir='ltr'>ἦσαν.</span> <span class='ocrx_word' id='word_1_685' title='bbox 3050 2935 3231 3006; x_wconf 79' lang='grc' dir='ltr'>Δήμός</span> <span class='ocrx_word' id='word_1_686' title='bbox 3261 2939 3408 2991; x_wconf 82' lang='grc' dir='ltr'>ἐστιν</span> <span class='ocrx_word' id='word_1_687' title='bbox 3438 2939 3609 3010; x_wconf 83' lang='grc' dir='ltr'>αίμά-</span> 
     </span>
    </p>
   </div>
   <div class='ocr_carea' id='block_1_92' title="bbox 2023 3022 3609 3098">
    <p class='ocr_par' dir='ltr' id='par_1_92' title="bbox 2023 3022 3609 3098">
     <span class='ocr_line' id='line_1_92' title="bbox 2023 3022 3609 3098; baseline 0.005 -23"><span class='ocrx_word' id='word_1_688' title='bbox 2023 3039 2132 3076; x_wconf 86' lang='grc' dir='ltr'>των</span> <span class='ocrx_word' id='word_1_689' title='bbox 2159 3022 2245 3077; x_wconf 79' lang='grc' dir='ltr'>ἀεὶ</span> <span class='ocrx_word' id='word_1_690' title='bbox 2286 3023 2456 3093; x_wconf 64' lang='grc' dir='ltr'>διφῶν</span> <span class='ocrx_word' id='word_1_691' title='bbox 2487 3023 2864 3096; x_wconf 86' lang='grc' dir='ltr'>προφητικῶν,</span> <span class='ocrx_word' id='word_1_692' title='bbox 2897 3026 2953 3077; x_wconf 87' lang='grc' dir='ltr'>αἱ</span> <span class='ocrx_word' id='word_1_693' title='bbox 2982 3026 3174 3096; x_wconf 83' lang='grc' dir='ltr'>,χεῖρες</span> <span class='ocrx_word' id='word_1_694' title='bbox 3202 3025 3382 3080; x_wconf 85' lang='grc' dir='ltr'>αὐτῶν</span> <span class='ocrx_word' id='word_1_695' title='bbox 3414 3027 3609 3098; x_wconf 81' lang='grc' dir='ltr'>ἐμελέ-</span> 
     </span>
    </p>
   </div>
   <div class='ocr_carea' id='block_1_93' title="bbox 2021 3117 3609 3193">
    <p class='ocr_par' dir='ltr' id='par_1_93' title="bbox 2021 3117 3609 3193">
     <span class='ocr_line' id='line_1_93' title="bbox 2021 3117 3609 3193; baseline 0.003 -23"><span class='ocrx_word' id='word_1_696' title='bbox 2021 3132 2194 3187; x_wconf 90' lang='grc' dir='ltr'>τησαν</span> <span class='ocrx_word' id='word_1_697' title='bbox 2234 3117 2292 3171; x_wconf 84' lang='grc' dir='ltr'>ἐν</span> <span class='ocrx_word' id='word_1_698' title='bbox 2327 3120 2446 3182; x_wconf 88' lang='grc' dir='ltr'>ταῖς</span> <span class='ocrx_word' id='word_1_699' title='bbox 2484 3121 2722 3187; x_wconf 89' lang='grc' dir='ltr'>σφαγαῖς</span> <span class='ocrx_word' id='word_1_700' title='bbox 2759 3117 2867 3172; x_wconf 90' lang='grc' dir='ltr'>τῶν</span> <span class='ocrx_word' id='word_1_701' title='bbox 2912 3118 3100 3187; x_wconf 89' lang='grc' dir='ltr'>ἀγίων.</span> <span class='ocrx_word' id='word_1_702' title='bbox 3141 3118 3327 3173; x_wconf 86' lang='grc' dir='ltr'>Ταῦτα</span> <span class='ocrx_word' id='word_1_703' title='bbox 3361 3122 3390 3173; x_wconf 88' lang='grc' dir='ltr'>ὁ</span> <span class='ocrx_word' id='word_1_704' title='bbox 3432 3123 3609 3193; x_wconf 79' lang='grc' dir='ltr'>μέγας</span> 
     </span>
    </p>
   </div>
   <div class='ocr_carea' id='block_1_94' title="bbox 2035 3209 3607 3287">
    <p class='ocr_par' dir='ltr' id='par_1_94' title="bbox 2035 3209 3607 3287">
     <span class='ocr_line' id='line_1_94' title="bbox 2035 3209 3607 3287; baseline 0.004 -24"><span class='ocrx_word' id='word_1_705' title='bbox 2035 3209 2223 3275; x_wconf 84' lang='grc' dir='ltr'>Ἠλίας</span> <span class='ocrx_word' id='word_1_706' title='bbox 2252 3211 2433 3265; x_wconf 89' lang='grc' dir='ltr'>αὐτῶν</span> <span class='ocrx_word' id='word_1_707' title='bbox 2477 3211 2723 3283; x_wconf 78' lang='grc' dir='ltr'>καταϐοᾷ</span> <span class='ocrx_word' id='word_1_708' title='bbox 2753 3211 2959 3280; x_wconf 76' lang='grc' dir='ltr'>λέγων’</span> <span class='ocrx_word' id='word_1_709' title='bbox 2983 3214 3179 3281; x_wconf 84' lang='grc' dir='ltr'>Κύριε,</span> <span class='ocrx_word' id='word_1_710' title='bbox 3207 3213 3352 3281; x_wconf 81' lang='grc' dir='ltr'>τοὺς</span> <span class='ocrx_word' id='word_1_711' title='bbox 3378 3217 3607 3287; x_wconf 65' lang='grc' dir='ltr'>προφή-</span> 
     </span>
    </p>
   </div>
   <div class='ocr_carea' id='block_1_95' title="bbox 2022 3300 3607 3375">
    <p class='ocr_par' dir='ltr' id='par_1_95' title="bbox 2022 3300 3607 3375">
     <span class='ocr_line' id='line_1_95' title="bbox 2022 3300 3607 3375; baseline 0.004 -20"><span class='ocrx_word' id='word_1_712' title='bbox 2022 3318 2130 3367; x_wconf 81' lang='grc' dir='ltr'>τας</span> <span class='ocrx_word' id='word_1_713' title='bbox 2164 3317 2287 3356; x_wconf 86' lang='grc' dir='ltr'>σου</span> <span class='ocrx_word' id='word_1_714' title='bbox 2333 3301 2714 3367; x_wconf 79' lang='grc' dir='ltr'>ἀπέκτειναν,</span> <span class='ocrx_word' id='word_1_715' title='bbox 2755 3300 2829 3356; x_wconf 82' lang='grc' dir='ltr'>τὰ</span> <span class='ocrx_word' id='word_1_716' title='bbox 2871 3303 3267 3375; x_wconf 75' lang='grc' dir='ltr'>θυσιαστήριὰ</span> <span class='ocrx_word' id='word_1_717' title='bbox 3313 3321 3433 3364; x_wconf 83' lang='grc' dir='ltr'>σον</span> <span class='ocrx_word' id='word_1_718' title='bbox 3469 3323 3607 3362; x_wconf 81' lang='grc' dir='ltr'>κατ-</span> 
     </span>
    </p>
   </div>
   <div class='ocr_carea' id='block_1_96' title="bbox 2019 3393 3606 3470">
    <p class='ocr_par' dir='ltr' id='par_1_96' title="bbox 2019 3393 3606 3470">
     <span class='ocr_line' id='line_1_96' title="bbox 2019 3393 3606 3470; baseline 0.005 -22"><span class='ocrx_word' id='word_1_719' title='bbox 2019 3393 2322 3463; x_wconf 74' lang='grc' dir='ltr'>έσκαψαν.</span> <span class='ocrx_word' id='word_1_720' title='bbox 2362 3393 2420 3448; x_wconf 86' lang='grc'>’0</span> <span class='ocrx_word' id='word_1_721' title='bbox 2462 3395 2698 3469; x_wconf 81' lang='grc' dir='ltr'>Χριστὸς</span> <span class='ocrx_word' id='word_1_722' title='bbox 2730 3396 2915 3462; x_wconf 88' lang='grc' dir='ltr'>πάλιν,</span> <span class='ocrx_word' id='word_1_723' title='bbox 2949 3398 3357 3470; x_wconf 74' lang='grc' dir='ltr'>Ἰερουσαλὴμ.</span> <span class='ocrx_word' id='word_1_724' title='bbox 3396 3399 3606 3468; x_wconf 82' lang='grc' dir='ltr'>Ἰερου-</span> 
     </span>
    </p>
   </div>
   <div class='ocr_carea' id='block_1_97' title="bbox 2020 3486 3606 3561">
    <p class='ocr_par' dir='ltr' id='par_1_97' title="bbox 2020 3486 3606 3561">
     <span class='ocr_line' id='line_1_97' title="bbox 2020 3486 3606 3561; baseline 0.003 -20"><span class='ocrx_word' id='word_1_725' title='bbox 2020 3486 2248 3556; x_wconf 74' lang='grc' dir='ltr'>σαλὴμ,</span> <span class='ocrx_word' id='word_1_726' title='bbox 2278 3488 2318 3556; x_wconf 73' lang='grc' dir='ltr'>ἡ</span> <span class='ocrx_word' id='word_1_727' title='bbox 2349 3487 2762 3544; x_wconf 82' lang='grc' dir='ltr'>ἀποκτείνασα</span> <span class='ocrx_word' id='word_1_728' title='bbox 2784 3490 2925 3557; x_wconf 80' lang='grc' dir='ltr'>τοὺς</span> <span class='ocrx_word' id='word_1_729' title='bbox 2955 3492 3286 3561; x_wconf 54' lang='grc' dir='ltr'>προφήτας,</span> <span class='ocrx_word' id='word_1_730' title='bbox 3318 3492 3418 3547; x_wconf 82' lang='grc' dir='ltr'>καί</span> <span class='ocrx_word' id='word_1_731' title='bbox 3445 3498 3606 3549; x_wconf 78' lang='grc' dir='ltr'>λιθο-</span> 
     </span>
    </p>
   </div>
   <div class='ocr_carea' id='block_1_98' title="bbox 2021 3564 3605 3651">
    <p class='ocr_par' dir='ltr' id='par_1_98' title="bbox 2021 3564 3605 3651">
     <span class='ocr_line' id='line_1_98' title="bbox 2021 3564 3605 3651; baseline 0.003 -20"><span class='ocrx_word' id='word_1_732' title='bbox 2021 3577 2288 3632; x_wconf 74' lang='grc' dir='ltr'>ϐολοῦσα</span> <span class='ocrx_word' id='word_1_733' title='bbox 2312 3577 2453 3643; x_wconf 84' lang='grc' dir='ltr'>τοὺς</span> <span class='ocrx_word' id='word_1_734' title='bbox 2488 3564 2986 3649; x_wconf 67' lang='grc' dir='ltr'>ἀπεσταλμένους</span> <span class='ocrx_word' id='word_1_735' title='bbox 3012 3581 3162 3650; x_wconf 73' lang='grc' dir='ltr'>πρὸς</span> <span class='ocrx_word' id='word_1_736' title='bbox 3192 3581 3405 3651; x_wconf 78' lang='grc' dir='ltr'>αὑτήν.</span> <span class='ocrx_word' id='word_1_737' title='bbox 3438 3584 3549 3637; x_wconf 77' lang='grc' dir='ltr'>Καὶ</span> <span class='ocrx_word' id='word_1_738' title='bbox 3579 3585 3605 3635; x_wconf 84' lang='lat'>6</span> 
     </span>
    </p>
   </div>
   <div class='ocr_carea' id='block_1_99' title="bbox 2030 3660 3605 3746">
    <p class='ocr_par' dir='ltr' id='par_1_99' title="bbox 2030 3660 3605 3746">
     <span class='ocr_line' id='line_1_99' title="bbox 2030 3660 3605 3746; baseline 0.006 -25"><span class='ocrx_word' id='word_1_739' title='bbox 2030 3668 2257 3734; x_wconf 77' lang='grc' dir='ltr'>Ἡσαΐας</span> <span class='ocrx_word' id='word_1_740' title='bbox 2291 3669 2502 3742; x_wconf 83' lang='grc' dir='ltr'>συνῳδά</span> <span class='ocrx_word' id='word_1_741' title='bbox 2531 3671 2741 3736; x_wconf 88' lang='grc' dir='ltr'>τούτοις</span> <span class='ocrx_word' id='word_1_742' title='bbox 2769 3672 2951 3727; x_wconf 80' lang='grc' dir='ltr'>αὐτῶν</span> <span class='ocrx_word' id='word_1_743' title='bbox 2980 3660 3325 3746; x_wconf 82' lang='grc' dir='ltr'>κατηγορῶν,</span> <span class='ocrx_word' id='word_1_744' title='bbox 3353 3675 3511 3730; x_wconf 84' lang='grc' dir='ltr'>ἐϐόα’</span> <span class='ocrx_word' id='word_1_745' title='bbox 3536 3678 3605 3730; x_wconf 72' lang='lat' dir='ltr'>Al</span> 
     </span>
    </p>
   </div>
   <div class='ocr_carea' id='block_1_100' title="bbox 2019 3760 3605 3839">
    <p class='ocr_par' dir='ltr' id='par_1_100' title="bbox 2019 3760 3605 3839">
     <span class='ocr_line' id='line_1_100' title="bbox 2019 3760 3605 3839; baseline 0.004 -24"><span class='ocrx_word' id='word_1_746' title='bbox 2019 3760 2213 3831; x_wconf 83' lang='grc' dir='ltr'>χεῖρες</span> <span class='ocrx_word' id='word_1_747' title='bbox 2248 3760 2417 3831; x_wconf 82' lang='grc' dir='ltr'>ὑμῶν</span> <span class='ocrx_word' id='word_1_748' title='bbox 2453 3764 2703 3833; x_wconf 80' lang='grc' dir='ltr'>αἵματος</span> <span class='ocrx_word' id='word_1_749' title='bbox 2735 3763 3005 3832; x_wconf 73' lang='grc' dir='ltr'>πλήρεις.</span> <span class='ocrx_word' id='word_1_750' title='bbox 3050 3767 3160 3819; x_wconf 82' lang='grc' dir='ltr'>Καὶ</span> <span class='ocrx_word' id='word_1_751' title='bbox 3193 3765 3357 3820; x_wconf 88' lang='grc' dir='ltr'>πάλιν</span> <span class='ocrx_word' id='word_1_752' title='bbox 3387 3768 3418 3821; x_wconf 91' lang='lat'>6</span> <span class='ocrx_word' id='word_1_753' title='bbox 3466 3768 3605 3839; x_wconf 79' lang='grc' dir='ltr'>Χρι-</span> 
     </span>
    </p>
   </div>
   <div class='ocr_carea' id='block_1_101' title="bbox 2021 3855 3603 3930">
    <p class='ocr_par' dir='ltr' id='par_1_101' title="bbox 2021 3855 3603 3930">
     <span class='ocr_line' id='line_1_101' title="bbox 2021 3855 3603 3930; baseline 0.003 -23"><span class='ocrx_word' id='word_1_754' title='bbox 2021 3855 2144 3918; x_wconf 87' lang='grc' dir='ltr'>στός</span> <span class='ocrx_word' id='word_1_755' title='bbox 2165 3869 2180 3887; x_wconf 78' lang='grc' dir='ltr'><strong>ο</strong></span> <span class='ocrx_word' id='word_1_756' title='bbox 2218 3858 2282 3909; x_wconf 75' lang='lat' dir='ltr'>Ol</span> <span class='ocrx_word' id='word_1_757' title='bbox 2321 3856 2572 3923; x_wconf 80' lang='grc' dir='ltr'>πατέρες</span> <span class='ocrx_word' id='word_1_758' title='bbox 2607 3855 2775 3927; x_wconf 76' lang='grc' dir='ltr'>ὑμῶν</span> <span class='ocrx_word' id='word_1_759' title='bbox 2809 3858 3168 3913; x_wconf 74' lang='grc' dir='ltr'>ἀπέκτειναν</span> <span class='ocrx_word' id='word_1_760' title='bbox 3200 3859 3343 3926; x_wconf 86' lang='grc' dir='ltr'>τοὺς</span> <span class='ocrx_word' id='word_1_761' title='bbox 3374 3857 3603 3930; x_wconf 63' lang='grc' dir='ltr'>προφή-</span> 
     </span>
    </p>
   </div>
   <div class='ocr_carea' id='block_1_102' title="bbox 2018 3943 3603 4020">
    <p class='ocr_par' dir='ltr' id='par_1_102' title="bbox 2018 3943 3603 4020">
     <span class='ocr_line' id='line_1_102' title="bbox 2018 3943 3603 4020; baseline 0.004 -23"><span class='ocrx_word' id='word_1_762' title='bbox 2018 3961 2149 4010; x_wconf 82' lang='grc' dir='ltr'>τας,</span> <span class='ocrx_word' id='word_1_763' title='bbox 2186 3944 2355 4013; x_wconf 78' lang='grc' dir='ltr'>ὑμεῖς</span> <span class='ocrx_word' id='word_1_764' title='bbox 2400 3943 2471 3997; x_wconf 83' lang='grc' dir='ltr'>δὲ</span> <span class='ocrx_word' id='word_1_765' title='bbox 2515 3947 2877 4017; x_wconf 71' lang='grc' dir='ltr'>οἰκοδομεῖτε</span> <span class='ocrx_word' id='word_1_766' title='bbox 2920 3949 2994 4003; x_wconf 84' lang='grc' dir='ltr'>τὰ</span> <span class='ocrx_word' id='word_1_767' title='bbox 3037 3949 3321 4020; x_wconf 81' lang='grc' dir='ltr'>μνήματα</span> <span class='ocrx_word' id='word_1_768' title='bbox 3366 3948 3603 4006; x_wconf 69' lang='grc' dir='ltr'>αὐτῶνθ</span> 
     </span>
    </p>
   </div>
   <div class='ocr_carea' id='block_1_103' title="bbox 2020 4035 3602 4112">
    <p class='ocr_par' dir='ltr' id='par_1_103' title="bbox 2020 4035 3602 4112">
     <span class='ocr_line' id='line_1_103' title="bbox 2020 4035 3602 4112; baseline 0.009 -23"><span class='ocrx_word' id='word_1_769' title='bbox 2020 4035 2377 4105; x_wconf 74' lang='grc' dir='ltr'>πληρώσατε</span> <span class='ocrx_word' id='word_1_770' title='bbox 2399 4035 2470 4091; x_wconf 84' lang='grc' dir='ltr'>τὸ</span> <span class='ocrx_word' id='word_1_771' title='bbox 2496 4037 2719 4107; x_wconf 76' lang='grc' dir='ltr'>μέτρον</span> <span class='ocrx_word' id='word_1_772' title='bbox 2756 4038 2874 4094; x_wconf 82' lang='grc' dir='ltr'>τῶν</span> <span class='ocrx_word' id='word_1_773' title='bbox 2908 4041 3181 4108; x_wconf 80' lang='grc' dir='ltr'>πατέρων</span> <span class='ocrx_word' id='word_1_774' title='bbox 3210 4041 3397 4111; x_wconf 82' lang='grc' dir='ltr'>ὑμῶν.</span> <span class='ocrx_word' id='word_1_775' title='bbox 3439 4042 3498 4095; x_wconf 84' lang='grc' dir='ltr'>Ὀ</span> <span class='ocrx_word' id='word_1_776' title='bbox 3507 4041 3602 4112; x_wconf 76' lang='grc' dir='ltr'>ρᾷς</span> 
     </span>
    </p>
   </div>
   <div class='ocr_carea' id='block_1_104' title="bbox 2019 4122 3604 4201">
    <p class='ocr_par' dir='ltr' id='par_1_104' title="bbox 2019 4122 3604 4201">
     <span class='ocr_line' id='line_1_104' title="bbox 2019 4122 3604 4201; baseline 0 -19"><span class='ocrx_word' id='word_1_777' title='bbox 2019 4127 2137 4194; x_wconf 86' lang='grc' dir='ltr'>πῶς</span> <span class='ocrx_word' id='word_1_778' title='bbox 2173 4128 2266 4182; x_wconf 74' lang='grc' dir='ltr'>καὶ</span> <span class='ocrx_word' id='word_1_779' title='bbox 2292 4130 2321 4182; x_wconf 93' lang='lat'>6</span> <span class='ocrx_word' id='word_1_780' title='bbox 2344 4128 2622 4198; x_wconf 87' lang='grc' dir='ltr'>Δεσπότης</span> <span class='ocrx_word' id='word_1_781' title='bbox 2653 4122 2747 4183; x_wconf 72' lang='grc' dir='ltr'>καὶ</span> <span class='ocrx_word' id='word_1_782' title='bbox 2776 4132 2825 4183; x_wconf 79' lang='grc' dir='ltr'>οἱ</span> <span class='ocrx_word' id='word_1_783' title='bbox 2853 4130 3030 4184; x_wconf 81' lang='grc' dir='ltr'>δοῦλοι</span> <span class='ocrx_word' id='word_1_784' title='bbox 3073 4132 3383 4201; x_wconf 87' lang='grc' dir='ltr'>μιαιφονίαν</span> <span class='ocrx_word' id='word_1_785' title='bbox 3423 4131 3604 4185; x_wconf 86' lang='grc' dir='ltr'>αὐτῶν</span> 
     </span>
    </p>
   </div>
   <div class='ocr_carea' id='block_1_105' title="bbox 2021 4218 3606 4293">
    <p class='ocr_par' dir='ltr' id='par_1_105' title="bbox 2021 4218 3606 4293">
     <span class='ocr_line' id='line_1_105' title="bbox 2021 4218 3606 4293; baseline 0.003 -21"><span class='ocrx_word' id='word_1_786' title='bbox 2021 4218 2390 4291; x_wconf 88' lang='grc' dir='ltr'>μαρτυροῦσι;</span> <span class='ocrx_word' id='word_1_787' title='bbox 2437 4220 2504 4274; x_wconf 88' lang='grc' dir='ltr'>Τί</span> <span class='ocrx_word' id='word_1_788' title='bbox 2556 4219 2615 4275; x_wconf 85' lang='grc' dir='ltr'>δέ</span> <span class='ocrx_word' id='word_1_789' title='bbox 2656 4223 2805 4275; x_wconf 83' lang='grc' dir='ltr'>ἐστι·</span> <span class='ocrx_word' id='word_1_790' title='bbox 2852 4219 3219 4289; x_wconf 74' lang='grc' dir='ltr'>Πληρὼσατε</span> <span class='ocrx_word' id='word_1_791' title='bbox 3268 4222 3338 4277; x_wconf 86' lang='grc' dir='ltr'>τὸ</span> <span class='ocrx_word' id='word_1_792' title='bbox 3382 4220 3606 4293; x_wconf 78' lang='grc' dir='ltr'>μέτρον</span> 
     </span>
    </p>
   </div>
   <div class='ocr_carea' id='block_1_106' title="bbox 2017 4307 3601 4387">
    <p class='ocr_par' dir='ltr' id='par_1_106' title="bbox 2017 4307 3601 4387">
     <span class='ocr_line' id='line_1_106' title="bbox 2017 4307 3601 4387; baseline 0.003 -23"><span class='ocrx_word' id='word_1_793' title='bbox 2017 4307 2139 4365; x_wconf 81' lang='grc' dir='ltr'>τῶν</span> <span class='ocrx_word' id='word_1_794' title='bbox 2188 4310 2459 4380; x_wconf 71' lang='grc' dir='ltr'>πατέρων</span> <span class='ocrx_word' id='word_1_795' title='bbox 2510 4311 2707 4382; x_wconf 82' lang='grc' dir='ltr'>ὑμῶν;</span> <span class='ocrx_word' id='word_1_796' title='bbox 2765 4311 2914 4385; x_wconf 73' lang='grc'>[175]</span> <span class='ocrx_word' id='word_1_797' title='bbox 2960 4308 3372 4380; x_wconf 84' lang='grc' dir='ltr'>Ἀποκτείνατε,</span> <span class='ocrx_word' id='word_1_798' title='bbox 3432 4315 3601 4387; x_wconf 74' lang='grc' dir='ltr'>φησὶ,</span> 
     </span>
    </p>
   </div>
   <div class='ocr_carea' id='block_1_107' title="bbox 2016 4404 3601 4482">
    <p class='ocr_par' dir='ltr' id='par_1_107' title="bbox 2016 4404 3601 4482">
     <span class='ocr_line' id='line_1_107' title="bbox 2016 4404 3601 4482; baseline 0.003 -23"><span class='ocrx_word' id='word_1_799' title='bbox 2016 4404 2192 4477; x_wconf 81' lang='grc' dir='ltr'>κάμέ’</span> <span class='ocrx_word' id='word_1_800' title='bbox 2234 4405 2497 4476; x_wconf 87' lang='grc' dir='ltr'>πρόσθετε</span> <span class='ocrx_word' id='word_1_801' title='bbox 2538 4409 2653 4472; x_wconf 87' lang='grc' dir='ltr'>τοῖς</span> <span class='ocrx_word' id='word_1_802' title='bbox 2677 4407 2946 4474; x_wconf 85' lang='grc' dir='ltr'>δουλικοῖς</span> <span class='ocrx_word' id='word_1_803' title='bbox 2974 4408 3168 4480; x_wconf 76' lang='grc' dir='ltr'>αἵμασι</span> <span class='ocrx_word' id='word_1_804' title='bbox 3209 4408 3309 4482; x_wconf 80' lang='grc' dir='ltr'>τήν</span> <span class='ocrx_word' id='word_1_805' title='bbox 3349 4409 3601 4464; x_wconf 88' lang='grc' dir='ltr'>δεσποτι-</span> 
     </span>
    </p>
   </div>
   <div class='ocr_carea' id='block_1_108' title="bbox 2016 4498 3596 4575">
    <p class='ocr_par' dir='ltr' id='par_1_108' title="bbox 2016 4498 3596 4575">
     <span class='ocr_line' id='line_1_108' title="bbox 2016 4498 3596 4575; baseline 0.004 -24"><span class='ocrx_word' id='word_1_806' title='bbox 2016 4498 2119 4570; x_wconf 86' lang='grc' dir='ltr'>κὴν</span> <span class='ocrx_word' id='word_1_807' title='bbox 2163 4500 2400 4571; x_wconf 88' lang='grc' dir='ltr'>σφαγήν.</span> <span class='ocrx_word' id='word_1_808' title='bbox 2436 4501 2500 4554; x_wconf 70' lang='lat' dir='ltr'>El</span> <span class='ocrx_word' id='word_1_809' title='bbox 2542 4500 2651 4573; x_wconf 80' lang='grc' dir='ltr'>γὰρ</span> <span class='ocrx_word' id='word_1_810' title='bbox 2681 4501 2912 4573; x_wconf 86' lang='grc' dir='ltr'>μυρίους</span> <span class='ocrx_word' id='word_1_811' title='bbox 2958 4499 3200 4571; x_wconf 74' lang='grc' dir='ltr'>ἔσφαξαν</span> <span class='ocrx_word' id='word_1_812' title='bbox 3240 4501 3596 4575; x_wconf 81' lang='grc' dir='ltr'>ἀνθρώπους,</span> 
     </span>
    </p>
   </div>
   <div class='ocr_carea' id='block_1_109' title="bbox 2014 4589 3597 4659">
    <p class='ocr_par' dir='ltr' id='par_1_109' title="bbox 2014 4589 3597 4659">
     <span class='ocr_line' id='line_1_109' title="bbox 2014 4589 3597 4659; baseline 0.003 -16"><span class='ocrx_word' id='word_1_813' title='bbox 2014 4589 2151 4644; x_wconf 88' lang='grc' dir='ltr'>ἀλλά</span> <span class='ocrx_word' id='word_1_814' title='bbox 2179 4591 2493 4657; x_wconf 85' lang='grc' dir='ltr'>συνδούλους</span> <span class='ocrx_word' id='word_1_815' title='bbox 2528 4594 2772 4659; x_wconf 83' lang='grc' dir='ltr'>πάντας’</span> <span class='ocrx_word' id='word_1_816' title='bbox 2800 4596 2887 4650; x_wconf 83' lang='grc' dir='ltr'>ὅτε</span> <span class='ocrx_word' id='word_1_817' title='bbox 2920 4592 2977 4648; x_wconf 84' lang='grc' dir='ltr'>δὲ</span> <span class='ocrx_word' id='word_1_818' title='bbox 3016 4593 3158 4649; x_wconf 84' lang='grc' dir='ltr'>κατὰ</span> <span class='ocrx_word' id='word_1_819' title='bbox 3193 4592 3289 4648; x_wconf 88' lang='grc' dir='ltr'>τοῦ</span> <span class='ocrx_word' id='word_1_820' title='bbox 3326 4596 3597 4650; x_wconf 86' lang='grc' dir='ltr'>Δεσπότου</span> 
     </span>
    </p>
   </div>
   <div class='ocr_carea' id='block_1_110' title="bbox 2012 4683 3599 4761">
    <p class='ocr_par' dir='ltr' id='par_1_110' title="bbox 2012 4683 3599 4761">
     <span class='ocr_line' id='line_1_110' title="bbox 2012 4683 3599 4761; baseline 0.003 -24"><span class='ocrx_word' id='word_1_821' title='bbox 2012 4683 2113 4747; x_wconf 80' lang='grc' dir='ltr'>τὰς</span> <span class='ocrx_word' id='word_1_822' title='bbox 2140 4687 2329 4757; x_wconf 87' lang='grc' dir='ltr'>χεῖρας</span> <span class='ocrx_word' id='word_1_823' title='bbox 2354 4685 2645 4753; x_wconf 78' lang='grc' dir='ltr'>ἐξέτειναν,</span> <span class='ocrx_word' id='word_1_824' title='bbox 2671 4686 2795 4743; x_wconf 85' lang='grc' dir='ltr'>τότε</span> <span class='ocrx_word' id='word_1_825' title='bbox 2830 4687 3124 4760; x_wconf 82' lang='grc' dir='ltr'>ἐπληρώθη</span> <span class='ocrx_word' id='word_1_826' title='bbox 3158 4687 3216 4741; x_wconf 84' lang='grc' dir='ltr'>τὸ</span> <span class='ocrx_word' id='word_1_827' title='bbox 3243 4689 3441 4761; x_wconf 86' lang='grc' dir='ltr'>μέτρον</span> <span class='ocrx_word' id='word_1_828' title='bbox 3461 4705 3476 4719; x_wconf 89' lang='grc'><strong>·</strong></span> <span class='ocrx_word' id='word_1_829' title='bbox 3504 4689 3599 4743; x_wconf 73' lang='grc' dir='ltr'>καὶ</span> 
     </span>
    </p>
   </div>
   <div class='ocr_carea' id='block_1_111' title="bbox 2011 4777 3601 4853">
    <p class='ocr_par' dir='ltr' id='par_1_111' title="bbox 2011 4777 3601 4853">
     <span class='ocr_line' id='line_1_111' title="bbox 2011 4777 3601 4853; baseline 0.003 -24"><span class='ocrx_word' id='word_1_830' title='bbox 2011 4777 2257 4843; x_wconf 74' lang='grc' dir='ltr'>εἰκότως.</span> <span class='ocrx_word' id='word_1_831' title='bbox 2284 4778 2428 4844; x_wconf 82' lang='grc' dir='ltr'>Ἕως</span> <span class='ocrx_word' id='word_1_832' title='bbox 2472 4779 2572 4851; x_wconf 80' lang='grc' dir='ltr'>μὲν</span> <span class='ocrx_word' id='word_1_833' title='bbox 2609 4780 2715 4853; x_wconf 79' lang='grc' dir='ltr'>γὰρ</span> <span class='ocrx_word' id='word_1_834' title='bbox 2758 4781 2858 4834; x_wconf 78' lang='grc' dir='ltr'>οὐκ</span> <span class='ocrx_word' id='word_1_835' title='bbox 2890 4780 3221 4835; x_wconf 84' lang='grc' dir='ltr'>ἀπέκτειναν</span> <span class='ocrx_word' id='word_1_836' title='bbox 3268 4779 3359 4833; x_wconf 84' lang='grc' dir='ltr'>τὸν</span> <span class='ocrx_word' id='word_1_837' title='bbox 3393 4780 3601 4833; x_wconf 83' lang='grc' dir='ltr'>Δεσπό-</span> 
     </span>
    </p>
   </div>
   <div class='ocr_carea' id='block_1_112' title="bbox 2009 4866 3598 4945">
    <p class='ocr_par' dir='ltr' id='par_1_112' title="bbox 2009 4866 3598 4945">
     <span class='ocr_line' id='line_1_112' title="bbox 2009 4866 3598 4945; baseline 0.004 -23"><span class='ocrx_word' id='word_1_838' title='bbox 2009 4886 2132 4940; x_wconf 89' lang='grc' dir='ltr'>την,</span> <span class='ocrx_word' id='word_1_839' title='bbox 2180 4866 2327 4943; x_wconf 80' lang='grc' dir='ltr'>εἶχον</span> <span class='ocrx_word' id='word_1_840' title='bbox 2356 4872 2549 4927; x_wconf 86' lang='grc' dir='ltr'>ἐλπίδα</span> <span class='ocrx_word' id='word_1_841' title='bbox 2595 4873 2905 4945; x_wconf 80' lang='grc' dir='ltr'>σωτηρίας,</span> <span class='ocrx_word' id='word_1_842' title='bbox 2953 4874 3049 4927; x_wconf 77' lang='grc' dir='ltr'>καὶ</span> <span class='ocrx_word' id='word_1_843' title='bbox 3081 4871 3427 4943; x_wconf 88' lang='grc' dir='ltr'>προσεδόκων</span> <span class='ocrx_word' id='word_1_844' title='bbox 3456 4872 3538 4927; x_wconf 82' lang='grc' dir='ltr'>ὅτι</span> <span class='ocrx_word' id='word_1_845' title='bbox 3567 4875 3598 4928; x_wconf 94' lang='lat'>6</span> 
     </span>
    </p>
   </div>
   <div class='ocr_carea' id='block_1_113' title="bbox 2011 4960 3597 5035">
    <p class='ocr_par' dir='ltr' id='par_1_113' title="bbox 2011 4960 3597 5035">
     <span class='ocr_line' id='line_1_113' title="bbox 2011 4960 3597 5035; baseline 0.003 -21"><span class='ocrx_word' id='word_1_846' title='bbox 2011 4961 2181 5032; x_wconf 82' lang='grc' dir='ltr'>ἀμνὸς</span> <span class='ocrx_word' id='word_1_847' title='bbox 2219 4961 2315 5016; x_wconf 87' lang='grc' dir='ltr'>τοῦ</span> <span class='ocrx_word' id='word_1_848' title='bbox 2362 4962 2497 5016; x_wconf 87' lang='grc' dir='ltr'>Θεοῦ</span> <span class='ocrx_word' id='word_1_849' title='bbox 2532 4962 2703 5018; x_wconf 86' lang='grc' dir='ltr'>ἐλθὼν</span> <span class='ocrx_word' id='word_1_850' title='bbox 2742 4965 2866 5035; x_wconf 86' lang='grc' dir='ltr'>ἀρεῖ</span> <span class='ocrx_word' id='word_1_851' title='bbox 2910 4962 3012 5034; x_wconf 79' lang='grc' dir='ltr'>τὴν</span> <span class='ocrx_word' id='word_1_852' title='bbox 3058 4960 3334 5034; x_wconf 87' lang='grc' dir='ltr'>ἁμαρτίαν</span> <span class='ocrx_word' id='word_1_853' title='bbox 3376 4961 3472 5018; x_wconf 89' lang='grc' dir='ltr'>τοῦ</span> <span class='ocrx_word' id='word_1_854' title='bbox 3503 4965 3597 5019; x_wconf 88' lang='grc' dir='ltr'>κό-</span> 
     </span>
    </p>
   </div>
   <div class='ocr_carea' id='block_1_114' title="bbox 2013 5040 3597 5128">
    <p class='ocr_par' dir='ltr' id='par_1_114' title="bbox 2013 5040 3597 5128">
     <span class='ocr_line' id='line_1_114' title="bbox 2013 5040 3597 5128; baseline 0.004 -23"><span class='ocrx_word' id='word_1_855' title='bbox 2013 5069 2187 5123; x_wconf 88' lang='grc' dir='ltr'>σμου·</span> <span class='ocrx_word' id='word_1_856' title='bbox 2241 5053 2431 5126; x_wconf 79' lang='grc' dir='ltr'>ἐπειδὴ</span> <span class='ocrx_word' id='word_1_857' title='bbox 2467 5054 2525 5108; x_wconf 79' lang='grc' dir='ltr'>δέ</span> <span class='ocrx_word' id='word_1_858' title='bbox 2561 5054 2652 5107; x_wconf 84' lang='grc' dir='ltr'>τὸν</span> <span class='ocrx_word' id='word_1_859' title='bbox 2705 5040 2889 5128; x_wconf 79' lang='grc' dir='ltr'>ίατρδν</span> <span class='ocrx_word' id='word_1_860' title='bbox 2934 5054 3346 5126; x_wconf 85' lang='grc' dir='ltr'>διεχειρίσαντο,</span> <span class='ocrx_word' id='word_1_861' title='bbox 3382 5058 3479 5113; x_wconf 76' lang='grc' dir='ltr'>καὶ</span> <span class='ocrx_word' id='word_1_862' title='bbox 3513 5057 3597 5121; x_wconf 84' lang='grc' dir='ltr'>είς</span> 
     </span>
    </p>
   </div>
   <div class='ocr_carea' id='block_1_115' title="bbox 2010 5144 3596 5221">
    <p class='ocr_par' dir='ltr' id='par_1_115' title="bbox 2010 5144 3596 5221">
     <span class='ocr_line' id='line_1_115' title="bbox 2010 5144 3596 5221; baseline 0.003 -22"><span class='ocrx_word' id='word_1_863' title='bbox 2010 5145 2144 5200; x_wconf 86' lang='grc' dir='ltr'>αὐτὸ</span> <span class='ocrx_word' id='word_1_864' title='bbox 2169 5145 2230 5199; x_wconf 86' lang='grc' dir='ltr'>τὸ</span> <span class='ocrx_word' id='word_1_865' title='bbox 2259 5146 2570 5219; x_wconf 77' lang='grc' dir='ltr'>ἱλαστήριον</span> <span class='ocrx_word' id='word_1_866' title='bbox 2601 5144 2854 5218; x_wconf 74' lang='grc' dir='ltr'>ὕϐρισαν,</span> <span class='ocrx_word' id='word_1_867' title='bbox 2885 5147 2979 5201; x_wconf 77' lang='grc' dir='ltr'>καὶ</span> <span class='ocrx_word' id='word_1_868' title='bbox 3003 5147 3095 5202; x_wconf 86' lang='grc' dir='ltr'>τὸν</span> <span class='ocrx_word' id='word_1_869' title='bbox 3124 5147 3346 5205; x_wconf 81' lang='grc' dir='ltr'>ἐλθόντα</span> <span class='ocrx_word' id='word_1_870' title='bbox 3375 5148 3596 5221; x_wconf 83' lang='grc' dir='ltr'>ἀφεῖναι</span> 
     </span>
    </p>
   </div>
   <div class='ocr_carea' id='block_1_116' title="bbox 2008 5238 3597 5314">
    <p class='ocr_par' dir='ltr' id='par_1_116' title="bbox 2008 5238 3597 5314">
     <span class='ocr_line' id='line_1_116' title="bbox 2008 5238 3597 5314; baseline 0.001 -22"><span class='ocrx_word' id='word_1_871' title='bbox 2008 5239 2080 5294; x_wconf 85' lang='grc' dir='ltr'>τὰ</span> <span class='ocrx_word' id='word_1_872' title='bbox 2107 5239 2480 5311; x_wconf 82' lang='grc' dir='ltr'>ἁμαρτήματα</span> <span class='ocrx_word' id='word_1_873' title='bbox 2512 5239 2963 5312; x_wconf 86' lang='grc' dir='ltr'>ἀπεστράφησαν.</span> <span class='ocrx_word' id='word_1_874' title='bbox 2997 5240 3177 5314; x_wconf 86' lang='grc' dir='ltr'>πάσης</span> <span class='ocrx_word' id='word_1_875' title='bbox 3213 5238 3400 5297; x_wconf 78' lang='grc' dir='ltr'>λοιπὸν</span> <span class='ocrx_word' id='word_1_876' title='bbox 3443 5242 3597 5296; x_wconf 86' lang='grc' dir='ltr'>ἐλπί-</span> 
     </span>
    </p>
   </div>
   <div class='ocr_carea' id='block_1_117' title="bbox 2008 5329 3596 5404">
    <p class='ocr_par' dir='ltr' id='par_1_117' title="bbox 2008 5329 3596 5404">
     <span class='ocr_line' id='line_1_117' title="bbox 2008 5329 3596 5404; baseline 0.002 -18"><span class='ocrx_word' id='word_1_877' title='bbox 2008 5331 2098 5397; x_wconf 89' lang='grc' dir='ltr'>δος</span> <span class='ocrx_word' id='word_1_878' title='bbox 2127 5329 2408 5397; x_wconf 81' lang='grc' dir='ltr'>ἐξέπεσον.</span> <span class='ocrx_word' id='word_1_879' title='bbox 2434 5330 2536 5384; x_wconf 87' lang='grc' dir='ltr'>Διά</span> <span class='ocrx_word' id='word_1_880' title='bbox 2575 5330 2735 5386; x_wconf 79' lang='grc' dir='ltr'>τοῦτο</span> <span class='ocrx_word' id='word_1_881' title='bbox 2767 5330 2951 5403; x_wconf 83' lang='grc' dir='ltr'>λέγει’</span> <span class='ocrx_word' id='word_1_882' title='bbox 2978 5333 3347 5404; x_wconf 71' lang='grc' dir='ltr'>Πληρώσατε</span> <span class='ocrx_word' id='word_1_883' title='bbox 3377 5335 3446 5389; x_wconf 81' lang='grc' dir='ltr'>τὸ</span> <span class='ocrx_word' id='word_1_884' title='bbox 3483 5330 3596 5403; x_wconf 78' lang='grc' dir='ltr'>μέ·</span> 
     </span>
    </p>
   </div>
   <div class='ocr_carea' id='block_1_118' title="bbox 2008 5420 3592 5495">
    <p class='ocr_par' dir='ltr' id='par_1_118' title="bbox 2008 5420 3592 5495">
     <span class='ocr_line' id='line_1_118' title="bbox 2008 5420 3592 5495; baseline -0.004 -18"><span class='ocrx_word' id='word_1_885' title='bbox 2008 5440 2154 5492; x_wconf 76' lang='grc' dir='ltr'>τρον</span> <span class='ocrx_word' id='word_1_886' title='bbox 2195 5421 2316 5477; x_wconf 82' lang='grc' dir='ltr'>τῶν</span> <span class='ocrx_word' id='word_1_887' title='bbox 2358 5421 2632 5492; x_wconf 78' lang='grc' dir='ltr'>πατέρων</span> <span class='ocrx_word' id='word_1_888' title='bbox 2680 5420 2869 5494; x_wconf 81' lang='grc' dir='ltr'>ὑμῶν.</span> <span class='ocrx_word' id='word_1_889' title='bbox 2911 5421 3023 5477; x_wconf 75' lang='grc' dir='ltr'>Ναὶ</span> <span class='ocrx_word' id='word_1_890' title='bbox 3040 5461 3055 5486; x_wconf 89' lang='grc'>,</span> <span class='ocrx_word' id='word_1_891' title='bbox 3120 5423 3286 5495; x_wconf 91' lang='grc' dir='ltr'>φησίν</span> <span class='ocrx_word' id='word_1_892' title='bbox 3304 5440 3319 5454; x_wconf 78' lang='grc' dir='ltr'><strong>ο</strong></span> <span class='ocrx_word' id='word_1_893' title='bbox 3354 5420 3468 5476; x_wconf 83' lang='grc' dir='ltr'>ἀλλ’</span> <span class='ocrx_word' id='word_1_894' title='bbox 3506 5420 3592 5473; x_wconf 85' lang='grc' dir='ltr'>ὅτι</span> 
     </span>
    </p>
   </div>
   <div class='ocr_carea' id='block_1_119' title="bbox 2010 5507 3594 5588">
    <p class='ocr_par' dir='ltr' id='par_1_119' title="bbox 2010 5507 3594 5588">
     <span class='ocr_line' id='line_1_119' title="bbox 2010 5507 3594 5588; baseline -0.004 -18"><span class='ocrx_word' id='word_1_895' title='bbox 2010 5516 2110 5588; x_wconf 79' lang='grc' dir='ltr'>μὲν</span> <span class='ocrx_word' id='word_1_896' title='bbox 2143 5515 2417 5587; x_wconf 83' lang='grc' dir='ltr'>μιαιφόνοι</span> <span class='ocrx_word' id='word_1_897' title='bbox 2460 5516 2556 5570; x_wconf 69' lang='grc' dir='ltr'>καί</span> <span class='ocrx_word' id='word_1_898' title='bbox 2595 5517 2841 5586; x_wconf 87' lang='grc' dir='ltr'>ἐναγεῖς,</span> <span class='ocrx_word' id='word_1_899' title='bbox 2875 5515 3250 5583; x_wconf 84' lang='grc' dir='ltr'>ἀποδέδεικται</span> <span class='ocrx_word' id='word_1_900' title='bbox 3284 5515 3350 5568; x_wconf 86' lang='grc' dir='ltr'>ἐκ</span> <span class='ocrx_word' id='word_1_901' title='bbox 3380 5507 3594 5564; x_wconf 89' lang='grc' dir='ltr'>πολλῶν</span> 
     </span>
    </p>
   </div>
   <div class='ocr_carea' id='block_1_120' title="bbox 2010 5600 3593 5682">
    <p class='ocr_par' dir='ltr' id='par_1_120' title="bbox 2010 5600 3593 5682">
     <span class='ocr_line' id='line_1_120' title="bbox 2010 5600 3593 5682; baseline -0.005 -20"><span class='ocrx_word' id='word_1_902' title='bbox 2010 5606 2359 5680; x_wconf 73' lang='grc' dir='ltr'>μαρτυριῶν*</span> <span class='ocrx_word' id='word_1_903' title='bbox 2390 5606 2554 5662; x_wconf 82' lang='grc' dir='ltr'>πόθεν</span> <span class='ocrx_word' id='word_1_904' title='bbox 2592 5607 2651 5662; x_wconf 86' lang='grc' dir='ltr'>δὲ</span> <span class='ocrx_word' id='word_1_905' title='bbox 2686 5608 2867 5682; x_wconf 78' lang='grc' dir='ltr'>δῆλον,</span> <span class='ocrx_word' id='word_1_906' title='bbox 2902 5608 2984 5664; x_wconf 84' lang='grc' dir='ltr'>ὃτι</span> <span class='ocrx_word' id='word_1_907' title='bbox 3016 5607 3124 5662; x_wconf 87' lang='grc' dir='ltr'>τῶν</span> <span class='ocrx_word' id='word_1_908' title='bbox 3157 5600 3451 5679; x_wconf 84' lang='grc' dir='ltr'>προφητῶν</span> <span class='ocrx_word' id='word_1_909' title='bbox 3490 5600 3593 5655; x_wconf 88' lang='grc' dir='ltr'>οὐκ</span> 
     </span>
    </p>
   </div>
   <div class='ocr_carea' id='block_1_121' title="bbox 2007 5697 3591 5775">
    <p class='ocr_par' dir='ltr' id='par_1_121' title="bbox 2007 5697 3591 5775">
     <span class='ocr_line' id='line_1_121' title="bbox 2007 5697 3591 5775; baseline -0.006 -19"><span class='ocrx_word' id='word_1_910' title='bbox 2007 5702 2074 5756; x_wconf 87' lang='grc' dir='ltr'>ἀν</span> <span class='ocrx_word' id='word_1_911' title='bbox 2108 5701 2419 5770; x_wconf 84' lang='grc' dir='ltr'>ἐφείσαντο,</span> <span class='ocrx_word' id='word_1_912' title='bbox 2447 5702 2497 5757; x_wconf 89' lang='grc' dir='ltr'>εί</span> <span class='ocrx_word' id='word_1_913' title='bbox 2531 5703 2773 5775; x_wconf 75' lang='grc' dir='ltr'>ἥκουσαν</span> <span class='ocrx_word' id='word_1_914' title='bbox 2818 5701 2899 5756; x_wconf 84' lang='grc' dir='ltr'>ὅτι</span> <span class='ocrx_word' id='word_1_915' title='bbox 2935 5700 3007 5756; x_wconf 83' lang='grc' dir='ltr'>τὰ</span> <span class='ocrx_word' id='word_1_916' title='bbox 3038 5697 3386 5770; x_wconf 84' lang='grc' dir='ltr'>Ἱεροσόλυμα</span> <span class='ocrx_word' id='word_1_917' title='bbox 3419 5710 3591 5749; x_wconf 84' lang='grc' dir='ltr'>κατα-</span> 
     </span>
    </p>
   </div>
   <div class='ocr_carea' id='block_1_122' title="bbox 2067 5867 2513 5936">
    <p class='ocr_par' dir='ltr' id='par_1_122' title="bbox 2067 5867 2513 5936">
     <span class='ocr_line' id='line_1_122' title="bbox 2067 5867 2513 5936; baseline 0 -16"><span class='ocrx_word' id='word_1_918' title='bbox 2067 5868 2097 5912; x_wconf 68' lang='grc' dir='ltr'>δ</span> <span class='ocrx_word' id='word_1_919' title='bbox 2122 5867 2236 5922; x_wconf 73' lang='lat' dir='ltr'>MSS.</span> <span class='ocrx_word' id='word_1_920' title='bbox 2268 5871 2513 5936; x_wconf 77' lang='grc' dir='ltr'>κατέχεον.</span> 
     </span>
    </p>
   </div>
   <div class='ocr_carea' id='block_1_123' title="bbox 3182 5951 3253 6015">
    <p class='ocr_par' dir='ltr' id='par_1_123' title="bbox 3182 5951 3253 6015">
     <span class='ocr_line' id='line_1_123' title="bbox 3182 5951 3253 6015; baseline 0 0"><span class='ocrx_word' id='word_1_921' title='bbox 3182 5951 3253 6015; x_wconf 78' lang='lat' dir='ltr'><strong>ﬂ</strong></span> 
     </span>
    </p>
   </div>
  </div>
