4048 6208
302 310 409 372 id.

296 442 534 500 umque
577 427 671 499 qui
707 436 945 492 venerat.
970 437 1030 483 ut
1070 437 1289 497 peccata
1318 426 1630 489 dimitteret,
1658 425 1888 481 aversati

296 532 447 587 sunt,
473 522 622 577 omni
652 536 748 592 spe
774 521 1029 593 deinceps
1048 519 1380 576 exciderunt.
1407 520 1694 591 Propterea
1721 518 1885 574 dicit:

297 615 522 687 Implet:
544 630 837 669 mensuram
862 624 1065 684 patrum
1095 622 1394 669 vestrorum.
1441 612 1621 680 Certe,
1673 613 1844 683 inquit
1872 629 1891 665 :

296 717 351 761 et
374 706 560 762 multis
587 705 802 777 quidem
823 715 1096 761 ostensum
1116 714 1201 761 est
1226 706 1569 772 testimoniis,
1594 705 1891 761 homicidas

299 798 423 853 illos
443 812 508 853 ac
534 797 771 853 nefarios
799 795 967 853 fuisse
996 814 1010 850 :
1043 796 1187 853 unde
1211 812 1343 853 vero
1370 806 1583 853 constat
1610 798 1730 853 illos
1758 812 1887 867 pro-

296 890 481 959 phetis
506 891 732 948 minime
757 890 1072 962 parcituros,
1100 891 1146 946 si
1187 890 1517 964 Jerosolyma
1547 904 1795 946 eversum
1823 888 1888 943 iri

296 982 670 1047 audivissent,
702 991 759 1038 et
783 991 1115 1038 cessaturam
1144 982 1340 1052 legem,
1386 998 1453 1037 ac
1496 981 1614 1037 fore
1640 990 1697 1036 ut
1724 980 1889 1035 Vetus

294 1071 703 1128 Testamentum
725 1073 1072 1128 immutetur?
1097 1073 1154 1129 Id
1181 1073 1396 1144 quidem
1420 1089 1485 1128 ex
1510 1073 1594 1139 iis,
1613 1088 1731 1143 quae
1744 1070 1887 1125 dicta

293 1173 444 1230 sunt,
470 1164 714 1220 maxime
749 1174 970 1235 apparet
999 1183 1015 1221 :
1046 1174 1411 1220 verumtamen
1469 1180 1535 1219 ex
1574 1164 1703 1233 ipsis
1744 1162 1888 1217 Scri-

297 1256 475 1323 pturis
525 1257 949 1311 manifestiorem
1004 1256 1283 1327 subjiciam
1349 1255 1883 1311 demonstrationem.

296 1344 430 1401 Nam
457 1347 501 1400 si
523 1352 740 1417 quando
765 1347 1077 1418 prophetam
1121 1347 1388 1403 dicentem
1427 1347 1729 1411 audierunt,
1773 1345 1885 1401 fore

295 1435 669 1492 utlerusalcm
702 1438 1028 1507 temporario
1065 1437 1277 1493 excidio
1306 1436 1730 1501 exscinderetur,
1762 1451 1883 1489 cttm

293 1528 416 1581 illos
435 1538 649 1582 munire
665 1538 895 1583 mentem
910 1529 1233 1600 oportuisset
1260 1538 1315 1584 et
1334 1531 1464 1583 iram
1487 1530 1574 1583 Dei
1593 1529 1884 1598 depellere,

292 1620 347 1672 in
375 1618 695 1688 prophetam
725 1618 963 1674 furorem
988 1620 1309 1675 effuderunt.
1347 1623 1522 1691 Atque
1564 1622 1666 1675 hoc
1702 1636 1882 1674 verum

289 1724 433 1772 esse,
480 1725 551 1763 ex
599 1708 838 1766 historiis
876 1710 1007 1781 ipsis
1059 1711 1384 1783 intelligetis.
1413 1712 1744 1768 Obsidebant
1786 1712 1883 1765 ali-

289 1801 509 1868 quando
533 1802 804 1858 civitatem
834 1804 1066 1875 ipsormn
1103 1805 1298 1870 Pet-sm,
1326 1815 1486 1876 atque
1534 1805 1702 1875 ipsam
1752 1805 1882 1859 foris

292 1896 610 1950 barbaricus
636 1897 902 1951 exercitus
941 1897 1377 1952 circumvallabat
1410 1916 1423 1951 :
1458 1913 1556 1953 nec
1595 1899 1879 1953 obscurum

290 1997 406 2041 crat
432 1988 733 2058 periculum
762 1988 902 2059 quod
932 1988 1261 2055 imminebat,
1310 1989 1401 2044 sed
1451 1990 1503 2042 in
1552 1989 1742 2044 mediis
1768 1999 1878 2043 tum

292 2081 497 2150 laqueis
514 2081 642 2134 urbs
663 2080 984 2148 Jerusalem,
1009 2082 1228 2136 armatis
1246 2084 1493 2137 omnibus
1512 2092 1567 2137 et
1588 2083 1729 2136 illam
1751 2082 1882 2137 foris

287 2172 820 2237 circumsidentibus,
872 2173 1189 2228 versabatur
1238 2190 1255 2229 :
1309 2184 1541 2229 attamen
1601 2190 1721 2230 cum
1772 2185 1877 2229 tam

287 2273 431 2319 certa
462 2263 609 2318 mala
659 2279 754 2320 eos
800 2275 1128 2335 premerent,
1183 2267 1433 2336 quoniam
1485 2281 1798 2336 progressus
1826 2269 1877 2321 in

286 2356 524 2410 taedium
573 2355 713 2410 dixit
741 2355 847 2411 illis
873 2355 1156 2420 Jeremias,
1182 2355 1300 2412 fore
1338 2365 1399 2411 ut
1427 2357 1479 2411 in
1508 2373 1696 2412 manus
1715 2356 1878 2411 Chal-

284 2448 528 2503 deorum
550 2448 740 2503 civitas
771 2448 1103 2513 traderetur;
1132 2449 1340 2504 tametsi
1380 2464 1552 2520 neque
1602 2450 1877 2521 prophetia

284 2537 385 2594 iuit
412 2538 540 2606 hoc.
572 2553 693 2594 eum
716 2539 953 2608 ipsorum
977 2540 1116 2594 oculi
1149 2555 1269 2609 quae
1290 2550 1546 2595 eventura
1581 2551 1761 2596 essent
1792 2542 1876 2595 iu-

284 2642 604 2694 tuerentur;
647 2631 770 2702 quia
800 2640 976 2686 tamen
1020 2645 1085 2686 ea
1125 2646 1247 2701 qua:
1297 2632 1574 2687 manifesta
1619 2643 1789 2697 erant,
1823 2643 1879 2687 et

282 2736 474 2776 eorum
501 2721 678 2777 oculis
723 2721 1146 2777 observabantur
1185 2720 1424 2801 dicebat,
1468 2723 1683 2778 scelesti
1711 2723 1784 2776 illi
1813 2738 1877 2778 ac

284 2814 512 2884 stupidi,
543 2822 600 2870 et
619 2829 747 2885 erga
775 2812 1149 2870 benefactores
1175 2814 1369 2885 ingrati
1394 2815 1473 2870 sic
1502 2815 1875 2882 insanierunt,

285 2914 340 2959 nt
371 2904 707 2975 proditorem
735 2900 881 2961 illum
921 2914 976 2961 et
1017 2920 1321 2962 eversorem
1350 2907 1771 2971 arbitrarentur,
1812 2923 1876 2964 ac

282 2997 530 3052 dicerent
561 3014 577 3051 :
614 2995 715 3050 Hic
744 2996 970 3052 dissoluit
1015 3013 1194 3051 atauus
1229 2998 1406 3067 populi
1425 2999 1576 3070 Imjus
1605 2998 1756 3072 (λεν.
1782 3000 1874 3057 38.

284 3090 363 3159 ί).
394 3092 652 3145 Attamen
678 3090 1031 3145 conﬁrmabat
1050 3129 1068 3157 ,
1106 3099 1342 3146 attamen
1366 3091 1601 3161 ipsorum
1631 3093 1879 3148 alacrita-

280 3196 391 3237 tem
423 3182 718 3248 excitabat,
746 3191 802 3238 et
826 3182 894 3237 ad
921 3182 1086 3237 Deum
1109 3181 1576 3253 ducehat,eosque
1602 3184 1798 3238 invicto
1816 3192 1878 3239 et

280 3273 688 3344 inexpugnabili
716 3288 872 3328 muro
894 3273 1331 3329 circumvallabat
1356 3291 1372 3328 :
1409 3274 1503 3329 sed
1531 3274 1605 3328 illi
1628 3275 1760 3331 nihil
1776 3275 1876 3330 ho-

278 3381 401 3418 rum
430 3364 814 3437 intelligentes,
838 3364 1203 3420 interllcieum
1215 3363 1490 3434 jubebant.
1517 3363 1664 3419 Talia
1682 3366 1875 3435 quippe

282 3459 426 3512 bene
466 3456 542 3511 de
577 3470 639 3512 se
683 3456 890 3511 meritis
918 3456 1135 3526 praemia
1168 3470 1381 3525 semper
1408 3455 1791 3525 rependebant,
1818 3466 1872 3510 et

280 3565 408 3605 cum
449 3563 550 3604 rex
598 3549 908 3620 ignovisset,
949 3562 1018 3604 ne
1064 3548 1144 3603 sic
1185 3546 1399 3618 quidem
1439 3557 1735 3614 cesserunt,
1779 3546 1873 3602 sed

280 3642 543 3713 quoniam
572 3656 765 3697 necare
793 3655 900 3696 non
927 3648 1191 3712 poterant,
1218 3640 1273 3695 in
1308 3639 1405 3695 luti
1435 3639 1607 3694 lacum
1630 3639 1872 3710 proiece-

281 3742 435 3789 ωιιι.

355 3828 416 3881 Δ.
440 3825 594 3893 Quod
624 3826 667 3879 si
691 3826 1025 3895 temporariae
1044 3826 1367 3897 captivitatis
1402 3828 1728 3883 mentionem
1759 3826 1872 3882 lieri

288 3935 398 3975 non
424 3918 684 3986 tulerunt,
711 3933 819 3987 quo
848 3918 1058 3974 tandem
1105 3929 1261 3989 pacto
1290 3929 1560 3988 perpetuae
1595 3920 1874 3974 servitutis

291 4011 695 4080 indic-tionem
723 4008 954 4066 audituri
981 4010 1238 4066 fuissent?
1262 4010 1317 4066 Si
1339 4026 1458 4066 cum
1482 4011 1705 4066 dixisset
1723 4010 1877 4066 Jerc-

292 4104 449 4165 naias,
481 4093 539 4156 In
560 4100 883 4175 Babylonem
904 4101 1140 4170 abibitis,
1166 4117 1339 4172 neque
1366 4103 1869 4171 potueruntaudire,

294 4196 386 4251 sed
408 4210 532 4252 eum
560 4194 650 4266 qui
679 4195 885 4249 dixerat
921 4193 1205 4264 punierunt
1232 4210 1248 4249 :
1288 4194 1332 4249 si
1364 4193 1651 4265 prophetas
1671 4194 1875 4249 audiis-

296 4299 413 4344 sent
439 4288 684 4343 dicentes
706 4328 721 4350 ,
764 4284 882 4341 fore
907 4297 965 4341 ut
1003 4301 1108 4341 non
1157 4286 1208 4340 in
1243 4285 1593 4358 Babylonem,
1620 4285 1715 4340 sed
1736 4300 1869 4356 quo-

297 4392 616 4449 quoversuni
646 4393 743 4448 per
783 4378 969 4434 urbem
1016 4388 1277 4432 terrarum
1327 4376 1740 4448 dispergamini,
1775 4392 1874 4431 nec

296 4471 524 4542 amplius
557 4467 898 4525 revertamini
922 4508 938 4531 ,
985 4484 1161 4523 nonne
1189 4467 1311 4523 talia
1341 4466 1629 4523 dicentium
1657 4466 1874 4539 sangui-

297 4580 417 4621 nem
439 4564 738 4621 ebibissent
752 4562 939 4629 'lQuod
969 4562 1013 4618 si
1039 4561 1191 4617 vobis
1206 4559 1349 4618 istud
1368 4559 1544 4615 adhuc
1563 4559 1871 4630 conjectura

296 4659 507 4714 videtur
528 4670 674 4719 esse,
693 4652 1153 4709 demonstratione
1175 4653 1323 4708 clara
1363 4651 1621 4722 probabo,
1651 4666 1758 4708 non
1786 4662 1877 4707 tn-

298 4759 409 4804 tum
427 4747 599 4802 luisse
626 4743 798 4800 futura
830 4744 934 4800 illis
955 4744 1294 4809 denuntiare,
1324 4750 1586 4808 nostrum,
1621 4743 1834 4814 inquam
1855 4782 1876 4810 ,

298 4844 561 4896 honorem
590 4846 646 4892 et
664 4836 1088 4907 reprobationem
1118 4835 1346 4890 illorum.
1364 4833 1471 4889 Cur
1484 4835 1651 4899 enim,
1674 4846 1877 4903 qumso,

297 4929 631 5003 Stephanum
672 4927 934 4998 primitias
966 4939 1263 5002 martyrum
1293 4921 1643 4992 lapiuarunt?
1699 4934 1880 4977 nonne

296 5022 436 5091 quod
467 5020 574 5075 hoc
603 5018 678 5075 illi
711 5016 925 5077 crimini
945 5016 1227 5069 verterent
1253 5003 1621 5077 dicerentqnc.
1664 5008 1755 5091 γει·
1783 5010 1880 5091 ists

303 5086 530 5170 loquitur
552 5096 706 5155 verba
731 5094 1093 5166 blitspltenu'te?
1128 5091 1293 5157 Dixit,
1324 5090 1495 5156 aiunt,
1518 5089 1761 5159 quoniam
1794 5086 1888 5145 Je-

302 5209 387 5248 ιιι
413 5193 644 5247 destruet
669 5188 915 5253 impluat
940 5185 1108 5250 istud,
1135 5192 1183 5238 et
1212 5181 1424 5236 mutabit
1444 5181 1596 5249 ritus,
1626 5195 1756 5250 quos
1779 5188 1887 5235 tra-

303 5284 428 5335 didit
462 5281 670 5352 Hoyses
696 5280 833 5347 (Art.
863 5277 918 5334 6.
951 5275 1040 5331 ιι.
1070 5272 1183 5342 14),
1211 5281 1370 5340 atque
1396 5270 1597 5324 idcirco
1625 5268 1776 5325 illum
1806 5268 1885 5324 la-

305 5372 513 5441 pidibus
541 5374 854 5425 obruerunt.
875 5366 932 5423 Si
957 5374 1069 5420 tum
1093 5364 1207 5418 hate
1230 5363 1415 5417 audire
1443 5376 1548 5415 non
1571 5367 1878 5429 potuerunt,

306 5464 465 5535 idque
498 5477 623 5518 eum
659 5474 751 5517 res
792 5460 922 5528 ipsa:
959 5455 1120 5513 tidem
1161 5453 1292 5525 ipsis
1332 5452 1589 5521 deinceps
1619 5449 1875 5515 facerent,

303 5555 572 5625 quomodo
595 5553 881 5623 prophetas
900 5549 1016 5604 hate
1036 5548 1453 5617 praenuntiantes
1472 5540 1755 5600 tulissent?
1778 5542 1882 5596 Au-

302 5645 499 5712 divisti,
546 5644 914 5707 dilectissime,
959 5649 1172 5710 propter
1217 5638 1470 5710 templum
1500 5677 1517 5702 ,
1561 5643 1615 5690 et
1660 5642 1879 5705 propter

307 5741 575 5810 religionis
602 5739 952 5797 mutationem
978 5735 1046 5791 ab
1074 5735 1179 5792 illis
1204 5750 1323 5795 eum
1355 5734 1521 5793 fuisse
1550 5730 1875 5801 lapidatum:

1266 312 1360 369 DE
1398 312 1935 371 PROPHETIARUM
1973 312 2473 375 UBSCURITATE.
2511 320 2554 377 Ι.

3486 334 3583 389 ΠΟ

1997 426 2284 499 audi,qno
2332 442 2486 499 pacto
2513 434 2726 490 Christo
2762 404 2931 493 tetiam
2987 439 3135 495 istud
3177 440 3346 509 ipsum
3377 445 3583 502 crimen

1996 518 2268 589 obiiciant.
2290 521 2436 577 Dixit
2481 526 2645 589 enim,
2676 526 2940 597 inquiunt,
2968 531 3061 586 iste
3079 546 3099 586 :
3127 531 3320 587 Solvite
3340 537 3581 604 templum

1994 611 2110 677 hoc,
2138 622 2185 665 et
2212 612 2265 672 in
2296 612 2452 668 tribus
2476 616 2651 670 diebus
2675 619 2901 673 excitabo
2933 620 3063 674 illud
3086 623 3103 691 (
3137 622 3319 676 Matth.
3349 624 3439 680 26.
3469 626 3530 681 6|
3560 644 3577 690 ;

1992 702 2148 757 Joan.
2170 703 2225 758 2.
2253 704 2321 761 19
2345 706 2388 777 ).
2419 707 2579 764 Vides
2606 710 2805 778 ubique
2837 713 3017 783 templi
3039 713 3482 783 destructionem,
3513 734 3578 774 ac

1993 794 2268 866 religionis
2286 799 2644 855 mutationem
2668 801 2833 858 bilem
2859 804 2965 859 illis
2993 806 3224 862 movisse
3244 808 3266 859 ?
3292 805 3417 864 Ideo
3433 808 3580 865 dice-

1994 882 2125 940 bant
2157 887 2258 943 hoc
2282 889 2498 959 quidem
2529 892 2823 961 pr0phetze,
2852 895 2947 950 sed
2985 896 3264 952 evidenter
3292 914 3399 954 non
3426 900 3576 956 diee-

1992 975 2138 1031 bant.
2171 978 2294 1034 ideo
2321 980 2542 1036 Paulum
2580 983 2745 1038 etiam
2785 985 3087 1042 interﬁcere
3107 988 3407 1056 voluerunt,
3431 990 3572 1061 quod

1994 1068 2095 1124 illis
2129 1071 2474 1137 persuaderet
2514 1082 2571 1128 nt
2616 1075 2925 1147 religionem
2975 1090 3261 1137 mutarent.
3292 1081 3443 1138 Unde
3473 1083 3576 1140 hoc

1994 1156 2207 1228 liquot?
2243 1160 2394 1217 Vides
2414 1205 2428 1226 ,
2454 1167 2633 1235 frater,
2680 1165 2872 1238 inquit,
2904 1181 3022 1237 quot
3052 1162 3211 1225 millia
3238 1183 3357 1227 sunt
3393 1175 3446 1227 in
3475 1173 3573 1228 Ju-

1991 1250 2130 1316 dteis,
2155 1255 2242 1323 qui
2269 1257 2611 1325 crediderunt,
2658 1272 2705 1312 et
2748 1278 2918 1315 attines
2958 1264 3042 1316 isti
3069 1266 3336 1321 audierunt
3382 1270 3443 1322 de
3482 1280 3528 1321 te
3551 1308 3587 1333 ,,

1989 1342 2125 1409 quod
2145 1344 2498 1402 discessionem
2523 1349 2703 1404 doceas
2730 1367 2761 1403 α
2788 1351 2893 1422 lege
2914 1354 3047 1422 (Art.
3077 1354 3137 1408 2|
3153 1393 3167 1408 .
3190 1355 3260 1412 20
3286 1356 3327 1426 ).
3360 1358 3571 1414 Fideles

1989 1431 2171 1489 doceri
2208 1452 2268 1491 se
2308 1438 2691 1495 discessionem
2743 1459 2771 1496 a
2817 1445 2933 1514 lege
2984 1462 3085 1500 non
3116 1450 3486 1517 patiebantur;
3517 1463 3571 1506 et

1989 1524 2078 1592 qui
2110 1527 2341 1582 nondum
2373 1531 2710 1586 crediderant
2736 1575 2752 1598 ,
2774 1537 3044 1605 qtt'unodo
3069 1540 3253 1594 audire
3278 1544 3572 1609 potuissent

1989 1612 2122 1679 fore,
2152 1625 2211 1669 ut
2235 1618 2323 1673 lex
2364 1620 2650 1687 aliquando
2680 1626 2957 1680 cessaret?
3000 1630 3076 1682 Ac
3115 1628 3328 1683 Juda'os
3355 1632 3568 1702 quidem

1988 1703 2363 1764 interfecturos
2394 1711 2555 1766 fuisse
2588 1717 2892 1783 prophetas,
2919 1718 2962 1770 si
2993 1719 3118 1789 quid
3152 1721 3255 1776 tale
3285 1724 3566 1779 manifeste

1990 1800 2379 1867 praedixissent,
2408 1806 2724 1861 testimomis
2758 1808 2931 1863 allatis
2958 1813 3309 1880 ostendimus,
3342 1831 3406 1871 ex
3452 1817 3570 1887 ipso

1986 1889 2143 1945 beato
2187 1891 2439 1961 Ieremia,
2484 1911 2548 1951 ac
2591 1907 2980 1971 protomartyrc
3020 1902 3313 1973 Stephano,
3340 1921 3405 1960 ex
3454 1907 3567 1976 ipso

1984 1976 2219 2047 Christo,
2242 1993 2299 2037 et
2317 1986 2559 2054 apostolo
2588 1988 2771 2043 Paulo.
2795 1990 3054 2046 Omnibus
3079 1994 3220 2047 enim
3249 1995 3435 2049 eadem
3464 1998 3567 2049 cri-

1987 2070 2115 2126 mini
2145 2074 2354 2143 dantes,
2390 2094 2485 2133 eos
2513 2079 2580 2133 de
2608 2080 2786 2135 tnedio
2832 2083 3179 2137 sustulerunt.
3211 2085 3358 2153 Ipsos
3384 2096 3563 2141 autent

1986 2164 2323 2232 propheticus
2345 2170 2505 2224 etiam
2538 2171 2702 2226 libros
2727 2174 3107 2230 combusturos
3143 2191 3237 2231 eos
3279 2178 3442 2233 fuisse
3466 2220 3480 2244 ,
3515 2182 3561 2235 si

1983 2269 2102 2323 qua:
2125 2255 2263 2311 dicta
2284 2257 2497 2314 fuerant
2522 2264 2935 2332 cognovissent,
2972 2264 3071 2321 hoc
3100 2283 3314 2336 quoque
3357 2284 3452 2339 per
3483 2271 3565 2323 hi-

1982 2349 2202 2404 storiam
2234 2352 2520 2421 quamdam
2552 2355 2782 2423 probare
2824 2368 3058 2427 satagam
3089 2360 3237 2413 vobis
3266 2361 3560 2425 oi-eultam,

1981 2441 2076 2495 sed
2105 2457 2222 2512 qua:
2266 2447 2547 2502 manifesta
2575 2450 2829 2504 continuo
2868 2451 2995 2505 lict:
3029 2453 3100 2505 ita
3148 2453 3384 2508 conabor
3419 2456 3562 2510 illaut

1983 2546 2274 2601 exponere.
2309 2537 2562 2602 Quaenam
2592 2540 2750 2609 igitur
2779 2542 2864 2597 illa
2890 2541 3110 2597 historia
3146 2544 3234 2608 sit,
3261 2546 3458 2600 audite.

2053 2623 2283 2680 Historia
2310 2627 2374 2682 de
2397 2627 2638 2684 Ieremia.
2658 2661 2729 2671 —
2746 2631 2810 2686 Et
2836 2637 3025 2704 factum
3056 2647 3126 2690 est
3151 2637 3203 2689 in
3226 2654 3359 2691 anno
3382 2649 3561 2706 quarto

1979 2712 2181 2770 Joacim
2202 2718 2299 2786 ﬁlii
2322 2718 2482 2774 Josia:
2508 2723 2645 2792 regis
2686 2721 2847 2789 Juda,
2880 2724 3007 2779 dixit
3051 2725 3300 2782 Dominus
3324 2731 3393 2782 ad
3416 2729 3563 2783 Jeru-

1980 2805 2167 2862 miam:
2191 2809 2367 2863 Scribe
2384 2812 2553 2865 omnia
2578 2815 2745 2880 verba,
2775 2831 2888 2885 qua:
2916 2816 3150 2887 loquutus
3182 2835 3294 2873 sum
3317 2821 3386 2872 ad
3412 2831 3487 2881 te.
3530 2839 3562 2875 a

1980 2896 2155 2952 diebus
2179 2898 2341 2955 Josioz
2362 2917 2521 2972 usque
2556 2904 2626 2956 ad
2658 2905 2789 2959 diem
2820 2907 2952 2961 hanc
2997 2906 3016 2979 (
3049 2907 3160 2961 Jer.
3192 2910 3278 2965 56.
3329 2911 3377 2964 1η
3424 2910 3460 2963 2
3489 2912 3506 2980 )
3540 2928 3555 2959 ;

1979 2986 2084 3043 hoc
2108 2998 2208 3056 est,
2241 2994 2419 3047 omnia
2472 2994 2612 3049 mala
2658 3011 2777 3065 qua:
2826 2997 3001 3068 cogito
3047 2998 3222 3055 facere
3262 3000 3362 3054 eis.
3394 3000 3547 3065 Vide,

1977 3080 2105 3151 quid
2134 3079 2393 3152 benignus
2419 3098 2484 3139 ac
2507 3085 2758 3155 providus
2785 3085 2927 3142 dicat
2951 3088 3109 3143 Deus.
3138 3087 3271 3144 Nam
3308 3093 3557 3161 quoniam

1977 3172 2185 3244 singula
2205 3175 2459 3231 nolebant
2487 3176 2694 3241 audire,
2728 3177 2954 3249 Collige,
2992 3180 3184 3251 inquit,
3219 3182 3304 3235 illa
3334 3184 3509 3237 omnia
3535 3223 3553 3250 ,

1975 3278 2041 3319 ac
2066 3273 2272 3320 metum
2295 3280 2453 3337 auge,
2484 3276 2549 3322 ut
2580 3269 2663 3323 vel
2692 3268 2791 3323 hac
2832 3272 3039 3325 ratione
3081 3273 3413 3340 resipiscam.
3455 3274 3559 3329 lle-

1976 3356 2269 3410 cordamini
2291 3358 2535 3427 promissi
2560 3361 2727 3414 nostri
2752 3379 2767 3415 :
2799 3360 2852 3415 in
2873 3364 3170 3432 qua-stione
3192 3365 3417 3433 positum
3446 3378 3551 3430 est,

1979 3457 2035 3501 ut
2060 3449 2404 3505 ostendamus
2432 3465 2527 3507 eos
2554 3451 2719 3507 libros
2744 3455 2887 3522 ipsos
2915 3453 3242 3509 laceraturos
3270 3456 3432 3511 fuisse
3465 3499 3478 3517 ,
3514 3458 3559 3510 si

1978 3551 2168 3594 cuncta
2204 3556 2323 3611 quae
2349 3542 2508 3597 hodie
2532 3543 2890 3614 contigerunt,
2921 3545 3025 3599 illis
3055 3546 3107 3599 in
3132 3558 3364 3602 mentem
3386 3550 3562 3601 venis-

1976 3643 2115 3687 sent.
2147 3631 2303 3689 Forte
2328 3636 2532 3690 audient
2556 3635 3108 3706 mala(adha:rendnm
3127 3618 3266 3691 cnim
3290 3648 3373 3693 est
3393 3638 3560 3692 histo-

1978 3726 2071 3780 ria:
2099 3726 2136 3794 ),
2166 3742 2279 3796 quae
2315 3728 2478 3798 cogito
2509 3733 2675 3799 facere
2707 3730 2779 3783 eis
2803 3770 2819 3795 ,
2860 3738 2909 3783 et
2957 3738 3242 3783 avertentur
3282 3747 3314 3781 a
3361 3733 3439 3783 via
3465 3748 3559 3783 siut

1979 3818 2175 3891 prava(
2205 3818 2341 3873 Ibid.
2371 3835 2418 3874 υ.
2450 3820 2484 3875 5
2509 3823 2548 3889 ).
2594 3819 2776 3885 Forte,
2811 3819 2940 3875 dicit
2979 3818 3161 3875 Deus?
3212 3836 3336 3874 num
3378 3822 3555 3890 igitur,

1981 3927 2184 3980 quaeso,
2217 3911 2391 3966 futura
2423 3912 2632 3982 ignorat
2655 3914 2677 3966 ?
2700 3927 2804 3965 non
2831 3912 2977 3965 novit
3005 3926 3072 3964 an
3100 3911 3330 3966 audituri
3359 3912 3485 3975 sint,
3512 3913 3556 3966 is

1979 4003 2068 4074 qui
2101 4004 2250 4058 novit
2277 4004 2456 4058 omnia
2479 4013 2764 4073 antequam
2797 4003 2948 4069 ﬁant,
2978 4005 3066 4073 qui
3096 4004 3257 4058 corda
3284 4015 3554 4058 scrutatur

1977 4104 2033 4151 et
2056 4109 2232 4159 renes,
2255 4095 2343 4164 qui
2371 4094 2637 4149 discretor
2660 4102 2744 4148 est
2772 4094 3151 4163 cogitationum
3173 4103 3229 4148 et
3253 4094 3510 4148 mentium
3535 4136 3550 4157 ,

1979 4188 2134 4259 cujus
2154 4187 2322 4243 oculis
2360 4185 2501 4242 nuda
2532 4195 2585 4242 ct
2609 4198 2791 4253 aperta
2839 4194 2965 4240 sunt
2993 4183 3170 4239 omnia
3192 4184 3216 4237 Ἰ
3240 4183 3351 4240 Cur
3375 4194 3553 4237 autem

1977 4279 2160 4345 dixit,
2192 4276 2348 4333 Forte
2390 4276 2643 4332 audient?
2668 4275 2799 4331 Nam
2824 4285 2881 4331 et
2932 4273 3046 4330 hzec
3098 4289 3275 4344 opera:
3327 4276 3558 4345 pretium

1981 4373 2139 4428 luerit
2167 4387 2262 4427 vos
2282 4371 2549 4434 didicisse,
2581 4380 2798 4440 propter
2822 4383 2915 4425 eos
2935 4369 3026 4440 qui
3055 4368 3326 4439 unigenito
3351 4367 3441 4422 Dei
3469 4366 3558 4422 Fi-

1982 4465 2053 4520 lio
2078 4464 2429 4536 ignorantiam
2457 4447 2733 4533 objiciunt.
2765 4460 2907 4517 Ecce
2955 4459 3099 4515 enim
3138 4459 3297 4514 Pater
3343 4474 3555 4530 quoque

1980 4556 2274 4629 ignorantis
2320 4554 2495 4612 verbis
2544 4555 2755 4611 utitur:
2803 4552 3089 4625 siquidem,
3135 4549 3310 4619 Forte,
3344 4566 3442 4605 vox
3473 4560 3558 4606 est

1983 4652 2274 4721 ignorantis
2299 4670 2314 4707 :
2341 4657 2706 4705 verumtamen
2727 4661 3059 4719 nequaquam
3081 4645 3306 4716 ignorat.
3330 4643 3554 4713 Quando
3570 4668 3586 4680 ο

1988 4744 2148 4815 igitur
2176 4752 2229 4798 et
2259 4742 2453 4798 Filium
2496 4742 2600 4798 tale
2639 4739 2766 4812 quid
2806 4740 3071 4795 dicentem
3089 4736 3387 4824 audiveris,
3411 4751 3559 4791 eam-

1982 4838 2104 4892 dem
2142 4837 2460 4892 sententiam
2490 4834 2722 4905 suscipe.
2757 4832 2890 4889 Nam
2933 4847 3054 4886 cum
3102 4829 3141 4884 F
3148 4831 3267 4885 ilius
3307 4830 3412 4895 sit,
3444 4829 3551 4883 ubi-

1984 4940 2089 4995 que
2108 4924 2323 4979 Patrem
2354 4925 2608 4979 imitatur.

2058 5009 2387 5067 Prudentia
2409 5028 2508 5067 non
2532 5018 2602 5065 est
2627 5027 2777 5064 causa
2803 5010 3011 5072 peccati.
3028 5038 3099 5048 —
3118 5005 3223 5063 Sed
3249 5004 3562 5065 dill'eramtts

1988 5085 2248 5156 tantisper
2288 5086 2387 5141 has
2433 5083 2886 5140 concertationum
2917 5086 3250 5157 occasiones,
3278 5105 3349 5148 ne
3370 5103 3403 5148 ι
3435 5105 3558 5159 pro.

1986 5178 2162 5247 posito
2188 5185 2503 5249 argumento
2546 5177 2923 5234 discedamus:
2945 5194 3245 5251 quaeramus
3274 5197 3372 5239 cur
3395 5183 3558 5251 dicat,

1984 5266 2144 5324 Forte
2186 5271 2413 5326 audient.
2463 5269 2521 5326 Si
2569 5270 2812 5339 dixisset,
2845 5271 3095 5339 Audierit,
3129 5275 3331 5346 alisque
3376 5272 3557 5339 Forte.

1984 5358 2174 5415 falsum
2204 5361 2557 5417 fuissetznon
2603 5360 2746 5416 enim
2791 5371 2943 5417 erant
2987 5362 3238 5419 audituri.
3282 5366 3337 5420 Si
3369 5381 3554 5419 verum

1980 5452 2225 5520 dixisset,
2243 5449 2362 5507 Non
2391 5453 2629 5519 audient,
2661 5454 2853 5511 frustra
2898 5471 3003 5512 non
3033 5456 3295 5510 auditoris
3328 5455 3558 5523 prophe-

1979 5552 2091 5599 tam
2120 5544 2373 5601 misisset.
2404 5543 2589 5618 Neque
2627 5548 2828 5603 idcirco
2871 5557 3074 5603 tantum
3094 5589 3109 5612 ,
3140 5547 3234 5602 sed
3265 5560 3331 5600 ne
3359 5544 3463 5599 vim
3495 5560 3559 5600 ac

1982 5638 2351 5695 necessitatem
2375 5637 2606 5710 aliquam
2635 5640 2699 5694 ad
2722 5656 2827 5695 non
2851 5637 3146 5702 parendum
3174 5637 3367 5692 all'erre
3389 5633 3559 5705 ipsius

1983 5730 2319 5804 prtescientia
2367 5740 2679 5802 putaretur,
2725 5738 3009 5800 propterea
3060 5741 3184 5784 cum
3228 5727 3557 5787 dubitatione
