3968 6208
449 262 555 333 171

450 392 677 462 quadam
708 393 822 446 hmo
859 392 1019 447 verba
1052 392 1285 461 protulit,
1320 406 1387 445 ue
1414 392 1553 447 forte
1582 390 1824 447 dicerent
1846 392 2031 462 aliqui,

447 481 702 538 l’rwdixit
747 483 907 546 Dens,
948 491 1003 535 et
1031 483 1246 536 omnino
1275 485 1494 538 evenire
1521 483 1805 552 oportebat
1840 501 1852 539 :
1891 485 2033 553 quod

448 575 514 630 de
543 575 675 631 Juda
707 575 883 631 solent
911 575 1108 631 dicere.
1143 576 1416 639 Prrrdixit,
1449 577 1715 647 inquiunt,
1752 592 1874 632 eum
1905 592 2034 646 pro-

1184 278 1238 334 s.
1281 268 1558 335 JOANNIS
1593 274 2066 337 CllRYSOSTOMl
2108 264 2422 335 ARCIIIEP.
2460 281 2999 341 umsrammor.
3599 304 3684 360 ιτς

2144 390 2340 458 alferri.
2367 392 2657 449 Eteedebat
2697 410 2789 451 rex
2832 399 2886 452 in
2931 400 3082 455 domo
3128 401 3328 458 nimii
3355 407 3477 477 (λα’.
3507 412 3681 469 Sail.

2144 481 2241 551 ΞΩ)
2265 501 2280 537 :
2303 485 2503 540 mensis
2520 486 2719 557 quippe
2741 500 2914 545 nonus
2931 500 3067 557 erat,
3086 491 3192 548 hoc
3205 495 3579 559 estNovernber
3590 508 3682 576 (κ),

2142 584 2198 627 et
2223 589 2420 628 nonum
2448 578 2683 647 appellat
2708 594 2738 633 a
2769 580 2957 636 Martio
2981 587 3309 641 numerando
3337 607 3350 643 :
3378 606 3497 647 nam
3524 605 3574 649 et
3600 597 3690 655 hoc

446 664 674 722 ditoreru
725 666 980 731 futurum,
1008 672 1065 722 et
1107 664 1308 722 idcirco
1350 667 1592 737 proditor
1640 668 1811 724 lactus
1853 676 1935 723 est
1989 667 2036 725 Ο
2140 662 2422 733 diligenter
2447 666 2837 725 observandum
2865 672 3044 729 est.Si
3071 675 3269 732 enimn
3294 679 3578 749 Septembri
3601 704 3690 743 rru-

445 756 802 811 dementiam!
834 773 867 811 ο
890 757 1308 826 impudentiam!
1341 758 1524 829 Neque
1562 759 1705 815 enim
1738 759 2031 827 ηρτιιιεείσιι-

445 850 513 901 tia
544 847 759 903 malitia:
783 862 940 903 causa
965 848 1083 916 fuit,
1115 849 1188 904 mi
1216 849 1377 905 homo
1404 866 1420 903 :
1448 850 1603 905 absit.
1633 846 1749 905 Non
1779 852 1921 906 enim
1944 865 2030 905 te;

442 944 543 997 bus
575 941 765 998 tbturis
791 942 948 998 allert
970 944 1365 1011 necessitatem,
1390 944 1487 999 sed
1517 942 1772 1012 pmvidet
1801 952 2027 998 tantum.

439 1030 556 1090 Non
586 1037 705 1107 quia
734 1035 980 1106 przedixit
1021 1033 1281 1103 Christus,
1312 1035 1480 1090 lactus
1519 1043 1602 1090 est
1631 1033 1871 1104 proditor
1903 1034 2027 1100 ille;

437 1127 533 1182 sed
561 1130 682 1199 quia
704 1126 945 1198 proditur
971 1127 1179 1182 futurus
1198 1136 1332 1193 erat,
1354 1120 1597 1191 Christus
1621 1126 1818 1180 iderco
1840 1125 2031 1197 praedi-

437 1221 534 1273 xit.
560 1218 636 1275 Ne
656 1220 816 1291 igitur
836 1217 923 1275 hic
941 1218 1100 1274 etiam
1126 1219 1306 1274 dicant
1331 1234 1450 1273 cum
1473 1233 1578 1272 nou
1606 1217 1881 1273 audituros
1906 1217 2028 1273 illos

437 1311 659 1376 (ﬁxisse,
690 1326 753 1367 ac
784 1311 1108 1381 poenitentiae
1154 1312 1291 1366 viam
1337 1310 1441 1365 illis
1484 1310 1839 1380 praeclusisse,
1882 1324 2026 1379 prae-

438 1405 602 1469 venit,
633 1415 790 1475 atque
833 1420 1047 1460 onmem
1078 1406 1410 1461 occasionem
1446 1405 1550 1459 illis
1578 1404 1870 1474 praeripuit,
1894 1403 2023 1459 dum

437 1494 712 1565 propheta:
733 1495 885 1561 dixit,
918 1493 1073 1549 Forte
1100 1496 1325 1550 audient.

508 1584 562 1640 5.
592 1585 965 1642 Recordamini
995 1587 1241 1656 promissi
1273 1604 1286 1641 :
1320 1604 1440 1642 nam
1468 1587 1669 1644 idcirco
1693 1587 1906 1644 assidue
1928 1602 2024 1642 vo-

436 1674 518 1730 bis
562 1675 615 1730 in
656 1677 970 1731 memoriam
1002 1676 1129 1731 illud
1175 1692 1388 1741 revoco,
1424 1694 1490 1734 ne
1532 1694 1653 1733 cum
1701 1680 2021 1735 solutionem

428 1769 695 1838 attulere,
744 1771 1056 1841 quaestionis
1109 1770 1261 1824 initio
1316 1769 1690 1842 disputationis
1735 1775 2023 1844 proposita:

431 1858 551 1916 sitis
579 1862 941 1917 immemores.
989 1861 1269 1929 Quodnam
1300 1863 1461 1933 igitur
1489 1862 1617 1919 illud
1648 1861 1783 1919 fuit?
1811 1864 1866 1921 Si
1911 1863 2020 1920 sci-

429 1953 637 2008 visscnt
663 1950 833 2008 ιιι(ιωὶ
876 1962 1133 2008 eventura
1176 1953 1281 2008 illis
1310 1953 1477 2010 fuisse
1519 1956 1680 2022 mala,
1722 1971 1841 2026 qua:
1866 1969 2019 2011 com-

430 2043 832 2115 prehenderunt
859 2045 978 2101 illos
1008 2045 1168 2117 (haec,
1193 2047 1430 2117 inquam,
1454 2046 1592 2102 mala
1618 2064 1734 2116 qua:
1756 2062 1898 2103 nunc
1924 2063 2019 2104 eos

426 2138 714 2209 detinent),
742 2139 887 2208 ipsos
914 2138 1083 2194 libros
1112 2139 1518 2200 dilacerasscnt.
1552 2152 1724 2210 neque
1754 2141 1922 2196 sacris
1950 2141 2017 2196 Ιί-

422 2231 558 2286 teris
597 2232 982 2302 pepercissent.
1019 2230 1126 2287 Sed
1157 2231 1221 2285 ad
1265 2232 1539 2287 historiam
1584 2233 1885 2288 redeamus.
1919 2229 2018 2287 His

419 2322 617 2376 auditis
651 2331 792 2375 uocat
832 2320 1082 2376 Jeremias
1111 2321 1415 2393 discipulam
1444 2339 1590 2376 suum
1617 2321 1823 2377 Barnclt
1852 2322 2017 2394 ﬁliam

429 2408 624 2480 Ncriw,
654 2422 704 2467 et
729 2412 801 2466 ait
828 2412 950 2471 illi:
973 2412 1151 2468 Scribe
1173 2414 1225 2467 in
1249 2413 1376 2467 libro
1397 2414 1531 2466 mala
1556 2415 1747 2480 omnia,
1774 2427 1887 2484 quat
1911 2414 2019 2469 iilis

425 2513 664 2559 eventura
683 2514 802 2558 sunt
828 2502 965 2575 (Jer.
991 2502 1081 2559 56.
1105 2504 1184 2572 4).
1210 2500 1346 2570 Quid
1373 2503 1473 2558 hoc
1495 2504 1571 2559 rei
1597 2505 1713 2581 est?
1736 2505 1881 2558 tibia
1906 2504 2015 2559 Deo

426 2593 731 2651 mandatum
755 2602 857 2662 est,
888 2606 942 2650 et
961 2595 1278 2664 discipulum
1306 2595 1512 2651 mittis?
1538 2608 1663 2649 num
1684 2593 1883 2666 refugis
1907 2608 2015 2665 pra:

427 2686 658 2741 timore?
684 2700 809 2740 num
842 2686 1083 2741 vereris?
1113 2698 1238 2741 unm
1283 2684 1642 2743 reformidas?
1682 2687 1728 2743 si
1760 2696 1815 2743 tu
1845 2687 2015 2744 refers

423 2780 617 2841 midas,
646 2792 752 2849 quo
778 2787 932 2849 pacto
957 2777 1250 2849 discipulus
1286 2779 1541 2835 audebit?
1565 2782 1633 2835 At
1661 2781 1792 2836 nihil
1824 2781 2012 2835 horum

420 2878 546 2935 est;
576 2869 790 2924 additur
830 2868 971 2923 enim
1000 2883 1199 2925 causa:
1242 2882 1363 2924 nam
1400 2884 1523 2925 eum
1560 2870 1807 2936 dixisset,
1839 2856 2015 2925 Scribe

417 2979 482 3017 ac
501 2962 628 3035 lege,
660 2958 936 3032 subjunxit
966 2980 978 3017 :
1009 2961 1118 3034 Ego
1147 2962 1279 3016 enim
1306 2962 1532 3017 detineor
1551 2963 1603 3015 in
1627 2976 1824 3016 carcere
1846 2961 2007 3032 (Ibid.

421 3072 468 3110 Il.
502 3056 583 3126 5).
614 3052 659 3111 Ο
687 3056 1213 3125 magnanimitatem!
1247 3052 1304 3110 In
1337 3055 1560 3109 vinculis
1586 3062 1720 3119 erat,
1745 3061 1802 3110 et
1831 3070 1860 3110 a
1890 3066 2011 3126 pro-

422 3145 597 3217 phetia
622 3162 725 3201 nou
752 3147 1071 3202 abstinebat.
1094 3146 1443 3202 Attendamus
1467 3145 1595 3217 justi
1618 3144 2007 3215 fortitudinem,

420 3239 645 3309 ejusque
689 3236 852 3293 animi
911 3239 1321 3309 philosophiam.
1369 3230 1483 3293 Non
1535 3238 1668 3293 dixit
1718 3235 1857 3309 apud
1906 3252 2007 3294 se:

418 3330 559 3409 Tant
594 3331 755 3385 multa
787 3330 917 3385 mihi
961 3340 1183 3402 promer
1226 3331 1367 3386 hanc
1413 3331 1663 3401 loquendi
1710 3332 2006 3386 libertatem

421 3423 561 3477 mala
612 3422 953 3493 (‘nnligcrunl
995 3440 1008 3476 :
1064 3422 1344 3477 innumera
1396 3422 1605 3493 profudi
1663 3423 1859 3488 verba,
1909 3436 2009 3478 nec

416 3512 705 3584 quidquam
736 3512 956 3583 profeci,
991 3530 1163 3585 neque
1192 3516 1326 3571 lucri
1357 3517 1484 3570 nrilri
1528 3515 1624 3570 fuit
1650 3512 1815 3581 aliud,
1847 3532 2004 3587 quam

420 3615 478 3659 ut
506 3604 558 3659 in
589 3605 795 3659 vincula
823 3606 1121 3675 conjicerer
1146 3623 1160 3660 :
1190 3607 1412 3661 necdum
1453 3623 1536 3662 me
1566 3608 1706 3663 Deus
1731 3623 1758 3661 a
1782 3608 2007 3663 vinculis

415 3693 680 3760 liberavit,
709 3704 765 3751 et
791 3712 876 3752 me
917 3706 1102 3752 rursus
1128 3697 1196 3752 ad
1240 3698 1357 3754 illas
1404 3699 1606 3754 belluas
1635 3700 1835 3755 mittit?
1863 3700 2005 3756 Nihil

417 3786 609 3843 borum
639 3798 729 3843 aut
758 3788 910 3856 dixit,
940 3794 1031 3844 aut
1058 3789 1344 3860 cogitavit;
1378 3790 1471 3846 sed
1504 3792 1555 3847 id
1599 3808 1764 3847 unum
1790 3804 2005 3865 specta-

415 3878 527 3944 bat,
576 3890 633 3933 ιιι
679 3878 888 3935 Domini
933 3894 1255 3951 praeceptum
1287 3884 1567 3952 perliceret
1607 3898 1621 3937 :
1670 3894 1725 3940 et
1753 3886 2004 3955 quoniam

416 3987 512 4041 per
539 3971 776 4043 seipsum
805 3987 909 4028 non
939 3982 1168 4043 poterat.
1203 3988 1297 4044 per
1317 3974 1632 4046 discipulum
1658 3977 1790 4032 illud
1819 3979 2006 4049 imple-

416 4063 511 4118 vit.
541 4060 673 4133 Lege
697 4080 927 4135 namque
955 4066 1079 4132 illis,
1110 4066 1302 4137 inquit,
1331 4078 1376 4123 et
1400 4069 1483 4122 dic
1512 4070 1681 4124 omnia
1709 4072 1863 4126 ntala.
1895 4071 2004 4144 Ego

414 4156 546 4210 enim
576 4156 800 4211 deducor
824 4158 876 4211 in
911 4175 1111 4213 carcere
1137 4158 1298 4229 (Ibid.
1327 4176 1374 4215 υ.
1405 4159 1482 4233 6).
1511 4160 1577 4216 Et
1602 4162 1811 4218 dicebat
1848 4162 2001 4221 lere-

411 4248 571 4316 mias,
617 4258 672 4304 et
713 4247 922 4305 Barnch
968 4252 1236 4308 scribebat
1265 4253 1317 4308 in
1363 4254 1518 4310 libro.
1547 4255 1743 4327 Jejunii
1794 4268 2004 4330 tempus

414 4338 534 4404 fuit,
560 4352 681 4393 cum
710 4339 827 4395 hinc
853 4340 1041 4397 lict-ent
1070 4361 1083 4397 :
1117 4344 1308 4399 festum
1340 4345 1591 4413 instabat,
1619 4349 1757 4418 quod
1788 4350 1855 4405 ad
1886 4366 2003 4408 mc-

413 4427 668 4498 tropolim
710 4445 896 4486 omnes
920 4433 1142 4488 vocabat
1171 4451 1186 4488 :
1213 4451 1524 4492 communes
1547 4440 1742 4510 quippe
1766 4457 1998 4498 conven-

415 4529 499 4573 tus
527 4520 613 4591 agi
651 4522 906 4592 oportuit,
936 4524 1365 4595 quandoquidem
1394 4526 1461 4583 de
1503 4532 1818 4587 necessariis
1843 4534 2005 4589 rebus

413 4608 814 4666 deliberaudurn
843 4612 895 4667 in
924 4614 1157 4670 comitiis
1188 4613 1306 4672 fuit.
1354 4615 1623 4688 Ingressus
1648 4629 1720 4676 est
1757 4624 1826 4676 ad
1854 4627 2001 4695 prin-

412 4704 549 4773 cipes
580 4700 809 4769 Barac/1,
837 4715 882 4758 et
908 4706 1024 4777 legit
1045 4707 1100 4760 in
1124 4708 1330 4762 auribus
1356 4712 1642 4780 principum
1663 4716 1834 4767 omnia
1854 4715 2003 4771 verba

413 4800 522 4850 ltrec
547 4795 709 4867 (Ibid.
741 4813 789 4851 υ.
834 4798 898 4852 14
919 4798 1033 4870 ,15)
1067 4816 1081 4853 :
1112 4807 1168 4855 et
1195 4814 1410 4857 causam
1454 4806 1615 4857 etiam
1647 4803 1783 4860 dixit
1815 4824 1828 4861 :
1862 4805 1999 4861 For-

413 4902 547 4944 tasse
588 4907 837 4963 namque,
884 4892 1071 4962 inquit,
1112 4895 1258 4950 cadet
1298 4897 1647 4952 misericordia
1684 4910 1846 4954 uestra
1887 4912 2004 4958 ante

404 4984 593 5055 [aciem
618 4981 825 5040 Domini
850 4984 1005 5058 (Ibid.
1036 5004 1084 5041 υ.
1113 4987 1169 5061 7)
1197 5005 1213 5042 :
1246 5004 1312 5045 ne
1331 4991 1700 5047 existimarent
1723 5008 1844 5048 cum
1868 5002 2002 5049 tam-

410 5088 572 5146 quam
602 5085 965 5132 accusatorem
1006 5077 1121 5136 brec
1163 5080 1365 5149 dicere,
1413 5078 1507 5138 sed
1546 5092 1606 5137 ut
1637 5099 1758 5139 cum
1799 5085 1864 5140 ad
1909 5102 2004 5142 eos

409 5165 680 5222 sanandos
704 5167 915 5222 venisse
956 5169 1130 5239 ipsum
1170 5172 1593 5240 intellexiSSent,
1640 5178 1906 5247 aequiores
1939 5196 2002 5234 ac

407 5258 750 5330 benigniores
780 5258 1153 5319 redderentur.
1183 5264 1318 5332 Quid
1348 5282 1478 5338 ergo
1506 5269 1619 5323 illi?
1644 5270 1779 5325 Cum
1802 5273 2002 5343 gratias

410 5366 571 5421 agere
616 5351 963 5421 Oportuisset,
1011 5368 1131 5409 eum
1178 5372 1300 5411 eum
1343 5357 1582 5427 laudare,
1624 5376 1749 5418 eum
1790 5363 2000 5429 ell'erre,

409 5444 542 5498 nihil
565 5443 761 5500 borum
786 5454 965 5515 agunt,
997 5447 1092 5502 Sed
1120 5448 1376 5506 abeuntes
1406 5454 1855 5510 aununtiaverunl
1888 5456 2000 5527 regi

407 5552 529 5605 ane
555 5537 754 5608 scripta
784 5547 938 5594 erant
965 5539 1015 5594 in
1044 5540 1202 5608 libro,
1230 5553 1284 5598 et
1313 5542 1678 5613 deposuerunt
1723 5546 1914 5602 librum
1947 5548 2000 5603 iu

392 5625 570 5697 ,dorno
594 5627 826 5685 Elisama
858 5628 1021 5701 (Ibid.
1051 5648 1097 5687 υ.
1130 5635 1248 5704 20).
1281 5632 1348 5688 Et
1382 5651 1498 5688 cum
1528 5636 1762 5705 misisset,
1796 5639 1999 5710 inquit,

409 5730 500 5770 rea:
527 5717 720 5791 laden,
753 5737 918 5778 unurn
945 5738 1008 5780 ex
1049 5726 1441 5797 apparitoribus
1478 5727 1610 5796 suis,
1645 5729 1827 5786 librum
1847 5733 2002 5804 jussit

2139 761 2417 822 memsset,
2450 756 2622 814 hiems
2659 769 2773 816 tum
2815 766 3077 834 temporis
3115 780 3236 824 esse
3276 784 3379 826 non
3423 771 3690 835 debuisset.

2136 843 2247 902 Cur
2273 848 2432 918 igitur
2455 849 2558 905 hoc
2576 853 2736 908 etiam
2750 855 3093 927 adiungitur?
3118 860 3262 915 exiis
3284 877 3400 931 quae
3421 880 3693 936 sequuntur

2136 947 2322 1006 aperte
2345 953 2659 1010 cognosces.
2683 942 2751 997 Et
2770 948 2913 1016 focus
2929 947 3063 1018 ignis
3082 960 3202 1004 ante
3224 950 3368 1006 illum
3393 969 3411 1008 :
3433 957 3694 1029 carbones,

2136 1029 2325 1101 inquit,
2366 1033 2618 1102 quoniam
2666 1035 2832 1106 frigus
2874 1047 3010 1094 erat.
3041 1039 3245 1098 Videtis
3272 1052 3329 1099 ut
3365 1045 3489 1102 nihil
3512 1064 3542 1101 a
3563 1038 3716 1116 Serié,

2135 1130 2288 1189 ptura
2315 1137 2465 1178 sacra
2490 1126 2802 1182 omittatur?
2828 1128 2894 1184 Et
2909 1130 3173 1188 carbones
3194 1132 3331 1203 ignis
3355 1145 3479 1193 ante
3500 1140 3697 1208 ipsum:

2131 1220 2184 1265 et
2205 1212 2666 1270 circumsistebant
2691 1231 2814 1273 eum
2841 1230 3110 1290 satrapae:
3141 1223 3335 1280 allatus
3360 1235 3444 1281 est
3467 1227 3599 1284 liber
3620 1231 3694 1286 iu-

2131 1305 2367 1358 numeris
2391 1304 2699 1361 redundans
2721 1306 2880 1365 bonis
2900 1310 3189 1382 (malorum
3213 1317 3412 1386 quippe
3440 1322 3699 1389 prophetia

2128 1392 2390 1447 malorum
2440 1406 2558 1450 erat
2598 1398 2974 1473 propulsetis),
3019 1412 3076 1458 et
3120 1404 3415 1475 legebatur.
3456 1410 3702 1470 Mentoreo

2126 1483 2276 1548 mihi,
2304 1502 2509 1556 quaeso,
2537 1496 2707 1544 estote
2736 1493 3007 1561 promissi.
3036 1494 3102 1549 Et
3127 1513 3244 1551 cum
3271 1500 3467 1571 legisset
3491 1503 3577 1557 ille
3604 1516 3698 1561 tm

2127 1576 2374 1647 pagellas,
2399 1588 2601 1648 smnpto
2629 1582 2850 1652 scapello
2876 1584 3047 1653 scidit,
3082 1597 3133 1641 et
3156 1587 3212 1642 in
3241 1591 3414 1659 focum
3440 1591 3569 1661 ignis
3594 1611 3704 1664 pro-

2119 1667 2266 1737 jecit,
2290 1668 2448 1723 donec
2474 1679 2632 1725 totum
2658 1673 2888 1728 cuiumert
2913 1675 3097 1745 defecit
3127 1676 3291 1750 (Ibid.
3317 1696 3366 1734 υ.
3392 1681 3505 1750 25).
3530 1684 3703 1751 Vides,

2125 1767 2184 1812 ut
2208 1772 2276 1815 ne
2322 1758 2474 1815 libris
2511 1762 2727 1831 quidem
2761 1768 3020 1833 parcant?
3046 1777 3105 1824 ut
3133 1786 3201 1825 ne
3242 1786 3277 1825 a
3309 1772 3482 1829 literis
3504 1776 3705 1845 quidem

2123 1851 2292 1905 sacris
2330 1851 2672 1910 abstineant?
2699 1855 2961 1921 Quoniam
3008 1861 3376 1931 captivitatem
3421 1863 3706 1924 Jerusalem

2122 1943 2449 2010 continebat,
2470 1959 2591 2000 eum
2609 1948 2872 2003 conscidit
2895 1965 2915 2003 :
2934 1959 2990 2005 et
3015 1966 3137 2006 cum
3163 1955 3485 2025 prophetam
3513 1973 3615 2013 non
3635 1959 3711 2015 in-

2122 2035 2379 2099 venisset,
2418 2036 2471 2091 in
2504 2037 2684 2093 literas
2715 2039 2848 2096 iram
2892 2041 3101 2098 etl‘udit.
3129 2045 3233 2113 Qui
3261 2061 3397 2117 ergo
3428 2063 3515 2103 res
3540 2050 3708 2105 inani-

2121 2137 2292 2181 ntatas
2322 2129 2396 2182 ita
2425 2130 2779 2200 persequitur,
2810 2133 2857 2187 si
2881 2133 3057 2188 anima
3090 2136 3378 2205 pra'diluttt
3409 2139 3712 2205 invenisset,

2120 2216 2246 2287 quid
2275 2232 2383 2273 non
2413 2218 2661 2275 fecisset?
2685 2220 2816 2277 Nam
2842 2224 3298 2293 quemadmodum
3318 2243 3485 2285 saeva:
3508 2230 3710 2294 bellum,

2119 2321 2241 2362 cum
2269 2323 2362 2364 cos
2405 2310 2748 2381 arripuerint,
2788 2315 2876 2385 qui
2905 2329 3026 2371 cum
3054 2318 3184 2387 ipsis
3211 2319 3522 2389 decertant,
3566 2333 3620 2377 et
3646 2322 3719 2377 illi

2116 2399 2314 2458 deinde
2342 2402 2540 2458 relictis
2564 2404 2619 2459 in
2645 2419 2740 2461 ore
2760 2407 3055 2464 bellunrum
3085 2411 3343 2480 pellibus,
3373 2413 3573 2484 quibus
3591 2416 3717 2469 ami-

2115 2495 2349 2563 ciuntur,
2378 2494 2701 2567 aufugerim,
2738 2499 2855 2556 illas
2879 2500 3075 2559 deinde
3098 2503 3425 2576 discerpunt
3451 2506 3718 2576 dentibus,

2117 2593 2175 2639 ut
2202 2586 2272 2640 ita
2300 2586 2534 2642 furorem
2577 2603 2730 2643 suum
2775 2591 3065 2661 expleant:
3114 2594 3186 2649 ita
3220 2596 3487 2652 nimirum
3528 2608 3586 2652 ct
3628 2614 3718 2653 rex

2115 2675 2259 2732 fecit.
2281 2676 2396 2733 Non
2424 2677 2647 2736 oﬂendit
2664 2694 2812 2748 eum,
2841 2682 2930 2751 qui
2952 2683 3146 2739 librum
3168 2687 3423 2754 tenebat,
3448 2697 3509 2745 et
3531 2689 3721 2744 librum

2114 2769 2419 2826 conscidit:
2448 2776 2625 2843 neque
2669 2775 2928 2830 conscidit
2970 2777 3168 2845 solum,
3196 2778 3306 2835 sed
3358 2790 3416 2835 et
3446 2780 3504 2834 iu
3551 2779 3720 2836 locum

2115 2860 2251 2932 ignis
2282 2862 2484 2934 injecit,
2510 2872 2569 2919 ut
2597 2880 2665 2920 ne
2692 2866 2932 2938 reliquias
2950 2869 3169 2939 quidem
3196 2885 3268 2926 ex
3300 2871 3481 2927 literis
3508 2872 3614 2927 illis
3640 2888 3723 2926 rc-

2113 2962 2341 3010 starent.
2366 2954 2471 3011 Sed
2508 2956 2744 3012 nondum
2770 2973 2985 3015 manem
3014 2959 3131 3030 ejus
3167 2963 3481 3017 amentiam
3517 2978 3729 3033 perspe.

2112 3055 2254 3101 ctam
2283 3044 2525 3102 habetis:
2546 3048 2710 3118 probe
2734 3064 2861 3106 vero
2885 3051 3085 3117 scietis,
3104 3053 3150 3108 si
3174 3054 3497 3110 narratiuni
3512 3054 3736 3124 diligent~

2112 3145 2197 3193 ter
2218 3137 2571 3194 attenderitis.
2603 3139 2720 3196 Non
2748 3141 2891 3196 enim
2914 3141 3052 3198 dixit
3081 3159 3203 3199 eum
3258 3156 3384 3202 toto
3424 3146 3574 3202 lecto
3602 3146 3735 3201 libro

2113 3228 2305 3285 deinde
2330 3230 2502 3302 ipsum
2526 3233 2841 3289 exussisse:
2871 3234 3131 3305 quinimo.
3159 3236 3305 3293 Cum
3325 3249 3438 3295 tres
3457 3250 3737 3310 quatuorve

2115 3319 2341 3389 pagella:
2383 3321 2606 3393 legisset,
2652 3324 2824 3394 ipsum
2865 3326 3136 3382 conscidit.
3167 3327 3257 3385 Ne
3300 3332 3488 3402 ipsum
3519 3332 3737 3401 quidem

2112 3409 2356 3466 lectionis
2381 3411 2545 3468 linem
2565 3417 2915 3486 exspectavit,
2940 3418 3037 3474 sed
3060 3418 3131 3475 ab
3156 3421 3289 3491 ipso
3308 3424 3594 3493 praemio
3617 3437 3740 3479 cou-

2111 3502 2287 3559 l'estim
2312 3514 2654 3576 exasperatus
2674 3517 2776 3565 est.
2800 3508 3090 3580 Pmpterea
3114 3521 3301 3569 tutum
3328 3531 3445 3572 nan
3469 3524 3596 3573 erat
3616 3532 3741 3586 tiro-

2110 3594 2286 3666 phetis
2314 3595 2487 3651 futura
2529 3598 2706 3654 omnia
2734 3601 2877 3656 mala
2900 3600 3103 3660 Iudaeis
3121 3616 3325 3675 aperte
3357 3607 3577 3664 dicere.
3605 3607 3738 3663 Nam

2108 3689 2152 3741 si
2183 3688 2541 3758 captivitatem
2570 3690 2635 3744 ad
2662 3700 2870 3763 tempus
2899 3693 3126 3750 futuram
3151 3697 3360 3753 audire
3389 3700 3624 3755 minime
3650 3713 3743 3770 po-

2109 3777 2230 3843 tuit,
2253 3779 2525 3849 quomodo
2548 3795 2855 3851 perpetuam
2879 3783 3090 3841 discere
3110 3788 3533 3846 sustinuisset?
3556 3791 3743 3862 Neque

2108 3878 2391 3926 contentus
2416 3872 2517 3926 hoc
2540 3870 2640 3926 fuit
2659 3889 2752 3929 rex
2777 3892 2790 3929 :
2824 3876 2919 3932 sed
2946 3878 3111 3943 misit,
3141 3878 3353 3951 inquit,
3383 3884 3461 3939 ad
3491 3899 3748 3956 queren-

2106 3961 2234 4018 dum
2262 3964 2457 4035 ubique
2483 3966 2821 4035 prophetam,
2848 3969 2943 4024 sed
2966 3985 3075 4026 non
3101 3973 3318 4029 invenit
3346 3990 3485 4031 eum
3518 3994 3535 4032 :
3565 3977 3747 4033 occul-

2108 4055 2236 4109 tavit
2279 4056 2421 4111 eniru
2469 4056 2615 4112 illum
2650 4058 2790 4115 Dens
2833 4058 2993 4130 (Ibid.
3040 4076 3088 4115 υ.
3132 4062 3256 4135 26).
3293 4065 3471 4123 Illum
3521 4068 3749 4138 quidem

2105 4155 2219 4201 tum
2264 4146 2403 4212 loco,
2429 4157 2661 4204 creteros
2694 4159 2872 4205 autem
2900 4153 3191 4222 praphetas
3229 4170 3449 4214 eorum
3486 4158 3748 4215 obscuri-

2106 4245 2215 4292 tate
2240 4254 2359 4307 qute
2383 4237 2700 4294 dicebantur
2722 4240 3028 4297 occultavit.

2176 4327 2233 4383 6.
2261 4326 2445 4398 Neque
2463 4343 2592 4384 vero
2621 4338 2825 4385 tantum
2851 4347 2919 4387 ex
2943 4332 3029 4389 bis
3058 4334 3212 4391 nobis
3243 4337 3508 4410 liquebit
3529 4381 3549 4406 ,
3604 4339 3753 4411 apud

2103 4415 2319 4473 Judaaos
2345 4417 2516 4473 audax
2540 4419 2666 4474 illud
2698 4420 2903 4478 facinus
2923 4426 3192 4482 exstitisse
3210 4468 3226 4493 ,
3261 4432 3582 4504 animique
3604 4434 3760 4504 peri-

2104 4507 2239 4563 culis
2265 4517 2471 4565 temere
2499 4524 2620 4566 sese
2643 4511 2965 4581 objicienlis,
2991 4526 3329 4575 eventurum
3348 4526 3632 4594 gentibus
3659 4525 3763 4580 bo-

2167 4636 2241 4702 (a)
2273 4637 2787 4712 devocanda?!“
2821 4646 3092 4712 November,
3133 4650 3333 4706 desunt
3368 4657 3431 4708 in
3468 4665 3595 4711 Mss.
3628 4660 3763 4712 Ibid.

2103 4698 2529 4777 9:33:55???“
2536 4698 2797 4777 "aut"?!
2808 4698 3041 4777 om;
3055 4698 3431 4777 ιῦίᾷξζῖῦῖδῖἷ
3454 4698 3757 4773 ἔέἰιίῖιῖᾛ

2102 4762 2999 4848 {Emathiitmg‘sﬂ-jiinter:
3028 4762 3364 4848 ἰηιεέιιίεπῆἱιῗ
3375 4762 3773 4848 Μίῐέτίωέ

2103 4821 2441 4907 '39.?”13593
2895 4838 3005 4907 nec
3026 4821 3360 4907 εεέιεέέίέιῖί,
3379 4821 3609 4907 illini?
3620 4821 3773 4896 ιὲὲῖεῗ

2105 4898 2443 4958 unas,_mense
2465 4900 2616 4958 nono,
2653 4899 2869 4958 tuncque
2914 4906 3005 4958 rex
3030 4897 3239 4958 sedebat
3266 4897 3531 4956 in'durnb
3556 4907 3774 4958 hieth

2105 4955 2159 5021 et
2180 4954 2295 4998 ante
2320 4949 2494 5007 locum,
2520 4949 2924 5021 frigorisscilicet
2964 4956 3250 5021 depellendi
3297 4949 3780 5021 causaivCEm—a—u:

2104 5013 2643 5090 $913999???va
2674 5015 2783 5090 Pio,
2809 5013 3100 5090 quintius
3119 5028 3223 5070 8"“
3249 5013 3782 5083 εοειιιῖδὶιιῖἶῆἓο

2103 5071 2326 5149 (huncum
2343 5076 2630 5149 numerandi
2646 5071 2803 5149 ritum
2816 5071 3087 5149 Antiochiae
3108 5071 3781 5149 θερομύᾶξῖῖῦπῖιᾶἶῖιῖ-

2102 5141 2258 5218 {in}.
2278 5136 2987 5218 εὶί9ν.ξξὶξξ⁵,ξὲιῑξὲεῑξ’ἑξξξηβνίε
3022 5156 3138 5218 rae
3172 5136 3780 5218 ﬁmbriis-136638.

2104 5199 2465 5274 remeasse
2483 5199 2651 5274 endit
2667 5202 2715 5249 in
2740 5199 2907 5274 δὲειίιξίῑι
2941 5199 2992 5274 «ξι
3012 5199 3201 5255 iunium
3216 5213 3429 5274 ςέιίιιιί
3454 5199 3787 5268 unane:

2104 5268 2204 5329 non
2215 5259 2262 5305 iu
2274 5264 2469 5329 tempus
2485 5259 2742 5329 hibernum
2765 5263 3008 5325 incidunt;
3028 5279 3181 5329 quare
3202 5259 3364 5321 aliud
3384 5259 3787 5329 ὡθῖδῖιίιῖίῖιιῖ

2102 5319 3094 5403 Ξέῗπὲ.ἓθῖῖιέ.ῗὶί-ἓιέεῖέίὶὲἮἮῖιὲ,ξ
3122 5319 3787 5403 Χωίόὲἇιῖῖὶιῖἶιιὲι-

2103 5382 2173 5454 sis
2192 5380 2648 5454 reswndetpar-ti'm
2667 5380 2941 5454 Februario,
2958 5380 3128 5454 partim
3145 5380 3349 5454 Martio,
3360 5380 3796 5454 it;

2104 5443 2416 5518 treatise
2430 5445 2655 5518 meum
2692 5446 2888 5518 ineunt.
2929 5443 3100 5518 είαιαο
3134 5464 3307 5518 trimus
3330 5443 3795 5515 ιιλξηξῑέῖῑιξῑιῖ

2106 5503 3103 5589 91‘3°._":.§9';°"33’52¥L399939ei"?
3134 5503 3800 5589 φείιιίτῖῑιῖῖεςῖιίῦῑὲέ

2105 5565 2372 5641 autem
2394 5570 2697 5641 slsu_.lanuarii
2722 5565 2936 5641 verterat
2961 5580 3132 5641 l-'r_outo
3155 5565 3429 5641 meatus.—
3437 5565 3807 5641 {6333:5231

2104 5624 2419 5714 ﬁliiﬁlii”.
2442 5624 3807 5714 Ei?!1‘.‘.’.€‘.-'.!‘.‘§.°.§39!9“'£tz,Atliieélweéﬁivié'éiié

2104 5687 2422 5761 Macedonicis
2440 5687 2693 5762 mensibus
2714 5687 2829 5745 usos
2848 5693 3017 5747 ltusse.
3056 5687 3178 5749 Vide

2107 5750 2407 5801 Macedonum
2431 5759 2483 5801 et
2504 5752 2669 5803 solari.

2147 5759 2407 5801 aceuornoo
2431 5759 2483 5801 et
2504 5759 2669 5806 solari.
3500 5759 3505 5760 ⁷
3546 5759 3614 5765 ”’
3644 5759 3828 5807 ““““’“⁷μ
