4048 6208
235 206 329 261 I73

225 335 410 374 narem
442 327 497 373 et
527 315 771 389 gloriam.
797 320 851 368 et
874 328 994 383 qua:
1018 309 1139 364 illos
1159 319 1446 377 exceptura
1474 311 1619 358 esset
1654 304 1802 374 igm-

225 412 443 466 ntiniam
463 423 702 471 narrare,
722 394 1685 473 sedetiamexipsisPauliverbileie
1702 393 1806 448 ita-

222 518 325 572 que
343 516 468 555 cum
488 499 806 568 prophetam
832 494 1121 563 quemdam
1142 491 1352 546 videret
1376 489 1651 559 paululum
1674 488 1801 557 quid

225 591 589 663 puedietionis
618 588 780 658 hujus
843 592 1197 648 reserantem,
1242 590 1298 637 et
1339 581 1596 651 apertius,
1640 596 1801 650 quam

224 688 330 749 alii,
365 697 479 741 tum
511 685 654 739 bona
694 691 899 745 nostra,
938 688 1050 734 tum
1084 678 1297 733 illorum
1335 677 1472 730 mala
1503 673 1798 740 dicentem,

227 780 524 850 obstupuit,
560 786 615 832 et
639 775 919 831 audaciam
951 772 1093 827 illius
1121 771 1347 826 miratus
1373 777 1476 836 est,
1505 768 1591 823 bis
1626 765 1804 822 verbis

227 886 416 930 utens:
446 872 623 926 Isaias
660 879 835 922 autem
864 866 1044 926 audet,
1088 873 1135 918 et
1174 863 1318 927 dicit,
1349 860 1598 916 Inventus
1624 876 1740 913 sum
1767 875 1802 913 α

226 972 321 1007 non
348 950 686 1023 querentibus
712 963 792 1001 me
811 960 833 1001 :
855 943 1027 1016 palam
1048 941 1264 1013 apparui
1285 941 1368 1006 iis,
1400 940 1486 1010 qui
1515 956 1591 991 mc
1612 955 1709 990 non
1730 937 1810 988 in-

226 1043 565 1113 terrogabant.
603 1037 725 1092 Dixi
742 1080 755 1102 ,
788 1035 922 1090 Ecce
945 1051 1036 1106 ego
1054 1075 1069 1098 ,
1095 1032 1256 1104 genti,
1285 1031 1370 1099 qui
1393 1046 1493 1083 non
1520 1037 1814 1083 vocaverunt

225 1151 402 1188 nomen
427 1148 596 1186 meum
621 1128 805 1200 (Rom.
831 1127 919 1182 l0.
943 1125 1051 1190 20;
1083 1124 1211 1177 lsai.
1240 1123 1329 1177 65.
1362 1122 1383 1175 l
1410 1122 1449 1192 ).
1482 1120 1813 1189 Quamquam

226 1228 273 1281 si
303 1226 510 1281 nullum
536 1239 602 1279 ex
630 1221 978 1293 praedictione
1005 1217 1299 1289 periculum
1333 1212 1693 1285 tmpendebat,
1722 1227 1816 1265 cur

224 1319 358 1374 dixit
386 1315 600 1376 Paulus,
626 1311 792 1366 Isaias
815 1321 980 1364 autem
1003 1308 1171 1370 audet,
1200 1317 1244 1360 et
1274 1306 1415 1372 dicit,
1446 1302 1685 1358 Inventus
1707 1318 1816 1356 sum

226 1431 253 1463 a
277 1427 379 1463 non
408 1405 743 1478 querentibus
768 1403 886 1457 me?
920 1402 1147 1458 Maxima
1176 1413 1360 1454 revera
1388 1397 1693 1453 Judaeornm
1723 1410 1815 1449 ac-

224 1501 449 1557 cusatio.
488 1499 590 1565 Qui
621 1513 731 1552 non
757 1494 1068 1565 qumrebant
1093 1494 1444 1554 invenerunt,
1478 1498 1530 1543 et
1553 1488 1641 1557 qui
1667 1502 1815 1558 quae-

226 1598 435 1660 rrbant,
467 1607 567 1661 spe
595 1588 831 1645 frustrati
854 1595 979 1642 sunt
1009 1603 1025 1640 :
1058 1584 1145 1656 qui
1172 1600 1279 1639 non
1309 1581 1617 1645 audierunt,
1644 1577 1821 1633 credi-

228 1688 415 1741 derunt
442 1725 460 1751 ,
509 1691 563 1737 et
606 1681 697 1752 qui
745 1678 1064 1743 audierunt,
1117 1676 1170 1730 in
1212 1687 1429 1730 crucem
1466 1669 1815 1727 sustulerunt.

229 1781 515 1850 Propterea
533 1776 793 1832 audacem
819 1769 1105 1842 appellavit
1133 1766 1342 1821 Isaiam.
1368 1762 1607 1819 Maxima!
1624 1761 1820 1831 quippe

231 1888 413 1927 revera
443 1870 540 1924 fuit
566 1866 804 1922 audacia
827 1906 843 1932 ,
884 1864 937 1918 in
967 1861 1144 1917 medio
1168 1874 1353 1916 eorum
1380 1870 1514 1925 quos
1536 1854 1823 1909 accusabat

232 1973 481 2024 stantem,
510 1957 710 2015 nemini
736 1953 1008 2027 parcendo
1029 1949 1422 2006 accusationem
1451 1947 1712 2002 intentare
1732 1986 1746 2011 ,
1768 1952 1824 1999 et

231 2058 348 2113 illos
372 2054 587 2125 quidem
611 2067 710 2122 per
736 2048 1074 2122 prophetiam
1119 2053 1305 2115 aperte
1344 2041 1548 2095 honore
1574 2038 1784 2111 privare
1803 2078 1820 2103 ,

232 2147 364 2201 afos
394 2158 527 2200 vero
550 2142 617 2197 ad
638 2140 870 2196 debitam
896 2137 998 2192 illis
1012 2135 1233 2207 gloriam
1264 2131 1624 2187 introducere.
1658 2132 1824 2183 Accu-

234 2245 442 2292 satores
481 2234 599 2305 eius
626 2240 781 2289 erant
820 2243 1009 2284 omnes
1052 2226 1141 2296 qui
1186 2224 1242 2279 in
1267 2222 1470 2294 judicio
1514 2219 1821 2275 audiebant.

234 2332 365 2397 Quis
385 2338 563 2383 autem
585 2326 713 2381 dum
731 2322 987 2394 judicium
1011 2328 1264 2376 exercent
1282 2314 1502 2380 inimici,
1528 2310 1826 2383 periculum

236 2421 431 2493 poterit
450 2417 695 2475 evitare?
724 2416 1034 2483 Propterea,
1062 2410 1253 2481 inquit,
1286 2407 1447 2463 Audet
1468 2415 1513 2462 et
1540 2405 1683 2460 dicit.

314 2513 401 2568 Ne
430 2521 549 2566 ante
576 2521 771 2580 tempus
798 2505 1131 2577 intelligerent
1159 2507 1337 2575 futura
1361 2499 1536 2556 Iudici
1555 2539 1572 2565 ,
1608 2498 1834 2553 obscurat

238 2609 439 2675 {amant
461 2601 758 2672 prophetica.
784 2627 858 2640 ——
879 2595 1078 2651 Verum
1122 2595 1222 2649 hoc
1260 2595 1436 2663 ipsum
1470 2590 1594 2644 volo
1630 2587 1830 2643 clarius

237 2702 629 2755 demonstrare.
659 2692 864 2747 idcirco
887 2690 957 2745 de
977 2687 1177 2744 Iudaeis
1201 2700 1264 2741 ac
1287 2684 1441 2742 nobis
1462 2681 1688 2737 obscure
1711 2694 1833 2749 pro-

238 2792 540 2849 nuntiatum
568 2798 648 2843 est
673 2786 725 2840 in
750 2782 1060 2853 Scripturis,
1103 2795 1173 2835 ne
1196 2788 1321 2833 ante
1343 2785 1551 2846 tempus
1576 2773 1833 2843 intellige-

241 2896 361 2942 rent
391 2898 513 2956 qnaz
542 2880 861 2937 dicebantur
887 2874 1079 2932 ιιιάωί.
1111 2874 1285 2942 Atque
1308 2870 1469 2938 hujus
1497 2866 1572 2923 rei
1596 2864 1834 2936 produco

245 2990 438 3035 testem
467 2988 659 3044 magna
688 2986 821 3027 voce
846 2970 1169 3025 clamantem
1193 2964 1439 3029 Paulum,
1463 2977 1530 3017 ex
1554 2961 1663 3015 alto
1688 2959 1832 3013 voci-

245 3072 532 3131 ferantem,
562 3064 745 3121 tubam
760 3061 1051 3126 cadestem,
1074 3073 1168 3114 vas
1192 3054 1485 3117 electionis,
1516 3051 1711 3107 Christi
1740 3065 1834 3118 pa-

244 3158 624 3231 ranymphum.
654 3152 910 3224 Despondi
933 3151 1066 3203 enim
1094 3164 1201 3213 vos,
1242 3147 1431 3217 inquit,
1460 3144 1551 3199 uni
1578 3144 1708 3207 uiro,
1732 3143 1837 3196 vir-

244 3254 415 3323 ginem
455 3256 648 3302 castam
674 3244 904 3299 ethibere
935 3240 1134 3296 Christo
1170 3238 1261 3306 (2.
1294 3236 1412 3291 Cor.
1443 3236 1529 3290 ll.
1556 3234 1647 3304 2).
1688 3232 1841 3288 llunc

245 3346 401 3399 vobis
442 3351 636 3395 testem
684 3336 919 3406 produco
970 3333 1235 3388 dicentem
1286 3337 1509 3400 aperte,
1559 3335 1839 3398 propterea

246 3434 506 3491 nonnulla
536 3435 587 3485 in
622 3428 800 3485 Veteri
824 3426 1173 3482 Testamento
1208 3422 1375 3477 fuisse
1401 3420 1666 3476 occultata
1688 3460 1703 3484 ,
1730 3433 1842 3473 non

246 3527 449 3583 omnia.
479 3523 536 3579 Si
556 3521 701 3577 enim
730 3520 906 3575 omnia
938 3517 1160 3571 fuissent
1181 3515 1407 3569 obseura
1428 3554 1443 3580 ,
1478 3511 1673 3566 frustra
1701 3510 1842 3565 illius

252 3622 437 3677 szeculi
468 3615 778 3673 hominibus
805 3612 1029 3667 fuissent
1054 3608 1193 3663 dicta
1223 3625 1236 3661 :
1269 3605 1527 3676 siquidem
1553 3602 1843 3674 prephetite

252 3713 387 3768 bella
421 3708 704 3765 continent
728 3746 744 3773 ,
794 3719 913 3773 qua:
941 3700 1007 3756 ad
1037 3710 1246 3769 tempus
1279 3705 1387 3750 tum
1413 3703 1562 3766 gesta
1592 3703 1751 3761 sunt,
1791 3701 1846 3749 et

252 3807 419 3860 tumes
445 3811 503 3858 et
530 3810 709 3870 pestes
735 3815 749 3852 :
779 3795 1054 3852 continent
1079 3800 1132 3847 et
1160 3807 1277 3862 qua:
1305 3789 1462 3843 hodie
1486 3788 1842 3858 contigerunt,

254 3896 592 3951 vocationem
622 3888 893 3951 Ecclesiae,
926 3883 1351 3955 repudiationem
1377 3894 1681 3951 synagogte,
1716 3877 1848 3949 legis

256 3985 679 4057 abrogationem.
722 3980 849 4035 limo
889 3986 1066 4032 autem
1103 3976 1248 4046 ipsos
1276 3987 1434 4028 nosse
1464 3970 1706 4035 nolebat,
1752 3967 1849 4023 sed

259 4080 346 4135 illa
372 4092 496 4147 qua:
525 4077 766 4145 ipsorum
794 4069 1126 4141 temporibus
1153 4064 1488 4121 accidebant.
1516 4064 1690 4132 Atque
1709 4059 1850 4116 istud

261 4172 434 4242 ipsum
462 4166 705 4224 conabor
733 4162 1043 4227 ostendere,
1077 4158 1193 4213 hmo
1221 4158 1333 4212 sola
1362 4154 1476 4209 lieri
1501 4153 1726 4208 obscura
1753 4168 1851 4206 vo-

263 4264 458 4327 luisse,
494 4259 565 4313 de
592 4255 751 4312 nobis
779 4262 833 4309 et
856 4252 925 4309 de
966 4263 1263 4323 synagoga,
1292 4262 1410 4318 qua:
1438 4261 1579 4300 nunc
1608 4244 1851 4315 contige-

262 4365 406 4421 runt,
434 4366 648 4409 necnon
669 4348 805 4419 legis
825 4344 1225 4415 abrogationem
1254 4340 1395 4396 :hoc
1417 4354 1546 4394 vero
1566 4352 1672 4392 non
1695 4352 1855 4407 Opor-

264 4449 363 4503 tuit
385 4463 457 4503 ex
503 4444 597 4499 illo
637 4452 878 4511 tempore
915 4438 1183 4507 cognitum
1211 4435 1315 4489 illis
1351 4431 1532 4488 fuisse.
1578 4429 1711 4486 Nam
1754 4430 1856 4484 sia

267 4538 530 4612 principio
556 4534 874 4591 didicissent
899 4531 1073 4601 legem
1093 4528 1157 4583 ad
1188 4537 1398 4596 tempus
1421 4525 1732 4580 duraturam
1750 4563 1766 4589 ,
1794 4520 1857 4575 il-

268 4634 370 4687 lam
401 4629 627 4686 omnino
650 4622 1098 4693 contempsissent
1127 4637 1141 4673 :
1169 4627 1389 4690 propter
1426 4616 1527 4671 hoc
1558 4616 1729 4686 ipsum
1760 4627 1857 4668 oc-

269 4725 465 4778 cultam
496 4719 642 4776 illam
668 4732 790 4772 esse
819 4715 1003 4769 voluit.
1034 4711 1150 4767 Non
1184 4713 1326 4767 enim
1373 4723 1586 4764 omnem
1630 4704 1861 4777 prOphe-

270 4814 396 4868 tiam
440 4809 710 4865 occultam
754 4806 940 4870 fuisse,
990 4817 1174 4858 verum
1224 4799 1364 4855 hanc
1405 4806 1607 4853 tantum
1653 4805 1861 4868 partem

275 4902 435 4958 finisse
464 4900 735 4961 velatam,
784 4896 907 4950 audl
935 4909 1042 4964 quo
1068 4900 1225 4963 pacto
1256 4889 1408 4944 nobis
1438 4900 1719 4959 utrumque
1749 4902 1863 4943 ma-

280 4994 465 5049 uiieste
488 4990 690 5046 Paulus
710 4986 960 5042 ostendat
978 5028 993 5052 ,
1033 4994 1087 5038 et
1114 4982 1429 5038 occultatam
1458 4979 1620 5035 fuisse
1650 4982 1819 5051 legem
1846 5020 1860 5042 ,

278 5094 329 5139 et
368 5086 469 5140 hac
495 5083 550 5138 in
580 5089 734 5152 parte
764 5088 988 5134 tantum.
1015 5074 1147 5132 Cum
1174 5074 1316 5131 enim
1347 5072 1605 5129 scriberet
1641 5071 1708 5125 ad
1755 5071 1863 5126 Co-

281 5177 525 5239 rinthios,
556 5173 642 5229 bis
663 5171 840 5227 verbis
864 5178 948 5226 est
975 5182 1104 5225 usus
1133 5185 1147 5224 :
1182 5184 1202 5220 ι
1233 5165 1495 5221 Habentes
1524 5165 1681 5234 igitur
1709 5163 1867 5219 talem

283 5286 452 5343 spem,
483 5268 650 5324 multa
679 5264 869 5321 ﬁducia
896 5262 1095 5319 utimur
1125 5279 1140 5317 :
1167 5271 1222 5317 et
1250 5274 1354 5316 non
1381 5259 1518 5314 sicut
1539 5257 1751 5330 Moyses
1771 5270 1867 5327 po-

285 5362 440 5416 nebat
466 5358 711 5413 velamen
738 5370 895 5425 super
916 5352 1104 5410 faciem
1126 5366 1297 5418 suam,
1321 5359 1506 5406 utnon
1532 5347 1871 5403 intenderent

291 5456 377 5510 lilii
407 5453 570 5510 Israel
600 5452 653 5505 in
685 5449 842 5505 tinem
873 5450 991 5518 ejus
1016 5446 1161 5518 quod
1201 5451 1490 5502 evacuatur
1512 5483 1529 5512 ,
1570 5441 1664 5497 sed
1694 5440 1870 5497 obtusi

292 5558 409 5600 sunt
434 5557 631 5599 sensus
652 5555 860 5596 eorum.
887 5538 1069 5609 Usque
1095 5539 1146 5592 in
1178 5535 1493 5595 hodiernum
1541 5532 1686 5591 enim
1729 5533 1871 5589 diem

296 5635 521 5707 “ipsum
548 5633 791 5688 velamen
826 5631 877 5685 in
906 5630 1133 5686 lectione
1171 5629 1369 5689 Veteris
1391 5625 1720 5688 Testameuti
1750 5641 1861 5682 mal

1174 190 1263 248 DE
1303 182 1837 245 PROPHETIARUM
1878 178 2369 240 OBSCURITATE.
2416 186 2455 240 l.

3398 194 3503 250 171

1918 310 2005 353 net
2045 317 2147 353 non
2194 303 2506 369 revehitum,
2541 305 2789 375 quoniam
2814 305 2866 360 in
2896 304 3108 363 Christo
3148 321 3433 365 evacuatur
3472 329 3495 361 ι

1914 394 2002 466 (Ξ.
2051 393 2166 449 Car.
2207 396 2259 449 5.
2311 395 2557 465 12.14).
2600 395 2894 451 Obscurum
2930 408 3010 454 est
3057 398 3313 462 fortasse.
3354 401 3505 471 quod-

1916 487 2173 556 legimns;
2224 488 2399 557 itaque
2443 488 2727 544 dilucidius
2777 490 2906 545 illud
2949 490 3233 546 reddamus
3276 508 3498 549 necesse

1916 590 2016 644 i‘sl,
2050 591 2103 634 et
2130 581 2297 648 ipsam
2329 581 2603 636 historiam
2633 583 2786 637 vobis
2826 582 2878 638 in
2928 560 3238 639 memoriam
3272 600 3495 643 revoco-

1916 686 2050 725 ιιιιλε.
2083 671 2211 726 Nam
2242 688 2363 727 eum
2389 674 2620 742 acceptis
2640 674 2691 728 in
2715 684 2897 729 monte
2920 675 3111 730 tabulis
3136 675 3499 731 descensurus

1915 774 2055 820 esset
2076 764 2306 836 Moyses,
2336 766 2615 821 inel‘fabilis
2641 768 2656 797 ¹
2679 766 2922 838 qmedam
2949 776 3004 822 et
3033 768 3294 824 mirabilis
3320 784 3386 824 ex
3409 768 3498 824 illa

1915 867 2097 913 sancta
2126 858 2259 914 facie
2283 860 2452 929 gloria
2484 858 2604 913 talis
2623 859 2921 922 emicabat.
2966 868 3026 914 ut
3061 860 3243 915 nullus
3268 876 3299 915 e
3338 861 3499 930 vulgo

1917 949 1983 1003 ad
2016 950 2159 1005 illum
2186 952 2443 1007 accedere
2486 961 2541 1006 et
2577 968 2697 1006 cum
2735 952 2827 1006 illo
2860 952 3090 1023 colloqui
3136 952 3376 1007 auderet.
3425 953 3503 1008 Ne

1919 1042 2076 1112 igitur
2103 1042 2297 1111 populo
2327 1057 2540 1110 semper
2562 1042 2864 1098 inaccessus
2885 1052 3048 1108 esset,
3077 1042 3326 1112 imposito
3348 1042 3500 1099 faciei

1918 1149 2028 1188 sum
2059 1136 2322 1188 velamine
2346 1176 2362 1200 ,
2397 1134 2739 1204 permittebat
2765 1143 2821 1187 ut
2846 1149 2969 1188 cum
2995 1148 3061 1188 eo
3087 1135 3269 1190 venire
3303 1134 3358 1189 in
3386 1136 3501 1190 col-

1921 1227 2154 1295 loquium
2199 1225 2368 1281 Judaei
2399 1234 2616 1307 possent
2661 1225 2679 1294 (
2703 1224 2872 1279 Exod.
2900 1226 2989 1279 54.
3012 1226 3102 1280 55.
3130 1226 3253 1295 54).
3281 1229 3348 1279 At
3381 1241 3503 1281 cum

1922 1317 2117 1387 popqu
2145 1316 2273 1371 dum
2302 1324 2603 1371 versaretur
2626 1356 2640 1381 ,
2671 1315 2912 1371 velamen
2942 1315 3193 1386 gerebat;
3239 1315 3309 1370 ad
3337 1316 3502 1370 Deum

1920 1419 2096 1465 autem
2125 1424 2183 1465 se
2208 1424 2549 1474 convertens,
2572 1422 2760 1489 rursus
2785 1407 2915 1464 illud
2936 1407 3258 1478 deponebat.
3291 1407 3349 1463 ιιι
3378 1424 3506 1463 vero

1921 1502 2111 1568 fiebat,
2143 1511 2198 1557 ut
2238 1496 2406 1552 simul
2431 1499 2601 1571 major
2630 1498 2762 1556 ﬁdes
2803 1499 3093 1570 legislatori
3133 1498 3509 1555 conciliaretur

1921 1592 2061 1663 apud
2103 1607 2197 1647 eos
2241 1591 2332 1662 qui
2376 1606 2473 1662 per
2521 1594 2696 1662 ipsum
2746 1591 2961 1646 allatam
3013 1591 3286 1661 accepturi
3334 1590 3506 1660 legem

1922 1693 2097 1753 erant,
2129 1696 2183 1741 et
2210 1685 2369 1740 simul
2390 1686 2443 1738 in
2469 1685 2586 1752 ipso
2612 1684 2758 1755 prius
2787 1683 3203 1740 adumbraretur
3228 1683 3394 1755 ﬁgura
3417 1698 3510 1738 ve-

1925 1779 2118 1844 ritatis,
2146 1786 2201 1834 et
2223 1778 2601 1833 incarnationis
2621 1776 2823 1831 ChriSti
2857 1791 3015 1831 causa
3048 1775 3216 1830 multo
3235 1784 3361 1830 ante
3381 1789 3512 1844 pra:-

1925 1871 2332 1942 signiliearetur.
2378 1869 2509 1924 Nam
2536 1868 2793 1939 quoniam
2824 1867 3016 1922 dicturi
3047 1875 3201 1922 erant
3226 1864 3464 1920 nonnulli
3489 1906 3506 1929 ,

1924 1964 2104 2031 Quare
2133 1977 2237 2017 non
2271 1962 2323 2015 in
2351 1961 2492 2015 nuda
2521 1960 2800 2015 divinitate
2835 1957 3079 2013 Christus
3114 1956 3364 2021 advenit,
3414 1955 3510 2013 sed

1926 2070 2141 2111 carnem
2174 2052 2385 2109 induit?
2415 2051 2583 2106 multo
2608 2058 2733 2106 ante
2753 2064 2850 2120 per
2871 2047 3058 2104 faciem
3087 2048 3226 2103 servi
3251 2046 3511 2117 objectio-

1928 2148 2087 2205 nibus
2113 2148 2229 2203 istis
2256 2145 2511 2202 occurrit.
2556 2143 2613 2200 Si
2641 2143 2782 2198 enim
2816 2140 2956 2196 servi
2980 2139 3208 2210 gloriam
3230 2180 3248 2205 ,
3290 2154 3408 2210 qua:
3438 2137 3514 2194 illi

1930 2248 2115 2309 postea
2137 2237 2374 2303 obvenit,
2399 2248 2624 2317 cernere
2646 2248 2753 2289 non
2780 2230 3209 2304 potuereJudaei,
3230 2245 3337 2301 quo
3360 2239 3517 2302 pacto

1930 2332 2124 2388 nudam
2152 2338 2338 2402 postea
2364 2328 2693 2409 divinitatem
2723 2325 2904 2381 videre
2933 2322 3270 2395 potuissent?

2002 2424 2056 2477 7.
2086 2420 2269 2492 Neque
2293 2434 2424 2476 vero
2451 2402 2651 2473 tantum
2668 2402 2782 2472 hoc
2810 2416 2965 2472 nobis
2992 2415 3232 2470 velamen
3265 2412 3395 2468 illud
3418 2411 3517 2468 de.-

1932 2517 2126 2587 siguat,
2155 2512 2250 2569 sed
2270 2510 2456 2568 eadem
2487 2525 2628 2565 nunc
2655 2508 2855 2565 Judreis
2878 2508 3016 2564 lecta
3045 2507 3161 2578 lege
3189 2505 3517 2576 contingere.

1933 2624 2051 2678 qua:
2080 2618 2189 2662 tum
2235 2605 2352 2659 visa
2394 2601 2590 2675 Moysis
2638 2600 2770 2656 facie
2812 2599 3215 2671 contingebant.
3265 2597 3334 2652 Ut
3376 2597 3521 2653 enim

1936 2699 2089 2755 faciei
2117 2697 2433 2769 legislatoris
2459 2695 2693 2766 gloriam
2728 2708 2836 2748 non
2872 2693 3166 2749 cernebant
3188 2732 3203 2755 ,
3242 2689 3382 2761 quod
3411 2706 3521 2744 mc-

1936 2792 2080 2846 dium
2108 2790 2234 2845 illud
2263 2790 2443 2845 velum
2483 2787 2820 2856 interjectum
2854 2794 2998 2840 esset
3027 2800 3046 2840 :
3074 2784 3150 2839 sic
3179 2796 3354 2853 neque
3383 2796 3524 2836 nunc

1939 2885 2069 2956 legis
2094 2892 2319 2954 possunt
2345 2882 2569 2954 gloriam
2599 2878 2814 2935 intueri.
2860 2878 2975 2933 Hoc
2998 2891 3127 2932 vero
3145 2876 3310 2931 etiam
3330 2873 3522 2929 adver-

1939 2995 2031 3033 sus
2058 2977 2336 3032 lnoreticos
2366 2974 2483 3030 usui
2512 2974 2666 3028 nobis
2687 2981 2787 3028 est.
2828 2970 2962 3027 Nam
2987 2969 3108 3041 quia
3138 2976 3326 3039 putant
3347 2965 3526 3022 crimi-

1941 3070 2210 3124 nationem
2248 3066 2379 3137 legis
2418 3079 2528 3135 prae
2573 3079 2634 3119 se
2671 3062 2809 3117 ferre
2855 3076 2974 3131 qua:
3012 3059 3151 3114 dicta
3187 3065 3346 3123 sunt,
3385 3055 3547 3110 hunc-

1940 3162 2120 3216 locum
2160 3157 2399 3228 epistola:
2441 3163 2754 3224 receperunt
2794 3169 2811 3208 :
2851 3160 2907 3207 et
2948 3166 3070 3206 cum
3110 3150 3280 3220 legem
3329 3147 3551 3203 habere-

1941 3251 2184 3307 velamen
2205 3249 2554 3312 audivissent,
2585 3256 2639 3301 et
2664 3242 2931 3310 evacuari,
2959 3241 3102 3313 quod
3130 3241 3274 3295 illam
3301 3237 3529 3294 arbitra-

1943 3355 2128 3402 rentur
2152 3342 2422 3407 accusari,
2469 3340 2649 3396 literas
2686 3337 3039 3393 deseruerunt
3057 3376 3072 3400 ,
3100 3344 3160 3389 ut
3181 3334 3292 3390 suis
3316 3329 3535 3387 ratioci'

1946 3436 2248 3493 nationibus
2295 3441 2632 3504 caperentur.
2682 3428 2828 3486 [stud
2874 3428 3017 3484 enim
3064 3428 3235 3499 ipsum
3283 3439 3528 3496 magnam

1946 3547 2067 3589 esse
2116 3531 2286 3602 legem
2337 3527 2589 3583 ostendit.
2637 3524 2771 3579 Nam
2818 3522 2956 3578 sicut
2994 3529 3103 3577 tum
3146 3518 3356 3575 crimini
3399 3516 3545 3571 verti.

1946 3624 2114 3696 Moysi
2159 3638 2262 3677 non
2296 3628 2502 3690 poterat
2524 3658 2541 3682 ,
2570 3616 2712 3688 quod
2741 3629 2905 3684 super
2941 3613 3128 3668 faciem
3158 3611 3402 3665 velamen
3440 3606 3535 3661 ha-

1947 3719 2119 3782 beret,
2148 3715 2241 3771 sed
2272 3713 2398 3768 illud
2423 3719 2541 3766 erat
2582 3709 2832 3763 iudicimn
2859 3703 3185 3761 inﬁrmitatis
3207 3701 3533 3763 Juda'orum,

1951 3810 2144 3881 Moysis
2171 3821 2299 3861 vero
2330 3805 2446 3859 laus
2484 3801 2711 3857 maxima
2736 3840 2754 3866 ,
2797 3797 2938 3870 quod
2981 3804 3126 3851 tanta
3161 3793 3329 3864 gloria
3373 3788 3540 3845 facies

1953 3903 2095 3957 illius
2133 3897 2422 3967 refulgeret
2459 3903 2517 3948 ut
2544 3892 2684 3964 apud
2719 3902 3014 3944 conservos
3041 3884 3305 3942 velamine
3330 3881 3538 3950 indige-

1953 4003 2072 4050 ret:
2101 3993 2173 4047 ita
2202 4005 2413 4061 quoque
2454 3986 2556 4057 legi
2592 3984 2807 4041 accidit.
2853 3980 2969 4037 Nisi
3012 3980 3154 4034 enim
3198 3977 3284 4030 lex
3317 3972 3540 4044 gloriam

1956 4085 2230 4141 habuisset
2246 4083 2594 4144 inaccessam,
2607 4074 2870 4131 velamine
2885 4086 2989 4126 non
3011 4068 3344 4135 indiguisset.
3364 4063 3514 4130 Quan
3527 4090 3541 4101 -

1956 4178 2027 4234 do
2074 4175 2231 4248 igitur
2270 4187 2489 4229 manere
2515 4170 2759 4225 velamen
2789 4165 2918 4220 dicit
2958 4163 3011 4217 in
3061 4159 3288 4217 lectione
3332 4156 3544 4212 Veteris

1957 4265 2307 4331 Testamenti,
2329 4262 2704 4319 obscuritatem
2726 4258 2841 4326 ejus
2863 4255 2991 4311 dicit
3019 4271 3034 4309 :
3056 4250 3269 4323 quando
3292 4264 3425 4304 vero
3439 4262 3543 4301 non

1960 4361 2256 4418 revelatum
2305 4356 2435 4413 dicit
2471 4352 2613 4424 quod
2644 4353 2699 4407 in
2738 4350 2950 4406 Christo
2977 4356 3292 4411 evacuatur,
3340 4349 3545 4413 partem

1961 4469 2081 4510 eam
2112 4451 2246 4522 legis
2275 4449 2428 4504 nobis
2476 4446 2707 4510 indicat,
2750 4442 2960 4498 ratione
3004 4439 3157 4509 cujus
3200 4437 3429 4493 obscura
3458 4434 3545 4489 lex

1962 4554 2063 4600 est.
2116 4542 2233 4599 Non
2269 4540 2413 4597 enim
2442 4540 2670 4595 obscura
2697 4550 2823 4607 pars
2851 4548 2914 4590 ea
2940 4532 3073 4603 legis
3103 4529 3203 4584 fuit
3238 4544 3357 4599 qua:
3396 4525 3550 4582 nobis

1965 4638 2032 4694 ad
2062 4638 2224 4693 vitam
2254 4644 2308 4691 et
2326 4630 2793 4690 conversationem
2821 4624 3197 4683 instituendam
3218 4620 3557 4684 conferebat,

1966 4732 2165 4804 alioqui
2205 4727 2473 4800 superﬂue
2501 4726 2623 4780 data
2663 4723 2850 4778 fuisset
2883 4737 2897 4773 :
2928 4717 3022 4773 sed
3062 4731 3139 4773 em
3168 4715 3343 4771 solum
3372 4720 3552 4785 partes

1967 4827 2266 4884 obscurata:
2290 4816 2474 4886 sunt,
2521 4835 2588 4873 ex
2628 4817 2820 4890 quibus
2858 4827 3015 4868 nosse
3061 4819 3366 4879 poteramus
3407 4804 3555 4861 illam

1970 4918 2214 4976 evacuari
2236 4931 2329 4985 per
2351 4912 2642 4969 Christum.
2661 4907 2792 4962 Nam
2820 4911 2875 4958 et
2902 4904 3004 4958 hoc
3023 4917 3156 4973 Opus
3176 4908 3258 4955 est
3280 4899 3556 4969 sapientia:

1970 5010 2199 5075 divinae,
2232 5007 2402 5076 legem
2434 5003 2501 5058 ab
2547 5001 2664 5070 ipso
2706 4994 3003 5062 introduci,
3040 4992 3131 5064 qui
3157 4992 3226 5050 de
3253 5007 3319 5047 ea
3355 4990 3560 5045 diceret

1972 5104 2106 5168 fore,
2129 5110 2190 5155 ut
2211 5098 2474 5160 Christus,
2501 5108 2621 5148 cum
2646 5089 2873 5155 venerit,
2899 5088 3068 5158 legem
3097 5090 3343 5146 evacuet,
3363 5091 3419 5137 et
3443 5082 3559 5137 fore

1974 5206 2036 5252 nt
2057 5197 2113 5252 in
2150 5194 2267 5263 ipso
2305 5205 2425 5245 esse
2467 5187 2696 5243 desinat.
2740 5184 2864 5238 llaec
2903 5183 3063 5252 igitur
3098 5180 3211 5249 ipsa
3256 5191 3377 5248 pars
3404 5174 3558 5245 legis,

1974 5304 2097 5363 quae
2137 5287 2308 5357 legem
2359 5285 2411 5339 in
2439 5280 2657 5337 Christo
2683 5277 2813 5333 dicit
2837 5274 3118 5339 evacuari,
3170 5272 3280 5326 sola
3322 5269 3418 5323 fuit.
3459 5266 3559 5320 ob:

1977 5355 2133 5440 scnra
2160 5355 2366 5446 {atque
2388 5374 2491 5429 hoc
2515 5371 2690 5443 ipsum
2719 5368 2959 5424 indicans
2989 5378 3210 5435 magnus
3239 5359 3431 5416 Paulus
3458 5355 3558 5411 ad-

1974 5473 2151 5547 juuxit
2170 5470 2375 5535 dicens,
2396 5466 2516 5522 Non
2532 5463 2822 5527 revelatum,
2844 5459 2980 5531 quod
2994 5459 3047 5512 in
3059 5455 3258 5511 Christo
3271 5456 3559 5509 evacuatus

2047 5634 2062 5666 ί
2101 5628 2235 5680 Colb.
2261 5626 2439 5687 habet.
2453 5623 2715 5683 utacccua,
2743 5631 2851 5682 pro,
2870 5610 3146 5678 inemtbtlu.
3540 5635 3559 5672 ,
