3968 6208
496 301 602 359 ηδ

496 420 709 478 Etenim
755 432 823 472 ne
872 413 1007 469 forte
1054 424 1173 465 cum
1223 404 1466 460 audisses
1509 401 1562 456 in
1613 398 1842 454 lectione
1872 391 2077 450 Veteris

495 507 822 569 Testamenti
848 516 1064 560 manere
1091 500 1331 554 velamen
1351 534 1369 560 ,
1416 501 1578 548 totam
1604 491 1771 561 ipsam
1796 486 2079 543 obscuram

496 611 552 657 et
578 601 843 654 obtectam
868 607 989 648 esse
1013 590 1347 646 existimares
1367 625 1384 651 ,
1428 584 1565 639 hanc
1604 578 1964 649 suspicionem
1987 573 2083 628 ad-

498 691 698 746 ditione
738 684 995 743 correxit.
1024 682 1155 738 Cum
1182 679 1323 735 enim
1345 675 1597 741 dixisset,
1636 672 1878 728 velamen
1915 667 1970 723 in
2000 666 2080 722 le-

499 782 681 836 ctione
725 775 932 831 Veteris
981 770 1312 828 Testatnenti
1356 780 1613 832 manere,
1663 762 1895 833 adjecit,
1955 756 2080 813 Non

497 872 796 934 revelatum,
823 866 959 939 quod
989 865 1043 918 in
1063 862 1263 918 Christo
1282 865 1571 915 evacuatur.
1618 856 1730 910 Hoc
1757 854 1962 925 ipsum,
1993 850 2080 906 in-

497 963 643 1031 quit,
695 958 989 1014 revelatum
1025 968 1129 1009 non
1180 960 1296 1016 est,
1341 948 1484 1020 quod
1515 945 1566 1002 in
1593 945 1807 1002 Christo
1836 951 1919 999 est
1954 956 2078 998 eva-

494 1049 761 1107 euandum
793 1064 812 1100 :
844 1060 1005 1117 porro
1050 1044 1117 1098 iis
1166 1041 1457 1097 revelatum
1511 1053 1617 1093 non
1668 1046 1787 1103 est,
1835 1036 1925 1105 qui
1972 1047 2078 1087 non

495 1141 757 1197 accedunt
780 1139 848 1194 ad
888 1136 1047 1192 fidem
1077 1152 1092 1189 :
1123 1135 1302 1205 itaque
1345 1133 1389 1186 is
1418 1130 1506 1202 qui
1536 1130 1601 1184 ad
1641 1128 1800 1184 tidem
1830 1126 2077 1209 accessit,

495 1244 551 1289 et
579 1235 748 1287 sancti
778 1229 1013 1300 Spiritus
1038 1226 1260 1296 gratiam
1287 1231 1649 1292 consequutus
1687 1228 1805 1285 est,
1838 1233 1943 1271 non
1967 1216 2079 1285 jam

496 1340 619 1383 eum
660 1323 924 1381 velamine
960 1322 1128 1390 legem
1166 1318 1437 1381 intuetur,
1486 1313 1579 1369 sed
1608 1312 1803 1367 nudam
1830 1311 1944 1380 ejus
1970 1308 2083 1379 glo-

496 1420 635 1476 riam
663 1425 889 1488 spectat.
945 1413 1125 1473 Gloria
1151 1411 1281 1483 legis
1306 1419 1423 1474 est,
1467 1416 1524 1464 ut
1551 1407 1746 1463 docere
1787 1404 1954 1476 possit
1978 1403 2082 1459 seiv

497 1526 650 1583 psam
696 1512 751 1567 in
792 1507 1004 1565 Christo
1050 1504 1334 1569 evacuari,
1380 1513 1439 1557 ut
1490 1502 1591 1557 hoc
1627 1514 1837 1571 quoque
1882 1497 1974 1552 tibi
2013 1498 2083 1551 sit

498 1606 790 1674 cognitum.
839 1596 999 1654 Vides
1031 1612 1149 1668 qua:
1192 1596 1263 1650 sit
1305 1593 1436 1664 legis
1478 1592 1682 1665 gloria?
1715 1590 1849 1645 Vera
1886 1589 2082 1661 quippe

498 1695 667 1767 gloria
709 1693 830 1764 ejus
860 1696 977 1755 est,
1026 1685 1239 1759 quando
1281 1686 1544 1741 instruere
1572 1692 1624 1738 te
1668 1681 1899 1754 potuerit
1936 1690 1990 1737 et
2013 1679 2081 1735 ad

499 1787 772 1843 Christum
790 1783 1056 1840 deducere
1081 1800 1094 1835 :
1126 1788 1239 1834 tum
1262 1794 1389 1835 vero
1411 1777 1643 1843 instruit,
1675 1790 1800 1830 eum
1827 1773 2079 1828 evacuari

500 1896 561 1934 se
581 1876 833 1934 ostendit.
864 1874 1045 1946 Itaque
1075 1874 1198 1927 hinc
1218 1872 1381 1927 etiam
1410 1870 1677 1926 bmreticis
1706 1867 1862 1924 letale
1887 1858 2082 1920 vulnus

498 1971 774 2043 inﬂigitur.
800 1968 933 2025 Nam
963 1968 1007 2023 si
1037 1964 1304 2021 contraria
1342 1964 1426 2018 lex
1451 1972 1505 2017 et
1538 1959 1843 2017 adversnria
1867 1958 2083 2013 Christo

500 2073 679 2127 esset,
711 2076 813 2117 nec
840 2062 909 2116 ab
951 2060 1045 2115 illo
1079 2058 1306 2121 tradita,
1348 2068 1457 2111 non
1492 2054 1819 2124 oportuisset
1860 2049 2082 2106 Paulum

498 2155 616 2227 ejus
635 2154 856 2226 gloriam
886 2153 937 2209 id
963 2150 1253 2222 appellare,
1281 2147 1422 2220 quod
1441 2145 1756 2202 accedentes
1779 2141 1846 2197 ad
1875 2157 1933 2197 se
1959 2154 2083 2211 pos-

499 2256 586 2302 set
610 2249 872 2301 instruere
891 2285 906 2309 ,
936 2259 1033 2315 per
1067 2242 1339 2298 Christum
1370 2241 1537 2311 ipsam
1567 2235 1835 2296 evacuari.
1863 2234 1922 2292 Si
1946 2234 2082 2289 mala

500 2347 645 2394 esset
667 2338 750 2393 lex
775 2348 980 2403 rursus,
1005 2349 1113 2390 non
1136 2331 1462 2405 oportuisset
1475 2332 1717 2386 velamen
1735 2328 1850 2400 ejus
1865 2327 2080 2392 auferri,

501 2428 597 2482 sed
645 2429 787 2482 illam
834 2427 995 2483 etiam
1037 2434 1157 2497 post
1200 2423 1427 2496 gratiam
1465 2421 1802 2477 obseuratam
1841 2433 2081 2474 manere.

501 2522 654 2589 Quod
683 2522 729 2576 si
765 2520 868 2576 hoc
902 2533 1097 2575 uulnus
1123 2527 1207 2574 est
1232 2516 1418 2588 gratia:
1437 2557 1452 2580 ,
1483 2523 1543 2570 ut
1575 2513 1894 2569 accedentes
1922 2508 1988 2565 ad
2025 2526 2085 2567 se

501 2614 924 2686 perspicaciores
950 2612 1018 2666 ad
1059 2607 1621 2678 comprehendendam
1664 2606 1835 2677 legem
1862 2603 2081 2671 efficiat,

502 2709 584 2762 sic
618 2715 676 2760 ut
713 2705 836 2761 inde
864 2703 1069 2757 initium
1107 2709 1165 2757 et
1200 2699 1410 2755 occasio
1433 2697 1658 2754 ducatur
1682 2695 1856 2751 omnis
1881 2695 2001 2750 fidei
2032 2695 2082 2748 in

503 2797 774 2853 Christum
799 2791 1114 2849 exhibendas
1143 2809 1157 2845 :
1185 2791 1451 2861 quodnam
1476 2789 1720 2860 proferre
1747 2789 1922 2858 majus
1958 2802 2081 2855 pos-

502 2895 590 2944 set
613 2886 752 2940 nilus
785 2891 1155 2955 argumentum
1185 2881 1520 2953 cognationis
1556 2882 1689 2952 legis
1728 2895 1852 2936 cum
1893 2880 2082 2951 gratia,

501 2994 662 3050 quam
682 2993 802 3034 cum
823 2976 1009 3033 oculos
1033 2972 1277 3032 Christus
1304 2974 1475 3045 aperit
1493 2988 1697 3034 eorum.
1720 2973 1809 3044 qui
1826 2973 1891 3027 ad
1915 2974 2085 3043 ipsum

502 3072 799 3136 accedunt,
839 3078 897 3124 nt
928 3068 1314 3124 institutionem
1342 3067 1620 3138 percipere
1659 3066 1792 3137 legis
1835 3066 2082 3136 possint:

503 3163 594 3218 illa
621 3176 750 3216 vero
773 3176 895 3218 cum
930 3159 1267 3230 apparuerit,
1308 3168 1364 3213 et
1400 3157 1539 3213 facta
1581 3156 1739 3212 fuerit
1782 3156 2084 3223 manifesta,

502 3254 699 3325 poterit
734 3253 901 3306 multa
929 3267 1047 3307 cum
1074 3250 1327 3306 facilitate
1354 3250 1712 3306 transmittere
1732 3250 1873 3317 illos,
1907 3252 1995 3321 qui
2023 3264 2086 3305 ea

505 3360 623 3416 quae
663 3343 856 3399 Christi
900 3350 1027 3398 sunt
1067 3343 1400 3413 intelligunt?
1447 3341 1571 3396 "me
1613 3343 1753 3397 enim
1801 3340 2090 3396 ostendunt

503 3448 679 3506 neque
699 3434 967 3489 Christum
994 3446 1115 3487 cum
1145 3430 1263 3505 lege
1300 3445 1537 3503 pugnare
1556 3473 1571 3496 ,
1616 3446 1790 3502 neque
1816 3446 1935 3486 cum
1958 3431 2087 3488 Jesu

504 3526 677 3596 legem
703 3523 897 3579 bellum
923 3538 1109 3594 gerere
1128 3565 1143 3592 ,
1176 3522 1269 3577 sed
1300 3524 1567 3577 contrario
1597 3522 1751 3593 plane
1781 3522 1940 3578 modo
1969 3539 2084 3579 rem

504 3632 565 3673 se
590 3616 786 3671 habere
809 3657 824 3681 ,
854 3629 975 3670 cum
1004 3615 1093 3668 illa
1119 3614 1336 3685 quidem
1372 3614 1439 3669 ad
1467 3629 1708 3685 magnam
1746 3613 1883 3670 hanc
1912 3615 2088 3685 philo-

504 3706 748 3776 sophiam
776 3705 913 3760 viam
952 3714 1185 3769 sternat,
1228 3703 1317 3760 hic
1343 3714 1522 3759 autem
1548 3705 1669 3759 inde
1694 3715 1994 3776 assumptos
2020 3706 2087 3762 ad

505 3812 776 3853 summum
822 3796 1031 3867 pietatis
1074 3796 1283 3851 culmen
1334 3794 1581 3850 adducat.
1634 3793 1738 3851 Pro
1781 3795 1865 3851 bis
1910 3805 2087 3852 autem

504 3888 755 3943 omnibus
785 3888 1011 3958 benigno
1038 3886 1148 3941 Deo
1174 3887 1371 3957 gratias
1411 3901 1629 3956 agamus
1651 3928 1666 3953 ,
1722 3887 1809 3958 qui
1840 3903 1934 3958 pro
1962 3902 2091 3945 con-

504 3980 743 4035 venienti
793 3988 1037 4049 tempore
1073 3978 1279 4050 singula
1306 3978 1577 4048 disponit,
1608 3979 1877 4051 variisque
1915 3981 2089 4036 modis

502 4075 731 4128 salutem
757 4082 995 4127 nostram
1020 4079 1304 4143 procurrat,
1331 4081 1386 4127 et
1408 4072 1619 4143 dignam
1652 4073 1815 4142 ipsius
1834 4073 2090 4143 dignitate

505 4183 570 4223 ac
596 4176 737 4222 tamn
768 4166 1096 4236 providentia
1133 4164 1257 4220 vita:
1301 4164 1559 4219 rationem
1588 4179 1685 4233 pro
1709 4165 1911 4221 viribus
1933 4165 2087 4221 exitio

506 4259 728 4314 beamus
751 4301 768 4323 ,
813 4265 872 4313 nt
911 4257 1086 4312 futura
1127 4257 1291 4312 etiam
1328 4256 1467 4312 bona
1507 4272 1896 4327 consequanntr
1924 4275 1940 4307 ε
1969 4274 2088 4329 qua:

506 4350 662 4406 nobis
690 4349 939 4404 omnibus
979 4349 1177 4402 utinam
1220 4348 1557 4417 contingant,
1579 4344 1747 4417 gratia
1772 4359 1826 4405 et
1850 4348 2089 4420 benigni.

507 4449 617 4495 tate
640 4438 847 4493 Domini
873 4438 1038 4492 nostri
1062 4436 1187 4492 Jesu
1215 4435 1431 4501 Christi,
1465 4453 1560 4507 per
1586 4453 1741 4506 quem
1767 4450 1820 4494 et
1843 4456 1965 4497 cum
1982 4456 2089 4511 quo

506 4529 672 4593 Patri,
703 4528 861 4583 simul
887 4543 1006 4583 cum
1028 4527 1225 4598 Spiritu
1253 4536 1461 4593 sanae,
1485 4527 1676 4597 gloria,
1701 4529 1888 4596 honor,
1922 4531 2089 4603 Impe-

508 4621 669 4688 rium,
696 4619 749 4675 in
774 4619 971 4674 smcula
996 4618 1338 4673 saeculorum.
1367 4620 1558 4673 Amen.

506 4816 689 4872 Adhuc
708 4817 762 4872 in
789 4817 1136 4872 obscuritatem
1176 4815 1361 4872 Veteris
1390 4816 1713 4883 Testamenli,
1738 4830 1783 4873 et
1800 4821 1850 4874 in
1872 4818 1964 4876 Dei
1982 4823 2086 4883 cle-

578 4909 840 4974 mentiam,
866 4919 911 4964 et
940 4908 1077 4975 quod
1099 4906 1192 4962 alii
1219 4908 1348 4963 alios
1377 4924 1476 4963 non
1521 4908 1731 4964 debeant
1759 4929 2011 4968 accusare.

581 5071 633 5124 l.
675 5069 882 5126 Gaudet
908 5071 1123 5142 quidem
1168 5068 1444 5135 bubulcus,
1491 5071 1618 5125 dum
1663 5070 1801 5128 bene
1825 5074 2003 5130 valere
2028 5090 2090 5133 ac

507 5168 758 5231 vegetum
789 5176 908 5216 esse
944 5160 1089 5215 videt
1128 5170 1427 5217 armentum
1467 5176 1622 5217 suum
1652 5181 1666 5218 :
1694 5163 1889 5234 gaudet
1928 5168 2089 5223 etiam

508 5253 761 5324 agricola,
791 5252 919 5308 dum
939 5261 1247 5308 vernantem
1274 5264 1509 5324 segetem
1536 5257 1738 5311 cernit:
1766 5256 1860 5317 scd
1889 5272 1988 5313 nec
2020 5260 2092 5315 ob

509 5354 745 5415 segetem
772 5344 1023 5415 agricola,
1071 5359 1172 5399 nec
1213 5345 1284 5400 ob
1323 5360 1448 5401 suas
1475 5345 1640 5401 boves
1667 5347 1926 5403 bubulcus
1953 5348 2091 5406 adeo

510 5435 761 5505 gaudent.
792 5445 849 5490 ut
887 5449 986 5505 ego
1013 5450 1155 5489 nunc
1194 5435 1399 5503 gaudeo
1440 5444 1497 5491 et
1534 5436 1764 5502 exsultao,
1805 5437 1932 5493 dum
1978 5441 2093 5508 put.

512 5525 698 5581 ebram
726 5523 863 5580 hanc
891 5539 1070 5581 aream
1113 5525 1476 5598 spiritualibus
1519 5526 1776 5596 repletam
1806 5529 2092 5599 manipulis

513 5630 695 5672 cerno.
723 5617 857 5673 Cum
882 5619 1022 5674 enim
1056 5619 1105 5673 in
1137 5627 1213 5673 tot
1241 5633 1304 5673 ac
1334 5618 1465 5674 tales
1488 5633 1644 5674 aures
1665 5635 1907 5689 sparsum
1927 5622 2087 5679 fuerit

517 5712 741 5767 verbum
759 5713 989 5786 pietatis,
1009 5711 1287 5770 confestim
1320 5724 1536 5769 necesse
1568 5723 1667 5781 est,
1700 5724 1756 5769 ut
1782 5716 2011 5785 copiosae
2029 5731 2093 5771 ac

1203 290 1260 346 S.
1298 284 1578 345 JOANNIS
1614 272 2085 339 CIIRYSOSTOMI
2122 271 2436 328 ARCIIIEP.
2475 272 3007 334 CONSTANTINOP.
3618 288 3707 343 ﬁ"

2184 398 2406 446 matura:
2432 389 2745 447 ohedientia:
2773 391 2933 462 spica:
2960 400 3259 447 nascantur.
3285 392 3407 453 Nam
3430 398 3474 455 si
3496 401 3600 469 quis
3612 405 3704 460 ειη-

2180 484 2258 537 eis
2279 480 2505 539 fertilem
2526 498 2589 538 ac
2608 481 2853 553 pinguem
2883 498 3066 553 agrum
3096 476 3390 553 prociderit,
3409 491 3626 557 quamvis
3639 511 3710 547 se-

2182 573 2325 627 mina
2353 572 2498 643 larga
2524 588 2680 633 manu
2706 589 2810 627 non
2837 573 3046 646 jecerit,
3074 573 3292 629 multum
3315 589 3601 644 proventum
3617 584 3713 636 col-

2181 662 2326 734 liget,
2358 662 2484 717 dum
2523 663 2623 718 loci
2662 672 2850 718 natura
2889 663 3150 717 seminum
3192 665 3430 735 exiguum
3464 684 3708 725 numerum

2182 753 2394 825 propria
2416 754 2608 810 virtute
2638 753 3005 824 multiplicabit
3024 773 3038 808 :
3059 754 3139 808 sic
3158 769 3275 810 cum
3301 755 3352 811 in
3376 758 3568 814 animas
3578 760 3715 817 obse-

2182 856 2408 920 quentes
2431 861 2494 901 ae
2522 846 2732 915 pietatis
2759 846 2943 916 plenas
2971 845 3160 916 aliquis
3183 849 3451 916 sparserit,
3473 848 3586 904 licet
3616 853 3706 905 esi-

2181 951 2282 1008 gua
2309 936 2566 993 doctrina:
2586 937 2788 992 semina
2810 936 3019 1006 jecerit,
3053 950 3279 992 messem
3306 935 3512 994 uberem
3534 950 3710 1007 cernet,

2182 1030 2309 1085 dum
2341 1046 2437 1101 per
2459 1030 2757 1085 auditorum
2786 1029 3098 1099 sapientiam
3133 1031 3508 1089 etineiouatoris
3533 1045 3714 1104 egestas

2184 1122 2552 1177 occultabitur.
2580 1122 2692 1177 iloe
2715 1131 2769 1177 et
2794 1122 2847 1177 iu
2875 1122 3163 1190 piscatione
3190 1124 3456 1196 contingit.
3493 1125 3716 1193 Quamvis

2183 1215 2324 1270 enim
2354 1216 2647 1286 piscatores
2686 1214 2793 1269 sint
2821 1215 3074 1283 imperiti,
3106 1214 3152 1270 si
3182 1224 3353 1270 tamen
3380 1216 3432 1271 in
3470 1218 3629 1273 sinum
3651 1221 3712 1289 pi-

2182 1308 2363 1362 scibus
2403 1306 2763 1370 abundantem
2803 1306 2935 1362 retia
2976 1305 3238 1373 miserint,
3278 1304 3429 1362 facile
3455 1308 3716 1380 prmdapo-

2185 1400 2411 1465 tiuntur,
2442 1398 2567 1453 dum
2588 1397 2796 1452 illorunt
2818 1396 3417 1467 abscondititnperitiam
3433 1413 3717 1456 concurren-

2186 1491 2313 1546 tium
2342 1491 2562 1560 piscium
2594 1489 2897 1545 multitudo.
2930 1489 3081 1557 Quod
3105 1490 3151 1546 si
3184 1491 3237 1544 in
3267 1490 3351 1547 illa
3377 1501 3580 1561 captura
3604 1495 3721 1547 mul-

2186 1580 2356 1637 titudo
2381 1580 2589 1635 illorum
2608 1581 2698 1652 qui
2719 1580 2966 1652 capiendi
2986 1590 3126 1643 sunt,
3150 1595 3511 1657 smpennmero
3526 1582 3629 1653 ejus
3642 1584 3723 1654 qui

2185 1682 2300 1728 rete
2341 1672 2523 1739 mittit,
2554 1672 2833 1741 imperitiae
2861 1672 3129 1729 defectuum
3166 1672 3352 1740 sarcit,
3393 1674 3553 1728 multo
3576 1676 3722 1744 magis

2184 1763 2323 1818 istud
2341 1764 2511 1834 ipsum
2534 1765 2586 1818 in
2607 1762 2706 1820 bac
2723 1763 2979 1835 spirituali
3006 1763 3299 1837 piscatione
3323 1764 3593 1836 continget.
3608 1765 3725 1820 Nam

2184 1855 2261 1911 illi
2285 1857 2497 1928 quidem
2525 1857 2701 1928 pisces
2727 1857 2814 1913 ubi
2845 1872 3029 1915 nassas
3053 1867 3110 1915 et
3134 1856 3325 1915 hamos
3366 1858 3565 1913 immitti
3601 1858 3725 1914 vide»

2185 1948 2309 2012 rint,
2342 1946 2620 2005 confestim
2663 1957 2718 2007 et
2760 1948 3058 2020 aufugiam,
3089 1959 3145 2007 et
3171 1950 3423 2007 exsiliunt
3454 1969 3469 2006 :
3506 1966 3594 2006 vos
3615 1964 3724 2006 vero

2185 2042 2510 2096 contrarium
2549 2042 2737 2114 agitis:
2761 2057 2881 2099 cum
2919 2052 3228 2115 surgentem
3251 2053 3307 2099 et
3331 2043 3576 2101 doctrina:
3597 2059 3727 2114 sago-

2185 2148 2310 2189 nam
2334 2131 2578 2190 videritis
2614 2134 3022 2205 expandentem,
3051 2149 3161 2190 non
3186 2135 3357 2191 solum
3384 2151 3484 2191 non
3511 2135 3728 2206 aufugitis

2186 2234 2239 2281 ct
2268 2224 2510 2291 exsilitis,
2549 2224 2645 2281 sed
2685 2235 2739 2282 et
2777 2226 3003 2281 interius
3032 2226 3259 2297 pergitis
3286 2226 3512 2298 undique
3537 2241 3734 2285 concur-

2187 2322 2388 2380 rentes,
2416 2325 2470 2369 et
2497 2314 2795 2383 proximum
2825 2316 3189 2388 unusquisque
3224 2316 3534 2389 protrudeus
3554 2330 3612 2371 ac
3632 2332 3735 2386 pre-

2188 2420 2359 2473 mens,
2390 2405 2535 2477 prior
2576 2405 2690 2477 ipse
2727 2406 2933 2463 insilire
2968 2416 3023 2463 et
3066 2407 3124 2463 in
3151 2409 3292 2464 retia
3331 2407 3500 2464 delabi
3525 2406 3731 2465 festinat.

2186 2497 2303 2563 Quo
2332 2492 2525 2551 factum
2554 2506 2657 2563 est,
2686 2507 2743 2552 ut
2768 2514 3052 2569 numquam
3079 2513 3302 2557 vacuam
3327 2514 3563 2573 sagenatn
3584 2508 3739 2555 extra-

2187 2588 2440 2654 xerimus,
2473 2605 2577 2647 non
2601 2590 2712 2659 jam
2753 2590 2824 2645 ob
2870 2600 3111 2651 nostram
3150 2593 3416 2662 peritiam,
3444 2591 3535 2650 sed
3566 2591 3632 2646 ob
3661 2605 3738 2645 vc-

2186 2691 2349 2735 stram
2397 2680 2760 2751 cupiditatem.
2808 2682 2950 2739 Satis
3000 2683 3178 2754 itaque
3224 2700 3325 2740 nos
3354 2699 3518 2754 nuper
3540 2682 3736 2752 dapibus

2187 2772 2437 2841 explevit,
2462 2788 2580 2842 qua:
2611 2773 2832 2843 probato
2861 2788 3102 2844 pureque
3124 2784 3454 2832 ntanatauro
3486 2775 3668 2846 lingua,
3690 2780 3737 2829 et

2188 2863 2360 2917 mellis
2399 2862 2571 2918 fontes
2618 2878 2712 2919 ore
2756 2863 3047 2935 profundit,
3098 2865 3303 2937 Iingtta,
3348 2867 3575 2938 inquam,
3617 2862 3737 2919 beati

2189 2952 2360 3019 Pauli,
2387 2954 2470 3010 vel
2492 2953 2690 3026 potius,
2713 2971 2831 3029 qua:
2856 2954 2961 3010 favi
2990 2957 3232 3026 cujusvis
3259 2957 3502 3014 suavitati
3522 2954 3743 3027 spiritui»,

2190 3044 2255 3101 lis
2280 3045 2539 3101 doctrina:
2561 3044 2840 3102 dulcedine
2859 3047 3150 3103 antecellit.

2261 3137 2605 3210 Chrysostomi
2637 3138 2900 3194 modestia.
2932 3137 3114 3194 Prima
3139 3156 3306 3197 causa
3328 3139 3630 3206 obscuritatis
3659 3134 3742 3192 Vc-

2191 3231 2308 3287 teris
2340 3228 2664 3285 Testumenti.
2683 3261 2754 3270 —
2774 3230 2907 3298 Quia
2936 3246 3065 3287 vero
3102 3246 3202 3302 pro
3248 3248 3312 3289 ea
3355 3247 3474 3305 qua:
3496 3244 3587 3286 vos
3610 3229 3745 3284 decet

2191 3320 2548 3394 philosOphia,
2586 3336 2655 3376 ne
2682 3322 2785 3376 mei
2814 3321 3031 3392 quidem
3061 3324 3313 3392 pauperis
3338 3331 3394 3377 et
3435 3320 3648 3378 mendici
3670 3330 3747 3373 res

2191 3413 2553 3479 contemnitis,
2574 3412 2668 3468 sed
2686 3429 2746 3469 ea
2762 3414 2975 3485 quidem
3001 3430 3120 3485 quae
3138 3425 3269 3472 sunt
3287 3414 3478 3471 eximia
3497 3422 3550 3468 et
3564 3423 3745 3467 summa

2192 3506 2483 3575 miramini,
2515 3516 2711 3562 nostra:
2735 3521 2866 3561 vero
2896 3506 3210 3562 humilitatis
3249 3508 3409 3565 verba
3437 3520 3540 3562 non
3574 3505 3750 3573 impro-

2192 3598 2352 3664 batis,
2378 3597 2627 3652 alacriter
2650 3596 2719 3652 ad
2748 3597 3031 3653 dicendum
3057 3599 3293 3665 surrexi,
3335 3606 3396 3654 ut
3420 3596 3644 3654 debitum
3669 3608 3750 3647 vo-
3826 3660 3829 3661 ν

2191 3689 2274 3745 bis
2302 3690 2578 3745 redderem
2603 3689 2746 3759 quod
2771 3705 2938 3758 nuper
2965 3704 3084 3745 sum
3129 3690 3421 3760 pollicitus,
3464 3704 3558 3747 nec
3595 3696 3749 3742 tamen

2194 3781 2445 3853 persolvi,
2472 3780 2598 3836 dum
2629 3782 2926 3852 prolixitate
2952 3782 3212 3838 doctrinm
3236 3782 3485 3857 prohibiti
3508 3793 3678 3837 sumus
3693 3774 3750 3833 ad

2193 3873 2353 3929 linem
2394 3888 2559 3943 usque
2589 3873 2908 3943 pertingere.
2937 3872 3219 3940 Quodnam
3262 3875 3423 3945 igitur
3449 3872 3674 3927 debitum
3697 3867 3753 3922 il-

2194 3963 2284 4018 lud
2308 3964 2437 4018 fuit?
2463 3963 2696 4019 Necesse
2721 3973 2803 4019 est
2826 3965 2991 4029 enim,
3026 3972 3084 4019 ut
3108 3964 3319 4023 initium
3348 3962 3515 4021 mutui
3543 3961 3680 4016 vobis
3705 3956 3752 4016 in

2193 4056 2507 4115 memoriam
2538 4067 2834 4122 revocetur,
2864 4064 2923 4113 ut
2947 4067 3264 4129 argumento
3294 4058 3412 4131 ipso
3437 4057 3639 4128 αιεηίιο
3672 4066 3756 4106 vo-

2193 4150 2276 4207 bis
2298 4151 2567 4206 enarratio
2592 4149 2876 4206 dilucidior
2902 4151 3013 4204 fiat.
3039 4150 3397 4219 Quaesivimus
3424 4158 3531 4205 tum
3572 4157 3754 4215 tempo-

2192 4243 2287 4307 ris,
2318 4259 2422 4316 qua
2458 4243 2526 4299 de
2565 4258 2728 4299 causa
2757 4242 2922 4299 Vetus
2950 4242 3353 4299 Testamentum
3383 4243 3453 4298 sit
3478 4237 3755 4303 obscurius,

2192 4349 2350 4405 quam
2384 4334 2618 4399 Novum;
2649 4334 2873 4390 fortasse
2900 4349 3131 4405 namque
3156 4334 3508 4400 meministis;
3538 4340 3591 4388 et
3613 4341 3756 4384 uuam

2194 4429 2452 4482 hactenus
2474 4442 2689 4481 causam
2719 4425 2972 4495 diximus,
3016 4426 3322 4483 auditorum
3369 4425 3758 4482 immanitatem,

2194 4526 2487 4589 testemque
2517 4516 2858 4585 produximus
2879 4517 3098 4572 Paulum
3126 4517 3417 4583 dicentem,
3439 4516 3589 4576 Istud
3608 4514 3757 4581 ipsum

2192 4611 2417 4665 velamen
2436 4609 2488 4663 in
2515 4609 2727 4663 lectione
2763 4607 2950 4665 Veteris
2979 4607 3286 4665 Testamentt'
3313 4620 3484 4664 manet
3508 4623 3605 4662 non
3631 4617 3761 4659 reve-

2193 4705 2371 4767 latum,
2417 4702 2656 4773 quoniam
2683 4703 2737 4756 in
2765 4701 2964 4757 Christo
2992 4713 3267 4757 evacuatur
3313 4702 3392 4774 (2.
3434 4699 3553 4755 Cor.
3573 4698 3624 4754 3.
3655 4694 3758 4761 ﬂ).

2192 4793 2551 4863 Ostendimus,
2563 4791 3016 4866 quemadmodum
3035 4796 3275 4851 velamen
3298 4793 3491 4849 habuit
3513 4788 3762 4862 legislator

2194 4885 2424 4959 Moyses,
2455 4887 2525 4941 ita
2551 4901 2763 4959 quoque
2784 4887 2951 4957 legem
2978 4886 3221 4947 velamen
3241 4886 3514 4948 habuisse,
3541 4876 3764 4939 obscuri-

2195 4990 2391 5038 tatem:
2419 4981 2513 5037 sed
2543 4996 2717 5052 neque
2754 4979 3043 5051 legislatori
3072 4980 3201 5034 vitio
3241 4977 3579 5040 vertendum,
3607 4984 3767 5043 neque

2195 5074 2298 5145 legi
2324 5074 2533 5129 crimini
2560 5072 2794 5128 dandum
2820 5072 2917 5126 fuit
2946 5070 3210 5136 velamen,
3239 5069 3339 5128 sed
3367 5069 3665 5126 auditorum
3695 5063 3765 5115 in-

2197 5166 2433 5221 firmitati
2461 5163 2824 5220 tribuendum.
2853 5163 2969 5221 Non
2996 5164 3137 5221 enim
3165 5171 3386 5232 propter
3423 5161 3654 5229 seipsum
3685 5167 3765 5207 νει

2197 5254 2372 5311 lamen
2402 5252 2586 5310 habuit
2628 5254 2858 5327 Moyses,
2901 5253 2995 5310 sed
3027 5253 3149 5326 quia
3191 5253 3421 5325 gloriam
3462 5252 3638 5306 vultus
3661 5245 3767 5312 ejus

2196 5349 2338 5405 fcrre
2376 5360 2478 5402 non
2524 5355 2788 5419 poterant.
2825 5346 3049 5417 Quando
3074 5346 3215 5405 enim
3241 5360 3302 5401 se
3330 5341 3677 5401 convertebat
3708 5333 3771 5391 ad

2198 5438 2501 5509 Dominum,
2525 5442 2765 5496 velamen
2791 5439 3086 5499 auferebat.
3115 5441 3205 5496 Sic
3229 5439 3397 5495 etiam
3427 5438 3515 5493 lex
3536 5433 3769 5505 quoniam

2198 5532 2431 5587 nondum
2479 5533 2712 5602 perfecta
2754 5532 3071 5589 documenta
3101 5532 3390 5601 Inultwque
3431 5522 3770 5601 philosophia

2199 5624 2351 5692 plena
2382 5623 2450 5679 de
2485 5624 2697 5679 Christo
2722 5623 2976 5692 Novoque
3007 5606 3357 5679 Testamento
3386 5620 3665 5690 percipere
3687 5629 3760 5684 μιν

2201 5725 2333 5773 terat
2355 5717 2637 5791 (siquidem
2664 5717 2751 5773 illa
2773 5717 2971 5787 omnia,
2996 5724 3265 5787 tamquam
3293 5713 3349 5769 in
3372 5712 3628 5770 thesauro
3652 5717 3773 5789 qutt-
