  <div class='ocr_page' id='page_1' title='image "/cluster/home/n/w/nwhite01/storage/ocr_20150623/56/hvd.32044048208490/184.png"; bbox 0 0 4048 6208; ppageno 0'>
   <div class='ocr_carea' id='block_1_1' title="bbox 247 260 346 313">
    <p class='ocr_par' dir='ltr' id='par_1_1' title="bbox 247 260 346 313">
     <span class='ocr_line' id='line_1_1' title="bbox 247 260 346 313; baseline 0.01 -2"><span class='ocrx_word' id='word_1_1' title='bbox 247 260 346 313; x_wconf 80' lang='grc'><strong>177</strong></span> 
     </span>
    </p>
   </div>
   <div class='ocr_carea' id='block_1_2' title="bbox 241 372 1820 443">
    <p class='ocr_par' dir='ltr' id='par_1_2' title="bbox 241 372 1820 443">
     <span class='ocr_line' id='line_1_2' title="bbox 241 372 1820 443; baseline 0.003 -19"><span class='ocrx_word' id='word_1_2' title='bbox 241 380 390 435; x_wconf 79' lang='lat' dir='ltr'><strong>dum,</strong></span> <span class='ocrx_word' id='word_1_3' title='bbox 425 374 476 426; x_wconf 91' lang='lat' dir='ltr'><strong>in</strong></span> <span class='ocrx_word' id='word_1_4' title='bbox 511 372 686 426; x_wconf 73' lang='lat' dir='ltr'><strong>Veteri</strong></span> <span class='ocrx_word' id='word_1_5' title='bbox 715 373 1053 427; x_wconf 82' lang='lat' dir='ltr'><strong>Testamento</strong></span> <span class='ocrx_word' id='word_1_6' title='bbox 1085 374 1315 441; x_wconf 87' lang='lat' dir='ltr'><strong>reposita</strong></span> <span class='ocrx_word' id='word_1_7' title='bbox 1350 379 1543 443; x_wconf 85' lang='lat' dir='ltr'><strong>erant),</strong></span> <span class='ocrx_word' id='word_1_8' title='bbox 1583 375 1820 430; x_wconf 88' lang='lat' dir='ltr'><strong>velamen</strong></span> 
     </span>
    </p>
   </div>
   <div class='ocr_carea' id='block_1_3' title="bbox 239 463 1826 535">
    <p class='ocr_par' dir='ltr' id='par_1_3' title="bbox 239 463 1826 535">
     <span class='ocr_line' id='line_1_3' title="bbox 239 463 1826 535; baseline 0.003 -20"><span class='ocrx_word' id='word_1_9' title='bbox 239 463 494 526; x_wconf 80' lang='lat' dir='ltr'><strong>habebat,</strong></span> <span class='ocrx_word' id='word_1_10' title='bbox 522 464 647 519; x_wconf 87' lang='lat' dir='ltr'><strong>dum</strong></span> <span class='ocrx_word' id='word_1_11' title='bbox 679 466 782 519; x_wconf 80' lang='lat' dir='ltr'><strong>illis</strong></span> <span class='ocrx_word' id='word_1_12' title='bbox 808 467 1019 535; x_wconf 84' lang='lat' dir='ltr'><strong>quidem</strong></span> <span class='ocrx_word' id='word_1_13' title='bbox 1045 483 1102 521; x_wconf 90' lang='lat' dir='ltr'><strong>se</strong></span> <span class='ocrx_word' id='word_1_14' title='bbox 1129 468 1536 534; x_wconf 84' lang='lat' dir='ltr'><strong>attemperahat,</strong></span> <span class='ocrx_word' id='word_1_15' title='bbox 1563 469 1712 522; x_wconf 88' lang='lat' dir='ltr'><strong>nobis</strong></span> <span class='ocrx_word' id='word_1_16' title='bbox 1733 485 1826 520; x_wconf 88' lang='lat' dir='ltr'><strong>au-</strong></span> 
     </span>
    </p>
   </div>
   <div class='ocr_carea' id='block_1_4' title="bbox 239 556 1833 625">
    <p class='ocr_par' dir='ltr' id='par_1_4' title="bbox 239 556 1833 625">
     <span class='ocr_line' id='line_1_4' title="bbox 239 556 1833 625; baseline 0.008 -20"><span class='ocrx_word' id='word_1_17' title='bbox 239 566 350 610; x_wconf 75' lang='lat' dir='ltr'><strong>tem</strong></span> <span class='ocrx_word' id='word_1_18' title='bbox 377 556 586 610; x_wconf 88' lang='lat' dir='ltr'><strong>divitias</strong></span> <span class='ocrx_word' id='word_1_19' title='bbox 613 573 801 613; x_wconf 89' lang='lat' dir='ltr'><strong>omnes</strong></span> <span class='ocrx_word' id='word_1_20' title='bbox 831 558 1154 625; x_wconf 90' lang='lat' dir='ltr'><strong>reservabat,</strong></span> <span class='ocrx_word' id='word_1_21' title='bbox 1179 570 1232 614; x_wconf 89' lang='lat' dir='ltr'><strong>ut</strong></span> <span class='ocrx_word' id='word_1_22' title='bbox 1259 577 1378 615; x_wconf 92' lang='lat' dir='ltr'><strong>cum</strong></span> <span class='ocrx_word' id='word_1_23' title='bbox 1407 560 1648 616; x_wconf 73' lang='lat' dir='ltr'><strong>Christus</strong></span> <span class='ocrx_word' id='word_1_24' title='bbox 1667 563 1833 618; x_wconf 89' lang='lat' dir='ltr'><strong>adve-</strong></span> 
     </span>
    </p>
   </div>
   <div class='ocr_carea' id='block_1_5' title="bbox 235 647 1826 717">
    <p class='ocr_par' dir='ltr' id='par_1_5' title="bbox 235 647 1826 717">
     <span class='ocr_line' id='line_1_5' title="bbox 235 647 1826 717; baseline 0.004 -19"><span class='ocrx_word' id='word_1_25' title='bbox 235 649 398 709; x_wconf 78' lang='lat' dir='ltr'><strong>nerit,</strong></span> <span class='ocrx_word' id='word_1_26' title='bbox 429 658 482 700; x_wconf 88' lang='lat' dir='ltr'><strong>et</strong></span> <span class='ocrx_word' id='word_1_27' title='bbox 502 647 566 701; x_wconf 87' lang='lat' dir='ltr'><strong>ad</strong></span> <span class='ocrx_word' id='word_1_28' title='bbox 595 650 766 717; x_wconf 89' lang='lat' dir='ltr'><strong>ipsum</strong></span> <span class='ocrx_word' id='word_1_29' title='bbox 791 665 886 702; x_wconf 86' lang='lat' dir='ltr'><strong>nos</strong></span> <span class='ocrx_word' id='word_1_30' title='bbox 914 650 1356 714; x_wconf 80' lang='lat' dir='ltr'><strong>Converterimus,</strong></span> <span class='ocrx_word' id='word_1_31' title='bbox 1387 654 1628 707; x_wconf 87' lang='lat' dir='ltr'><strong>velamen</strong></span> <span class='ocrx_word' id='word_1_32' title='bbox 1675 653 1826 706; x_wconf 86' lang='lat' dir='ltr'><strong>tolla-</strong></span> 
     </span>
    </p>
   </div>
   <div class='ocr_carea' id='block_1_6' title="bbox 235 739 1820 812">
    <p class='ocr_par' dir='ltr' id='par_1_6' title="bbox 235 739 1820 812">
     <span class='ocr_line' id='line_1_6' title="bbox 235 739 1820 812; baseline 0.006 -21"><span class='ocrx_word' id='word_1_33' title='bbox 235 751 344 792; x_wconf 91' lang='lat' dir='ltr'><strong>tur.</strong></span> <span class='ocrx_word' id='word_1_34' title='bbox 381 739 585 795; x_wconf 86' lang='lat' dir='ltr'><strong>Videtis</strong></span> <span class='ocrx_word' id='word_1_35' title='bbox 631 757 760 811; x_wconf 88' lang='lat' dir='ltr'><strong>ergo</strong></span> <span class='ocrx_word' id='word_1_36' title='bbox 809 742 860 796; x_wconf 89' lang='lat' dir='ltr'><strong>in</strong></span> <span class='ocrx_word' id='word_1_37' title='bbox 902 755 1154 812; x_wconf 82' lang='lat' dir='ltr'><strong>quamam</strong></span> <span class='ocrx_word' id='word_1_38' title='bbox 1199 759 1297 798; x_wconf 92' lang='lat' dir='ltr'><strong>nos</strong></span> <span class='ocrx_word' id='word_1_39' title='bbox 1339 743 1595 799; x_wconf 75' lang='lat' dir='ltr'><strong>adventus</strong></span> <span class='ocrx_word' id='word_1_40' title='bbox 1625 743 1820 800; x_wconf 80' lang='lat' dir='ltr'><strong>ChriSIi</strong></span> 
     </span>
    </p>
   </div>
   <div class='ocr_carea' id='block_1_7' title="bbox 233 832 1820 906">
    <p class='ocr_par' dir='ltr' id='par_1_7' title="bbox 233 832 1820 906">
     <span class='ocr_line' id='line_1_7' title="bbox 233 832 1820 906; baseline 0.006 -24"><span class='ocrx_word' id='word_1_41' title='bbox 233 832 540 900; x_wconf 77' lang='lat' dir='ltr'><strong>provexerit</strong></span> <span class='ocrx_word' id='word_1_42' title='bbox 585 833 915 904; x_wconf 80' lang='lat' dir='ltr'><strong>dignitatem,</strong></span> <span class='ocrx_word' id='word_1_43' title='bbox 969 835 1054 904; x_wconf 87' lang='lat' dir='ltr'><strong>qui</strong></span> <span class='ocrx_word' id='word_1_44' title='bbox 1102 835 1297 906; x_wconf 81' lang='lat' dir='ltr'><strong>Moysis</strong></span> <span class='ocrx_word' id='word_1_45' title='bbox 1340 837 1390 891; x_wconf 91' lang='lat' dir='ltr'><strong>in</strong></span> <span class='ocrx_word' id='word_1_46' title='bbox 1439 837 1680 892; x_wconf 86' lang='lat' dir='ltr'><strong>ordinem</strong></span> <span class='ocrx_word' id='word_1_47' title='bbox 1725 853 1820 892; x_wconf 91' lang='lat' dir='ltr'><strong>nos</strong></span> 
     </span>
    </p>
   </div>
   <div class='ocr_carea' id='block_1_8' title="bbox 230 922 1816 998">
    <p class='ocr_par' dir='ltr' id='par_1_8' title="bbox 230 922 1816 998">
     <span class='ocr_line' id='line_1_8' title="bbox 230 922 1816 998; baseline 0.004 -23"><span class='ocrx_word' id='word_1_48' title='bbox 230 923 500 976; x_wconf 77' lang='lat' dir='ltr'><strong>evexerit.</strong></span> <span class='ocrx_word' id='word_1_49' title='bbox 547 925 614 976; x_wconf 81' lang='lat' dir='ltr'><strong>At</strong></span> <span class='ocrx_word' id='word_1_50' title='bbox 659 922 884 978; x_wconf 89' lang='lat' dir='ltr'><strong>fortasse</strong></span> <span class='ocrx_word' id='word_1_51' title='bbox 928 926 1066 980; x_wconf 87' lang='lat' dir='ltr'><strong>dicet</strong></span> <span class='ocrx_word' id='word_1_52' title='bbox 1115 928 1304 996; x_wconf 83' lang='lat' dir='ltr'><strong>aliquis</strong></span> <span class='ocrx_word' id='word_1_53' title='bbox 1337 946 1352 982; x_wconf 95' lang='lat'><strong>:</strong></span> <span class='ocrx_word' id='word_1_54' title='bbox 1387 926 1494 981; x_wconf 82' lang='lat' dir='ltr'><strong>Cur</strong></span> <span class='ocrx_word' id='word_1_55' title='bbox 1521 925 1680 998; x_wconf 81' lang='lat' dir='ltr'><strong>igitur</strong></span> <span class='ocrx_word' id='word_1_56' title='bbox 1709 941 1816 982; x_wconf 90' lang='lat' dir='ltr'><strong>tmn</strong></span> 
     </span>
    </p>
   </div>
   <div class='ocr_carea' id='block_1_9' title="bbox 230 1011 1821 1080">
    <p class='ocr_par' dir='ltr' id='par_1_9' title="bbox 230 1011 1821 1080">
     <span class='ocr_line' id='line_1_9' title="bbox 230 1011 1821 1080; baseline 0.005 -18"><span class='ocrx_word' id='word_1_57' title='bbox 230 1011 495 1080; x_wconf 83' lang='lat' dir='ltr'><strong>temporis</strong></span> <span class='ocrx_word' id='word_1_58' title='bbox 517 1011 830 1066; x_wconf 88' lang='lat' dir='ltr'><strong>dicebantur</strong></span> <span class='ocrx_word' id='word_1_59' title='bbox 857 1013 967 1080; x_wconf 84' lang='lat' dir='ltr'><strong>illa,</strong></span> <span class='ocrx_word' id='word_1_60' title='bbox 1011 1015 1055 1068; x_wconf 86' lang='lat' dir='ltr'><strong>si</strong></span> <span class='ocrx_word' id='word_1_61' title='bbox 1103 1016 1380 1070; x_wconf 88' lang='lat' dir='ltr'><strong>manifesta</strong></span> <span class='ocrx_word' id='word_1_62' title='bbox 1425 1033 1528 1070; x_wconf 90' lang='lat' dir='ltr'><strong>non</strong></span> <span class='ocrx_word' id='word_1_63' title='bbox 1560 1028 1708 1070; x_wconf 83' lang='lat' dir='ltr'><strong>erant</strong></span> <span class='ocrx_word' id='word_1_64' title='bbox 1739 1017 1821 1070; x_wconf 91' lang='lat' dir='ltr'><strong>fu-</strong></span> 
     </span>
    </p>
   </div>
   <div class='ocr_carea' id='block_1_10' title="bbox 228 1103 1817 1175">
    <p class='ocr_par' dir='ltr' id='par_1_10' title="bbox 228 1103 1817 1175">
     <span class='ocr_line' id='line_1_10' title="bbox 228 1103 1817 1175; baseline 0.009 -24"><span class='ocrx_word' id='word_1_65' title='bbox 228 1113 352 1154; x_wconf 84' lang='lat' dir='ltr'><strong>tura</strong></span> <span class='ocrx_word' id='word_1_66' title='bbox 380 1119 499 1170; x_wconf 74' lang='lat' dir='ltr'><strong>qua:</strong></span> <span class='ocrx_word' id='word_1_67' title='bbox 535 1103 882 1159; x_wconf 84' lang='lat' dir='ltr'><strong>dicebantur?</strong></span> <span class='ocrx_word' id='word_1_68' title='bbox 911 1105 975 1161; x_wconf 88' lang='lat' dir='ltr'><strong>Ut</strong></span> <span class='ocrx_word' id='word_1_69' title='bbox 1003 1107 1231 1175; x_wconf 85' lang='lat' dir='ltr'><strong>posteris</strong></span> <span class='ocrx_word' id='word_1_70' title='bbox 1267 1109 1513 1163; x_wconf 88' lang='lat' dir='ltr'><strong>nimirum</strong></span> <span class='ocrx_word' id='word_1_71' title='bbox 1546 1111 1689 1163; x_wconf 88' lang='lat' dir='ltr'><strong>utilia</strong></span> <span class='ocrx_word' id='word_1_72' title='bbox 1723 1111 1817 1166; x_wconf 82' lang='lat' dir='ltr'><strong>tie-</strong></span> 
     </span>
    </p>
   </div>
   <div class='ocr_carea' id='block_1_11' title="bbox 228 1195 1814 1268">
    <p class='ocr_par' dir='ltr' id='par_1_11' title="bbox 228 1195 1814 1268">
     <span class='ocr_line' id='line_1_11' title="bbox 228 1195 1814 1268; baseline 0.008 -24"><span class='ocrx_word' id='word_1_73' title='bbox 228 1205 374 1247; x_wconf 84' lang='lat' dir='ltr'><strong>rent.</strong></span> <span class='ocrx_word' id='word_1_74' title='bbox 409 1195 531 1248; x_wconf 71' lang='lat' dir='ltr'><strong>llzec</strong></span> <span class='ocrx_word' id='word_1_75' title='bbox 568 1197 710 1248; x_wconf 84' lang='lat' dir='ltr'><strong>enim</strong></span> <span class='ocrx_word' id='word_1_76' title='bbox 741 1205 825 1250; x_wconf 84' lang='lat' dir='ltr'><strong>est</strong></span> <span class='ocrx_word' id='word_1_77' title='bbox 867 1197 1093 1267; x_wconf 81' lang='lat' dir='ltr'><strong>dignitas</strong></span> <span class='ocrx_word' id='word_1_78' title='bbox 1121 1200 1434 1268; x_wconf 74' lang='lat' dir='ltr'><strong>propltctim,</strong></span> <span class='ocrx_word' id='word_1_79' title='bbox 1479 1215 1581 1254; x_wconf 91' lang='lat' dir='ltr'><strong>non</strong></span> <span class='ocrx_word' id='word_1_80' title='bbox 1627 1209 1681 1254; x_wconf 89' lang='lat' dir='ltr'><strong>ut</strong></span> <span class='ocrx_word' id='word_1_81' title='bbox 1728 1216 1814 1256; x_wconf 83' lang='lat' dir='ltr'><strong>res</strong></span> 
     </span>
    </p>
   </div>
   <div class='ocr_carea' id='block_1_12' title="bbox 225 1285 1816 1359">
    <p class='ocr_par' dir='ltr' id='par_1_12' title="bbox 225 1285 1816 1359">
     <span class='ocr_line' id='line_1_12' title="bbox 225 1285 1816 1359; baseline 0.005 -22"><span class='ocrx_word' id='word_1_82' title='bbox 225 1295 524 1353; x_wconf 64' lang='lat' dir='ltr'><strong>praesentes</strong></span> <span class='ocrx_word' id='word_1_83' title='bbox 548 1285 846 1351; x_wconf 77' lang='lat' dir='ltr'><strong>denuntiet,</strong></span> <span class='ocrx_word' id='word_1_84' title='bbox 879 1287 970 1342; x_wconf 90' lang='lat' dir='ltr'><strong>sed</strong></span> <span class='ocrx_word' id='word_1_85' title='bbox 1001 1299 1057 1342; x_wconf 92' lang='lat' dir='ltr'><strong>ut</strong></span> <span class='ocrx_word' id='word_1_86' title='bbox 1087 1289 1288 1343; x_wconf 90' lang='lat' dir='ltr'><strong>futuras</strong></span> <span class='ocrx_word' id='word_1_87' title='bbox 1316 1292 1652 1359; x_wconf 69' lang='lat' dir='ltr'><strong>prmnuntiet.</strong></span> <span class='ocrx_word' id='word_1_88' title='bbox 1689 1291 1816 1345; x_wconf 91' lang='lat' dir='ltr'><strong>Pro-</strong></span> 
     </span>
    </p>
   </div>
   <div class='ocr_carea' id='block_1_13' title="bbox 227 1377 1811 1450">
    <p class='ocr_par' dir='ltr' id='par_1_13' title="bbox 227 1377 1811 1450">
     <span class='ocr_line' id='line_1_13' title="bbox 227 1377 1811 1450; baseline 0.007 -26"><span class='ocrx_word' id='word_1_89' title='bbox 227 1377 412 1444; x_wconf 78' lang='lat' dir='ltr'><strong>phetia</strong></span> <span class='ocrx_word' id='word_1_90' title='bbox 443 1393 600 1446; x_wconf 90' lang='lat' dir='ltr'><strong>porro</strong></span> <span class='ocrx_word' id='word_1_91' title='bbox 630 1393 749 1430; x_wconf 88' lang='lat' dir='ltr'><strong>cum</strong></span> <span class='ocrx_word' id='word_1_92' title='bbox 780 1380 986 1433; x_wconf 86' lang='lat' dir='ltr'><strong>occulte</strong></span> <span class='ocrx_word' id='word_1_93' title='bbox 1014 1380 1214 1450; x_wconf 90' lang='lat' dir='ltr'><strong>prolata</strong></span> <span class='ocrx_word' id='word_1_94' title='bbox 1265 1379 1442 1446; x_wconf 88' lang='lat' dir='ltr'><strong>fuerit,</strong></span> <span class='ocrx_word' id='word_1_95' title='bbox 1475 1389 1595 1450; x_wconf 86' lang='lat' dir='ltr'><strong>post</strong></span> <span class='ocrx_word' id='word_1_96' title='bbox 1631 1395 1811 1435; x_wconf 90' lang='lat' dir='ltr'><strong>rerum</strong></span> 
     </span>
    </p>
   </div>
   <div class='ocr_carea' id='block_1_14' title="bbox 223 1470 1806 1534">
    <p class='ocr_par' dir='ltr' id='par_1_14' title="bbox 223 1470 1806 1534">
     <span class='ocr_line' id='line_1_14' title="bbox 223 1470 1806 1534; baseline 0.002 -12"><span class='ocrx_word' id='word_1_97' title='bbox 223 1479 480 1524; x_wconf 75' lang='lat' dir='ltr'><strong>eventum</strong></span> <span class='ocrx_word' id='word_1_98' title='bbox 512 1470 568 1522; x_wconf 85' lang='lat' dir='ltr'><strong>lit</strong></span> <span class='ocrx_word' id='word_1_99' title='bbox 595 1470 946 1534; x_wconf 81' lang='lat' dir='ltr'><strong>manifestior,</strong></span> <span class='ocrx_word' id='word_1_100' title='bbox 986 1481 1109 1526; x_wconf 87' lang='lat' dir='ltr'><strong>ante</strong></span> <span class='ocrx_word' id='word_1_101' title='bbox 1139 1482 1388 1526; x_wconf 82' lang='lat' dir='ltr'><strong>eventum</strong></span> <span class='ocrx_word' id='word_1_102' title='bbox 1416 1488 1541 1527; x_wconf 90' lang='lat' dir='ltr'><strong>vero</strong></span> <span class='ocrx_word' id='word_1_103' title='bbox 1567 1473 1806 1527; x_wconf 91' lang='lat' dir='ltr'><strong>minime.</strong></span> 
     </span>
    </p>
   </div>
   <div class='ocr_carea' id='block_1_15' title="bbox 223 1559 1808 1633">
    <p class='ocr_par' dir='ltr' id='par_1_15' title="bbox 223 1559 1808 1633">
     <span class='ocr_line' id='line_1_15' title="bbox 223 1559 1808 1633; baseline 0.003 -19"><span class='ocrx_word' id='word_1_104' title='bbox 223 1559 416 1630; x_wconf 81' lang='lat' dir='ltr'><strong>Itaque</strong></span> <span class='ocrx_word' id='word_1_105' title='bbox 458 1563 577 1630; x_wconf 85' lang='lat' dir='ltr'><strong>quia</strong></span> <span class='ocrx_word' id='word_1_106' title='bbox 623 1571 735 1615; x_wconf 89' lang='lat' dir='ltr'><strong>tum</strong></span> <span class='ocrx_word' id='word_1_107' title='bbox 774 1563 1002 1618; x_wconf 83' lang='lat' dir='ltr'><strong>obscure</strong></span> <span class='ocrx_word' id='word_1_108' title='bbox 1043 1565 1371 1630; x_wconf 80' lang='lat' dir='ltr'><strong>dicebantur,</strong></span> <span class='ocrx_word' id='word_1_109' title='bbox 1404 1565 1591 1633; x_wconf 74' lang='lat' dir='ltr'><strong>ignota:</strong></span> <span class='ocrx_word' id='word_1_110' title='bbox 1618 1575 1808 1618; x_wconf 89' lang='lat' dir='ltr'><strong>erant:</strong></span> 
     </span>
    </p>
   </div>
   <div class='ocr_carea' id='block_1_16' title="bbox 221 1656 1805 1725">
    <p class='ocr_par' dir='ltr' id='par_1_16' title="bbox 221 1656 1805 1725">
     <span class='ocr_line' id='line_1_16' title="bbox 221 1656 1805 1725; baseline -0.001 -18"><span class='ocrx_word' id='word_1_111' title='bbox 221 1669 351 1707; x_wconf 86' lang='lat' dir='ltr'><strong>cum</strong></span> <span class='ocrx_word' id='word_1_112' title='bbox 368 1665 542 1708; x_wconf 91' lang='lat' dir='ltr'><strong>autem</strong></span> <span class='ocrx_word' id='word_1_113' title='bbox 562 1669 646 1710; x_wconf 91' lang='lat' dir='ltr'><strong>res</strong></span> <span class='ocrx_word' id='word_1_114' title='bbox 662 1656 1011 1724; x_wconf 78' lang='lat' dir='ltr'><strong>contigerant,</strong></span> <span class='ocrx_word' id='word_1_115' title='bbox 1033 1665 1308 1725; x_wconf 80' lang='lat' dir='ltr'><strong>propterea</strong></span> <span class='ocrx_word' id='word_1_116' title='bbox 1327 1657 1601 1710; x_wconf 87' lang='lat' dir='ltr'><strong>manifesta</strong></span> <span class='ocrx_word' id='word_1_117' title='bbox 1632 1665 1805 1720; x_wconf 87' lang='lat' dir='ltr'><strong>erant,</strong></span> 
     </span>
    </p>
   </div>
   <div class='ocr_carea' id='block_1_17' title="bbox 219 1731 1803 1816">
    <p class='ocr_par' dir='ltr' id='par_1_17' title="bbox 219 1731 1803 1816">
     <span class='ocr_line' id='line_1_17' title="bbox 219 1731 1803 1816; baseline 0.003 -21"><span class='ocrx_word' id='word_1_118' title='bbox 219 1761 347 1814; x_wconf 69' lang='lat' dir='ltr'><strong>qua:</strong></span> <span class='ocrx_word' id='word_1_119' title='bbox 390 1746 526 1798; x_wconf 84' lang='lat' dir='ltr'><strong>dicta</strong></span> <span class='ocrx_word' id='word_1_120' title='bbox 555 1745 788 1799; x_wconf 79' lang='lat' dir='ltr'><strong>fuerant.</strong></span> <span class='ocrx_word' id='word_1_121' title='bbox 830 1731 1000 1816; x_wconf 81' lang='lat' dir='ltr'><strong>Atque</strong></span> <span class='ocrx_word' id='word_1_122' title='bbox 1031 1754 1088 1800; x_wconf 90' lang='lat' dir='ltr'><strong>ut</strong></span> <span class='ocrx_word' id='word_1_123' title='bbox 1114 1746 1448 1816; x_wconf 82' lang='lat' dir='ltr'><strong>prophetiam</strong></span> <span class='ocrx_word' id='word_1_124' title='bbox 1478 1747 1803 1816; x_wconf 83' lang='lat' dir='ltr'><strong>intelligatis,</strong></span> 
     </span>
    </p>
   </div>
   <div class='ocr_carea' id='block_1_18' title="bbox 223 1837 1807 1908">
    <p class='ocr_par' dir='ltr' id='par_1_18' title="bbox 223 1837 1807 1908">
     <span class='ocr_line' id='line_1_18' title="bbox 223 1837 1807 1908; baseline 0.003 -18"><span class='ocrx_word' id='word_1_125' title='bbox 223 1837 353 1891; x_wconf 76' lang='lat' dir='ltr'><strong>licet</strong></span> <span class='ocrx_word' id='word_1_126' title='bbox 383 1840 547 1891; x_wconf 87' lang='lat' dir='ltr'><strong>multo</strong></span> <span class='ocrx_word' id='word_1_127' title='bbox 574 1848 697 1893; x_wconf 87' lang='lat' dir='ltr'><strong>ante</strong></span> <span class='ocrx_word' id='word_1_128' title='bbox 726 1849 963 1908; x_wconf 88' lang='lat' dir='ltr'><strong>tempore</strong></span> <span class='ocrx_word' id='word_1_129' title='bbox 987 1839 1127 1894; x_wconf 87' lang='lat' dir='ltr'><strong>dicta</strong></span> <span class='ocrx_word' id='word_1_130' title='bbox 1154 1840 1243 1906; x_wconf 87' lang='lat' dir='ltr'><strong>sit,</strong></span> <span class='ocrx_word' id='word_1_131' title='bbox 1271 1838 1363 1894; x_wconf 88' lang='lat' dir='ltr'><strong>sed</strong></span> <span class='ocrx_word' id='word_1_132' title='bbox 1397 1850 1568 1894; x_wconf 89' lang='lat' dir='ltr'><strong>tamen</strong></span> <span class='ocrx_word' id='word_1_133' title='bbox 1599 1841 1807 1896; x_wconf 87' lang='lat' dir='ltr'><strong>occulte</strong></span> 
     </span>
    </p>
   </div>
   <div class='ocr_carea' id='block_1_19' title="bbox 219 1929 1801 1999">
    <p class='ocr_par' dir='ltr' id='par_1_19' title="bbox 219 1929 1801 1999">
     <span class='ocr_line' id='line_1_19' title="bbox 219 1929 1801 1999; baseline 0.002 -19"><span class='ocrx_word' id='word_1_134' title='bbox 219 1929 388 1992; x_wconf 87' lang='lat' dir='ltr'><strong>dicta,</strong></span> <span class='ocrx_word' id='word_1_135' title='bbox 419 1929 698 1983; x_wconf 83' lang='lat' dir='ltr'><strong>obscuram</strong></span> <span class='ocrx_word' id='word_1_136' title='bbox 732 1944 872 1993; x_wconf 86' lang='lat' dir='ltr'><strong>esse,</strong></span> <span class='ocrx_word' id='word_1_137' title='bbox 895 1944 959 1983; x_wconf 90' lang='lat' dir='ltr'><strong>ac</strong></span> <span class='ocrx_word' id='word_1_138' title='bbox 985 1944 1160 1984; x_wconf 88' lang='lat' dir='ltr'><strong>rerum</strong></span> <span class='ocrx_word' id='word_1_139' title='bbox 1191 1939 1438 1984; x_wconf 84' lang='lat' dir='ltr'><strong>eventum</strong></span> <span class='ocrx_word' id='word_1_140' title='bbox 1470 1939 1801 1999; x_wconf 76' lang='lat' dir='ltr'><strong>exspectare,</strong></span> 
     </span>
    </p>
   </div>
   <div class='ocr_carea' id='block_1_20' title="bbox 218 2020 1808 2090">
    <p class='ocr_par' dir='ltr' id='par_1_20' title="bbox 218 2020 1808 2090">
     <span class='ocr_line' id='line_1_20' title="bbox 218 2020 1808 2090; baseline 0.002 -18"><span class='ocrx_word' id='word_1_141' title='bbox 218 2021 603 2086; x_wconf 71' lang='lat' dir='ltr'><strong>discipulorum</strong></span> <span class='ocrx_word' id='word_1_142' title='bbox 641 2021 879 2089; x_wconf 88' lang='lat' dir='ltr'><strong>ipsorum</strong></span> <span class='ocrx_word' id='word_1_143' title='bbox 917 2020 967 2074; x_wconf 90' lang='lat' dir='ltr'><strong>id</strong></span> <span class='ocrx_word' id='word_1_144' title='bbox 998 2021 1244 2090; x_wconf 77' lang='lat' dir='ltr'><strong>exemplo</strong></span> <span class='ocrx_word' id='word_1_145' title='bbox 1269 2022 1648 2090; x_wconf 87' lang='lat' dir='ltr'><strong>eomprobabo.</strong></span> <span class='ocrx_word' id='word_1_146' title='bbox 1685 2022 1808 2077; x_wconf 86' lang='lat' dir='ltr'><strong>Sot-</strong></span> 
     </span>
    </p>
   </div>
   <div class='ocr_carea' id='block_1_21' title="bbox 217 2112 1800 2184">
    <p class='ocr_par' dir='ltr' id='par_1_21' title="bbox 217 2112 1800 2184">
     <span class='ocr_line' id='line_1_21' title="bbox 217 2112 1800 2184; baseline 0.002 -19"><span class='ocrx_word' id='word_1_147' title='bbox 217 2115 319 2165; x_wconf 73' lang='lat' dir='ltr'><strong>rite</strong></span> <span class='ocrx_word' id='word_1_148' title='bbox 339 2113 577 2182; x_wconf 82' lang='lat' dir='ltr'><strong>templum</strong></span> <span class='ocrx_word' id='word_1_149' title='bbox 603 2114 696 2166; x_wconf 86' lang='lat' dir='ltr'><strong>hoc</strong></span> <span class='ocrx_word' id='word_1_150' title='bbox 720 2112 896 2178; x_wconf 75' lang='lat' dir='ltr'><strong>(Joan.</strong></span> <span class='ocrx_word' id='word_1_151' title='bbox 917 2112 970 2167; x_wconf 76' lang='lat'><strong>9..</strong></span> <span class='ocrx_word' id='word_1_152' title='bbox 997 2113 1105 2184; x_wconf 83' lang='grc'><strong>19),</strong></span> <span class='ocrx_word' id='word_1_153' title='bbox 1128 2113 1304 2168; x_wconf 84' lang='lat' dir='ltr'><strong>aiebat</strong></span> <span class='ocrx_word' id='word_1_154' title='bbox 1324 2113 1567 2168; x_wconf 85' lang='lat' dir='ltr'><strong>Christus</strong></span> <span class='ocrx_word' id='word_1_155' title='bbox 1582 2113 1800 2168; x_wconf 66' lang='lat' dir='ltr'><strong>ludatis.</strong></span> 
     </span>
    </p>
   </div>
   <div class='ocr_carea' id='block_1_22' title="bbox 219 2203 1802 2276">
    <p class='ocr_par' dir='ltr' id='par_1_22' title="bbox 219 2203 1802 2276">
     <span class='ocr_line' id='line_1_22' title="bbox 219 2203 1802 2276; baseline 0.002 -19"><span class='ocrx_word' id='word_1_156' title='bbox 219 2203 354 2257; x_wconf 73' lang='lat' dir='ltr'><strong>Nam</strong></span> <span class='ocrx_word' id='word_1_157' title='bbox 387 2221 506 2257; x_wconf 90' lang='lat' dir='ltr'><strong>cum</strong></span> <span class='ocrx_word' id='word_1_158' title='bbox 534 2219 628 2258; x_wconf 91' lang='lat' dir='ltr'><strong>eos</strong></span> <span class='ocrx_word' id='word_1_159' title='bbox 657 2204 925 2274; x_wconf 73' lang='lat' dir='ltr'><strong>eiecisset,</strong></span> <span class='ocrx_word' id='word_1_160' title='bbox 956 2205 1044 2273; x_wconf 87' lang='lat' dir='ltr'><strong>qui</strong></span> <span class='ocrx_word' id='word_1_161' title='bbox 1085 2206 1444 2276; x_wconf 84' lang='lat' dir='ltr'><strong>negotiatione</strong></span> <span class='ocrx_word' id='word_1_162' title='bbox 1484 2222 1577 2260; x_wconf 89' lang='lat' dir='ltr'><strong>sua</strong></span> <span class='ocrx_word' id='word_1_163' title='bbox 1622 2206 1802 2276; x_wconf 81' lang='lat' dir='ltr'><strong>templi</strong></span> 
     </span>
    </p>
   </div>
   <div class='ocr_carea' id='block_1_23' title="bbox 214 2296 1802 2368">
    <p class='ocr_par' dir='ltr' id='par_1_23' title="bbox 214 2296 1802 2368">
     <span class='ocr_line' id='line_1_23' title="bbox 214 2296 1802 2368; baseline 0.001 -19"><span class='ocrx_word' id='word_1_164' title='bbox 214 2298 556 2350; x_wconf 76' lang='lat' dir='ltr'><strong>sanctitatem</strong></span> <span class='ocrx_word' id='word_1_165' title='bbox 607 2296 887 2361; x_wconf 77' lang='lat' dir='ltr'><strong>violarent,</strong></span> <span class='ocrx_word' id='word_1_166' title='bbox 937 2296 1191 2351; x_wconf 77' lang='lat' dir='ltr'><strong>dixerunt</strong></span> <span class='ocrx_word' id='word_1_167' title='bbox 1240 2297 1313 2351; x_wconf 91' lang='lat' dir='ltr'><strong>illi</strong></span> <span class='ocrx_word' id='word_1_168' title='bbox 1352 2316 1366 2352; x_wconf 95' lang='lat'><strong>:</strong></span> <span class='ocrx_word' id='word_1_169' title='bbox 1413 2297 1561 2364; x_wconf 83' lang='lat' dir='ltr'><strong>Quod</strong></span> <span class='ocrx_word' id='word_1_170' title='bbox 1601 2299 1802 2368; x_wconf 78' lang='lat' dir='ltr'><strong>signant</strong></span> 
     </span>
    </p>
   </div>
   <div class='ocr_carea' id='block_1_24' title="bbox 215 2386 1798 2457">
    <p class='ocr_par' dir='ltr' id='par_1_24' title="bbox 215 2386 1798 2457">
     <span class='ocr_line' id='line_1_24' title="bbox 215 2386 1798 2457; baseline 0.001 -17"><span class='ocrx_word' id='word_1_171' title='bbox 215 2388 442 2441; x_wconf 76' lang='lat' dir='ltr'><strong>ostendis</strong></span> <span class='ocrx_word' id='word_1_172' title='bbox 483 2388 642 2449; x_wconf 74' lang='lat' dir='ltr'><strong>nobis,</strong></span> <span class='ocrx_word' id='word_1_173' title='bbox 690 2389 808 2457; x_wconf 84' lang='lat' dir='ltr'><strong>quia</strong></span> <span class='ocrx_word' id='word_1_174' title='bbox 851 2390 956 2442; x_wconf 77' lang='lat' dir='ltr'><strong>liceo</strong></span> <span class='ocrx_word' id='word_1_175' title='bbox 994 2388 1120 2457; x_wconf 77' lang='lat' dir='ltr'><strong>fucis</strong></span> <span class='ocrx_word' id='word_1_176' title='bbox 1143 2386 1303 2456; x_wconf 83' lang='lat' dir='ltr'><strong>(Ibid.</strong></span> <span class='ocrx_word' id='word_1_177' title='bbox 1335 2404 1384 2441; x_wconf 84' lang='grc' dir='ltr'><strong>υ.</strong></span> <span class='ocrx_word' id='word_1_178' title='bbox 1416 2388 1545 2457; x_wconf 69' lang='lat'><strong>18)?</strong></span> <span class='ocrx_word' id='word_1_179' title='bbox 1570 2389 1703 2442; x_wconf 89' lang='lat' dir='ltr'><strong>Tum</strong></span> <span class='ocrx_word' id='word_1_180' title='bbox 1733 2388 1798 2442; x_wconf 89' lang='lat' dir='ltr'><strong>ad</strong></span> 
     </span>
    </p>
   </div>
   <div class='ocr_carea' id='block_1_25' title="bbox 215 2477 1800 2549">
    <p class='ocr_par' dir='ltr' id='par_1_25' title="bbox 215 2477 1800 2549">
     <span class='ocr_line' id='line_1_25' title="bbox 215 2477 1800 2549; baseline 0.003 -19"><span class='ocrx_word' id='word_1_181' title='bbox 215 2477 320 2532; x_wconf 85' lang='lat' dir='ltr'><strong>hoc</strong></span> <span class='ocrx_word' id='word_1_182' title='bbox 351 2478 671 2548; x_wconf 86' lang='lat' dir='ltr'><strong>respondet:</strong></span> <span class='ocrx_word' id='word_1_183' title='bbox 701 2479 892 2534; x_wconf 79' lang='lat' dir='ltr'><strong>Solvite</strong></span> <span class='ocrx_word' id='word_1_184' title='bbox 913 2479 1152 2549; x_wconf 82' lang='lat' dir='ltr'><strong>templum</strong></span> <span class='ocrx_word' id='word_1_185' title='bbox 1177 2479 1291 2546; x_wconf 85' lang='lat' dir='ltr'><strong>hoc,</strong></span> <span class='ocrx_word' id='word_1_186' title='bbox 1315 2491 1360 2534; x_wconf 86' lang='lat' dir='ltr'><strong>et</strong></span> <span class='ocrx_word' id='word_1_187' title='bbox 1383 2481 1434 2533; x_wconf 86' lang='lat' dir='ltr'><strong>in</strong></span> <span class='ocrx_word' id='word_1_188' title='bbox 1454 2481 1607 2533; x_wconf 87' lang='lat' dir='ltr'><strong>tribus</strong></span> <span class='ocrx_word' id='word_1_189' title='bbox 1627 2481 1800 2534; x_wconf 84' lang='lat' dir='ltr'><strong>diebus</strong></span> 
     </span>
    </p>
   </div>
   <div class='ocr_carea' id='block_1_26' title="bbox 213 2571 1798 2641">
    <p class='ocr_par' dir='ltr' id='par_1_26' title="bbox 213 2571 1798 2641">
     <span class='ocr_line' id='line_1_26' title="bbox 213 2571 1798 2641; baseline -0.001 -16"><span class='ocrx_word' id='word_1_190' title='bbox 213 2572 444 2625; x_wconf 70' lang='lat' dir='ltr'><strong>excitabo</strong></span> <span class='ocrx_word' id='word_1_191' title='bbox 474 2571 625 2624; x_wconf 87' lang='lat' dir='ltr'><strong>illud.</strong></span> <span class='ocrx_word' id='word_1_192' title='bbox 654 2571 754 2624; x_wconf 83' lang='lat' dir='ltr'><strong>Ille</strong></span> <span class='ocrx_word' id='word_1_193' title='bbox 777 2581 944 2625; x_wconf 83' lang='lat' dir='ltr'><strong>autent</strong></span> <span class='ocrx_word' id='word_1_194' title='bbox 965 2573 1156 2626; x_wconf 86' lang='lat' dir='ltr'><strong>dicebat</strong></span> <span class='ocrx_word' id='word_1_195' title='bbox 1177 2572 1240 2624; x_wconf 90' lang='lat' dir='ltr'><strong>de</strong></span> <span class='ocrx_word' id='word_1_196' title='bbox 1269 2573 1454 2641; x_wconf 85' lang='lat' dir='ltr'><strong>templo</strong></span> <span class='ocrx_word' id='word_1_197' title='bbox 1474 2573 1701 2640; x_wconf 83' lang='lat' dir='ltr'><strong>corporis</strong></span> <span class='ocrx_word' id='word_1_198' title='bbox 1720 2573 1798 2625; x_wconf 85' lang='lat' dir='ltr'><strong>sui</strong></span> 
     </span>
    </p>
   </div>
   <div class='ocr_carea' id='block_1_27' title="bbox 213 2662 1800 2734">
    <p class='ocr_par' dir='ltr' id='par_1_27' title="bbox 213 2662 1800 2734">
     <span class='ocr_line' id='line_1_27' title="bbox 213 2662 1800 2734; baseline 0.001 -18"><span class='ocrx_word' id='word_1_199' title='bbox 213 2663 377 2734; x_wconf 83' lang='lat' dir='ltr'><strong>(Ibid.</strong></span> <span class='ocrx_word' id='word_1_200' title='bbox 411 2679 458 2717; x_wconf 78' lang='grc' dir='ltr'><strong>υ.</strong></span> <span class='ocrx_word' id='word_1_201' title='bbox 482 2663 598 2732; x_wconf 71' lang='grc'><strong>21).</strong></span> <span class='ocrx_word' id='word_1_202' title='bbox 633 2663 742 2717; x_wconf 90' lang='lat' dir='ltr'><strong>lloc</strong></span> <span class='ocrx_word' id='word_1_203' title='bbox 762 2672 936 2717; x_wconf 86' lang='lat' dir='ltr'><strong>autem</strong></span> <span class='ocrx_word' id='word_1_204' title='bbox 960 2662 1234 2733; x_wconf 82' lang='lat' dir='ltr'><strong>prophetia</strong></span> <span class='ocrx_word' id='word_1_205' title='bbox 1260 2663 1500 2732; x_wconf 70' lang='lat' dir='ltr'><strong>quardam</strong></span> <span class='ocrx_word' id='word_1_206' title='bbox 1530 2673 1644 2716; x_wconf 87' lang='lat' dir='ltr'><strong>est:</strong></span> <span class='ocrx_word' id='word_1_207' title='bbox 1668 2680 1800 2717; x_wconf 89' lang='lat' dir='ltr'><strong>non-</strong></span> 
     </span>
    </p>
   </div>
   <div class='ocr_carea' id='block_1_28' title="bbox 210 2754 1798 2823">
    <p class='ocr_par' dir='ltr' id='par_1_28' title="bbox 210 2754 1798 2823">
     <span class='ocr_line' id='line_1_28' title="bbox 210 2754 1798 2823; baseline 0 -15"><span class='ocrx_word' id='word_1_208' title='bbox 210 2755 341 2808; x_wconf 88' lang='lat' dir='ltr'><strong>dum</strong></span> <span class='ocrx_word' id='word_1_209' title='bbox 370 2754 566 2822; x_wconf 83' lang='lat' dir='ltr'><strong>quippe</strong></span> <span class='ocrx_word' id='word_1_210' title='bbox 592 2768 719 2807; x_wconf 79' lang='lat' dir='ltr'><strong>crux</strong></span> <span class='ocrx_word' id='word_1_211' title='bbox 750 2763 1018 2816; x_wconf 88' lang='lat' dir='ltr'><strong>evenerat,</strong></span> <span class='ocrx_word' id='word_1_212' title='bbox 1052 2770 1222 2822; x_wconf 88' lang='lat' dir='ltr'><strong>neque</strong></span> <span class='ocrx_word' id='word_1_213' title='bbox 1253 2755 1434 2823; x_wconf 90' lang='lat' dir='ltr'><strong>templi</strong></span> <span class='ocrx_word' id='word_1_214' title='bbox 1463 2754 1680 2818; x_wconf 90' lang='lat' dir='ltr'><strong>solutio,</strong></span> <span class='ocrx_word' id='word_1_215' title='bbox 1705 2770 1798 2808; x_wconf 82' lang='lat' dir='ltr'><strong>ne-</strong></span> 
     </span>
    </p>
   </div>
   <div class='ocr_carea' id='block_1_29' title="bbox 210 2845 1798 2917">
    <p class='ocr_par' dir='ltr' id='par_1_29' title="bbox 210 2845 1798 2917">
     <span class='ocr_line' id='line_1_29' title="bbox 210 2845 1798 2917; baseline 0.002 -19"><span class='ocrx_word' id='word_1_216' title='bbox 210 2864 314 2914; x_wconf 84' lang='lat' dir='ltr'><strong>que</strong></span> <span class='ocrx_word' id='word_1_217' title='bbox 344 2857 464 2915; x_wconf 84' lang='lat' dir='ltr'><strong>post</strong></span> <span class='ocrx_word' id='word_1_218' title='bbox 490 2856 599 2901; x_wconf 89' lang='lat' dir='ltr'><strong>tres</strong></span> <span class='ocrx_word' id='word_1_219' title='bbox 622 2845 737 2901; x_wconf 92' lang='lat' dir='ltr'><strong>dies</strong></span> <span class='ocrx_word' id='word_1_220' title='bbox 765 2848 1101 2912; x_wconf 82' lang='lat' dir='ltr'><strong>resurrectio,</strong></span> <span class='ocrx_word' id='word_1_221' title='bbox 1132 2862 1290 2917; x_wconf 92' lang='lat' dir='ltr'><strong>quam</strong></span> <span class='ocrx_word' id='word_1_222' title='bbox 1321 2848 1433 2916; x_wconf 89' lang='lat' dir='ltr'><strong>ipse</strong></span> <span class='ocrx_word' id='word_1_223' title='bbox 1463 2847 1602 2902; x_wconf 90' lang='lat' dir='ltr'><strong>fecit.</strong></span> <span class='ocrx_word' id='word_1_224' title='bbox 1628 2848 1798 2901; x_wconf 79' lang='lat' dir='ltr'><strong>Acvi-</strong></span> 
     </span>
    </p>
   </div>
   <div class='ocr_carea' id='block_1_30' title="bbox 209 2937 1792 3008">
    <p class='ocr_par' dir='ltr' id='par_1_30' title="bbox 209 2937 1792 3008">
     <span class='ocr_line' id='line_1_30' title="bbox 209 2937 1792 3008; baseline 0.001 -17"><span class='ocrx_word' id='word_1_225' title='bbox 209 2938 280 2991; x_wconf 87' lang='lat' dir='ltr'><strong>de</strong></span> <span class='ocrx_word' id='word_1_226' title='bbox 311 2953 469 3005; x_wconf 86' lang='lat' dir='ltr'><strong>quam</strong></span> <span class='ocrx_word' id='word_1_227' title='bbox 497 2945 685 2991; x_wconf 79' lang='lat' dir='ltr'><strong>exacte</strong></span> <span class='ocrx_word' id='word_1_228' title='bbox 706 2948 926 3007; x_wconf 89' lang='lat' dir='ltr'><strong>utraque</strong></span> <span class='ocrx_word' id='word_1_229' title='bbox 954 2937 1263 3008; x_wconf 87' lang='lat' dir='ltr'><strong>designarit,</strong></span> <span class='ocrx_word' id='word_1_230' title='bbox 1291 2948 1346 2991; x_wconf 88' lang='lat' dir='ltr'><strong>et</strong></span> <span class='ocrx_word' id='word_1_231' title='bbox 1375 2938 1584 2992; x_wconf 90' lang='lat' dir='ltr'><strong>illorum</strong></span> <span class='ocrx_word' id='word_1_232' title='bbox 1622 2939 1792 2993; x_wconf 81' lang='lat' dir='ltr'><strong>audax</strong></span> 
     </span>
    </p>
   </div>
   <div class='ocr_carea' id='block_1_31' title="bbox 210 3029 1792 3100">
    <p class='ocr_par' dir='ltr' id='par_1_31' title="bbox 210 3029 1792 3100">
     <span class='ocr_line' id='line_1_31' title="bbox 210 3029 1792 3100; baseline 0.001 -17"><span class='ocrx_word' id='word_1_233' title='bbox 210 3030 442 3093; x_wconf 62' lang='lat' dir='ltr'><strong>Licinus,</strong></span> <span class='ocrx_word' id='word_1_234' title='bbox 471 3038 522 3084; x_wconf 91' lang='lat' dir='ltr'><strong>et</strong></span> <span class='ocrx_word' id='word_1_235' title='bbox 551 3045 699 3083; x_wconf 87' lang='lat' dir='ltr'><strong>suam</strong></span> <span class='ocrx_word' id='word_1_236' title='bbox 746 3031 908 3098; x_wconf 89' lang='lat' dir='ltr'><strong>ipsius</strong></span> <span class='ocrx_word' id='word_1_237' title='bbox 936 3031 1201 3084; x_wconf 82' lang='lat' dir='ltr'><strong>virtutem.</strong></span> <span class='ocrx_word' id='word_1_238' title='bbox 1235 3029 1349 3084; x_wconf 83' lang='lat' dir='ltr'><strong>Non</strong></span> <span class='ocrx_word' id='word_1_239' title='bbox 1381 3039 1554 3084; x_wconf 87' lang='lat' dir='ltr'><strong>tamen</strong></span> <span class='ocrx_word' id='word_1_240' title='bbox 1583 3045 1644 3086; x_wconf 88' lang='lat' dir='ltr'><strong>ea</strong></span> <span class='ocrx_word' id='word_1_241' title='bbox 1671 3046 1792 3100; x_wconf 75' lang='lat' dir='ltr'><strong>qua:</strong></span> 
     </span>
    </p>
   </div>
   <div class='ocr_carea' id='block_1_32' title="bbox 207 3120 1787 3190">
    <p class='ocr_par' dir='ltr' id='par_1_32' title="bbox 207 3120 1787 3190">
     <span class='ocr_line' id='line_1_32' title="bbox 207 3120 1787 3190; baseline 0.002 -19"><span class='ocrx_word' id='word_1_242' title='bbox 207 3120 527 3175; x_wconf 87' lang='lat' dir='ltr'><strong>dicebantur</strong></span> <span class='ocrx_word' id='word_1_243' title='bbox 551 3130 896 3190; x_wconf 87' lang='lat' dir='ltr'><strong>agnoverunt.</strong></span> <span class='ocrx_word' id='word_1_244' title='bbox 924 3122 997 3176; x_wconf 83' lang='lat' dir='ltr'><strong>Ac</strong></span> <span class='ocrx_word' id='word_1_245' title='bbox 1022 3121 1236 3175; x_wconf 77' lang='lat' dir='ltr'><strong>Judzcos</strong></span> <span class='ocrx_word' id='word_1_246' title='bbox 1255 3121 1470 3190; x_wconf 86' lang='lat' dir='ltr'><strong>quidem</strong></span> <span class='ocrx_word' id='word_1_247' title='bbox 1497 3122 1787 3190; x_wconf 74' lang='lat' dir='ltr'><strong>ignorasse,</strong></span> 
     </span>
    </p>
   </div>
   <div class='ocr_carea' id='block_1_33' title="bbox 206 3211 1794 3281">
    <p class='ocr_par' dir='ltr' id='par_1_33' title="bbox 206 3211 1794 3281">
     <span class='ocr_line' id='line_1_33' title="bbox 206 3211 1794 3281; baseline 0 -17"><span class='ocrx_word' id='word_1_248' title='bbox 206 3211 432 3265; x_wconf 87' lang='lat' dir='ltr'><strong>minime</strong></span> <span class='ocrx_word' id='word_1_249' title='bbox 463 3213 687 3265; x_wconf 90' lang='lat' dir='ltr'><strong>mirum:</strong></span> <span class='ocrx_word' id='word_1_250' title='bbox 711 3221 763 3264; x_wconf 92' lang='lat' dir='ltr'><strong>at</strong></span> <span class='ocrx_word' id='word_1_251' title='bbox 812 3227 878 3267; x_wconf 82' lang='lat' dir='ltr'><strong>ne</strong></span> <span class='ocrx_word' id='word_1_252' title='bbox 919 3211 1208 3281; x_wconf 88' lang='lat' dir='ltr'><strong>discipulos</strong></span> <span class='ocrx_word' id='word_1_253' title='bbox 1238 3212 1446 3281; x_wconf 90' lang='lat' dir='ltr'><strong>quidem</strong></span> <span class='ocrx_word' id='word_1_254' title='bbox 1488 3213 1605 3281; x_wconf 86' lang='lat' dir='ltr'><strong>ejus</strong></span> <span class='ocrx_word' id='word_1_255' title='bbox 1637 3213 1794 3265; x_wconf 89' lang='lat' dir='ltr'><strong>intel-</strong></span> 
     </span>
    </p>
   </div>
   <div class='ocr_carea' id='block_1_34' title="bbox 207 3301 1790 3372">
    <p class='ocr_par' dir='ltr' id='par_1_34' title="bbox 207 3301 1790 3372">
     <span class='ocr_line' id='line_1_34' title="bbox 207 3301 1790 3372; baseline 0.001 -17"><span class='ocrx_word' id='word_1_256' title='bbox 207 3303 409 3357; x_wconf 67' lang='lat' dir='ltr'><strong>lexisse</strong></span> <span class='ocrx_word' id='word_1_257' title='bbox 440 3301 588 3364; x_wconf 87' lang='lat' dir='ltr'><strong>dicit,</strong></span> <span class='ocrx_word' id='word_1_258' title='bbox 619 3317 895 3372; x_wconf 82' lang='lat' dir='ltr'><strong>quouSque</strong></span> <span class='ocrx_word' id='word_1_259' title='bbox 921 3318 950 3356; x_wconf 87' lang='lat' dir='ltr'><strong>a</strong></span> <span class='ocrx_word' id='word_1_260' title='bbox 981 3304 1204 3357; x_wconf 90' lang='lat' dir='ltr'><strong>mortuis</strong></span> <span class='ocrx_word' id='word_1_261' title='bbox 1229 3305 1536 3366; x_wconf 79' lang='lat' dir='ltr'><strong>resurrexit,</strong></span> <span class='ocrx_word' id='word_1_262' title='bbox 1573 3313 1790 3372; x_wconf 84' lang='lat' dir='ltr'><strong>tumque</strong></span> 
     </span>
    </p>
   </div>
   <div class='ocr_carea' id='block_1_35' title="bbox 206 3395 1790 3467">
    <p class='ocr_par' dir='ltr' id='par_1_35' title="bbox 206 3395 1790 3467">
     <span class='ocr_line' id='line_1_35' title="bbox 206 3395 1790 3467; baseline 0.001 -20"><span class='ocrx_word' id='word_1_263' title='bbox 206 3396 541 3448; x_wconf 62' lang='lat' dir='ltr'><strong>Crediderunt</strong></span> <span class='ocrx_word' id='word_1_264' title='bbox 585 3395 866 3464; x_wconf 73' lang='lat' dir='ltr'><strong>Scriptum</strong></span> <span class='ocrx_word' id='word_1_265' title='bbox 904 3412 962 3449; x_wconf 90' lang='lat' dir='ltr'><strong>ac</strong></span> <span class='ocrx_word' id='word_1_266' title='bbox 1002 3397 1241 3464; x_wconf 77' lang='lat' dir='ltr'><strong>sermoni,</strong></span> <span class='ocrx_word' id='word_1_267' title='bbox 1285 3413 1428 3467; x_wconf 86' lang='lat' dir='ltr'><strong>quem</strong></span> <span class='ocrx_word' id='word_1_268' title='bbox 1473 3397 1598 3450; x_wconf 61' lang='lat' dir='ltr'><strong>dixit</strong></span> <span class='ocrx_word' id='word_1_269' title='bbox 1637 3395 1790 3450; x_wconf 78' lang='lat' dir='ltr'><strong>Iesus</strong></span> 
     </span>
    </p>
   </div>
   <div class='ocr_carea' id='block_1_36' title="bbox 206 3481 586 3554">
    <p class='ocr_par' dir='ltr' id='par_1_36' title="bbox 206 3481 586 3554">
     <span class='ocr_line' id='line_1_36' title="bbox 206 3481 586 3554; baseline -0.021 -8"><span class='ocrx_word' id='word_1_270' title='bbox 206 3481 369 3546; x_wconf 79' lang='lat' dir='ltr'><strong>(Ibid.</strong></span> <span class='ocrx_word' id='word_1_271' title='bbox 398 3504 444 3539; x_wconf 76' lang='grc' dir='ltr'>ιι.</span> <span class='ocrx_word' id='word_1_272' title='bbox 473 3485 586 3554; x_wconf 75' lang='lat'><strong>22).</strong></span> 
     </span>
    </p>
   </div>
   <div class='ocr_carea' id='block_1_37' title="bbox 276 3577 1782 3649">
    <p class='ocr_par' dir='ltr' id='par_1_37' title="bbox 276 3577 1782 3649">
     <span class='ocr_line' id='line_1_37' title="bbox 276 3577 1782 3649; baseline 0 -19"><span class='ocrx_word' id='word_1_273' title='bbox 276 3578 331 3630; x_wconf 75' lang='lat'><strong>9..</strong></span> <span class='ocrx_word' id='word_1_274' title='bbox 379 3577 536 3632; x_wconf 80' lang='lat' dir='ltr'><strong>\‘ides</strong></span> <span class='ocrx_word' id='word_1_275' title='bbox 575 3587 764 3631; x_wconf 88' lang='lat' dir='ltr'><strong>eventu</strong></span> <span class='ocrx_word' id='word_1_276' title='bbox 809 3578 926 3633; x_wconf 91' lang='lat' dir='ltr'><strong>illos</strong></span> <span class='ocrx_word' id='word_1_277' title='bbox 965 3578 1251 3649; x_wconf 78' lang='lat' dir='ltr'><strong>indiguisse</strong></span> <span class='ocrx_word' id='word_1_278' title='bbox 1282 3595 1481 3641; x_wconf 87' lang='lat' dir='ltr'><strong>rerum,</strong></span> <span class='ocrx_word' id='word_1_279' title='bbox 1511 3588 1564 3632; x_wconf 92' lang='lat' dir='ltr'><strong>ut</strong></span> <span class='ocrx_word' id='word_1_280' title='bbox 1598 3577 1782 3631; x_wconf 87' lang='lat' dir='ltr'><strong>diluci-</strong></span> 
     </span>
    </p>
   </div>
   <div class='ocr_carea' id='block_1_38' title="bbox 201 3669 1787 3740">
    <p class='ocr_par' dir='ltr' id='par_1_38' title="bbox 201 3669 1787 3740">
     <span class='ocr_line' id='line_1_38' title="bbox 201 3669 1787 3740; baseline 0.002 -20"><span class='ocrx_word' id='word_1_281' title='bbox 201 3669 323 3721; x_wconf 88' lang='lat' dir='ltr'><strong>dior</strong></span> <span class='ocrx_word' id='word_1_282' title='bbox 345 3670 498 3723; x_wconf 87' lang='lat' dir='ltr'><strong>lieret</strong></span> <span class='ocrx_word' id='word_1_283' title='bbox 534 3669 828 3739; x_wconf 86' lang='lat' dir='ltr'><strong>prophetia,</strong></span> <span class='ocrx_word' id='word_1_284' title='bbox 852 3685 1023 3740; x_wconf 86' lang='lat' dir='ltr'><strong>neque</strong></span> <span class='ocrx_word' id='word_1_285' title='bbox 1049 3670 1254 3724; x_wconf 89' lang='lat' dir='ltr'><strong>crimini</strong></span> <span class='ocrx_word' id='word_1_286' title='bbox 1283 3671 1593 3724; x_wconf 90' lang='lat' dir='ltr'><strong>vertendum</strong></span> <span class='ocrx_word' id='word_1_287' title='bbox 1625 3669 1787 3724; x_wconf 80' lang='lat' dir='ltr'><strong>fuisse</strong></span> 
     </span>
    </p>
   </div>
   <div class='ocr_carea' id='block_1_39' title="bbox 199 3761 1783 3831">
    <p class='ocr_par' dir='ltr' id='par_1_39' title="bbox 199 3761 1783 3831">
     <span class='ocr_line' id='line_1_39' title="bbox 199 3761 1783 3831; baseline 0.001 -16"><span class='ocrx_word' id='word_1_288' title='bbox 199 3761 427 3820; x_wconf 59' lang='lat' dir='ltr'><strong>ludatis,</strong></span> <span class='ocrx_word' id='word_1_289' title='bbox 467 3763 607 3831; x_wconf 86' lang='lat' dir='ltr'><strong>quod</strong></span> <span class='ocrx_word' id='word_1_290' title='bbox 647 3763 950 3831; x_wconf 79' lang='lat' dir='ltr'><strong>prophetias</strong></span> <span class='ocrx_word' id='word_1_291' title='bbox 977 3764 1093 3817; x_wconf 85' lang='lat' dir='ltr'><strong>illas</strong></span> <span class='ocrx_word' id='word_1_292' title='bbox 1114 3763 1181 3817; x_wconf 91' lang='lat' dir='ltr'><strong>de</strong></span> <span class='ocrx_word' id='word_1_293' title='bbox 1206 3762 1418 3816; x_wconf 86' lang='lat' dir='ltr'><strong>Christo</strong></span> <span class='ocrx_word' id='word_1_294' title='bbox 1444 3772 1564 3817; x_wconf 87' lang='lat' dir='ltr'><strong>ante</strong></span> <span class='ocrx_word' id='word_1_295' title='bbox 1589 3762 1783 3816; x_wconf 80' lang='lat' dir='ltr'><strong>Christi</strong></span> 
     </span>
    </p>
   </div>
   <div class='ocr_carea' id='block_1_40' title="bbox 201 3853 1786 3922">
    <p class='ocr_par' dir='ltr' id='par_1_40' title="bbox 201 3853 1786 3922">
     <span class='ocr_line' id='line_1_40' title="bbox 201 3853 1786 3922; baseline 0.001 -18"><span class='ocrx_word' id='word_1_296' title='bbox 201 3853 492 3905; x_wconf 84' lang='lat' dir='ltr'><strong>adventum</strong></span> <span class='ocrx_word' id='word_1_297' title='bbox 519 3867 620 3905; x_wconf 90' lang='lat' dir='ltr'><strong>non</strong></span> <span class='ocrx_word' id='word_1_298' title='bbox 651 3853 1002 3922; x_wconf 83' lang='lat' dir='ltr'><strong>intelligerent</strong></span> <span class='ocrx_word' id='word_1_299' title='bbox 1016 3854 1039 3908; x_wconf 83' lang='lat'><strong>?</strong></span> <span class='ocrx_word' id='word_1_300' title='bbox 1053 3853 1322 3922; x_wconf 88' lang='lat' dir='ltr'><strong>Siquidem</strong></span> <span class='ocrx_word' id='word_1_301' title='bbox 1347 3870 1438 3922; x_wconf 91' lang='lat' dir='ltr'><strong>per</strong></span> <span class='ocrx_word' id='word_1_302' title='bbox 1459 3853 1573 3921; x_wconf 91' lang='lat' dir='ltr'><strong>ejus</strong></span> <span class='ocrx_word' id='word_1_303' title='bbox 1589 3853 1786 3908; x_wconf 87' lang='lat' dir='ltr'><strong>adven-</strong></span> 
     </span>
    </p>
   </div>
   <div class='ocr_carea' id='block_1_41' title="bbox 203 3943 1786 4014">
    <p class='ocr_par' dir='ltr' id='par_1_41' title="bbox 203 3943 1786 4014">
     <span class='ocr_line' id='line_1_41' title="bbox 203 3943 1786 4014; baseline 0.005 -22"><span class='ocrx_word' id='word_1_304' title='bbox 203 3953 314 3995; x_wconf 88' lang='lat' dir='ltr'><strong>tum</strong></span> <span class='ocrx_word' id='word_1_305' title='bbox 364 3945 523 3996; x_wconf 71' lang='lat' dir='ltr'><strong>claraa</strong></span> <span class='ocrx_word' id='word_1_306' title='bbox 567 3943 853 3997; x_wconf 84' lang='lat' dir='ltr'><strong>reddenda:</strong></span> <span class='ocrx_word' id='word_1_307' title='bbox 892 3943 1098 3999; x_wconf 90' lang='lat' dir='ltr'><strong>fuerant</strong></span> <span class='ocrx_word' id='word_1_308' title='bbox 1122 3956 1174 3999; x_wconf 90' lang='lat' dir='ltr'><strong>et</strong></span> <span class='ocrx_word' id='word_1_309' title='bbox 1211 3954 1428 4014; x_wconf 79' lang='lat' dir='ltr'><strong>apertae.</strong></span> <span class='ocrx_word' id='word_1_310' title='bbox 1463 3946 1596 3998; x_wconf 80' lang='lat' dir='ltr'><strong>Audi</strong></span> <span class='ocrx_word' id='word_1_311' title='bbox 1631 3944 1786 4000; x_wconf 87' lang='lat' dir='ltr'><strong>Chri-</strong></span> 
     </span>
    </p>
   </div>
   <div class='ocr_carea' id='block_1_42' title="bbox 202 4033 1786 4100">
    <p class='ocr_par' dir='ltr' id='par_1_42' title="bbox 202 4033 1786 4100">
     <span class='ocr_line' id='line_1_42' title="bbox 202 4033 1786 4100; baseline 0.005 -18"><span class='ocrx_word' id='word_1_312' title='bbox 202 4043 343 4086; x_wconf 82' lang='lat' dir='ltr'><strong>stum</strong></span> <span class='ocrx_word' id='word_1_313' title='bbox 397 4034 499 4087; x_wconf 90' lang='lat' dir='ltr'><strong>hoc</strong></span> <span class='ocrx_word' id='word_1_314' title='bbox 550 4033 858 4088; x_wconf 86' lang='lat' dir='ltr'><strong>dicentem:</strong></span> <span class='ocrx_word' id='word_1_315' title='bbox 901 4035 962 4090; x_wconf 89' lang='lat' dir='ltr'><strong>Si</strong></span> <span class='ocrx_word' id='word_1_316' title='bbox 1008 4052 1107 4088; x_wconf 87' lang='lat' dir='ltr'><strong>non</strong></span> <span class='ocrx_word' id='word_1_317' title='bbox 1148 4037 1421 4100; x_wconf 81' lang='lat' dir='ltr'><strong>venissent,</strong></span> <span class='ocrx_word' id='word_1_318' title='bbox 1464 4045 1509 4088; x_wconf 85' lang='lat' dir='ltr'><strong>et</strong></span> <span class='ocrx_word' id='word_1_319' title='bbox 1550 4034 1786 4098; x_wconf 75' lang='lat' dir='ltr'><strong>loquutus</strong></span> 
     </span>
    </p>
   </div>
   <div class='ocr_carea' id='block_1_43' title="bbox 201 4122 1786 4195">
    <p class='ocr_par' dir='ltr' id='par_1_43' title="bbox 201 4122 1786 4195">
     <span class='ocr_line' id='line_1_43' title="bbox 201 4122 1786 4195; baseline 0.004 -22"><span class='ocrx_word' id='word_1_320' title='bbox 201 4124 410 4190; x_wconf 72' lang='lat' dir='ltr'><strong>fuissem</strong></span> <span class='ocrx_word' id='word_1_321' title='bbox 462 4122 552 4184; x_wconf 86' lang='lat' dir='ltr'><strong>eis,</strong></span> <span class='ocrx_word' id='word_1_322' title='bbox 602 4135 858 4191; x_wconf 84' lang='lat' dir='ltr'><strong>peccatum</strong></span> <span class='ocrx_word' id='word_1_323' title='bbox 909 4141 1009 4178; x_wconf 86' lang='lat' dir='ltr'><strong>non</strong></span> <span class='ocrx_word' id='word_1_324' title='bbox 1057 4125 1295 4180; x_wconf 83' lang='lat' dir='ltr'><strong>haberent</strong></span> <span class='ocrx_word' id='word_1_325' title='bbox 1323 4124 1502 4195; x_wconf 81' lang='lat' dir='ltr'><strong>(Joan.</strong></span> <span class='ocrx_word' id='word_1_326' title='bbox 1547 4125 1636 4179; x_wconf 81' lang='grc'><strong>15.</strong></span> <span class='ocrx_word' id='word_1_327' title='bbox 1667 4124 1786 4194; x_wconf 77' lang='grc'><strong>21).</strong></span> 
     </span>
    </p>
   </div>
   <div class='ocr_carea' id='block_1_44' title="bbox 201 4213 1784 4285">
    <p class='ocr_par' dir='ltr' id='par_1_44' title="bbox 201 4213 1784 4285">
     <span class='ocr_line' id='line_1_44' title="bbox 201 4213 1784 4285; baseline 0.004 -22"><span class='ocrx_word' id='word_1_328' title='bbox 201 4216 377 4277; x_wconf 77' lang='lat' dir='ltr'><strong>Quare</strong></span> <span class='ocrx_word' id='word_1_329' title='bbox 423 4224 697 4280; x_wconf 81' lang='lat' dir='ltr'><strong>peccaturo</strong></span> <span class='ocrx_word' id='word_1_330' title='bbox 738 4229 844 4267; x_wconf 89' lang='lat' dir='ltr'><strong>non</strong></span> <span class='ocrx_word' id='word_1_331' title='bbox 875 4214 1158 4280; x_wconf 86' lang='lat' dir='ltr'><strong>habebant,</strong></span> <span class='ocrx_word' id='word_1_332' title='bbox 1191 4215 1234 4268; x_wconf 89' lang='lat' dir='ltr'><strong>si</strong></span> <span class='ocrx_word' id='word_1_333' title='bbox 1263 4213 1555 4284; x_wconf 82' lang='lat' dir='ltr'><strong>pr0pheti:e</strong></span> <span class='ocrx_word' id='word_1_334' title='bbox 1589 4215 1784 4285; x_wconf 70' lang='lat' dir='ltr'><strong>prtedi-</strong></span> 
     </span>
    </p>
   </div>
   <div class='ocr_carea' id='block_1_45' title="bbox 203 4305 1782 4376">
    <p class='ocr_par' dir='ltr' id='par_1_45' title="bbox 203 4305 1782 4376">
     <span class='ocr_line' id='line_1_45' title="bbox 203 4305 1782 4376; baseline 0.003 -20"><span class='ocrx_word' id='word_1_335' title='bbox 203 4307 432 4358; x_wconf 69' lang='lat' dir='ltr'><strong>serant?</strong></span> <span class='ocrx_word' id='word_1_336' title='bbox 455 4306 588 4371; x_wconf 84' lang='lat' dir='ltr'><strong>Quia</strong></span> <span class='ocrx_word' id='word_1_337' title='bbox 611 4305 962 4374; x_wconf 70' lang='lat' dir='ltr'><strong>prmdixerant</strong></span> <span class='ocrx_word' id='word_1_338' title='bbox 983 4307 1214 4376; x_wconf 91' lang='lat' dir='ltr'><strong>quidem,</strong></span> <span class='ocrx_word' id='word_1_339' title='bbox 1240 4306 1332 4361; x_wconf 89' lang='lat' dir='ltr'><strong>sed</strong></span> <span class='ocrx_word' id='word_1_340' title='bbox 1366 4307 1656 4362; x_wconf 80' lang='lat' dir='ltr'><strong>manifesta:</strong></span> <span class='ocrx_word' id='word_1_341' title='bbox 1679 4321 1782 4361; x_wconf 91' lang='lat' dir='ltr'><strong>non</strong></span> 
     </span>
    </p>
   </div>
   <div class='ocr_carea' id='block_1_46' title="bbox 201 4399 1784 4470">
    <p class='ocr_par' dir='ltr' id='par_1_46' title="bbox 201 4399 1784 4470">
     <span class='ocr_line' id='line_1_46' title="bbox 201 4399 1784 4470; baseline 0.003 -20"><span class='ocrx_word' id='word_1_342' title='bbox 201 4411 352 4453; x_wconf 82' lang='lat' dir='ltr'><strong>erant</strong></span> <span class='ocrx_word' id='word_1_343' title='bbox 382 4416 556 4469; x_wconf 89' lang='lat' dir='ltr'><strong>neque</strong></span> <span class='ocrx_word' id='word_1_344' title='bbox 583 4401 739 4454; x_wconf 73' lang='lat' dir='ltr'><strong>clara:</strong></span> <span class='ocrx_word' id='word_1_345' title='bbox 764 4411 886 4454; x_wconf 87' lang='lat' dir='ltr'><strong>ante</strong></span> <span class='ocrx_word' id='word_1_346' title='bbox 915 4401 1051 4454; x_wconf 90' lang='lat' dir='ltr'><strong>illius</strong></span> <span class='ocrx_word' id='word_1_347' title='bbox 1075 4401 1361 4454; x_wconf 88' lang='lat' dir='ltr'><strong>adventum</strong></span> <span class='ocrx_word' id='word_1_348' title='bbox 1387 4401 1473 4470; x_wconf 91' lang='lat' dir='ltr'><strong>qui</strong></span> <span class='ocrx_word' id='word_1_349' title='bbox 1504 4399 1784 4470; x_wconf 65' lang='lat' dir='ltr'><strong>praedictus</strong></span> 
     </span>
    </p>
   </div>
   <div class='ocr_carea' id='block_1_47' title="bbox 204 4490 1783 4561">
    <p class='ocr_par' dir='ltr' id='par_1_47' title="bbox 204 4490 1783 4561">
     <span class='ocr_line' id='line_1_47' title="bbox 204 4490 1783 4561; baseline -0.001 -17"><span class='ocrx_word' id='word_1_350' title='bbox 204 4491 394 4546; x_wconf 73' lang='lat' dir='ltr'><strong>fuerat.</strong></span> <span class='ocrx_word' id='word_1_351' title='bbox 433 4491 565 4545; x_wconf 76' lang='lat' dir='ltr'><strong>Nam</strong></span> <span class='ocrx_word' id='word_1_352' title='bbox 605 4493 648 4546; x_wconf 90' lang='lat' dir='ltr'><strong>si</strong></span> <span class='ocrx_word' id='word_1_353' title='bbox 680 4502 790 4545; x_wconf 88' lang='lat' dir='ltr'><strong>tmn</strong></span> <span class='ocrx_word' id='word_1_354' title='bbox 833 4507 1044 4561; x_wconf 88' lang='lat' dir='ltr'><strong>quoque</strong></span> <span class='ocrx_word' id='word_1_355' title='bbox 1084 4491 1380 4545; x_wconf 80' lang='lat' dir='ltr'><strong>manifesta.-</strong></span> <span class='ocrx_word' id='word_1_356' title='bbox 1418 4491 1518 4545; x_wconf 89' lang='lat' dir='ltr'><strong>illis</strong></span> <span class='ocrx_word' id='word_1_357' title='bbox 1547 4499 1602 4544; x_wconf 89' lang='lat' dir='ltr'><strong>et</strong></span> <span class='ocrx_word' id='word_1_358' title='bbox 1628 4490 1783 4544; x_wconf 71' lang='lat' dir='ltr'><strong>clara:</strong></span> 
     </span>
    </p>
   </div>
   <div class='ocr_carea' id='block_1_48' title="bbox 205 4581 1782 4652">
    <p class='ocr_par' dir='ltr' id='par_1_48' title="bbox 205 4581 1782 4652">
     <span class='ocr_line' id='line_1_48' title="bbox 205 4581 1782 4652; baseline 0.001 -18"><span class='ocrx_word' id='word_1_359' title='bbox 205 4583 446 4647; x_wconf 70' lang='lat' dir='ltr'><strong>fuissent,</strong></span> <span class='ocrx_word' id='word_1_360' title='bbox 480 4582 614 4635; x_wconf 87' lang='lat' dir='ltr'><strong>haud</strong></span> <span class='ocrx_word' id='word_1_361' title='bbox 645 4581 862 4636; x_wconf 86' lang='lat' dir='ltr'><strong>dubium</strong></span> <span class='ocrx_word' id='word_1_362' title='bbox 890 4583 1016 4652; x_wconf 90' lang='lat' dir='ltr'><strong>quin</strong></span> <span class='ocrx_word' id='word_1_363' title='bbox 1053 4584 1212 4636; x_wconf 90' lang='lat' dir='ltr'><strong>etiam</strong></span> <span class='ocrx_word' id='word_1_364' title='bbox 1239 4590 1364 4636; x_wconf 81' lang='lat' dir='ltr'><strong>ante</strong></span> <span class='ocrx_word' id='word_1_365' title='bbox 1390 4582 1555 4652; x_wconf 89' lang='lat' dir='ltr'><strong>ipsius</strong></span> <span class='ocrx_word' id='word_1_366' title='bbox 1581 4582 1782 4637; x_wconf 86' lang='lat' dir='ltr'><strong>adven-</strong></span> 
     </span>
    </p>
   </div>
   <div class='ocr_carea' id='block_1_49' title="bbox 207 4674 1782 4745">
    <p class='ocr_par' dir='ltr' id='par_1_49' title="bbox 207 4674 1782 4745">
     <span class='ocr_line' id='line_1_49' title="bbox 207 4674 1782 4745; baseline 0.001 -17"><span class='ocrx_word' id='word_1_367' title='bbox 207 4688 308 4729; x_wconf 86' lang='lat' dir='ltr'><strong>tum</strong></span> <span class='ocrx_word' id='word_1_368' title='bbox 359 4685 635 4744; x_wconf 85' lang='lat' dir='ltr'><strong>peccaturo</strong></span> <span class='ocrx_word' id='word_1_369' title='bbox 693 4675 1046 4730; x_wconf 77' lang='lat' dir='ltr'><strong>habuissent:</strong></span> <span class='ocrx_word' id='word_1_370' title='bbox 1099 4674 1240 4745; x_wconf 90' lang='lat' dir='ltr'><strong>quod</strong></span> <span class='ocrx_word' id='word_1_371' title='bbox 1278 4675 1321 4728; x_wconf 92' lang='lat' dir='ltr'><strong>si</strong></span> <span class='ocrx_word' id='word_1_372' title='bbox 1359 4683 1634 4745; x_wconf 87' lang='lat' dir='ltr'><strong>peccatum</strong></span> <span class='ocrx_word' id='word_1_373' title='bbox 1677 4690 1782 4730; x_wconf 92' lang='lat' dir='ltr'><strong>non</strong></span> 
     </span>
    </p>
   </div>
   <div class='ocr_carea' id='block_1_50' title="bbox 209 4767 1784 4838">
    <p class='ocr_par' dir='ltr' id='par_1_50' title="bbox 209 4767 1784 4838">
     <span class='ocr_line' id='line_1_50' title="bbox 209 4767 1784 4838; baseline -0.001 -17"><span class='ocrx_word' id='word_1_374' title='bbox 209 4768 505 4822; x_wconf 75' lang='lat' dir='ltr'><strong>Italurernnt</strong></span> <span class='ocrx_word' id='word_1_375' title='bbox 525 4811 538 4828; x_wconf 90' lang='lat'><strong>,</strong></span> <span class='ocrx_word' id='word_1_376' title='bbox 567 4769 783 4822; x_wconf 90' lang='lat' dir='ltr'><strong>dubium</strong></span> <span class='ocrx_word' id='word_1_377' title='bbox 813 4783 917 4822; x_wconf 90' lang='lat' dir='ltr'><strong>non</strong></span> <span class='ocrx_word' id='word_1_378' title='bbox 943 4778 1023 4822; x_wconf 90' lang='lat' dir='ltr'><strong>est</strong></span> <span class='ocrx_word' id='word_1_379' title='bbox 1041 4809 1055 4831; x_wconf 96' lang='lat'><strong>,</strong></span> <span class='ocrx_word' id='word_1_380' title='bbox 1087 4769 1211 4837; x_wconf 88' lang='lat' dir='ltr'><strong>quin</strong></span> <span class='ocrx_word' id='word_1_381' title='bbox 1237 4775 1456 4838; x_wconf 88' lang='lat' dir='ltr'><strong>propter</strong></span> <span class='ocrx_word' id='word_1_382' title='bbox 1479 4782 1660 4821; x_wconf 86' lang='lat' dir='ltr'><strong>earum</strong></span> <span class='ocrx_word' id='word_1_383' title='bbox 1687 4767 1784 4820; x_wconf 89' lang='lat' dir='ltr'><strong>ob-</strong></span> 
     </span>
    </p>
   </div>
   <div class='ocr_carea' id='block_1_51' title="bbox 210 4854 1775 4928">
    <p class='ocr_par' dir='ltr' id='par_1_51' title="bbox 210 4854 1775 4928">
     <span class='ocr_line' id='line_1_51' title="bbox 210 4854 1775 4928; baseline -0.003 -16"><span class='ocrx_word' id='word_1_384' title='bbox 210 4862 530 4919; x_wconf 78' lang='lat' dir='ltr'><strong>scuritatem,</strong></span> <span class='ocrx_word' id='word_1_385' title='bbox 561 4867 613 4912; x_wconf 85' lang='lat' dir='ltr'><strong>et</strong></span> <span class='ocrx_word' id='word_1_386' title='bbox 646 4858 894 4928; x_wconf 90' lang='lat' dir='ltr'><strong>quoniam</strong></span> <span class='ocrx_word' id='word_1_387' title='bbox 916 4857 1127 4911; x_wconf 88' lang='lat' dir='ltr'><strong>obtecta</strong></span> <span class='ocrx_word' id='word_1_388' title='bbox 1155 4856 1362 4910; x_wconf 89' lang='lat' dir='ltr'><strong>fuerant</strong></span> <span class='ocrx_word' id='word_1_389' title='bbox 1387 4872 1506 4926; x_wconf 68' lang='lat' dir='ltr'><strong>qua:</strong></span> <span class='ocrx_word' id='word_1_390' title='bbox 1531 4854 1775 4911; x_wconf 82' lang='lat' dir='ltr'><strong>diceban-</strong></span> 
     </span>
    </p>
   </div>
   <div class='ocr_carea' id='block_1_52' title="bbox 214 4946 1850 5018">
    <p class='ocr_par' dir='ltr' id='par_1_52' title="bbox 214 4946 1850 5018">
     <span class='ocr_line' id='line_1_52' title="bbox 214 4946 1850 5018; baseline 0.001 -18"><span class='ocrx_word' id='word_1_391' title='bbox 214 4961 306 5003; x_wconf 82' lang='lat' dir='ltr'><strong>tur.</strong></span> <span class='ocrx_word' id='word_1_392' title='bbox 331 4949 512 5018; x_wconf 79' lang='lat' dir='ltr'><strong>Neque</strong></span> <span class='ocrx_word' id='word_1_393' title='bbox 534 4949 676 5003; x_wconf 88' lang='lat' dir='ltr'><strong>enim</strong></span> <span class='ocrx_word' id='word_1_394' title='bbox 702 4959 826 5004; x_wconf 87' lang='lat' dir='ltr'><strong>ante</strong></span> <span class='ocrx_word' id='word_1_395' title='bbox 844 4948 1041 5003; x_wconf 83' lang='lat' dir='ltr'><strong>Christi</strong></span> <span class='ocrx_word' id='word_1_396' title='bbox 1071 4948 1356 5002; x_wconf 84' lang='lat' dir='ltr'><strong>adventum</strong></span> <span class='ocrx_word' id='word_1_397' title='bbox 1385 4946 1520 5002; x_wconf 83' lang='lat' dir='ltr'><strong>fides</strong></span> <span class='ocrx_word' id='word_1_398' title='bbox 1546 4948 1598 5000; x_wconf 91' lang='lat' dir='ltr'><strong>in</strong></span> <span class='ocrx_word' id='word_1_399' title='bbox 1629 4947 1784 5000; x_wconf 83' lang='lat' dir='ltr'><strong>Chri-</strong></span> <span class='ocrx_word' id='word_1_400' title='bbox 1844 4997 1850 5002; x_wconf 93' lang='lat'><strong>.</strong></span> 
     </span>
    </p>
   </div>
   <div class='ocr_carea' id='block_1_53' title="bbox 214 5037 1780 5110">
    <p class='ocr_par' dir='ltr' id='par_1_53' title="bbox 214 5037 1780 5110">
     <span class='ocr_line' id='line_1_53' title="bbox 214 5037 1780 5110; baseline -0.003 -16"><span class='ocrx_word' id='word_1_401' title='bbox 214 5052 340 5095; x_wconf 84' lang='lat' dir='ltr'><strong>stum</strong></span> <span class='ocrx_word' id='word_1_402' title='bbox 370 5042 438 5094; x_wconf 80' lang='lat' dir='ltr'><strong>ab</strong></span> <span class='ocrx_word' id='word_1_403' title='bbox 466 5043 570 5095; x_wconf 89' lang='lat' dir='ltr'><strong>illis</strong></span> <span class='ocrx_word' id='word_1_404' title='bbox 591 5042 921 5110; x_wconf 76' lang='lat' dir='ltr'><strong>exigebatur.</strong></span> <span class='ocrx_word' id='word_1_405' title='bbox 951 5039 1061 5094; x_wconf 91' lang='lat' dir='ltr'><strong>Cur</strong></span> <span class='ocrx_word' id='word_1_406' title='bbox 1099 5040 1276 5108; x_wconf 86' lang='lat' dir='ltr'><strong>itaque</strong></span> <span class='ocrx_word' id='word_1_407' title='bbox 1311 5047 1421 5092; x_wconf 92' lang='lat' dir='ltr'><strong>tum</strong></span> <span class='ocrx_word' id='word_1_408' title='bbox 1456 5037 1780 5106; x_wconf 67' lang='lat' dir='ltr'><strong>praediceba-</strong></span> 
     </span>
    </p>
   </div>
   <div class='ocr_carea' id='block_1_54' title="bbox 217 5129 1781 5197">
    <p class='ocr_par' dir='ltr' id='par_1_54' title="bbox 217 5129 1781 5197">
     <span class='ocr_line' id='line_1_54' title="bbox 217 5129 1781 5197; baseline 0 -13"><span class='ocrx_word' id='word_1_409' title='bbox 217 5142 291 5186; x_wconf 85' lang='lat' dir='ltr'><strong>tur</strong></span> <span class='ocrx_word' id='word_1_410' title='bbox 317 5136 338 5187; x_wconf 69' lang='lat'><strong><em>3</em></strong></span> <span class='ocrx_word' id='word_1_411' title='bbox 363 5135 430 5189; x_wconf 88' lang='lat' dir='ltr'><strong>Ut</strong></span> <span class='ocrx_word' id='word_1_412' title='bbox 458 5151 577 5188; x_wconf 91' lang='lat' dir='ltr'><strong>cum</strong></span> <span class='ocrx_word' id='word_1_413' title='bbox 607 5134 910 5188; x_wconf 73' lang='lat' dir='ltr'><strong>advenisset</strong></span> <span class='ocrx_word' id='word_1_414' title='bbox 934 5175 946 5197; x_wconf 87' lang='lat'><strong>,</strong></span> <span class='ocrx_word' id='word_1_415' title='bbox 975 5133 1299 5188; x_wconf 88' lang='lat' dir='ltr'><strong>domesticos</strong></span> <span class='ocrx_word' id='word_1_416' title='bbox 1339 5129 1588 5184; x_wconf 89' lang='lat' dir='ltr'><strong>doctores</strong></span> <span class='ocrx_word' id='word_1_417' title='bbox 1619 5130 1781 5184; x_wconf 88' lang='lat' dir='ltr'><strong>habe-</strong></span> 
     </span>
    </p>
   </div>
   <div class='ocr_carea' id='block_1_55' title="bbox 218 5223 1780 5294">
    <p class='ocr_par' dir='ltr' id='par_1_55' title="bbox 218 5223 1780 5294">
     <span class='ocr_line' id='line_1_55' title="bbox 218 5223 1780 5294; baseline -0.002 -17"><span class='ocrx_word' id='word_1_418' title='bbox 218 5238 322 5280; x_wconf 81' lang='lat' dir='ltr'><strong>rent</strong></span> <span class='ocrx_word' id='word_1_419' title='bbox 346 5244 374 5279; x_wconf 86' lang='lat' dir='ltr'><strong>a</strong></span> <span class='ocrx_word' id='word_1_420' title='bbox 399 5228 589 5294; x_wconf 80' lang='lat' dir='ltr'><strong>quibus</strong></span> <span class='ocrx_word' id='word_1_421' title='bbox 614 5227 978 5290; x_wconf 84' lang='lat' dir='ltr'><strong>incitarentur,</strong></span> <span class='ocrx_word' id='word_1_422' title='bbox 997 5233 1051 5278; x_wconf 91' lang='lat' dir='ltr'><strong>et</strong></span> <span class='ocrx_word' id='word_1_423' title='bbox 1073 5223 1428 5293; x_wconf 73' lang='lat' dir='ltr'><strong>intelligerent</strong></span> <span class='ocrx_word' id='word_1_424' title='bbox 1451 5237 1563 5275; x_wconf 90' lang='lat' dir='ltr'><strong>rem</strong></span> <span class='ocrx_word' id='word_1_425' title='bbox 1593 5236 1780 5274; x_wconf 88' lang='lat' dir='ltr'><strong>novam</strong></span> 
     </span>
    </p>
   </div>
   <div class='ocr_carea' id='block_1_56' title="bbox 217 5313 1784 5389">
    <p class='ocr_par' dir='ltr' id='par_1_56' title="bbox 217 5313 1784 5389">
     <span class='ocr_line' id='line_1_56' title="bbox 217 5313 1784 5389; baseline -0.002 -19"><span class='ocrx_word' id='word_1_426' title='bbox 217 5333 310 5370; x_wconf 84' lang='lat' dir='ltr'><strong>non</strong></span> <span class='ocrx_word' id='word_1_427' title='bbox 341 5335 462 5374; x_wconf 84' lang='lat' dir='ltr'><strong>esse</strong></span> <span class='ocrx_word' id='word_1_428' title='bbox 489 5334 609 5389; x_wconf 82' lang='lat' dir='ltr'><strong>qua:</strong></span> <span class='ocrx_word' id='word_1_429' title='bbox 645 5317 983 5386; x_wconf 81' lang='lat' dir='ltr'><strong>gerebantur,</strong></span> <span class='ocrx_word' id='word_1_430' title='bbox 1013 5330 1185 5385; x_wconf 87' lang='lat' dir='ltr'><strong>neque</strong></span> <span class='ocrx_word' id='word_1_431' title='bbox 1212 5322 1482 5369; x_wconf 89' lang='lat' dir='ltr'><strong>recentem</strong></span> <span class='ocrx_word' id='word_1_432' title='bbox 1508 5313 1784 5383; x_wconf 82' lang='lat' dir='ltr'><strong>dispensa-</strong></span> 
     </span>
    </p>
   </div>
   <div class='ocr_carea' id='block_1_57' title="bbox 218 5404 1780 5468">
    <p class='ocr_par' dir='ltr' id='par_1_57' title="bbox 218 5404 1780 5468">
     <span class='ocr_line' id='line_1_57' title="bbox 218 5404 1780 5468; baseline -0.001 -10"><span class='ocrx_word' id='word_1_433' title='bbox 218 5418 421 5468; x_wconf 78' lang='lat' dir='ltr'><strong>tionem.</strong></span> <span class='ocrx_word' id='word_1_434' title='bbox 452 5410 546 5462; x_wconf 87' lang='lat' dir='ltr'><strong>sed</strong></span> <span class='ocrx_word' id='word_1_435' title='bbox 596 5408 710 5461; x_wconf 63' lang='lat' dir='ltr'><strong>haec</strong></span> <span class='ocrx_word' id='word_1_436' title='bbox 749 5407 876 5460; x_wconf 90' lang='lat' dir='ltr'><strong>olim</strong></span> <span class='ocrx_word' id='word_1_437' title='bbox 912 5416 965 5461; x_wconf 89' lang='lat' dir='ltr'><strong>et</strong></span> <span class='ocrx_word' id='word_1_438' title='bbox 1006 5417 1131 5460; x_wconf 89' lang='lat' dir='ltr'><strong>ante</strong></span> <span class='ocrx_word' id='word_1_439' title='bbox 1171 5406 1365 5459; x_wconf 91' lang='lat' dir='ltr'><strong>multos</strong></span> <span class='ocrx_word' id='word_1_440' title='bbox 1408 5419 1582 5459; x_wconf 80' lang='lat' dir='ltr'><strong>annos</strong></span> <span class='ocrx_word' id='word_1_441' title='bbox 1620 5404 1780 5457; x_wconf 86' lang='lat' dir='ltr'><strong>fuisse</strong></span> 
     </span>
    </p>
   </div>
   <div class='ocr_carea' id='block_1_58' title="bbox 219 5492 1779 5567">
    <p class='ocr_par' dir='ltr' id='par_1_58' title="bbox 219 5492 1779 5567">
     <span class='ocr_line' id='line_1_58' title="bbox 219 5492 1779 5567; baseline -0.002 -18"><span class='ocrx_word' id='word_1_442' title='bbox 219 5510 549 5562; x_wconf 67' lang='lat' dir='ltr'><strong>pra-immuta</strong></span> <span class='ocrx_word' id='word_1_443' title='bbox 580 5516 594 5551; x_wconf 91' lang='lat'><strong>:</strong></span> <span class='ocrx_word' id='word_1_444' title='bbox 627 5498 677 5551; x_wconf 88' lang='lat' dir='ltr'><strong>id</strong></span> <span class='ocrx_word' id='word_1_445' title='bbox 705 5497 842 5567; x_wconf 85' lang='lat' dir='ltr'><strong>quod</strong></span> <span class='ocrx_word' id='word_1_446' title='bbox 872 5513 975 5550; x_wconf 91' lang='lat' dir='ltr'><strong>non</strong></span> <span class='ocrx_word' id='word_1_447' title='bbox 1017 5496 1352 5552; x_wconf 85' lang='lat' dir='ltr'><strong>mediocriter</strong></span> <span class='ocrx_word' id='word_1_448' title='bbox 1379 5494 1542 5548; x_wconf 89' lang='lat' dir='ltr'><strong>valuit</strong></span> <span class='ocrx_word' id='word_1_449' title='bbox 1567 5494 1632 5546; x_wconf 89' lang='lat' dir='ltr'><strong>ad</strong></span> <span class='ocrx_word' id='word_1_450' title='bbox 1662 5492 1779 5548; x_wconf 87' lang='lat' dir='ltr'><strong>illos</strong></span> 
     </span>
    </p>
   </div>
   <div class='ocr_carea' id='block_1_59' title="bbox 219 5585 1774 5657">
    <p class='ocr_par' dir='ltr' id='par_1_59' title="bbox 219 5585 1774 5657">
     <span class='ocr_line' id='line_1_59' title="bbox 219 5585 1774 5657; baseline -0.003 -15"><span class='ocrx_word' id='word_1_451' title='bbox 219 5591 440 5644; x_wconf 73' lang='lat' dir='ltr'><strong>adlidem</strong></span> <span class='ocrx_word' id='word_1_452' title='bbox 473 5591 802 5644; x_wconf 84' lang='lat' dir='ltr'><strong>alliciendos.</strong></span> <span class='ocrx_word' id='word_1_453' title='bbox 829 5589 950 5644; x_wconf 69' lang='grc' dir='ltr'><strong>Ηίιορ</strong></span> <span class='ocrx_word' id='word_1_454' title='bbox 969 5590 1124 5657; x_wconf 80' lang='lat' dir='ltr'><strong>igitur</strong></span> <span class='ocrx_word' id='word_1_455' title='bbox 1153 5605 1253 5642; x_wconf 87' lang='lat' dir='ltr'><strong>una</strong></span> <span class='ocrx_word' id='word_1_456' title='bbox 1281 5599 1362 5644; x_wconf 89' lang='lat' dir='ltr'><strong>cst</strong></span> <span class='ocrx_word' id='word_1_457' title='bbox 1391 5601 1552 5642; x_wconf 81' lang='lat' dir='ltr'><strong>causa</strong></span> <span class='ocrx_word' id='word_1_458' title='bbox 1583 5585 1774 5639; x_wconf 85' lang='lat' dir='ltr'><strong>obscu-</strong></span> 
     </span>
    </p>
   </div>
   <div class='ocr_carea' id='block_1_60' title="bbox 221 5680 1774 5756">
    <p class='ocr_par' dir='ltr' id='par_1_60' title="bbox 221 5680 1774 5756">
     <span class='ocr_line' id='line_1_60' title="bbox 221 5680 1774 5756; baseline -0.001 -21"><span class='ocrx_word' id='word_1_459' title='bbox 221 5687 371 5737; x_wconf 53' lang='lat' dir='ltr'><strong>ramis</strong></span> <span class='ocrx_word' id='word_1_460' title='bbox 399 5730 408 5749; x_wconf 87' lang='lat'><strong>,</strong></span> <span class='ocrx_word' id='word_1_461' title='bbox 439 5701 596 5754; x_wconf 82' lang='lat' dir='ltr'><strong>quam</strong></span> <span class='ocrx_word' id='word_1_462' title='bbox 625 5683 864 5752; x_wconf 80' lang='lat' dir='ltr'><strong>pluribus</strong></span> <span class='ocrx_word' id='word_1_463' title='bbox 889 5683 1197 5737; x_wconf 68' lang='lat' dir='ltr'><strong>Irstimoniis</strong></span> <span class='ocrx_word' id='word_1_464' title='bbox 1236 5685 1284 5740; x_wconf 92' lang='lat' dir='ltr'><strong>in</strong></span> <span class='ocrx_word' id='word_1_465' title='bbox 1319 5680 1638 5756; x_wconf 73' lang='lat' dir='ltr'><strong>prarccdenti</strong></span> <span class='ocrx_word' id='word_1_466' title='bbox 1664 5693 1774 5734; x_wconf 84' lang='lat' dir='ltr'><strong>scr-</strong></span> 
     </span>
    </p>
   </div>
   <div class='ocr_carea' id='block_1_61' title="bbox 1207 260 2505 324">
    <p class='ocr_par' dir='ltr' id='par_1_61' title="bbox 1207 260 2505 324">
     <span class='ocr_line' id='line_1_61' title="bbox 1207 260 2505 324; baseline 0.008 -9"><span class='ocrx_word' id='word_1_467' title='bbox 1207 262 1294 315; x_wconf 82' lang='lat' dir='ltr'><strong>DE</strong></span> <span class='ocrx_word' id='word_1_468' title='bbox 1336 260 1864 316; x_wconf 61' lang='lat' dir='ltr'><strong>I&#39;RflPllETIARUM</strong></span> <span class='ocrx_word' id='word_1_469' title='bbox 1907 263 2395 324; x_wconf 70' lang='lat' dir='ltr'><strong>OBSCURITATE.</strong></span> <span class='ocrx_word' id='word_1_470' title='bbox 2445 269 2505 324; x_wconf 85' lang='grc'><strong>11.</strong></span> 
     </span>
    </p>
   </div>
   <div class='ocr_carea' id='block_1_62' title="bbox 3407 287 3504 344">
    <p class='ocr_par' dir='ltr' id='par_1_62' title="bbox 3407 287 3504 344">
     <span class='ocr_line' id='line_1_62' title="bbox 3407 287 3504 344; baseline 0.031 -4"><span class='ocrx_word' id='word_1_471' title='bbox 3407 287 3504 344; x_wconf 75' lang='grc'><strong>178</strong></span> 
     </span>
    </p>
   </div>
   <div class='ocr_carea' id='block_1_63' title="bbox 1935 379 3505 456">
    <p class='ocr_par' dir='ltr' id='par_1_63' title="bbox 1935 379 3505 456">
     <span class='ocr_line' id='line_1_63' title="bbox 1935 379 3505 456; baseline 0.018 -28"><span class='ocrx_word' id='word_1_472' title='bbox 1935 391 2093 432; x_wconf 90' lang='lat' dir='ltr'><strong>mone</strong></span> <span class='ocrx_word' id='word_1_473' title='bbox 2118 379 2617 440; x_wconf 89' lang='lat' dir='ltr'><strong>demonstravimus.</strong></span> <span class='ocrx_word' id='word_1_474' title='bbox 2665 387 2737 440; x_wconf 80' lang='lat' dir='ltr'><strong>Ne</strong></span> <span class='ocrx_word' id='word_1_475' title='bbox 2768 404 2893 442; x_wconf 83' lang='lat' dir='ltr'><strong>vero</strong></span> <span class='ocrx_word' id='word_1_476' title='bbox 2923 391 3182 449; x_wconf 88' lang='lat' dir='ltr'><strong>fastidium</strong></span> <span class='ocrx_word' id='word_1_477' title='bbox 3211 399 3360 454; x_wconf 73' lang='lat' dir='ltr'><strong>vobis</strong></span> <span class='ocrx_word' id='word_1_478' title='bbox 3389 417 3505 456; x_wconf 74' lang='lat' dir='ltr'><strong>rur-</strong></span> 
     </span>
    </p>
   </div>
   <div class='ocr_carea' id='block_1_64' title="bbox 1930 471 3502 554">
    <p class='ocr_par' dir='ltr' id='par_1_64' title="bbox 1930 471 3502 554">
     <span class='ocr_line' id='line_1_64' title="bbox 1930 471 3502 554; baseline 0.015 -33"><span class='ocrx_word' id='word_1_479' title='bbox 1930 481 2022 522; x_wconf 77' lang='lat' dir='ltr'><strong>Sns</strong></span> <span class='ocrx_word' id='word_1_480' title='bbox 2053 471 2334 536; x_wconf 86' lang='lat' dir='ltr'><strong>pariamus,</strong></span> <span class='ocrx_word' id='word_1_481' title='bbox 2359 477 2405 526; x_wconf 84' lang='lat' dir='ltr'><strong>si</strong></span> <span class='ocrx_word' id='word_1_482' title='bbox 2436 475 2620 529; x_wconf 86' lang='lat' dir='ltr'><strong>eadem</strong></span> <span class='ocrx_word' id='word_1_483' title='bbox 2651 477 2909 545; x_wconf 77' lang='lat' dir='ltr'><strong>diezrmus,</strong></span> <span class='ocrx_word' id='word_1_484' title='bbox 2941 497 3116 551; x_wconf 68' lang='lat' dir='ltr'><strong>opt-ne</strong></span> <span class='ocrx_word' id='word_1_485' title='bbox 3147 497 3368 554; x_wconf 79' lang='lat' dir='ltr'><strong>pretium</strong></span> <span class='ocrx_word' id='word_1_486' title='bbox 3397 492 3502 544; x_wconf 78' lang='lat' dir='ltr'><strong>fue-</strong></span> 
     </span>
    </p>
   </div>
   <div class='ocr_carea' id='block_1_65' title="bbox 1932 559 3500 648">
    <p class='ocr_par' dir='ltr' id='par_1_65' title="bbox 1932 559 3500 648">
     <span class='ocr_line' id='line_1_65' title="bbox 1932 559 3500 648; baseline 0.013 -37"><span class='ocrx_word' id='word_1_487' title='bbox 1932 570 1998 612; x_wconf 89' lang='lat' dir='ltr'><strong>rtt</strong></span> <span class='ocrx_word' id='word_1_488' title='bbox 2030 559 2098 614; x_wconf 88' lang='lat' dir='ltr'><strong>ab</strong></span> <span class='ocrx_word' id='word_1_489' title='bbox 2127 577 2186 615; x_wconf 91' lang='lat' dir='ltr'><strong>ea</strong></span> <span class='ocrx_word' id='word_1_490' title='bbox 2213 563 2504 630; x_wconf 87' lang='lat' dir='ltr'><strong>discedere,</strong></span> <span class='ocrx_word' id='word_1_491' title='bbox 2536 579 2692 637; x_wconf 84' lang='lat' dir='ltr'><strong>atque</strong></span> <span class='ocrx_word' id='word_1_492' title='bbox 2717 573 2933 626; x_wconf 75' lang='lat' dir='ltr'><strong>alterunt</strong></span> <span class='ocrx_word' id='word_1_493' title='bbox 2963 577 3218 643; x_wconf 80' lang='lat' dir='ltr'><strong>proferre,</strong></span> <span class='ocrx_word' id='word_1_494' title='bbox 3247 597 3362 648; x_wconf 62' lang='lat' dir='ltr'><strong>quae</strong></span> <span class='ocrx_word' id='word_1_495' title='bbox 3393 595 3500 640; x_wconf 82' lang='lat' dir='ltr'><strong>non</strong></span> 
     </span>
    </p>
   </div>
   <div class='ocr_carea' id='block_1_66' title="bbox 1925 647 3497 727">
    <p class='ocr_par' dir='ltr' id='par_1_66' title="bbox 1925 647 3497 727">
     <span class='ocr_line' id='line_1_66' title="bbox 1925 647 3497 727; baseline 0.016 -26"><span class='ocrx_word' id='word_1_496' title='bbox 1925 647 2032 716; x_wconf 84' lang='lat' dir='ltr'><strong>jam</strong></span> <span class='ocrx_word' id='word_1_497' title='bbox 2063 651 2342 707; x_wconf 88' lang='lat' dir='ltr'><strong>obscurum</strong></span> <span class='ocrx_word' id='word_1_498' title='bbox 2369 665 2423 709; x_wconf 91' lang='lat' dir='ltr'><strong>et</strong></span> <span class='ocrx_word' id='word_1_499' title='bbox 2451 657 2683 727; x_wconf 76' lang='lat' dir='ltr'><strong>ignotum</strong></span> <span class='ocrx_word' id='word_1_500' title='bbox 2710 699 2725 723; x_wconf 88' lang='lat'><strong>,</strong></span> <span class='ocrx_word' id='word_1_501' title='bbox 2751 662 2848 715; x_wconf 90' lang='lat' dir='ltr'><strong>sed</strong></span> <span class='ocrx_word' id='word_1_502' title='bbox 2887 663 3156 720; x_wconf 90' lang='lat' dir='ltr'><strong>diflicilius</strong></span> <span class='ocrx_word' id='word_1_503' title='bbox 3181 647 3497 726; x_wconf 84' lang='lat' dir='ltr'><strong>Testamen-</strong></span> 
     </span>
    </p>
   </div>
   <div class='ocr_carea' id='block_1_67' title="bbox 1931 741 3493 817">
    <p class='ocr_par' dir='ltr' id='par_1_67' title="bbox 1931 741 3493 817">
     <span class='ocr_line' id='line_1_67' title="bbox 1931 741 3493 817; baseline 0.014 -23"><span class='ocrx_word' id='word_1_504' title='bbox 1931 750 2037 795; x_wconf 91' lang='lat' dir='ltr'><strong>tum</strong></span> <span class='ocrx_word' id='word_1_505' title='bbox 2067 741 2228 796; x_wconf 82' lang='lat' dir='ltr'><strong>Vetus</strong></span> <span class='ocrx_word' id='word_1_506' title='bbox 2256 745 2436 800; x_wconf 81' lang='lat' dir='ltr'><strong>efﬁcit.</strong></span> <span class='ocrx_word' id='word_1_507' title='bbox 2465 748 2618 801; x_wconf 84' lang='lat' dir='ltr'><strong>Aliud</strong></span> <span class='ocrx_word' id='word_1_508' title='bbox 2641 751 2782 804; x_wconf 80' lang='lat' dir='ltr'><strong>enim</strong></span> <span class='ocrx_word' id='word_1_509' title='bbox 2804 762 2885 806; x_wconf 86' lang='lat' dir='ltr'><strong>est</strong></span> <span class='ocrx_word' id='word_1_510' title='bbox 2909 753 3038 808; x_wconf 91' lang='lat' dir='ltr'><strong>nihil</strong></span> <span class='ocrx_word' id='word_1_511' title='bbox 3065 759 3282 813; x_wconf 89' lang='lat' dir='ltr'><strong>omnino</strong></span> <span class='ocrx_word' id='word_1_512' title='bbox 3309 776 3493 817; x_wconf 91' lang='lat' dir='ltr'><strong>eorum</strong></span> 
     </span>
    </p>
   </div>
   <div class='ocr_carea' id='block_1_68' title="bbox 1925 837 3491 916">
    <p class='ocr_par' dir='ltr' id='par_1_68' title="bbox 1925 837 3491 916">
     <span class='ocr_line' id='line_1_68' title="bbox 1925 837 3491 916; baseline 0.015 -32"><span class='ocrx_word' id='word_1_513' title='bbox 1925 846 2084 896; x_wconf 77' lang='lat' dir='ltr'><strong>nosse</strong></span> <span class='ocrx_word' id='word_1_514' title='bbox 2103 873 2118 898; x_wconf 94' lang='lat'><strong>,</strong></span> <span class='ocrx_word' id='word_1_515' title='bbox 2159 850 2276 904; x_wconf 76' lang='lat' dir='ltr'><strong>qua:</strong></span> <span class='ocrx_word' id='word_1_516' title='bbox 2303 837 2510 904; x_wconf 91' lang='lat' dir='ltr'><strong>insunt,</strong></span> <span class='ocrx_word' id='word_1_517' title='bbox 2539 848 2592 893; x_wconf 91' lang='lat' dir='ltr'><strong>et</strong></span> <span class='ocrx_word' id='word_1_518' title='bbox 2617 842 2853 898; x_wconf 88' lang='lat' dir='ltr'><strong>velamen</strong></span> <span class='ocrx_word' id='word_1_519' title='bbox 2897 844 3198 916; x_wconf 78' lang='lat' dir='ltr'><strong>impositura</strong></span> <span class='ocrx_word' id='word_1_520' title='bbox 3227 865 3448 908; x_wconf 88' lang='lat' dir='ltr'><strong>cernere</strong></span> <span class='ocrx_word' id='word_1_521' title='bbox 3477 871 3491 908; x_wconf 96' lang='lat'><strong>:</strong></span> 
     </span>
    </p>
   </div>
   <div class='ocr_carea' id='block_1_69' title="bbox 1923 923 3496 1004">
    <p class='ocr_par' dir='ltr' id='par_1_69' title="bbox 1923 923 3496 1004">
     <span class='ocr_line' id='line_1_69' title="bbox 1923 923 3496 1004; baseline 0.017 -31"><span class='ocrx_word' id='word_1_522' title='bbox 1923 923 2064 976; x_wconf 90' lang='lat' dir='ltr'><strong>aliud</strong></span> <span class='ocrx_word' id='word_1_523' title='bbox 2094 934 2270 980; x_wconf 88' lang='lat' dir='ltr'><strong>autem</strong></span> <span class='ocrx_word' id='word_1_524' title='bbox 2299 928 2538 984; x_wconf 87' lang='lat' dir='ltr'><strong>invenire</strong></span> <span class='ocrx_word' id='word_1_525' title='bbox 2574 947 2693 1000; x_wconf 69' lang='lat' dir='ltr'><strong>qua:</strong></span> <span class='ocrx_word' id='word_1_526' title='bbox 2720 933 2968 991; x_wconf 84' lang='lat' dir='ltr'><strong>dicuntur</strong></span> <span class='ocrx_word' id='word_1_527' title='bbox 2989 973 3007 1004; x_wconf 79' lang='lat'><strong>,</strong></span> <span class='ocrx_word' id='word_1_528' title='bbox 3043 939 3135 994; x_wconf 87' lang='lat' dir='ltr'><strong>sed</strong></span> <span class='ocrx_word' id='word_1_529' title='bbox 3161 956 3282 995; x_wconf 89' lang='lat' dir='ltr'><strong>cum</strong></span> <span class='ocrx_word' id='word_1_530' title='bbox 3313 942 3496 1000; x_wconf 83' lang='lat' dir='ltr'><strong>labore</strong></span> 
     </span>
    </p>
   </div>
   <div class='ocr_carea' id='block_1_70' title="bbox 1921 1027 2181 1069">
    <p class='ocr_par' dir='ltr' id='par_1_70' title="bbox 1921 1027 2181 1069">
     <span class='ocr_line' id='line_1_70' title="bbox 1921 1027 2181 1069; baseline 0.012 -3"><span class='ocrx_word' id='word_1_531' title='bbox 1921 1027 2181 1069; x_wconf 85' lang='lat' dir='ltr'><strong>tnvemre.</strong></span> 
     </span>
    </p>
   </div>
   <div class='ocr_carea' id='block_1_71' title="bbox 1991 1104 3494 1175">
    <p class='ocr_par' dir='ltr' id='par_1_71' title="bbox 1991 1104 3494 1175">
     <span class='ocr_line' id='line_1_71' title="bbox 1991 1104 3494 1175; baseline 0.011 -16"><span class='ocrx_word' id='word_1_532' title='bbox 1991 1104 2227 1159; x_wconf 86' lang='lat' dir='ltr'><strong>Secunda</strong></span> <span class='ocrx_word' id='word_1_533' title='bbox 2267 1123 2419 1161; x_wconf 84' lang='lat' dir='ltr'><strong>causa</strong></span> <span class='ocrx_word' id='word_1_534' title='bbox 2465 1109 2778 1168; x_wconf 77' lang='lat' dir='ltr'><strong>obscuritatis</strong></span> <span class='ocrx_word' id='word_1_535' title='bbox 2829 1112 3019 1170; x_wconf 76' lang='lat' dir='ltr'><strong>Veteris</strong></span> <span class='ocrx_word' id='word_1_536' title='bbox 3054 1116 3380 1175; x_wconf 81' lang='lat' dir='ltr'><strong>Teslantenti.</strong></span> <span class='ocrx_word' id='word_1_537' title='bbox 3421 1151 3494 1162; x_wconf 89' lang='lat'><strong>-—-</strong></span> 
     </span>
    </p>
   </div>
   <div class='ocr_carea' id='block_1_72' title="bbox 1917 1197 3490 1281">
    <p class='ocr_par' dir='ltr' id='par_1_72' title="bbox 1917 1197 3490 1281">
     <span class='ocr_line' id='line_1_72' title="bbox 1917 1197 3490 1281; baseline 0.012 -32"><span class='ocrx_word' id='word_1_538' title='bbox 1917 1197 2170 1265; x_wconf 69' lang='lat' dir='ltr'><strong>Qumnam</strong></span> <span class='ocrx_word' id='word_1_539' title='bbox 2200 1200 2358 1268; x_wconf 80' lang='lat' dir='ltr'><strong>igitur</strong></span> <span class='ocrx_word' id='word_1_540' title='bbox 2381 1213 2464 1264; x_wconf 88' lang='lat' dir='ltr'><strong>est</strong></span> <span class='ocrx_word' id='word_1_541' title='bbox 2489 1206 2719 1258; x_wconf 85' lang='lat' dir='ltr'><strong>secunda</strong></span> <span class='ocrx_word' id='word_1_542' title='bbox 2749 1220 2931 1273; x_wconf 71' lang='lat' dir='ltr'><strong>musa,</strong></span> <span class='ocrx_word' id='word_1_543' title='bbox 2964 1220 3177 1279; x_wconf 85' lang='lat' dir='ltr'><strong>propter</strong></span> <span class='ocrx_word' id='word_1_544' title='bbox 3201 1227 3356 1281; x_wconf 83' lang='lat' dir='ltr'><strong>quam</strong></span> <span class='ocrx_word' id='word_1_545' title='bbox 3387 1213 3490 1268; x_wconf 87' lang='lat' dir='ltr'><strong>dif-</strong></span> 
     </span>
    </p>
   </div>
   <div class='ocr_carea' id='block_1_73' title="bbox 1918 1289 3485 1369">
    <p class='ocr_par' dir='ltr' id='par_1_73' title="bbox 1918 1289 3485 1369">
     <span class='ocr_line' id='line_1_73' title="bbox 1918 1289 3485 1369; baseline 0.011 -27"><span class='ocrx_word' id='word_1_546' title='bbox 1918 1289 2106 1344; x_wconf 83' lang='lat' dir='ltr'><strong>ﬁcilius</strong></span> <span class='ocrx_word' id='word_1_547' title='bbox 2152 1291 2312 1346; x_wconf 79' lang='lat' dir='ltr'><strong>Vetus</strong></span> <span class='ocrx_word' id='word_1_548' title='bbox 2345 1304 2426 1346; x_wconf 87' lang='lat' dir='ltr'><strong>est</strong></span> <span class='ocrx_word' id='word_1_549' title='bbox 2463 1294 2864 1351; x_wconf 82' lang='lat' dir='ltr'><strong>Testamentum</strong></span> <span class='ocrx_word' id='word_1_550' title='bbox 2907 1302 3077 1369; x_wconf 89' lang='lat' dir='ltr'><strong>quam&#39;</strong></span> <span class='ocrx_word' id='word_1_551' title='bbox 3104 1302 3340 1358; x_wconf 83' lang='lat' dir='ltr'><strong>Novum?</strong></span> <span class='ocrx_word' id='word_1_552' title='bbox 3371 1306 3485 1360; x_wconf 86' lang='lat' dir='ltr'><strong>Non</strong></span> 
     </span>
    </p>
   </div>
   <div class='ocr_carea' id='block_1_74' title="bbox 1916 1378 3489 1464">
    <p class='ocr_par' dir='ltr' id='par_1_74' title="bbox 1916 1378 3489 1464">
     <span class='ocr_line' id='line_1_74' title="bbox 1916 1378 3489 1464; baseline 0.013 -32"><span class='ocrx_word' id='word_1_553' title='bbox 1916 1378 2173 1434; x_wconf 84' lang='lat' dir='ltr'><strong>habemus</strong></span> <span class='ocrx_word' id='word_1_554' title='bbox 2207 1385 2384 1436; x_wconf 86' lang='lat' dir='ltr'><strong>nativo</strong></span> <span class='ocrx_word' id='word_1_555' title='bbox 2431 1395 2610 1439; x_wconf 86' lang='lat' dir='ltr'><strong>nostro</strong></span> <span class='ocrx_word' id='word_1_556' title='bbox 2651 1389 2900 1443; x_wconf 88' lang='lat' dir='ltr'><strong>idiomale</strong></span> <span class='ocrx_word' id='word_1_557' title='bbox 2937 1392 3189 1460; x_wconf 89' lang='lat' dir='ltr'><strong>scriptum</strong></span> <span class='ocrx_word' id='word_1_558' title='bbox 3220 1395 3358 1464; x_wconf 89' lang='lat' dir='ltr'><strong>apud</strong></span> <span class='ocrx_word' id='word_1_559' title='bbox 3390 1413 3489 1452; x_wconf 86' lang='lat' dir='ltr'><strong>nos</strong></span> 
     </span>
    </p>
   </div>
   <div class='ocr_carea' id='block_1_75' title="bbox 1918 1471 3485 1556">
    <p class='ocr_par' dir='ltr' id='par_1_75' title="bbox 1918 1471 3485 1556">
     <span class='ocr_line' id='line_1_75' title="bbox 1918 1471 3485 1556; baseline 0.011 -33"><span class='ocrx_word' id='word_1_560' title='bbox 1918 1471 2078 1526; x_wconf 85' lang='lat' dir='ltr'><strong>Vetus</strong></span> <span class='ocrx_word' id='word_1_561' title='bbox 2109 1474 2535 1531; x_wconf 75' lang='lat' dir='ltr'><strong>Testamentum:</strong></span> <span class='ocrx_word' id='word_1_562' title='bbox 2565 1477 2658 1532; x_wconf 85' lang='lat' dir='ltr'><strong>sed</strong></span> <span class='ocrx_word' id='word_1_563' title='bbox 2689 1481 2788 1533; x_wconf 73' lang='lat' dir='ltr'><strong>alia</strong></span> <span class='ocrx_word' id='word_1_564' title='bbox 2815 1482 3028 1551; x_wconf 88' lang='lat' dir='ltr'><strong>quidem</strong></span> <span class='ocrx_word' id='word_1_565' title='bbox 3058 1483 3234 1554; x_wconf 83' lang='lat' dir='ltr'><strong>lingua</strong></span> <span class='ocrx_word' id='word_1_566' title='bbox 3271 1502 3485 1556; x_wconf 88' lang='lat' dir='ltr'><strong>compo-</strong></span> 
     </span>
    </p>
   </div>
   <div class='ocr_carea' id='block_1_76' title="bbox 1913 1563 3484 1643">
    <p class='ocr_par' dir='ltr' id='par_1_76' title="bbox 1913 1563 3484 1643">
     <span class='ocr_line' id='line_1_76' title="bbox 1913 1563 3484 1643; baseline 0.012 -29"><span class='ocrx_word' id='word_1_567' title='bbox 1913 1563 2070 1616; x_wconf 90' lang='lat' dir='ltr'><strong>situm</strong></span> <span class='ocrx_word' id='word_1_568' title='bbox 2119 1574 2220 1630; x_wconf 86' lang='lat' dir='ltr'><strong>est,</strong></span> <span class='ocrx_word' id='word_1_569' title='bbox 2265 1568 2367 1620; x_wconf 88' lang='lat' dir='ltr'><strong>alia</strong></span> <span class='ocrx_word' id='word_1_570' title='bbox 2409 1585 2534 1623; x_wconf 90' lang='lat' dir='ltr'><strong>vero</strong></span> <span class='ocrx_word' id='word_1_571' title='bbox 2567 1587 2661 1622; x_wconf 91' lang='lat' dir='ltr'><strong>nos</strong></span> <span class='ocrx_word' id='word_1_572' title='bbox 2701 1572 2826 1625; x_wconf 91' lang='lat' dir='ltr'><strong>illud</strong></span> <span class='ocrx_word' id='word_1_573' title='bbox 2871 1573 3147 1643; x_wconf 75' lang='lat' dir='ltr'><strong>legendum</strong></span> <span class='ocrx_word' id='word_1_574' title='bbox 3189 1577 3484 1633; x_wconf 84' lang='lat' dir='ltr'><strong>habemus:</strong></span> 
     </span>
    </p>
   </div>
   <div class='ocr_carea' id='block_1_77' title="bbox 1913 1643 3481 1736">
    <p class='ocr_par' dir='ltr' id='par_1_77' title="bbox 1913 1643 3481 1736">
     <span class='ocr_line' id='line_1_77' title="bbox 1913 1643 3481 1736; baseline 0.012 -31"><span class='ocrx_word' id='word_1_575' title='bbox 1913 1669 2031 1708; x_wconf 89' lang='lat' dir='ltr'><strong>nam</strong></span> <span class='ocrx_word' id='word_1_576' title='bbox 2070 1670 2099 1708; x_wconf 94' lang='lat' dir='ltr'><strong>a</strong></span> <span class='ocrx_word' id='word_1_577' title='bbox 2135 1658 2390 1727; x_wconf 77' lang='lat' dir='ltr'><strong>principio</strong></span> <span class='ocrx_word' id='word_1_578' title='bbox 2430 1643 2692 1716; x_wconf 79' lang='lat' dir='ltr'><strong>llebraieo</strong></span> <span class='ocrx_word' id='word_1_579' title='bbox 2711 1667 3068 1734; x_wconf 88' lang='lat' dir='ltr'><strong>conscriptum</strong></span> <span class='ocrx_word' id='word_1_580' title='bbox 3093 1679 3174 1722; x_wconf 91' lang='lat' dir='ltr'><strong>est</strong></span> <span class='ocrx_word' id='word_1_581' title='bbox 3209 1669 3481 1736; x_wconf 86' lang='lat' dir='ltr'><strong>idiomate,</strong></span> 
     </span>
    </p>
   </div>
   <div class='ocr_carea' id='block_1_78' title="bbox 1912 1751 3477 1828">
    <p class='ocr_par' dir='ltr' id='par_1_78' title="bbox 1912 1751 3477 1828">
     <span class='ocr_line' id='line_1_78' title="bbox 1912 1751 3477 1828; baseline 0.011 -29"><span class='ocrx_word' id='word_1_582' title='bbox 1912 1762 2010 1800; x_wconf 81' lang='lat' dir='ltr'><strong>nos</strong></span> <span class='ocrx_word' id='word_1_583' title='bbox 2034 1758 2208 1802; x_wconf 87' lang='lat' dir='ltr'><strong>autem</strong></span> <span class='ocrx_word' id='word_1_584' title='bbox 2239 1751 2418 1805; x_wconf 55' lang='lat' dir='ltr'><strong>Graeca</strong></span> <span class='ocrx_word' id='word_1_585' title='bbox 2451 1753 2627 1824; x_wconf 83' lang='lat' dir='ltr'><strong>lingua</strong></span> <span class='ocrx_word' id='word_1_586' title='bbox 2655 1772 2962 1825; x_wconf 77' lang='lat' dir='ltr'><strong>expressum</strong></span> <span class='ocrx_word' id='word_1_587' title='bbox 2985 1761 3286 1828; x_wconf 90' lang='lat' dir='ltr'><strong>accepimus</strong></span> <span class='ocrx_word' id='word_1_588' title='bbox 3317 1781 3330 1814; x_wconf 94' lang='lat'><strong>:</strong></span> <span class='ocrx_word' id='word_1_589' title='bbox 3359 1778 3477 1816; x_wconf 91' lang='lat' dir='ltr'><strong>cum</strong></span> 
     </span>
    </p>
   </div>
   <div class='ocr_carea' id='block_1_79' title="bbox 1909 1839 3476 1916">
    <p class='ocr_par' dir='ltr' id='par_1_79' title="bbox 1909 1839 3476 1916">
     <span class='ocr_line' id='line_1_79' title="bbox 1909 1839 3476 1916; baseline 0.011 -27"><span class='ocrx_word' id='word_1_590' title='bbox 1909 1851 2037 1890; x_wconf 93' lang='lat' dir='ltr'><strong>vero</strong></span> <span class='ocrx_word' id='word_1_591' title='bbox 2069 1839 2120 1891; x_wconf 92' lang='lat' dir='ltr'><strong>in</strong></span> <span class='ocrx_word' id='word_1_592' title='bbox 2159 1841 2376 1894; x_wconf 90' lang='lat' dir='ltr'><strong>alteram</strong></span> <span class='ocrx_word' id='word_1_593' title='bbox 2427 1843 2654 1914; x_wconf 76' lang='lat' dir='ltr'><strong>linguam</strong></span> <span class='ocrx_word' id='word_1_594' title='bbox 2692 1847 3125 1916; x_wconf 87' lang='lat' dir='ltr'><strong>interpretatione</strong></span> <span class='ocrx_word' id='word_1_595' title='bbox 3164 1854 3476 1907; x_wconf 86' lang='lat' dir='ltr'><strong>translatum</strong></span> 
     </span>
    </p>
   </div>
   <div class='ocr_carea' id='block_1_80' title="bbox 1909 1926 3477 2012">
    <p class='ocr_par' dir='ltr' id='par_1_80' title="bbox 1909 1926 3477 2012">
     <span class='ocr_line' id='line_1_80' title="bbox 1909 1926 3477 2012; baseline 0.011 -32"><span class='ocrx_word' id='word_1_596' title='bbox 1909 1926 2086 1992; x_wconf 85' lang='lat' dir='ltr'><strong>fuerit,</strong></span> <span class='ocrx_word' id='word_1_597' title='bbox 2119 1931 2400 1985; x_wconf 78' lang='lat' dir='ltr'><strong>maximam</strong></span> <span class='ocrx_word' id='word_1_598' title='bbox 2430 1935 2588 1989; x_wconf 88' lang='lat' dir='ltr'><strong>habet</strong></span> <span class='ocrx_word' id='word_1_599' title='bbox 2616 1935 3002 1992; x_wconf 76' lang='lat' dir='ltr'><strong>difﬁcultatem.</strong></span> <span class='ocrx_word' id='word_1_600' title='bbox 3027 1942 3202 2010; x_wconf 82' lang='lat' dir='ltr'><strong>Atque</strong></span> <span class='ocrx_word' id='word_1_601' title='bbox 3233 1942 3334 1998; x_wconf 92' lang='lat' dir='ltr'><strong>hoc</strong></span> <span class='ocrx_word' id='word_1_602' title='bbox 3357 1960 3477 2012; x_wconf 83' lang='lat' dir='ltr'><strong>pro-</strong></span> 
     </span>
    </p>
   </div>
   <div class='ocr_carea' id='block_1_81' title="bbox 1906 2020 3476 2098">
    <p class='ocr_par' dir='ltr' id='par_1_81' title="bbox 1906 2020 3476 2098">
     <span class='ocr_line' id='line_1_81' title="bbox 1906 2020 3476 2098; baseline 0.011 -25"><span class='ocrx_word' id='word_1_603' title='bbox 1906 2020 1973 2074; x_wconf 87' lang='lat' dir='ltr'><strong>be</strong></span> <span class='ocrx_word' id='word_1_604' title='bbox 1997 2022 2188 2084; x_wconf 89' lang='lat' dir='ltr'><strong>sciunt,</strong></span> <span class='ocrx_word' id='word_1_605' title='bbox 2210 2025 2524 2096; x_wconf 85' lang='lat' dir='ltr'><strong>quicumque</strong></span> <span class='ocrx_word' id='word_1_606' title='bbox 2543 2027 2734 2081; x_wconf 81' lang='lat' dir='ltr'><strong>omitas</strong></span> <span class='ocrx_word' id='word_1_607' title='bbox 2761 2029 2970 2098; x_wconf 84' lang='lat' dir='ltr'><strong>linguas</strong></span> <span class='ocrx_word' id='word_1_608' title='bbox 2993 2033 3206 2098; x_wconf 87' lang='lat' dir='ltr'><strong>callent,</strong></span> <span class='ocrx_word' id='word_1_609' title='bbox 3233 2033 3345 2089; x_wconf 81' lang='lat' dir='ltr'><strong>ﬁeri</strong></span> <span class='ocrx_word' id='word_1_610' title='bbox 3371 2051 3476 2090; x_wconf 90' lang='lat' dir='ltr'><strong>non</strong></span> 
     </span>
    </p>
   </div>
   <div class='ocr_carea' id='block_1_82' title="bbox 1907 2116 3476 2187">
    <p class='ocr_par' dir='ltr' id='par_1_82' title="bbox 1907 2116 3476 2187">
     <span class='ocr_line' id='line_1_82' title="bbox 1907 2116 3476 2187; baseline 0.012 -25"><span class='ocrx_word' id='word_1_611' title='bbox 1907 2127 2063 2182; x_wconf 87' lang='lat' dir='ltr'><strong>posse</strong></span> <span class='ocrx_word' id='word_1_612' title='bbox 2087 2125 2137 2167; x_wconf 94' lang='lat' dir='ltr'><strong>ut</strong></span> <span class='ocrx_word' id='word_1_613' title='bbox 2172 2116 2281 2184; x_wconf 86' lang='lat' dir='ltr'><strong>pari</strong></span> <span class='ocrx_word' id='word_1_614' title='bbox 2322 2119 2694 2187; x_wconf 80' lang='lat' dir='ltr'><strong>perspicuitate</strong></span> <span class='ocrx_word' id='word_1_615' title='bbox 2727 2125 3020 2177; x_wconf 88' lang='lat' dir='ltr'><strong>sententias</strong></span> <span class='ocrx_word' id='word_1_616' title='bbox 3050 2139 3236 2180; x_wconf 79' lang='lat' dir='ltr'><strong>omnes</strong></span> <span class='ocrx_word' id='word_1_617' title='bbox 3274 2144 3338 2182; x_wconf 77' lang='lat' dir='ltr'><strong>ex</strong></span> <span class='ocrx_word' id='word_1_618' title='bbox 3382 2144 3476 2181; x_wconf 83' lang='lat' dir='ltr'><strong>na-</strong></span> 
     </span>
    </p>
   </div>
   <div class='ocr_carea' id='block_1_83' title="bbox 1907 2206 3475 2281">
    <p class='ocr_par' dir='ltr' id='par_1_83' title="bbox 1907 2206 3475 2281">
     <span class='ocr_line' id='line_1_83' title="bbox 1907 2206 3475 2281; baseline 0.01 -26"><span class='ocrx_word' id='word_1_619' title='bbox 1907 2206 2010 2256; x_wconf 88' lang='lat' dir='ltr'><strong>tiva</strong></span> <span class='ocrx_word' id='word_1_620' title='bbox 2053 2219 2144 2256; x_wconf 87' lang='lat' dir='ltr'><strong>sua</strong></span> <span class='ocrx_word' id='word_1_621' title='bbox 2195 2207 2365 2274; x_wconf 78' lang='lat' dir='ltr'><strong>lingua</strong></span> <span class='ocrx_word' id='word_1_622' title='bbox 2409 2208 2460 2260; x_wconf 93' lang='lat' dir='ltr'><strong>in</strong></span> <span class='ocrx_word' id='word_1_623' title='bbox 2509 2209 2728 2262; x_wconf 88' lang='lat' dir='ltr'><strong>alteram</strong></span> <span class='ocrx_word' id='word_1_624' title='bbox 2765 2211 3163 2281; x_wconf 85' lang='lat' dir='ltr'><strong>interpretando</strong></span> <span class='ocrx_word' id='word_1_625' title='bbox 3190 2217 3475 2272; x_wconf 87' lang='lat' dir='ltr'><strong>transfera-</strong></span> 
     </span>
    </p>
   </div>
   <div class='ocr_carea' id='block_1_84' title="bbox 1905 2296 3473 2366">
    <p class='ocr_par' dir='ltr' id='par_1_84' title="bbox 1905 2296 3473 2366">
     <span class='ocr_line' id='line_1_84' title="bbox 1905 2296 3473 2366; baseline 0.01 -19"><span class='ocrx_word' id='word_1_626' title='bbox 1905 2309 2041 2347; x_wconf 88' lang='lat' dir='ltr'><strong>mus.</strong></span> <span class='ocrx_word' id='word_1_627' title='bbox 2079 2296 2198 2349; x_wconf 68' lang='lat' dir='ltr'><strong>llaze</strong></span> <span class='ocrx_word' id='word_1_628' title='bbox 2229 2297 2388 2366; x_wconf 81' lang='lat' dir='ltr'><strong>igitur</strong></span> <span class='ocrx_word' id='word_1_629' title='bbox 2424 2314 2585 2352; x_wconf 87' lang='lat' dir='ltr'><strong>causa</strong></span> <span class='ocrx_word' id='word_1_630' title='bbox 2622 2300 2948 2358; x_wconf 83' lang='lat' dir='ltr'><strong>difficultatis</strong></span> <span class='ocrx_word' id='word_1_631' title='bbox 2982 2307 3186 2359; x_wconf 80' lang='lat' dir='ltr'><strong>exstitit</strong></span> <span class='ocrx_word' id='word_1_632' title='bbox 3216 2308 3266 2360; x_wconf 91' lang='lat' dir='ltr'><strong>in</strong></span> <span class='ocrx_word' id='word_1_633' title='bbox 3301 2308 3473 2363; x_wconf 75' lang='lat' dir='ltr'><strong>Veteri</strong></span> 
     </span>
    </p>
   </div>
   <div class='ocr_carea' id='block_1_85' title="bbox 1903 2387 3473 2456">
    <p class='ocr_par' dir='ltr' id='par_1_85' title="bbox 1903 2387 3473 2456">
     <span class='ocr_line' id='line_1_85' title="bbox 1903 2387 3473 2456; baseline 0.01 -16"><span class='ocrx_word' id='word_1_634' title='bbox 1903 2387 2262 2443; x_wconf 75' lang='lat' dir='ltr'><strong>Testamento.</strong></span> <span class='ocrx_word' id='word_1_635' title='bbox 2312 2390 2442 2443; x_wconf 84' lang='lat' dir='ltr'><strong>Nam</strong></span> <span class='ocrx_word' id='word_1_636' title='bbox 2487 2401 2607 2445; x_wconf 84' lang='lat' dir='ltr'><strong>ante</strong></span> <span class='ocrx_word' id='word_1_637' title='bbox 2655 2393 2849 2447; x_wconf 82' lang='lat' dir='ltr'><strong>Christi</strong></span> <span class='ocrx_word' id='word_1_638' title='bbox 2897 2396 3176 2450; x_wconf 89' lang='lat' dir='ltr'><strong>adventum</strong></span> <span class='ocrx_word' id='word_1_639' title='bbox 3223 2403 3473 2456; x_wconf 57' lang='lat' dir='ltr'><strong>trementis</strong></span> 
     </span>
    </p>
   </div>
   <div class='ocr_carea' id='block_1_86' title="bbox 1899 2479 3470 2551">
    <p class='ocr_par' dir='ltr' id='par_1_86' title="bbox 1899 2479 3470 2551">
     <span class='ocr_line' id='line_1_86' title="bbox 1899 2479 3470 2551; baseline 0.006 -19"><span class='ocrx_word' id='word_1_640' title='bbox 1899 2481 2086 2545; x_wconf 86' lang='lat' dir='ltr'><strong>annis,</strong></span> <span class='ocrx_word' id='word_1_641' title='bbox 2112 2479 2476 2551; x_wconf 58' lang='lat' dir='ltr'><strong>Egyptiorum</strong></span> <span class='ocrx_word' id='word_1_642' title='bbox 2511 2497 2632 2551; x_wconf 80' lang='lat' dir='ltr'><strong>rege</strong></span> <span class='ocrx_word' id='word_1_643' title='bbox 2679 2483 2983 2549; x_wconf 65' lang='lat' dir='ltr'><strong>Ptolemaeo,</strong></span> <span class='ocrx_word' id='word_1_644' title='bbox 3020 2486 3071 2539; x_wconf 94' lang='lat' dir='ltr'><strong>iu</strong></span> <span class='ocrx_word' id='word_1_645' title='bbox 3101 2487 3338 2544; x_wconf 76' lang='lat' dir='ltr'><strong>Grzrcam</strong></span> <span class='ocrx_word' id='word_1_646' title='bbox 3373 2490 3470 2543; x_wconf 84' lang='lat' dir='ltr'><strong>lia-</strong></span> 
     </span>
    </p>
   </div>
   <div class='ocr_carea' id='block_1_87' title="bbox 1899 2573 3473 2639">
    <p class='ocr_par' dir='ltr' id='par_1_87' title="bbox 1899 2573 3473 2639">
     <span class='ocr_line' id='line_1_87' title="bbox 1899 2573 3473 2639; baseline 0.007 -18"><span class='ocrx_word' id='word_1_647' title='bbox 1899 2584 2053 2639; x_wconf 86' lang='lat' dir='ltr'><strong>guam</strong></span> <span class='ocrx_word' id='word_1_648' title='bbox 2079 2573 2388 2625; x_wconf 87' lang='lat' dir='ltr'><strong>translatum</strong></span> <span class='ocrx_word' id='word_1_649' title='bbox 2417 2582 2496 2625; x_wconf 90' lang='lat' dir='ltr'><strong>est</strong></span> <span class='ocrx_word' id='word_1_650' title='bbox 2532 2573 2927 2628; x_wconf 88' lang='lat' dir='ltr'><strong>Testamentum</strong></span> <span class='ocrx_word' id='word_1_651' title='bbox 2965 2575 3126 2630; x_wconf 83' lang='lat' dir='ltr'><strong>Vetus</strong></span> <span class='ocrx_word' id='word_1_652' title='bbox 3154 2578 3303 2631; x_wconf 86' lang='lat' dir='ltr'><strong>valde</strong></span> <span class='ocrx_word' id='word_1_653' title='bbox 3335 2580 3473 2632; x_wconf 89' lang='lat' dir='ltr'><strong>utili-</strong></span> 
     </span>
    </p>
   </div>
   <div class='ocr_carea' id='block_1_88' title="bbox 1902 2661 3471 2737">
    <p class='ocr_par' dir='ltr' id='par_1_88' title="bbox 1902 2661 3471 2737">
     <span class='ocr_line' id='line_1_88' title="bbox 1902 2661 3471 2737; baseline 0.006 -24"><span class='ocrx_word' id='word_1_654' title='bbox 1902 2671 1982 2714; x_wconf 91' lang='lat' dir='ltr'><strong>ter</strong></span> <span class='ocrx_word' id='word_1_655' title='bbox 2011 2671 2062 2714; x_wconf 82' lang='lat' dir='ltr'><strong>ct</strong></span> <span class='ocrx_word' id='word_1_656' title='bbox 2089 2661 2637 2728; x_wconf 83' lang='lat' dir='ltr'><strong>fructuosc.Quamdiu</strong></span> <span class='ocrx_word' id='word_1_657' title='bbox 2671 2663 2809 2717; x_wconf 87' lang='lat' dir='ltr'><strong>enim</strong></span> <span class='ocrx_word' id='word_1_658' title='bbox 2832 2680 2951 2719; x_wconf 90' lang='lat' dir='ltr'><strong>cum</strong></span> <span class='ocrx_word' id='word_1_659' title='bbox 2981 2681 3079 2718; x_wconf 90' lang='lat' dir='ltr'><strong>una</strong></span> <span class='ocrx_word' id='word_1_660' title='bbox 3107 2677 3263 2736; x_wconf 86' lang='lat' dir='ltr'><strong>gente</strong></span> <span class='ocrx_word' id='word_1_661' title='bbox 3291 2667 3471 2737; x_wconf 88' lang='lat' dir='ltr'><strong>loque-</strong></span> 
     </span>
    </p>
   </div>
   <div class='ocr_carea' id='block_1_89' title="bbox 1900 2750 3469 2828">
    <p class='ocr_par' dir='ltr' id='par_1_89' title="bbox 1900 2750 3469 2828">
     <span class='ocr_line' id='line_1_89' title="bbox 1900 2750 3469 2828; baseline 0.006 -24"><span class='ocrx_word' id='word_1_662' title='bbox 1900 2750 2070 2815; x_wconf 83' lang='lat' dir='ltr'><strong>batur,</strong></span> <span class='ocrx_word' id='word_1_663' title='bbox 2123 2752 2172 2804; x_wconf 89' lang='lat' dir='ltr'><strong>in</strong></span> <span class='ocrx_word' id='word_1_664' title='bbox 2217 2751 2468 2806; x_wconf 85' lang='lat' dir='ltr'><strong>Hebraica</strong></span> <span class='ocrx_word' id='word_1_665' title='bbox 2512 2753 2686 2822; x_wconf 77' lang='lat' dir='ltr'><strong>lingua</strong></span> <span class='ocrx_word' id='word_1_666' title='bbox 2730 2755 2994 2809; x_wconf 87' lang='lat' dir='ltr'><strong>manebat.</strong></span> <span class='ocrx_word' id='word_1_667' title='bbox 3043 2755 3232 2811; x_wconf 87' lang='lat' dir='ltr'><strong>Nullus</strong></span> <span class='ocrx_word' id='word_1_668' title='bbox 3275 2762 3469 2828; x_wconf 78' lang='lat' dir='ltr'><strong>quippe</strong></span> 
     </span>
    </p>
   </div>
   <div class='ocr_carea' id='block_1_90' title="bbox 1899 2844 3469 2920">
    <p class='ocr_par' dir='ltr' id='par_1_90' title="bbox 1899 2844 3469 2920">
     <span class='ocr_line' id='line_1_90' title="bbox 1899 2844 3469 2920; baseline 0.006 -24"><span class='ocrx_word' id='word_1_669' title='bbox 1899 2853 2025 2896; x_wconf 90' lang='lat' dir='ltr'><strong>tunc</strong></span> <span class='ocrx_word' id='word_1_670' title='bbox 2051 2844 2283 2896; x_wconf 91' lang='lat' dir='ltr'><strong>animum</strong></span> <span class='ocrx_word' id='word_1_671' title='bbox 2308 2844 2382 2898; x_wconf 89' lang='lat' dir='ltr'><strong>illi</strong></span> <span class='ocrx_word' id='word_1_672' title='bbox 2411 2844 2740 2899; x_wconf 85' lang='lat' dir='ltr'><strong>adhibiturus</strong></span> <span class='ocrx_word' id='word_1_673' title='bbox 2770 2858 2884 2900; x_wconf 88' lang='lat' dir='ltr'><strong>erat</strong></span> <span class='ocrx_word' id='word_1_674' title='bbox 2905 2887 2920 2910; x_wconf 92' lang='lat'><strong>,</strong></span> <span class='ocrx_word' id='word_1_675' title='bbox 2949 2862 3067 2900; x_wconf 89' lang='lat' dir='ltr'><strong>cum</strong></span> <span class='ocrx_word' id='word_1_676' title='bbox 3088 2849 3347 2918; x_wconf 83' lang='lat' dir='ltr'><strong>reliquum</strong></span> <span class='ocrx_word' id='word_1_677' title='bbox 3377 2867 3469 2920; x_wconf 82' lang='lat' dir='ltr'><strong>ge-</strong></span> 
     </span>
    </p>
   </div>
   <div class='ocr_carea' id='block_1_91' title="bbox 1899 2935 3462 3007">
    <p class='ocr_par' dir='ltr' id='par_1_91' title="bbox 1899 2935 3462 3007">
     <span class='ocr_line' id='line_1_91' title="bbox 1899 2935 3462 3007; baseline 0.003 -18"><span class='ocrx_word' id='word_1_678' title='bbox 1899 2951 1999 2990; x_wconf 88' lang='lat' dir='ltr'><strong>nus</strong></span> <span class='ocrx_word' id='word_1_679' title='bbox 2029 2937 2312 2988; x_wconf 89' lang='lat' dir='ltr'><strong>lunnamnn</strong></span> <span class='ocrx_word' id='word_1_680' title='bbox 2335 2935 2398 2989; x_wconf 91' lang='lat' dir='ltr'><strong>ad</strong></span> <span class='ocrx_word' id='word_1_681' title='bbox 2429 2951 2689 2990; x_wconf 89' lang='lat' dir='ltr'><strong>summam</strong></span> <span class='ocrx_word' id='word_1_682' title='bbox 2715 2938 3092 2992; x_wconf 82' lang='lat' dir='ltr'><strong>immanitatem</strong></span> <span class='ocrx_word' id='word_1_683' title='bbox 3116 2941 3462 3007; x_wconf 87' lang='lat' dir='ltr'><strong>pervenisset.</strong></span> 
     </span>
    </p>
   </div>
   <div class='ocr_carea' id='block_1_92' title="bbox 1898 3025 3463 3092">
    <p class='ocr_par' dir='ltr' id='par_1_92' title="bbox 1898 3025 3463 3092">
     <span class='ocr_line' id='line_1_92' title="bbox 1898 3025 3463 3092; baseline 0.001 -12"><span class='ocrx_word' id='word_1_684' title='bbox 1898 3025 1995 3080; x_wconf 89' lang='lat' dir='ltr'><strong>Ubi</strong></span> <span class='ocrx_word' id='word_1_685' title='bbox 2040 3041 2169 3079; x_wconf 90' lang='lat' dir='ltr'><strong>vero</strong></span> <span class='ocrx_word' id='word_1_686' title='bbox 2205 3025 2445 3080; x_wconf 89' lang='lat' dir='ltr'><strong>Christus</strong></span> <span class='ocrx_word' id='word_1_687' title='bbox 2469 3035 2755 3080; x_wconf 88' lang='lat' dir='ltr'><strong>eventurus</strong></span> <span class='ocrx_word' id='word_1_688' title='bbox 2805 3027 2925 3092; x_wconf 88' lang='lat' dir='ltr'><strong>fuit,</strong></span> <span class='ocrx_word' id='word_1_689' title='bbox 2956 3038 3010 3082; x_wconf 91' lang='lat' dir='ltr'><strong>et</strong></span> <span class='ocrx_word' id='word_1_690' title='bbox 3038 3028 3338 3083; x_wconf 89' lang='lat' dir='ltr'><strong>universum</strong></span> <span class='ocrx_word' id='word_1_691' title='bbox 3371 3044 3463 3081; x_wconf 88' lang='lat' dir='ltr'><strong>or-</strong></span> 
     </span>
    </p>
   </div>
   <div class='ocr_carea' id='block_1_93' title="bbox 1896 3117 3466 3189">
    <p class='ocr_par' dir='ltr' id='par_1_93' title="bbox 1896 3117 3466 3189">
     <span class='ocr_line' id='line_1_93' title="bbox 1896 3117 3466 3189; baseline 0.003 -18"><span class='ocrx_word' id='word_1_692' title='bbox 1896 3117 2015 3172; x_wconf 87' lang='lat' dir='ltr'><strong>bem</strong></span> <span class='ocrx_word' id='word_1_693' title='bbox 2070 3127 2329 3171; x_wconf 88' lang='lat' dir='ltr'><strong>terrarum</strong></span> <span class='ocrx_word' id='word_1_694' title='bbox 2377 3117 2443 3171; x_wconf 87' lang='lat' dir='ltr'><strong>ad</strong></span> <span class='ocrx_word' id='word_1_695' title='bbox 2486 3134 2546 3172; x_wconf 87' lang='lat' dir='ltr'><strong>se</strong></span> <span class='ocrx_word' id='word_1_696' title='bbox 2589 3129 2898 3181; x_wconf 88' lang='lat' dir='ltr'><strong>vocaturns,</strong></span> <span class='ocrx_word' id='word_1_697' title='bbox 2937 3135 3040 3172; x_wconf 90' lang='lat' dir='ltr'><strong>non</strong></span> <span class='ocrx_word' id='word_1_698' title='bbox 3080 3135 3172 3188; x_wconf 88' lang='lat' dir='ltr'><strong>per</strong></span> <span class='ocrx_word' id='word_1_699' title='bbox 3199 3123 3466 3189; x_wconf 79' lang='lat' dir='ltr'><strong>apostolos</strong></span> 
     </span>
    </p>
   </div>
   <div class='ocr_carea' id='block_1_94' title="bbox 1897 3208 3466 3282">
    <p class='ocr_par' dir='ltr' id='par_1_94' title="bbox 1897 3208 3466 3282">
     <span class='ocr_line' id='line_1_94' title="bbox 1897 3208 3466 3282; baseline 0.003 -20"><span class='ocrx_word' id='word_1_700' title='bbox 1897 3217 2132 3266; x_wconf 85' lang='lat' dir='ltr'><strong>tantum,</strong></span> <span class='ocrx_word' id='word_1_701' title='bbox 2165 3208 2256 3261; x_wconf 89' lang='lat' dir='ltr'><strong>sed</strong></span> <span class='ocrx_word' id='word_1_702' title='bbox 2295 3223 2388 3276; x_wconf 89' lang='lat' dir='ltr'><strong>per</strong></span> <span class='ocrx_word' id='word_1_703' title='bbox 2433 3208 2716 3277; x_wconf 85' lang='lat' dir='ltr'><strong>prephctas</strong></span> <span class='ocrx_word' id='word_1_704' title='bbox 2755 3225 2964 3279; x_wconf 89' lang='lat' dir='ltr'><strong>quoque</strong></span> <span class='ocrx_word' id='word_1_705' title='bbox 2993 3209 3154 3282; x_wconf 87' lang='lat' dir='ltr'><strong>(nam</strong></span> <span class='ocrx_word' id='word_1_706' title='bbox 3185 3222 3238 3265; x_wconf 92' lang='lat' dir='ltr'><strong>et</strong></span> <span class='ocrx_word' id='word_1_707' title='bbox 3270 3213 3338 3265; x_wconf 89' lang='lat' dir='ltr'><strong>illi</strong></span> <span class='ocrx_word' id='word_1_708' title='bbox 3371 3228 3466 3267; x_wconf 89' lang='lat' dir='ltr'><strong>nos</strong></span> 
     </span>
    </p>
   </div>
   <div class='ocr_carea' id='block_1_95' title="bbox 1893 3297 3465 3372">
    <p class='ocr_par' dir='ltr' id='par_1_95' title="bbox 1893 3297 3465 3372">
     <span class='ocr_line' id='line_1_95' title="bbox 1893 3297 3465 3372; baseline 0.003 -20"><span class='ocrx_word' id='word_1_709' title='bbox 1893 3299 1957 3353; x_wconf 90' lang='lat' dir='ltr'><strong>ad</strong></span> <span class='ocrx_word' id='word_1_710' title='bbox 1989 3300 2142 3354; x_wconf 86' lang='lat' dir='ltr'><strong>fidem</strong></span> <span class='ocrx_word' id='word_1_711' title='bbox 2174 3299 2486 3366; x_wconf 69' lang='lat' dir='ltr'><strong>cognitionis</strong></span> <span class='ocrx_word' id='word_1_712' title='bbox 2509 3297 2706 3354; x_wconf 85' lang='lat' dir='ltr'><strong>Christi</strong></span> <span class='ocrx_word' id='word_1_713' title='bbox 2733 3299 3041 3370; x_wconf 89' lang='lat' dir='ltr'><strong>deducunt),</strong></span> <span class='ocrx_word' id='word_1_714' title='bbox 3077 3310 3184 3354; x_wconf 90' lang='lat' dir='ltr'><strong>tum</strong></span> <span class='ocrx_word' id='word_1_715' title='bbox 3210 3305 3465 3372; x_wconf 86' lang='lat' dir='ltr'><strong>temporis</strong></span> 
     </span>
    </p>
   </div>
   <div class='ocr_carea' id='block_1_96' title="bbox 1873 3389 3462 3460">
    <p class='ocr_par' dir='ltr' id='par_1_96' title="bbox 1873 3389 3462 3460">
     <span class='ocr_line' id='line_1_96' title="bbox 1873 3389 3462 3460; baseline 0.005 -20"><span class='ocrx_word' id='word_1_716' title='bbox 1873 3400 2159 3458; x_wconf 88' lang='lat' dir='ltr'><strong>.tamquam</strong></span> <span class='ocrx_word' id='word_1_717' title='bbox 2201 3389 2375 3443; x_wconf 88' lang='lat' dir='ltr'><strong>aditus</strong></span> <span class='ocrx_word' id='word_1_718' title='bbox 2407 3397 2462 3442; x_wconf 91' lang='lat' dir='ltr'><strong>et</strong></span> <span class='ocrx_word' id='word_1_719' title='bbox 2506 3389 2618 3444; x_wconf 87' lang='lat' dir='ltr'><strong>vias</strong></span> <span class='ocrx_word' id='word_1_720' title='bbox 2651 3389 2904 3458; x_wconf 86' lang='lat' dir='ltr'><strong>quasdam</strong></span> <span class='ocrx_word' id='word_1_721' title='bbox 2950 3392 3271 3460; x_wconf 88' lang='lat' dir='ltr'><strong>prophetias,</strong></span> <span class='ocrx_word' id='word_1_722' title='bbox 3309 3402 3462 3448; x_wconf 88' lang='lat' dir='ltr'><strong>antea</strong></span> 
     </span>
    </p>
   </div>
   <div class='ocr_carea' id='block_1_97' title="bbox 1893 3481 3458 3551">
    <p class='ocr_par' dir='ltr' id='par_1_97' title="bbox 1893 3481 3458 3551">
     <span class='ocr_line' id='line_1_97' title="bbox 1893 3481 3458 3551; baseline 0.001 -14"><span class='ocrx_word' id='word_1_723' title='bbox 1893 3483 2084 3551; x_wconf 57' lang='lat' dir='ltr'><strong>linguai</strong></span> <span class='ocrx_word' id='word_1_724' title='bbox 2127 3482 2448 3537; x_wconf 72' lang='lat' dir='ltr'><strong>obscuritate</strong></span> <span class='ocrx_word' id='word_1_725' title='bbox 2488 3481 2694 3535; x_wconf 87' lang='lat' dir='ltr'><strong>clausas</strong></span> <span class='ocrx_word' id='word_1_726' title='bbox 2744 3491 2798 3535; x_wconf 88' lang='lat' dir='ltr'><strong>et</strong></span> <span class='ocrx_word' id='word_1_727' title='bbox 2842 3482 3166 3546; x_wconf 84' lang='lat' dir='ltr'><strong>obstructas,</strong></span> <span class='ocrx_word' id='word_1_728' title='bbox 3208 3483 3352 3537; x_wconf 88' lang='lat' dir='ltr'><strong>onmi</strong></span> <span class='ocrx_word' id='word_1_729' title='bbox 3393 3499 3458 3538; x_wconf 78' lang='lat' dir='ltr'><strong>ex</strong></span> 
     </span>
    </p>
   </div>
   <div class='ocr_carea' id='block_1_98' title="bbox 1893 3573 3460 3644">
    <p class='ocr_par' dir='ltr' id='par_1_98' title="bbox 1893 3573 3460 3644">
     <span class='ocr_line' id='line_1_98' title="bbox 1893 3573 3460 3644; baseline 0.003 -19"><span class='ocrx_word' id='word_1_730' title='bbox 1893 3583 2040 3644; x_wconf 84' lang='lat' dir='ltr'><strong>parte</strong></span> <span class='ocrx_word' id='word_1_731' title='bbox 2084 3574 2284 3627; x_wconf 88' lang='lat' dir='ltr'><strong>curavit</strong></span> <span class='ocrx_word' id='word_1_732' title='bbox 2323 3575 2753 3640; x_wconf 87' lang='lat' dir='ltr'><strong>interpretatione</strong></span> <span class='ocrx_word' id='word_1_733' title='bbox 2795 3573 3051 3639; x_wconf 87' lang='lat' dir='ltr'><strong>reserari,</strong></span> <span class='ocrx_word' id='word_1_734' title='bbox 3095 3585 3149 3628; x_wconf 93' lang='lat' dir='ltr'><strong>ut</strong></span> <span class='ocrx_word' id='word_1_735' title='bbox 3187 3590 3373 3629; x_wconf 89' lang='lat' dir='ltr'><strong>omnes</strong></span> <span class='ocrx_word' id='word_1_736' title='bbox 3397 3591 3460 3630; x_wconf 79' lang='lat' dir='ltr'><strong>ex</strong></span> 
     </span>
    </p>
   </div>
   <div class='ocr_carea' id='block_1_99' title="bbox 1889 3663 3463 3736">
    <p class='ocr_par' dir='ltr' id='par_1_99' title="bbox 1889 3663 3463 3736">
     <span class='ocr_line' id='line_1_99' title="bbox 1889 3663 3463 3736; baseline 0.003 -19"><span class='ocrx_word' id='word_1_737' title='bbox 1889 3665 2134 3736; x_wconf 80' lang='lat' dir='ltr'><strong>gentibus</strong></span> <span class='ocrx_word' id='word_1_738' title='bbox 2155 3663 2384 3733; x_wconf 83' lang='lat' dir='ltr'><strong>undique</strong></span> <span class='ocrx_word' id='word_1_739' title='bbox 2410 3663 2758 3730; x_wconf 81' lang='lat' dir='ltr'><strong>confluentes,</strong></span> <span class='ocrx_word' id='word_1_740' title='bbox 2788 3673 2843 3719; x_wconf 86' lang='lat' dir='ltr'><strong>ct</strong></span> <span class='ocrx_word' id='word_1_741' title='bbox 2873 3665 3034 3719; x_wconf 88' lang='lat' dir='ltr'><strong>multa</strong></span> <span class='ocrx_word' id='word_1_742' title='bbox 3064 3681 3182 3720; x_wconf 88' lang='lat' dir='ltr'><strong>cum</strong></span> <span class='ocrx_word' id='word_1_743' title='bbox 3213 3665 3463 3722; x_wconf 84' lang='lat' dir='ltr'><strong>facili-ato</strong></span> 
     </span>
    </p>
   </div>
   <div class='ocr_carea' id='block_1_100' title="bbox 1893 3754 3460 3826">
    <p class='ocr_par' dir='ltr' id='par_1_100' title="bbox 1893 3754 3460 3826">
     <span class='ocr_line' id='line_1_100' title="bbox 1893 3754 3460 3826; baseline 0.001 -18"><span class='ocrx_word' id='word_1_744' title='bbox 1893 3771 1986 3825; x_wconf 91' lang='lat' dir='ltr'><strong>per</strong></span> <span class='ocrx_word' id='word_1_745' title='bbox 2036 3754 2130 3807; x_wconf 87' lang='lat' dir='ltr'><strong>bas</strong></span> <span class='ocrx_word' id='word_1_746' title='bbox 2172 3755 2283 3807; x_wconf 83' lang='lat' dir='ltr'><strong>vias</strong></span> <span class='ocrx_word' id='word_1_747' title='bbox 2327 3755 2650 3818; x_wconf 87' lang='lat' dir='ltr'><strong>incedentes,</strong></span> <span class='ocrx_word' id='word_1_748' title='bbox 2699 3764 2912 3824; x_wconf 90' lang='lat' dir='ltr'><strong>possent</strong></span> <span class='ocrx_word' id='word_1_749' title='bbox 2944 3756 3009 3810; x_wconf 91' lang='lat' dir='ltr'><strong>ad</strong></span> <span class='ocrx_word' id='word_1_750' title='bbox 3053 3757 3248 3826; x_wconf 81' lang='lat' dir='ltr'><strong>Regem</strong></span> <span class='ocrx_word' id='word_1_751' title='bbox 3289 3758 3460 3826; x_wconf 88' lang='lat' dir='ltr'><strong>ipsum</strong></span> 
     </span>
    </p>
   </div>
   <div class='ocr_carea' id='block_1_101' title="bbox 1892 3847 3458 3918">
    <p class='ocr_par' dir='ltr' id='par_1_101' title="bbox 1892 3847 3458 3918">
     <span class='ocr_line' id='line_1_101' title="bbox 1892 3847 3458 3918; baseline 0.003 -18"><span class='ocrx_word' id='word_1_752' title='bbox 1892 3847 2267 3918; x_wconf 84' lang='lat' dir='ltr'><strong>prophetarum</strong></span> <span class='ocrx_word' id='word_1_753' title='bbox 2315 3849 2514 3909; x_wconf 88' lang='lat' dir='ltr'><strong>venire,</strong></span> <span class='ocrx_word' id='word_1_754' title='bbox 2564 3857 2721 3915; x_wconf 88' lang='lat' dir='ltr'><strong>atque</strong></span> <span class='ocrx_word' id='word_1_755' title='bbox 2761 3847 3087 3918; x_wconf 80' lang='lat' dir='ltr'><strong>unigenitum</strong></span> <span class='ocrx_word' id='word_1_756' title='bbox 3131 3850 3219 3902; x_wconf 67' lang='lat' dir='ltr'><strong>llei</strong></span> <span class='ocrx_word' id='word_1_757' title='bbox 3269 3849 3308 3904; x_wconf 84' lang='lat' dir='ltr'><strong>F</strong></span> <span class='ocrx_word' id='word_1_758' title='bbox 3315 3851 3458 3904; x_wconf 86' lang='lat' dir='ltr'><strong>ilium</strong></span> 
     </span>
    </p>
   </div>
   <div class='ocr_carea' id='block_1_102' title="bbox 1889 3937 3464 4007">
    <p class='ocr_par' dir='ltr' id='par_1_102' title="bbox 1889 3937 3464 4007">
     <span class='ocr_line' id='line_1_102' title="bbox 1889 3937 3464 4007; baseline 0.003 -15"><span class='ocrx_word' id='word_1_759' title='bbox 1889 3939 2131 3993; x_wconf 86' lang='lat' dir='ltr'><strong>adorare.</strong></span> <span class='ocrx_word' id='word_1_760' title='bbox 2161 3937 2242 3992; x_wconf 87' lang='lat' dir='ltr'><strong>0b</strong></span> <span class='ocrx_word' id='word_1_761' title='bbox 2270 3939 2404 3992; x_wconf 91' lang='lat' dir='ltr'><strong>hanc</strong></span> <span class='ocrx_word' id='word_1_762' title='bbox 2431 3953 2646 3992; x_wconf 83' lang='lat' dir='ltr'><strong>causam</strong></span> <span class='ocrx_word' id='word_1_763' title='bbox 2677 3939 2856 4007; x_wconf 90' lang='lat' dir='ltr'><strong>utique</strong></span> <span class='ocrx_word' id='word_1_764' title='bbox 2880 3949 3004 3993; x_wconf 89' lang='lat' dir='ltr'><strong>ante</strong></span> <span class='ocrx_word' id='word_1_765' title='bbox 3031 3940 3228 3994; x_wconf 87' lang='lat' dir='ltr'><strong>Christi</strong></span> <span class='ocrx_word' id='word_1_766' title='bbox 3267 3941 3464 3996; x_wconf 83' lang='lat' dir='ltr'><strong>adven-</strong></span> 
     </span>
    </p>
   </div>
   <div class='ocr_carea' id='block_1_103' title="bbox 1891 4029 3457 4098">
    <p class='ocr_par' dir='ltr' id='par_1_103' title="bbox 1891 4029 3457 4098">
     <span class='ocr_line' id='line_1_103' title="bbox 1891 4029 3457 4098; baseline -0.001 -14"><span class='ocrx_word' id='word_1_767' title='bbox 1891 4041 2001 4084; x_wconf 93' lang='lat' dir='ltr'><strong>tum</strong></span> <span class='ocrx_word' id='word_1_768' title='bbox 2031 4044 2214 4082; x_wconf 88' lang='lat' dir='ltr'><strong>omnes</strong></span> <span class='ocrx_word' id='word_1_769' title='bbox 2247 4029 2677 4096; x_wconf 88' lang='lat' dir='ltr'><strong>interpretatione</strong></span> <span class='ocrx_word' id='word_1_770' title='bbox 2723 4038 2848 4082; x_wconf 88' lang='lat' dir='ltr'><strong>sunt</strong></span> <span class='ocrx_word' id='word_1_771' title='bbox 2873 4043 3138 4097; x_wconf 73' lang='lat' dir='ltr'><strong>expressae</strong></span> <span class='ocrx_word' id='word_1_772' title='bbox 3167 4047 3180 4082; x_wconf 91' lang='lat'><strong>:</strong></span> <span class='ocrx_word' id='word_1_773' title='bbox 3209 4031 3457 4098; x_wconf 88' lang='lat' dir='ltr'><strong>quoniam</strong></span> 
     </span>
    </p>
   </div>
   <div class='ocr_carea' id='block_1_104' title="bbox 1889 4119 3458 4184">
    <p class='ocr_par' dir='ltr' id='par_1_104' title="bbox 1889 4119 3458 4184">
     <span class='ocr_line' id='line_1_104' title="bbox 1889 4119 3458 4184; baseline 0.001 -10"><span class='ocrx_word' id='word_1_774' title='bbox 1889 4125 1933 4175; x_wconf 89' lang='lat' dir='ltr'><strong>si</strong></span> <span class='ocrx_word' id='word_1_775' title='bbox 1955 4122 2004 4174; x_wconf 91' lang='lat' dir='ltr'><strong>in</strong></span> <span class='ocrx_word' id='word_1_776' title='bbox 2034 4119 2292 4174; x_wconf 86' lang='lat' dir='ltr'><strong>llebraico</strong></span> <span class='ocrx_word' id='word_1_777' title='bbox 2324 4119 2573 4173; x_wconf 88' lang='lat' dir='ltr'><strong>idiomate</strong></span> <span class='ocrx_word' id='word_1_778' title='bbox 2613 4119 2785 4172; x_wconf 87' lang='lat' dir='ltr'><strong>solutn</strong></span> <span class='ocrx_word' id='word_1_779' title='bbox 2822 4119 3020 4173; x_wconf 75' lang='lat' dir='ltr'><strong>relicta:</strong></span> <span class='ocrx_word' id='word_1_780' title='bbox 3047 4129 3225 4174; x_wconf 89' lang='lat' dir='ltr'><strong>essent</strong></span> <span class='ocrx_word' id='word_1_781' title='bbox 3247 4161 3262 4184; x_wconf 93' lang='lat'><strong>,</strong></span> <span class='ocrx_word' id='word_1_782' title='bbox 3295 4120 3458 4175; x_wconf 86' lang='lat' dir='ltr'><strong>David</strong></span> 
     </span>
    </p>
   </div>
   <div class='ocr_carea' id='block_1_105' title="bbox 1887 4208 3462 4282">
    <p class='ocr_par' dir='ltr' id='par_1_105' title="bbox 1887 4208 3462 4282">
     <span class='ocr_line' id='line_1_105' title="bbox 1887 4208 3462 4282; baseline -0.001 -18"><span class='ocrx_word' id='word_1_783' title='bbox 1887 4220 2063 4264; x_wconf 86' lang='lat' dir='ltr'><strong>autem</strong></span> <span class='ocrx_word' id='word_1_784' title='bbox 2091 4210 2330 4274; x_wconf 69' lang='lat' dir='ltr'><strong>dixisset,</strong></span> <span class='ocrx_word' id='word_1_785' title='bbox 2357 4209 2562 4262; x_wconf 79' lang='lat' dir='ltr'><strong>Postulo</strong></span> <span class='ocrx_word' id='word_1_786' title='bbox 2587 4225 2618 4260; x_wconf 84' lang='grc' dir='ltr'><em>α</em></span> <span class='ocrx_word' id='word_1_787' title='bbox 2645 4225 2742 4271; x_wconf 90' lang='lat' dir='ltr'><strong>me,</strong></span> <span class='ocrx_word' id='word_1_788' title='bbox 2774 4217 2821 4262; x_wconf 89' lang='lat' dir='ltr'><strong>et</strong></span> <span class='ocrx_word' id='word_1_789' title='bbox 2851 4208 2979 4262; x_wconf 86' lang='lat' dir='ltr'><strong>dabo</strong></span> <span class='ocrx_word' id='word_1_790' title='bbox 3005 4209 3092 4262; x_wconf 87' lang='lat' dir='ltr'><strong>tibi</strong></span> <span class='ocrx_word' id='word_1_791' title='bbox 3119 4218 3289 4279; x_wconf 82' lang='lat' dir='ltr'><strong>gentes</strong></span> <span class='ocrx_word' id='word_1_792' title='bbox 3319 4209 3462 4282; x_wconf 72' lang='lat' dir='ltr'><strong>lterc-</strong></span> 
     </span>
    </p>
   </div>
   <div class='ocr_carea' id='block_1_106' title="bbox 1888 4299 3464 4370">
    <p class='ocr_par' dir='ltr' id='par_1_106' title="bbox 1888 4299 3464 4370">
     <span class='ocr_line' id='line_1_106' title="bbox 1888 4299 3464 4370; baseline 0.002 -17"><span class='ocrx_word' id='word_1_793' title='bbox 1888 4301 2092 4354; x_wconf 84' lang='lat' dir='ltr'><strong>ditatem</strong></span> <span class='ocrx_word' id='word_1_794' title='bbox 2135 4310 2293 4364; x_wconf 89' lang='lat' dir='ltr'><strong>tuam,</strong></span> <span class='ocrx_word' id='word_1_795' title='bbox 2346 4309 2392 4353; x_wconf 88' lang='lat' dir='ltr'><strong>et</strong></span> <span class='ocrx_word' id='word_1_796' title='bbox 2441 4299 2799 4370; x_wconf 84' lang='lat' dir='ltr'><strong>possessionem</strong></span> <span class='ocrx_word' id='word_1_797' title='bbox 2849 4309 2985 4352; x_wconf 85' lang='lat' dir='ltr'><strong>tuam</strong></span> <span class='ocrx_word' id='word_1_798' title='bbox 3033 4301 3268 4353; x_wconf 84' lang='lat' dir='ltr'><strong>terminos</strong></span> <span class='ocrx_word' id='word_1_799' title='bbox 3317 4310 3464 4356; x_wconf 66' lang='lat' dir='ltr'><strong>terra</strong></span> 
     </span>
    </p>
   </div>
   <div class='ocr_carea' id='block_1_107' title="bbox 1889 4392 3462 4464">
    <p class='ocr_par' dir='ltr' id='par_1_107' title="bbox 1889 4392 3462 4464">
     <span class='ocr_line' id='line_1_107' title="bbox 1889 4392 3462 4464; baseline 0.001 -18"><span class='ocrx_word' id='word_1_800' title='bbox 1889 4394 2058 4464; x_wconf 86' lang='lat' dir='ltr'><strong>(Psul.</strong></span> <span class='ocrx_word' id='word_1_801' title='bbox 2081 4395 2137 4448; x_wconf 73' lang='grc'><strong>2.</strong></span> <span class='ocrx_word' id='word_1_802' title='bbox 2159 4396 2238 4463; x_wconf 89' lang='grc'><strong>8),</strong></span> <span class='ocrx_word' id='word_1_803' title='bbox 2266 4393 2404 4448; x_wconf 86' lang='lat' dir='ltr'><strong>unde</strong></span> <span class='ocrx_word' id='word_1_804' title='bbox 2433 4394 2690 4463; x_wconf 85' lang='lat' dir='ltr'><strong>potuisset</strong></span> <span class='ocrx_word' id='word_1_805' title='bbox 2715 4407 2871 4447; x_wconf 83' lang='lat' dir='ltr'><strong>nosse</strong></span> <span class='ocrx_word' id='word_1_806' title='bbox 2898 4393 3036 4461; x_wconf 90' lang='lat' dir='ltr'><strong>quod</strong></span> <span class='ocrx_word' id='word_1_807' title='bbox 3064 4392 3260 4448; x_wconf 89' lang='lat' dir='ltr'><strong>dictum</strong></span> <span class='ocrx_word' id='word_1_808' title='bbox 3289 4393 3462 4448; x_wconf 83' lang='lat' dir='ltr'><strong>fuerat</strong></span> 
     </span>
    </p>
   </div>
   <div class='ocr_carea' id='block_1_108' title="bbox 1889 4485 3459 4557">
    <p class='ocr_par' dir='ltr' id='par_1_108' title="bbox 1889 4485 3459 4557">
     <span class='ocr_line' id='line_1_108' title="bbox 1889 4485 3459 4557; baseline -0.001 -15"><span class='ocrx_word' id='word_1_809' title='bbox 1889 4487 2077 4557; x_wconf 79' lang='lat' dir='ltr'><strong>Syrus,</strong></span> <span class='ocrx_word' id='word_1_810' title='bbox 2109 4487 2192 4541; x_wconf 90' lang='lat' dir='ltr'><strong>vel</strong></span> <span class='ocrx_word' id='word_1_811' title='bbox 2219 4487 2421 4551; x_wconf 87' lang='lat' dir='ltr'><strong>Galala,</strong></span> <span class='ocrx_word' id='word_1_812' title='bbox 2454 4485 2534 4539; x_wconf 89' lang='lat' dir='ltr'><strong>vel</strong></span> <span class='ocrx_word' id='word_1_813' title='bbox 2560 4485 2797 4552; x_wconf 87' lang='lat' dir='ltr'><strong>Macedo,</strong></span> <span class='ocrx_word' id='word_1_814' title='bbox 2829 4485 2912 4540; x_wconf 86' lang='lat' dir='ltr'><strong>vel</strong></span> <span class='ocrx_word' id='word_1_815' title='bbox 2944 4485 3304 4552; x_wconf 86' lang='lat' dir='ltr'><strong>Atheniensis,</strong></span> <span class='ocrx_word' id='word_1_816' title='bbox 3336 4501 3459 4541; x_wconf 83' lang='lat' dir='ltr'><strong>cum</strong></span> 
     </span>
    </p>
   </div>
   <div class='ocr_carea' id='block_1_109' title="bbox 1887 4575 3459 4644">
    <p class='ocr_par' dir='ltr' id='par_1_109' title="bbox 1887 4575 3459 4644">
     <span class='ocr_line' id='line_1_109' title="bbox 1887 4575 3459 4644; baseline 0.001 -15"><span class='ocrx_word' id='word_1_817' title='bbox 1887 4577 2215 4631; x_wconf 83' lang='lat' dir='ltr'><strong>obsruritate</strong></span> <span class='ocrx_word' id='word_1_818' title='bbox 2273 4575 2502 4628; x_wconf 90' lang='lat' dir='ltr'><strong>involuta</strong></span> <span class='ocrx_word' id='word_1_819' title='bbox 2553 4575 2822 4644; x_wconf 84' lang='lat' dir='ltr'><strong>Scriptura</strong></span> <span class='ocrx_word' id='word_1_820' title='bbox 2874 4576 3202 4630; x_wconf 86' lang='lat' dir='ltr'><strong>mansisset?</strong></span> <span class='ocrx_word' id='word_1_821' title='bbox 3252 4575 3459 4630; x_wconf 76' lang='lat' dir='ltr'><strong>Rursus</strong></span> 
     </span>
    </p>
   </div>
   <div class='ocr_carea' id='block_1_110' title="bbox 1887 4665 3457 4729">
    <p class='ocr_par' dir='ltr' id='par_1_110' title="bbox 1887 4665 3457 4729">
     <span class='ocr_line' id='line_1_110' title="bbox 1887 4665 3457 4729; baseline -0.003 -7"><span class='ocrx_word' id='word_1_822' title='bbox 1887 4667 2150 4722; x_wconf 80' lang='lat' dir='ltr'><strong>clamabat</strong></span> <span class='ocrx_word' id='word_1_823' title='bbox 2173 4667 2335 4721; x_wconf 84' lang='lat' dir='ltr'><strong>Isaias</strong></span> <span class='ocrx_word' id='word_1_824' title='bbox 2365 4683 2380 4718; x_wconf 90' lang='lat'><strong>:</strong></span> <span class='ocrx_word' id='word_1_825' title='bbox 2414 4666 2560 4720; x_wconf 80' lang='lat' dir='ltr'><strong>Sicut</strong></span> <span class='ocrx_word' id='word_1_826' title='bbox 2589 4666 2692 4718; x_wconf 84' lang='lat' dir='ltr'><strong>ovis</strong></span> <span class='ocrx_word' id='word_1_827' title='bbox 2719 4665 2786 4718; x_wconf 85' lang='lat' dir='ltr'><strong>ad</strong></span> <span class='ocrx_word' id='word_1_828' title='bbox 2811 4665 3104 4719; x_wconf 85' lang='lat' dir='ltr'><strong>occisionem</strong></span> <span class='ocrx_word' id='word_1_829' title='bbox 3145 4665 3322 4717; x_wconf 79' lang='lat' dir='ltr'><strong>ductus</strong></span> <span class='ocrx_word' id='word_1_830' title='bbox 3366 4675 3457 4729; x_wconf 85' lang='lat' dir='ltr'><strong>est,</strong></span> 
     </span>
    </p>
   </div>
   <div class='ocr_carea' id='block_1_111' title="bbox 1887 4756 3462 4828">
    <p class='ocr_par' dir='ltr' id='par_1_111' title="bbox 1887 4756 3462 4828">
     <span class='ocr_line' id='line_1_111' title="bbox 1887 4756 3462 4828; baseline -0.001 -16"><span class='ocrx_word' id='word_1_831' title='bbox 1887 4770 1933 4812; x_wconf 87' lang='lat' dir='ltr'><strong>et</strong></span> <span class='ocrx_word' id='word_1_832' title='bbox 1956 4761 2084 4813; x_wconf 85' lang='lat' dir='ltr'><strong>sicut</strong></span> <span class='ocrx_word' id='word_1_833' title='bbox 2109 4776 2270 4828; x_wconf 84' lang='lat' dir='ltr'><strong>agnus</strong></span> <span class='ocrx_word' id='word_1_834' title='bbox 2289 4774 2457 4812; x_wconf 86' lang='lat' dir='ltr'><strong>coram</strong></span> <span class='ocrx_word' id='word_1_835' title='bbox 2484 4758 2714 4810; x_wconf 82' lang='lat' dir='ltr'><strong>tondente</strong></span> <span class='ocrx_word' id='word_1_836' title='bbox 2749 4774 2803 4810; x_wconf 87' lang='lat' dir='ltr'><strong>se</strong></span> <span class='ocrx_word' id='word_1_837' title='bbox 2832 4756 3041 4827; x_wconf 81' lang='lat' dir='ltr'><strong>mutus(</strong></span> <span class='ocrx_word' id='word_1_838' title='bbox 3060 4756 3190 4810; x_wconf 89' lang='lat' dir='ltr'><strong>Isai.</strong></span> <span class='ocrx_word' id='word_1_839' title='bbox 3218 4757 3306 4811; x_wconf 79' lang='lat'><strong>53.</strong></span> <span class='ocrx_word' id='word_1_840' title='bbox 3341 4756 3412 4823; x_wconf 88' lang='lat'><strong>7)</strong></span> <span class='ocrx_word' id='word_1_841' title='bbox 3441 4773 3462 4820; x_wconf 83' lang='lat'><strong>;</strong></span> 
     </span>
    </p>
   </div>
   <div class='ocr_carea' id='block_1_112' title="bbox 1886 4847 3459 4922">
    <p class='ocr_par' dir='ltr' id='par_1_112' title="bbox 1886 4847 3459 4922">
     <span class='ocr_line' id='line_1_112' title="bbox 1886 4847 3459 4922; baseline -0.004 -15"><span class='ocrx_word' id='word_1_842' title='bbox 1886 4863 1940 4907; x_wconf 89' lang='lat' dir='ltr'><strong>et</strong></span> <span class='ocrx_word' id='word_1_843' title='bbox 1968 4867 2151 4907; x_wconf 90' lang='lat' dir='ltr'><strong>rnrsns</strong></span> <span class='ocrx_word' id='word_1_844' title='bbox 2180 4873 2192 4906; x_wconf 89' lang='lat'><strong>:</strong></span> <span class='ocrx_word' id='word_1_845' title='bbox 2242 4850 2350 4904; x_wconf 76' lang='lat' dir='ltr'><strong>Erit</strong></span> <span class='ocrx_word' id='word_1_846' title='bbox 2377 4850 2527 4904; x_wconf 75' lang='lat' dir='ltr'><strong>radix</strong></span> <span class='ocrx_word' id='word_1_847' title='bbox 2550 4847 2737 4912; x_wconf 69' lang='lat' dir='ltr'><strong>lesser,</strong></span> <span class='ocrx_word' id='word_1_848' title='bbox 2767 4858 2816 4902; x_wconf 88' lang='lat' dir='ltr'><strong>et</strong></span> <span class='ocrx_word' id='word_1_849' title='bbox 2835 4852 2923 4919; x_wconf 86' lang='lat' dir='ltr'><strong>qui</strong></span> <span class='ocrx_word' id='word_1_850' title='bbox 2944 4852 3214 4922; x_wconf 77' lang='lat' dir='ltr'><strong>consurgit</strong></span> <span class='ocrx_word' id='word_1_851' title='bbox 3241 4859 3294 4901; x_wconf 90' lang='lat' dir='ltr'><strong>ut</strong></span> <span class='ocrx_word' id='word_1_852' title='bbox 3320 4847 3459 4916; x_wconf 80' lang='lat' dir='ltr'><strong>prin-</strong></span> 
     </span>
    </p>
   </div>
   <div class='ocr_carea' id='block_1_113' title="bbox 1885 4939 3455 5015">
    <p class='ocr_par' dir='ltr' id='par_1_113' title="bbox 1885 4939 3455 5015">
     <span class='ocr_line' id='line_1_113' title="bbox 1885 4939 3455 5015; baseline -0.004 -16"><span class='ocrx_word' id='word_1_853' title='bbox 1885 4961 2000 5015; x_wconf 66' lang='grc' dir='ltr'><strong>σερε</strong></span> <span class='ocrx_word' id='word_1_854' title='bbox 2036 4946 2100 4998; x_wconf 87' lang='lat' dir='ltr'><strong>sit</strong></span> <span class='ocrx_word' id='word_1_855' title='bbox 2139 4947 2358 5015; x_wconf 83' lang='lat' dir='ltr'><strong>gentium</strong></span> <span class='ocrx_word' id='word_1_856' title='bbox 2390 4959 2410 5009; x_wconf 81' lang='lat'><strong>,°</strong></span> <span class='ocrx_word' id='word_1_857' title='bbox 2448 4945 2501 4996; x_wconf 91' lang='lat' dir='ltr'><strong>in</strong></span> <span class='ocrx_word' id='word_1_858' title='bbox 2534 4943 2644 5010; x_wconf 84' lang='lat' dir='ltr'><strong>ipso</strong></span> <span class='ocrx_word' id='word_1_859' title='bbox 2670 4951 2838 5012; x_wconf 83' lang='lat' dir='ltr'><strong>gentes</strong></span> <span class='ocrx_word' id='word_1_860' title='bbox 2863 4943 3132 5009; x_wconf 85' lang='lat' dir='ltr'><strong>sperabunt</strong></span> <span class='ocrx_word' id='word_1_861' title='bbox 3162 4941 3179 5005; x_wconf 89' lang='lat'>(</span> <span class='ocrx_word' id='word_1_862' title='bbox 3213 4939 3338 4994; x_wconf 87' lang='lat' dir='ltr'><strong>Isai.</strong></span> <span class='ocrx_word' id='word_1_863' title='bbox 3369 4940 3455 4994; x_wconf 83' lang='grc'><strong>11.</strong></span> 
     </span>
    </p>
   </div>
   <div class='ocr_carea' id='block_1_114' title="bbox 1888 5029 3461 5109">
    <p class='ocr_par' dir='ltr' id='par_1_114' title="bbox 1888 5029 3461 5109">
     <span class='ocr_line' id='line_1_114' title="bbox 1888 5029 3461 5109; baseline -0.007 -15"><span class='ocrx_word' id='word_1_864' title='bbox 1888 5039 1998 5109; x_wconf 83' lang='grc'><strong>10);</strong></span> <span class='ocrx_word' id='word_1_865' title='bbox 2020 5048 2073 5093; x_wconf 88' lang='lat' dir='ltr'><strong>et</strong></span> <span class='ocrx_word' id='word_1_866' title='bbox 2094 5052 2276 5092; x_wconf 89' lang='lat' dir='ltr'><strong>rursus</strong></span> <span class='ocrx_word' id='word_1_867' title='bbox 2306 5055 2318 5090; x_wconf 94' lang='lat'><strong>:</strong></span> <span class='ocrx_word' id='word_1_868' title='bbox 2353 5035 2641 5098; x_wconf 74' lang='lat' dir='ltr'><strong>Ileplebitur</strong></span> <span class='ocrx_word' id='word_1_869' title='bbox 2679 5043 2810 5086; x_wconf 85' lang='lat' dir='ltr'><strong>terra</strong></span> <span class='ocrx_word' id='word_1_870' title='bbox 2848 5033 3126 5102; x_wconf 81' lang='lat' dir='ltr'><strong>cognitione</strong></span> <span class='ocrx_word' id='word_1_871' title='bbox 3148 5029 3375 5093; x_wconf 85' lang='lat' dir='ltr'><strong>Domini,</strong></span> <span class='ocrx_word' id='word_1_872' title='bbox 3408 5041 3461 5083; x_wconf 84' lang='lat' dir='ltr'><strong>ut</strong></span> 
     </span>
    </p>
   </div>
   <div class='ocr_carea' id='block_1_115' title="bbox 1884 5120 3454 5200">
    <p class='ocr_par' dir='ltr' id='par_1_115' title="bbox 1884 5120 3454 5200">
     <span class='ocr_line' id='line_1_115' title="bbox 1884 5120 3454 5200; baseline -0.006 -18"><span class='ocrx_word' id='word_1_873' title='bbox 1884 5132 2030 5200; x_wconf 85' lang='lat' dir='ltr'><strong>quasi</strong></span> <span class='ocrx_word' id='word_1_874' title='bbox 2048 5145 2177 5198; x_wconf 81' lang='lat' dir='ltr'><strong>aqua</strong></span> <span class='ocrx_word' id='word_1_875' title='bbox 2203 5127 2364 5180; x_wconf 83' lang='lat' dir='ltr'><strong>multa</strong></span> <span class='ocrx_word' id='word_1_876' title='bbox 2387 5126 2640 5194; x_wconf 83' lang='lat' dir='ltr'><strong>cooperiat</strong></span> <span class='ocrx_word' id='word_1_877' title='bbox 2668 5124 2828 5176; x_wconf 85' lang='lat' dir='ltr'><strong>muria</strong></span> <span class='ocrx_word' id='word_1_878' title='bbox 2855 5123 2872 5188; x_wconf 88' lang='lat'><strong>(</strong></span> <span class='ocrx_word' id='word_1_879' title='bbox 2898 5120 3033 5175; x_wconf 84' lang='lat' dir='ltr'><strong>Ibid.</strong></span> <span class='ocrx_word' id='word_1_880' title='bbox 3061 5138 3109 5175; x_wconf 80' lang='grc' dir='ltr'><strong>υ.</strong></span> <span class='ocrx_word' id='word_1_881' title='bbox 3133 5121 3224 5190; x_wconf 86' lang='lat'><strong>9).</strong></span> <span class='ocrx_word' id='word_1_882' title='bbox 3254 5121 3319 5175; x_wconf 84' lang='grc' dir='ltr'>Ει</span> <span class='ocrx_word' id='word_1_883' title='bbox 3351 5122 3454 5174; x_wconf 81' lang='lat' dir='ltr'><strong>Da-</strong></span> 
     </span>
    </p>
   </div>
   <div class='ocr_carea' id='block_1_116' title="bbox 1885 5210 3459 5283">
    <p class='ocr_par' dir='ltr' id='par_1_116' title="bbox 1885 5210 3459 5283">
     <span class='ocr_line' id='line_1_116' title="bbox 1885 5210 3459 5283; baseline -0.006 -9"><span class='ocrx_word' id='word_1_884' title='bbox 1885 5220 1972 5274; x_wconf 90' lang='lat' dir='ltr'><strong>vid</strong></span> <span class='ocrx_word' id='word_1_885' title='bbox 1999 5235 2184 5274; x_wconf 78' lang='lat' dir='ltr'><strong>rursus</strong></span> <span class='ocrx_word' id='word_1_886' title='bbox 2207 5218 2420 5272; x_wconf 89' lang='lat' dir='ltr'><strong>dicebat</strong></span> <span class='ocrx_word' id='word_1_887' title='bbox 2446 5231 2460 5268; x_wconf 94' lang='lat'><strong>:</strong></span> <span class='ocrx_word' id='word_1_888' title='bbox 2491 5216 2726 5270; x_wconf 81' lang='lat' dir='ltr'><strong>Ascendit</strong></span> <span class='ocrx_word' id='word_1_889' title='bbox 2753 5213 2890 5268; x_wconf 88' lang='lat' dir='ltr'><strong>Deus</strong></span> <span class='ocrx_word' id='word_1_890' title='bbox 2917 5215 2966 5266; x_wconf 91' lang='lat' dir='ltr'><strong>in</strong></span> <span class='ocrx_word' id='word_1_891' title='bbox 2987 5213 3309 5283; x_wconf 81' lang='lat' dir='ltr'><strong>jubilatione,</strong></span> <span class='ocrx_word' id='word_1_892' title='bbox 3352 5210 3459 5265; x_wconf 86' lang='lat' dir='ltr'><strong>Do-</strong></span> 
     </span>
    </p>
   </div>
   <div class='ocr_carea' id='block_1_117' title="bbox 1886 5301 3461 5376">
    <p class='ocr_par' dir='ltr' id='par_1_117' title="bbox 1886 5301 3461 5376">
     <span class='ocr_line' id='line_1_117' title="bbox 1886 5301 3461 5376; baseline -0.008 -13"><span class='ocrx_word' id='word_1_893' title='bbox 1886 5311 2051 5364; x_wconf 82' lang='lat' dir='ltr'><strong>minus</strong></span> <span class='ocrx_word' id='word_1_894' title='bbox 2081 5310 2132 5362; x_wconf 88' lang='lat' dir='ltr'><strong>iu</strong></span> <span class='ocrx_word' id='word_1_895' title='bbox 2163 5325 2279 5362; x_wconf 80' lang='lat' dir='ltr'><strong>voce</strong></span> <span class='ocrx_word' id='word_1_896' title='bbox 2304 5307 2469 5375; x_wconf 74' lang='lat' dir='ltr'><strong>tubw(</strong></span> <span class='ocrx_word' id='word_1_897' title='bbox 2505 5305 2628 5359; x_wconf 82' lang='lat' dir='ltr'><strong>Psnl</strong></span> <span class='ocrx_word' id='word_1_898' title='bbox 2678 5305 2766 5360; x_wconf 74' lang='grc'><strong>46.</strong></span> <span class='ocrx_word' id='word_1_899' title='bbox 2799 5305 2831 5358; x_wconf 85' lang='grc'>6</span> <span class='ocrx_word' id='word_1_900' title='bbox 2855 5304 2907 5376; x_wconf 88' lang='grc'><strong>);</strong></span> <span class='ocrx_word' id='word_1_901' title='bbox 2939 5315 2993 5358; x_wconf 87' lang='lat' dir='ltr'><strong>et</strong></span> <span class='ocrx_word' id='word_1_902' title='bbox 3038 5318 3220 5356; x_wconf 87' lang='lat' dir='ltr'><strong>rursus</strong></span> <span class='ocrx_word' id='word_1_903' title='bbox 3257 5320 3268 5353; x_wconf 90' lang='lat'><strong>:</strong></span> <span class='ocrx_word' id='word_1_904' title='bbox 3324 5301 3461 5355; x_wconf 64' lang='lat' dir='ltr'><strong>Dixit</strong></span> 
     </span>
    </p>
   </div>
   <div class='ocr_carea' id='block_1_118' title="bbox 1886 5392 3458 5461">
    <p class='ocr_par' dir='ltr' id='par_1_118' title="bbox 1886 5392 3458 5461">
     <span class='ocr_line' id='line_1_118' title="bbox 1886 5392 3458 5461; baseline -0.008 -6"><span class='ocrx_word' id='word_1_905' title='bbox 1886 5401 2136 5455; x_wconf 87' lang='lat' dir='ltr'><strong>Dominus</strong></span> <span class='ocrx_word' id='word_1_906' title='bbox 2180 5399 2394 5452; x_wconf 86' lang='lat' dir='ltr'><strong>Domino</strong></span> <span class='ocrx_word' id='word_1_907' title='bbox 2443 5415 2571 5461; x_wconf 84' lang='lat' dir='ltr'><strong>meo,</strong></span> <span class='ocrx_word' id='word_1_908' title='bbox 2621 5397 2756 5451; x_wconf 82' lang='lat' dir='ltr'><strong>Sede</strong></span> <span class='ocrx_word' id='word_1_909' title='bbox 2783 5392 2826 5449; x_wconf 85' lang='grc' dir='ltr'><strong>ἀ</strong></span> <span class='ocrx_word' id='word_1_910' title='bbox 2873 5395 3060 5449; x_wconf 76' lang='lat' dir='ltr'><strong>dextris</strong></span> <span class='ocrx_word' id='word_1_911' title='bbox 3110 5395 3248 5457; x_wconf 84' lang='lat' dir='ltr'><strong>meis,</strong></span> <span class='ocrx_word' id='word_1_912' title='bbox 3300 5392 3458 5444; x_wconf 77' lang='lat' dir='ltr'><strong>donec</strong></span> 
     </span>
    </p>
   </div>
   <div class='ocr_carea' id='block_1_119' title="bbox 1885 5481 3457 5562">
    <p class='ocr_par' dir='ltr' id='par_1_119' title="bbox 1885 5481 3457 5562">
     <span class='ocr_line' id='line_1_119' title="bbox 1885 5481 3457 5562; baseline -0.009 -16"><span class='ocrx_word' id='word_1_913' title='bbox 1885 5507 2073 5562; x_wconf 83' lang='lat' dir='ltr'><strong>ponunt</strong></span> <span class='ocrx_word' id='word_1_914' title='bbox 2117 5490 2346 5543; x_wconf 86' lang='lat' dir='ltr'><strong>inimicos</strong></span> <span class='ocrx_word' id='word_1_915' title='bbox 2388 5499 2498 5543; x_wconf 88' lang='lat' dir='ltr'><strong>tuos</strong></span> <span class='ocrx_word' id='word_1_916' title='bbox 2531 5489 2805 5542; x_wconf 82' lang='lat' dir='ltr'><strong>scubellunt</strong></span> <span class='ocrx_word' id='word_1_917' title='bbox 2842 5486 3026 5556; x_wconf 81' lang='lat' dir='ltr'><strong>pedum</strong></span> <span class='ocrx_word' id='word_1_918' title='bbox 3061 5493 3256 5536; x_wconf 71' lang='grc' dir='ltr'>ωσι-ωλι</span> <span class='ocrx_word' id='word_1_919' title='bbox 3286 5481 3457 5549; x_wconf 68' lang='lat' dir='ltr'><strong>tI’sul.</strong></span> 
     </span>
    </p>
   </div>
   <div class='ocr_carea' id='block_1_120' title="bbox 1890 5584 2107 5637">
    <p class='ocr_par' dir='ltr' id='par_1_120' title="bbox 1890 5584 2107 5637">
     <span class='ocr_line' id='line_1_120' title="bbox 1890 5584 2107 5637; baseline -0.014 0"><span class='ocrx_word' id='word_1_920' title='bbox 1890 5584 2005 5637; x_wconf 74' lang='lat' dir='ltr'><strong>l09.</strong></span> <span class='ocrx_word' id='word_1_921' title='bbox 2037 5584 2107 5637; x_wconf 84' lang='lat' dir='ltr'><strong>ll.</strong></span> 
     </span>
    </p>
   </div>
   <div class='ocr_carea' id='block_1_121' title="bbox 1961 5662 3468 5744">
    <p class='ocr_par' dir='ltr' id='par_1_121' title="bbox 1961 5662 3468 5744">
     <span class='ocr_line' id='line_1_121' title="bbox 1961 5662 3468 5744; baseline -0.011 -12"><span class='ocrx_word' id='word_1_922' title='bbox 1961 5677 2012 5732; x_wconf 76' lang='grc'><strong>5.</strong></span> <span class='ocrx_word' id='word_1_923' title='bbox 2058 5673 2191 5728; x_wconf 79' lang='lat' dir='ltr'><strong>Cum</strong></span> <span class='ocrx_word' id='word_1_924' title='bbox 2232 5674 2382 5744; x_wconf 87' lang='lat' dir='ltr'><strong>igitur</strong></span> <span class='ocrx_word' id='word_1_925' title='bbox 2422 5671 2485 5726; x_wconf 85' lang='lat' dir='ltr'><strong>de</strong></span> <span class='ocrx_word' id='word_1_926' title='bbox 2529 5669 2805 5738; x_wconf 74' lang='lat' dir='ltr'><strong>passione,</strong></span> <span class='ocrx_word' id='word_1_927' title='bbox 2849 5667 2915 5723; x_wconf 85' lang='lat' dir='ltr'><strong>dc</strong></span> <span class='ocrx_word' id='word_1_928' title='bbox 2959 5665 3366 5724; x_wconf 72' lang='lat' dir='ltr'><strong>t&#39;csnrtcctio;:--,</strong></span> <span class='ocrx_word' id='word_1_929' title='bbox 3399 5662 3468 5716; x_wconf 81' lang='lat' dir='ltr'><strong>de</strong></span> 
     </span>
    </p>
   </div>
  </div>
