4038 6204
673 281 776 340 179

669 397 1005 461 ascensione,
1026 394 1097 451 de
1120 394 1360 451 scssione
1378 394 1446 448 ad
1467 395 1765 458 dexteram,
1789 392 1858 448 de
1880 392 2114 449 secundo
2139 392 2254 463 ejus

659 490 920 554 adventu,
939 503 1003 544 ac
1041 488 1110 544 de
1146 488 1392 544 omnibus
1430 488 1547 542 istis
1592 487 1643 540 in
1694 484 2022 552 universum,
2051 502 2171 557 qua:
2199 487 2250 545 in

669 578 818 634 Novo
855 588 1000 645 sunt,
1041 576 1440 634 Testamentum
1485 579 1645 636 Vetus
1691 577 2013 646 prtedixerit,
2043 594 2110 636 ne
2153 579 2251 638 ista

663 669 911 738 gentibus
937 685 1061 728 mox
1085 669 1276 726 futuris
1303 670 1479 739 ignota
1501 679 1838 726 remanerent
1856 711 1872 733 ,
1901 685 1964 726 ac
1989 670 2096 724 vim
2123 686 2250 739 pro-

669 761 865 830 phetiae
891 761 1232 831 ignorarent.
1258 771 1382 817 ante
1407 761 1601 818 Christi
1631 761 1915 819 adventum
1943 772 1997 816 ut
2022 777 2249 820 conver—

666 861 906 907 terentur
924 852 1234 922 Scripturtn.
1253 853 1425 922 gratia
1449 853 1625 911 divina
1653 853 1899 921 providit,
1925 868 2121 923 easque
2143 868 2246 907 non

667 946 828 1000 modo
850 945 1125 1002 conversis
1156 961 1222 1002 ex
1247 945 1526 1015 gentibus,
1556 945 1648 1000 sed
1677 945 1841 1002 etiam
1869 944 2069 1004 Judmis
2094 945 2249 1000 utiles

665 1034 926 1102 reddidit,
963 1035 1054 1106 qui
1094 1036 1288 1105 ubique
1327 1044 1587 1090 terrarum
1627 1035 1849 1103 dispersi
1892 1033 2118 1097 fuerant,
2149 1048 2248 1090 ιιοο

661 1128 893 1196 amplius
936 1128 1247 1183 llebraicatn
1295 1127 1527 1196 linguam
1578 1127 1847 1182 tenebant.
1901 1126 2038 1184 Ecce
2077 1125 2243 1189 enim,

659 1219 886 1274 credidit
904 1220 992 1290 qui
1014 1234 1305 1277 conversus
1325 1229 1404 1276 est
1424 1234 1487 1275 ex
1509 1220 1774 1288 gentibus,
1792 1218 1916 1276 dum
1941 1217 2244 1274 Iudaeorum

660 1312 811 1382 signa
841 1313 1005 1367 videt.
1040 1311 1320 1380 Quomodo
1357 1311 1654 1381 potuissent
1691 1325 1874 1366 rursus
1901 1310 2127 1379 apostoli
2151 1309 2246 1370 Ju-

657 1404 830 1457 daeum
857 1403 1122 1460 adducere
1146 1446 1163 1471 ,
1202 1405 1302 1459 nisi
1337 1404 1686 1459 domesticum
1717 1405 1788 1458 illi
1819 1404 2094 1458 doctorem
2120 1418 2242 1472 pro-

659 1493 872 1562 phetam
903 1494 1213 1550 dedissent?
1243 1495 1374 1550 Nam
1403 1495 1448 1550 si
1475 1496 1710 1550 Athenas
1748 1495 2015 1564 ingressus
2050 1495 2243 1552 Paulus

657 1583 1005 1654 inscriptione
1036 1586 1258 1656 indiguit
1281 1587 1433 1642 aitari
1465 1587 1720 1657 insculpta
1745 1589 1763 1657 (
1784 1587 1896 1642 Act.
1928 1589 1992 1645 i7
2011 1585 2031 1659 )
2050 1628 2067 1653 ,
2093 1597 2147 1644 et
2174 1587 2240 1642 ad

655 1692 840 1732 eorum
869 1678 1273 1738 instructionem
1302 1679 1444 1735 illam
1488 1679 1746 1746 traduxit,
1776 1680 1916 1750 quod
1945 1697 2004 1736 se
2034 1680 2239 1739 facilius

655 1771 886 1839 propriis
911 1771 1146 1840 ipsorum
1185 1771 1350 1826 armis
1386 1787 1480 1827 eos
1518 1783 1937 1842 expugnaturum
1975 1781 2235 1842 speraret,

654 1860 794 1928 quod
834 1861 994 1916 etiam
1034 1861 1264 1926 accidit;
1311 1863 1481 1918 multo
1509 1863 1676 1934 magis
1698 1878 1820 1920 cum
1847 1863 2045 1921 Judaeis
2073 1879 2237 1935 agens

652 1953 851 2008 auxilio
885 1954 1265 2024 prophetarum
1294 1955 1564 2025 indigebat
1589 1997 1604 2018 ,
1637 1972 1704 2010 ne
1733 1956 1801 2010 ab
1826 1956 1932 2011 illis
1960 1956 2119 2015 etiam
2147 1971 2237 2015 a0-

650 2052 959 2110 cusaretur,
991 2045 1131 2113 quod
1159 2060 1294 2100 nova
1317 2045 1560 2115 quasdam
1607 2061 1670 2101 ac
1708 2047 1986 2117 peregrina
2016 2047 2231 2107 illorum

649 2135 866 2190 auribus
892 2135 1132 2190 inferret.
1163 2137 1231 2191 Et
1256 2153 1372 2202 cur,
1406 2137 1595 2206 inquit,
1620 2154 1720 2191 una
1753 2138 1928 2208 lingua
1963 2154 2068 2193 non
2097 2149 2230 2205 erat.

652 2235 710 2278 ut
737 2226 883 2280 omni
912 2225 1224 2282 difﬁcultate
1249 2227 1634 2283 liberaremur?
1665 2227 1778 2284 Una
1809 2229 1982 2299 lingua
2012 2237 2236 2287 eratan-

649 2317 894 2388 tiquitus,
922 2318 992 2372 mi
1021 2317 1202 2384 homo,
1230 2327 1287 2374 et
1311 2319 1447 2373 sicut
1475 2335 1576 2373 una
1606 2319 1882 2376 hominum
1913 2329 1996 2375 est
2021 2331 2228 2386 natura,

645 2409 724 2464 sic
745 2418 798 2464 et
825 2426 927 2464 una
954 2419 1271 2465 cunctorum
1309 2411 1482 2481 lingua
1519 2420 1656 2466 erat.
1698 2410 1812 2466 Non
1842 2421 1958 2468 erat
1985 2411 2051 2466 ab
2081 2413 2232 2470 initio

643 2501 727 2556 vir
747 2502 885 2558 ullus
906 2503 1092 2559 aliena:
1114 2504 1326 2574 linguae,
1349 2519 1454 2558 non
1477 2513 1593 2560 erat
1613 2504 1832 2559 alterius
1852 2505 2098 2574 loquelae,
2123 2521 2229 2564 non

645 2605 761 2652 crat
786 2597 942 2652 Indus
962 2639 978 2665 ,
1007 2613 1180 2668 neque
1209 2597 1417 2676 Thrax,
1448 2613 1619 2668 neque
1646 2597 1845 2669 Scytha
1869 2638 1885 2664 ,
1915 2598 2010 2654 sed
2040 2614 2229 2654 omnes

646 2704 751 2743 una
790 2690 963 2760 lingua
1005 2687 1390 2760 loquebantur.
1424 2689 1559 2758 Quid
1599 2688 1760 2759 igitur
1801 2689 1853 2744 in
1897 2702 2058 2746 causa
2094 2689 2230 2747 fuit?

646 2780 852 2850 indigni
886 2781 985 2834 bac
1015 2796 1117 2835 una
1148 2781 1326 2851 lingua
1353 2782 1448 2836 visi
1478 2795 1663 2837 sumus
1697 2796 1794 2835 nos
1817 2821 1834 2845 ,
1866 2797 2081 2851 semper
2101 2797 2226 2852 erga

643 2871 1034 2929 benefactorcnt
1080 2874 1288 2944 ingrati.
1331 2871 1467 2942 Quid
1513 2874 1632 2928 ais?
1671 2873 1846 2944 lingua
1888 2888 1985 2928 nos
2027 2873 2226 2944 indigni

641 2965 741 3019 visi
769 2966 988 3021 sumus?
1015 2981 1078 3021 ac
1104 2966 1273 3022 bruta:
1293 2966 1506 3037 quidem
1525 2970 1820 3023 animantes
1843 2968 2110 3038 propriam
2136 2983 2229 3024 vo-

641 3071 758 3111 cem
791 3055 988 3112 habent
1010 3072 1229 3123 omnes;
1257 3059 1436 3114 balant
1461 3074 1589 3113 oves
1613 3068 1668 3114 et
1693 3074 1888 3128 caprae,
1912 3059 2080 3129 mugit
2109 3067 2228 3114 tau-

639 3162 753 3214 rus,
769 3147 941 3202 hinnit
962 3163 1148 3220 equus,
1170 3150 1308 3221 regit
1327 3150 1432 3216 leo,
1449 3151 1602 3220 lupus
1627 3150 1810 3212 ululat,
1834 3151 2011 3206 sibilat
2030 3150 2222 3206 draco:

641 3254 970 3310 unaquaeque
1000 3242 1168 3296 bestia
1195 3243 1467 3311 proprium
1504 3257 1695 3299 sonum
1724 3243 2060 3298 conservavit
2079 3283 2097 3311 ,
2123 3259 2224 3316 ego

640 3345 768 3384 vere
794 3331 939 3386 solus
971 3333 1181 3402 propria
1208 3349 1324 3388 smn
1354 3348 1486 3388 voce
1516 3334 1788 3403 privatus?
1831 3333 1900 3389 Et
1942 3335 2223 3406 sylvestria

639 3433 694 3478 et
738 3435 1033 3490 mansueta,
1065 3435 1118 3480 et
1157 3425 1390 3480 cicurata
1439 3435 1494 3480 et
1536 3441 1642 3479 non
1676 3425 1906 3480 cicurata
1943 3426 2220 3494 animalia,

639 3515 845 3585 singula
871 3517 1119 3571 tributam
1151 3517 1250 3572 sibi
1276 3533 1304 3570 a
1335 3518 1599 3588 principio
1625 3532 1807 3572 vocem
1840 3518 2172 3574 retinuerunt
2203 3537 2218 3574 :

637 3624 740 3679 ego
761 3624 885 3663 vero
907 3611 1150 3679 princeps
1171 3610 1385 3665 illorum
1408 3610 1691 3680 ignominia
1713 3624 1829 3664 sum
1853 3611 2094 3664 notatus?
2117 3610 2222 3668 illis

639 3699 872 3758 honores
902 3703 1068 3772 erepti
1089 3711 1182 3756 aut
1207 3702 1388 3756 mutati
1422 3716 1526 3755 non
1550 3711 1693 3768 sunt,
1721 3716 1821 3772 ego
1846 3717 1972 3756 vero
1996 3717 2113 3756 sum
2140 3703 2223 3759 di-

637 3791 775 3846 vinis
804 3795 1112 3847 muneribns
1137 3791 1429 3862 spoliatus?
1458 3791 1606 3858 Quod
1651 3801 1854 3847 tantum
1897 3791 1994 3847 fuit
2037 3793 2089 3846 in
2133 3807 2222 3852 me

635 3881 847 3937 scelus?
889 3898 993 3938 non
1029 3884 1364 3940 sufficiebant
1388 3883 1592 3953 priores
1621 3883 1722 3939 illa:
1751 3883 1960 3955 pinnae?
1999 3885 2220 3945 Paradi-

634 3987 753 4028 sum
775 3973 903 4030 mihi
925 3985 1282 4041 concesserat,
1305 3985 1358 4032 et
1377 3991 1444 4032 ex
1468 3977 1713 4046 paradiso
1732 3993 1818 4033 me
1842 3977 2028 4048 ejecit;
2058 3979 2219 4034 vitam

635 4065 839 4122 doloris
865 4077 1138 4138 expertem
1164 4068 1510 4138 laborumque
1534 4068 1896 4136 traducebam,
1919 4071 2115 4125 sudore
2135 4085 2220 4126 me

634 4173 699 4214 ac
725 4159 907 4216 labore
934 4160 1236 4227 damnavit;
1266 4161 1396 4216 citra
1421 4170 1714 4218 sementem
1749 4170 1802 4216 et
1831 4162 2033 4218 inarata
2062 4162 2219 4219 tellus

634 4253 812 4307 omnia
837 4253 1125 4323 prmbebat,
1154 4255 1436 4325 imperavit
1473 4257 1546 4310 illi
1594 4266 1651 4311 ut
1688 4256 1868 4327 spinas
1906 4265 1960 4310 et
1999 4256 2220 4312 tribulos

635 4341 831 4408 ferret,
871 4351 926 4398 et
964 4344 1017 4398 in
1062 4345 1229 4413 ipsam
1265 4359 1447 4400 rursus
1479 4361 1566 4402 me
1601 4348 1905 4403 convertit:
1933 4357 2104 4402 morte
2132 4364 2218 4404 me

633 4432 942 4498 mulctavit;
973 4434 1255 4489 mulierum
1283 4451 1466 4490 sexum
1501 4439 1776 4495 mulctavit
1803 4445 1985 4508 partus
2012 4437 2213 4494 dolori-

632 4521 734 4576 bus
763 4521 1137 4592 laboribusque
1165 4525 1486 4592 subjectum.
1506 4525 1618 4580 Non
1645 4527 1976 4583 sufficiebant
2005 4529 2121 4584 haec
2147 4529 2216 4584 ad

633 4627 871 4685 pinnam,
899 4613 992 4669 sed
1018 4629 1202 4670 vocem
1233 4631 1445 4685 quoque
1483 4616 1614 4671 mihi
1655 4618 1885 4688 eripuit,
1917 4627 1972 4674 et
2003 4620 2103 4674 hoc
2131 4635 2218 4675 me

635 4705 838 4761 honore
860 4705 1102 4776 privavit,
1125 4716 1182 4762 ut
1204 4707 1422 4762 tribules
1444 4723 1507 4762 ac
1523 4709 1748 4779 gentiles
1772 4725 1922 4766 meos
1947 4718 2215 4781 tamquam

633 4799 834 4855 ferinos
858 4815 1092 4866 averser,
1121 4814 1241 4855 cum
1270 4815 1355 4856 me
1380 4800 1572 4872 lingua:
1601 4801 1883 4858 diversitas
1907 4814 2120 4874 separet
2147 4805 2216 4860 ab

632 4892 844 4948 illorum
857 4909 1165 4964 congressu.
1193 4894 1479 4964 Propterea
1500 4893 1855 4964 objectionem
1875 4885 2214 4966 amplificavi,

631 4995 691 5040 ut
733 5003 852 5041 cum
896 4989 1214 5045 solutionem
1257 4988 1503 5059 adjecero
1527 5032 1542 5058 ,
1574 4989 1833 5046 illustrior
1855 4990 1948 5046 ﬁat
1973 4992 2213 5048 victoria.

633 5078 689 5134 Si
723 5080 804 5134 bis
828 5081 1094 5147 omnibus,
1125 5083 1314 5154 inquit,
1345 5082 1606 5152 privatum
1635 5099 1722 5138 me
1751 5083 1982 5148 volebat,
2013 5100 2115 5155 qua
2146 5083 2216 5141 de

635 5186 794 5226 causa
829 5172 914 5227 illa
941 5173 1068 5227 mihi
1095 5175 1202 5242 jam
1229 5189 1258 5228 a
1286 5175 1546 5245 principio
1569 5177 1930 5232 concedebat?
1957 5177 2124 5234 Vultis
2149 5194 2212 5234 ex

631 5262 736 5317 hoc
760 5279 866 5317 uno
887 5264 1205 5321 solutionem
1231 5267 1496 5338 adjiciam,
1517 5268 1583 5323 ab
1610 5267 1709 5324 hac
1739 5269 1850 5340 ipsa
1873 5268 2099 5337 simplici
2121 5270 2219 5324 ob-

623 5353 906 5426 jectione?
951 5354 1119 5411 Tanta
1167 5358 1363 5429 quippe
1405 5368 1529 5413 sunt
1570 5373 1748 5414 causae
1787 5359 1983 5415 divina:
2030 5360 2216 5416 ﬁrma-

633 5455 832 5510 menta,
861 5454 918 5500 ut
937 5447 1022 5503 vel
1049 5449 1162 5520 ipsa
1182 5449 1598 5506 contradicentis
1619 5451 1847 5521 objectio
1867 5452 2011 5508 nullo
2033 5461 2216 5508 nostro

629 5541 972 5596 corroborata
997 5541 1234 5598 subsidio
1250 5544 1314 5597 ad
1327 5544 1549 5599 crimina
1580 5543 1806 5599 sufﬁciat
1827 5545 2133 5601 refellenda.
2158 5545 2214 5601 Si

629 5646 718 5686 me
745 5632 827 5687 his
852 5634 1102 5690 omnibus
1127 5636 1336 5704 privare
1362 5636 1592 5703 volebat,
1611 5652 1708 5692 cur
1732 5653 1794 5693 ea
1821 5639 1948 5691 mihi
1965 5639 2072 5709 jam
2095 5639 2216 5694 inde

629 5737 660 5777 a
677 5724 938 5796 principio
950 5727 1275 5785 concedebat
1288 5728 1312 5783 ἲ
1323 5726 1454 5785 Nam
1476 5737 1529 5786 et
1548 5743 1646 5800 ego
1665 5728 1800 5786 istud
1819 5730 2176 5800 ipsum‘dieam
2193 5747 2205 5785 :

1451 281 1508 337 S.
1546 279 1824 336 JOANNIS
1858 276 2335 338 CilHYSOSTOMl
2373 281 2692 337 ARCIIIEP.
2733 281 3271 340 CONSTANTINOP.
3771 302 3857 355 περ

2361 391 2418 450 Si
2459 401 2509 452 te
2553 392 2634 448 his
2658 395 2907 450 omnibus
2937 395 3146 467 privare
3167 395 3404 462 volebat,
3431 415 3571 470 quant
3599 403 3658 456 ub
3680 423 3852 464 t‘attsant

2357 487 2719 544 concedebat?
2748 487 2927 559 itaque
2955 489 3204 561 quoniam
3234 499 3285 544 te
3311 491 3503 560 privare
3527 496 3727 564 nolebat,
3749 516 3844 569 pro.

2357 585 2537 652 pterea
2579 577 2670 634 tibi
2706 579 2816 647 jam
2852 580 2976 636 inde
2999 596 3028 635 a
3060 582 3320 651 principio
3344 583 3435 637 ista
3464 590 3712 644 concessit.
3744 594 3852 660 Quid

2355 682 2482 738 ergo
2503 669 2728 726 accidit?
2754 669 2869 724 Non
2895 679 2948 726 te
2974 671 3111 726 Deus
3133 671 3215 726 bis
3240 672 3389 727 bonis
3413 674 3572 743 cjeeit,
3598 679 3678 732 sed
3697 688 3742 733 tu
3762 698 3854 753 quae

2355 761 2476 818 data
2507 763 2716 824 fuerant
2747 767 2994 823 amisisti.
3028 768 3104 823 Tu
3133 769 3282 825 illum
3315 782 3514 841 propter
3539 775 3852 849 benignitatem

2355 853 2686 925 lauda,quod
2709 856 2926 928 largitus
2946 859 3014 913 sit
3045 876 3058 911 :
3086 861 3306 931 teipsum
3331 874 3533 933 ιιι-θρωπ-
3551 866 3770 936 ignaviain
3789 887 3856 924 ac-

2352 959 2497 1010 cusa,
2530 947 2620 1015 qui
2642 947 2838 1005 donum
2866 950 3083 1005 minime
3103 954 3512 1010 conservaveris.
3542 957 3707 1028 Liquet
3733 962 3856 1031 igitur

2353 1053 2456 1092 non
2479 1054 2600 1095 eum
2631 1040 2720 1111 qui
2743 1041 2988 1111 deposuit
3013 1058 3160 1100 reum
3188 1060 3330 1112 esse,
3354 1063 3530 1104 verum
3556 1065 3663 1107 eum
3690 1054 3763 1122 qui
3782 1053 3857 1108 de.

2350 1130 2579 1200 positum
2611 1132 2836 1200 perdidit
2855 1134 3072 1192 crimini
3099 1135 3381 1194 obnoxium
3411 1153 3542 1196 esse.
3579 1140 3696 1195 Nam
3720 1157 3769 1198 se
3791 1144 3856 1197 di-

2349 1219 2512 1294 ligere
2530 1236 2594 1278 ac
2617 1223 2902 1294 benignum
2923 1240 3065 1294 esse,
3083 1235 3138 1282 et
3159 1227 3337 1300 largiri
3363 1229 3581 1290 voluisse
3600 1231 3860 1300 declaravit,

2347 1327 2468 1371 cum
2500 1329 2659 1372 nemo
2687 1327 2905 1386 cogeret
2929 1327 3022 1374 aut
3047 1320 3150 1378 vim
3179 1319 3431 1384 afferret,
3466 1338 3577 1380 cum
3613 1325 3734 1384 nulla
3758 1328 3798 1380 in
3821 1337 3860 1385 te

2348 1416 2492 1460 recte
2521 1405 2655 1464 facta
2687 1410 2907 1466 miratus
2931 1421 3074 1467 esset
3095 1453 3113 1474 ,
3143 1429 3316 1482 neque
3355 1415 3582 1473 laborum
3619 1420 3863 1476 retribuere

2347 1496 2647 1552 mercedem
2674 1498 2926 1567 deberet;
2955 1502 3050 1559 sed
3075 1504 3353 1560 confestim
3383 1505 3466 1562 ubi
3497 1505 3738 1572 formavit,
3761 1525 3863 1564 con-

2347 1581 2517 1639 festim
2539 1587 2603 1642 ad
2627 1587 2767 1646 hunc
2794 1591 3142 1662 principatum
3169 1595 3360 1659 evexit,
3385 1605 3439 1652 ut
3463 1596 3559 1656 hoc
3580 1597 3755 1652 donum
3781 1616 3863 1652 non

2344 1677 2748 1736 retributionem
2791 1684 3074 1752 mercedis,
3116 1686 3212 1744 sed
3254 1702 3457 1746 meram
3500 1690 3703 1760 gratiam
3739 1691 3866 1746 fuisse

2342 1769 2668 1830 Ostenderet.
2691 1772 2841 1844 Quod
2862 1775 2908 1830 si
2929 1791 3051 1846 qua:
3068 1777 3190 1835 data
3212 1778 3418 1838 fuerant
3439 1795 3542 1837 non
3561 1783 3865 1848 conservasti,

2343 1861 2570 1930 teipsum
2592 1879 2803 1932 accusa,
2833 1883 2937 1926 non
2961 1883 3085 1928 eum
3113 1871 3202 1942 qui
3232 1870 3436 1932 donum
3459 1874 3684 1932 contulit.

2411 1943 2598 2003 Citriin
2636 1954 2878 2008 adventus
2915 1955 3102 2012 atttt'ssa
3145 1955 3288 2015 nobis
3328 1957 3548 2010 auctiora
3588 1958 3792 2014 restituit.
3813 1988 3867 1997 —

2340 2036 2476 2095 Num
2504 2039 2663 2110 igitur
2685 2041 2787 2099 hoc
2811 2059 2972 2102 unum
3012 2060 3108 2114 pro
3143 2046 3372 2108 Domino
3399 2047 3573 2103 dicere
3601 2050 3871 2118 possumus?

2337 2127 2546 2186 Sufﬁcit
2571 2131 2789 2201 quidem
2829 2133 2945 2191 haec
2980 2133 3223 2190 defensio
3255 2155 3270 2191 :
3302 2137 3397 2196 sed
3429 2139 3672 2193 immensa
3701 2137 3870 2192 bonitas

2337 2218 2454 2292 ejus
2505 2229 2558 2276 et
2600 2223 2897 2295 benignitas
2928 2225 3208 2286 ineffabilis
3237 2228 3345 2282 alia
3375 2229 3528 2284 nobis
3555 2229 3618 2283 ad
3645 2230 3748 2304 ejus
3769 2245 3871 2286 cau-

2336 2325 2449 2370 sam
2479 2313 2730 2368 tuendam
2759 2313 3090 2375 ﬁrmamenta
3118 2319 3340 2388 copiose
3377 2319 3686 2394 suppeditat.
3723 2320 3873 2390 Neque

2333 2403 2478 2480 enim
2511 2404 2613 2462 hoc
2641 2407 2813 2464 solum
2841 2407 3024 2466 dicere
3050 2411 3195 2478 licet,
3223 2410 3401 2482 ipsum
3428 2412 3636 2482 quidem
3661 2411 3842 2469 dedisse
3860 2452 3874 2477 ,

2337 2504 2390 2553 te
2412 2511 2538 2550 vero
2566 2497 2893 2568 perdidisse;
2940 2516 3061 2560 nam
3091 2510 3144 2556 ct
3173 2501 3278 2560 hoc
3308 2513 3464 2573 pacto
3489 2504 3574 2574 qui
3604 2503 3764 2566 dedit,
3787 2503 3873 2558 cri-

2333 2586 2478 2644 mine
2507 2588 2777 2652 liberatur,
2812 2591 2892 2648 vel
2927 2593 3103 2661 potius
3132 2593 3367 2652 maxima
3398 2594 3554 2652 laude
3581 2594 3754 2665 dignus
3777 2608 3878 2646 cen-

2333 2689 2512 2750 setur,
2555 2682 2696 2751 quod
2733 2684 2893 2740 etiam
2937 2686 3234 2754 praevidens
3267 2697 3321 2743 te
3353 2688 3673 2754 perditurum
3699 2687 3879 2742 minime

2333 2780 2385 2830 te
2405 2772 2544 2828 dono
2566 2773 2785 2844 privarit
2807 2792 2823 2830 :
2846 2775 2941 2834 sed
2961 2776 3104 2832 aliud
3126 2777 3384 2847 quiddam
3405 2779 3576 2849 majus
3603 2777 3710 2833 istis
3732 2777 3880 2830 direre

2333 2880 2635 2938 possumus.
2662 2867 2939 2938 Quodnam
2962 2880 3136 2927 autem
3161 2871 3290 2926 illud
3313 2871 3436 2928 est?
3464 2871 3610 2941 Quod
3642 2879 3880 2943 postquam

2331 2972 2393 3012 ⁸⁸
2426 2958 2637 3030 Propria
2665 2960 2984 3030 negligentia
3012 2962 3310 3032 perdidisti,
3342 2979 3530 3024 rursus
3568 2979 3630 3019 ea
3666 2963 3751 3017 tibi
3784 2975 3882 3035 qua:

2330 3048 2638 3118 perdideras
2677 3052 2973 3109 restituerit
2998 3071 3013 3108 :
3043 3055 3148 3111 imo
3177 3071 3287 3110 non
3320 3072 3387 3112 ea
3416 3065 3618 3116 tantum
3646 3071 3756 3126 qua:
3781 3069 3882 3123 pcr-

2328 3141 2560 3206 didcras,
2582 3141 2678 3200 sed
2707 3143 2787 3201 his
2808 3145 2975 3200 multo
2993 3144 3216 3214 majora.
3250 3146 3390 3203 Nam
3414 3147 3713 3222 paradisum
3739 3142 3884 3214 perdi-

2327 3234 2504 3302 deras,
2524 3243 2580 3289 at
2595 3235 2681 3294 ille
2701 3236 2889 3292 caelum
2909 3237 3000 3294 tibi
3025 3237 3192 3294 dedit.
3221 3238 3392 3297 Vides
3413 3253 3521 3310 quo
3543 3247 3692 3308 pacto
3714 3237 3885 3290 lucrum

2328 3325 2500 3394 majus
2519 3335 2602 3381 est
2623 3342 2784 3398 quam
2806 3327 3053 3396 jactura?
3077 3344 3183 3400 quo
3204 3339 3364 3398 pacto
3392 3333 3573 3403 plures
3599 3337 3717 3383 sunt
3740 3323 3884 3395 opes?

2327 3416 2526 3473 Cadunt
2558 3418 2651 3476 tibi
2675 3419 2893 3490 largitus
2918 3428 3023 3485 est,
3050 3430 3106 3478 ut
3131 3419 3525 3491 benignitatem
3551 3435 3697 3476 suam
3727 3432 3823 3488 pra:
3841 3428 3888 3472 se

2327 3507 2511 3575 ferret,
2529 3508 2740 3564 diabolo
2757 3509 2996 3566 dolorem
3016 3513 3270 3577 innreret,
3286 3523 3342 3567 et
3359 3510 3685 3574 ostenderet,
3700 3509 3809 3566 licet
3823 3507 3888 3562 ia-

2325 3615 2573 3660 numeras
2588 3603 2768 3672 generi
2787 3613 2968 3660 nostro
2987 3604 3168 3662 tendat
3186 3605 3434 3672 insidias,
3451 3605 3582 3660 nihil
3605 3605 3700 3659 hoc
3711 3602 3775 3658 illi
3791 3615 3892 3672 pro-

2326 3690 2582 3758 futurum,
2609 3708 2730 3749 cum
2751 3693 2816 3748 ad
2840 3695 3094 3762 majorem
3122 3695 3262 3750 Deus
3295 3697 3564 3752 honorem
3587 3710 3682 3750 nos
3705 3691 3886 3749 evehat.

2323 3785 2562 3841 Amisisti
2592 3801 2719 3857 ergo
2744 3787 3066 3858 paradisum,
3096 3796 3151 3844 et
3177 3789 3270 3846 tibi
3301 3791 3451 3846 Deus
3472 3787 3892 3860 aperuitcrelum;

2323 3877 2390 3935 ad
2423 3878 2799 3948 temporarium
2825 3877 3106 3937 damnatus
3130 3893 3188 3939 es
3215 3879 3487 3950 laborem,
3511 3889 3570 3936 et
3593 3881 3695 3934 vita
3721 3887 3890 3933 atem:

2323 3968 2519 4024 ditatus
2543 3984 2634 4032 es;
2676 3969 2954 4042 imperavit
2983 3979 3155 4033 teme,
3192 3980 3249 4024 ut
3275 3972 3469 4042 spinas
3499 3987 3564 4026 ac
3589 3969 3799 4026 tribulos
3817 3963 3894 4020 tibi

2325 4059 2659 4129 produceret,
2683 4071 2736 4118 ct
2757 4061 2985 4117 fructum
3005 4061 3094 4118 tibi
3121 4060 3358 4134 Spiritus
3378 4064 3561 4118 anima
3589 4057 3893 4133 geminavit.

2393 4153 2447 4206 4.
2479 4153 2556 4206 Ac
2587 4151 2706 4206 vide
2734 4161 2928 4220 quanta
2958 4153 3030 4207 sit
3057 4152 3151 4211 Dei
3182 4154 3531 4224 benignitas,
3564 4163 3826 4223 quousque
3848 4159 3897 4202 se

2323 4240 2618 4298 demiserit.
2647 4240 2704 4298 Si
2731 4241 2948 4312 quando
2977 4242 3214 4299 nonnulli
3248 4243 3470 4313 aliquas
3498 4245 3769 4298 facultates
3786 4235 3898 4290 anti-

2322 4335 2492 4391 serint
2510 4375 2526 4402 ,
2571 4335 2696 4390 licet
2739 4335 2968 4405 majores
2992 4348 3056 4390 ac
3082 4335 3441 4402 pretiosiores
3467 4334 3801 4404 acceperint,
3826 4327 3897 4380 illa

2322 4424 2439 4495 ipsa
2479 4441 2596 4495 qua:
2644 4424 2933 4482 amiserant
2971 4441 3211 4495 quierere
3257 4427 3533 4498 cupiunt,
3579 4438 3747 4495 neque
3779 4419 3901 4492 prius

2322 4517 2693 4587 acquiescere,
2722 4532 2880 4589 quam
2907 4515 3019 4586 ipsa
3044 4518 3515 4592 rccuperaverint.
3543 4515 3797 4584 Quoniam
3821 4508 3900 4581 igi-

2323 4617 2410 4670 tur
2453 4611 2752 4680 paradisum
2794 4609 3140 4682 perdideras,
3192 4625 3298 4667 non
3345 4613 3547 4672 caelum
3595 4610 3687 4667 tibi
3727 4617 3904 4661 tantum

2321 4701 2544 4772 Largitus
2581 4712 2696 4770 est,
2733 4701 2830 4759 sed
2862 4712 2916 4756 et
2955 4701 3257 4770 paradisum
3288 4710 3350 4757 ct
3375 4702 3610 4757 caelum.
3636 4698 3797 4754 Hodie
3820 4709 3907 4749 me-

2321 4812 2438 4852 cum
2483 4796 2580 4854 eris
2626 4797 2678 4850 in
2721 4795 2959 4866 paradiso
3001 4794 3150 4865 (Luc.
3179 4793 3269 4854 25.
3307 4797 3411 4866 45)
3436 4838 3452 4862 ,
3487 4795 3664 4866 inquit
3692 4812 3704 4847 :
3737 4801 3791 4844 ut
3818 4803 3910 4842 non

2321 4888 2483 4946 modo
2519 4887 2789 4947 additione
2828 4889 3122 4957 majorum,
3163 4887 3258 4944 sed
3297 4889 3474 4944 etiam
3503 4905 3686 4944 rerum
3713 4883 3910 4939 amissa-

2321 4997 2440 5038 rum
2470 4983 2872 5050 reeuperatione
2901 4982 3170 5040 dolentem
3195 4981 3444 5040 animam
3472 4982 3794 5038 consoletur.
3820 4971 3910 5029 Sed

2322 5075 2387 5130 ad
2431 5074 2534 5131 hoc
2574 5075 2746 5146 ipsum
2790 5077 3150 5146 propositum,
3183 5075 3228 5132 si
3269 5075 3500 5144 placet,
3532 5073 3835 5132 veniamus,
3860 5077 3910 5117 ac

2322 5169 2613 5232 videamus,
2644 5183 2750 5238 quo
2769 5179 2923 5238 pacto
2943 5169 3174 5239 linguam
3197 5167 3633 5237 perdiderimus.
3657 5165 3767 5220 Non
3789 5157 3910 5214 enim

2322 5260 2664 5318 mediocriter
2685 5263 2921 5319 conferet
2942 5261 3006 5314 ad
3035 5260 3385 5316 securitatem
3415 5257 3670 5316 historia.
3693 5255 3815 5311 Nam
3836 5245 3910 5319 qui

2325 5355 2561 5423 pristina:
2589 5353 2890 5411 securitatis
2917 5352 3134 5410 modum
3160 5353 3454 5422 cognovit,
3488 5353 3546 5411 in
3570 5347 3786 5420 reliquis
3808 5357 3910 5398 cau-

2326 5446 2429 5500 tior
2453 5448 2557 5501 erit
2580 5455 2633 5501 et
2657 5443 2914 5502 securior.
2944 5443 3134 5515 Opera:
3159 5443 3398 5514 pretium
3431 5453 3523 5498 est
3543 5451 3720 5498 autem
3742 5446 3795 5490 ut
3812 5447 3910 5486 om-

2325 5539 2410 5594 nia
2441 5539 2592 5594 vobis
2617 5539 2859 5596 dicantur
2889 5555 2902 5592 :
2933 5538 3093 5608 quale
3121 5547 3234 5603 est,
3263 5551 3441 5594 unam
3473 5536 3646 5592 fuisse
3671 5526 3910 5604 quondam

2325 5632 2562 5687 omnium
2590 5633 2864 5688 hominum
2891 5631 3120 5701 linguam
3147 5638 3308 5698 atque
3339 5631 3398 5686 in
3429 5629 3636 5684 multas
3659 5631 3833 5697 postea
3855 5615 3910 5669 di.

2329 5727 2494 5784 visam
2533 5742 2654 5783 esse
2706 5744 2716 5779 :
2770 5725 2835 5782 ad
2880 5723 3020 5796 quod
3063 5735 3272 5796 tempus
3306 5739 3492 5797 usque
3528 5737 3638 5784 una
3665 5717 3910 5784 iuerit,c!
