4092 6218
575 311 668 367 181

573 442 671 481 σαν
695 426 753 478 αἰ
783 421 964 475 λοιπαί
990 439 1001 452 ·
1029 420 1116 473 6:6
1142 419 1194 473 τί
1222 417 1508 488 συνεχύθη,
1537 417 1631 470 καὶ
1657 417 1722 469 ὲκ
1746 414 1903 476 ποίας
1929 410 2101 472 αἰτίας
2118 420 2133 435 ’

571 508 691 566 εἰτα
728 509 858 579 ποία
883 506 1087 560 τούτων
1115 505 1223 559 τῶν
1251 504 1463 558 πολλῶν
1492 504 1684 574 φωνῶν
1718 504 1751 571 ή
1786 498 1995 555 Παλαιά
2022 514 2143 551 συν-

570 600 747 651 έκειτο
771 593 1012 664 Διαθήκη
1035 611 1047 623 ·
1074 592 1160 646 διὰ
1180 591 1287 664 γάρ
1312 594 1527 661 ἐκείνην
1558 591 1734 645 πάντα
1763 588 1936 642 ταῦτα
1964 587 2141 655 ὲκινήο

572 698 745 754 σαμεν
776 700 790 713 ·
826 678 1155 753 πότερον’τῇ
1197 681 1399 752 ἀρχαίᾳ
1439 682 1532 734 καὶ
1569 678 1935 750 πρεσϐυτέρᾳ,
1964 675 1997 746 ἢ
2024 677 2146 741 ταῖς

572 770 794 841 ὕστερον
821 767 1325 839 έπεισενεχθείσαις.
1355 765 1513 819 Ἀλλά
1536 766 1611 837 μὴ
1627 764 1838 835 δείσητε
1866 780 1880 794 ·
1910 761 2013 816 κᾶν
2035 758 2145 831 γὰρ

575 863 648 934 μὴ
673 863 909 933 τήμερον
944 860 1157 914 ἅπαντα
1189 858 1506 929 δυνηθῶμεν
1523 855 1831 919 ἀποδοῦναι,
1856 852 1990 909 ἀλλὰ
2009 852 2146 906 πάν-

570 966 678 1012 τως
710 949 837 1020 ὑμῖν
870 947 1217 1017 ἀποδώσομεν
1252 946 1495 1017 ὕστερον.
1539 944 1694 1007 Τίνος
1724 937 1817 995 οὖν
1851 942 2033 995 ἕνεκεν
2070 937 2145 1011 μὴ

574 1034 855 1106 μέλλοντες
881 1036 1095 1088 ἅπαντα
1125 1034 1362 1103 τήμερον
1392 1030 1727 1095 ἀποδιδόναι,
1760 1028 2012 1081 ἁπάντων
2037 1026 2146 1079 τῶν

570 1122 896 1192 ὀφλημάτων
910 1120 1007 1193 τὴν
1026 1121 1280 1174 ὑπόθεσιν
1303 1121 1432 1190 ὑμῖν
1462 1118 1806 1189 ἁνέγνωμεν;
1836 1118 1953 1169 Ἰνα
1980 1130 2148 1186 προσ-

571 1210 833 1274 δοκῶντες
872 1209 969 1280 τὴν
1018 1210 1298 1271 ἀπόδοσιν,
1334 1207 1624 1270 διαπαντὸς
1665 1205 1803 1260 κατά
1839 1204 1963 1258 νοῦν
2000 1204 2147 1273 ἡμᾶς

571 1297 751 1368 ἔχητε.
783 1297 891 1350 Καὶ
919 1297 1026 1368 γὰρ
1057 1298 1084 1348 6
1112 1297 1334 1369 χρυσίον
1361 1296 1465 1349 τινὶ
1495 1294 1762 1357 δανείσας,
1789 1293 1882 1345 καὶ
1908 1290 2146 1346 ὑπεύθυ-

572 1404 659 1439 νον
679 1386 813 1455 ἔχων
836 1385 927 1438 τοῦ
952 1386 1280 1456 ὀφλήματος,
1304 1388 1396 1439 καὶ
1417 1385 1473 1438 ὲν
1495 1383 1761 1458 τραπέζῃ,
1781 1382 1876 1437 καὶ
1894 1384 1951 1435 ὲν
1976 1382 2143 1452 οἰκία,

573 1476 668 1528 καὶ
695 1476 752 1527 ὲν
784 1476 977 1545 ἀγορᾷ,
1011 1476 1104 1528 καὶ
1134 1476 1189 1526 έν
1218 1467 1401 1546 κλίνῃ,
1443 1474 1537 1529 καὶ⁵
1570 1469 1844 1544 πανταχοῦ
1874 1471 1966 1525 τὸν
2004 1470 2149 1539 όφεί-

571 1560 731 1615 λοντα
769 1561 917 1631 αὐτῷ
954 1560 1277 1631 φαντάζεται
1320 1563 1412 1614 καὶ
1447 1559 1778 1630 ὀνειροπολεῖ
1804 1574 1817 1588 ⁸
1846 1558 1940 1612 καὶ
1977 1560 2005 1611 6
2039 1556 2148 1609 τῶν

572 1650 869 1721 χρημάτων
890 1649 1027 1720 έρως
1053 1648 1187 1721 μετᾶ
1213 1648 1319 1701 τῶν
1339 1649 1634 1720 χρημάτων
1661 1648 1911 1700 κάκεῖνον
1933 1646 2024 1697 ἐπὶ
2051 1645 2149 1715 τῆς

573 1735 668 1789 τοῦ
696 1735 1052 1799 δεδανεικότος
1078 1739 1219 1788 ποιεῖ
1240 1734 1523 1798 διαπαντὸς
1543 1732 1928 1805 περιφέρεσθαι
1950 1730 2146 1801 ψυχῆς.

576 1824 696 1877 Ἱνα
726 1819 817 1876 οὖν
847 1824 941 1876 καὶ
967 1824 1127 1893 ἡμεῖς
1148 1826 1211 1893 τῇ
1236 1822 1410 1875 ἑλπίδι
1439 1822 1538 1891 τῆς
1566 1821 1869 1882 ἀποδόσεως
1899 1818 2150 1888 ὲσώμεθα

572 1909 860 1973 διαπαντὸς
892 1912 948 1962 ὲν
981 1911 1101 1972 ταῖς
1135 1910 1424 1979 ὑμετέραις
1462 1908 1740 1971 διανοίαις,
1774 1908 1866 1960 καὶ
1897 1907 1955 1958 έν
1982 1905 2148 1975 οἰκία,

573 1997 671 2051 καὶ
697 1998 755 2048 έν
787 1997 991 2067 ἀγορᾷ,
1027 1996 1119 2050 καὶ
1144 1997 1279 2049 ὅπου
1306 1996 1350 2049 6'
1387 1995 1453 2049 ἂν
1482 1991 1601 2065 ἦτε,
1634 1994 1721 2048 διὰ
1754 1993 1912 2047 τοῦτο
1945 1992 2015 2046 τὰ
2053 1993 2150 2061 μὲν

572 2085 863 2155 ὀφλήματα
883 2085 1334 2156 ὡμολογήσαμεν,
1356 2084 1455 2153 τὴν
1482 2084 1540 2137 δὲ
1566 2082 1822 2137 ἀπόδοσιν
1849 2081 2065 2136 ἃπασαν
2088 2081 2150 2135 οὐ

577 2170 877 2242 ποιούμεθα
897 2173 1156 2243 σήμερον,
1180 2172 1266 2226 ἵνα
1287 2174 1351 2242 τῇ
1379 2171 1673 2243 προσδοκία
1693 2170 1798 2224 τῶν
1821 2169 2153 2239 λειπομένων

464 2298 473 2307 ρ
575 2258 828 2312 ὑπόθεσιν
841 2259 940 2328 τῆς
964 2276 1030 2311 πε
1039 2260 1090 2342 ρὶ
1107 2258 1263 2329 ήμῶν
1283 2260 1500 2329 μνήμης
1518 2260 1651 2330 παρ’
1668 2259 1799 2328 ὑμῖν
1815 2256 2152 2325 καταλείψω-

578 2362 697 2415 μεν.
711 2346 933 2415 Μεγάλη
949 2346 1058 2416 γὰρ
1073 2346 1228 2417 ήμῶν
1243 2346 1530 2415 ἀσφάλεια,
1541 2346 1638 2416 τῆς
1652 2347 1921 2417 ὑμετέρας
1935 2347 2155 2416 ἀγάπης

574 2432 864 2486 ἀπολαύειν
874 2432 1153 2504 διηνεκῶς,
1163 2432 1312 2504 [187]
1325 2434 1388 2503 δή
1397 2451 1498 2505 μου
1513 2433 1752 2487 τοιούτου
1766 2436 1858 2487 καὶ
1875 2433 2149 2488 τοσούτω.

587 2520 647 2573 '0
670 2521 775 2591 γὰρ
788 2520 1007 2591 ἀγάπης
1021 2519 1325 2585 ἀπολαύων,
1342 2519 1435 2574 καὶ
1449 2522 1615 2590 εὐχῆς
1629 2521 1995 2575 ἀπολαύσεται
2022 2520 2155 2574 πάν-

490 2628 499 2637 ι
575 2606 874 2672 τως.Τοῦτο
883 2607 939 2660 δὲ
951 2608 1133 2679 ήλίκον
1143 2608 1289 2661 ἐστὶν
1300 2608 1520 2676 ἀγαθὸν,
1533 2607 1692 2679 δῆλον
1706 2607 1911 2662 ἐκεῖθεν
1920 2626 1932 2639 ’
1946 2608 2153 2672 Παῦλος

576 2698 801 2760 ἐκεῖνος,
817 2697 847 2749 6
859 2698 940 2760 εἰς
957 2698 1138 2768 τρίτον
1154 2698 1424 2769 ἀρπαγεὶς
1443 2699 1688 2768 οὐρανὸν,
1704 2701 1732 2752 ό
1749 2700 1967 2770 ῥήματα
1987 2699 2121 2752 ἀκού
2134 2728 2154 2739 -

579 2801 677 2848 σας
708 2784 939 2861 ἄρρητα,
968 2787 995 2838 6
1022 2784 1199 2847 πάσας
1232 2788 1627 2856 καπαπατήσας
1660 2785 1759 2848 τὰς
1788 2785 2032 2854 ἀνάγκας
2057 2787 2156 2857 τῆς

580 2873 843 2940 φύσεως,ό
858 2876 912 2926 ὲν
928 2872 1192 2944 ἀσφαλείᾳ
1202 2872 1385 2946 τελεία
1399 2874 1582 2928 λοιπὸν
1601 2873 1868 2939 ῶν,ὲδεῖτο
1886 2876 1979 2930 καὶ
1990 2876 2157 2947 εὐχῆς

520 3024 523 3029 ι
577 2960 684 3015 τῶν
712 2960 988 3034 μαθητῶν,
1008 2963 1099 3016 καὶ
1141 2962 1293 3032 ἔλεγε
1327 2963 1775 3032 ⁸Προσεύχεσθε
1807 2964 1958 3033 ὑπὲρ
1985 2964 2152 3034 ἐμοῦ,

578 3047 677 3103 ἵνα
688 3049 896 3117 ῥυσθῶ
910 3050 1026 3105 ἀπὸ
1042 3048 1160 3103 τῶν
1185 3051 1589 3105 ἀπειθούντων
1610 3069 1623 3082 ⁸
1652 3051 1746 3105 καὶ
1765 3051 1944 3117 πάλιν,
1963 3055 2155 3120 Προσο

578 3140 849 3208 εὐχεσθε,
870 3140 970 3194 ἵνα
993 3157 1093 3209 μοι
1118 3138 1266 3209 δοθῇ
1286 3140 1463 3210 λόγος
1482 3140 1550 3194 ὲν
1563 3138 1788 3205 ἀνοίξει
1810 3141 1915 3195 τοῦ
1935 3141 2157 3210 στόμα-

577 3227 680 3292 τός
714 3245 854 3296 μου.
890 3227 999 3280 Καὶ
1042 3225 1319 3299 πανταχοῦ
1364 3229 1525 3298 ὁρᾶτε
1566 3228 1726 3281 αὐτὸν
1772 3227 1863 3282 καὶ
1904 3227 2155 3282 αἰτοῦντα

577 3316 677 3377 τὰς
718 3313 884 3383 εὐχὰς
920 3314 1029 3369 τῶν
1063 3315 1339 3387 μαθητῶν,
1382 3316 1475 3369 καὶ
1512 3314 1935 3386 εὐχαριστοῦντα
1971 3315 2156 3379 αὐτοῖς

580 3400 724 3472 μετά
752 3401 813 3454 16
841 3400 1045 3457 λαδεῖν.
1075 3403 1192 3456 Ἵνα
1214 3401 1323 3475 γὰρ
1354 3402 1429 3473 μή
1453 3402 1585 3473 λέγῃ
1619 3420 1720 3467 τις,
1748 3402 1827 3455 ὅτι
1855 3401 1942 3457 διὰ
1967 3418 2157 3456 ταπει-

579 3490 911 3562 νοφροσύνην
942 3490 1275 3561 καταφεύγει
1303 3492 1395 3547 ὲπῖ
1419 3490 1515 3556 τὰς
1543 3490 1705 3560 εὐχὰς
1737 3491 1844 3544 τῶν
1876 3489 2154 3560 μαθητῶν,

578 3578 850 3632 δείκνυσιν
886 3577 1064 3632 αὐτῶν
1094 3580 1187 3632 καὶ
1223 3578 1321 3651 τήν
1348 3577 1598 3649 δύναμιν,
1630 3578 1773 3632 οὕτω
1800 3578 1972 3646 λέγων
1993 3594 2010 3610 ο
2052 3581 2156 3646 Ὃς

580 3667 649 3720 ἐκ
681 3667 1044 3733 τηλικούτων
1070 3666 1339 3720 θανάτων
1367 3666 1659 3734 ἐρρύσατο
1686 3662 1843 3734 ἡμᾶς
1865 3682 1880 3697 ο
1903 3666 2160 3733 ἠλπίκα-

577 3770 691 3825 μεν
730 3753 800 3807 δὲ
843 3753 931 3807 ὅτι
978 3752 1075 3807 καὶ
1109 3754 1390 3821 ῥύσεται,
1435 3753 2016 3821 συνυποιφτούντων
2056 3750 2175 3808 καί

580 3840 749 3911 ὑμῶν
769 3841 845 3910 τῇ
868 3842 1071 3910 δεήσει
1100 3840 1251 3910 ὑπὲρ
1278 3838 1465 3911 ἡμῶν,
1490 3840 1590 3893 ἵνα
1610 3840 1677 3894 τὸ
1704 3842 1791 3906 εἰς
1814 3839 1972 3909 ἡμᾶς
1994 3839 2160 3911 χάριν

582 3943 707 3999 σμα
734 3927 831 3982 διὰ
855 3927 1101 3983 πολλῶν
1128 3926 1536 3997 εὐχαριστηθῇ
1570 3929 1725 3996 ὑπὲρ
1751 3925 1941 3996 ἡμῶν.

651 4015 716 4068 Et
761 4013 818 4068 δὲ
858 4012 1068 4069 Παῦλον
1103 4013 1364 4067 κινδύνων
1400 4012 1704 4085 ἀπήλλαξεν
1739 4015 1774 4083 ή
1797 4013 1892 4067 τοῦ
1921 4013 2158 4086 πλήθους

581 4100 742 4174 εὐχή,
774 4100 893 4165 πῶς
926 4102 988 4155 οὐ
1035 4099 1244 4171 μεγάλα
1280 4099 1362 4153 δεῖ
1397 4098 1701 4171 προσδοκᾷν
1738 4100 1832 4155 καὶ
1867 4102 2018 4171 ἡμᾶς
2049 4100 2158 4155 ἀπὸ

564 4191 784 4262 ταύτης
823 4187 1210 4261 καρπώσεσθαι
1250 4187 1348 4253 τῆς
1383 4188 1745 4260 προστασίας;
1796 4188 2014 4259 Ἐπειδὴ
2048 4188 2157 4261 γὰρ

559 4279 709 4334 καθ’
733 4280 959 4343 ἑαυτοὺς
987 4278 1269 4349 εὐχόμενοι
1297 4276 1545 4341 ἀσθενεῖς
1572 4277 1757 4347 ἐσμεν,
1785 4276 1915 4330 ὅταν
1942 4276 1999 4330 66
2030 4276 2156 4330 συλ-

582 4366 850 4438 λεγῶμεν,
884 4366 1092 4437 ἰσχυροὶ
1120 4364 1381 4434 γινόμεθα
1419 4363 1641 4435 μᾶλλον.
1675 4362 2028 4435 δυσωποῦμεν
2064 4364 2157 4419 τὸν

582 4453 714 4506 Θεὸν
739 4452 817 4523 τῷ
844 4452 1038 4524 πλήθει
1066 4452 1159 4505 καὶ
1175 4454 1241 4524 τῇ
1264 4450 1569 4523 συμμαχία.
1594 4449 1750 4505 Οὐτω
1782 4449 1878 4505 καὶ
1906 4451 2158 4522 βασιλεὺς

583 4539 844 4617 πολλάκις
879 4538 1003 4593 τινὰ
1043 4538 1416 4611 παραπέμψας
1435 4537 1668 4608 θανάτῳ,
1700 4537 1782 4591 ἑνὶ
1810 4539 1908 4610 μὲν
1932 4538 2031 4592 οὐκ
2058 4539 2158 4592 ἐπ⁸

556 4626 768 4682 ’ένευσε
792 4626 1030 4699 δεομένῳ
1054 4628 1178 4699 περὶ
1215 4626 1309 4679 τοῦ
1350 4624 1854 4689 καταδικασθέντος,
1899 4624 2053 4679 πόλιν
2098 4624 2155 4679 δὲ

581 4715 869 4788 ὁλόκληρον
908 4712 1329 4788 παρακαλοῦσαν
1363 4712 1707 4785 έδυσωπήθη,
1738 4713 1831 4767 καὶ
1852 4713 1942 4766 τὸν
1968 4714 2059 4767 ἐπὶ
2094 4713 2157 4767 16

584 4805 853 4878 βάραθρον
874 4803 1218 4874 ἀπαγόμενον
1244 4802 1331 4857 διά
1351 4802 1413 4856 16
1439 4800 1639 4873 πλῆθος
1656 4800 1764 4855 τῶν
1779 4800 2155 4873 παρακαλούνο

581 4910 692 4947 των
729 4891 1005 4965 ίξήρπασε
1038 4892 1136 4963 τῆς
1174 4890 1491 4961 καταδίκης,
1517 4890 1611 4944 καὶ
1644 4888 1780 4963 πρὸς
1805 4887 1949 4960 ζωήν
1986 4892 2154 4944 ἐπαν-

584 4983 777 5052 ήγαγε.
795 4981 1043 5051 Τοσαύτη
1072 4981 1105 5052 ή
1132 4978 1359 5050 δύναμις
1388 4979 1487 5050 τῆς
1503 4976 1597 5032 τοῦ
1619 4976 1854 5050 πλήθους
1877 4979 2155 5051 ἰκετηρίας

583 5067 721 5123 ἐστί.
744 5067 839 5121 Διά
868 5067 1026 5121 τοῦτο
1051 5068 1143 5121 καὶ
1166 5066 1399 5122 ἐνταῦθα
1420 5065 1788 5135 συλλεγόμεθα
1819 5065 2039 5130 πάντες,
2066 5066 2155 5121 ἴνα

589 5156 844 5229 μειζόνως
868 5159 944 5219 εἰς
970 5153 1147 5211 οἶκτον
1175 5155 1603 5227 έπισπασὼμεθα
1632 5157 1722 5210 16v
1750 5156 1903 5210 Θεόν.
1936 5154 2153 5227 Ἐπειδὴ

583 5245 693 5315 γάρ
708 5243 826 5298 καθ’
842 5246 1067 5307 ἑαυτοὺς
1082 5245 1383 5315 εὐχόμενοι,
1409 5243 1588 5307 καθὼς
1602 5243 1772 5316 ἔφθην
1786 5240 1978 5310 εἰπὼν,
1993 5242 2155 5297 ἀσθε-

584 5335 693 5396 νεῖς
708 5334 894 5403 ὲσμεν,
907 5333 1015 5387 ἀπὸ
1029 5332 1122 5386 τοῦ
1143 5333 1435 5401 συνδέσμου
1451 5333 1549 5403 τῆς
1568 5333 1786 5403 ἀγάπης
1800 5328 2046 5384 δυσωποῦ
2055 5348 2153 5401 μεν

586 5423 674 5475 τὸν
712 5420 844 5475 Θεὸν
888 5420 1069 5474 δοῦναι
1105 5422 1235 5491 ήμίν
1275 5421 1345 5474 τὰ
1385 5419 1699 5491 αἰτούμενα.
1735 5418 1919 5473 Ταῦτα
1963 5419 2020 5473 δὲ
2055 5419 2152 5490 οὐχ

582 5506 770 5570 ἁπλῶς
803 5506 973 5575 λέγω,
1012 5506 1133 5560 ούδὲ⁹
1171 5507 1237 5560 δι’
1278 5507 1510 5579 ἐμαυτὸν
1557 5508 1745 5579 μόνον,
1785 5507 1899 5560 ἀλλ’
1936 5506 2021 5560 ῖνα
2064 5507 2155 5560 ἀεὶ

583 5592 854 5664 σπεύδητε
889 5595 969 5657 εἰς
990 5594 1090 5658 τὰς
1123 5592 1388 5659 συνάξεις,
1428 5595 1514 5647 ἵνα
1555 5595 1629 5665 μὴ
1665 5595 1883 5664 λέγητε*
1924 5595 1989 5647 Τί
2019 5593 2149 5663 γὰρ,

583 5682 643 5734 ὲν
671 5683 737 5752 τῇ
766 5681 912 5751 οἰκίᾳ
934 5682 992 5735 οὐ
1014 5681 1246 5751 δύναμαι
1289 5680 1573 5747 εῦξασθαις
1600 5681 1834 5736 Δύνασαι
1868 5682 1967 5752 μὲν
1994 5681 2152 5748 εὖξα-

588 5767 732 5835 σθαι,
760 5770 821 5823 οὐ
855 5770 1120 5841 τοσαύτην
1151 5768 1207 5825 δὲ
1235 5767 1459 5844 δύναμιν
1496 5768 1611 5841 ἔχει
1646 5770 1682 5843 ή
1709 5770 1875 5843 εὐχή,
1914 5769 1989 5839 ὡς
2016 5771 2144 5828 ὅταν

1289 304 1349 359 S.
1386 299 1670 359 JOANNIS
1704 290 2182 355 CHIWSOSTO!"
2218 290 2534 365 ARCIIIEP.
2574 288 3115 348 CONSTANTINOP.

3712 286 3819 343 189.

2248 405 2391 476 μετά
2418 407 2526 459 τῶν
2565 404 2742 475 μελῶν
2768 405 2877 459 τῶν
2907 404 3121 458 οἰκείων
3158 403 3393 474 γίνηται,
3432 401 3505 464 ὼς
3541 401 3669 455 ὅταν
3698 401 3818 455 έλόο

2240 489 2439 561 κληρον
2480 490 2540 543 16
2583 490 2741 560 σῶμα
2781 491 2879 559 τῆς
2934 488 3255 559 Ἐκκλησίας
3307 484 3646 555 ὁμοθυμαδὸν
3687 485 3819 540 ἀνα-

2242 572 2434 643 πέμπῃ
2464 573 2560 643 τὴν
2593 572 2777 642 δέησιν
2812 573 2911 642 μιᾷ
2943 573 3126 641 φωνῇ,
3161 568 3349 640 ἱερέων
3380 566 3677 638 παρόντων,
3720 568 3819 621 καὶ

2239 653 2339 716 τὰς
2362 654 2526 726 εὐχὰς
2549 653 2642 708 τοῦ
2666 651 2844 707 κοινοῦ
2875 653 3110 725 πλήθους
3134 652 3531 723 ἀναφερόντων.

2314 796 2375 843 ε’.
2403 789 2592 843 Βούλει
2610 788 2798 860 μαθεῖν
2824 789 2967 861 πόση
2991 789 3134 844 ἐστὶν
3149 790 3183 861 ή
3199 786 3427 857 δύναμις
3444 786 3546 857 τῆς
3570 785 3734 857 εὐχῆς
3756 787 3825 839 έν

2244 874 2309 943 τῇ
2345 872 2611 944 ἐκκλησίᾳ
2643 872 2970 944 γινομένης;
3011 871 3250 926 Ἐδέδετο
3282 874 3311 925 6
3344 871 3549 941 Πέτρος
3586 869 3714 922 ποτέ
3756 870 3820 922 ἐν

2243 955 2322 1079 ’ἰῷ
2369 956 2745 1079 δεσμωτηρίῳ,
2801 956 2896 1009 καὶ
2948 955 3164 1019 ἁλύσεις
3224 954 3532 1045 «aggesto

2271 1030 2560 1079 Ιοοσευγη
2657 1025 2689 1079 ὲ
2734 1023 2814 1079 ἦν
2862 1024 3110 1079 ἐκτενὴο
3165 1025 3286 1079 ὑπὸ
3327 1041 3438 1079 τηε
3474 1026 3818 1079 Εκκλησιας

2244 1023 2560 1093 Προσεύχὴ
2609 1023 2708 1079 ’δὲ’
2734 1023 2814 1097 ἦν
2862 1024 3110 1092 ἐκτενὴς
3165 1023 3309 1080 ὑπδ
3327 1023 3438 1091 τῆς
3457 1024 3825 1089 Ἐκκλησιάς

2246 1107 2376 1175 περί
2421 1107 2609 1162 αὐτοῦ
2655 1107 2956 1178 γινομένη,
2994 1108 3091 1161 καὶ
3128 1107 3345 1172 εὐθέως
3388 1108 3577 1161 αὐτὸν
3621 1104 3821 1172 ἀπήλ-

2244 1188 2396 1253 λαξε
2419 1189 2525 1243 τοῦ
2555 1188 2976 1258 δεσμωτηρίου.
3007 1189 3073 1241 Τί
3094 1189 3270 1244 τοίνυν
3295 1188 3659 1258 δυνατώτερον
3685 1186 3823 1241 ταύ-

2244 1289 2350 1343 της
2408 1273 2606 1341 γένοιτ⁹
2661 1274 2727 1327 ἂν
2777 1274 2878 1343 τῆς
2934 1274 3118 1344 εὐχῆς.
3171 1274 3206 1345 ή
3266 1275 3392 1334 τοὺς
3446 1272 3669 1335 στύλους
3722 1272 3823 1324 καὶ

2247 1356 2492 1424 πύργους
2522 1355 2624 1425 τῆς
2659 1356 2983 1427 Ἐκκλησίας
3013 1356 3294 1427 ὠφέλησε;
3332 1354 3545 1417 Παῦλος
3585 1355 3691 1423 γὰρ
3726 1354 3826 1407 καὶ

2247 1439 2451 1508 Πέτρος
2494 1438 2694 1510 πύργοι
2731 1439 2825 1493 καὶ
2863 1438 3044 1492 στῦλοι
3074 1438 3173 1507 τῆς
3216 1437 3554 1506 Ἐκκλησίας’
3601 1439 3692 1490 καὶ
3722 1437 3823 1490 τοῦ

2251 1521 2350 1590 μὲν
2380 1520 2449 1574 τά
2477 1520 2653 1591 δεσμὰ
2682 1521 2857 1585 ἔλυσε,
2880 1521 2975 1575 τοῦ
3003 1522 3061 1575 δὲ
3082 1522 3141 1576 τὸ
3165 1523 3338 1592 στόμα
3366 1521 3599 1591 ἀνέῳξεν
3623 1533 3668 1575 ι.
3703 1522 3824 1573 Ἱια

2247 1605 2304 1659 δὲ
2336 1604 2411 1675 μή
2445 1604 2603 1675 μόνον
2638 1606 2746 1663 ἀπὸ
2771 1605 2877 1658 τῶν
2899 1606 3019 1659 τότε
3052 1606 3389 1676 συμϐάντων,
3431 1604 3569 1659 ἀλλᾶ
3588 1597 3682 1657 Ξιαὶ
3711 1605 3827 1657 ἀπὸ

2186 1730 2189 1733 .
2246 1689 2356 1741 τῶν
2414 1687 2535 1741 καθ’
2579 1688 2813 1757 ἑκάστην
2861 1688 3194 1759 τελουμένων
3228 1688 3325 1761 τὴν
3365 1689 3597 1760 ἡμέραν,
3626 1688 3826 1754 διπλῆν

2248 1771 2347 1841 τὴν
2378 1772 2606 1841 δύναμιν
2647 1770 3002 1842 ἐπιδείξωμεν
3046 1771 3217 1845 [I88],
3260 1775 3425 1845 αὐτῆς
3457 1774 3555 1844 τῆς
3585 1773 3689 1826 61:6
3724 1772 3826 1825 τοῦ

2248 1854 2419 1927 δήμου
2457 1855 2746 1926 γινομένης
2776 1856 2940 1926 εὐχῆς
2990 1857 3133 1927 ὑμᾶς
3176 1859 3596 1929 ἀναμνήσωμεν.
3627 1857 3827 1910 Καίτοι

2249 1954 2313 2007 γε
2357 1937 2413 1990 εῖ
2457 1954 2542 2000 τις
2581 1938 2689 1991 τῶν
2733 1938 2941 1992 πολλῶν
2982 1939 3134 2009 ὐμῶν
3170 1940 3199 1980 δ
3237 1940 3537 2006 ὲπιτάξειεν
3572 1940 3829 2009 εὔχεσθαι

2249 2018 2375 2073 καθ’
2404 2019 2595 2074 ἑαυτὸν
2623 2021 2764 2092 ὑπὲρ
2795 2021 2893 2091 τῆς
2916 2021 3009 2074 τοῦ
3038 2023 3336 2077 ἐπισκόπου
3371 2023 3663 2094 σωτηρίας.
3689 2023 3833 2075 ἔκα-

2255 2123 2380 2169 στος
2413 2106 2482 2159 ἂν
2504 2107 2922 2178 παραιτήσαιτο,
2951 2108 3027 2170 ὡς
3044 2108 3234 2179 μεῖζον
3262 2108 3321 2161 16
3357 2109 3574 2178 φορτίον
3596 2107 3694 2175 τῆς
3724 2108 3829 2159 αύ-

2249 2189 2345 2243 τοῦ
2379 2188 2657 2259 δυνάμεως
2684 2190 2762 2244 δν·
2789 2194 2939 2262 κοινῇ
2972 2190 3029 2244 δὲ
3059 2191 3256 2255 πάντες
3275 2190 3560 2254 ἀκούοντες
3589 2189 3683 2243 τοῦ
3709 2191 3832 2243 δια-

2253 2273 2409 2326 κόνου
2467 2272 2624 2325 τοῦτο
2686 2272 2998 2337 κελεύοντος
3056 2274 3151 2327 καὶ
3202 2274 3477 2341 λέγοντος.
3523 2270 3832 2340 Δεηθῶμει·

2252 2356 2404 2423 ὑπὲρ
2451 2354 2559 2409 τοῦ
2609 2356 2965 2421 ἐπισκόπου,
3014 2358 3109 2411 καὶ
3155 2358 3260 2412 τοῦ
3312 2357 3524 2427 γήρως,
3571 2355 3667 2408 καὶ
3712 2355 3831 2420 τῆς

2253 2438 2629 2506 ἀντιλήψεως
2655 2450 2702 2501 ο,
2757 2439 2853 2493 καί
2892 2442 2991 2494 ἵνα
3032 2439 3321 2509 ὀρθοτομῇ
3358 2440 3465 2494 τὸν
3494 2440 3679 2506 λόγον
3717 2436 3831 2501 τῆς

2252 2522 2555 2588 ἀληθείας.
2606 2521 2702 2575 καί
2744 2522 2897 2591 ὑπὲρ
2937 2522 3057 2576 τῶν
3090 2523 3367 2585 ἐνταῦθα.
3396 2521 3492 2576 καί
3527 2522 3678 2590 ὑπὲρ
3706 2520 3835 2574 τῶι·

2253 2605 2623 2674 ἁπανταχοῦ,
2668 2606 2729 2658 οὐ
2789 2606 3141 2674 παραιτεῖσθε
3200 2607 3371 2659 ποιεῖν
3408 2605 3470 2659 τὸ
3522 2606 3827 2675 ἐπίταγμα,

2255 2688 2389 2741 ἀλλά
2426 2691 2541 2760 μετ’
2567 2690 2839 2753 ἐκτενείας
2862 2690 3160 2761 ἀναφέρετε
3185 2690 3284 2758 τὴν
3307 2689 3490 2760 εὐχὴν,
3514 2688 3709 2750 εἰδότες
3727 2692 3829 2757 τῆς

2255 2773 2526 2845 ὑμετέρας
2553 2773 2769 2827 συνόδου
2805 2774 2906 2844 τὴν
2942 2774 3185 2844 δύναμιν.
3214 2775 3420 2827 ’ἰσασιν
3449 2775 3498 2826 οἰ
3538 2774 3829 2843 μεμυημέ-

2253 2875 2333 2911 vo:
2375 2856 2445 2910 τὰ
2493 2856 2778 2927 λεγόμεναο
2819 2860 2885 2928 τῇ
2934 2856 3043 2928 γὰρ
3083 2858 3216 2929 εὐχῇ
3260 2857 3369 2909 τῶν
3407 2855 3831 2926 κατηχουμέκων

2254 2939 2463 2993 οὐδέπω
2490 2939 2647 2993 τοῦτο
2673 2938 3085 3010 ἐπιτέτραπται,
3108 2938 3295 3011 ἐπειδὴ
3321 2938 3532 2993 οὐδέπω
3562 2938 3699 3009 πρὸς
3726 2937 3829 3007 τὴν

2255 3023 2566 3094 παρρησίαν
2619 3023 2859 3092 ἔφθασαν
2902 3022 3128 3092 ταύτην·
3167 3022 3297 3093 ὐμῖν
3336 3022 3391 3075 δὲ
3436 3023 3529 3075 καὶ
3560 3022 3700 3093 ὑπὲρ
3726 3021 3833 3090 τῆς

2254 3107 2597 3177 οἰκουμένης,
2628 3107 2723 3161 καὶ
2751 3106 2891 3177 ὑπὲρ
2916 3106 3017 3177 τῆς
3048 3105 3372 3177 Ἐκκλησίας
3397 3106 3496 3177 τῆς
3530 3106 3692 3178 μέχρι
3724 3120 3828 3157 περ

2257 3189 2433 3261 ράτων
2454 3190 2555 3260 τῆς
2586 3190 2690 3260 γῆς
2722 3190 3107 3261 ἐκτεταμένης,
3132 3190 3227 3244 καὶ
3256 3190 3396 3260 ὑπὲρ
3420 3191 3528 3244 τῶν
3564 3191 3831 3243 διοικούν-

2254 3290 2361 3327 των
2389 3272 2558 3343 αὐτὴν
2582 3273 2895 3326 ἐπισκόπων
2926 3273 3178 3327 ἁπάντων
3205 3273 3632 3344 παρακελεύεται
3655 3277 3829 3327 ποιεῖ⁴

2257 3357 2381 3411 σθαι
2413 3356 2513 3421 τὰς
2540 3357 2750 3428 δεήσεις
2780 3359 2809 3410 6
2837 3357 3063 3421 ταύταις
3088 3358 3367 3423 διακονῶν,
3399 3358 3493 3412 καὶ
3526 3359 3829 3413 ὑπακούετε

2259 3441 2395 3513 μετά
2416 3442 2743 3514 προθυμίας,
2765 3441 2911 3514 ἔργῳ
2945 3444 3364 3517 μαρτυροῦντες,
3393 3444 3474 3497 δτι
3500 3443 3709 3515 μεγάλη
3730 3445 3830 3516 τῆς

2255 3524 2420 3595 εὐχῆς
2471 3525 2505 3593 ή
2548 3523 2778 3595 δύναμις
2814 3528 2915 3597 τῆς
2962 3526 3020 3579 ὲν
3068 3526 3333 3597 ἐκκλησίᾳ
3367 3527 3477 3581 61:6
3513 3528 3609 3581 τοῦ
3654 3528 3828 3598 δήμου

2258 3604 2559 3677 συμφώνως
2609 3608 3020 3680 ἀναφερομένης
3070 3609 3235 3665 ἐστίν.
3273 3609 3433 3663 Ἀλλά
3476 3608 3587 3682 γὰρ
3633 3612 3727 3663 ἐπὶ
3765 3611 3830 3663 τὸ

2257 3688 2613 3760 προκείμενον
2640 3691 2969 3762 έπανίωμεν,
2998 3692 3079 3746 δτι
3109 3692 3206 3764 μία
3230 3694 3381 3764 φωνὴ
3412 3688 3476 3763 ἦν
3497 3694 3557 3747 16
3579 3693 3825 3748 παλαιόν.

2257 3771 2427 3825 Πόθεν
2455 3769 2547 3826 οὖν
2574 3772 2751 3844 δῆλον,
2779 3774 2862 3828 ὅτι
2902 3774 3000 3845 μία
3030 3775 3182 3845 φωνὴ
3209 3771 3306 3847 ἦνς
3344 3777 3451 3830 Καὶ
3482 3770 3564 3847 ἦν
3589 3776 3756 3831 πᾶσα
3786 3779 3827 3847 ἠ

2256 3856 2354 3925 γῆ,
2383 3857 2535 3926 φησὶ,
2577 3855 2779 3926 χεῖλος
2807 3856 2894 3911 ἓν.
2943 3857 3173 3927 Ἀσαφὲς
3204 3858 3266 3912 16
3295 3860 3600 3932 εἰρημένον.
3646 3862 3709 3913 Ἡ
3754 3860 3827 3931 γῆ

2255 3940 2429 4011 χεῖλος
2461 3940 2606 4011 ἔχεις
2650 3939 2932 4011 Οὐδαμῶς.
2964 3941 3029 3994 Τί
3063 3938 3155 3997 οῦν
3187 3960 3339 4012 φησι,
3372 3944 3466 3997 καὶ
3495 3945 3623 4014 περὶ
3649 3945 3827 4010 τίνος;

2256 4022 2331 4076 Οὐ
2375 4023 2504 4095 περὶ
2544 4021 2746 4095 ταύτης
2773 4023 2920 4091 λέγει
2961 4025 3061 4096 τῆς
3097 4026 3200 4094 γῆς
3225 4026 3324 4096 τῆς
3352 4026 3699 4097 ἀναισθήτου.
3731 4028 3831 4097 τῆς

2256 4105 2532 4176 ἀκινήτου·
2561 4106 2697 4159 ἀλλά
2720 4107 2782 4160 16
2808 4106 2984 4160 κοινὸν
3006 4107 3114 4161 τῶν
3143 4107 3445 4179 ἀνθρώπων
3471 4109 3626 4177 γένος
3655 4109 3831 4173 οὕτως

2257 4187 2501 4252 ὲκάλεσε,
2536 4188 2636 4259 τῆς
2664 4189 2870 4252 οἰκείας
2906 4190 3101 4254 αὐτοὺς
3134 4189 3561 4261 ἀναμιμνήσκων
3590 4192 3828 4260 φύσεως,

2255 4271 2355 4341 τῆς
2399 4271 2604 4341 μητρὸς
2650 4273 2729 4336 εἰς
2759 4272 3064 4342 ὑπόμνησιν
3102 4274 3271 4342 ἄγων,
3295 4274 3415 4327 ὄθεν
3447 4275 3710 4343 ἐγένοντο.
3739 4278 3830 4328 Δι-

2256 4352 2423 4407 πλοῦν
2451 4353 2559 4424 γάρ
2582 4354 2742 4407 τοῦτο
2766 4354 2828 4407 16
2862 4354 3020 4422 ζῶον,
3047 4357 3077 4410 ό
3104 4356 3405 4426 ἄνθρωπος,
3446 4356 3609 4425 λέγω,
3641 4359 3709 4411 έκ
3737 4357 3837 4411 δύο

2258 4437 2614 4507 συγκείμενος
2654 4437 2873 4504 οὐσιῶν,
2911 4436 3013 4509 τῆς
3040 4440 3137 4509 μὲν
3174 4439 3455 4511 αἰσθητῆς,
3491 4444 3591 4513 τῆς
3620 4442 3678 4496 δὲ
3701 4459 3828 4513 νοη-

2255 4518 2375 4590 τῆς,
2420 4520 2617 4590 ψυχῆς,
2659 4519 2823 4588 λέγω,
2857 4521 2954 4575 καὶ
2992 4521 3260 4592 σώματος,
3289 4525 3381 4578 καὶ
3411 4527 3468 4577 ὲν
3493 4523 3709 4596 οὐρανῷ
3736 4527 3831 4579 καὶ

2255 4604 2314 4655 ὲν
2348 4605 2419 4674 γῇ
2455 4602 2772 4671 συγγένειαν
2798 4604 2954 4673 ἔχων.
2991 4605 3089 4658 Διά
3115 4606 3215 4677 μὲν
3237 4606 3348 4678 γὰρ
3379 4610 3477 4680 τῆς
3506 4609 3703 4678 νοητῆς
3734 4610 3828 4662 o6-

2256 4684 2375 4749 σίας
2403 4688 2648 4739 κοινωνεῖ
2670 4689 2788 4750 ταῖς
2814 4689 2925 4741 ἀνω
2944 4687 3228 4760 δυνάμεσι,
3247 4690 3336 4744 διὰ
3363 4689 3419 4745 δὲ
3443 4691 3545 4761 τῆς
3563 4691 3826 4761 αἰσθητῆς

2254 4769 2367 4832 τοῖς
2402 4767 2505 4839 τῆς
2543 4770 2645 4840 γῆς
2684 4769 2951 4840 συνῆπται
2980 4771 3289 4842 πράγμασι,
3317 4773 3608 4845 σύνδεσμός
3639 4791 3725 4837 τις
3753 4774 3828 4827 ὢν

2251 4850 2484 4923 ἀκριϐής
2507 4852 2771 4923 ἑκατέρας
2793 4852 2895 4922 τῆς
2916 4855 3340 4919 κτίσεως.’⁸οταν
3378 4858 3474 4927 μὲν
3499 4853 3590 4911 οὖν
3614 4860 3829 4929 πράττη

2252 4952 2308 4989 τι
2337 4935 2446 4989 τῶν
2479 4936 2558 5008 τῷ
2585 4936 2705 5007 Θεῷ
2735 4937 3053 4999 δοκούντων,
3084 4942 3447 5011 πνευματικὸς
3473 4940 3708 5009 λέγεται.
3737 4942 3829 4994 καὶ

2252 5017 2374 5072 οὐδὲ
2404 5019 2511 5073 ἀπό
2536 5020 2637 5091 τῆς
2658 5019 2834 5092 ψυχῆς
2853 5020 3196 5091 ὀνομάζεται,
3221 5022 3337 5077 ἀλλ’
3367 5024 3459 5092 ἀφ’
3486 5023 3680 5093 ἑτέρας
3713 5025 3828 5093 μεί-

2252 5101 2406 5168 ζονος
2431 5102 2618 5174 τιμῆς,
2649 5104 2755 5157 ἀπὸ
2781 5106 2881 5175 τῆς
2907 5106 3000 5160 τοῦ
3024 5107 3340 5177 Πνεύματος
3368 5107 3665 5178 ἐνεργείας.
3693 5108 3828 5162 υύδὶ

2254 5186 2364 5257 γάρ
2402 5186 2564 5256 ἀρκεῖ
2605 5187 2640 5257 ή
2679 5186 2823 5258 ψυχὴ
2866 5189 2997 5259 ήμῖν
3042 5192 3124 5253 εἰς
3158 5189 3576 5260 κατορθώματα,
3611 5189 3706 5242 ἐὰν
3753 5193 3823 5261 μή

2254 5268 2649 5340 ἀπολαύσωμεν
2676 5270 2774 5340 τῆς
2798 5263 3048 5342 βοηθείας
3076 5272 3309 5342 ἐκείνης.
3340 5274 3451 5326 Καὶ
3478 5274 3564 5326 ἴνα
3595 5273 3823 5343 μάθητε,

2253 5352 2356 5416 ὅτι,
2386 5351 2506 5405 οὐδὲ
2538 5358 2570 5423 ή
2613 5352 2759 5423 ψυχὴ
2792 5353 2955 5425 ἀρκεῖ
2989 5356 3119 5424 ήμῖν
3160 5357 3239 5418 εἰς
3278 5354 3693 5427 κατορθώματα
3735 5356 3825 5411 καὶ

2311 5532 2336 5595 _'
2363 5529 2496 5580 Coib.
2514 5532 2729 5595 ἦνέῳξεν.

2310 5592 2654 5668 ξιΑαιεθηαυιυ
2692 5608 2782 5641 τινι
2818 5598 2960 5655 puta:
3004 5593 3154 5643 Smll.
3196 5593 3300 5657 Ego
3342 5595 3513 5657 tegere
3549 5592 3714 5642 maEim
3734 5595 3829 5643 τᾶν

2253 5658 2579 5783 ’,ουλᾶἔίἓίθιξ
2600 5716 2867 5783 Ιρεοιιόυω
2903 5715 3093 5783 conjici:
3112 5716 3191 5766 καὶ
3216 5717 3299 5767 τοῦ
3332 5719 3508 5780 κλήρου
3530 5718 3714 5776 καὶτῆς
3747 5714 3832 5766 τοῦ

2256 5779 2526 5843 Πνεύματος
2543 5779 2849 5843 ἀντιλήψεως.
