4038 6204
623 338 727 396 183

619 457 897 524 utriusque
939 459 1216 506 creaturae.
1247 447 1378 502 Cum
1416 446 1577 516 igitur
1622 439 1822 513 aliquid
1860 441 1970 511 agit
2011 433 2199 493 eorum

624 561 744 614 quae
771 546 880 599 lien
907 550 1030 597 sunt
1064 540 1290 611 placita,
1323 536 1621 601 spiritualis
1657 534 1884 600 dicitur,
1908 543 1965 587 et
1995 546 2096 586 nec
2135 532 2204 584 ab

621 637 736 707 ipsa
773 633 988 705 quidem
1016 633 1194 686 anima
1222 645 1416 685 nomen
1459 628 1652 697 accipit
1674 667 1693 694 ,
1721 625 1816 682 sed
1840 625 1910 679 ab
1935 627 2040 678 alio
2065 639 2204 694 quo-

619 727 745 778 dam
785 725 992 779 honore
1041 721 1254 790 mjori,
1294 735 1329 774 ιι
1376 719 1606 789 Spiritus
1646 717 1980 788 operatioite.
2023 715 2203 782 Neque

621 815 766 868 cuitu
797 814 863 866 ad
890 821 1040 868 recte
1067 810 1206 866 lactt
1237 809 1434 866 sufficit
1459 808 1660 873 anima,
1692 807 1792 861 nisi
1817 807 1910 861 illo
1939 806 2203 875 potiamur

621 905 840 959 auxilio.
869 909 1044 973 Atque
1071 913 1132 957 ιιι
1165 901 1476 972 intelligetis
1513 903 1746 954 animum
1780 900 1936 954 nobis
1962 899 2029 951 ad
2057 908 2203 952 recte

625 996 758 1050 facta
783 1009 891 1049 non
917 997 1192 1058 suﬂicere;
1230 1002 1284 1049 et
1329 993 1454 1064 quid
1485 991 1635 1054 dico,
1662 990 1729 1044 ad
1756 999 1905 1045 recte
1942 988 2109 1043 facta?
2134 1001 2203 1042 ne

619 1085 690 1140 ad
723 1084 824 1139 huc
848 1083 1064 1155 quidem
1095 1095 1150 1137 ut
1175 1099 1239 1138 ea
1266 1098 1386 1154 qua:
1412 1082 1696 1146 dicuntur,
1725 1081 2000 1150 pacipere
2031 1078 2202 1145 possi-

627 1193 749 1231 mus
778 1194 793 1232 :
819 1176 1091 1239 Animalia,
1122 1176 1312 1246 inquit,
1339 1176 1488 1229 homo
1506 1192 1605 1228 non
1629 1174 1840 1243 percipit
1859 1189 1922 1227 ea
1945 1187 2062 1241 quc
2086 1179 2202 1225 sunt

625 1268 854 1338 Spiritus
881 1267 962 1339 (1.
993 1266 1113 1322 Car.
1141 1265 1200 1322 ﬂ.
1231 1266 1341 1338 1t).
1385 1265 1517 1320 Nam
1556 1276 1617 1318 ut
1650 1264 1922 1318 carnalem
1971 1263 2225 1332 appellat

620 1375 774 1426 cum,
798 1358 892 1429 qui
929 1357 1082 1412 canui
1125 1358 1322 1420 servit,
1365 1357 1446 1410 sic
1472 1356 1760 1410 animalem
1787 1353 2022 1424 appellat
2044 1368 2166 1408 eum
2183 1391 2200 1418 ,

625 1452 715 1521 qui
742 1447 1237 1505 ratiocinationibus
1255 1445 1500 1502 humanis
1511 1455 1703 1501 cuncta
1728 1446 2004 1516 permittit,
2032 1458 2204 1513 neque

625 1542 857 1611 Spiritus
882 1539 1120 1594 allatum
1146 1538 1357 1608 recipit.
1380 1537 1508 1600 Sed,
1530 1545 1590 1591 ut
1625 1536 1866 1592 dicebam
1887 1576 1904 1600 ,
1943 1550 2043 1590 nos
2075 1535 2203 1589 dum

623 1642 772 1686 mete
812 1629 1056 1701 agimus,
1100 1628 1402 1698 spirituales
1435 1627 1835 1683 dicimurmtnu
1863 1640 1990 1681 vero
2019 1641 2205 1694 pecca-

625 1740 769 1788 mus,
798 1724 1221 1794 supplantanmr,
1248 1733 1304 1779 et
1324 1722 1596 1793 quidpiam
1627 1722 1898 1792 indignum
1929 1721 2205 1775 nobilitate

626 1827 807 1871 nostra
852 1817 1187 1886 peragimus,
1217 1814 1372 1870 nobis
1396 1831 1428 1870 ι
1458 1815 1546 1870 vili
1573 1822 1625 1869 et
1651 1813 1856 1883 abiecta
1885 1824 2073 1866 natura
2105 1829 2204 1865 no-

623 1922 753 1962 men
780 1907 1026 1976 imponit,
1054 1917 1111 1962 et
1134 1921 1233 1962 nos
1259 1915 1454 1961 terram
1480 1905 1730 1976 appellat.
1757 1903 2016 1970 Quoniam
2047 1903 2206 1972 igitur

630 1998 719 2053 hic
759 2013 974 2069 quoque
1012 1997 1298 2053 nonnullos
1336 2006 1680 2053 accusaturus
1715 2003 1838 2062 est,
1878 1994 1969 2065 qui
2017 1992 2203 2048 turrim

625 2089 1044 2156 sdidcavcraut,
1081 2088 1174 2159 qui
1202 2089 1258 2144 in
1285 2089 1589 2156 superbiam
1614 2085 1742 2143 elati
1766 2097 1940 2154 erant,
1962 2084 2057 2156 qui
2086 2101 2206 2138 ma-

619 2179 772 2250 jores
809 2179 1070 2250 dignitate
1107 2194 1206 2234 sua
1251 2177 1470 2246 spiritus
1507 2177 1609 2232 sibi
1644 2186 1986 2245 sumpserant
2007 2215 2026 2242 ,
2083 2175 2208 2231 illos

623 2280 803 2326 autern
847 2279 1193 2325 accusaturus
1219 2277 1308 2323 est
1342 2267 1626 2338 superbia,
1665 2265 1868 2323 idcirco
1897 2283 1930 2321 a
1959 2267 2048 2321 vili
2077 2264 2208 2320 sub-

623 2364 824 2418 stantia
849 2363 1004 2419 duxit
1026 2361 1439 2433 appellationem
1475 2373 1599 2416 eum
1625 2359 1763 2416 dixit
1786 2377 1800 2414 ι
1825 2359 1889 2414 Iit
1917 2369 2022 2414 ml
2042 2359 2206 2414 arpinis

625 2469 762 2514 terra
786 2459 975 2512 labiun
998 2470 1176 2512 unum.
1205 2456 1379 2526 Atque
1418 2463 1474 2510 ut
1501 2454 1717 2510 d'neatis
1740 2453 1818 2509 sic
1842 2469 1964 2508 eum
1991 2468 2089 2506 nos
2111 2465 2206 2522 np-

627 2549 833 2618 pellare
845 2565 968 2604 cum
987 2545 1406 2617 moverimus,
1424 2544 1687 2599 Ademtum
1710 2544 1779 2598 ita
1797 2553 1917 2613 post
1932 2551 2202 2613 peccatum

623 2641 913 2710 mtdlavit
935 2641 1159 2704 dicens,
1209 2635 1366 2691 Terra
1405 2651 1495 2703 es,
1539 2645 1588 2691 et
1627 2636 1684 2690 in
1716 2651 1910 2689 arma:
1946 2633 2204 2688 reverteris

621 2731 782 2797 (Gen.
811 2732 866 2786 3.
899 2730 992 2799 19)
1015 2747 1030 2783 t
1053 2727 1263 2782 tametsi
1292 2743 1402 2782 non
1434 2736 1580 2783 terra
1619 2735 1822 2781 tantum
1849 2735 1966 2780 erat
1985 2766 2000 2790 ,
2031 2725 2124 2779 sed
2150 2733 2206 2779 et

625 2822 856 2874 animum
880 2819 1105 2873 habebat
1119 2819 1495 2874 immortalem.
1510 2816 1617 2874 Cur
1631 2819 1791 2888 igitur
1812 2827 2007 2873 terram
2030 2817 2203 2886 ipsum

617 2910 949 2982 appellavit?
968 2909 1102 2978 Quia
1127 2910 1391 2979 peccavit.
1415 2908 1559 2964 Sane
1578 2924 1700 2963 cum
1725 2907 1898 2978 ipsum
1926 2907 2203 2973 famularet,

618 3017 727 3056 non
753 3000 826 3056 ita
850 2999 996 3056 illum
1030 2999 1494 3071 appellavittquid
1522 2999 1693 3070 ergo?
1731 2998 2003 3052 Faciamus
2035 2999 2204 3051 homi-

618 3109 736 3147 nem
757 3091 826 3145 ad
850 3090 1118 3163 imaginem
1138 3101 1186 3145 et
1203 3090 1587 3145 similitudinem
1606 3097 1826 3143 nostram
1843 3097 1920 3142 :et
1940 3088 2204 3142 dominen-

614 3194 704 3240 tur
753 3185 969 3253 piscibus
1013 3183 1168 3238 maria
1188 3222 1206 3250 ,
1252 3191 1301 3237 et
1353 3182 1521 3237 bestiis
1567 3190 1738 3236 terra.
1791 3177 1862 3234 Et
1903 3181 1998 3234 erit
2053 3181 2203 3233 timor

614 3293 794 3330 eorum
842 3285 888 3329 et
915 3285 1104 3329 natator
1129 3289 1284 3342 super
1306 3288 1504 3326 onmem
1532 3280 1716 3326 terram
1747 3269 1901 3342 (Gen.
1935 3272 1985 3325 i.
2014 3269 2114 3334 26;
2144 3269 2199 3324 9.

614 3365 698 3435 2).
746 3365 906 3419 Vtiles
941 3363 1113 3433 qualis
1158 3370 1304 3419 esset
1347 3372 1550 3417 natura:
1587 3359 1972 3432 pra-.rogativa?
2016 3361 2202 3429 quales

618 3457 895 3512 honores?
917 3456 1096 3526 quam
1128 3455 1433 3526 przecouiai
1460 3453 1836 3510 Verumtamen
1865 3466 1989 3506 ante
2016 3466 2202 3522 pecca-

617 3560 731 3604 tum
757 3566 772 3604 t
797 3557 916 3618 post
943 3558 1218 3617 peccatum
1249 3557 1426 3601 autem
1461 3545 1751 3614 deinceps:
1773 3543 1936 3598 Terra
1968 3559 2040 3609 es,
2071 3553 2120 3597 et
2147 3543 2200 3596 in

613 3651 807 3694 terram
842 3641 1127 3695 reverteris.
1166 3637 1304 3693 Audi
1349 3652 1475 3692 vero
1515 3635 1830 3692 Malacbiam
1875 3650 2091 3705 quoque
2119 3634 2201 3688 id-

615 3733 791 3800 ipsuni
823 3731 1129 3786 innuentem
1147 3768 1164 3794 ,
1193 3729 1273 3784 vel
1323 3729 1499 3798 potius
1530 3728 1693 3781 Deum
1725 3742 1820 3796 per
1842 3725 2196 3796 prophetam:

622 3819 751 3874 Ecce
767 3821 913 3875 enim
943 3821 1085 3873 mitto
1137 3820 1292 3883 nobis,
1321 3818 1514 3888 inquit,
1545 3816 1716 3871 Etiam
1741 3815 2008 3871 Tltesbiteu
2035 3815 2196 3886 (Mal.

617 3911 671 3966 4.
719 3910 797 3981 5).
834 3911 942 3964 Cur
984 3911 1144 3982 igitur
1183 3909 1383 3965 mittit?
1412 3909 1480 3965 Ut
1514 3919 1773 3964 convertat
1804 3925 1895 3963 cor
1933 3909 2094 3980 patris
2129 3907 2199 3961 ad

612 4002 778 4071 ﬁliuni
804 4000 969 4071 (Ibid.
989 4019 1042 4056 ιν.
1064 4002 1147 4072 6).
1179 4001 1310 4058 Nam
1337 4002 1460 4072 quia
1485 3999 1720 4056 futurum
1745 4010 1849 4066 est,
1875 4010 1933 4056 ut
1961 4009 2197 4055 tremen-

612 4093 741 4146 dum
764 4092 890 4147 illud
908 4103 963 4148 et
979 4092 1308 4148 horrendum
1327 4091 1577 4148 adveniat
1590 4091 1870 4162 judicium,
1895 4107 1961 4145 ne
1982 4091 2199 4146 inexcu-

612 4183 808 4240 salutes
827 4199 890 4238 ac
908 4183 1084 4252 (uenis
1103 4183 1364 4238 elmoxios
1380 4182 1743 4253 deprehensos
1761 4182 1966 4252 aliquos
1981 4182 2199 4238 damnet

612 4274 784 4332 Judex
803 4292 820 4330 :
840 4285 895 4330 ut
924 4291 1046 4330 eum
1077 4276 1286 4330 venerit
1311 4275 1436 4342 ille,
1473 4288 1540 4330 ac
1572 4273 1878 4344 prtedixerit
1902 4273 2196 4345 apprOpin-

610 4382 784 4438 quare
831 4381 895 4422 ac
923 4383 1021 4436 pro
1047 4367 1248 4421 toribus
1283 4382 1405 4421 esse
1430 4365 1716 4422 adventum
1742 4365 1878 4434 ejus,
1908 4366 1975 4419 ad
2007 4366 2199 4421 utetia-

612 4474 729 4514 rem
758 4459 959 4528 lrttgem
990 4469 1202 4514 revocet
1223 4459 1500 4526 homines;
1523 4460 1700 4516 solent
1723 4460 1916 4529 quippe
1935 4475 2055 4530 quia
2072 4468 2199 4518 ante

615 4547 816 4601 multos
853 4562 1020 4600 annos
1045 4545 1186 4600 dicta
1214 4557 1338 4601 sunt
1382 4547 1433 4601 in
1461 4557 1822 4618 conte-ruptum
1852 4549 2034 4604 venire
2057 4566 2072 4604 :
2095 4563 2196 4604 no-

614 4647 779 4693 stram
807 4638 967 4708 igitur
992 4639 1302 4694 memoriam
1327 4653 1590 4693 renovans
1616 4639 1683 4693 ad
1711 4654 1809 4693 nos
1829 4639 1919 4694 ille
1941 4641 2196 4712 propheta

615 4731 779 4784 venit.
805 4729 913 4786 Sed
943 4728 1198 4800 appellari
1240 4738 1435 4805 terram
1462 4744 1558 4784 eos
1581 4729 1676 4800 qui
1703 4740 1952 4800 peccant,
1982 4730 2035 4785 id
2070 4747 2198 4788 vero

615 4839 756 4878 nunc
785 4823 938 4879 nobis
962 4831 1046 4878 est
1065 4821 1565 4878 demonstrandum.

681 4915 739 4967 6.
769 4912 1067 4968 Peccatores
1099 4914 1220 4968 dicti
1243 4923 1399 4968 terra.
1420 4943 1492 4954 —
1513 4913 1648 4968 Cum
1673 4929 1807 4984 ergo
1843 4913 2096 4981 dixisset,
2128 4914 2198 4971 Ut

609 5014 863 5058 convertat
897 5022 987 5060 cor
1007 5007 1166 5077 patris
1190 5007 1259 5059 ad
1275 5005 1464 5075 ﬁlium,
1485 5005 1681 5075 adjecit
1707 5005 1822 5062 :Ne
1843 5007 1974 5076 forte
1999 5009 2198 5064 ueniens

612 5095 888 5164 percutiam
937 5105 1122 5150 terram
1175 5098 1415 5166 penitus;
1457 5099 1686 5168 percutit
1715 5107 1894 5154 autem
1945 5099 2068 5153 illos
2105 5100 2196 5170 qui

614 5193 856 5255 peccant.
909 5185 1066 5241 Vides
1116 5203 1212 5243 eos
1249 5189 1340 5260 qui
1386 5197 1612 5259 peccant
1656 5198 1852 5243 terram
1900 5190 2197 5260 appellari?

611 5280 748 5335 Alibi
779 5295 962 5334 rursus
986 5279 1054 5334 de
1077 5280 1294 5336 Christo
1333 5296 1557 5336 narrans
1582 5283 1839 5352 prepbeta
1864 5282 1942 5339 sic
1981 5282 2194 5339 aiebat:

611 5368 726 5424 Erit
740 5370 944 5441 justitio
963 5370 1158 5425 cinctus
1182 5371 1409 5425 lumbum
1426 5389 1574 5426 suum
1589 5413 1606 5438 ,
1634 5383 1683 5427 et
1706 5374 1915 5428 unitate
1940 5374 2196 5429 involutus

609 5474 774 5516 costas
799 5479 919 5517 was
954 5460 1109 5534 (Icci.
1138 5463 1226 5517 Η.
1257 5464 1314 5531 5)
1347 5479 1362 5518 :
1395 5479 1502 5518 non
1539 5465 1681 5535 quod
1727 5467 1780 5520 in
1812 5466 1926 5521 Deo
1952 5468 2024 5521 sit
2046 5479 2196 5523 costa

613 5553 693 5608 vel
723 5554 967 5619 lumbus;
990 5553 1188 5624 quippe
1211 5568 1332 5608 cum
1352 5554 1725 5624 incorporeum
1756 5556 1827 5611 sit
1849 5555 2080 5625 Ntunen;
2101 5560 2197 5615 sed

617 5659 714 5714 per
746 5644 860 5698 haec
902 5645 1264 5714 incorruptum
1294 5657 1412 5699 esse
1453 5643 1654 5699 Judicis
1684 5645 1835 5700 istius
1855 5686 1870 5712 ,
1902 5663 2076 5718 neque
2105 5649 2199 5704 dc-

611 5734 714 5803 cipi
739 5749 897 5805 posse
916 5735 1172 5807 judicium
1204 5735 1438 5793 declarat
1471 5750 1679 5809 :ueque
1705 5735 1816 5808 jam
1849 5739 2076 5810 amplius
2101 5756 2192 5797 ca-

1354 331 1412 388 S.
1449 327 1728 387 JOANNlS
1764 322 2239 382 CHRYSOSTOMI
2277 323 2593 380 ARClliEP.
2633 323 3164 380 CONSTANTINOP.
3746 329 3826 382 εει

2313 435 2752 501 lunmiatoribus,
2779 452 2954 508 neque
2981 437 3256 493 maledicis
3275 479 3292 506 ,
3318 453 3415 494 nec
3434 440 3728 512 corruptioni
3752 463 3826 515 per

2311 526 2563 595 pecunias
2586 567 2606 592 ,
2629 541 2729 582 nec
2749 526 2888 597 juris
2924 527 3150 584 inscitia:
3195 529 3366 584 locum
3395 529 3524 586 fore.
3549 533 3664 588 Nam
3693 537 3735 589 iu
3762 538 3826 593 ltil

2307 616 2520 686 quidem
2555 615 2773 686 judiciis
2799 628 2852 674 et
2882 619 3138 674 innocens
3177 619 3440 688 plectitur,
3469 633 3520 676 et
3541 640 3654 678 rcus
3678 627 3825 682 absol-

2310 707 2466 772 vitur,
2501 709 2624 779 quia
2652 724 2893 779 pers'epe
2926 709 3018 779 jus
3057 710 3402 766 labefactatur
3427 728 3442 764 :
3467 729 3581 767 cum
3617 731 3729 769 vero
3751 717 3823 786 ju-

2309 806 2430 854 stus
2465 798 2630 866 judex
2653 809 2711 854 et
2755 801 2846 871 qui
2889 800 3065 870 decipi
3113 801 3330 856 minime
3379 813 3546 872 potest
3566 805 3828 873 advenerit,

2305 889 2396 958 qui
2429 889 2634 957 justitia
2671 891 2877 946 cinctus
2901 901 2983 946 est
3009 892 3249 946 lumbum
3275 909 3450 959 suum,
3477 906 3528 949 et
3555 899 3750 952 veritate
3768 900 3830 954 iu-

2306 981 2517 1036 volutus
2534 991 2712 1036 costas
2738 997 2884 1046 suas,
2910 998 3097 1037 omnes
3122 985 3454 1038 expetissime
3475 983 3559 1054 jus
3578 1000 3715 1040 suum
3749 991 3827 1043 ob-

2309 1073 2569 1128 tinebunt.
2592 1073 2662 1129 Et
2687 1075 2928 1145 percutiet
2953 1085 3136 1129 terram
3155 1076 3299 1130 verba
3324 1076 3424 1130 oris
3451 1079 3527 1131 sui
3549 1076 3694 1148 (Ibid.
3716 1082 3828 1154 ut).

2305 1165 2481 1234 Atque
2509 1175 2565 1219 ut
2583 1179 2873 1235 cognoscas
2897 1181 3002 1221 non
3028 1166 3094 1222 de
3116 1178 3276 1232 terra,
3304 1167 3398 1223 sed
3423 1168 3488 1223 de
3513 1174 3833 1238 peccatoribus

2307 1270 2429 1311 eum
2481 1257 2648 1326 loqui.
2668 1258 2928 1324 adiunxit,
2951 1256 3018 1312 Et
3045 1259 3098 1312 in
3138 1260 3321 1328 spiritu
3352 1277 3438 1331 per
3461 1263 3589 1315 labia
3612 1263 3833 1333 interﬁciat

2307 1347 2509 1416 impios.
2543 1348 2704 1405 Vides
2747 1349 2834 1404 hic
2877 1350 3036 1406 etiam
3069 1363 3375 1421 peccatores
3417 1369 3533 1410 esse
3561 1365 3735 1410 terram
3757 1374 3834 1426 ap.

2309 1439 2571 1507 pellatos?
2615 1440 2708 1495 llis
2755 1457 2885 1511 ergo
2903 1444 3168 1512 cognitis,
3217 1460 3338 1498 cum
3390 1446 3614 1502 audieris
3659 1466 3834 1503 ttillllt‘lll

2309 1537 2504 1583 terram
2552 1530 2748 1584 labium
2794 1547 2956 1585 unum
2999 1532 3198 1599 fuisse,
3243 1535 3522 1590 humanam
3560 1554 3724 1592 rursus
3759 1555 3836 1592 na-

2309 1625 2480 1673 turam
2527 1620 2760 1692 intelligo
2790 1639 2805 1674 :
2837 1623 3102 1693 propriam
3155 1627 3299 1680 enim
3350 1627 3592 1682 vilitatem
3622 1629 3756 1683 nobis
3795 1633 3837 1684 iu

2309 1711 2622 1766 memoriam
2647 1723 2864 1768 revocat
2895 1730 2909 1767 :
2937 1730 3183 1784 maguum
3227 1720 3425 1788 quippe
3452 1720 3635 1773 bonum
3666 1731 3738 1774 est
3760 1738 3836 1774 co-

2303 1803 2610 1872 gnationem
2638 1818 2788 1858 suam
2827 1821 3170 1875 cognoscere,
3199 1824 3261 1860 ac
3288 1809 3429 1864 scire
3447 1850 3463 1876 ,
3493 1812 3669 1880 quibus
3690 1827 3747 1866 ex
3772 1829 3839 1866 rc-

2310 1891 2410 1945 bus
2452 1893 2712 1962 compecti
2763 1894 2953 1949 simus.
2981 1895 3109 1950 llmc
3139 1897 3413 1952 sufﬁciens
3453 1909 3532 1953 est
3573 1900 3841 1954 lnunilitatis

2308 1981 2549 2039 doctrina
2577 1985 2937 2042 consideratio
2975 1998 3177 2042 natur-.0
3211 2006 3225 2042 :
3257 2004 3447 2046 omnes
3487 2002 3650 2060 potest
3673 2005 3842 2064 pertur-

2309 2072 2552 2130 bationes
2597 2076 2787 2132 sedare
2830 2086 2886 2133 et
2949 2080 3388 2148 tranquillitatem
3453 2084 3623 2136 animo
3671 2099 3841 2152 parere.

2310 2165 2598 2238 Propterea
2639 2170 2889 2225 monebat
2931 2170 3182 2240 quidam,
3208 2173 3427 2227 Attende
3462 2174 3546 2227 tibi
3572 2176 3662 2244 ipsi
3688 2173 3840 2246 (Eccli.

2307 2257 2396 2314 29.
2423 2259 2557 2327 27),
2590 2262 2822 2330 recogita
2869 2272 3112 2317 naturam
3154 2273 3208 2317 et
3252 2264 3574 2319 creationem
3621 2273 3772 2326 tuam,
3801 2275 3844 2318 et

2307 2351 2532 2405 sufﬁciet
2561 2350 2663 2406 hoc
2692 2351 2788 2406 tibi
2809 2361 2866 2406 ut
2891 2352 3166 2408 modestus
3189 2364 3446 2425 perpetuo
3472 2357 3543 2410 sis
3566 2364 3617 2410 et
3644 2355 3840 2408 humilis.

2311 2439 2592 2511 Propterea
2613 2441 2790 2511 justus
2819 2442 2909 2496 ille
2939 2443 3204 2497 Abraham
3230 2445 3486 2499 continuo
3513 2445 3844 2514 cogitat'oucut

2309 2533 2445 2588 hanc
2463 2543 2640 2589 mente
2658 2535 2916 2599 versabat,
2933 2551 3032 2590 nec
3049 2552 3300 2606 umquam
3318 2537 3383 2590 de
3404 2551 3462 2592 se
3483 2536 3734 2606 magnifice
3748 2551 3844 2588 seu-

2310 2627 2490 2681 ticbat.
2518 2626 2675 2682 Certe
2715 2642 2834 2682 cum
2864 2628 3028 2682 Deum
3073 2628 3461 2698 alloqueretur,
3493 2643 3554 2683 ac
3580 2638 3709 2682 tanta
3729 2627 3844 2696 apud

2307 2735 2428 2775 eum
2465 2721 2634 2791 gratia
2660 2722 2902 2788 valeret,
2933 2732 3094 2790 atque
3117 2721 3184 2776 ab
3211 2722 3329 2792 ipso
3378 2720 3717 2776 testimonium
3757 2734 3846 2772 sua:

2308 2811 2520 2864 virtutis
2563 2811 2857 2880 accepisset
2879 2853 2892 2876 ,
2923 2811 3133 2866 diccbat
3163 2829 3176 2864 :
3209 2811 3327 2882 Ego
3355 2823 3519 2865 autem
3545 2828 3647 2866 sum
3675 2820 3788 2863 terra
3810 2817 3846 2860 et

2305 2903 2433 2955 cinis
2463 2901 2613 2972 (Gen.
2641 2903 2728 2957 18.
2757 2901 2873 2972 27).
2901 2903 3050 2956 Alius
3075 2917 3260 2957 rursus
3293 2902 3559 2957 hominem
3585 2900 3845 2970 arrogantia

2309 2994 2544 3047 inﬂatum
2591 3008 2712 3048 cum
2744 2993 2906 3048 vellet
2950 2995 3242 3062 reprimere
3262 3036 3278 3060 ,
3306 3009 3410 3048 non
3440 2995 3642 3064 longum
3670 3005 3844 3046 sermo-

2307 3099 2429 3139 nem
2474 3084 2738 3149 instituit,
2767 3084 2862 3138 sed
2893 3085 3126 3138 animum
3177 3084 3296 3154 ejus
3325 3095 3524 3139 tantum
3569 3084 3631 3138 ad
3678 3090 3845 3136 natura:

2305 3191 2415 3230 sua:
2446 3176 2755 3231 memoriam
2788 3185 3032 3240 revocat,
3059 3191 3291 3245 eumque
3322 3177 3514 3231 acriter
3555 3175 3756 3243 castigat
3781 3170 3847 3223 his

2305 3266 2482 3320 verbis
2513 3282 2528 3320 :
2563 3266 2697 3332 Quid
2721 3266 2943 3335 superbit
2980 3275 3114 3320 terra
3133 3276 3179 3320 ct
3215 3267 3345 3322 cinis
3376 3265 3557 3336 (Eccli.
3588 3265 3670 3320 l0.
3691 3263 3762 3334 9)?
3785 3261 3846 3314 Tu

2305 3355 2580 3425 utiliiqum
2610 3365 2730 3425 post
2777 3365 3002 3410 mortem
3029 3365 3291 3426 apparent
3339 3351 3850 3412 eotnntcmoras?llc-

2306 3447 2477 3515 prime
2506 3447 2676 3516 ipsum
2707 3447 2994 3502 viventem.
3042 3447 3194 3502 Nunc
3223 3463 3284 3502 se
3329 3459 3520 3503 terram
3551 3463 3611 3502 ac
3647 3448 3846 3500 cinerem

2303 3553 2424 3592 esse
2449 3554 2552 3592 non
2577 3537 2836 3609 agnoscit.
2872 3537 3026 3593 Videt
3051 3541 3295 3608 corporis
3317 3540 3570 3603 formam;
3595 3537 3724 3592 videt
3762 3551 3843 3606 po-

2305 3629 2547 3696 tentiam,
2570 3639 2962 3684 assentatorum
2986 3629 3238 3700 obsequia
3259 3673 3276 3694 ,
3313 3632 3571 3700 parasitos
3595 3639 3844 3682 sectantes.

2306 3721 2553 3778 Vestibus
2605 3725 2856 3792 pretiosis
2886 3723 3137 3788 induttts,
3185 3739 3380 3794 magno
3425 3725 3743 3794 magistratus
3767 3733 3844 3785 ορ·

2305 3827 2488 3886 paratu
2513 3813 2819 3882 decoratur,
2851 3813 2996 3869 illum
3019 3815 3134 3870 lucc
3163 3830 3357 3885 pompa
3386 3813 3601 3882 decipit,
3629 3822 3678 3867 et
3701 3820 3748 3864 ut
3768 3826 3844 3860 uno

2304 3917 2435 3961 torte
2463 3905 2805 3963 obliviscatur
2831 3908 3015 3964 ellicit.
3049 3909 3260 3964 Scimus
3309 3921 3505 3964 terram
3536 3922 3648 3961 esse
3690 3917 3772 3956 nos
3796 3914 3845 3952 ac

2300 3999 2690 4056 cinerem:sed
2721 4018 2818 4058 nos
2863 4002 2956 4073 qui
3012 4011 3373 4071 temperantes
3416 4017 3480 4056 ac
3525 3997 3730 4054 modesti
3777 4011 3847 4048 sn-

2303 4105 2422 4144 mus
2444 4097 2526 4144 :at
2551 4090 2640 4146 ille
2664 4091 3176 4147 demonstrationem
3202 4092 3341 4146 hanc
3363 4107 3392 4145 a
3415 4092 3517 4146 line
3540 4091 3732 4144 ductant
3761 4099 3844 4138 non

2302 4191 2614 4252 exspectat,
2658 4199 2834 4253 neque
2874 4183 2941 4238 ad
2987 4183 3192 4239 loculos
3239 4185 3577 4254 tumidosque
3622 4182 3844 4247 majorum

2301 4272 2494 4342 pergit,
2526 4272 2618 4327 sed
2642 4275 2923 4344 prmsentia
2955 4275 3193 4344 respicit,
3223 4291 3399 4345 neque
3423 4273 3694 4346 quidquam
3719 4268 3846 4337 ςυξςί·

2301 4369 2381 4418 tat
2401 4363 2470 4418 de
2511 4362 2721 4418 futuris.
2750 4364 2866 4419 .Iam
2896 4380 2960 4420 ex
3003 4364 3105 4419 hoc
3132 4365 3279 4419 illum
3325 4365 3460 4421 doce
3487 4374 3673 4420 terram
3701 4377 3754 4414 ac
3783 4359 3846 4410 ci-

2303 4472 2486 4513 nerem
2513 4458 2681 4528 ipsum
2711 4473 2850 4513 esse.
2882 4458 3033 4513 Mane
3057 4459 3336 4530 tantisper,
3367 4458 3558 4527 inquit,
3582 4470 3739 4524 neque
3761 4452 3844 4504 hoc

2300 4548 2534 4616 docebo,
2569 4549 2663 4605 sed
2692 4548 2835 4604 aliud
2868 4551 3032 4604 multo
3081 4550 3340 4620 abjuctius
3369 4566 3383 4604 :
3418 4559 3475 4604 ut
3497 4563 3615 4604 cum
3643 4546 3761 4600 lastu
3785 4543 3850 4594 in-

2303 4643 2587 4706 tumucrit,
2617 4658 2767 4697 suam
2802 4642 2968 4712 ipsius
2995 4635 3256 4697 vilitatem
3291 4651 3584 4714 agnoscat:
3613 4647 3666 4694 ut
3691 4637 3849 4691 vivrns

2305 4732 2534 4802 accipiat
2555 4731 2893 4787 medicinam.
2921 4733 3053 4788 Cum
3083 4734 3225 4787 cnitn
3255 4733 3513 4799 dixisset,
3549 4729 3678 4798 Quid
3701 4741 3849 4796 supcr-

2303 4823 2373 4877 bit
2401 4835 2535 4878 terra
2558 4833 2604 4878 et
2627 4825 2785 4878 ciuis?
2813 4824 3008 4894 adjecit
3033 4842 3047 4879 :
3081 4823 3336 4889 Quoniam
3381 4825 3433 4878 in
3455 4826 3555 4878 vita
3582 4821 3646 4875 ad
3668 4817 3848 4873 nihilum

2301 4912 2508 4966 redacta
2550 4923 2666 4966 sunt
2692 4912 2868 4967 intima
2890 4915 2999 4984 ejus
3031 4912 3188 4984 (Ibid.
3234 4929 3283 4968 υ.
3316 4915 3426 4984 10).
3459 4913 3591 4982 Quid
3625 4914 3716 4969 hoc
3751 4912 3846 4970 est.

2307 5005 2556 5073 Quoniam
2581 5008 2634 5062 in
2662 5009 2763 5062 vita
2787 5009 2856 5062 ad
2884 5009 3098 5063 nihilum
3137 5012 3343 5064 redacta
3371 5021 3486 5066 sunt
3523 5013 3688 5066 intima
3723 5002 3850 5073 eius?

2302 5097 2598 5154 Obscmum
2643 5109 2726 5154 est
2779 5098 3012 5156 fortasse
3053 5101 3253 5156 dit-tum
3314 5103 3464 5158 illud.
3531 5102 3708 5157 Intima
3743 5095 3848 5152 dicit

2304 5186 2575 5257 intestina,
2606 5192 2734 5245 dicit
2764 5193 2987 5259 viscera,
3017 5204 3256 5250 ventrem
3281 5198 3606 5252 stercoribus
3627 5195 3840 5266 plenum,

2303 5297 2364 5334 ac
2411 5283 2590 5336 multis
2635 5284 2884 5339 Sardibus
2923 5295 2978 5340 et
3031 5286 3219 5341 faetore
3252 5305 3265 5341 :
3295 5305 3399 5341 non
3450 5287 3587 5358 quod
3636 5294 3845 5342 naturam

2302 5371 2551 5439 damnet,
2581 5374 2673 5428 sed
2707 5385 2762 5429 ut
2782 5376 2846 5429 ad
2875 5376 3228 5432 humilitatem
3261 5379 3508 5435 adducat.
3537 5378 3765 5448 Quoniam
3804 5372 3846 5421 in

2303 5467 2404 5518 vita
2454 5467 2520 5518 ad
2551 5467 2764 5521 nihilum
2811 5469 3018 5522 redacta
3062 5480 3180 5524 sunt
3203 5475 3240 5524 ³.
3267 5471 3429 5526 Vides
3485 5487 3637 5543 quam
3664 5466 3769 5524 vilis
3804 5469 3848 5516 ει

2302 5557 2443 5610 ﬂuxa
2477 5558 2545 5611 sit
2591 5568 2769 5613 nostra
2812 5559 3150 5616 substantia?
3175 5561 3289 5616 Noli
3311 5562 3453 5617 diem
3481 5563 3648 5618 obitus
3683 5569 3847 5625 exspe-

2304 5690 2577 5804 ’“erk'lb'o
2602 5694 2829 5754 Quadam
2849 5707 2900 5747 ιιι
2923 5696 3017 5746 rita
3033 5697 3137 5757 ejus
3165 5695 3318 5747 vilitas
3357 5703 3544 5746 natura:
3572 5693 3670 5756 eius
3691 5687 3845 5756 perrpt-
