4104 6214
578 235 685 292 185

576 353 671 408 τὸν
705 346 904 420 αὐχένα
936 346 1300 412 ἀνατείνοντα,
1325 345 1426 408 τὰς
1463 342 1633 416 ὀφρῦς
1671 342 2020 408 ἀνασπῶντα,
2055 341 2148 395 ἐπὶ

576 440 674 495 τοῦ
715 440 988 508 ὀχήματος
1027 434 1344 510 φερόμενον,
1383 433 1726 496 ἀπειλοῦντα,
1759 433 1839 493 είς
1866 430 2149 501 δεσμωτήο

581 545 696 598 ριον
725 525 1077 598 ἐμϐάλλοντα,
1113 521 1328 594 θανάτῳ
1353 520 1732 592 παραδιδόντα,
1755 519 2148 591 ἐπηρεάζοντα,

578 614 698 667 είπέ
736 613 872 684 πρὸς
893 612 1071 666 αὐτόν·
1108 612 1169 666 Τί
1206 609 1713 678 ὐπερηςριινεύεται
1753 607 1830 677 τῆ
1869 607 1967 660 καὶ
2000 621 2154 661 σπο-

578 703 718 766 δός;
749 701 871 753 ’Ότι
912 699 1008 753 καί
1050 697 1120 752 ἐν
1163 697 1238 766 τῇ
1285 695 1396 765 ζωῇ
1433 695 1618 750 αὑτοῦ
1655 693 2046 758 ἐξουδένωται
2082 695 2155 748 τὰ

579 789 862 843 ἐνδόσθια
908 786 1113 843 αὐτοῦ.
1162 785 1347 839 Ταῦτα
1400 785 1460 838 οὐ
1508 784 1637 856 περὶ
1668 782 1960 855 ἀνθρώπου
1998 783 2155 853 μόνον

583 875 815 939 ἰδιώτου,
865 874 1000 958 ἀλλά
1055 875 1148 927 καὶ
1198 873 1328 944 περὶ
1375 871 1539 926 αὐτοῦ
1588 870 1684 924 τοῦ
1716 870 2023 940 καθημένου
2065 872 2150 923 ἐπε

521 970 524 977 ’
576 963 673 1016 τοῦ
712 955 908 1034 θρόνου
929 960 1024 1014 τοῦ
1054 961 1332 1032 βασιλικοῦ
1365 960 1512 1013 ἐστιν
1547 961 1740 1012 εἰπεῖν.
1785 957 1876 1028 Μὴ
1914 958 2023 1028 γὰρ
2055 955 2153 1023 τὴν

577 1051 868 1122 ἁλουργίδα
897 1052 1030 1122 ίδῃς,
1057 1050 1190 1121 μηδέ
1222 1048 1282 1102 τὸ
1313 1047 1568 1117 διάδημα,
1597 1046 1731 1116 μηδὲ
1762 1045 1831 1098 τά
1865 1045 2054 1114 ἱμάτια
2085 1042 2153 1095 τὰ

577 1136 912 1206 χρυσά,”ἀλλ’
942 1136 1110 1207 αὐτὴν
1152 1136 1252 1206 τὴν
1297 1134 1458 1204 φύσιν
1499 1132 1811 1204 ἐρεύνησον,
1860 1133 1955 1184 καὶ
1999 1131 2150 1184 οὐδὲν

575 1224 696 1292 ὕψει
725 1223 883 1276 πλέον
915 1223 1142 1294 ἐχουσαν
1171 1222 1280 1274 τῶν
1303 1221 1529 1274 πολλῶνο
1557 1219 1755 1290 μᾶλλον
1780 1220 1856 1282 δέ,
1874 1221 1922 1271 εί
1951 1218 2149 1288 βούλει,

574 1313 670 1365 καὶ
689 1312 786 1382 τὴν
808 1311 1116 1381 ἁλουργίδα,
1135 1309 1228 1362 καὶ
1252 1309 1314 1361 τὸ
1337 1308 1592 1377 διάδημα,
1614 1307 1708 1360 καὶ
1730 1307 1797 1359 τὰ
1827 1305 2036 1376 ἱμάτια.
2059 1307 2152 1359 καὶ

571 1397 755 1448 πᾶσαν
799 1395 1048 1466 περίελθε
1079 1395 1176 1466 τὴν
1207 1394 1504 1464 φαντασίαν
1549 1393 1785 1462 ἐκείνην,
1817 1392 1911 1445 καὶ
1948 1391 2150 1445 τούτων

571 1483 752 1536 αὐτῶν
780 1481 899 1551 ὄψει
923 1482 1080 1537 πάλιν
1103 1483 1202 1553 τὴν
1223 1482 1324 1551 γῆν
1343 1477 1507 1535 οὖσαν
1539 1481 1812 1534 ὑπόθεσιν.
1837 1479 2011 1535 Πᾶσα
2042 1477 2151 1548 γὰρ

571 1569 721 1632 δόξα
747 1569 1058 1637 ἀνθρώπου
1092 1570 1172 1633 ὡς
1199 1569 1379 1634 ἄνθος
1411 1569 1646 1638 χόρτου.
1665 1567 1793 1620 Ἰδοὺ
1818 1568 1911 1620 καὶ
1929 1568 2032 1638 γῆς
2061 1568 2150 1619 εὐ-

568 1657 884 1729 τελέστερος
901 1655 1072 1725 ἐφάνη
1096 1657 1125 1709 ὁ
1156 1654 1538 1725 καλλωπισμὸς
1569 1656 1773 1717 ἐκεῖνος
1802 1654 1969 1716 ἀπας.
1987 1655 2147 1724 Ὁρᾷς

570 1743 692 1808 πῶς
741 1742 1088 1798 καταστέλλει
1134 1742 1195 1795 τὸ
1231 1741 1493 1812 φύσημα;
1543 1741 1660 1805 πῶς
1691 1740 1943 1813 καθαιρεῖ
1968 1743 2148 1795 πᾶσαν

569 1832 826 1886 ἀπόνοιαν
845 1832 878 1901 ή
897 1830 1074 1884 ἔννοια
1097 1829 1196 1899 τῆς
1219 1829 1431 1898 φύσεως
1447 1829 1644 1898 αὐτῆς;
1675 1830 1860 1900 Ἀρκεῖ
1882 1829 2038 1900 μόνον
2062 1829 2149 1882 λο-

569 1919 822 1988 γίσασθαι
858 1918 1000 1980 τίνες
1033 1917 1218 1987 ἐσμέν,
1255 1916 1350 1970 καὶ
1393 1915 1554 1968 πόθεν
1595 1917 2024 1987 συνεστήκαμεν,
2055 1917 2147 1970 καὶ

568 2009 720 2062 πᾶσα
747 2007 1024 2076 οἰχήσεται
1051 2005 1324 2076 λογισμῶν
1348 2004 1592 2059 ἀπόνοια.
1623 2003 1724 2057 Διά
1761 2005 1870 2076 γάρ
1895 2005 2052 2058 τοῦτο
2083 2008 2147 2060 ἐκ

565 2095 662 2149 δύο
703 2093 898 2148 οὐσιῶν
931 2093 1326 2147 κατεσκεύασεν
1359 2093 1505 2163 ἡμᾶς
1545 2094 1573 2146 ὁ
1605 2091 1756 2158 Θεὸς,
1795 2093 1860 2144 ἵν’
1889 2093 2014 2145 ὅταν
2049 2095 2146 2164 μὲν

567 2185 648 2245 εἰς
683 2183 940 2234 ἀπόνοιαν
975 2179 1238 2252 ἐπαρθῇς,
1265 2179 1591 2250 καταστείλῃ
1623 2197 1680 2232 σε
1709 2179 1768 2232 τὸ
1805 2180 2016 2242 εὐτελὲς
2048 2181 2146 2251 τῆς

511 2335 514 2338 ,
570 2269 792 2340 σαρκός·
827 2270 954 2321 ὅταν
976 2268 1031 2322 δέ
1053 2268 1266 2334 ἀνάξιόν
1292 2285 1342 2320 τι
1367 2268 1460 2320 καὶ
1485 2266 1706 2334 ἀγεννὲς
1725 2275 1746 2297 ⁸
1773 2266 1872 2336 τῆς
1903 2266 2146 2336 δοθείσης

569 2373 653 2409 σοι
671 2355 819 2426 παρά
835 2355 928 2408 τοῦ
944 2354 1078 2408 Θεοῦ
1095 2357 1258 2424 τιμῆς
1274 2355 1550 2426 ἐννοήσῃς,
1569 2353 1816 2424 ἀναγάγῃ
1831 2370 1890 2405 σε
1909 2353 2042 2424 πρὸς
2056 2353 2146 2406 τὸν

566 2443 676 2497 τῶν
707 2442 969 2514 οὐρανίων
989 2442 1266 2511 δυνάμεων
1288 2439 1447 2508 ζῆλον
1480 2442 1513 2508 ἡ
1545 2439 1642 2509 τῆς
1663 2438 1839 2508 ψυχῆς
1875 2439 2143 2506 εὐγένεια.

638 2528 707 2594 ζ’.
745 2530 859 2583 Οὐκ
889 2531 966 2593 εἰς
1001 2528 1278 2598 ἀναίρεσιν
1303 2527 1361 2579 δέ
1391 2526 1647 2589 ἀπονοίας
1680 2527 1838 2595 μόνον
1869 2526 2146 2596 ἐπιτηδεία

567 2617 604 2688 ἡ
623 2615 910 2684 ἐπίσκεψις
930 2615 1030 2684 τῆς
1055 2613 1285 2682 φύσεωςἰ
1312 2611 1446 2664 ἀλλά
1464 2613 1567 2665 κᾶν
1590 2613 1752 2683 ἐτέρα
1774 2630 1856 2675 τις
1883 2613 2146 2683 ἐπιθυμία

563 2702 834 2772 διενοχλῇ,
863 2701 962 2754 κᾶν
992 2703 1026 2771 ὴ
1078 2699 1186 2752 τῶν
1236 2701 1555 2770 χρημάτων,
1599 2699 1702 2756 κᾶν
1737 2701 1905 2770 ἡτῶν
1958 2699 2144 2770 σωμά-

563 2807 697 2852 των,
726 2793 758 2861 ἡ
788 2792 983 2853 ἄτοπος
1006 2789 1144 2859 αὐτη
1179 2790 1272 2842 καὶ
1303 2791 1382 2852 είς
1407 2788 1696 2856 ἀσέλγειαν
1747 2789 2142 2860 ἐκκαλουμένη,

563 2881 780 2951 ἀπόχρη
813 2879 968 2932 τοῦτο
992 2880 1070 2942 είς
1099 2877 1448 2950 παραμυθίαν
1471 2877 1562 2930 τοῦ
1589 2878 1813 2942 πάθους.
1847 2879 2017 2932 Ὅταν
2051 2875 2144 2932 οὐν

566 2970 682 3042 ἴδῃς
703 2971 934 3037 γυναῖκα
951 2965 1244 3038 εὐμορφον,
1275 2965 1560 3036 λάμποντα
1588 2965 1818 3034 ἔχουσαν
1841 2966 2138 3038 ὀφθαλμὸν,

557 3057 807 3128 φαιδρὸν,
829 3055 1148 3109 στίλϐουσαν
1177 3054 1283 3107 ἀπὸ
1303 3054 1402 3124 τῆς
1433 3055 1684 3124 παρειάς,
1714 3054 1991 3126 ἀμήχανόν
2018 3073 2141 3109 τινα

557 3146 711 3217 ⁴ὥραν
737 3146 829 3198 ἐπὶ
848 3145 945 3214 τῆς
968 3144 1145 3214 ὅψεως
1171 3143 1458 3214 φέρουσαν,
1487 3141 1789 3211 φλέγουσαν
1811 3161 1904 3196 σου
1926 3143 2018 3197 τὸν
2051 3144 2142 3197 λο-

564 3235 782 3305 γισμόν,
817 3235 910 3287 κα)⁸
947 3235 1045 3304 τὴν
1073 3233 1366 3304 ἐπιθυμίαν
1390 3232 1679 3299 αὔξουσαν,
1702 3233 1952 3304 ἐννόησον
1971 3235 2140 3306 ὅτιγῆ

554 3324 625 3377 τὸ
653 3320 1084 3391 θαυμαζόμενον,
1116 3320 1404 3382 ὃτισπιδὸς
1433 3319 1493 3373 τὸ
1523 3322 1762 3385 ἐκκαῖον,
1796 3323 1890 3374 καὶ
1934 3321 2140 3374 παύσε-

561 3429 650 3465 ται
697 3409 945 3462 λυττῶσα
972 3409 1006 3479 ἡ
1056 3409 1223 3478 ψυχή·
1255 3407 1594 3476 ἁνακάλυψον
1633 3407 1800 3478 αὐτῆς
1854 3409 1914 3462 τὸ
1965 3409 2140 3481 δέρμα

553 3499 658 3569 ’τῆς
691 3498 884 3567 ὅψεως,
917 3497 1010 3550 καὶ
1025 3497 1146 3548 τότε
1175 3497 1352 3548 πᾶσαν
1379 3494 1545 3567 αὐτὴν
1570 3495 1691 3563 ὄψει
1722 3496 1824 3566 τῆς
1842 3497 2140 3568 εὐμορφίας

557 3588 660 3658 τὴν
690 3585 983 3639 εὐτέλειαν·
1019 3585 1093 3655 μὴ
1129 3588 1260 3655 στῇς
1292 3584 1452 3655 μέχρι
1501 3584 1604 3653 τῆς
1634 3584 1974 3652 ἐπιφανείας,
2025 3585 2139 3639 ἀλλ’

548 3675 822 3745 ’ἐνδοτέρω
847 3674 1063 3744 διάϐηθι
1114 3673 1192 3737 τῷ
1216 3671 1477 3742 λογισμῷ,
1529 3673 1623 3726 καὶ
1659 3672 1810 3725 οὐδὲν
1831 3672 2015 3744 ἕτερον
2051 3675 2141 3727 εὐ-

550 3765 770 3834 δρήσεις,
801 3762 914 3815 ἀλλ’
941 3761 974 3831 ἢ
998 3761 1132 3814 όστᾶ
1155 3761 1248 3813 καὶ
1283 3759 1450 3831 νεῦρα
1481 3760 1575 3813 καὶ
1603 3759 1823 3828 φλέϐας.
1883 3760 2020 3814 Ἀλλ’
2041 3761 2140 3814 οὐκ

550 3849 725 3921 ἀρκεῖ
743 3848 944 3916 ταῦτας
969 3847 1194 3916 Λόγισαί
1221 3863 1323 3917 μου
1361 3846 1563 3918 ταύτην
1589 3847 1994 3920 ἀλλοιουμένην,
2038 3865 2140 3922 γη-

549 3939 890 4008 ςράσκουσαν,
930 3934 1352 4007 ἀρρωστοῦσαν,
1407 3935 1761 4003 ὐφιζάνοντας
1806 3936 2136 4008 ὀφθαλμοὺς,

555 4025 654 4078 καὶ
678 4024 1086 4094 κοιλαινομένας
1109 4023 1360 4093 παρειάς,
1395 4022 1540 4076 ἀπαν
1569 4025 1868 4095 καταρρέον
1895 4025 1954 4078 τὸ
1979 4025 2138 4088 ἄνθος

548 4116 756 4168 ιέκεῖνοο
785 4113 1035 4185 ἐννόησον
1079 4112 1130 4165 τί
1185 4110 1504 4182 θαυμάζεις,
1546 4113 1639 4165 καὶ
1679 4112 1994 4183 αίσχύνθητί
2043 4132 2135 4168 σου

550 4203 658 4272 τὴν
679 4203 875 4274 κρίσιν.
902 4199 1079 4272 Πηλὸν
1114 4200 1409 4271 θαυμάζεις
1425 4203 1517 4253 καὶ
1547 4201 1758 4266 σποδὸν,
1782 4201 1876 4255 καὶ
1906 4202 2050 4265 κόνις
2081 4220 2140 4258 σε

559 4291 772 4344 ἐκκαίει
802 4293 894 4344 καὶ
919 4291 1109 4360 τέφρα.
1131 4291 1204 4344 Οὐ
1259 4290 1580 4362 κατηγορῶν
1606 4294 1705 4361 τῆς
1730 4289 1943 4360 φύσεως
1964 4290 2135 4346 ταῦτα

559 4378 722 4446 λέγωο
757 4376 831 4446 μὴ
847 4377 1070 4444 γένοιτο’
1105 4377 1166 4430 οὐ
1195 4377 1452 4442 κακίζων,
1479 4377 1598 4430 οὐδέ
1625 4379 1705 4440 είς
1736 4378 2011 4432 εὐτέλειαν
2037 4381 2138 4450 ἐμ-

560 4464 797 4523 ϐάλλων,
832 4463 966 4516 άλλά
995 4465 1260 4534 φάρμακα
1280 4469 1390 4528 τοῖς
1439 4465 1652 4518 νοσοῦσι
1688 4467 2136 4531 κατασκευάζων.

549 4549 712 4626 ’[19ἓ]
736 4549 831 4602 Διά
853 4548 1008 4603 τοῦτο
1038 4553 1066 4603 ὁ
1090 4551 1222 4612 Θεὸς
1251 4552 1502 4622 τοιαύτην
1544 4553 1714 4624 αὐτὴν
1743 4554 2016 4624 ἐποίησεν,
2047 4554 2138 4608 οὐ-

555 4655 666 4702 τως
698 4637 910 4708 εὐτελῆ,
936 4638 1020 4691 ἴνα
1041 4639 1134 4690 καὶ
1159 4637 1258 4708 τὴν
1285 4639 1488 4690 οίκείαν
1525 4639 1751 4710 δύναμιν
1779 4641 2132 4712 ἐπιδείξηται,

557 4727 652 4781 καὶ
679 4727 775 4799 τὴν
809 4727 1136 4797 κηδεμονίαν
1167 4726 1264 4796 τὴν
1321 4726 1448 4797 περὶ
1476 4728 1641 4796 ἡμᾶς,
1671 4731 1736 4799 τῇ
1767 4729 1867 4797 τῆς
1920 4730 2136 4798 φύσεως

561 4816 660 4886 μὲν
680 4815 925 4884 εὐτελείᾳ
942 4814 1075 4887 πρὸς
1089 4815 1582 4884 ταπεινοφροσύνην
1596 4815 1823 4884 ἐνάγων,
1842 4819 1934 4870 καὶ
1953 4819 2133 4872 πᾶσαν

555 4905 656 4974 τὴν
683 4904 973 4974 ἐπιθυμίαν
1001 4903 1159 4974 ἡμῶν
1184 4901 1577 4962 καταστέλλων,
1607 4904 1703 4974 τὴν
1725 4903 1779 4956 δέ
1810 4904 2000 4973 σοφίαν
2029 4906 2135 4958 δει-

557 4991 688 5053 κνύς
716 4991 815 5061 τὴν
865 4990 1080 5051 ἑαυτοῦ,
1111 4990 1185 5054 ὡς
1219 4992 1312 5043 καὶ
1340 4993 1397 5043 ἐν
1428 4989 1582 5060 πηλῷ
1631 4991 1882 5045 τοσοῦτον
1937 4993 2134 5062 ίσχύων

551 5076 854 5144 ἐξασκῆσαι
872 5078 1084 5142 κάλλος.
1125 5080 1286 5132 Ὥστε
1320 5080 1448 5132 ὅταν
1476 5080 1790 5143 ἐξευτελίσω
1811 5081 1906 5151 τὴν
1924 5081 2131 5145 οὐσίαν,

553 5165 675 5218 τότε
713 5165 1036 5218 ἐκκαλύπτω
1059 5167 1158 5238 τὴν
1187 5167 1381 5240 τέχνην
1407 5170 1500 5224 τοῦ
1521 5169 1884 5241 Δημιουργοῦ.
1921 5170 2134 5242 Ὠσπερ

554 5251 663 5322 γάρ
683 5249 1122 5320 ἀνδριαντοποιὸν
1163 5255 1285 5307 τότε
1349 5257 1546 5326 μᾶλλον
1603 5257 1969 5328 θαυμάζομεν,
2034 5261 2132 5330 οὐχ

551 5343 680 5396 ὅταν
719 5343 783 5395 ἐκ
827 5343 1053 5412 χρυσίου
1109 5345 1272 5397 καλὸν
1300 5349 1432 5416 ἡμῖν
1475 5347 1624 5420 δείξῃ
1678 5348 1770 5401 τὸν
1817 5348 2130 5419 ἀνδριάντα,

549 5429 666 5481 ἀλλ’
687 5429 814 5482 ὅταν
837 5431 899 5480 ἐκ
925 5429 1097 5499 πηλοῦ
1127 5431 1226 5501 τῆς
1254 5431 1384 5504 ῦλης
1406 5431 1767 5508 ὑποκειμένης
1791 5436 2132 5507 ἀπηρτισμέ-

552 5530 646 5585 νην
682 5519 773 5570 καὶ
805 5518 1008 5588 ἀκριϐῆ
1045 5519 1143 5591 τὴν
1169 5521 1352 5576 εἰκόνα
1409 5523 1728 5596 ἐργάζηται·
1760 5523 1900 5579 οῦτω
1924 5526 2130 5580 καὶτὸν

607 5693 632 5721 ⁸
655 5691 739 5742 Si!‘
752 5695 784 5742 il
808 5695 978 5755 ἀγενές.

1283 227 1341 284 S.
1381 225 1664 284 JOANNIS
1700 219 2184 282 CIIRYSOS'IOII
2220 221 2539 282 ARCHIEP.
2579 225 3124 287 CONSTANTINOP.

3727 226 3826 284 186

2253 343 2637 420 ἀριστοτέχνην
2656 349 2788 402 Θεὸν
2830 346 3238 418 ἐκπληττόμεθα
3261 346 3354 401 καὶ
3379 344 3691 418 δοξάζομεν,
3747 347 3832 406 ὃτι

2254 435 2313 488 ἐν
2347 435 2526 505 σποδῷ
2554 437 2647 490 καὶ
2679 437 2836 508 πηλῷ
2857 437 3051 500 κάλλος
3081 436 3362 507 ἀμήχανον
3386 435 3480 488 καὶ
3512 435 3708 503 σοφίας
3733 434 3832 508 ἀῤ-

2255 521 2418 591 ρήτου
2443 522 2878 590 τινὸς-ἐπίδειξιν
2904 527 3016 586 τοῖς
3053 522 3299 594 σώμασιν
3329 522 3489 593 ἡμῶν
3515 523 3830 577 ἐναπέθετο.

2254 607 2363 661 Καὶ
2391 609 2548 662 τοῦτο
2581 611 2682 688 οὐκ
2738 612 2796 665 ἐν
2836 611 2913 682 τῷ
2965 609 3176 681 σώματι
3237 609 3396 680 μόνον
3449 609 3524 680 τῷ
3553 609 3829 680 ἡμετέρῳ,

2252 695 2388 750 ἀλλά
2417 697 2511 750 καλ⁵
2539 698 2598 750 ἐν
2625 697 2772 770 πάσῃ
2804 700 2870 768 τῇ
2903 697 3076 751 κτίσει
3116 697 3390 766 ἐποίησεν.
3422 695 3671 759 Εὐτελείς
3722 695 3833 768 γάρ

2253 782 2518 853 πολλαχοῦ
2567 784 2906 856 παραγαγὼν
2959 785 3056 848 τάς
3113 784 3322 847 οὐσίας,
3353 783 3576 853 καὶτῆς
3623 783 3831 846 οίκείας

2250 871 2446 940 τέχνης
2465 873 2661 943 δεῖγμα
2681 873 2846 941 σαφὲς
2873 870 3231 940 ἐγκατέθηκε,
3254 869 3468 939 καὶτῆς
3495 869 3603 922 τῶν
3629 869 3833 924 οὐσιῶν

2250 955 2534 1020 ἀσθενείας
2568 956 2785 1027 ἐλεγχόν
2835 974 2954 1010 τινα
2977 957 3356 1027 ἐγκατέμιξενο
3380 957 3467 1010 ἵνα
3489 956 3576 1010 διὰ
3605 957 3702 1027 μὲν
3728 958 3831 1027 τὴν

2251 1042 2455 1114 τέχνην
2483 1045 2576 1097 καὶ
2602 1044 2664 1097 τὸ
2697 1044 2888 1108 κάλλος
2911 1044 3195 1118 θαυμάζῃς
3239 1044 3330 1098 τὸν
3351 1043 3712 1116 Δημιουργὸν,
3740 1044 3832 1098 διὰ

2251 1128 2420 1202 δὲτὴν
2451 1131 2733 1186 ἀσθένειαν
2757 1133 2849 1186 καὶ
2873 1131 2969 1202 τὴν
3021 1132 3291 1185 εὐτέλειαν
3331 1132 3444 1200 τῆς.
3483 1131 3696 1200 φύσεως
3737 1133 3834 1184 καὶ

2251 1218 2350 1288 τῆς
2369 1219 2556 1282 οὐσίας
2587 1220 2662 1290 μὴ
2712 1221 3091 1291 προσκυνήσῃς
3111 1219 3178 1272 τά
3217 1219 3497 1290 γενόμενα.
3527 1219 3754 1290 Φαιδρὸς
3799 1220 3834 1274 ὁ

2249 1306 2398 1375 ἥλιος
2419 1305 2770 1375 λάμπων,καὶ
2799 1310 2977 1362 πᾶσαν
2999 1306 3331 1376 καταυγάζει
3361 1308 3459 1378 τὴν
3483 1309 3828 1378 οἰκουμένην*

2249 1393 2363 1446 ἀλλ’
2393 1393 2654 1466 ἐλθούσης
2686 1395 2786 1464 τῆς
2841 1397 3033 1459 νυκτὸς
3087 1396 3351 1450 ἐκλείπει.
3399 1395 3460 1449 Τί
3509 1395 3638 1464 γὰρ,
3670 1395 3830 1464 φησὶ,

2248 1484 2671 1550 φωτεινότερον
2700 1483 2918 1551 ἠ.ιιι⁹ου;
2971 1482 3156 1556 Ἀλᾷὰ
3187 1483 3284 1536 καὶ
3329 1483 3505 1537 τοῦτο
3539 1474 3826 1536 ἐκλείπειο

2249 1569 2348 1621 οὐκ
2381 1571 2438 1622 ἐν
2460 1571 2612 1622 νυκτὶ
2633 1570 2690 1622 δὲ
2724 1570 2903 1640 μόνον,
2948 1569 3082 1624 άλλά
3115 1570 3210 1624 καὶ
3242 1572 3300 1624 ἐν
3329 1570 3528 1640 ἡμέρᾳ.
3575 1571 3684 1622 Καὶ
3737 1570 3833 1624 διὰ

2248 1655 2407 1708 τοῦτο
2434 1655 2688 1720 πολλάκις
2720 1657 2813 1710 καὶ
2831 1658 2890 1710 ἐν
2920 1657 3101 1728 ἡμέρᾳ
3115 1656 3266 1725 ἥλιος
3293 1655 3661 1722 ἐξέλιπεν,ἴνα
3693 1655 3828 1708 θαυ-

2251 1744 2427 1816 μάζῃς
2467 1745 2564 1814 μὲν
2585 1743 2672 1797 διά
2693 1745 2792 1814 τὴν
2822 1745 3016 1815 τέχνην
3051 1744 3141 1798 τὸν
3155 1742 3511 1815 Δημιουργὸν,
3547 1742 3622 1812 μὴ
3658 1759 3829 1813 προσ-

2247 1833 2488 1902 κυνήσῃς
2523 1831 2579 1884 δέ
2593 1830 2680 1884 διά
2701 1831 2799 1902 τὴν
2825 1831 3108 1885 ἀσθένειαν
3135 1831 3198 1884 τὸ
3219 1829 3521 1899 γενόμενον.
3555 1829 3716 1900 Ὁρᾷς
3734 1829 3830 1883 τὸν

2245 1919 2472 1988 οὐρανὸν
2499 1917 2702 1984 τοῦτον,
2735 1919 2919 1986 ἡλίκον
2942 1920 3058 1974 ἐστὶ
3090 1919 3280 1989 σῶμας
3306 1917 3424 1982 πῶς
3465 1916 3663 1982 καλόν;
3707 1917 3829 1980 πῶς

2245 2005 2585 2069 ἀποστίλϐον,
2635 2008 2728 2060 καὶ
2751 2007 2854 2060 τῶν
2869 2008 3147 2078 ἡμετέρων
3173 2006 3378 2075 βέλτιον
3397 2005 3663 2074 σωμάτων
3683 2006 3827 2060 κατά

2245 2094 2342 2162 τὴν
2368 2093 2718 2163 ἐπιφάνειανς
2764 2093 2902 2146 Ἀλλ’
2930 2095 3132 2165 ἄψυχόν
3163 2096 3332 2147 ἐστιν.
3396 2089 3548 2156 Εἶδες
3580 2092 3674 2145 καὶ
3723 2093 3827 2164 τῆς

2245 2179 2441 2250 τέχνης
2467 2180 2564 2252 τὴν
2584 2181 2857 2246 ἐπίδειξιν,
2886 2181 2980 2233 καὶ
3003 2181 3104 2250 τῆς
3128 2180 3412 2244 ἀσθενείας
3439 2181 3530 2235 τὸν
3558 2180 3821 2250 ἐλεγχονς

2246 2271 2375 2340 ὁρᾷς
2401 2269 2740 2339 ἑκατέρωθέν
2757 2286 2840 2323 σοι
2865 2269 2931 2322 τά
2952 2268 3280 2340 ὀχυρώματα
3304 2269 3528 2340 κείμενα
3547 2285 3563 2333 ;
3587 2270 3702 2323 Ἰνα
3713 2269 3824 2340 γάρ

2250 2356 2323 2427 μὴ
2353 2355 2768 2427 καταγινώσκῃς
2788 2357 2881 2409 τοῦ
2902 2357 3236 2430 Δημιουργοῦ
3269 2357 3345 2420 ῶς
3376 2355 3656 2419 ἀσθενοῦς,
3681 2357 3824 2410 καλὰ

2248 2444 2518 2512 ἐποίησεν·
2535 2443 2620 2496 ἴνα
2643 2443 2698 2496 δὲ
2734 2444 2808 2515 μὴ
2835 2449 3143 2517 προσκυνῇς
3169 2444 3235 2499 τὰ
3265 2445 3530 2514 γενόμενα
3546 2444 3620 2508 ὡς
3640 2444 3820 2506 θεοὺς,

2247 2528 2449 2599 ἀσθενῆ
2469 2528 2642 2584 ταῦτα
2671 2532 2733 2590 ἐγ
2765 2531 2961 2603 μέρους
2994 2533 3303 2606 είργάσατο.
3324 2533 3507 2585 Ταῦτα
3541 2531 3821 2603 μέμνησθε

2243 2616 2523 2688 διηνεκῶς.

2314 2705 2412 2758 Διά
2442 2705 2598 2758 τοῦτο
2639 2705 2858 2776 Γραφάς
2886 2705 3286 2777 ἐρμηνεύομεν,
3321 2705 3418 2775 οὐχ
3472 2704 3560 2758 ἵνα
3595 2701 3820 2776 Γραφάς

2247 2791 2456 2862 μάθητε
2486 2791 2664 2861 μόνον,
2696 2791 2918 2844 ἀλλ’ἵνα
2946 2793 3041 2846 καὶ
3077 2793 3144 2846 τὰ
3183 2791 3286 2864 ἤθη
3339 2791 3684 2862 διορθώσητε.
3721 2793 3820 2844 "Av

2243 2879 2352 2950 γάρ
2403 2877 2558 2932 τοῦτο
2613 2879 2686 2951 μὴ
2721 2879 2981 2949 γένηται,
3028 2877 3294 2949 περ’ττῶς
3349 2877 3817 2949 ἀναγινώσκομεν,

2244 2967 2512 3037 περιττῶς
2542 2966 2900 3038 ἐξηγούμεθα.
2934 2967 3146 3036 Ὥσπερ
3178 2965 3286 3036 γὰρ
3333 2965 3568 3036 ἀθλητὴς
3601 2967 3682 3030 είς
3710 2984 3817 3019 πα-

2242 3051 2500 3124 λαίστραν
2529 3053 2712 3106 είσιὼν
2736 3053 3086 3123 ἀλειφόμενος
3113 3055 3205 3107 καὶ
3247 3052 3534 3107 ἀπολαύων
3561 3054 3670 3106 τῶν
3699 3071 3816 3124 χει-

2244 3144 2355 3216 ρῶν
2380 3144 2474 3198 τοῦ
2519 3144 2883 3216 παιδοτρίϐου,
2917 3145 2985 3199 ἂν
3008 3145 3102 3198 τοῦ
3133 3145 3342 3215 ἀγῶνος
3373 3147 3815 3216 παραγενομένου

2241 3234 2434 3307 ἐλέγξῃ
2458 3235 2670 3306 ἐκείνην
2696 3237 2794 3305 τὴν
2827 3235 3042 3306 τέχνην,
3075 3235 3343 3308 περιττῶς
3367 3235 3592 3306 εἰσήχθη
3614 3237 3692 3298 είς
3717 3237 3818 3305 τὴν

2243 3324 2598 3396 παλαίστραν’
2633 3324 2803 3388 οὕτως
2831 3325 2896 3379 ἂν
2932 3325 3166 3379 ἐνταῦθα
3213 3325 3674 3396 παραγινόμενοι,
3722 3325 3817 3377 καὶ

2243 3411 2602 3482 μανθάνοντες
2641 3414 2711 3465 τά
2755 3413 3108 3484 παλαίσματα
3151 3414 3328 3467 πάντα
3383 3415 3474 3466 καὶ
3519 3414 3617 3476 τὰς
3646 3413 3816 3476 λαϐάς

2239 3500 2333 3554 τοῦ
2361 3500 2627 3566 διαϐόλου,
2658 3501 2753 3554 τοῦ
2783 3501 2975 3572 καιροῦ
3015 3501 3122 3554 τῶν
3154 3501 3382 3569 ἀγώνων
3406 3501 3650 3564 ἐλθόντος
3683 3501 3816 3556 ὐπο-

2226 3587 2578 3659 σκελισθῆτε,
2611 3589 2644 3660 ἦ
2709 3588 2982 3659 εὔμορφον
3031 3588 3153 3658 δψιν
3185 3588 3402 3652 ἰδόντες,
3442 3587 3475 3658 ἢ
3512 3587 3647 3657 πρὸς
3679 3587 3816 3640 d156-

2239 3693 2386 3728 νοιαν
2419 3676 2766 3747 ἐπαρθέντες,
2807 3675 2841 3747 ἢ
2873 3675 3042 3745 ἐτέρῳ
3067 3676 3175 3729 τινὶ
3216 3674 3438 3746 πονηρῷ
3463 3673 3814 3745 χειρωθέντες

2239 3762 2502 3834 λογισμῷ,
2541 3763 2715 3835 μάτην
2736 3763 2967 3818 ἐνταῦθα
2991 3763 3286 3835 είσήλθετε.
3327 3761 3620 3832 Μέμνησθε
3639 3759 3815 3814 τοίνυν

2238 3853 2346 3904 τῶν
2368 3852 2559 3920 λόγων,
2603 3851 2662 3904 οὐ
2683 3849 2792 3904 τῶν
2829 3850 2970 3906 κατά
3000 3851 3098 3922 τῆς
3137 3851 3351 3920 φύσεως
3376 3851 3475 3918 τῆς
3519 3848 3814 3919 ἡμετέρας,

2239 3939 2371 3993 ἀλλά
2386 3939 2494 3992 τῶν
2510 3937 2650 3993 κατὰ
2663 3938 2762 4009 τῆς
2778 3937 3064 4008 ἐπιθυμίας
3080 3938 3173 4008 τῆς
3190 3937 3584 3991 ἀκολάστου.οὐ
3602 3936 3815 4005 φύσεως

2239 4026 2387 4100 [195]
2409 4027 2654 4099 ἔγκλημα
2667 4027 2734 4079 τὰ
2754 4025 3036 4096 είρημένα,
3056 4024 3190 4077 ἀλλὰ
3219 4024 3511 4094 ἐπιθυμίας
3532 4023 3561 4063 ι)
3579 4024 3646 4076 τά
3667 4023 3812 4090 λεγό-

2241 4135 2395 4188 μενα.
2435 4117 2617 4188 Ταύτῃ
2642 4115 3027 4170 καταστέλλετε
3081 4113 3288 4184 θυμὸν,
3342 4113 3485 4166 οὐτω
3538 4113 3815 4184 πραΰνατε

2238 4205 2545 4276 ἐπιθυμίαν,
2573 4203 2716 4257 οὓτω
2747 4204 3063 4256 κατασπᾶτε
3093 4202 3366 4255 ἀπόνοιαν.
3395 4201 3504 4254 Καὶ
3535 4197 3614 4272 ἦν
3647 4199 3814 4254 πᾶσα

2236 4294 2275 4361 ἦ
2298 4292 2372 4362 Τῆ
2397 4292 2596 4361 χεῖλος
2613 4290 2701 4354 ἓν,
2728 4291 2823 4343 καὶ
2853 4288 3020 4358 φωνὴ
3038 4289 3144 4358 μία
3162 4286 3368 4343 πᾶσιν.
3385 4287 3517 4340 Ἰδοὺ
3543 4286 3601 4340 τὸ
3617 4287 3808 4355 ζητού-

2239 4397 2396 4452 μενον
2431 4379 2530 4434 ἐτι.
2566 4379 2640 4431 Οὐ
2671 4378 2796 4448 περὶ
2827 4378 3026 4447 ταύτης
3053 4377 3081 4428 ὁ
3119 4375 3296 4443 λόγος,
3336 4375 3449 4429 ἀλλ’
3482 4375 3563 4428 ὃτι
3611 4374 3808 4436 πάντες

2234 4469 2282 4519 οἱ
2317 4466 2592 4537 ἄνθρωποι
2619 4465 2800 4534 φωνὴν
2833 4459 2978 4534 εἶχον
3016 4463 3162 4535 μίαν.
3196 4462 3294 4516 Διά
3321 4461 3373 4515 τί
3427 4461 3482 4515 δέ
3536 4461 3709 4531 χεῖλος
3753 4460 3812 4513 ἓν

2235 4553 2459 4606 ἐκάλεσε
2495 4549 2838 4623 τὴνφωνήν;
2868 4551 3026 4615 Ἐθος
3062 4555 3128 4622 τῇ
3152 4551 3340 4622 Γραφῇ
3371 4549 3512 4603 οὕτω
3532 4549 3714 4604 καλεῖν
3743 4549 3808 4602 τὰ

2237 4645 2476 4714 ῥήματα,
2507 4643 2779 4711 γλῶσσαν.
2823 4642 3144 4710 Ἀναγκαῖον
3175 4640 3231 4692 δὲ
3267 4639 3360 4693 καὶ
3399 4638 3558 4692 τοῦτο
3613 4637 3806 4692 εἰδέναι

2233 4731 2320 4784 διά
2355 4732 2477 4794 τοὺς
2509 4729 2818 4801 αἱρετικούς
2843 4767 2860 4791 ,
2909 4729 3034 4792 τοὺς
3081 4726 3520 4798 κατηγοροῦντας
3569 4725 3668 4795 τῆς
3711 4724 3803 4796 δη-

2237 4819 2522 4891 μιουργίας
2542 4817 2633 4871 τοῦ
2659 4816 2813 4882 Θεοῦ,
2837 4817 2962 4880 τούς
2996 4816 3250 4884 λέγοντας
3270 4855 3285 4879 ,
3333 4815 3414 4869 ὅτι
3461 4813 3694 4882 πονηρὸν
3747 4812 3808 4866 τὸ

2236 4906 2412 4977 σῶμα.
2455 4905 2668 4975 Ἐπειδὴ
2691 4905 2798 4975 γάρ
2823 4905 2891 4957 τά
2920 4903 3131 4974 πονηρά
3154 4903 3429 4971 κινήματα
3453 4901 3550 4970 τῆς
3572 4900 3805 4962 διανοίας

2233 4998 2345 5058 τοῖς
2376 4994 2562 5065 μέλεσι
2602 4993 2695 5046 τοῦ
2741 4992 2986 5062 σώματος
3043 4993 3076 5062 ὴ
3125 4990 3315 5059 Γραφὴ
3364 4989 3538 5041 καλεῖ·
3598 4982 3709 5041 οἷόν
3753 5006 3803 5042 τι

2233 5083 2393 5151 λέγω·
2414 5083 2755 5147 Ἡκόνησαν
2777 5077 3068 5148 γλῶσσαν
3091 5077 3290 5132 αὐτῶν
3323 5076 3467 5129 ὡσεὶ
3503 5074 3710 5146 ὄφεωςσ
3745 5075 3805 5131 Ἠ

2232 5171 2482 5240 γλῶσσα
2501 5168 2696 5222 αὐτῶν
2712 5167 2973 5238 μάχαιρα
2995 5165 3176 5230 ὀξεῖα·
3199 5164 3507 5235 νομίζουσιν
3523 5159 3618 5217 οὐν
3642 5180 3800 5227 τινες,

2231 5261 2313 5313 ὅτι
2340 5260 2469 5330 περὶ
2505 5258 2602 5328 τῆς
2635 5255 2876 5327 γλώττης
2913 5254 3143 5324 είρηται.
3193 5255 3306 5306 Οὐκ
3334 5253 3544 5326 εἴρηται
3576 5250 3631 5304 δέ
3677 5251 3802 5320 περὶ

2231 5351 2330 5418 τῆς
2355 5348 2617 5418 γλώττης·
2657 5346 2731 5418 μὴ
2750 5346 2974 5414 γένοιτο·
3010 5344 3169 5415 ἔργον
3202 5342 3309 5415 γάρ
3359 5344 3474 5396 ἐστι
3506 5341 3598 5395 τοῦ
3646 5339 3798 5392 Θεοῦ·

2231 5437 2365 5492 ἀλλά
2400 5436 2526 5505 περὶ
2574 5433 2683 5486 τῶν
2715 5433 2974 5504 ῥημάτων
3005 5433 3111 5484 τῶν
3145 5428 3400 5500 φονικῶν,
3420 5429 3527 5482 τῶν
3555 5431 3802 5480 ἀποκτιν-

2217 5525 2432 5594 -νύντων
2465 5521 2802 5592 ἀνθρώπους,
2851 5518 2958 5573 τῶν
2987 5519 3366 5590 ἐμπιπτόντων
3421 5516 3604 5586 ξίφους
3652 5515 3800 5584 χαλε-

2295 5638 2321 5675 δ
2343 5638 2430 5686 llic
2452 5634 2634 5697 aliquid
2659 5636 2772 5697 vim
2788 5636 3060 5696 suspicatur
3081 5633 3218 5682 Joan.
3242 5630 3452 5692 Boisius,
3471 5636 3523 5679 et
3545 5628 3675 5678 addit
3697 5641 3799 5675 κατ.

2233 5709 2398 5766 Inopia
2419 5706 2527 5765 post
2541 5696 2800 5760 ἐπιθυμίας.
