4038 6204
227 173 329 231 {85

221 299 404 353 ctare,
429 293 489 341 ut
529 283 892 340 iulrmitatem
921 291 1066 338 tuam
1091 281 1266 339 discas
1293 301 1310 340 ε
1341 285 1516 341 adhuc
1548 295 1809 341 viventem

221 379 498 434 honiinem
528 387 768 432 scrutare
791 414 808 442 ,
838 385 998 446 atque
1025 377 1078 430 in
1109 377 1224 446 ejus
1263 379 1463 433 viscera
1491 380 1815 449 cogitatione

217 470 490 526 descende
511 509 528 535 ,
560 478 674 523 tum
705 468 912 524 videbis
933 509 948 532 ,
977 483 1134 538 quam
1165 469 1313 524 nihili
1359 471 1430 524 sit
1457 479 1512 525 et
1549 472 1808 541 abjectm.

218 565 477 618 Attamen
505 562 611 615 noli
635 561 874 615 animum
899 559 1234 632 despondere
1265 578 1278 614 :
1311 576 1484 630 neque
1503 563 1642 617 enim
1670 562 1812 632 quod

217 669 327 709 nos
372 653 498 722 odio
524 661 957 722 prosequeretur,
985 651 1082 706 sed
1125 651 1268 721 quod
1307 653 1492 707 mitius
1532 654 1810 709 nobiscum

217 753 409 814 ageret
431 783 447 809 ,
479 744 531 799 id
562 742 688 799 fecit
715 744 856 799 Deus
879 785 896 811 ,
925 758 1275 814 magnamque
1306 743 1459 798 nobis
1501 744 1811 801 humilitatis

215 837 558 892 occasionem
592 835 875 904 prmberet.
909 834 1042 889 Nam
1071 835 1113 889 si
1139 835 1460 897 bomo,cum
1493 845 1630 891 terra
1659 839 1722 892 sit
1757 847 1810 892 ct

214 928 385 993 cinis,
412 926 594 982 dicere
617 941 784 982 ausus
810 935 911 992 est,
945 923 1010 979 In
1037 925 1215 980 mlunt
1235 925 1507 980 ascendam
1536 924 1670 998 (1ιηὶ
1723 927 1804 983 Ν.

215 1019 317 1088 13)
353 1035 369 1072 :
399 1018 502 1074 nisi
551 1017 760 1072 frenum
793 1017 1046 1088 injectum
1097 1025 1237 1072 esset
1285 1027 1522 1084 nature,
1572 1032 1681 1086 quo
1700 1031 1810 1072 non

214 1112 342 1180 ejus
357 1110 569 1165 animus
593 1118 874 1178 provectus
892 1110 1058 1164 esset?
1081 1107 1303 1174 Quando
1329 1107 1486 1178 igitur
1505 1108 1808 1179 quempiam

217 1201 428 1256 videris
451 1200 873 1271 superbientem,
903 1208 1082 1254 erecta
1109 1198 1338 1263 cervice,
1369 1197 1591 1253 sublatis
1619 1215 1809 1269 superc

214 1294 383 1357 ciliis,
413 1308 570 1347 curru
601 1301 808 1348 vectum
833 1332 847 1354 ,
880 1291 1195 1352 minantem.
1225 1291 1521 1346 mittentem
1549 1290 1601 1345 in
1626 1307 1812 1346 carce-

215 1398 360 1446 rem,
379 1381 536 1437 morti
566 1381 890 1445 tradentem,
917 1379 1160 1448 injuriam
1187 1379 1503 1436 inferentem
1529 1419 1544 1444 ,
1573 1381 1660 1436 die
1688 1381 1760 1436 illi
1785 1398 1804 1448 _:

219 1473 365 1539 Quid
381 1473 604 1542 sapa-bit
631 1481 764 1526 terra
788 1481 837 1525 et
862 1471 990 1525 cinis
1009 1470 1034 1524 f
1052 1469 1303 1537 Quoniam
1329 1480 1376 1525 et
1404 1471 1457 1524 in
1485 1472 1584 1526 vita
1610 1473 1723 1541 ejus
1741 1474 1810 1526 ad

216 1565 440 1617 nihilum
461 1563 666 1618 redacta
689 1574 808 1618 sunt
835 1563 1014 1618 intima
1045 1563 1175 1632 ejus.
1206 1563 1332 1618 Haec
1357 1579 1464 1618 non
1495 1564 1562 1619 de
1591 1563 1808 1620 homine

218 1664 427 1707 tantum
457 1655 699 1722 privato,
731 1653 824 1708 sed
845 1653 1005 1709 etiam
1033 1653 1104 1707 de
1131 1653 1221 1707 illo
1247 1652 1364 1722 ipso
1385 1693 1402 1715 ,
1433 1654 1522 1724 qui
1571 1655 1623 1708 in
1672 1655 1808 1709 solio

215 1746 377 1802 sedet
402 1747 570 1816 regio,
598 1745 702 1810 dici
735 1755 984 1814 possunt.
1015 1745 1134 1801 Noli
1173 1746 1317 1801 enim
1366 1761 1679 1817 purpuram,
1708 1762 1804 1802 nc-

214 1851 327 1906 que
354 1837 622 1902 diadema,
651 1851 822 1906 neque
845 1851 1004 1890 aurea
1032 1836 1348 1893 vestimenta
1378 1837 1647 1908 respicere
1665 1879 1680 1901 ,
1708 1838 1805 1894 sed

217 1927 272 1981 in
324 1927 493 1996 ipsam
526 1927 732 1996 inquire
778 1936 1056 1991 naturam,
1101 1942 1276 1999 neque
1319 1928 1607 1999 quidquam
1659 1929 1802 1986 illam

218 2018 425 2074 habere
472 2018 702 2087 amplius
754 2031 912 2088 quam
958 2032 1114 2072 unam
1162 2033 1195 2074 e
1220 2019 1376 2089 vulgo
1413 2019 1616 2074 videbis
1653 2035 1668 2073 :
1700 2022 1807 2076 imo

219 2126 377 2176 vero,
402 2111 445 2164 si
473 2111 667 2181 placet,
693 2120 748 2166 et
777 2126 1064 2181 purpuram
1083 2151 1100 2178 ,
1126 2119 1183 2168 et
1209 2110 1473 2178 diadema,
1502 2122 1554 2169 et
1584 2123 1762 2169 vestes
1786 2153 1803 2180 ,

211 2215 271 2259 et
322 2219 540 2258 omnem
599 2204 742 2258 illam
794 2217 1051 2273 percurre
1095 2219 1342 2275 pompam
1367 2245 1382 2273 ,
1411 2214 1570 2277 atque
1612 2205 1804 2262 horum

212 2295 456 2364 ipsorum
499 2311 684 2350 rursus
735 2303 931 2349 terram
982 2296 1256 2350 materiam
1312 2311 1433 2352 esse
1487 2312 1800 2368 cognosces.

214 2388 400 2444 Omnis
441 2387 576 2441 enim
627 2387 792 2458 gloria
820 2386 1035 2442 hominis
1058 2396 1112 2441 ut
1131 2388 1230 2456 [los
1265 2387 1387 2456 [mni
1420 2386 1571 2459 (lsai.
1598 2389 1686 2445 40.
1721 2391 1801 2462 6).

209 2479 355 2534 Ecce
385 2479 469 2533 vel
522 2478 634 2550 ipsa
683 2479 843 2533 etiam
889 2487 1028 2534 terra
1079 2477 1235 2534 vilior
1259 2487 1401 2535 totus
1447 2480 1538 2537 ille
1563 2483 1806 2552 apparuit

207 2579 460 2624 ornatus.
491 2568 653 2624 Vides
690 2579 748 2624 ut
777 2567 972 2623 fastum
1018 2569 1317 2639 reprimat?
1343 2579 1403 2626 ut
1444 2573 1802 2642 arrogantiam

207 2676 432 2717 omnem
481 2661 649 2731 ipsius
695 2670 898 2716 natura:
949 2660 1247 2718 recordatio
1286 2661 1534 2718 retundat
1556 2663 1579 2717 ?
1601 2662 1806 2720 Sufficit

208 2762 419 2806 tantum
450 2761 508 2806 ut
534 2753 830 2822 cogitemus
857 2751 1072 2822 quinam
1102 2753 1292 2819 simus,
1323 2762 1379 2809 et
1408 2755 1599 2825 quibus
1623 2770 1687 2810 ex
1713 2772 1801 2812 re-

206 2845 310 2900 bus
337 2845 627 2912 compacti,
661 2853 772 2898 tum
798 2844 973 2899 omnis
998 2844 1246 2914 superbia
1275 2845 1653 2916 cogitationum
1675 2862 1804 2903 eva-

207 2946 419 2992 nescet.
452 2935 741 3006 Propterea
781 2950 1007 3007 namque
1031 2935 1236 2992 duabus
1275 2953 1372 2992 nos
1400 2953 1466 2994 ex
1495 2939 1803 2997 substantiis

202 3029 480 3100 compegit
502 3028 642 3084 Deus
666 3068 681 3092 ,
710 3037 768 3084 ut
794 3031 838 3084 si
865 3029 1079 3101 quando
1105 3030 1156 3085 in
1183 3031 1488 3102 superbiam
1520 3033 1761 3090 eﬂ'eraris
1781 3075 1798 3100 ,

203 3121 390 3174 vilitas
410 3119 590 3174 carnis
606 3127 659 3174 te
676 3119 941 3191 deprimat
967 3137 981 3175 :
1003 3121 1048 3176 si
1078 3120 1292 3191 quando
1319 3131 1496 3178 autem
1534 3123 1627 3179 tibi
1648 3126 1802 3195 quid-

203 3213 330 3267 dam
363 3212 548 3266 veniat
575 3213 627 3266 in
655 3220 887 3268 mentem
918 3212 1216 3284 indignum,
1249 3222 1304 3270 et
1327 3214 1469 3284 quod
1498 3215 1567 3269 ab
1595 3215 1801 3273 honore

203 3318 235 3356 a
284 3303 398 3358 Deo
447 3303 646 3358 collato
688 3301 1021 3373 degeneret,
1048 3305 1243 3360 anima:
1271 3305 1516 3363 nobilitas
1541 3305 1610 3362 ad
1637 3307 1799 3364 cccle-

202 3395 368 3449 stinm
388 3392 640 3448 virtutum
661 3393 1053 3451 simulationem
1086 3402 1139 3451 te
1164 3395 1441 3468 provehat.

277 3489 334 3543 7.
367 3487 554 3556 Neque
579 3501 708 3542 vero
737 3497 938 3544 tantum
961 3487 1030 3544 ad
1057 3488 1343 3544 tollendam
1385 3489 1687 3560 superbiam
1716 3499 1801 3548 est

205 3580 400 3635 idonea
426 3578 786 3635 consideratio
807 3587 1010 3636 natum:
1033 3621 1050 3648 ,
1078 3580 1174 3636 sed
1200 3588 1256 3637 et
1279 3581 1326 3638 si
1355 3583 1455 3637 alia
1477 3584 1679 3654 quaevis
1705 3599 1798 3640 cu-

205 3670 404 3739 piditas
427 3668 700 3735 obturbet,
721 3670 838 3726 sive
859 3670 1226 3740 pecuniarum,
1248 3672 1365 3727 sive
1383 3686 1666 3742 corporum
1697 3674 1796 3731 ista

203 3761 378 3827 turpis
403 3769 460 3814 et
492 3775 610 3830 qua:
633 3759 700 3814 ad
731 3759 1000 3817 lasciviam
1028 3771 1281 3833 provocat
1305 3803 1321 3827 ,
1343 3763 1411 3819 ad
1438 3765 1796 3834 perturbatio-

202 3867 324 3905 nem
355 3850 651 3907 sedandam
684 3852 783 3908 hoc
807 3852 1023 3909 sufficit.
1049 3853 1183 3908 Cum
1209 3869 1337 3926 ergo
1366 3855 1652 3913 formosam
1678 3874 1795 3912 mu-

201 3943 387 3998 lierem
419 3944 620 3999 videris
643 3985 660 4012 ,
686 3948 771 4000 cui
809 3945 1067 4002 micantes
1097 3947 1236 4002 oculi
1282 3957 1409 4004 sunt
1459 3959 1515 4004 et
1556 3949 1754 4007 hilares
1775 3992 1792 4019 ,

199 4036 282 4089 cui
313 4036 552 4090 nitentes
574 4051 747 4106 gente,
783 4039 936 4107 cujus
961 4038 1017 4094 in
1043 4039 1190 4094 vultu
1216 4041 1411 4096 eximia
1437 4043 1678 4111 qutndattt
1699 4060 1796 4114 ap-

200 4136 388 4196 pareat
437 4127 958 4200 pulchritudo,qu
1000 4141 1236 4186 mentem
1277 4141 1419 4188 tuam
1463 4133 1790 4202 inflammet,

199 4229 253 4275 et
280 4221 562 4276 libidinem
606 4231 836 4291 augeat,
867 4221 1038 4293 cogita
1081 4231 1278 4280 terram
1309 4224 1440 4280 illud
1483 4241 1604 4283 esse
1647 4227 1791 4298 quod

200 4310 415 4364 miraris
436 4351 452 4374 ,
496 4309 732 4365 cinerem
763 4325 882 4366 esse
905 4311 1047 4381 quod
1077 4321 1129 4368 te
1158 4314 1431 4383 accendit,
1457 4317 1513 4370 et
1557 4316 1792 4374 insanire

202 4401 376 4455 anima
403 4400 620 4456 desinet
647 4417 662 4455 :
693 4401 884 4472 detege
909 4411 1084 4458 cutem
1117 4404 1291 4460 vultus
1315 4405 1451 4475 ejus,
1485 4414 1595 4460 tum
1619 4407 1788 4476 ipsam

202 4504 413 4544 onlnem
445 4490 854 4561 pulchritudinis
879 4492 1134 4548 vilitatem
1156 4493 1359 4550 videbis
1387 4512 1402 4549 :
1429 4510 1494 4550 ne
1523 4496 1574 4551 in
1602 4511 1790 4568 super-

205 4583 316 4638 ficie
341 4583 646 4650 consistas,
679 4583 773 4640 sed
803 4585 1030 4641 interius
1069 4587 1394 4658 cogitatione
1421 4589 1744 4660 progredere
1769 4632 1784 4658 ,

206 4691 297 4731 nec
344 4677 497 4731 aliud
525 4676 812 4749 quidquam
838 4688 1034 4747 prater
1056 4691 1176 4733 ossa
1199 4719 1214 4742 ,
1264 4694 1456 4734 nervos
1481 4721 1496 4745 ,
1537 4695 1600 4735 ac
1626 4696 1789 4736 venas

207 4768 460 4836 reperies.
490 4769 562 4824 At
587 4784 693 4823 non
723 4767 994 4824 sufficiunt
1015 4768 1140 4824 ista?
1165 4768 1346 4840 Cogita
1378 4770 1505 4826 mihi
1529 4781 1785 4828 mutatam

208 4860 376 4928 illam,-
404 4870 780 4917 senescentem
804 4903 821 4929 ,
859 4870 1114 4932 aegrotam
1133 4903 1150 4928 ,
1181 4862 1518 4919 subsidentes
1562 4865 1746 4920 oculos
1766 4907 1782 4931 ,

207 4964 485 5008 excavatae
540 4967 749 5022 genas,
786 4960 956 5008 totum
1001 4953 1147 5008 illum
1190 4951 1377 5009 liorem
1419 4953 1783 5013 defluentem:

205 5045 368 5114 cogita
393 5045 524 5115 quid
552 5043 860 5110 admireris,
891 5053 947 5100 et
973 5043 1048 5098 tui
1085 5043 1272 5114 judicii
1305 5055 1356 5100 te
1405 5045 1642 5116 pudebit.
1675 5046 1786 5102 Lu-

207 5143 310 5190 tum
335 5136 552 5192 miraris
575 5143 629 5190 et
651 5136 910 5201 cinerem,
940 5135 1113 5207 pulvis
1144 5145 1196 5192 te
1235 5136 1475 5192 incendit
1503 5148 1556 5192 et
1584 5137 1782 5192 favilla.

206 5225 310 5282 Non
359 5227 479 5282 hac
523 5242 592 5282 eo
626 5228 770 5293 dico,
793 5238 850 5283 ut
879 5237 1123 5284 naturam
1155 5243 1400 5285 accusem
1426 5246 1441 5295 ;
1473 5230 1610 5286 absit
1643 5249 1657 5286 :
1687 5247 1785 5288 nec

208 5328 258 5371 ι
283 5320 614 5388 vituperem,
641 5329 734 5374 aut
760 5329 1025 5390 tamquam
1051 5320 1209 5375 vilem
1241 5319 1535 5392 deprimam
1561 5364 1576 5390 ,
1609 5322 1703 5379 sed
1726 5331 1785 5378 ut

208 5411 582 5481 agrotantibus
623 5412 1010 5467 medicamenta
1056 5427 1397 5482 componam.
1450 5413 1574 5471 ideo
1623 5416 1782 5472 talem

209 5503 364 5571 ipsam
395 5506 538 5560 Deus
567 5505 844 5569 condidit,
871 5505 1006 5560 adeo
1036 5506 1193 5562 vilem
1218 5549 1234 5574 ,
1268 5519 1324 5565 ut
1349 5518 1405 5566 et
1431 5524 1582 5565 suam
1605 5510 1779 5567 virtu-

211 5603 304 5654 test
329 5609 384 5654 et
434 5612 623 5653 curam
649 5597 717 5654 de
743 5597 898 5654 nobis
939 5597 1220 5670 ostendat,
1255 5601 1378 5658 dum
1412 5614 1615 5661 natura:
1657 5606 1776 5661 vili-

1180 168 1268 226 DE
1305 169 1838 229 PROPERTIARUM
1879 171 2368 231 OBSCURITATE.
2411 175 2479 232 ll.

3404 187 3504 244 186

1926 293 2032 342 tate
2061 300 2158 342 nos
2181 286 2246 342 ad
2277 287 2629 345 humilitatem
2657 289 2857 346 inducit
2876 333 2892 354 ,
2921 307 3238 365 omnemque
3267 309 3502 358 nostram

1918 378 2258 448 cupiditatem
2312 389 2559 445 coercet,
2620 395 2684 437 ac
2743 382 3015 451 sapientiai
3069 398 3181 440 sua:
3232 389 3503 456 specimen

1916 470 2050 536 edit,
2079 480 2137 526 ut
2163 472 2252 542 qui
2283 472 2446 528 etiam
2484 473 2537 527 in
2571 474 2682 528 luto
2719 475 2886 543 possit
2916 483 3113 532 tentant
3151 479 3497 548 pulchritudi-

1916 577 2038 618 nem
2063 563 2336 620 exhibere.
2369 564 2503 619 Dum
2536 563 2694 634 igitur
2735 565 3091 621 substantiam
3122 569 3273 639 parvi
3322 569 3460 626 facio
3481 611 3500 639 ,

1916 661 2026 708 tum
2073 654 2290 725 Opilieis
2316 665 2488 710 artem
2535 655 2747 726 detego.
2775 655 2905 710 Nam
2933 665 2992 710 ut
3039 659 3358 714 statuarium
3387 669 3498 717 tum

1915 747 2082 818 magis
2106 748 2452 814 admiramur,
2484 761 2590 802 non
2624 764 2746 803 cum
2777 748 3086 818 prmelaram
3119 765 3186 806 ex
3226 765 3360 807 auro
3388 763 3500 808 sta-

1915 845 2060 892 tuam
2099 837 2400 894 exhibuerit
2423 879 2437 904 ,
2465 837 2558 893 sed
2586 853 2706 894 cum
2736 853 2800 893 ex
2840 838 3075 908 subjecta
3127 840 3225 896 lutl
3271 842 3496 898 materia

1913 930 2200 998 perfectam
2249 939 2305 986 et
2350 929 2600 984 eximiam
2645 928 2927 999 imaginem
2960 929 3118 985 fuerit
3156 931 3443 988 fabricatus
3481 950 3496 988 :

1913 1020 1982 1076 ita
2008 1034 2218 1090 quoque
2256 1035 2521 1075 summum
2557 1019 2812 1075 artificem
2866 1019 3030 1076 Deum
3069 1022 3496 1092 obstupescimus

1911 1118 1966 1166 et
2001 1109 2390 1180 glorificamus,
2419 1110 2561 1180 quod
2591 1110 2644 1165 in
2694 1111 2914 1180 pulvere
2937 1124 3002 1166 ac
3044 1109 3156 1166 luto
3185 1112 3490 1180 pulchritu-

1911 1200 2090 1257 dinem
2135 1201 2418 1272 quamdam
2449 1201 2762 1257 immensam
2806 1211 2862 1258 et
2910 1201 3192 1258 incfi‘abilis
3215 1203 3494 1273 cujusdam

1911 1293 2184 1362 sapientia:
2212 1292 2481 1362 specimen
2526 1291 2580 1347 in
2624 1292 2822 1347 nostris
2849 1291 3166 1362 corporibus
3194 1293 3494 1349 collocarit.

1911 1384 2084 1453 Atque
2127 1382 2229 1439 hoc
2271 1397 2379 1437 non
2415 1382 2468 1437 in
2493 1396 2716 1453 corpore
2761 1381 2934 1438 solum
2982 1391 3167 1437 nostro
3190 1423 3206 1449 ,
3238 1382 3329 1438 sed
3358 1391 3412 1438 et
3441 1384 3492 1435 in

1911 1475 2054 1532 omni
2085 1475 2328 1544 prazstitit
2365 1481 2628 1530 creatura.
2667 1473 2798 1528 Nam
2824 1488 2946 1528 cum
2975 1475 3108 1530 viles
3141 1474 3336 1544 passim
3369 1489 3492 1543 pro-

1909 1567 2152 1624 duxisset
2193 1566 2554 1632 substantias,
2582 1573 2638 1621 et
2678 1565 2810 1620 artis
2837 1578 2948 1620 sua:
2975 1569 3246 1634 specimen
3295 1563 3348 1618 in
3391 1564 3495 1618 illis

1912 1659 2117 1730 insigne
2140 1659 2336 1730 posuit,
2366 1669 2420 1712 et
2448 1657 2862 1712 substantiarum
2889 1657 3208 1711 infirmitatis
3239 1655 3490 1712 iudicium

1909 1752 2174 1822 quoddam
2220 1751 2508 1806 immiscuit
2536 1767 2552 1805 :
2583 1758 2641 1804 ut
2671 1763 2791 1804 cum
2837 1758 3054 1819 propter
3087 1756 3258 1803 artem
3285 1762 3347 1802 ac
3375 1747 3492 1818 pul-

1909 1841 2266 1897 chritudinem
2311 1840 2498 1895 laudes
2525 1838 2832 1904 Artificem,
2864 1847 2973 1893 tum
3021 1847 3241 1909 propter
3268 1837 3493 1892 infirmi-

1911 1939 2073 1988 tatem
2106 1931 2470 1999 vilitatemquc
2495 1937 2698 1984 natura:
2723 1942 2785 1984 ac
2810 1927 3140 1994 substantiae,
3163 1942 3280 1996 qua:
3309 1938 3490 1982 creata

1908 2034 2034 2080 sunt
2059 2037 2162 2078 non
2191 2021 2404 2076 adores.
2455 2019 2779 2090 Spletnlidus
2820 2027 2903 2074 est
2929 2018 3006 2072 sol
3030 2057 3047 2085 ,
3075 2017 3200 2072 dum
3235 2016 3452 2089 aflulget
3473 2055 3492 2082 ,

1910 2126 2185 2185 telumque
2230 2123 2490 2170 terrarum
2536 2111 2724 2168 orbem
2753 2109 3052 2167 illuminat:
3083 2109 3176 2165 sed
3207 2123 3330 2164 cum
3379 2123 3488 2163 nox

1909 2207 2222 2272 advenerit,
2249 2205 2446 2262 deficit.
2482 2203 2620 2272 Quid
2663 2203 2795 2258 enim
2817 2243 2844 2276 ,_
2857 2201 3028 2273 inquit
3051 2241 3068 2270 ,
3099 2200 3316 2256 lucidius
3345 2200 3492 2254 sole?

1910 2297 2016 2356 Sed
2045 2307 2091 2354 et
2129 2298 2224 2352 hoc
2266 2296 2436 2366 tte/icit
2473 2294 2657 2366 (b‘ccfi.
2682 2293 2768 2348 l7.
2799 2293 2924 2363 30);
2954 2307 3126 2363 neque
3163 2306 3291 2347 vero
3328 2298 3487 2345 noctu

1907 2389 2101 2456 solum,
2133 2387 2227 2444 sed
2265 2395 2322 2443 et
2361 2385 2610 2442 interdiu.
2639 2385 2814 2456 Atque
2850 2383 3048 2440 idcirco
3071 2397 3213 2454 saepe
3255 2380 3484 2438 interdiu

1907 2481 2038 2538 solis
2058 2479 2302 2536 defectus
2331 2477 2636 2543 intervenit,
2660 2488 2718 2532 ut
2744 2475 3001 2548 Opificem
3023 2474 3238 2545 quidem
3267 2481 3488 2544 propter

1906 2573 2186 2630 artificium
2227 2570 2449 2637 laudes,
2491 2570 2587 2626 sed
2631 2578 2847 2640 propter
2891 2566 3304 2623 imbecillitatem
3349 2562 3492 2634 quod

1907 2675 2144 2720 creatum
2173 2671 2258 2718 est
2285 2677 2392 2717 non
2421 2660 2635 2715 adores.
2667 2659 2826 2714 Vides
2854 2657 2955 2714 hoc
2983 2657 3176 2714 coelum
3194 2695 3210 2722 ,
3235 2653 3392 2726 quale
3420 2653 3491 2707 sit

1906 2755 2136 2826 corpus?
2165 2769 2323 2826 quam
2353 2749 2669 2823 pulchrum?
2711 2765 2869 2821 quam
2905 2747 3214 2820 refulgens?
3238 2745 3413 2817 quod,
3443 2744 3491 2799 si

1907 2849 2142 2920 speciem
2169 2855 2444 2903 estcrnam
2492 2851 2700 2914 spectes
2727 2881 2744 2906 ,
2773 2841 2854 2896 vel
2889 2839 3017 2910 ipsis
3054 2838 3370 2909 corporibus
3396 2853 3494 2890 nos

1906 2942 2032 2998 stris
2057 2949 2140 2997 est
2167 2937 2524 3010 praestantius.
2557 2937 2627 2992 At
2660 2949 2854 3004 expers
2895 2943 2980 2989 est
3006 2933 3216 2986 animm.
3248 2930 3408 2986 \‘idcs
3435 2939 3491 2985 ct

1903 3034 2034 3090 artis
2062 3031 2331 3102 specimen
2351 3070 2367 3096 ,
2396 3041 2451 3086 et
2475 3027 2725 3084 indicium
2753 3024 3113 3082 infirmitatis?
3141 3024 3290 3080 vides
3320 3023 3488 3079 utrin-

1904 3140 2011 3198 que
2034 3123 2129 3178 tibi
2159 3129 2342 3194 parata
2371 3118 2657 3191 praesidia?
2687 3117 2818 3173 Nam
2851 3127 2908 3171 ut
2935 3115 3191 3188 Opificem
3218 3124 3488 3185 tamquam

1904 3215 2230 3273 imbecillum
2276 3229 2382 3270 non
2411 3212 2670 3278 damnes,
2700 3209 2947 3280 pulchras
2994 3206 3236 3264 condidit
3277 3215 3486 3260 creatu-

1903 3323 2029 3364 ras:
2058 3315 2117 3362 ut
2139 3316 2316 3362 autem
2353 3319 2472 3374 qua:
2510 3301 2722 3358 condita
2752 3309 2876 3355 sunt
2900 3307 3168 3368 tamquam
3217 3297 3348 3352 deos
3380 3311 3487 3352 non

1902 3399 2116 3465 adores,
2142 3413 2212 3453 ex
2245 3404 2396 3468 parte
2420 3381 2629 3450 infirma
2656 3391 2746 3446 illa
2778 3390 3063 3446 fabricatus
3088 3398 3191 3446 est.
3219 3388 3344 3444 lla-c
3375 3403 3486 3458 pcr-

1901 3500 2062 3561 petuo
2082 3487 2341 3545 memoria
2370 3495 2568 3542 tenete.

1975 3581 2181 3636 Marum
2203 3579 2445 3634 senectia
2473 3578 2592 3648 finis
2633 3577 2935 3648 Scriptum.
2965 3573 3278 3628 Manicliwos
3303 3571 3480 3626 redar-

1899 3674 2029 3744 guit.
2055 3700 2128 3712 -—
2157 3671 2282 3728 ideo
2327 3669 2632 3741 Scripturas
2666 3669 3102 3738 interpretamur,
3128 3680 3233 3720 non
3258 3672 3318 3720 ut
3343 3663 3486 3720 Scri-

1899 3773 2086 3834 pturas
2115 3772 2320 3819 tantum
2358 3761 2690 3832 intelligatis,
2722 3760 2816 3817 sed
2857 3769 2914 3814 ut
2944 3774 3122 3814 mores
3162 3756 3482 3814 emendetis.

1897 3853 2011 3910 Nisi
2031 3854 2172 3910 enim
2205 3853 2306 3908 hoc
2350 3853 2470 3918 fiat,
2499 3851 2692 3907 frustra
2727 3851 2953 3921 legimus
2975 3891 2992 3919 ,
3024 3850 3216 3904 frustra
3257 3850 3486 3920 exponi-

1898 3965 2037 4006 mus.
2068 3947 2201 4003 Nam
2249 3945 2388 4002 sicut
2428 3959 2550 4000 cum
2599 3943 2652 3997 iu
2683 3943 2982 4013 psi-mtrem
3030 3941 3300 4011 ingressus
3327 3939 3486 3992 fuerit

1897 4041 2099 4097 athleta
2127 4046 2348 4104 unctus,
2377 4044 2433 4090 et
2482 4033 2790 4105 paidolribaa
2819 4047 2982 4086 manu
3025 4045 3258 4100 curaque
3289 4031 3484 4082 instru-

1895 4143 2047 4198 ctus,
2091 4131 2135 4186 si
2185 4145 2308 4186 cum
2350 4124 2659 4183 certaminis
2703 4133 2912 4193 tempus
2948 4121 3262 4185 advenerit,
3310 4127 3482 4173 artem

1896 4225 2041 4279 illam
2071 4221 2308 4278 inutilem
2341 4233 2462 4276 esse
2498 4213 2831 4280 ostenderit,
2864 4215 3056 4268 frustra
3090 4213 3141 4267 in
3178 4211 3481 4284 paltcstraut

1894 4315 2235 4372 introductus
2261 4319 2345 4367 est
2373 4327 2386 4364 :
2415 4311 2488 4364 ita
2516 4322 2637 4363 cum
2679 4305 2783 4361 huc
2810 4304 3202 4371 conveneritis,
3231 4311 3285 4359 ct
3311 4301 3482 4356 luctas

1893 4422 2082 4462 omnes
2105 4447 2120 4470 ,
2151 4404 2276 4460 etin
2303 4403 2444 4458 lucta
2483 4415 2652 4457 nexus
2676 4398 2873 4454 diaboli
2902 4396 3194 4453 didiceritis
3217 4438 3232 4463 ,
3265 4395 3309 4451 si
3353 4410 3476 4451 cum

1896 4498 2249 4555 certaminum
2269 4549 2280 4560 ,
2299 4505 2511 4567 tempus
2569 4491 2838 4559 inciderit,
2869 4489 3284 4562 supplantcmini
3309 4532 3324 4556 ,
3351 4489 3478 4545 dum

1893 4595 1975 4647 vel
2003 4591 2295 4646 formosum
2322 4587 2524 4642 vultum
2546 4583 2802 4649 videritis,
2825 4583 2908 4639 vel
2940 4582 2993 4638 in
3021 4582 3322 4654 superbiam
3350 4581 3478 4636 elati

1893 4682 2100 4739 fueritis
2119 4722 2134 4748 ,
2162 4679 2248 4736 vel
2272 4679 2374 4734 alia
2408 4691 2566 4748 prava
2593 4677 2840 4746 quapiam
2875 4673 3200 4744 cogitatione
3228 4672 3436 4728 subacti
3457 4713 3474 4735 ,

1892 4775 2086 4829 frustra
2117 4774 2170 4829 in
2199 4771 2342 4827 hunc
2376 4769 2554 4824 locum
2599 4765 2823 4838 ingressi
2857 4766 3007 4820 estis.
3031 4763 3354 4818 Mementote
3381 4764 3476 4833 igi-

1895 4876 1980 4921 tur
2005 4877 2332 4928 sermonum,
2358 4864 2618 4931 quos‘non
2647 4856 2904 4912 adversus
2927 4863 3168 4909 naturam
3198 4864 3434 4908 nostram
3457 4897 3474 4921 ,

1889 4959 1985 5017 scd
2013 4956 2266 5012 adversus
2293 4954 2540 5009 lascivum
2562 4949 2904 5020 cupiditatem
2932 4947 3246 5004 direximus.
3273 4945 3388 5002 Non
3418 4960 3476 5003 ut

1891 5061 2134 5104 naturam
2164 5045 2530 5106 criminemur.
2559 5040 2674 5095 hmc
2700 5038 2926 5094 dicimus
2945 5078 2960 5104 ,
3000 5037 3094 5093 sed
3121 5047 3177 5092 ut
3204 5038 3478 5109 cupidita-

1889 5147 1998 5194 tem
2031 5138 2374 5192 insectemur.
2408 5133 2520 5188 lloc
2543 5139 2696 5202 pacto
2721 5131 2852 5184 iram
2881 5128 3188 5200 reprimitc,
3220 5130 3297 5185 sic
3321 5129 3476 5200 cupi-

1888 5232 2108 5288 ditatem
2138 5229 2406 5299 mitigate,
2434 5227 2511 5281 sic
2553 5224 2907 5296 arrogantiam
2949 5223 3238 5279 retundite.
3273 5222 3340 5277 Et
3366 5230 3476 5276 erat

1889 5327 2050 5379 omnis
2075 5332 2208 5377 terra
2235 5320 2422 5374 fabium
2445 5328 2674 5386 unum,“
2703 5332 2799 5370 vos:
2831 5331 2934 5370 una
2959 5315 3187 5369 omnibus
3207 5312 3356 5382 (Gen.
3381 5311 3468 5368 il.

1889 5419 1968 5489 l).
2009 5417 2146 5471 Ecce
2173 5413 2348 5469 adhuc
2376 5411 2701 5484 propositam
2729 5410 3101 5480 qumstionem.
3130 5406 3246 5496 Non
3276 5406 3344 5460 de
3366 5403 3488 5496 hac,

1889 5521 1972 5568 est
2013 5523 2190 5566 sermo
2213 5547 2230 5572 ,
2259 5505 2352 5562 sed
2399 5502 2539 5576 quod
2573 5516 2763 5559 omnes
2809 5500 3053 5555 homines
3095 5495 3335 5552 eamdem
3366 5493 3471 5548 liu-

1888 5618 2046 5676 guam
2097 5598 2372 5654 haberent.
2414 5597 2589 5665 Quare
2632 5609 2759 5649 vero
2788 5592 2982 5647 labium
3026 5603 3187 5642 unum
3239 5587 3470 5658 ljpgusm
