3952 6200
490 231 596 287 lar

487 343 740 398 avocavit?
759 341 1043 412 Scriptura:
1075 353 1190 395 mos
1211 347 1293 393 est
1323 339 1391 392 ita
1419 349 1694 392 sermones
1721 334 1953 405 linguam
1984 350 2076 389 vo-

492 452 634 493 care.
659 435 714 491 Id
744 451 871 514 rego
901 433 1057 488 fuerit
1082 445 1259 502 operte
1289 429 1514 502 pretium
1542 442 1700 484 nosse
1728 437 1947 498 propter
1977 425 2079 481 ha:-

487 531 706 596 a‘eticos,
729 529 818 600 qui
849 528 940 582 Dei
967 524 1235 596 Opiﬁcium
1259 532 1531 592 accusant,
1554 522 1642 592 qui
1664 535 1858 592 corpus
1880 520 2076 575 malum

491 637 607 678 esse
633 621 835 676 dicunt.
869 619 1004 675 Nam
1045 618 1166 689 quia
1197 630 1394 688 pravos
1415 616 1580 670 animi
1629 623 1804 670 motus
1832 630 1926 684 per
1951 629 2076 668 cor-

492 715 632 782 poris
679 711 922 766 membra
960 709 1237 779 Scriptura
1284 706 1527 777 designat
1558 723 1571 759 :
1599 708 1831 774 exempli
1877 721 2036 760 causa
2060 751 2076 773 ,

491 804 746 857 Acucrunt
772 803 995 874 linguam
1037 817 1181 857 suam
1209 801 1334 854 sicut
1364 799 1646 869 serpentis;
1675 797 1872 869 Lingua
1904 813 2076 850 eorum

489 896 691 968 gladius
733 906 910 950 acutus
941 894 1114 964 (Psal.
1167 891 1290 948 159.
1317 893 1388 947 '4.
1435 901 1483 947 et
1512 892 1600 947 56.
1641 891 1697 958 5)
1728 908 1742 946 :
1773 891 2078 945 existimant

487 983 701 1056 quidam
747 986 816 1042 dc
861 987 1038 1056 lingua
1085 985 1286 1040 dictum
1333 999 1473 1039 esse.
1506 982 1622 1038 Non
1664 992 1748 1038 est
1783 991 1960 1036 autem
2008 980 2078 1036 de

489 1079 663 1150 lingua
707 1077 908 1133 dictum
931 1095 947 1132 :
975 1075 1141 1140 absit;
1167 1083 1248 1132 est
1292 1077 1434 1130 enim
1462 1075 1635 1145 lingua
1663 1073 1758 1128 Dei
1786 1087 1954 1143 opus;
1979 1069 2076 1128 sed

488 1172 557 1228 de
584 1170 762 1226 verbis
791 1169 1198 1234 homicidarum,
1232 1183 1352 1237 qua:
1377 1167 1623 1221 homines
1647 1166 1892 1236 jugulant
1916 1206 1931 1229 ,
1955 1177 2076 1234 qua:

490 1263 750 1317 funestius
774 1276 933 1332 quam
958 1261 1102 1316 ensis
1134 1258 1411 1314 invadunt.
1440 1257 1639 1329 Lingua
1674 1271 1844 1311 eorum
1869 1254 2074 1326 gladius

489 1363 689 1418 acutus;
715 1363 770 1408 et
795 1364 982 1407 rursus
1010 1368 1024 1404 :
1053 1350 1215 1405 Labia
1239 1350 1417 1405 dolosa
1457 1349 1509 1403 in
1535 1348 1688 1402 corde
1706 1390 1721 1414 ,
1751 1357 1797 1401 et
1818 1344 1969 1400 corde
1997 1346 2076 1399 lo-

488 1455 642 1517 quuta
668 1458 783 1500 sunt
809 1446 945 1498 mala
972 1442 1145 1517 (Psal.
1175 1443 1260 1498 il.
1294 1441 1348 1512 3)
1383 1458 1397 1496 :
1429 1457 1534 1496 non
1577 1442 1644 1495 de
1674 1437 1916 1493 membro
1944 1450 2068 1492 cor-

490 1535 637 1606 poris
684 1536 935 1605 loquens,
969 1535 1063 1590 sed
1102 1533 1170 1590 de
1198 1532 1437 1589 subdolis
1459 1531 1653 1587 verbis.
1679 1529 1758 1584 ita
1802 1545 1923 1584 cum
1970 1528 2072 1584 hoc

489 1629 610 1682 loco
656 1626 918 1692 dixisset,
947 1625 1013 1681 Et
1037 1635 1147 1680 erat
1176 1627 1338 1680 omnis
1375 1635 1509 1678 terra
1534 1623 1722 1678 labium
1751 1639 1938 1686 unum,
1965 1638 2070 1676 non

488 1719 591 1774 hoc
607 1717 807 1782 docuit,
825 1732 1010 1772 omnes
1033 1715 1274 1772 homines
1296 1732 1456 1771 unum
1478 1715 1671 1770 labium
1691 1716 1959 1782 habuisse,
1979 1713 2073 1769 sed

485 1810 684 1864 labium
714 1823 896 1864 vocem
937 1808 1244 1878 appellavit.
1294 1807 1427 1862 Cum
1469 1807 1610 1862 enim
1660 1807 1914 1875 dixisset,
1946 1805 2072 1861 Erat

485 1903 648 1956 omnis
674 1911 807 1955 terra
827 1902 1017 1956 labium
1049 1917 1237 1964 unum,
1260 1898 1556 1969 sulijunxit,
1593 1899 1657 1952 Et
1683 1915 1782 1953 voa:
1809 1915 1914 1952 una
1957 1915 2068 1952 om-

484 1995 651 2048 nibus.
683 1995 755 2048 Ita
785 2009 904 2048 cum
932 1993 1067 2047 dixit
1090 2034 1105 2059 ,
1131 1991 1442 2061 Sepulcrum
1469 2000 1647 2062 patens
1685 2001 1756 2045 est
1781 1999 1955 2062 guttur
1981 2005 2069 2044 eo-

482 2091 594 2139 rum
614 2084 848 2156 (Psal.5.
881 2085 1110 2152 ll),non
1135 2091 1314 2154 guttur
1333 2091 1568 2147 accusat,
1599 2082 1692 2137 sed
1723 2082 1859 2136 tnala
1888 2081 2066 2146 verba,

483 2193 602 2248 qna-
630 2176 751 2231 inde
776 2175 1072 2230 ascendunt
1095 2217 1109 2241 ,
1135 2181 1343 2229 mortua
1373 2173 1641 2244 dogmata.
1673 2172 1786 2228 Hoc
1811 2174 1953 2229 enim
1983 2188 2072 2228 se-

485 2268 726 2338 pulcrum
756 2277 859 2333 est,
894 2275 1224 2322 mortuorum
1269 2264 1468 2322 ossium
1504 2280 1893 2337 corporumque
1918 2280 2071 2322 rece-

484 2361 774 2431 ptaculum.
813 2361 969 2416 'Talia
997 2369 1122 2415 sunt
1151 2366 1204 2415 et
1234 2361 1442 2415 illorum
1486 2375 1578 2414 ora
1597 2401 1611 2424 ,
1639 2359 1728 2430 qui
1753 2359 2068 2416 Creatorem

477 2462 737 2511 accusant
757 2496 770 2518 ,
795 2453 922 2508 talia
949 2462 1075 2507 sunt
1108 2467 1294 2507 eorum
1320 2450 1596 2506 hominum
1622 2465 1714 2506 ora
1733 2493 1746 2516 ,
1774 2450 1863 2520 qui
1893 2451 2068 2522 turpia

483 2547 642 2601 verba
674 2545 968 2614 proferunt,
998 2544 1086 2614 qui
1113 2543 1500 2610 conviciantur,
1520 2543 1608 2614 qui
1638 2557 1708 2598 ex
1736 2557 1836 2598 suo
1855 2551 2069 2616 gutture

484 2638 666 2693 fuitida
691 2651 957 2706 pravaque
986 2635 1145 2690 verba
1186 2633 1530 2704 profundunt.

554 2729 608 2782 8.
650 2726 800 2781 Bono
821 2725 951 2780 illud
969 2725 1134 2780 odore
1153 2725 1384 2794 compte,
1403 2724 1475 2779 mi
1497 2723 1679 2792 homo,
1708 2739 1815 2780 non
1841 2723 2066 2782 fictore:

482 2818 792 2874 thesaurum
838 2817 963 2872 illud
1003 2817 1228 2888 regium,
1276 2831 1381 2872 non
1422 2816 1720 2872 satanicum
1761 2817 2069 2888 sepulcrum

480 2909 654 2965 cnice.
688 2908 837 2977 Quod
868 2909 909 2962 si
938 2908 1244 2980 Sepulcrum
1272 2907 1362 2970 sit,
1390 2908 1579 2963 saltem
1599 2909 1841 2975 occlude,
1871 2924 1938 2965 ne
1964 2909 2066 2966 fce-

481 3016 565 3060 tor
587 3015 761 3060 exeat.
805 3005 986 3059 Prava:
1016 3004 1108 3059 tibi
1137 3011 1262 3058 sunt
1287 3003 1671 3075 cogitationes?
1695 3004 1774 3062 Ne
1802 3006 1979 3063 verbis
2005 3007 2067 3062 il-

483 3098 561 3152 las
590 3097 828 3168 proferas
859 3115 872 3150 :
904 3096 1020 3151 sine
1045 3095 1296 3152 deorsum
1322 3095 1525 3166 jacere,
1565 3104 1678 3152 tum
1703 3097 1809 3154 cito
1833 3098 2066 3155 sutfoca-

480 3190 696 3244 buntur.
745 3189 1000 3244 Homines
1043 3203 1252 3256 sumus,
1295 3201 1441 3259 sat-pe
1483 3188 1644 3244 multa
1677 3204 1858 3260 prava,
1902 3190 2064 3259 fteda,

480 3281 757 3352 turpiaque
781 3281 999 3337 consilia
1021 3291 1202 3337 mente
1227 3295 1537 3347 versamus;
1569 3281 1663 3337 sed
1693 3298 1760 3339 ne
1784 3285 2067 3354 cogitatio-

481 3387 577 3428 nes
618 3373 672 3427 in
716 3372 874 3428 verba
921 3371 1167 3442 progredi
1209 3373 1469 3439 sinamus,
1513 3383 1570 3427 ut
1617 3373 1868 3430 deorsum
1919 3389 2068 3430 com-

481 3481 680 3535 pressa:
709 3465 1085 3520 imbecilliores
1112 3465 1402 3520 reddantur
1422 3476 1476 3520 et
1501 3476 1742 3536 pereant.
1771 3466 1902 3523 Nam
1930 3469 2068 3526 sicut

479 3560 568 3613 ubi
593 3559 712 3629 quis
746 3559 943 3614 diversi
973 3561 1185 3629 generis
1213 3575 1276 3614 ac
1306 3559 1512 3617 feroces
1553 3559 1750 3616 bestias
1789 3561 1841 3615 in
1891 3559 2067 3618 lacum

480 3652 778 3714 immiserit,
826 3653 869 3707 si
911 3651 1049 3708 forte
1075 3668 1306 3724 Superne
1335 3655 1509 3710 lacum
1538 3656 1886 3721 obturaverit,
1915 3655 2068 3713 facile

480 3745 596 3800 illas
625 3744 847 3800 sull‘ocat
881 3763 894 3800 :
925 3745 1008 3800 sin
1041 3755 1220 3802 autem
1263 3745 1364 3802 illis
1395 3746 1623 3802 exeundi
1655 3748 1738 3803 vel
1771 3748 2066 3818 respirandi

479 3839 783 3894 facultatem
810 3837 1038 3909 aliquam
1069 3838 1419 3902 concesserit,
1452 3839 1675 3893 multum
1717 3840 1819 3894 illis
1866 3841 2069 3912 pra-bet

479 3934 679 3999 solatii,
723 3948 900 4005 neque
938 3933 1065 3988 sinit
1104 3932 1346 3999 interire,
1390 3931 1484 3987 sed
1527 3931 1855 3990 cll‘cratiores
1898 3935 2067 3991 multo

475 4027 695 4084 reddit:
728 4028 797 4080 ita
845 4026 902 4080 lit
944 4025 995 4080 in
1027 4025 1180 4080 malis
1223 4025 1656 4095 cogitationibus,
1697 4042 1822 4082 cum
1861 4038 2067 4083 exortae

478 4123 622 4178 intus
649 4121 844 4177 fuerint
891 4139 904 4175 :
947 4120 992 4175 si
1033 4135 1246 4174 omnem
1293 4119 1400 4174 illis
1433 4120 1592 4187 viam,
1641 4135 1710 4175 ne
1754 4119 1896 4175 foras
1938 4136 2065 4190 pro-

477 4218 661 4283 deant,
703 4214 1183 4278 intcrcluserimus,
1213 4213 1462 4268 celeriter
1495 4213 1612 4268 illas
1642 4213 2004 4284 opprimemns
2049 4230 2062 4266 :

476 4311 558 4363 sin
587 4317 762 4363 autem
786 4309 902 4364 illas
928 4307 1105 4362 verbis
1127 4306 1181 4362 in
1208 4306 1382 4362 lucem
1403 4305 1800 4378 protulerimus,
1830 4319 1949 4360 cum
1978 4319 2066 4358 va-

477 4400 695 4456 lidiores
734 4399 848 4451 illas
878 4397 1184 4463 reddemus,
1228 4407 1284 4451 et
1323 4396 1471 4466 quasi
1500 4412 1598 4466 per
1631 4397 1860 4466 linguam
1893 4397 2064 4466 respi-

477 4493 630 4547 randi
651 4491 955 4546 facultatem
983 4491 1086 4546 illis
1109 4490 1485 4555 concedcmus,
1510 4501 1619 4545 tum
1642 4491 1709 4546 ab
1727 4491 1812 4546 illa
1836 4493 2064 4562 turpium

473 4585 762 4640 verborum
804 4582 1190 4638 exercitatione
1218 4582 1269 4636 in
1299 4581 1561 4636 ftedarum
1598 4583 1865 4637 actionum
1908 4583 2066 4638 bara-

477 4677 656 4730 thrum
696 4690 854 4745 quam
884 4672 1165 4728 celerrime
1191 4671 1555 4726 devolvemur.
1583 4671 1787 4727 Idcirco
1809 4687 1913 4728 non
1937 4674 2065 4728 sim-

477 4767 688 4836 pliciter
711 4765 1026 4837 Sopulcrum
1052 4763 1260 4820 vocavit
1303 4761 1580 4832 propheta,
1611 4762 1725 4828 sed,
1758 4762 2064 4834 Sepulcrum

477 4869 672 4929 patens,
708 4859 847 4915 istud
880 4859 1052 4929 ipsum
1074 4857 1214 4928 quod
1236 4857 1342 4913 dixi
1371 4856 1501 4912 vitio
1530 4864 1764 4912 vertens.
1788 4855 1901 4912 Non
1923 4858 2064 4914 enim

475 4954 712 5021 seipsum
760 4962 964 5008 tantum
1008 4952 1173 5008 allicit
1219 4951 1526 5024 ignominia,
1559 4953 1649 5023 qui
1690 4952 1860 5022 turpia
1905 4953 2063 5008 verba

475 5046 699 5115 profert,
730 5047 823 5099 sed
855 5054 911 5100 et
936 5047 1208 5115 proximos
1237 5059 1384 5114 suos,
1427 5056 1481 5100 et
1523 5060 1616 5101 eos
1653 5045 1742 5116 qui
1781 5061 1904 5100 cum
1950 5046 2066 5116 ipso

475 5148 783 5203 versantur,
810 5137 992 5192 multis
1019 5141 1268 5195 sordibus
1297 5138 1498 5209 opplet.
1527 5139 1594 5194 Et
1613 5137 2061 5210 quemadmodum

473 5233 517 5287 si
547 5231 792 5301 sepulcra
818 5246 1143 5297 reseremus,
1174 5234 1416 5288 civitates
1443 5244 1592 5302 peste
1627 5231 2016 5303 complebimus
2047 5251 2062 5287 ε

474 5329 544 5378 ita
575 5325 618 5380 si
642 5325 816 5395 turpia
844 5323 1067 5378 licenter
1089 5325 1398 5394 aperiantur
1420 5342 1533 5396 ora,
1557 5334 1798 5392 cunctos,
1827 5326 1915 5395 qui
1945 5339 2064 5379 cum

477 5419 582 5474 illis
635 5417 1079 5488 congrediemur,
1147 5419 1477 5489 gravissimis
1540 5419 1742 5474 morbis
1804 5417 2064 5473 inlicient.

480 5509 680 5565 Idcirco
704 5508 924 5580 januam
951 5519 1181 5579 oportet,
1215 5519 1445 5577 vectem,
1487 5525 1550 5565 ac
1593 5510 1802 5566 frenum
1845 5508 1926 5564 ori
1970 5508 2068 5562 im-

482 5620 701 5675 ponere.
736 5603 904 5661 Unam
935 5607 1113 5678 itaque
1146 5616 1256 5660 tum
1285 5605 1444 5659 fuisse
1471 5604 1729 5674 linguam,
1761 5603 1893 5660 satis
1913 5617 1944 5658 a
1971 5617 2068 5658 no—

478 5696 560 5755 tis
606 5714 696 5770 per
745 5699 860 5756 hac
905 5699 1326 5760 demonstratum
1373 5708 1487 5770 est;
1534 5696 1798 5768 reliquum
1841 5707 1952 5764 εει,
2004 5707 2063 5753 ut

1276 225 1330 280 S.
1374 221 1654 280 JOANNIS
1692 218 2159 277 CllllYSOSTOMl
2202 220 2513 276 ARCIIIEP.
2556 219 3084 290 CONSTANTINOP.
3615 244 3699 303 ,δέ

2187 349 2346 403 quam
2371 335 2438 389 ob
2460 349 2672 389 causam
2697 337 2876 390 multa:
2899 336 3095 391 fuerint
3125 338 3335 397 invectre
3359 345 3592 407 dicamus.
3612 354 3700 413 Sed

2186 429 2393 481 interim
2417 443 2723 484 sermonem
2750 429 2815 482 ad
2843 443 3020 485 mores
3048 431 3372 491 instruendos
3396 443 3702 508 pertinentem

2184 519 2473 574 inferamus
2519 537 2532 573 :
2571 521 2861 576 doceamus
2891 522 3123 590 linguam
3161 536 3383 583 nostram
3416 529 3602 589 frenum
3627 554 3709 606 ge-

2184 626 2324 678 rere,
2355 627 2451 666 ncc
2478 612 2654 666 omnia
2686 623 2886 668 temere
2911 615 3165 682 proferre,
3195 633 3310 686 qua:
3334 619 3382 674 in
3409 635 3619 680 mentem
3635 644 3708 683 vc-

2182 705 2384 770 nerint,
2409 721 2511 759 non
2538 705 2730 761 fratres
2751 722 3002 761 accusare
3032 725 3044 762 :
3070 724 3172 762 non
3195 722 3370 766 mutuo
3390 731 3481 771 nos
3499 720 3711 776 mordere

2180 813 2241 851 ac
2272 799 2549 853 devorare.
2584 798 2804 869 Pejorcs
2829 809 2955 854 sunt
2984 800 3088 855 illis
3125 803 3211 871 qui
3239 817 3450 873 corpora
3479 811 3708 874 mordent,

2182 890 2252 943 illi
2284 892 2371 960 qni
2403 891 2577 947 verbis
2605 893 2657 946 id
2687 901 2872 962 agunt.
2899 891 2976 946 llli
2999 909 3194 964 corpus
3214 895 3451 952 dentibus
3477 903 3710 971 mordent,

2183 979 2270 1035 hic
2298 983 2526 1036 animam
2557 982 2736 1038 verbis
2763 983 2994 1049 mordet,
3024 985 3457 1042 existimationem
3485 991 3714 1055 vulnerat.

2181 1065 2574 1131 immedicabile
2601 1075 2792 1132 vulnus
2831 1075 3023 1148 inﬂigit
3052 1094 3065 1132 :
3109 1092 3424 1150 quapropter
3463 1091 3594 1137 tanto
3615 1101 3715 1155 gra-

2179 1164 2312 1218 viori
2343 1166 2603 1236 supplicio
2627 1167 2908 1237 plectetur,
2931 1179 3130 1239 quanto
3154 1171 3377 1240 graviori
3405 1189 3570 1229 morstt
3596 1177 3717 1232 inva-

2179 1254 2272 1310 dit.
2303 1255 2485 1328 Neque
2519 1273 2649 1312 vero
2677 1268 2880 1314 tantum
2910 1260 3110 1316 idcirco
3143 1262 3347 1317 veniam
3371 1279 3471 1319 non
3497 1267 3717 1337 impetra-

2181 1345 2258 1400 bit
2281 1347 2324 1401 is
2353 1349 2441 1419 qui
2471 1360 2706 1414 accusat,
2733 1351 2826 1406 sed
2857 1352 3018 1406 etiam
3054 1353 3194 1422 quod
3223 1370 3394 1425 neque
3419 1356 3602 1426 justum
3639 1376 3720 1416 occ

2148 1447 2162 1461 ‘
2181 1440 2432 1509 injustum
2459 1443 2626 1513 possit
2645 1444 2966 1514 improbitati
2989 1461 3100 1501 suae
3117 1456 3425 1517 praetextum
3444 1432 3717 1508 obtendere.

2177 1531 2308 1586 Nam
2335 1534 2438 1587 alia
2465 1535 2679 1604 quidem
2707 1545 2921 1606 peccata
2966 1537 3090 1593 licet
3115 1553 3305 1593 causas
3333 1539 3552 1597 habeant
3587 1558 3615 1596 a
3648 1559 3720 1598 ra-

2177 1627 2321 1682 tione
2358 1639 2533 1684 tamen
2573 1629 2795 1695 alienas,
2839 1628 3039 1685 habent
3079 1641 3256 1686 tamen
3302 1649 3315 1685 :
3359 1642 3549 1703 utpote,
3592 1648 3721 1689 scor-

2177 1727 2316 1773 tator
2346 1719 2621 1775 libidinem
2660 1721 2860 1788 explet,
2891 1721 2975 1776 fur
3003 1732 3366 1792 paupertatem
3393 1726 3558 1792 solvit,
3585 1726 3723 1781 lunai.

2175 1809 2292 1862 citla
2321 1810 2649 1865 iracundiam
2676 1811 2855 1879 sedat;
2881 1811 3172 1868 maledicus
3194 1814 3392 1869 nullam
3419 1825 3578 1884 potest
3595 1831 3724 1871 occa-

2175 1901 2378 1956 sionem
2409 1901 2619 1957 afferre.
2652 1905 2819 1970 Quam
2848 1903 3012 1971 enim,
3043 1919 3246 1975 qumsn,
3289 1908 3615 1976 pecuniarum
3649 1923 3726 1962 co-

2175 1995 2315 2065 piam
2340 1995 2603 2064 acquirit?
2623 2011 2779 2066 quam
2799 1995 3073 2052 libidinem
3096 1997 3314 2068 explet?
3334 1998 3468 2053 Nihil
3489 2001 3618 2054 aliud
3639 2010 3724 2066 est,

2174 2099 2331 2154 quam
2359 2085 2570 2141 invidia:
2620 2086 2863 2153 materia,
2895 2090 2980 2144 cui
3010 2089 3151 2144 nulla
3183 2092 3416 2161 suppetit
3434 2091 3567 2162 jnsta
3593 2108 3728 2147 causa

2173 2194 2274 2234 nec
2299 2177 2512 2248 injusta.
2535 2177 2824 2250 Propterea
2849 2179 2991 2233 nulla
3011 2179 3171 2233 venia
3192 2177 3350 2249 digna
3377 2193 3626 2239 censetur.
3655 2183 3728 2236 Vis

2173 2269 2464 2326 accusare?
2493 2269 2685 2326 Utilem
2715 2271 2808 2326 tibi
2851 2271 3126 2327 materiam
3159 2273 3394 2342 przebeo.
3427 2272 3514 2329 Vis
3535 2275 3721 2328 maledi-

2174 2363 2340 2417 cere?
2367 2361 2585 2416 Maledic
2615 2363 2720 2416 tuis
2745 2363 2996 2431 peccatis.
3024 2361 3116 2416 Dic
3141 2364 3312 2427 enim,
3346 2365 3524 2434 inquit,
3552 2375 3599 2417 lu
3635 2379 3732 2432 pec-

2173 2464 2286 2508 cata
2317 2463 2404 2508 tua
2449 2453 2607 2524 prior,
2657 2463 2714 2506 ut
2743 2453 3042 2525 jttstiﬁceris
3089 2453 3247 2525 (lsai.
3299 2434 3388 2509 4'3.
3436 2455 3551 2524 26).
3597 2455 3733 2508 Vides

2175 2546 2625 2609 maledicentiam,
2671 2561 2791 2616 qua:
2829 2560 3106 2610 coronam,
3151 2555 3212 2601 et
3250 2547 3482 2609 laudem,
3529 2555 3578 2600 ct
3617 2547 3734 2600 tcsti«

2173 2639 2410 2694 monium
2448 2636 2666 2708 justiti-.e
2707 2637 2908 2692 refert?
2947 2637 3176 2704 Rursus,
3213 2637 3396 2692 Justus
3423 2640 3476 2692 in
3517 2638 3736 2708 principio

2171 2730 2418 2785 sermonis
2445 2739 2708 2784 accusator
2732 2738 2804 2784 est
2825 2730 2906 2784 sui
2932 2727 3112 2799 (Prov.
3144 2730 3235 2785 i8.
3267 2730 3378 2800 l7),
3402 2745 3507 2785 non
3523 2730 3733 2782 alterius.

2169 2821 2226 2878 Si
2253 2820 2470 2876 alterius
2515 2821 2678 2876 fueris
2719 2829 3021 2885 accusator,
3069 2822 3313 2892 punieris
3356 2841 3368 2875 :
3411 2822 3456 2877 si
3495 2821 3735 2891 tniipsius,

2169 2913 2530 2970 coronaberis.
2565 2916 2738 2984 Atque
2773 2923 2830 2968 ut
2869 2913 3153 2986 intelligas,
3185 2925 3444 2986 quantum
3469 2914 3538 2968 sit
3566 2916 3736 2966 bonum

2170 3004 2420 3062 delictum
2451 3019 2604 3060 suum
2635 3019 2913 3072 accusare,
2947 3004 3128 3060 Justus
3151 3007 3206 3060 in
3229 3006 3482 3077 principio
3502 3005 3740 3068 sermonis,

2172 3097 2364 3168 inquit,
2407 3107 2672 3151 accusator
2711 3108 2781 3152 cst
2808 3097 2910 3152 sui.
2943 3097 3145 3153 Verum
3193 3099 3241 3154 si
3279 3099 3457 3168 justus
3497 3108 3595 3163 est,
3632 3114 3744 3165 quo-

2172 3189 2331 3243 modo
2358 3189 2675 3244 accusator?
2697 3189 2740 3244 si
2767 3199 3068 3256 accusator,
3108 3190 3391 3260 quomodo
3415 3190 3620 3260 justus?
3650 3187 3744 3242 Ιιιν

2172 3291 2254 3340 tus
2288 3282 2611 3338 accusationi
2651 3298 2757 3338 non
2799 3291 2880 3338 est
2922 3281 3210 3339 obnoxius.
3237 3283 3348 3340 Scd
3379 3292 3434 3337 ut
3461 3283 3614 3348 scias,
3642 3283 3746 3335 licet

2173 3388 2417 3448 peccator
2445 3375 2515 3432 sit
2556 3375 2765 3446 aliquis,
2809 3373 2854 3428 si
2895 3361 3384 3444 accuset‘peccata
3424 3389 3538 3438 sua,
3567 3373 3743 3442 justum

2168 3485 2290 3526 eum
2317 3469 2653 3524 accusatione
2679 3481 2773 3522 sua
2804 3466 2937 3532 fieri,
2985 3475 3272 3538 propterea
3315 3467 3468 3532 dixit,
3499 3465 3668 3520 Justus
3705 3464 3748 3515 in

2170 3561 2422 3634 principio
2449 3560 2694 3615 sermonis
2721 3569 2986 3613 accusator
3017 3568 3089 3613 est
3133 3559 3238 3614 sui.
3277 3558 3420 3627 Quid
3463 3573 3616 3629 porro
3657 3565 3746 3620 est,

2173 3655 2238 3709 In
2265 3654 2513 3726 principio
2540 3651 2823 3708 sermonis?
2853 3650 3147 3722 Diligenter
3174 3653 3425 3708 attende.
3468 3652 3522 3706 In
3559 3649 3751 3721 judiciis

2171 3745 2288 3803 dua:
2313 3754 2436 3800 sunt
2464 3751 2656 3814 partes,
2693 3758 2796 3798 una
2821 3757 3006 3798 eorum
3037 3743 3127 3812 qui
3153 3743 3444 3807 deferunt,
3486 3743 3644 3813 altera
3671 3754 3752 3792 eo-

2170 3855 2287 3894 rum
2318 3838 2404 3911 qui
2433 3836 2777 3901 deferuntur;
2810 3849 2911 3890 una
2940 3848 3125 3890 eorum
3151 3836 3249 3906 qui
3289 3845 3569 3914 accusant,
3609 3834 3754 3887 altera

2172 3948 2358 3989 eorum
2383 3933 2470 4002 qui
2499 3938 2849 3993 accusantur;
2877 3927 2932 3981 hi
2953 3927 3032 3982 rei
3057 3937 3216 3996 sunt,
3252 3930 3330 3983 illi
3363 3945 3469 3983 non
3501 3937 3619 3982 sunt
3646 3925 3712 3977 rei
3738 3940 3778 3977 ε.

2171 4025 2488 4096 principium
2520 4021 2784 4078 sermonis
2813 4019 3108 4074 accusatori
3138 4021 3488 4085 conceditur,
3528 4019 3614 4089 qui
3645 4030 3756 4071 rcus

2173 4128 2404 4175 nonest.
2439 4116 2534 4171 llic
2561 4129 2686 4169 vero
2723 4111 3049 4167 contrarium
3087 4120 3169 4167 est
3203 4113 3505 4182 agendum.
3554 4110 3650 4176 Tu,
3678 4106 3755 4174 qui

2171 4227 2294 4267 reus
2325 4225 2402 4276 es,
2431 4207 2696 4264 sermonis
2718 4206 2923 4260 initium
2951 4203 3198 4274 praeripe,
3231 4215 3290 4258 ut
3322 4219 3454 4260 reus
3480 4217 3600 4259 esse
3627 4197 3759 4255 desi-

2173 4322 2268 4360 nas
2319 4322 2332 4358 :
2379 4319 2445 4358 ne
2479 4311 2840 4357 accusatorem
2885 4307 3185 4368 exspectes.
3235 4298 3486 4353 Tametsi
3535 4311 3593 4351 es
3637 4297 3762 4347 inter

2171 4413 2313 4458 reos,
2347 4394 2490 4466 prius
2520 4402 2718 4457 tamen,
2765 4407 2924 4462 quam
2963 4390 3031 4444 ab
3072 4391 3162 4446 illo
3205 4392 3319 4446 tale
3365 4391 3638 4460 quidpiam
3675 4403 3760 4441 au-

2171 4491 2319 4554 dias,
2363 4489 2475 4559 ipse
2519 4502 2638 4556 qua:
2680 4501 2708 4539 a
2759 4495 2810 4541 te
2860 4495 3075 4556 peccata
3120 4494 3245 4539 sunt
3288 4483 3470 4540 defer.
3517 4481 3761 4538 Macltaera

2170 4581 2411 4654 qua-dam
2440 4587 2591 4670 acat‘a
2621 4587 2700 4634 est
2729 4577 2903 4648 lingua
2938 4595 2950 4631 :
2981 4588 3356 4632 verumtamen
3407 4576 3622 4632 cmteris
3658 4572 3766 4625 vul-

2173 4692 2298 4730 nera
2331 4691 2435 4728 non
2477 4669 2811 4742 inlligantus,
2854 4669 2946 4726 sed
2989 4671 3164 4725 ulcera
3206 4681 3402 4723 nostra
3452 4677 3764 4723 resecennis.

2174 4769 2265 4822 Vis
2293 4768 2431 4821 scire
2452 4781 2654 4820 morem
2686 4762 2850 4818 fuisse
2873 4762 3160 4831 iustorum,
3193 4770 3254 4813 nl
3297 4761 3428 4814 aliis
3468 4772 3578 4813 non
3618 4754 3773 4810 maleo

2171 4859 2432 4922 dicerent,
2477 4857 2569 4912 sed
2611 4855 2881 4926 sihiipsis?
2925 4854 3062 4909 Audi
3118 4853 3352 4907 Paulum
3392 4853 3716 4906 clamantem
3760 4861 3771 4894 :

2176 4953 2378 5009 Gratias
2407 4969 2496 5022 ego
2521 4951 2586 5014 ei,
2615 4950 2702 5021 qui
2729 4965 2805 5002 me
2837 4947 3159 5016 confer-tavit,
3198 4945 3434 5008 Christo,
3465 4942 3556 5015 qui
3586 4938 3777 5010 ﬁdelem

2172 5063 2252 5100 me
2274 5044 2594 5102 existimarit,
2627 5057 2814 5112 ponens
2835 5039 2886 5092 in
2913 5039 3186 5092 ministerio
3207 5051 3225 5090 :
3248 5038 3345 5106 qui
3375 5037 3525 5105 prius
3554 5030 3781 5099 blasphe-

2171 5155 2284 5192 mus
2309 5139 2404 5208 fui,
2436 5144 2482 5188 et
2522 5143 2868 5203 persequulor,
2910 5137 2956 5182 et
2997 5128 3403 5183 contumeliosus
3436 5127 3518 5198 (l.
3549 5123 3686 5179 Tim.
3735 5120 3781 5172 l.

2131 5211 2144 5221 ’
2178 5229 2261 5286 te.
2293 5229 2404 5299 ιδ).
2436 5226 2597 5281 vides
2623 5241 2730 5296 quo
2758 5232 2913 5294 pacto
2941 5223 2990 5274 in
3019 5221 3258 5290 scipsuin
3290 5221 3593 5274 maledicta
3625 5214 3783 5279 conji-

2176 5321 2315 5378 ciat?
2341 5329 2393 5375 et
2422 5332 2604 5373 rursus
2640 5334 2653 5370 :
2684 5313 2914 5369 Christus
2941 5313 3069 5365 venit
3112 5312 3164 5364 in
3208 5311 3476 5363 mundum
3505 5315 3782 5380 peccatores

2173 5415 2338 5468 salvos
2367 5416 2552 5482 facere,
2580 5423 2792 5479 quorum
2825 5405 3017 5476 primus
3056 5420 3148 5474 ego
3193 5419 3311 5455 sum
3364 5401 3540 5474 (Ibid.
3592 5417 3638 5452 υ.
3677 5395 3782 5458 15).

2175 5505 2237 5560 Ει
2261 5503 2386 5557 alibi
2411 5515 2590 5556 rursus
2617 5517 2628 5552 :
2661 5497 2781 5554 Non
2802 5514 2912 5551 sum
2938 5496 3120 5567 dignus
3147 5494 3318 5547 vocari
3343 5494 3639 5563 apostolus,
3664 5504 3783 5556 quo-

2179 5597 2313 5651 niam
2342 5602 2667 5664 persequutus
2695 5607 2808 5646 sum
2841 5587 3120 5642 Ecclesium
3150 5584 3244 5638 Dei
3281 5585 3298 5654 (
3329 5586 3350 5640 Ι
3419 5585 3549 5638 Car.
3597 5585 3678 5637 l5.
3712 5581 3786 5642 9).

2257 5689 2310 5748 9.
2356 5685 2513 5742 Vides
2554 5698 2658 5755 quo
2701 5691 2852 5754 pacto
2889 5679 3081 5749 ubique
3111 5676 3207 5735 sibi
3257 5676 3607 5734 maledicat?
3644 5673 3793 5728 Novit
