4104 6214
531 323 630 380 139

524 446 638 516 δέῃ,
687 435 918 514 ἀφειδῶς
965 445 1225 516 κέχρηται
1267 449 1334 517 τῇ
1379 449 1700 520 κατηγορίᾳ·
1727 450 1856 504 ὅταν
1905 452 1962 506 δέ
2004 453 2100 506 καὶ

526 532 742 602 ἑτέρους
788 531 874 602 ἴδῃ
917 535 1030 594 τοῖς
1075 532 1376 604 ἀλλοτρίοις
1416 533 1735 600 δικάζοντας
1763 539 1973 602 κακοῖς,
2005 540 2107 610 ὅρα

529 621 649 692 μεθ’
673 622 804 694 ὅσης
829 621 1023 685 αὐτοὺς
1055 623 1396 694 ἐπιστομίζει
1432 628 1532 698 τῆς
1558 627 1986 699 αὐστηρότητος,
2019 630 2108 682 οὐ·

526 709 660 762 τωσὶ
688 709 883 780 λέγων·
916 711 1096 766 Ὥστε
1135 713 1223 783 μὴ
1250 713 1365 783 πρὸ
1398 715 1607 784 καιροῦ
1631 733 1686 772 τι
1719 718 1970 785 κρίνετε,
1997 718 2106 785 ἕως

527 795 605 848 ἂν
641 796 790 867 ἔλθῃ
819 799 853 853 δ
891 799 1126 868 Κύριος,
1163 799 1231 867 ὃς
1254 801 1352 855 καί
1375 803 1620 871 φωτίσει
1645 805 1718 859 τὰ
1748 804 1977 872 κρυπτά
2001 804 2107 859 τοῦ

528 885 809 952 σκότους,
839 885 933 940 καί
957 885 1288 956 φανερώσει
1310 891 1416 956 τὰς
1427 891 1665 957 ,βουλὰς
1689 889 1806 944 τῶν
1826 891 2104 961 καρδιῶν.

543 971 764 1043 Ἐκείνῳ
801 975 1037 1047 τήρησον
1077 975 1140 1030 τὸ
1179 976 1549 1048 δικαστήριον,
1587 976 1662 1049 τῷ
1707 978 1776 1031 τὰ
1819 979 2106 1053 ἀπόρρητα

529 1057 690 1111 είδότι
713 1059 814 1129 τῆς
849 1060 1105 1125 διανοίας.
1141 1063 1258 1118 Κᾶν
1290 1063 1532 1136 ἀκριϐῶς
1559 1064 1785 1137 νομίζῃς
1812 1065 2008 1119 εἰδέναι
2037 1065 2107 1120 τά

527 1148 622 1202 τοῦ
665 1149 907 1220 πλησίον,
940 1151 1200 1222 ἔσφαλται
1240 1171 1334 1209 σου
1372 1156 1405 1226 ἡ
1436 1155 1636 1226 κρίσις.
1677 1155 1778 1222 Τίς
1819 1155 1928 1224 ’κὴρ
1958 1151 2102 1216 οῖδε,

529 1237 684 1307 φησὶ,
737 1239 810 1292 τὰ
849 1239 956 1294 τοῦ
1002 1239 1338 1308 ἀνθρώπου,
1379 1244 1432 1295 εί
1461 1241 1547 1310 μὴ
1599 1242 1667 1296 τὸ
1723 1243 1958 1312 πνεῦμα
1999 1241 2105 1297 τοῦ

528 1322 841 1392 ἀνθρώπου
891 1325 954 1378 τὸ
994 1325 1065 1378 ἐν
1105 1326 1299 1392 αὑτῷ;
1332 1328 1493 1382 Πόσοι
1531 1328 1638 1382 τῶν
1679 1329 2105 1401 ἀπερριμμένων

530 1412 624 1464 καὶ
665 1411 898 1464 εὐτελῶν
949 1411 1101 1484 ἡλίου
1146 1413 1494 1486 φαιδρότερον
1548 1416 1849 1487 ἐκλάμπειν
1887 1417 2100 1486 έχουσιί

529 1499 684 1552 πόσοι
711 1499 817 1553 τῶν
845 1501 1097 1570 μεγάλων
1143 1503 1235 1555 καὶ
1273 1502 1589 1573 περιφανῶν
1615 1504 1806 1568 σποδὸς
1835 1503 1986 1568 δντες
2010 1503 2104 1558 καὶ

525 1587 694 1653 τάφος
734 1588 1118 1659 κεκονιαμένος
1157 1580 1573 1661 εὑρεθήσονταιί
1609 1591 1884 1655 Ἤκουσας
1929 1591 2045 1654 πῶς
2075 1592 2105 1645 6

527 1676 738 1740 Παῦλος
772 1678 960 1731 ἑαυτὸν
1000 1678 1185 1742 κακῶς
1225 1677 1394 1748 λέγει,
1441 1678 1580 1748 μετά
1615 1679 1973 1751 σφοδρότητος
2010 1679 2104 1732 καὶ

525 1763 832 1835 ὑπερϐολῆς
873 1765 1310 1836 ἁμαρτημάτων,
1357 1759 1434 1820 ὢν
1463 1765 1564 1819 οὐκ
1608 1764 1831 1838 ἔμελλεν
1877 1766 2103 1830 εὐθύνας

525 1851 768 1920 ὑπέχειν,
800 1852 1037 1920 συνεχῶς
1081 1853 1459 1924 μεμνημένον;
1499 1853 1824 1925 Βλάσφημος
1859 1852 1968 1924 γὰρ
2007 1852 2102 1906 καὶ

523 1939 758 2009 διώκτης
783 1941 874 1992 καὶ
893 1941 1150 2010 ὑϐριστὴς
1170 1941 1277 2012 πρὸ
1297 1940 1391 1994 τοῦ
1415 1940 1787 2011 βαπτίσματος
1807 1936 1894 2010 ἦν,
1917 1942 2102 1993 ἐκεῖνα

523 2025 582 2080 δέ
607 2026 674 2080 τὰ
695 2027 1066 2098 ἁμαρτήματα
1088 2028 1244 2082 ἐλυσε
1272 2028 1333 2081 τὸ
1358 2027 1659 2099 βάπτισμα·
1691 2028 1804 2082 ἀλλ’
1833 2028 1982 2097 ὅμως
2005 2027 2103 2081 αὐ-

523 2113 632 2165 τῶν
661 2113 953 2185 μέμνηται,
981 2117 1082 2170 οὐκ
1109 2115 1298 2186 ἐπειδὴ
1322 2115 1478 2184 λόγον
1507 2116 1734 2187 ἔμελλεν
1762 2117 1902 2186 ὑπὲρ
1925 2115 2103 2169 αὐτῶν

525 2203 768 2273 ὑπέχειν,
794 2205 909 2258 ἀλλ’
942 2206 1028 2260 ῖνα
1069 2205 1221 2278 δείξῃ
1248 2205 1343 2259 τοῦ
1371 2204 1506 2260 Θεοῦ
1545 2205 1643 2277 τὴν
1673 2205 2100 2276 φιλανθρωπίαν,

468 2325 472 2330 η
525 2292 621 2344 καὶ
669 2293 792 2344 τίνα
847 2291 995 2351 ὄντα.
1029 2287 1141 2346 οἷον
1188 2293 1590 2346 κατεσκεύασεν
1617 2299 1669 2358 ⁸,
1725 2293 1834 2346 ἀπὸ
1875 2291 2100 2345 διώκτου

528 2381 758 2450 ποιήσας
787 2379 1101 2434 ἀπόστολον.
1135 2381 1197 2433 Εί
1230 2380 1288 2434 δὲ
1329 2383 1534 2444 ἐκεῖνος
1561 2379 1670 2436 τῶν
1698 2379 2101 2448 ἀφανισθέντων

523 2468 939 2540 ἁμαρτημάτων
995 2469 1290 2540 μέμνηται,
1334 2468 1513 2540 πολλῷ
1557 2468 1757 2540 μᾶλλον
1801 2469 1950 2540 ἡμᾶς
1994 2466 2102 2521 τῶν

527 2555 667 2626 μετὰ
717 2554 778 2609 16
819 2556 1103 2627 βάπτισμα
1154 2557 1459 2628 μεμνῆσθαι
1503 2559 1628 2628 χρή.
1684 2556 1780 2621 Τίς
1820 2554 1930 2626 γάρ
1969 2555 2102 2624 ἡμῖν

526 2643 788 2711 ἀπολογία
815 2644 988 2707 ἔσται,
1024 2644 1056 2714 ἢ
1097 2643 1223 2697 ποία
1255 2645 1573 2715 συγγνώμη,
1601 2645 1727 2698 ὅταν
1757 2645 1963 2705 ἐκεῖνος
2003 2641 2101 2712 μέν

526 2730 633 2784 τῶν
659 2729 959 2784 ἀνευθύνων
990 2730 1304 2802 μνημονεύῃ
1331 2731 1586 2802 συνεχῶς.
1613 2731 1770 2802 ἡμεῖς
1789 2730 1843 2784 δὲ
1872 2729 2003 2800 μηδὲ
2026 2720 2102 2781 ὧν

531 2817 794 2888 μέλλομεν
826 2817 982 2887 λόγον
1023 2820 1264 2889 ὑπέχειν,
1302 2820 1436 2891 μηδέ
1464 2819 1666 2873 τούτων
1700 2819 1923 2881 ἐαυτούς
1970 2819 2104 2871 ὐπο-

529 2907 946 2976 μιμνήσκωμεν,
991 2906 1103 2961 ἀλλ’
1126 2907 1353 2975 ἀφέντες
1396 2908 1467 2961 τά
1508 2908 1700 2970 οἰκεῖα,
1729 2905 1798 2958 τὰ
1846 2906 2102 2976 ἀλλότρια

529 2992 1017 3064 περιεργαζώμεθα
1043 2993 1218 3056 κακά;
1242 2991 1536 3064 [Ἄκουσον
1563 2992 1654 3045 τὸν
1679 2992 1882 3060 Πέτρον
1911 2992 2099 3059 λέγον-

523 3099 594 3134 τα
611 3098 625 3114 ·
660 3081 911 3147 Ἔξελθε
946 3081 1046 3137 ἀπ’
1071 3081 1239 3152 ἐμοῦ,
1263 3083 1352 3135 ὅτι
1377 3078 1533 3148 ἀνὴρ
1573 3081 1919 3150 ἁμαρτωλός
1937 3077 2101 3150 ειμι.]

528 3171 794 3223 Ἀκουσον
827 3169 942 3232 πῶς
971 3168 1124 3241 [196]
1147 3169 1240 3223 καὶ
1259 3169 1532 3232 Μαθταῖος
1557 3168 1654 3238 τῆς
1683 3167 1952 3238 προτέρας
1975 3167 2102 3220 ἐαυ-

523 3255 618 3313 τοῦ
649 3259 943 3326 κατηγορεῖ
971 3257 1139 3328 ζωῆς.
1173 3256 1266 3310 καὶ
1295 3255 1534 3326 τελώνην
1572 3255 1764 3308 ἑαυτὸν
1799 3254 1972 3318 καλεῖ,
2007 3255 2104 3307 καὶ

523 3343 644 3396 ούδέ
699 3343 1011 3413 αίσχύνεται
1067 3343 1157 3398 τὸν
1214 3344 1476 3415 πρότερον
1538 3341 1902 3412 ἐκπομπεύων
1964 3342 2098 3411 βίον.

539 3430 757 3502 Ἐπειδὴ
786 3431 894 3503 γάρ
921 3430 1073 3484 οὐδὲν
1099 3426 1242 3502 εἶχον
1275 3433 1598 3502 κατηγορεῖν
1638 3430 1845 3483 ἑαυτῶν
1878 3429 2015 3500 μετά
2044 3429 2104 3482 16

533 3520 840 3591 βάπτισμα.
890 3518 1001 3572 τῶν
1054 3519 1336 3591 προτέρων
1379 3519 1704 3589 ἐμέμνηντο,
1761 3517 2104 3581 παιδεύοντες

527 3611 562 3678 ἡ
569 3610 672 3678 μᾶς
685 3607 795 3662 τῶν
811 3608 908 3678 μὲν
919 3607 1216 3678 ἀλλοτρίων
1227 3607 1410 3660 κακῶν
1426 3606 1557 3676 μηδέ
1565 3624 1628 3659 να
1644 3605 1912 3659 ποιεῖσθαι
1923 3605 2101 3674 λόγον,

527 3697 594 3749 τά
615 3695 672 3748 δὲ
695 3695 867 3748 οίκεῖα
895 3695 1164 3766 μεριμνᾷν
1193 3695 1284 3748 καὶ
1315 3692 1553 3763 συνεχῶς
1579 3693 1956 3763 ἀναστρέφειν.

598 3785 674 3841 Οὐ
718 3783 827 3854 γὰρ
877 3784 1045 3845 ἐστιν,
1089 3783 1190 3836 οὐκ
1234 3783 1378 3835 Ιστιν
1425 3783 1578 3834 οὐδὲν
1607 3781 1792 3852 ἓτερον
1813 3781 2105 3850 φάρμακον

527 3871 765 3926 τοιοῦτον
810 3871 946 3942 πρὸς
982 3871 1079 3942 τὴν
1125 3870 1233 3924 τῶν
1264 3869 1676 3942 ἁμαρτημάτων
1703 3868 2000 3936 ἀναίρεσιν,
2031 3866 2106 3930 ὡς

529 3963 563 4030 ἡ
607 3959 837 4030 συνεχὴς
884 3959 1064 4014 αὐτῶν
1107 3959 1430 4029 ἀνάμνησις,
1461 3957 1552 4011 καὶ
1584 3960 1616 4025 ἡ
1650 3955 1901 4026 διηνεκὴς
1928 3953 2105 4007 αὐτῶν

531 4048 852 4118 κατηγορία.
880 4045 1066 4110 Οῦτως
1093 4047 1124 4098 6
1143 4043 1378 4114 τελώνης
1406 4044 1474 4097 τά
1506 4041 1670 4114 μυρία
1697 4041 1932 4112 ἠδυνήθη
1963 4041 2109 4094 κακά

531 4135 849 4197 ἀποθέσθαι,
901 4135 989 4188 ῖνα
1025 4135 1178 4206 εἴπῃ·
1235 4133 1299 4187 '0
1345 4133 1508 4198 Θεὸς,
1563 4130 1841 4197 ἱλάσθητί
1883 4147 1984 4202 μοι
2029 4127 2108 4194 τῷ

528 4220 872 4292 ἁμαρτωλῷ·
900 4222 1074 4284 οὓτως
1105 4223 1134 4274 6
1164 4221 1452 4290 Φαρισαῖος
1477 4219 1577 4290 τῆς
1606 4217 1949 4286 δικαιοσύνης
1971 4217 2111 4271 ἀπάο

532 4327 632 4381 σης
657 4311 933 4376 ἐξέπεσεν,
957 4310 1038 4363 ὅτι
1061 4311 1220 4378 ἀφεὶς
1241 4308 1551 4377 λογίζεσθαι
1577 4307 1648 4360 τὰ
1677 4306 1826 4377 αὐτῷ
1854 4307 2110 4376 πεπλημ·

533 4399 835 4469 μελημένα,
868 4398 968 4468 τὴν
1004 4398 1326 4468 οἰκουμένην
1367 4395 1711 4461 κατεδίκαζε,
1756 4396 1951 4464 λέγων·
1987 4396 2110 4450 οὐκ

530 4487 647 4555 εἰμὶ
685 4485 765 4550 ὡς
814 4487 866 4537 οι
915 4486 1114 4540 λοιποί
1166 4485 1282 4539 τῶν
1317 4486 1661 4554 ἀνθρώπων,
1705 4485 1967 4554 ἅρπαγες
2011 4483 2110 4538 καί

534 4571 911 4635 πλεονέκται,
950 4570 1091 4626 οὐδὲ
1117 4571 1197 4636 ὡς
1221 4567 1400 4639 οὗτος
1429 4575 1462 4625 ὀ
1494 4571 1779 4638 τελώνης.
1820 4571 1920 4624 Διά
1953 4571 2110 4625 τοῦτο

535 4660 629 4715 καὶ
662 4662 691 4714 6
719 4658 929 4721 Παῦλος
955 4657 1188 4729 παρῄνει
1214 4657 1410 4726 λέγων·
1441 4659 1739 4722 Ἕκαστος
1773 4657 1841 4710 δὲ
1868 4657 2109 4726 δοκιμα-

533 4749 670 4809 ζέτω
699 4747 764 4802 τὸ
799 4746 1017 4801 ἑαυτοῦ
1042 4747 1239 4816 ἔργον,
1271 4747 1367 4799 καί
1399 4747 1532 4800 τότε
1563 4747 1647 4810 εις
1686 4745 1902 4798 ἑαυτὸν
1916 4747 2110 4814 μόνον

532 4838 598 4891 τὸ
629 4839 906 4906 καύχημα
933 4834 1078 4899 ἕξει,
1119 4834 1216 4887 καί
1251 4835 1362 4887 οὐκ
1405 4835 1494 4897 είς
1535 4831 1640 4885 τὸν
1667 4832 1890 4899 ἕτερον.
1925 4831 2110 4886 Βούλει

543 4921 732 4992 μαθεῖν
758 4921 849 4974 καὶ
871 4923 928 4975 ἐν
953 4924 1019 4992 τῇ
1049 4920 1258 4991 nam“;
1286 4921 1400 4983 πῶς
1421 4922 1471 4973 οί
1500 4920 1697 4973 δίκαιοι
1728 4919 2108 4991 κατηγόρησαν

543 5008 776 5074 ἐαυτῶν;
820 5011 1015 5063 ’Ᾱκουε
1049 5010 1141 5063 καὶ.
1181 5009 1385 5062 τούτων
1426 5009 1653 5073 ἐκείνοις
1702 5009 1910 5082 συνῳδὰ
1943 5010 2110 5080 φθεγο

539 5096 804 5167 γομένων.
859 5098 918 5150 Ὀ
961 5099 1059 5168 μὲν
1111 5097 1218 5167 γάρ
1281 5097 1442 5152 Δαυῖδ
1491 5097 1706 5165 ἔλεγεν·
1753 5101 1823 5152 Al
1869 5099 2108 5168 ἀνομίαι

527 5202 646 5255 μου
689 5182 996 5251 ὑπερῆραν
1033 5185 1146 5246 τὴν
1181 5184 1455 5254 κεφαλήν
1492 5202 1630 5254 μου⁸
1665 5185 1815 5238 ὡσεί
1865 5187 2110 5254 φορτίον

527 5272 688 5343 ⁸ϐαρὺ
743 5273 1160 5338 ἐϐαρύνθησαν
1208 5273 1300 5325 ἐπ’
1338 5271 1460 5340 ἐμέ.
1507 5277 1564 5325 Ὀ
1603 5271 1659 5325 δέ
1693 5271 1920 5336 Ἡσαΐας
1957 5273 2105 5325 ἐϐόα·

527 5364 692 5431 Οῖμοι
716 5365 750 5416 ό
770 5359 954 5426 τάλας
975 5360 1108 5430 ἐγὼ,
1133 5361 1219 5412 ὅτι
1252 5361 1557 5429 ἅνθρωπος
1574 5361 1659 5414 ὢν
1687 5363 1780 5416 καὶ
1808 5361 2110 5430 ἀκάθαρτα

533 5451 708 5521 χείλη
732 5449 908 5518 ἔχων.
940 5449 1049 5500 Καὶ
1067 5449 1115 5499 οἱ
1132 5449 1279 5517 τρεῖς
1304 5448 1484 5512 παῖδες
1508 5451 1563 5500 ἐν
1584 5450 1794 5520 καμίνῳ
1809 5449 2108 5520 διατρίϐον-

529 5555 640 5600 τες,
671 5537 763 5590 καὶ
790 5535 859 5588 τὰ
889 5534 1114 5604 σώματα
1139 5533 1355 5604 θανάτῳ
1381 5535 1469 5587 διὰ
1495 5536 1583 5589 τὸν
1601 5537 1733 5592 Θεὸν
1755 5537 2106 5606 παραδόντες,

533 5626 590 5676 ἐν
625 5628 737 5687 τοῖς
771 5623 1020 5694 ἐσχάτοις
1049 5621 1158 5674 τῶν
1186 5622 1523 5692 ἁμαρτωλῶν
1564 5625 1787 5684 ἑαυτοὺς
1819 5623 2105 5695 ὴρίθμουν,

545 5709 930 5781 Ἦμάρτομεν,
960 5710 1370 5780 ἠνομήσαμεν,
1401 5709 1662 5778 λέγοντες·
1692 5712 1864 5767 καίτοι
1889 5713 1940 5766 τί
1971 5712 2109 5785 λαμ-

600 5842 623 5869 ⁶
641 5837 776 5889 Colb.
799 5838 901 5886 τίνα
923 5839 1034 5886 ὄντα
1054 5838 1153 5886 τίνα
1176 5838 1538 5886 κατεσκεύασεν.

1241 327 1299 381 8.
1335 325 1614 384 ,ιοΑΝΝιδ
1645 328 2136 396 CHRYSOSTOMI
2174 305 2492 394 ARCIIIEP.
2533 333 3074 400 CONSTANTINOP.

3682 349 3789 408 IN

2209 456 2473 530 πρότερον
2517 459 2759 525 ἐκείνων,
2798 463 2852 514 τί
2886 462 3269 536 καθαρώτερον
3309 459 3412 534 ἧν;
3449 463 3558 517 Καὶ
3601 465 3709 534 γὰρ
3737 467 3786 516 εἰ

2208 545 2302 598 καί
2349 564 2503 612 τινας
2535 544 2676 620 ἦσαν
2715 551 2990 620 ἁμαρτίας
3041 555 3420 622 πεποιηκότες,
3467 551 3649 612 πάσας
3685 553 3791 604 ἀπ-

2206 633 2410 704 έσμηξε
2430 636 2529 707 τῆς
2552 636 2746 705 φλογὸς
2785 637 3001 707 ἐκείνης
3033 639 3067 708 ἡ
3098 637 3280 706 φύσις.
3318 637 3456 692 Ἀλλ’
3476 640 3537 691 οὐ
3565 639 3700 708 πρὸς
3719 639 3790 691 τά

2206 723 2601 796 κατορθώματα
2629 726 2815 797 ἐώρων
2839 736 2912 780 τά
2933 729 3129 790 οίκεῖα.
3154 727 3291 782 ἀλλὰ
3315 729 3383 782 τὰ
3414 730 3634 799 ἀμαρτή
3643 745 3791 797 ματα

2203 810 2592 880 ἀνελογίζοντο.
2624 814 2780 867 Οὖτω
2809 815 2906 868 καῖ⁹
2931 814 3128 882 Δανιὴλ
3161 815 3300 886 μετά
3327 815 3420 868 τὸν
3445 815 3648 869 λάκκον
3678 816 3790 868 τῶν

2203 899 2452 968 λεόντων,
2496 902 2635 974 μετά
2671 904 2769 968 τὰς
2821 904 3023 976 μυρίας
3061 903 3349 977 τιμωρίας,
3391 903 3458 968 ἃς
3503 905 3788 974 ὑπέμεινε,

2205 989 2301 1044 καὶ
2327 991 2488 1055 αὐτὸς
2517 992 2711 1046 ἐαυτοῦ
2749 993 3066 1065 κατηγόρει,
3108 993 3203 1048 τοῦ
3242 992 3297 1046 δὲ
3335 991 3562 1064 πλησίον
3589 991 3784 1053 οὐδείς.

2203 1078 2271 1132 Τί
2297 1079 2361 1150 δή
2399 1097 2564 1146 ποτε;
2595 1081 2719 1134 Ὀτι
2749 1083 2778 1135 6
2809 1083 2908 1152 μὲν
2938 1083 3157 1154 ἐτέρους
3184 1082 3358 1151 λέγων
3401 1081 3610 1144 κακῶς.
3647 1097 3787 1149 παρ-

2199 1164 2378 1233 οξύνει
2431 1167 2522 1222 τδν
2583 1169 2875 1240 Δεσπότην.
2930 1170 2988 1223 '0
3031 1170 3089 1224 δὲ
3133 1168 3321 1224 ἑαυτὸν
3359 1167 3532 1237 λέγων
3579 1165 3784 1228 κακῶς.

2202 1253 2398 1320 ἐξιλεοῖ
2428 1256 2524 1310 καὶ
2553 1257 2930 1312 καταλλάττει·
2959 1259 3054 1311 καὶ
3089 1257 3178 1312 τὸν
3209 1257 3414 1313 δίκαιον
3451 1254 3787 1323 δικαιότερον

2201 1341 2594 1414 ἀπεργάζεται,
2655 1345 2750 1398 καὶ
2800 1345 2891 1397 τὸν
2945 1344 3268 1417 ἁμαρτωλὸν
3318 1341 3616 1413 ἐξαρπάζει
3675 1341 3787 1393 τῶν

2201 1429 2566 1501 ἐγκλημάτων
2605 1430 2700 1484 καὶ
2733 1430 3065 1503 συγγνώμης
3094 1431 3243 1496 ἀξιον
3283 1433 3446 1485 ποιεῖ.
3487 1430 3651 1484 Ταῦτ’
3689 1424 3786 1483 οὖν

2201 1517 2423 1586 ειδότες,
2473 1519 2546 1592 μὴ
2589 1519 2658 1572 τὰ
2686 1519 2963 1591 ἀλλότρια,
3007 1518 3143 1573 ἀλλὰ
3177 1520 3350 1572 οἰκεῖα
3393 1517 3786 1588 πολυπραγμοὲ

2201 1606 2384 1677 νῶμεν
2421 1607 2587 1661 κακά·
2619 1604 3014 1677 ἀναπτύξωμεν
3046 1606 3203 1678 ἡμῶν
3247 1607 3307 1659 τὸ
3354 1606 3610 1668 συνειδὸς,
3653 1607 3784 1659 ἀνα⁸

2205 1691 2534 1764 μνησθῶμεν
2571 1693 2729 1764 ἡμῶν
2760 1695 2860 1764 τὴν
2892 1694 3035 1763 ζωὴν
3069 1694 3288 1748 ἃπασαν
3319 1694 3368 1755 δ,
3400 1693 3628 1746 ἕκαστον
3675 1691 3785 1745 τῶν

2201 1780 2604 1851 ἡμαρτημένων
2640 1783 2772 1851 ἡμῖν
2813 1779 3325 1852 περιεργασώμεθα,
3357 1781 3452 1834 καὶ
3503 1780 3578 1850 μὴ
3626 1780 3787 1849 μόνον

2207 1867 2282 1937 μὴ
2329 1867 2578 1938 λέγωμεν
2629 1867 2815 1932 κακῶς
2853 1868 3094 1940 ἐτέρους,
3149 1867 3285 1922 ἀλλά
3329 1867 3462 1938 μηδέ
3499 1868 3787 1937 ἀκούωμεν

2204 1955 2409 2027 ἐτέρων
2433 1955 2700 2026 λεγόντων
2725 1955 2927 2019 κακῶς.
2962 1955 3070 2009 Καὶ
3101 1955 3211 2027 γὰρ
3241 1955 3335 2009 καὶ
3367 1954 3557 2008 τούτου
3586 1954 3786 2023 ἐγκλη-

2203 2059 2280 2114 μα
2305 2046 2482 2098 κεῖται
2526 2044 2620 2098 καὶ
2651 2043 2891 2114 τιμωρία
2923 2043 3174 2114 μεγίστη·
3220 2041 3426 2109 Ἀκοήν
3459 2041 3588 2113 γὰρ,
3627 2041 3788 2111 φησὶ,

2192 2131 2454 2203 ματαίαν
2471 2131 2558 2200 μὴ
2597 2130 2922 2199 παραδέξῃ.
2973 2131 3088 2184 Οὐκ
3137 2128 3309 2195 εἶπεν,
3362 2132 3524 2200 ’Δκοῇ
3576 2131 3787 2199 ματαία

2203 2217 2280 2288 μὴ
2309 2216 2626 2290 πιστεύσῃς.
2646 2217 2802 2277 ἀλλά.
2830 2217 2980 2289 Μηδέ
3009 2215 3135 2288 δέξῃ
3165 2218 3353 2288 αὐτήν·
3381 2217 3695 2286 ἀπόφραξον
3717 2217 3786 2270 τά

2199 2297 2337 2365 ὦτα.
2377 2304 2726 2374 ἀποτείχισον
2765 2307 2831 2374 τῇ
2876 2306 3184 2376 κατηγορία
3223 2305 3326 2374 τὴν
3363 2304 3586 2368 εῖσοδον,
3613 2303 3786 2368 δεῖξον

2199 2393 2282 2444 ὅτι
2315 2391 2409 2444 τοῦ
2441 2393 2914 2464 κατηγορουμένου
2943 2395 3043 2460 οὐκ
3071 2393 3290 2446 ἔλαττον
3326 2392 3489 2455 αὐτὸς
3512 2391 3540 2442 6
3569 2391 3786 2445 ἀκούων

2201 2479 2392 2550 ἐχθρδς
2439 2475 2491 2532 εἴ
2522 2482 2618 2534 καὶ
2647 2481 3016 2552 πολέμιος·τῴ
3047 2481 3228 2545 κακῶς
3260 2481 3493 2547 λέγοντι.
3529 2481 3786 2550 Μίμησαι

2199 2565 2290 2620 τδν
2319 2565 2470 2638 [I97]
2495 2569 2781 2639 προφήτην
2799 2567 2943 2622 οὕτω
2963 2569 3208 2638 λέγοντα·
3238 2568 3348 2623 Τὸν
3370 2567 3788 2621 καταλιιλοῦν-

2201 2671 2274 2707 τα
2299 2653 2490 2722 ,λάθρα
2524 2657 2631 2709 τὸν
2663 2658 2934 2722 πλησίον
2960 2655 3169 2716 αὑτοῦ,
3202 2656 3414 2709 τοῦτον
3438 2654 3780 2719 ἐξεδίωκον.

2201 2741 2315 2795 Οὐκ
2349 2737 2520 2808 εἶπεν,
2548 2742 2629 2796 ὃτι
2651 2743 2764 2798 Οὐκ
2791 2743 3097 2803 ἐπίστευον.
3124 2742 3243 2796 οὐδὲ
3274 2742 3353 2795 ὅτι
3387 2741 3464 2794 Οὐ
3489 2741 3784 2810 παρεδεχό-

2205 2846 2312 2900 μην
2335 2829 2406 2884 τὰ
2429 2829 2716 2901 λεγόμενα,
2745 2830 2882 2885 ἀλλά
2904 2831 2998 2884 καὶ
3019 2830 3352 2904 ἀπήλαυνον,
3377 2828 3452 2894 ὡς
3475 2829 3666 2901 ἐχθρὸν
3692 2829 3786 2882 καὶ

2201 2917 2483 2988 πολέμιον.

2275 3010 2326 3059 ι’.
2371 3003 2508 3058 Ἀλλ’
2543 3004 2648 3058 είσί
2686 3019 2849 3068 τινες,
2882 3003 2932 3058 οῖ
2974 3004 3160 3076 ψυχρᾷ
3196 3003 3517 3077 παραμυθία
3559 3005 3784 3066 ἑαυτοὺς

2203 3092 2673 3164 παραμυθοῦνται,
2708 3095 2907 3147 οὑτωσὶ
2937 3094 3209 3162 λέγοντες·
3240 3094 3432 3165 Κύριε.
3471 3093 3546 3164 μὴ
3578 3093 3785 3162 στήσῃς

2207 3198 2298 3251 μοι
2341 3180 2440 3251 τὴν
2484 3181 2758 3251 ἁμαρτίαν
2793 3181 3016 3252 ταύτην.
3052 3181 3134 3235 ὅτι
3171 3181 3340 3251 ἀκοῆς
3381 3181 3537 3249 λόγον
3564 3179 3784 3247 ὀφείλω.

2202 3267 2299 3332 Τίς
2327 3267 2485 3338 χρεία
2519 3267 2617 3338 τῆς
2645 3267 2974 3335 ἀπολογίας;
3005 3267 3088 3328 τίς
3131 3268 3286 3338 χρεία
3326 3267 3425 3336 τῆς
3456 3266 3788 3336 συγγνώμης

2201 3355 2434 3425 ταύτης;
2470 3355 2722 3426 Σίγησον,
2769 3357 2862 3409 καὶ
2913 3355 3219 3425 ἀπήλλαξαι
3261 3355 3368 3409 τῶν
3402 3354 3785 3424 ἐγκλημάτων·

2207 3442 2372 3514 μηδὲν
2406 3442 2592 3516 εἴπῃς,
2618 3443 2711 3495 καὶ
2739 3442 2978 3513 καθαρὸς
3005 3437 3058 3495 εἴ
3086 3441 3186 3510 τῆς
3215 3442 3474 3510 ἀγωνίας.
3509 3441 3575 3493 Τί
3605 3439 3789 3510 σαυτῷ

2203 3528 2506 3599 πράγματα
2529 3530 2769 3594 πλέκεις,
2795 3530 2889 3582 καὶ
2926 3529 3076 3600 παρά
3113 3529 3252 3598 Θεῷ,
3281 3531 3374 3582 καὶ
3405 3530 3554 3598 παρά
3577 3528 3790 3598 ἀνθρώ-

2201 3633 2350 3681 ποις;
2383 3617 2448 3668 Τί
2473 3619 2645 3680 ποιεῖς
2677 3617 2972 3670 ὑπεύθυνον
3001 3617 3189 3670 ἑαυτὸν
3215 3617 3576 3686 ἐγκλημάτων
3601 3633 3616 3679 ;
3646 3616 3699 3668 τί
3725 3614 3788 3668 τὸ

2203 3704 2420 3774 φορτίον
2453 3703 2748 3775 βαρύτερον
2779 3703 3029 3773 δεσμεῖςς
3067 3703 3179 3757 Οὐκ
3211 3704 3373 3774 ἀρκεῖ
3407 3719 3487 3758 σοι
3517 3703 3644 3772 περὶ
3677 3702 3788 3753 τῶν

2201 3791 2417 3844 οἰκείων
2459 3791 2641 3846 κακῶν
2681 3791 2906 3855 εὐθύνας
2959 3793 3238 3862 ὑποσχεῖν,
3279 3791 3415 3846 ἀλλὰ
3459 3791 3553 3844 καὶ
3594 3789 3790 3860 ἐτέρας

2206 3879 2478 3950 ἁμαρτίας
2512 3879 2865 3950 ἐπισωρεύεις
2893 3878 3103 3946 σαυτῷς
3133 3878 3368 3948 Περιττὴ
3413 3875 3551 3946 αῦτη
3580 3878 3613 3946 ἠ
3649 3877 3791 3930 ἀπο-

2203 3967 2378 4034 λογία·
2421 3967 2522 4020 οὐκ
2576 3965 2746 4034 ἀκοῆς
2783 3965 2938 4033 λόγον
2973 3965 3226 4034 ὀφείλεις,
3267 3964 3403 4017 ἀλλά
3455 3963 3790 4032 κατηγορίας

2204 4053 2362 4122 λόγον
2395 4056 2704 4123 χρεωστεῖς.
2731 4053 2901 4106 Ὅταν
2929 4053 3036 4122 γὰρ
3067 4051 3324 4114 ἀκούσας,
3354 4052 3414 4104 οὐ
3447 4053 3698 4123 σιγήσῃς,
3725 4051 3788 4104 οὐ

2205 4141 2306 4210 τῆς
2325 4141 2497 4212 ἀκοῆς
2512 4139 2670 4207 λόγον
2693 4139 2850 4210 μόνον
2871 4139 3125 4208 ὀφείλεις,
3153 4139 3288 4192 ἀλλὰ
3314 4139 3409 4192 καὶ
3433 4137 3789 4208 κατηγορίας.

2219 4204 2597 4298 Ἰέκηθάρττῶν
2615 4204 2810 4295 λόγων
2841 4204 2958 4280 σού
2991 4225 3379 4294 δικαιωθήσῃ,
3415 4204 3572 4294 φησὶ,
3591 4204 3689 4278 καί
3720 4225 3792 4278 ἐκ

2205 4315 2326 4370 τῶν
2354 4317 2551 4386 λόγων
2577 4333 2693 4370 σου
2715 4315 3142 4386 κατακριθήσῃ.
3176 4316 3361 4369 Ταῦτα
3390 4316 3488 4385 οὐχ
3515 4315 3654 4384 ὑπὲρ
3677 4315 3791 4368 τῶν

2207 4403 2393 4465 κακῶς
2439 4402 2763 4466 ἀκουόντων,
2794 4402 2910 4455 ἀλλ’
2957 4403 3098 4473 ὑπὲρ
3139 4403 3250 4456 τῶν
3293 4403 3480 4466 κακῶς
3523 4402 3793 4470 λεγόντων

2205 4487 2458 4552 δεδοικὼς
2502 4489 2646 4557 λέγω
2678 4490 2771 4542 καὶ
2807 4489 3267 4562 διαμαρτύρομαι.
3306 4491 3364 4543 '0
3414 4489 3513 4559 μὲν
3544 4489 3654 4558 γὰρ
3692 4507 3794 4542 κα·-

2206 4577 2319 4640 κῶς
2351 4575 2612 4640 ἀκούσας,
2645 4576 2795 4630 οὐδὲν
2827 4576 3191 4648 ἐπηρέασται,
3233 4576 3353 4629 οὐδὲ
3399 4575 3626 4645 ἐὸλάὂη·
3672 4575 3790 4627 ἀλλ’

2205 4665 2272 4719 ἂν
2303 4666 2401 4735 μὲν
2436 4663 2602 4734 ψευδῆ
2700 4663 2769 4717 τά
2797 4665 2923 4734 περὶ
2954 4664 3119 4718 αὐτοῦ
3151 4664 3438 4734 λεγόμενα,
3469 4664 3563 4716 καὶ
3598 4662 3794 4732 μισθὸν

2205 4751 2338 4822 ἔχει·
2403 4753 2469 4805 ἂν
2516 4752 2573 4804 δέ
2627 4751 2822 4821 ἀληθῆ,
2872 4751 3026 4804 οὐδὲν
3070 4751 3192 4804 οὐδέ
3239 4750 3414 4814 οὕτως
3456 4750 3789 4820 ἐπηρέασται

2207 4838 2357 4908 παρὰ
2413 4838 2511 4908 τὴν
2569 4837 2665 4909 σὴν
2709 4835 3058 4908 κατηγορίαν.
3101 4837 3234 4890 Οὐδὲ
3274 4838 3382 4908 γὰρ
3419 4837 3526 4890 ἀπὸ
3561 4839 3659 4905 τῆς
3691 4839 3793 4906 σῆς

2205 4926 2470 4995 λοιδορίας
2507 4925 2643 4977 οἴσει
2679 4925 2797 4977 τότε
2843 4924 2940 4995 τὴν
2972 4924 3150 4994 ψῆφον
3189 4925 3338 4996 αὐτῷ
3371 4926 3400 4978 6
3431 4924 3686 4988 δικάζων.
3727 4924 3791 4976 Εἰ

2205 5013 2263 5065 δέ
2317 5013 2422 5083 χρή
2478 5029 2531 5064 τι
2579 5013 2673 5065 καὶ
2711 5011 3025 5080 θαυμαστὸν
3073 5013 3265 5077 εἰπεῖν,
3325 5013 3418 5064 καὶ
3459 5011 3529 5066 τὰ
3557 5012 3793 5081 μέγιστα

2206 5101 2452 5172 κερδανεῖ
2471 5099 2730 5168 γενναίως
2751 5101 2931 5169 φέρων
2959 5100 3057 5168 τὴν
3085 5100 3453 5171 βλασφημίαν,
3486 5099 3672 5172 ῶσπερ
3695 5094 3790 5153 οὖν

2207 5189 2298 5242 καί
2324 5189 2352 5240 6
2380 5187 2635 5258 τελώνης·
2666 5187 2694 5238 6
2721 5187 2778 5240 δέ
2799 5186 2982 5250 κακῶς
3007 5187 3200 5257 λέγων,
3226 5189 3291 5242 ἄν
3317 5205 3374 5241 τε
3402 5188 3573 5258 ἀληθῆ
3603 5188 3787 5251 κακῶς

2206 5278 2332 5348 εἴπῃ
2361 5276 2448 5328 τὸν
2478 5275 2721 5344 πλησίον,
2758 5274 2824 5327 τά
2854 5274 3084 5344 μέγιστα
3121 5275 3396 5344 ἠδίκηται.
3428 5277 3538 5329 Καὶ
3567 5277 3649 5328 ὅτι
3684 5276 3787 5344 μὲν

2202 5363 2231 5414 ό
2265 5361 2615 5431 συκοφαντῶν
2644 5360 2951 5424 ἀπόλωλεν,
2980 5361 3100 5415 οὐδὲ
3137 5362 3461 5426 ἀποδείξεως
3493 5363 3667 5434 χρεία·
3702 5363 3786 5416 ὅτι

2204 5449 2282 5512 δὲ,
2318 5449 2422 5502 κᾶν
2454 5448 2627 5518 ἀληθῆ
2670 5447 2825 5519 λέγῃ,
2867 5448 3267 5520 φορτικώτερον
3307 5450 3485 5519 ἐαυτῷ
3532 5451 3678 5503 ποιεῖ
3727 5451 3791 5503 τὸ

2205 5535 2573 5606 δικαστήριον,
2599 5534 2960 5605 ἐκπομπεύων
2984 5534 3082 5599 τάς
3105 5536 3199 5589 τοῦ
3225 5537 3449 5606 πλησίον
3478 5539 3786 5607 συμφορὰς,

2207 5624 2298 5677 καὶ
2343 5622 2654 5676 σκανδάλων
2709 5621 2881 5686 αἴτιος
2929 5621 3236 5693 γινόμενος,
3263 5622 3300 5677 ἃ
3347 5623 3608 5695 κρύπτειν
3645 5625 3787 5689 δέον,

2207 5711 2562 5766 ἐκκαλύπτων
2605 5711 2798 5775 ἅπασι,
2848 5712 2942 5765 καὶ
2981 5713 3264 5784 κηρύττων
3308 5715 3374 5768 τά
3418 5713 3786 5785 ἁμαρτήματα

2270 5839 2296 5882 ιι
2318 5837 2450 5890 C011).
2474 5845 2556 5898 τῆς
2579 5842 2698 5898 ζωῆς
2718 5839 2918 5896 ἀπάσης.
