  <div class='ocr_page' id='page_1' title='image "/cluster/home/n/w/nwhite01/storage/ocr_20150623/56/hvd.32044048208490/197.png"; bbox 0 0 4038 6204; ppageno 0'>
   <div class='ocr_carea' id='block_1_1' title="bbox 653 351 752 409">
    <p class='ocr_par' dir='ltr' id='par_1_1' title="bbox 653 351 752 409">
     <span class='ocr_line' id='line_1_1' title="bbox 653 351 752 409; baseline 0.01 -1"><span class='ocrx_word' id='word_1_1' title='bbox 653 351 752 409; x_wconf 69' lang='grc'><strong>191</strong></span> 
     </span>
    </p>
   </div>
   <div class='ocr_carea' id='block_1_2' title="bbox 647 463 2227 535">
    <p class='ocr_par' dir='ltr' id='par_1_2' title="bbox 647 463 2227 535">
     <span class='ocr_line' id='line_1_2' title="bbox 647 463 2227 535; baseline -0.001 -14"><span class='ocrx_word' id='word_1_2' title='bbox 647 467 806 521; x_wconf 80' lang='lat' dir='ltr'><strong>etiam</strong></span> <span class='ocrx_word' id='word_1_3' title='bbox 826 475 1082 535; x_wconf 68' lang='lat' dir='ltr'><strong>qumstum</strong></span> <span class='ocrx_word' id='word_1_4' title='bbox 1102 463 1260 518; x_wconf 75' lang='lat' dir='ltr'><strong>faciet</strong></span> <span class='ocrx_word' id='word_1_5' title='bbox 1284 465 1326 518; x_wconf 86' lang='lat' dir='ltr'><strong>si</strong></span> <span class='ocrx_word' id='word_1_6' title='bbox 1358 464 1594 519; x_wconf 81' lang='lat' dir='ltr'><strong>convicia</strong></span> <span class='ocrx_word' id='word_1_7' title='bbox 1615 465 1876 533; x_wconf 88' lang='lat' dir='ltr'><strong>patienter</strong></span> <span class='ocrx_word' id='word_1_8' title='bbox 1897 463 2051 529; x_wconf 89' lang='lat' dir='ltr'><strong>ferat,</strong></span> <span class='ocrx_word' id='word_1_9' title='bbox 2076 474 2132 518; x_wconf 92' lang='lat' dir='ltr'><strong>ut</strong></span> <span class='ocrx_word' id='word_1_10' title='bbox 2159 464 2227 519; x_wconf 85' lang='lat' dir='ltr'><strong>fe-</strong></span> 
     </span>
    </p>
   </div>
   <div class='ocr_carea' id='block_1_3' title="bbox 648 555 2226 626">
    <p class='ocr_par' dir='ltr' id='par_1_3' title="bbox 648 555 2226 626">
     <span class='ocr_line' id='line_1_3' title="bbox 648 555 2226 626; baseline -0.001 -15"><span class='ocrx_word' id='word_1_11' title='bbox 648 557 719 611; x_wconf 82' lang='lat' dir='ltr'><strong>cit</strong></span> <span class='ocrx_word' id='word_1_12' title='bbox 753 557 1058 626; x_wconf 81' lang='lat' dir='ltr'><strong>publicanus</strong></span> <span class='ocrx_word' id='word_1_13' title='bbox 1083 573 1096 610; x_wconf 90' lang='lat'><strong>:</strong></span> <span class='ocrx_word' id='word_1_14' title='bbox 1119 565 1174 610; x_wconf 87' lang='lat' dir='ltr'><strong>at</strong></span> <span class='ocrx_word' id='word_1_15' title='bbox 1193 555 1237 609; x_wconf 90' lang='lat' dir='ltr'><strong>is</strong></span> <span class='ocrx_word' id='word_1_16' title='bbox 1256 556 1342 624; x_wconf 91' lang='lat' dir='ltr'><strong>qui</strong></span> <span class='ocrx_word' id='word_1_17' title='bbox 1376 555 1662 619; x_wconf 94' lang='lat' dir='ltr'><strong>maledicit,</strong></span> <span class='ocrx_word' id='word_1_18' title='bbox 1693 569 1786 610; x_wconf 82' lang='lat' dir='ltr'><strong>seu</strong></span> <span class='ocrx_word' id='word_1_19' title='bbox 1815 571 1938 609; x_wconf 78' lang='lat' dir='ltr'><strong>vera</strong></span> <span class='ocrx_word' id='word_1_20' title='bbox 1961 557 2085 613; x_wconf 83' lang='lat' dir='ltr'><strong>sint.</strong></span> <span class='ocrx_word' id='word_1_21' title='bbox 2133 572 2226 610; x_wconf 90' lang='lat' dir='ltr'><strong>seu</strong></span> 
     </span>
    </p>
   </div>
   <div class='ocr_carea' id='block_1_4' title="bbox 605 646 2228 717">
    <p class='ocr_par' dir='ltr' id='par_1_4' title="bbox 605 646 2228 717">
     <span class='ocr_line' id='line_1_4' title="bbox 605 646 2228 717; baseline -0.001 -16"><span class='ocrx_word' id='word_1_22' title='bbox 605 680 612 691; x_wconf 89' lang='lat'><strong><em>-</em></strong></span> <span class='ocrx_word' id='word_1_23' title='bbox 653 648 807 712; x_wconf 84' lang='lat' dir='ltr'><strong>falsa,</strong></span> <span class='ocrx_word' id='word_1_24' title='bbox 839 663 956 717; x_wconf 75' lang='lat' dir='ltr'><strong>qu;e</strong></span> <span class='ocrx_word' id='word_1_25' title='bbox 981 648 1034 700; x_wconf 92' lang='lat' dir='ltr'><strong>in</strong></span> <span class='ocrx_word' id='word_1_26' title='bbox 1058 647 1359 716; x_wconf 78' lang='lat' dir='ltr'><strong>proximum</strong></span> <span class='ocrx_word' id='word_1_27' title='bbox 1385 646 1600 716; x_wconf 88' lang='lat' dir='ltr'><strong>conjicit</strong></span> <span class='ocrx_word' id='word_1_28' title='bbox 1647 647 1947 708; x_wconf 87' lang='lat' dir='ltr'><strong>maledicta.</strong></span> <span class='ocrx_word' id='word_1_29' title='bbox 1998 647 2228 700; x_wconf 75' lang='lat' dir='ltr'><strong>maxime</strong></span> 
     </span>
    </p>
   </div>
   <div class='ocr_carea' id='block_1_5' title="bbox 647 725 2278 808">
    <p class='ocr_par' dir='ltr' id='par_1_5' title="bbox 647 725 2278 808">
     <span class='ocr_line' id='line_1_5' title="bbox 647 725 2278 808; baseline 0.001 -19"><span class='ocrx_word' id='word_1_30' title='bbox 647 737 849 793; x_wconf 88' lang='lat' dir='ltr'><strong>damno</strong></span> <span class='ocrx_word' id='word_1_31' title='bbox 909 737 1157 792; x_wconf 79' lang='lat' dir='ltr'><strong>afﬁcitur.</strong></span> <span class='ocrx_word' id='word_1_32' title='bbox 1211 736 1280 791; x_wconf 86' lang='lat' dir='ltr'><strong>Et</strong></span> <span class='ocrx_word' id='word_1_33' title='bbox 1331 736 1766 792; x_wconf 85' lang='lat' dir='ltr'><strong>calumniatorem</strong></span> <span class='ocrx_word' id='word_1_34' title='bbox 1837 737 2046 808; x_wconf 85' lang='lat' dir='ltr'><strong>quidem</strong></span> <span class='ocrx_word' id='word_1_35' title='bbox 2105 753 2225 806; x_wconf 89' lang='lat' dir='ltr'><strong>per-</strong></span> <span class='ocrx_word' id='word_1_36' title='bbox 2269 725 2278 733; x_wconf 54' lang='grc'>’</span> 
     </span>
    </p>
   </div>
   <div class='ocr_carea' id='block_1_6' title="bbox 645 825 2228 898">
    <p class='ocr_par' dir='ltr' id='par_1_6' title="bbox 645 825 2228 898">
     <span class='ocr_line' id='line_1_6' title="bbox 645 825 2228 898; baseline -0.002 -14"><span class='ocrx_word' id='word_1_37' title='bbox 645 829 815 894; x_wconf 85' lang='lat' dir='ltr'><strong>iisse,</strong></span> <span class='ocrx_word' id='word_1_38' title='bbox 883 828 1024 882; x_wconf 92' lang='lat' dir='ltr'><strong>nulla</strong></span> <span class='ocrx_word' id='word_1_39' title='bbox 1095 836 1179 884; x_wconf 88' lang='lat' dir='ltr'><strong>est</strong></span> <span class='ocrx_word' id='word_1_40' title='bbox 1234 841 1368 898; x_wconf 87' lang='lat' dir='ltr'><strong>opus</strong></span> <span class='ocrx_word' id='word_1_41' title='bbox 1416 825 1912 882; x_wconf 86' lang='lat' dir='ltr'><strong>demonstratione:</strong></span> <span class='ocrx_word' id='word_1_42' title='bbox 1964 827 2062 880; x_wconf 87' lang='lat' dir='ltr'><strong>sibi</strong></span> <span class='ocrx_word' id='word_1_43' title='bbox 2106 844 2228 881; x_wconf 85' lang='lat' dir='ltr'><strong>vero</strong></span> 
     </span>
    </p>
   </div>
   <div class='ocr_carea' id='block_1_7' title="bbox 647 918 2223 990">
    <p class='ocr_par' dir='ltr' id='par_1_7' title="bbox 647 918 2223 990">
     <span class='ocr_line' id='line_1_7' title="bbox 647 918 2223 990; baseline -0.003 -16"><span class='ocrx_word' id='word_1_44' title='bbox 647 920 796 974; x_wconf 90' lang='lat' dir='ltr'><strong>illum</strong></span> <span class='ocrx_word' id='word_1_45' title='bbox 836 920 1050 990; x_wconf 86' lang='lat' dir='ltr'><strong>gravius</strong></span> <span class='ocrx_word' id='word_1_46' title='bbox 1093 918 1352 989; x_wconf 90' lang='lat' dir='ltr'><strong>judicium</strong></span> <span class='ocrx_word' id='word_1_47' title='bbox 1393 933 1688 982; x_wconf 84' lang='lat' dir='ltr'><strong>accersere,</strong></span> <span class='ocrx_word' id='word_1_48' title='bbox 1735 918 1859 972; x_wconf 91' lang='lat' dir='ltr'><strong>licet</strong></span> <span class='ocrx_word' id='word_1_49' title='bbox 1896 934 2022 972; x_wconf 89' lang='lat' dir='ltr'><strong>vera</strong></span> <span class='ocrx_word' id='word_1_50' title='bbox 2052 918 2223 978; x_wconf 82' lang='lat' dir='ltr'><strong>dicat,</strong></span> 
     </span>
    </p>
   </div>
   <div class='ocr_carea' id='block_1_8' title="bbox 644 1006 2223 1080">
    <p class='ocr_par' dir='ltr' id='par_1_8' title="bbox 644 1006 2223 1080">
     <span class='ocr_line' id='line_1_8' title="bbox 644 1006 2223 1080; baseline -0.004 -16"><span class='ocrx_word' id='word_1_51' title='bbox 644 1010 770 1064; x_wconf 90' lang='lat' dir='ltr'><strong>dum</strong></span> <span class='ocrx_word' id='word_1_52' title='bbox 799 1011 1040 1066; x_wconf 85' lang='lat' dir='ltr'><strong>miserias</strong></span> <span class='ocrx_word' id='word_1_53' title='bbox 1065 1008 1292 1080; x_wconf 80' lang='lat' dir='ltr'><strong>proximi</strong></span> <span class='ocrx_word' id='word_1_54' title='bbox 1313 1008 1570 1078; x_wconf 76' lang='lat' dir='ltr'><strong>divulgat,</strong></span> <span class='ocrx_word' id='word_1_55' title='bbox 1594 1016 1650 1063; x_wconf 90' lang='lat' dir='ltr'><strong>et</strong></span> <span class='ocrx_word' id='word_1_56' title='bbox 1673 1006 2040 1063; x_wconf 87' lang='lat' dir='ltr'><strong>scandalorum</strong></span> <span class='ocrx_word' id='word_1_57' title='bbox 2092 1022 2223 1060; x_wconf 81' lang='lat' dir='ltr'><strong>cau-</strong></span> 
     </span>
    </p>
   </div>
   <div class='ocr_carea' id='block_1_9' title="bbox 644 1095 2223 1172">
    <p class='ocr_par' dir='ltr' id='par_1_9' title="bbox 644 1095 2223 1172">
     <span class='ocr_line' id='line_1_9' title="bbox 644 1095 2223 1172; baseline -0.004 -15"><span class='ocrx_word' id='word_1_58' title='bbox 644 1117 756 1157; x_wconf 77' lang='lat' dir='ltr'><strong>sam</strong></span> <span class='ocrx_word' id='word_1_59' title='bbox 805 1102 1023 1172; x_wconf 79' lang='lat' dir='ltr'><strong>praebet,</strong></span> <span class='ocrx_word' id='word_1_60' title='bbox 1054 1100 1301 1155; x_wconf 87' lang='lat' dir='ltr'><strong>omnibus</strong></span> <span class='ocrx_word' id='word_1_61' title='bbox 1322 1115 1384 1154; x_wconf 90' lang='lat' dir='ltr'><strong>ea</strong></span> <span class='ocrx_word' id='word_1_62' title='bbox 1427 1097 1700 1170; x_wconf 75' lang='lat' dir='ltr'><strong>detegens,</strong></span> <span class='ocrx_word' id='word_1_63' title='bbox 1746 1113 1864 1168; x_wconf 69' lang='lat' dir='ltr'><strong>qua:</strong></span> <span class='ocrx_word' id='word_1_64' title='bbox 1910 1095 2223 1152; x_wconf 81' lang='lat' dir='ltr'><strong>occultanda</strong></span> 
     </span>
    </p>
   </div>
   <div class='ocr_carea' id='block_1_10' title="bbox 623 1187 2217 1262">
    <p class='ocr_par' dir='ltr' id='par_1_10' title="bbox 623 1187 2217 1262">
     <span class='ocr_line' id='line_1_10' title="bbox 623 1187 2217 1262; baseline -0.005 -15"><span class='ocrx_word' id='word_1_65' title='bbox 623 1193 870 1256; x_wconf 80' lang='lat' dir='ltr'><strong>fuerant,</strong></span> <span class='ocrx_word' id='word_1_66' title='bbox 913 1201 967 1248; x_wconf 92' lang='lat' dir='ltr'><strong>et</strong></span> <span class='ocrx_word' id='word_1_67' title='bbox 989 1191 1214 1262; x_wconf 77' lang='lat' dir='ltr'><strong>proximi</strong></span> <span class='ocrx_word' id='word_1_68' title='bbox 1242 1198 1456 1260; x_wconf 88' lang='lat' dir='ltr'><strong>peccata</strong></span> <span class='ocrx_word' id='word_1_69' title='bbox 1493 1187 1768 1260; x_wconf 68' lang='lat' dir='ltr'><strong>praedicat,</strong></span> <span class='ocrx_word' id='word_1_70' title='bbox 1816 1187 2063 1242; x_wconf 91' lang='lat' dir='ltr'><strong>omnibus</strong></span> <span class='ocrx_word' id='word_1_71' title='bbox 2114 1187 2217 1240; x_wconf 88' lang='lat' dir='ltr'><strong>uti-</strong></span> 
     </span>
    </p>
   </div>
   <div class='ocr_carea' id='block_1_11' title="bbox 641 1277 2220 1349">
    <p class='ocr_par' dir='ltr' id='par_1_11' title="bbox 641 1277 2220 1349">
     <span class='ocr_line' id='line_1_11' title="bbox 641 1277 2220 1349; baseline -0.003 -14"><span class='ocrx_word' id='word_1_72' title='bbox 641 1296 744 1349; x_wconf 94' lang='lat' dir='ltr'><strong>que</strong></span> <span class='ocrx_word' id='word_1_73' title='bbox 795 1281 1130 1339; x_wconf 90' lang='lat' dir='ltr'><strong>manifestum</strong></span> <span class='ocrx_word' id='word_1_74' title='bbox 1196 1290 1297 1336; x_wconf 84' lang='lat' dir='ltr'><strong>est.</strong></span> <span class='ocrx_word' id='word_1_75' title='bbox 1350 1279 1480 1334; x_wconf 82' lang='lat' dir='ltr'><strong>Nam</strong></span> <span class='ocrx_word' id='word_1_76' title='bbox 1517 1279 1562 1334; x_wconf 92' lang='lat' dir='ltr'><strong>si</strong></span> <span class='ocrx_word' id='word_1_77' title='bbox 1615 1280 1705 1348; x_wconf 88' lang='lat' dir='ltr'><strong>qui</strong></span> <span class='ocrx_word' id='word_1_78' title='bbox 1749 1293 1909 1332; x_wconf 91' lang='lat' dir='ltr'><strong>unum</strong></span> <span class='ocrx_word' id='word_1_79' title='bbox 1957 1277 2220 1331; x_wconf 80' lang='lat' dir='ltr'><strong>scandali-</strong></span> 
     </span>
    </p>
   </div>
   <div class='ocr_carea' id='block_1_12' title="bbox 643 1368 2224 1442">
    <p class='ocr_par' dir='ltr' id='par_1_12' title="bbox 643 1368 2224 1442">
     <span class='ocr_line' id='line_1_12' title="bbox 643 1368 2224 1442; baseline 0.001 -19"><span class='ocrx_word' id='word_1_80' title='bbox 643 1375 862 1440; x_wconf 83' lang='lat' dir='ltr'><strong>zavcrit,</strong></span> <span class='ocrx_word' id='word_1_81' title='bbox 890 1373 1216 1427; x_wconf 73' lang='lat' dir='ltr'><strong>inevitabiles</strong></span> <span class='ocrx_word' id='word_1_82' title='bbox 1264 1385 1450 1442; x_wconf 68' lang='lat' dir='ltr'><strong>pinnas</strong></span> <span class='ocrx_word' id='word_1_83' title='bbox 1494 1370 1660 1434; x_wconf 88' lang='lat' dir='ltr'><strong>dabit,</strong></span> <span class='ocrx_word' id='word_1_84' title='bbox 1713 1370 1757 1424; x_wconf 88' lang='lat' dir='ltr'><strong>is</strong></span> <span class='ocrx_word' id='word_1_85' title='bbox 1779 1368 1869 1440; x_wconf 88' lang='lat' dir='ltr'><strong>qui</strong></span> <span class='ocrx_word' id='word_1_86' title='bbox 1918 1369 2224 1425; x_wconf 84' lang='lat' dir='ltr'><strong>innumeros</strong></span> 
     </span>
    </p>
   </div>
   <div class='ocr_carea' id='block_1_13' title="bbox 642 1460 2222 1532">
    <p class='ocr_par' dir='ltr' id='par_1_13' title="bbox 642 1460 2222 1532">
     <span class='ocr_line' id='line_1_13' title="bbox 642 1460 2222 1532; baseline -0.004 -14"><span class='ocrx_word' id='word_1_87' title='bbox 642 1479 858 1519; x_wconf 88' lang='lat' dir='ltr'><strong>rumore</strong></span> <span class='ocrx_word' id='word_1_88' title='bbox 924 1460 1064 1517; x_wconf 84' lang='lat' dir='ltr'><strong>malo</strong></span> <span class='ocrx_word' id='word_1_89' title='bbox 1131 1477 1316 1532; x_wconf 85' lang='lat' dir='ltr'><strong>sparso</strong></span> <span class='ocrx_word' id='word_1_90' title='bbox 1359 1460 1717 1526; x_wconf 81' lang='lat' dir='ltr'><strong>scandalizat,</strong></span> <span class='ocrx_word' id='word_1_91' title='bbox 1769 1475 1876 1531; x_wconf 91' lang='lat' dir='ltr'><strong>quo</strong></span> <span class='ocrx_word' id='word_1_92' title='bbox 1927 1477 2030 1514; x_wconf 85' lang='lat' dir='ltr'><strong>non</strong></span> <span class='ocrx_word' id='word_1_93' title='bbox 2092 1475 2222 1529; x_wconf 82' lang='lat' dir='ltr'><strong>sup-</strong></span> 
     </span>
    </p>
   </div>
   <div class='ocr_carea' id='block_1_14' title="bbox 638 1553 2222 1626">
    <p class='ocr_par' dir='ltr' id='par_1_14' title="bbox 638 1553 2222 1626">
     <span class='ocr_line' id='line_1_14' title="bbox 638 1553 2222 1626; baseline 0.001 -17"><span class='ocrx_word' id='word_1_94' title='bbox 638 1556 798 1625; x_wconf 85' lang='lat' dir='ltr'><strong>plicio</strong></span> <span class='ocrx_word' id='word_1_95' title='bbox 819 1555 1112 1626; x_wconf 74' lang='lat' dir='ltr'><strong>plectetar?</strong></span> <span class='ocrx_word' id='word_1_96' title='bbox 1136 1554 1430 1610; x_wconf 76' lang='lat' dir='ltr'><strong>Pbariszens</strong></span> <span class='ocrx_word' id='word_1_97' title='bbox 1450 1555 1592 1609; x_wconf 90' lang='lat' dir='ltr'><strong>enim</strong></span> <span class='ocrx_word' id='word_1_98' title='bbox 1611 1570 1712 1608; x_wconf 89' lang='lat' dir='ltr'><strong>non</strong></span> <span class='ocrx_word' id='word_1_99' title='bbox 1731 1553 2100 1616; x_wconf 86' lang='lat' dir='ltr'><strong>mentiebatur.</strong></span> <span class='ocrx_word' id='word_1_100' title='bbox 2127 1553 2222 1610; x_wconf 87' lang='lat' dir='ltr'><strong>sed</strong></span> 
     </span>
    </p>
   </div>
   <div class='ocr_carea' id='block_1_15' title="bbox 640 1631 2217 1715">
    <p class='ocr_par' dir='ltr' id='par_1_15' title="bbox 640 1631 2217 1715">
     <span class='ocr_line' id='line_1_15' title="bbox 640 1631 2217 1715; baseline 0.002 -18"><span class='ocrx_word' id='word_1_101' title='bbox 640 1662 766 1701; x_wconf 81' lang='lat' dir='ltr'><strong>vera</strong></span> <span class='ocrx_word' id='word_1_102' title='bbox 816 1631 1046 1708; x_wconf 73' lang='lat' dir='ltr'><strong>dicebai.</strong></span> <span class='ocrx_word' id='word_1_103' title='bbox 1095 1645 1222 1699; x_wconf 91' lang='lat' dir='ltr'><strong>dum</strong></span> <span class='ocrx_word' id='word_1_104' title='bbox 1297 1645 1632 1715; x_wconf 77' lang='lat' dir='ltr'><strong>publicanum</strong></span> <span class='ocrx_word' id='word_1_105' title='bbox 1682 1646 1905 1699; x_wconf 87' lang='lat' dir='ltr'><strong>vocabat</strong></span> <span class='ocrx_word' id='word_1_106' title='bbox 1978 1645 2217 1714; x_wconf 82' lang='lat' dir='ltr'><strong>publica-</strong></span> 
     </span>
    </p>
   </div>
   <div class='ocr_carea' id='block_1_16' title="bbox 641 1735 2223 1806">
    <p class='ocr_par' dir='ltr' id='par_1_16' title="bbox 641 1735 2223 1806">
     <span class='ocr_line' id='line_1_16' title="bbox 641 1735 2223 1806; baseline 0.001 -17"><span class='ocrx_word' id='word_1_107' title='bbox 641 1751 790 1798; x_wconf 86' lang='lat' dir='ltr'><strong>num,</strong></span> <span class='ocrx_word' id='word_1_108' title='bbox 821 1745 1054 1789; x_wconf 87' lang='lat' dir='ltr'><strong>attamen</strong></span> <span class='ocrx_word' id='word_1_109' title='bbox 1083 1749 1268 1804; x_wconf 84' lang='lat' dir='ltr'><strong>poenas</strong></span> <span class='ocrx_word' id='word_1_110' title='bbox 1289 1735 1454 1790; x_wconf 87' lang='lat' dir='ltr'><strong>dedit.</strong></span> <span class='ocrx_word' id='word_1_111' title='bbox 1484 1735 1610 1790; x_wconf 66' lang='lat' dir='ltr'><strong>llaec</strong></span> <span class='ocrx_word' id='word_1_112' title='bbox 1639 1735 1798 1806; x_wconf 80' lang='lat' dir='ltr'><strong>igitur</strong></span> <span class='ocrx_word' id='word_1_113' title='bbox 1838 1737 2092 1800; x_wconf 84' lang='lat' dir='ltr'><strong>scientes,</strong></span> <span class='ocrx_word' id='word_1_114' title='bbox 2141 1735 2223 1791; x_wconf 85' lang='lat' dir='ltr'><strong>di-</strong></span> 
     </span>
    </p>
   </div>
   <div class='ocr_carea' id='block_1_17' title="bbox 637 1822 2221 1898">
    <p class='ocr_par' dir='ltr' id='par_1_17' title="bbox 637 1822 2221 1898">
     <span class='ocr_line' id='line_1_17' title="bbox 637 1822 2221 1898; baseline 0.001 -18"><span class='ocrx_word' id='word_1_115' title='bbox 637 1822 931 1888; x_wconf 81' lang='lat' dir='ltr'><strong>lectissimi,</strong></span> <span class='ocrx_word' id='word_1_116' title='bbox 963 1826 1385 1882; x_wconf 83' lang='lat' dir='ltr'><strong>maledicentiam</strong></span> <span class='ocrx_word' id='word_1_117' title='bbox 1415 1827 1672 1898; x_wconf 88' lang='lat' dir='ltr'><strong>fugiamus</strong></span> <span class='ocrx_word' id='word_1_118' title='bbox 1701 1844 1716 1880; x_wconf 87' lang='lat'><strong>:</strong></span> <span class='ocrx_word' id='word_1_119' title='bbox 1747 1841 1917 1896; x_wconf 85' lang='lat' dir='ltr'><strong>neque</strong></span> <span class='ocrx_word' id='word_1_120' title='bbox 1938 1828 2080 1882; x_wconf 91' lang='lat' dir='ltr'><strong>enim</strong></span> <span class='ocrx_word' id='word_1_121' title='bbox 2097 1842 2221 1896; x_wconf 85' lang='lat' dir='ltr'><strong>gra-</strong></span> 
     </span>
    </p>
   </div>
   <div class='ocr_carea' id='block_1_18' title="bbox 637 1915 2218 1986">
    <p class='ocr_par' dir='ltr' id='par_1_18' title="bbox 637 1915 2218 1986">
     <span class='ocr_line' id='line_1_18' title="bbox 637 1915 2218 1986; baseline 0.003 -19"><span class='ocrx_word' id='word_1_122' title='bbox 637 1915 755 1971; x_wconf 83' lang='lat' dir='ltr'><strong>vius</strong></span> <span class='ocrx_word' id='word_1_123' title='bbox 784 1925 866 1972; x_wconf 92' lang='lat' dir='ltr'><strong>est</strong></span> <span class='ocrx_word' id='word_1_124' title='bbox 895 1916 996 1970; x_wconf 89' lang='lat' dir='ltr'><strong>isto</strong></span> <span class='ocrx_word' id='word_1_125' title='bbox 1037 1931 1134 1972; x_wconf 88' lang='lat' dir='ltr'><strong>nec</strong></span> <span class='ocrx_word' id='word_1_126' title='bbox 1177 1915 1380 1972; x_wconf 82' lang='lat' dir='ltr'><strong>facilius</strong></span> <span class='ocrx_word' id='word_1_127' title='bbox 1423 1927 1715 1986; x_wconf 90' lang='lat' dir='ltr'><strong>peceatum.</strong></span> <span class='ocrx_word' id='word_1_128' title='bbox 1743 1916 1879 1982; x_wconf 86' lang='lat' dir='ltr'><strong>Quid</strong></span> <span class='ocrx_word' id='word_1_129' title='bbox 1909 1917 1979 1970; x_wconf 87' lang='lat' dir='ltr'><strong>ita</strong></span> <span class='ocrx_word' id='word_1_130' title='bbox 2004 1917 2026 1969; x_wconf 87' lang='lat'><strong>?</strong></span> <span class='ocrx_word' id='word_1_131' title='bbox 2065 1915 2218 1984; x_wconf 87' lang='lat' dir='ltr'><strong>Quod</strong></span> 
     </span>
    </p>
   </div>
   <div class='ocr_carea' id='block_1_19' title="bbox 639 2003 2212 2078">
    <p class='ocr_par' dir='ltr' id='par_1_19' title="bbox 639 2003 2212 2078">
     <span class='ocr_line' id='line_1_19' title="bbox 639 2003 2212 2078; baseline 0.002 -19"><span class='ocrx_word' id='word_1_132' title='bbox 639 2003 886 2073; x_wconf 78' lang='lat' dir='ltr'><strong>celerius,</strong></span> <span class='ocrx_word' id='word_1_133' title='bbox 915 2023 1073 2078; x_wconf 88' lang='lat' dir='ltr'><strong>quam</strong></span> <span class='ocrx_word' id='word_1_134' title='bbox 1102 2008 1265 2063; x_wconf 89' lang='lat' dir='ltr'><strong>ullum</strong></span> <span class='ocrx_word' id='word_1_135' title='bbox 1295 2008 1436 2062; x_wconf 88' lang='lat' dir='ltr'><strong>aliud</strong></span> <span class='ocrx_word' id='word_1_136' title='bbox 1463 2017 1731 2077; x_wconf 88' lang='lat' dir='ltr'><strong>peccatum</strong></span> <span class='ocrx_word' id='word_1_137' title='bbox 1756 2008 1976 2072; x_wconf 87' lang='lat' dir='ltr'><strong>feratur,</strong></span> <span class='ocrx_word' id='word_1_138' title='bbox 2007 2019 2060 2062; x_wconf 90' lang='lat' dir='ltr'><strong>et</strong></span> <span class='ocrx_word' id='word_1_139' title='bbox 2085 2024 2212 2062; x_wconf 82' lang='lat' dir='ltr'><strong>eon-</strong></span> 
     </span>
    </p>
   </div>
   <div class='ocr_carea' id='block_1_20' title="bbox 640 2099 2216 2170">
    <p class='ocr_par' dir='ltr' id='par_1_20' title="bbox 640 2099 2216 2170">
     <span class='ocr_line' id='line_1_20' title="bbox 640 2099 2216 2170; baseline 0.001 -17"><span class='ocrx_word' id='word_1_140' title='bbox 640 2100 812 2153; x_wconf 56' lang='lat' dir='ltr'><strong>ﬂstim</strong></span> <span class='ocrx_word' id='word_1_141' title='bbox 834 2115 955 2153; x_wconf 89' lang='lat' dir='ltr'><strong>eum</strong></span> <span class='ocrx_word' id='word_1_142' title='bbox 980 2099 1068 2170; x_wconf 90' lang='lat' dir='ltr'><strong>qui</strong></span> <span class='ocrx_word' id='word_1_143' title='bbox 1125 2115 1230 2154; x_wconf 91' lang='lat' dir='ltr'><strong>non</strong></span> <span class='ocrx_word' id='word_1_144' title='bbox 1259 2100 1483 2154; x_wconf 87' lang='lat' dir='ltr'><strong>attendit</strong></span> <span class='ocrx_word' id='word_1_145' title='bbox 1509 2100 1754 2170; x_wconf 88' lang='lat' dir='ltr'><strong>abripiat.</strong></span> <span class='ocrx_word' id='word_1_146' title='bbox 1785 2099 1915 2154; x_wconf 84' lang='lat' dir='ltr'><strong>Nam</strong></span> <span class='ocrx_word' id='word_1_147' title='bbox 1941 2100 2046 2156; x_wconf 88' lang='lat' dir='ltr'><strong>alia</strong></span> <span class='ocrx_word' id='word_1_148' title='bbox 2097 2101 2216 2170; x_wconf 85' lang='lat' dir='ltr'><strong>qui-</strong></span> 
     </span>
    </p>
   </div>
   <div class='ocr_carea' id='block_1_21' title="bbox 639 2190 2218 2260">
    <p class='ocr_par' dir='ltr' id='par_1_21' title="bbox 639 2190 2218 2260">
     <span class='ocr_line' id='line_1_21' title="bbox 639 2190 2218 2260; baseline 0.003 -21"><span class='ocrx_word' id='word_1_149' title='bbox 639 2197 754 2245; x_wconf 68' lang='lat' dir='ltr'><strong>.tnn</strong></span> <span class='ocrx_word' id='word_1_150' title='bbox 785 2202 995 2260; x_wconf 88' lang='lat' dir='ltr'><strong>peccata</strong></span> <span class='ocrx_word' id='word_1_151' title='bbox 1023 2203 1263 2260; x_wconf 84' lang='lat' dir='ltr'><strong>tempore</strong></span> <span class='ocrx_word' id='word_1_152' title='bbox 1289 2190 1543 2260; x_wconf 86' lang='lat' dir='ltr'><strong>indigent,</strong></span> <span class='ocrx_word' id='word_1_153' title='bbox 1572 2199 1624 2246; x_wconf 92' lang='lat' dir='ltr'><strong>et</strong></span> <span class='ocrx_word' id='word_1_154' title='bbox 1674 2190 1935 2260; x_wconf 87' lang='lat' dir='ltr'><strong>impensa,</strong></span> <span class='ocrx_word' id='word_1_155' title='bbox 1985 2200 2037 2246; x_wconf 89' lang='lat' dir='ltr'><strong>et</strong></span> <span class='ocrx_word' id='word_1_156' title='bbox 2085 2190 2218 2244; x_wconf 85' lang='lat' dir='ltr'><strong>dila-</strong></span> 
     </span>
    </p>
   </div>
   <div class='ocr_carea' id='block_1_22' title="bbox 635 2279 2213 2348">
    <p class='ocr_par' dir='ltr' id='par_1_22' title="bbox 635 2279 2213 2348">
     <span class='ocr_line' id='line_1_22' title="bbox 635 2279 2213 2348; baseline 0 -16"><span class='ocrx_word' id='word_1_157' title='bbox 635 2279 804 2345; x_wconf 86' lang='lat' dir='ltr'><strong>tione,</strong></span> <span class='ocrx_word' id='word_1_158' title='bbox 826 2290 879 2334; x_wconf 91' lang='lat' dir='ltr'><strong>et</strong></span> <span class='ocrx_word' id='word_1_159' title='bbox 905 2279 1254 2348; x_wconf 78' lang='lat' dir='ltr'><strong>atljutoribus,</strong></span> <span class='ocrx_word' id='word_1_160' title='bbox 1285 2295 1346 2332; x_wconf 91' lang='lat' dir='ltr'><strong>ac</strong></span> <span class='ocrx_word' id='word_1_161' title='bbox 1372 2296 1518 2348; x_wconf 67' lang='lat' dir='ltr'><strong>smpe</strong></span> <span class='ocrx_word' id='word_1_162' title='bbox 1558 2279 1730 2348; x_wconf 85' lang='lat' dir='ltr'><strong>aliqua</strong></span> <span class='ocrx_word' id='word_1_163' title='bbox 1761 2280 2014 2348; x_wconf 79' lang='lat' dir='ltr'><strong>temporis</strong></span> <span class='ocrx_word' id='word_1_164' title='bbox 2066 2294 2213 2333; x_wconf 91' lang='lat' dir='ltr'><strong>mora</strong></span> 
     </span>
    </p>
   </div>
   <div class='ocr_carea' id='block_1_23' title="bbox 633 2366 2210 2440">
    <p class='ocr_par' dir='ltr' id='par_1_23' title="bbox 633 2366 2210 2440">
     <span class='ocr_line' id='line_1_23' title="bbox 633 2366 2210 2440; baseline 0.002 -18"><span class='ocrx_word' id='word_1_165' title='bbox 633 2366 1111 2440; x_wconf 86' lang='lat' dir='ltr'><strong>interrumpuntur.</strong></span> <span class='ocrx_word' id='word_1_166' title='bbox 1147 2367 1388 2440; x_wconf 75' lang='lat' dir='ltr'><strong>Exempli</strong></span> <span class='ocrx_word' id='word_1_167' title='bbox 1436 2386 1594 2426; x_wconf 88' lang='lat' dir='ltr'><strong>causa</strong></span> <span class='ocrx_word' id='word_1_168' title='bbox 1623 2372 1844 2425; x_wconf 88' lang='lat' dir='ltr'><strong>:statuit</strong></span> <span class='ocrx_word' id='word_1_169' title='bbox 1892 2371 2082 2440; x_wconf 86' lang='lat' dir='ltr'><strong>aliquis</strong></span> <span class='ocrx_word' id='word_1_170' title='bbox 2129 2371 2210 2425; x_wconf 85' lang='lat' dir='ltr'><strong>in-</strong></span> 
     </span>
    </p>
   </div>
   <div class='ocr_carea' id='block_1_24' title="bbox 637 2461 2210 2533">
    <p class='ocr_par' dir='ltr' id='par_1_24' title="bbox 637 2461 2210 2533">
     <span class='ocr_line' id='line_1_24' title="bbox 637 2461 2210 2533; baseline 0.001 -17"><span class='ocrx_word' id='word_1_171' title='bbox 637 2463 901 2528; x_wconf 87' lang='lat' dir='ltr'><strong>terlicere,</strong></span> <span class='ocrx_word' id='word_1_172' title='bbox 957 2464 1144 2518; x_wconf 81' lang='lat' dir='ltr'><strong>statuit</strong></span> <span class='ocrx_word' id='word_1_173' title='bbox 1187 2463 1376 2533; x_wconf 86' lang='lat' dir='ltr'><strong>aliquis</strong></span> <span class='ocrx_word' id='word_1_174' title='bbox 1422 2461 1604 2528; x_wconf 89' lang='lat' dir='ltr'><strong>furari,</strong></span> <span class='ocrx_word' id='word_1_175' title='bbox 1662 2473 1716 2517; x_wconf 93' lang='lat' dir='ltr'><strong>et</strong></span> <span class='ocrx_word' id='word_1_176' title='bbox 1753 2463 1925 2517; x_wconf 86' lang='lat' dir='ltr'><strong>aliena</strong></span> <span class='ocrx_word' id='word_1_177' title='bbox 1978 2478 2210 2531; x_wconf 89' lang='lat' dir='ltr'><strong>rapere:</strong></span> 
     </span>
    </p>
   </div>
   <div class='ocr_carea' id='block_1_25' title="bbox 634 2552 2210 2623">
    <p class='ocr_par' dir='ltr' id='par_1_25' title="bbox 634 2552 2210 2623">
     <span class='ocr_line' id='line_1_25' title="bbox 634 2552 2210 2623; baseline 0.001 -17"><span class='ocrx_word' id='word_1_178' title='bbox 634 2553 799 2606; x_wconf 83' lang='lat' dir='ltr'><strong>multa</strong></span> <span class='ocrx_word' id='word_1_179' title='bbox 830 2569 1049 2609; x_wconf 91' lang='lat' dir='ltr'><strong>necesse</strong></span> <span class='ocrx_word' id='word_1_180' title='bbox 1077 2563 1159 2608; x_wconf 84' lang='lat' dir='ltr'><strong>est</strong></span> <span class='ocrx_word' id='word_1_181' title='bbox 1194 2554 1462 2619; x_wconf 82' lang='lat' dir='ltr'><strong>moliatur,</strong></span> <span class='ocrx_word' id='word_1_182' title='bbox 1517 2562 1570 2607; x_wconf 86' lang='lat' dir='ltr'><strong>et</strong></span> <span class='ocrx_word' id='word_1_183' title='bbox 1619 2568 1781 2623; x_wconf 68' lang='lat' dir='ltr'><strong>smpe,</strong></span> <span class='ocrx_word' id='word_1_184' title='bbox 1841 2552 2210 2620; x_wconf 71' lang='lat' dir='ltr'><strong>dum-dilfert,</strong></span> 
     </span>
    </p>
   </div>
   <div class='ocr_carea' id='block_1_26' title="bbox 633 2636 2210 2710">
    <p class='ocr_par' dir='ltr' id='par_1_26' title="bbox 633 2636 2210 2710">
     <span class='ocr_line' id='line_1_26' title="bbox 633 2636 2210 2710; baseline 0.002 -15"><span class='ocrx_word' id='word_1_185' title='bbox 633 2636 766 2696; x_wconf 80' lang='lat' dir='ltr'><strong>iram</strong></span> <span class='ocrx_word' id='word_1_186' title='bbox 796 2641 966 2708; x_wconf 80' lang='lat' dir='ltr'><strong>sedat,</strong></span> <span class='ocrx_word' id='word_1_187' title='bbox 999 2659 1025 2694; x_wconf 91' lang='lat' dir='ltr'><strong>a</strong></span> <span class='ocrx_word' id='word_1_188' title='bbox 1048 2657 1210 2710; x_wconf 88' lang='lat' dir='ltr'><strong>pravo</strong></span> <span class='ocrx_word' id='word_1_189' title='bbox 1256 2649 1447 2696; x_wconf 89' lang='lat' dir='ltr'><strong>conatu</strong></span> <span class='ocrx_word' id='word_1_190' title='bbox 1480 2639 1667 2708; x_wconf 83' lang='lat' dir='ltr'><strong>resilit,</strong></span> <span class='ocrx_word' id='word_1_191' title='bbox 1700 2643 2012 2698; x_wconf 82' lang='lat' dir='ltr'><strong>sceleratam</strong></span> <span class='ocrx_word' id='word_1_192' title='bbox 2067 2641 2210 2698; x_wconf 90' lang='lat' dir='ltr'><strong>illam</strong></span> 
     </span>
    </p>
   </div>
   <div class='ocr_carea' id='block_1_27' title="bbox 635 2730 2205 2804">
    <p class='ocr_par' dir='ltr' id='par_1_27' title="bbox 635 2730 2205 2804">
     <span class='ocr_line' id='line_1_27' title="bbox 635 2730 2205 2804; baseline 0.002 -19"><span class='ocrx_word' id='word_1_193' title='bbox 635 2733 954 2786; x_wconf 86' lang='lat' dir='ltr'><strong>sententiam</strong></span> <span class='ocrx_word' id='word_1_194' title='bbox 984 2732 1370 2802; x_wconf 88' lang='lat' dir='ltr'><strong>abjicit,neque</strong></span> <span class='ocrx_word' id='word_1_195' title='bbox 1386 2730 1662 2788; x_wconf 88' lang='lat' dir='ltr'><strong>consilium</strong></span> <span class='ocrx_word' id='word_1_196' title='bbox 1687 2734 1751 2786; x_wconf 89' lang='lat' dir='ltr'><strong>ad</strong></span> <span class='ocrx_word' id='word_1_197' title='bbox 1779 2749 1911 2804; x_wconf 91' lang='lat' dir='ltr'><strong>opus</strong></span> <span class='ocrx_word' id='word_1_198' title='bbox 1938 2735 2205 2804; x_wconf 80' lang='lat' dir='ltr'><strong>perducit:</strong></span> 
     </span>
    </p>
   </div>
   <div class='ocr_carea' id='block_1_28' title="bbox 633 2820 2212 2888">
    <p class='ocr_par' dir='ltr' id='par_1_28' title="bbox 633 2820 2212 2888">
     <span class='ocr_line' id='line_1_28' title="bbox 633 2820 2212 2888; baseline 0.006 -15"><span class='ocrx_word' id='word_1_199' title='bbox 633 2829 688 2874; x_wconf 80' lang='lat' dir='ltr'><strong>at</strong></span> <span class='ocrx_word' id='word_1_200' title='bbox 715 2822 767 2874; x_wconf 84' lang='lat' dir='ltr'><strong>in</strong></span> <span class='ocrx_word' id='word_1_201' title='bbox 797 2820 1159 2876; x_wconf 81' lang='lat' dir='ltr'><strong>rnalcdicendo</strong></span> <span class='ocrx_word' id='word_1_202' title='bbox 1189 2838 1293 2876; x_wconf 92' lang='lat' dir='ltr'><strong>non</strong></span> <span class='ocrx_word' id='word_1_203' title='bbox 1323 2824 1393 2878; x_wconf 91' lang='lat' dir='ltr'><strong>ita</strong></span> <span class='ocrx_word' id='word_1_204' title='bbox 1423 2823 1498 2888; x_wconf 88' lang='lat' dir='ltr'><strong>lit,</strong></span> <span class='ocrx_word' id='word_1_205' title='bbox 1525 2823 1620 2880; x_wconf 89' lang='lat' dir='ltr'><strong>sed</strong></span> <span class='ocrx_word' id='word_1_206' title='bbox 1667 2824 1764 2879; x_wconf 90' lang='lat' dir='ltr'><strong>nisi</strong></span> <span class='ocrx_word' id='word_1_207' title='bbox 1820 2827 2006 2880; x_wconf 84' lang='lat' dir='ltr'><strong>attenti</strong></span> <span class='ocrx_word' id='word_1_208' title='bbox 2057 2823 2212 2883; x_wconf 83' lang='lat' dir='ltr'><strong>valde</strong></span> 
     </span>
    </p>
   </div>
   <div class='ocr_carea' id='block_1_29' title="bbox 630 2909 2206 2988">
    <p class='ocr_par' dir='ltr' id='par_1_29' title="bbox 630 2909 2206 2988">
     <span class='ocr_line' id='line_1_29' title="bbox 630 2909 2206 2988; baseline 0.005 -22"><span class='ocrx_word' id='word_1_209' title='bbox 630 2912 796 2966; x_wconf 87' lang='lat' dir='ltr'><strong>simus</strong></span> <span class='ocrx_word' id='word_1_210' title='bbox 825 2925 887 2967; x_wconf 89' lang='lat' dir='ltr'><strong>ac</strong></span> <span class='ocrx_word' id='word_1_211' title='bbox 918 2911 1120 2982; x_wconf 83' lang='lat' dir='ltr'><strong>vigiles,</strong></span> <span class='ocrx_word' id='word_1_212' title='bbox 1139 2909 1288 2970; x_wconf 82' lang='lat' dir='ltr'><strong>facile</strong></span> <span class='ocrx_word' id='word_1_213' title='bbox 1303 2914 1630 2985; x_wconf 82' lang='lat' dir='ltr'><strong>abripiutur:</strong></span> <span class='ocrx_word' id='word_1_214' title='bbox 1671 2927 1724 2972; x_wconf 92' lang='lat' dir='ltr'><strong>et</strong></span> <span class='ocrx_word' id='word_1_215' title='bbox 1750 2931 1920 2988; x_wconf 89' lang='lat' dir='ltr'><strong>neque</strong></span> <span class='ocrx_word' id='word_1_216' title='bbox 1950 2927 2206 2988; x_wconf 90' lang='lat' dir='ltr'><strong>tempore,</strong></span> 
     </span>
    </p>
   </div>
   <div class='ocr_carea' id='block_1_30' title="bbox 633 3003 2210 3078">
    <p class='ocr_par' dir='ltr' id='par_1_30' title="bbox 633 3003 2210 3078">
     <span class='ocr_line' id='line_1_30' title="bbox 633 3003 2210 3078; baseline 0.004 -21"><span class='ocrx_word' id='word_1_217' title='bbox 633 3016 803 3074; x_wconf 85' lang='lat' dir='ltr'><strong>neque</strong></span> <span class='ocrx_word' id='word_1_218' title='bbox 824 3003 1097 3070; x_wconf 77' lang='lat' dir='ltr'><strong>dilatione,</strong></span> <span class='ocrx_word' id='word_1_219' title='bbox 1121 3019 1292 3076; x_wconf 89' lang='lat' dir='ltr'><strong>neque</strong></span> <span class='ocrx_word' id='word_1_220' title='bbox 1321 3007 1580 3076; x_wconf 90' lang='lat' dir='ltr'><strong>impensa,</strong></span> <span class='ocrx_word' id='word_1_221' title='bbox 1609 3023 1782 3078; x_wconf 89' lang='lat' dir='ltr'><strong>neque</strong></span> <span class='ocrx_word' id='word_1_222' title='bbox 1810 3008 2083 3064; x_wconf 90' lang='lat' dir='ltr'><strong>molitione</strong></span> <span class='ocrx_word' id='word_1_223' title='bbox 2115 3024 2210 3064; x_wconf 82' lang='lat' dir='ltr'><strong>no-</strong></span> 
     </span>
    </p>
   </div>
   <div class='ocr_carea' id='block_1_31' title="bbox 633 3091 2209 3166">
    <p class='ocr_par' dir='ltr' id='par_1_31' title="bbox 633 3091 2209 3166">
     <span class='ocr_line' id='line_1_31' title="bbox 633 3091 2209 3166; baseline 0.004 -18"><span class='ocrx_word' id='word_1_224' title='bbox 633 3091 714 3150; x_wconf 78' lang='lat' dir='ltr'><strong>bis</strong></span> <span class='ocrx_word' id='word_1_225' title='bbox 752 3091 856 3150; x_wconf 90' lang='lat' dir='ltr'><strong>ulla</strong></span> <span class='ocrx_word' id='word_1_226' title='bbox 885 3105 967 3150; x_wconf 92' lang='lat' dir='ltr'><strong>est</strong></span> <span class='ocrx_word' id='word_1_227' title='bbox 987 3111 1139 3166; x_wconf 56' lang='lat' dir='ltr'><strong>npu‘s,</strong></span> <span class='ocrx_word' id='word_1_228' title='bbox 1164 3105 1221 3151; x_wconf 91' lang='grc' dir='ltr'><strong>ιιι</strong></span> <span class='ocrx_word' id='word_1_229' title='bbox 1247 3094 1659 3154; x_wconf 89' lang='lat' dir='ltr'><strong>maledicamns:</strong></span> <span class='ocrx_word' id='word_1_230' title='bbox 1687 3099 1778 3153; x_wconf 91' lang='lat' dir='ltr'><strong>sed</strong></span> <span class='ocrx_word' id='word_1_231' title='bbox 1804 3097 2071 3154; x_wconf 83' lang='lat' dir='ltr'><strong>sufiicitut</strong></span> <span class='ocrx_word' id='word_1_232' title='bbox 2094 3109 2209 3154; x_wconf 91' lang='lat' dir='ltr'><strong>tan-</strong></span> 
     </span>
    </p>
   </div>
   <div class='ocr_carea' id='block_1_32' title="bbox 628 3183 2208 3260">
    <p class='ocr_par' dir='ltr' id='par_1_32' title="bbox 628 3183 2208 3260">
     <span class='ocr_line' id='line_1_32' title="bbox 628 3183 2208 3260; baseline 0.005 -22"><span class='ocrx_word' id='word_1_233' title='bbox 628 3191 739 3239; x_wconf 84' lang='lat' dir='ltr'><strong>tum</strong></span> <span class='ocrx_word' id='word_1_234' title='bbox 772 3183 1015 3252; x_wconf 82' lang='lat' dir='ltr'><strong>velimus,</strong></span> <span class='ocrx_word' id='word_1_235' title='bbox 1046 3197 1102 3242; x_wconf 86' lang='lat' dir='ltr'><strong>et</strong></span> <span class='ocrx_word' id='word_1_236' title='bbox 1141 3187 1318 3242; x_wconf 79' lang='lat' dir='ltr'><strong>statim</strong></span> <span class='ocrx_word' id='word_1_237' title='bbox 1344 3188 1590 3243; x_wconf 80' lang='lat' dir='ltr'><strong>voluntas</strong></span> <span class='ocrx_word' id='word_1_238' title='bbox 1635 3189 1685 3242; x_wconf 91' lang='lat' dir='ltr'><strong>in</strong></span> <span class='ocrx_word' id='word_1_239' title='bbox 1714 3205 1850 3260; x_wconf 90' lang='lat' dir='ltr'><strong>opus</strong></span> <span class='ocrx_word' id='word_1_240' title='bbox 1899 3191 2027 3245; x_wconf 79' lang='lat' dir='ltr'><strong>exit.</strong></span> <span class='ocrx_word' id='word_1_241' title='bbox 2083 3192 2208 3248; x_wconf 83' lang='lat' dir='ltr'><strong>Sola</strong></span> 
     </span>
    </p>
   </div>
   <div class='ocr_carea' id='block_1_33' title="bbox 630 3277 2209 3351">
    <p class='ocr_par' dir='ltr' id='par_1_33' title="bbox 630 3277 2209 3351">
     <span class='ocr_line' id='line_1_33' title="bbox 630 3277 2209 3351; baseline 0.008 -24"><span class='ocrx_word' id='word_1_242' title='bbox 630 3277 822 3346; x_wconf 62' lang='lat' dir='ltr'><strong>Quippe</strong></span> <span class='ocrx_word' id='word_1_243' title='bbox 867 3277 1041 3348; x_wconf 79' lang='lat' dir='ltr'><strong>lingua</strong></span> <span class='ocrx_word' id='word_1_244' title='bbox 1091 3287 1172 3334; x_wconf 81' lang='lat' dir='ltr'><strong>est</strong></span> <span class='ocrx_word' id='word_1_245' title='bbox 1196 3293 1314 3349; x_wconf 74' lang='lat' dir='ltr'><strong>qua:</strong></span> <span class='ocrx_word' id='word_1_246' title='bbox 1337 3279 1574 3334; x_wconf 82' lang='lat' dir='ltr'><strong>inservit.</strong></span> <span class='ocrx_word' id='word_1_247' title='bbox 1601 3281 1824 3349; x_wconf 87' lang='lat' dir='ltr'><strong>Quando</strong></span> <span class='ocrx_word' id='word_1_248' title='bbox 1854 3283 2012 3351; x_wconf 90' lang='lat' dir='ltr'><strong>igitur</strong></span> <span class='ocrx_word' id='word_1_249' title='bbox 2052 3283 2209 3339; x_wconf 79' lang='lat' dir='ltr'><strong>velox</strong></span> 
     </span>
    </p>
   </div>
   <div class='ocr_carea' id='block_1_34' title="bbox 631 3369 2206 3443">
    <p class='ocr_par' dir='ltr' id='par_1_34' title="bbox 631 3369 2206 3443">
     <span class='ocr_line' id='line_1_34' title="bbox 631 3369 2206 3443; baseline 0.005 -22"><span class='ocrx_word' id='word_1_250' title='bbox 631 3374 716 3422; x_wconf 78' lang='lat' dir='ltr'><strong>est</strong></span> <span class='ocrx_word' id='word_1_251' title='bbox 768 3369 1008 3436; x_wconf 87' lang='lat' dir='ltr'><strong>malum,</strong></span> <span class='ocrx_word' id='word_1_252' title='bbox 1063 3378 1118 3424; x_wconf 92' lang='lat' dir='ltr'><strong>et</strong></span> <span class='ocrx_word' id='word_1_253' title='bbox 1167 3369 1322 3426; x_wconf 89' lang='lat' dir='ltr'><strong>facile</strong></span> <span class='ocrx_word' id='word_1_254' title='bbox 1380 3387 1481 3425; x_wconf 91' lang='lat' dir='ltr'><strong>nos</strong></span> <span class='ocrx_word' id='word_1_255' title='bbox 1524 3372 1872 3427; x_wconf 87' lang='lat' dir='ltr'><strong>circumstans</strong></span> <span class='ocrx_word' id='word_1_256' title='bbox 1911 3383 2206 3443; x_wconf 88' lang='lat' dir='ltr'><strong>peccatum,</strong></span> 
     </span>
    </p>
   </div>
   <div class='ocr_carea' id='block_1_35' title="bbox 629 3462 2206 3533">
    <p class='ocr_par' dir='ltr' id='par_1_35' title="bbox 629 3462 2206 3533">
     <span class='ocr_line' id='line_1_35' title="bbox 629 3462 2206 3533; baseline 0.003 -18"><span class='ocrx_word' id='word_1_257' title='bbox 629 3466 683 3515; x_wconf 87' lang='lat' dir='ltr'><strong>et</strong></span> <span class='ocrx_word' id='word_1_258' title='bbox 727 3472 883 3531; x_wconf 60' lang='lat' dir='ltr'><strong>pana</strong></span> <span class='ocrx_word' id='word_1_259' title='bbox 928 3462 1103 3531; x_wconf 77' lang='lat' dir='ltr'><strong>gravis</strong></span> <span class='ocrx_word' id='word_1_260' title='bbox 1145 3478 1208 3518; x_wconf 90' lang='lat' dir='ltr'><strong>ac</strong></span> <span class='ocrx_word' id='word_1_261' title='bbox 1237 3464 1579 3533; x_wconf 79' lang='lat' dir='ltr'><strong>supplicium,</strong></span> <span class='ocrx_word' id='word_1_262' title='bbox 1625 3479 1723 3518; x_wconf 82' lang='lat' dir='ltr'><strong>nec</strong></span> <span class='ocrx_word' id='word_1_263' title='bbox 1761 3464 1965 3519; x_wconf 90' lang='lat' dir='ltr'><strong>lucrum</strong></span> <span class='ocrx_word' id='word_1_264' title='bbox 2018 3465 2206 3532; x_wconf 90' lang='lat' dir='ltr'><strong>ullum,</strong></span> 
     </span>
    </p>
   </div>
   <div class='ocr_carea' id='block_1_36' title="bbox 629 3557 2212 3627">
    <p class='ocr_par' dir='ltr' id='par_1_36' title="bbox 629 3557 2212 3627">
     <span class='ocr_line' id='line_1_36' title="bbox 629 3557 2212 3627; baseline 0.004 -21"><span class='ocrx_word' id='word_1_265' title='bbox 629 3568 732 3606; x_wconf 90' lang='lat' dir='ltr'><strong>non</strong></span> <span class='ocrx_word' id='word_1_266' title='bbox 803 3568 1042 3622; x_wconf 87' lang='lat' dir='ltr'><strong>parvum,</strong></span> <span class='ocrx_word' id='word_1_267' title='bbox 1097 3571 1201 3608; x_wconf 91' lang='lat' dir='ltr'><strong>non</strong></span> <span class='ocrx_word' id='word_1_268' title='bbox 1243 3571 1512 3625; x_wconf 87' lang='lat' dir='ltr'><strong>magnum,</strong></span> <span class='ocrx_word' id='word_1_269' title='bbox 1544 3557 1825 3627; x_wconf 82' lang='lat' dir='ltr'><strong>diligenter</strong></span> <span class='ocrx_word' id='word_1_270' title='bbox 1881 3557 2022 3614; x_wconf 93' lang='lat' dir='ltr'><strong>hunc</strong></span> <span class='ocrx_word' id='word_1_271' title='bbox 2067 3573 2212 3614; x_wconf 79' lang='lat' dir='ltr'><strong>mor-</strong></span> 
     </span>
    </p>
   </div>
   <div class='ocr_carea' id='block_1_37' title="bbox 623 3643 2201 3722">
    <p class='ocr_par' dir='ltr' id='par_1_37' title="bbox 623 3643 2201 3722">
     <span class='ocr_line' id='line_1_37' title="bbox 623 3643 2201 3722; baseline 0.003 -23"><span class='ocrx_word' id='word_1_272' title='bbox 623 3645 750 3701; x_wconf 82' lang='lat' dir='ltr'><strong>bum</strong></span> <span class='ocrx_word' id='word_1_273' title='bbox 807 3643 1067 3716; x_wconf 78' lang='lat' dir='ltr'><strong>fugiamus</strong></span> <span class='ocrx_word' id='word_1_274' title='bbox 1098 3687 1112 3712; x_wconf 89' lang='lat'><strong>,</strong></span> <span class='ocrx_word' id='word_1_275' title='bbox 1164 3655 1217 3700; x_wconf 87' lang='lat' dir='ltr'><strong>et</strong></span> <span class='ocrx_word' id='word_1_276' title='bbox 1255 3647 1424 3701; x_wconf 87' lang='lat' dir='ltr'><strong>aliena</strong></span> <span class='ocrx_word' id='word_1_277' title='bbox 1499 3647 1636 3703; x_wconf 90' lang='lat' dir='ltr'><strong>mala</strong></span> <span class='ocrx_word' id='word_1_278' title='bbox 1687 3658 1927 3718; x_wconf 80' lang='lat' dir='ltr'><strong>legamus</strong></span> <span class='ocrx_word' id='word_1_279' title='bbox 1956 3688 1974 3716; x_wconf 94' lang='lat'><strong>,</strong></span> <span class='ocrx_word' id='word_1_280' title='bbox 2025 3664 2201 3722; x_wconf 86' lang='lat' dir='ltr'><strong>neque</strong></span> 
     </span>
    </p>
   </div>
   <div class='ocr_carea' id='block_1_38' title="bbox 1371 347 3850 412">
    <p class='ocr_par' dir='ltr' id='par_1_38' title="bbox 1371 347 3850 412">
     <span class='ocr_line' id='line_1_38' title="bbox 1371 347 3850 412; baseline -0.003 -5"><span class='ocrx_word' id='word_1_281' title='bbox 1371 351 1426 407; x_wconf 87' lang='grc' dir='ltr'>ε.</span> <span class='ocrx_word' id='word_1_282' title='bbox 1463 350 1741 406; x_wconf 70' lang='lat' dir='ltr'><strong>JUANNIS</strong></span> <span class='ocrx_word' id='word_1_283' title='bbox 1789 348 2259 406; x_wconf 67' lang='lat' dir='ltr'><strong>cuarsosrosu</strong></span> <span class='ocrx_word' id='word_1_284' title='bbox 2317 348 2628 402; x_wconf 66' lang='lat' dir='ltr'><strong>antzttncr.</strong></span> <span class='ocrx_word' id='word_1_285' title='bbox 2671 347 3203 403; x_wconf 54' lang='lat' dir='ltr'><strong>censu-mmor.</strong></span> <span class='ocrx_word' id='word_1_286' title='bbox 3767 361 3850 412; x_wconf 68' lang='grc' dir='ltr'><strong>ης</strong></span> 
     </span>
    </p>
   </div>
   <div class='ocr_carea' id='block_1_39' title="bbox 2339 463 3852 533">
    <p class='ocr_par' dir='ltr' id='par_1_39' title="bbox 2339 463 3852 533">
     <span class='ocr_line' id='line_1_39' title="bbox 2339 463 3852 533; baseline 0.004 -17"><span class='ocrx_word' id='word_1_287' title='bbox 2339 465 2679 533; x_wconf 82' lang='lat' dir='ltr'><strong>propalemns</strong></span> <span class='ocrx_word' id='word_1_288' title='bbox 2724 478 2739 515; x_wconf 88' lang='lat'><strong>:</strong></span> <span class='ocrx_word' id='word_1_289' title='bbox 2783 463 3164 516; x_wconf 88' lang='lat' dir='ltr'><strong>admoneamus</strong></span> <span class='ocrx_word' id='word_1_290' title='bbox 3187 474 3473 530; x_wconf 84' lang='lat' dir='ltr'><strong>peccantes.</strong></span> <span class='ocrx_word' id='word_1_291' title='bbox 3521 476 3570 520; x_wconf 85' lang='lat' dir='ltr'><strong>ut</strong></span> <span class='ocrx_word' id='word_1_292' title='bbox 3619 469 3733 524; x_wconf 75' lang='lat' dir='ltr'><strong>dicit</strong></span> <span class='ocrx_word' id='word_1_293' title='bbox 3768 473 3852 526; x_wconf 74' lang='lat' dir='ltr'><strong>Do-</strong></span> 
     </span>
    </p>
   </div>
   <div class='ocr_carea' id='block_1_40' title="bbox 2335 555 3852 627">
    <p class='ocr_par' dir='ltr' id='par_1_40' title="bbox 2335 555 3852 627">
     <span class='ocr_line' id='line_1_40' title="bbox 2335 555 3852 627; baseline 0.005 -17"><span class='ocrx_word' id='word_1_294' title='bbox 2335 557 2510 610; x_wconf 90' lang='lat' dir='ltr'><strong>minus</strong></span> <span class='ocrx_word' id='word_1_295' title='bbox 2567 573 2580 610; x_wconf 90' lang='lat'><strong>:</strong></span> <span class='ocrx_word' id='word_1_296' title='bbox 2631 555 2692 610; x_wconf 85' lang='lat' dir='ltr'><strong>Si</strong></span> <span class='ocrx_word' id='word_1_297' title='bbox 2734 556 3008 624; x_wconf 76' lang='lat' dir='ltr'><strong>peccauerit</strong></span> <span class='ocrx_word' id='word_1_298' title='bbox 3063 556 3115 608; x_wconf 84' lang='lat' dir='ltr'><strong>in</strong></span> <span class='ocrx_word' id='word_1_299' title='bbox 3176 564 3224 608; x_wconf 78' lang='lat' dir='ltr'><strong>te</strong></span> <span class='ocrx_word' id='word_1_300' title='bbox 3273 559 3424 624; x_wconf 79' lang='lat' dir='ltr'><strong>frater</strong></span> <span class='ocrx_word' id='word_1_301' title='bbox 3463 568 3611 623; x_wconf 75' lang='lat' dir='ltr'><strong>tuus,</strong></span> <span class='ocrx_word' id='word_1_302' title='bbox 3651 563 3775 627; x_wconf 77' lang='lat' dir='ltr'><strong>rude,</strong></span> <span class='ocrx_word' id='word_1_303' title='bbox 3815 577 3852 618; x_wconf 72' lang='lat' dir='ltr'><strong>ct</strong></span> 
     </span>
    </p>
   </div>
   <div class='ocr_carea' id='block_1_41' title="bbox 2332 645 3849 718">
    <p class='ocr_par' dir='ltr' id='par_1_41' title="bbox 2332 645 3849 718">
     <span class='ocr_line' id='line_1_41' title="bbox 2332 645 3849 718; baseline 0.005 -19"><span class='ocrx_word' id='word_1_304' title='bbox 2332 647 2529 716; x_wconf 82' lang='lat' dir='ltr'><strong>corripe</strong></span> <span class='ocrx_word' id='word_1_305' title='bbox 2569 663 2682 699; x_wconf 80' lang='lat' dir='ltr'><strong>eum</strong></span> <span class='ocrx_word' id='word_1_306' title='bbox 2739 647 2868 698; x_wconf 86' lang='lat' dir='ltr'><strong>inter</strong></span> <span class='ocrx_word' id='word_1_307' title='bbox 2911 656 2958 698; x_wconf 84' lang='lat' dir='ltr'><strong>te</strong></span> <span class='ocrx_word' id='word_1_308' title='bbox 3014 655 3060 699; x_wconf 83' lang='lat' dir='ltr'><strong>ct</strong></span> <span class='ocrx_word' id='word_1_309' title='bbox 3119 645 3282 715; x_wconf 77' lang='lat' dir='ltr'><strong>ipsum</strong></span> <span class='ocrx_word' id='word_1_310' title='bbox 3333 646 3528 718; x_wconf 79' lang='lat' dir='ltr'><strong>solum(</strong></span> <span class='ocrx_word' id='word_1_311' title='bbox 3559 649 3724 703; x_wconf 78' lang='lat' dir='ltr'><strong>Matth.</strong></span> <span class='ocrx_word' id='word_1_312' title='bbox 3784 655 3849 710; x_wconf 84' lang='lat' dir='ltr'><strong>l8.</strong></span> 
     </span>
    </p>
   </div>
   <div class='ocr_carea' id='block_1_42' title="bbox 2334 736 3853 812">
    <p class='ocr_par' dir='ltr' id='par_1_42' title="bbox 2334 736 3853 812">
     <span class='ocr_line' id='line_1_42' title="bbox 2334 736 3853 812; baseline 0.001 -21"><span class='ocrx_word' id='word_1_313' title='bbox 2334 737 2462 805; x_wconf 80' lang='grc'><strong>15).</strong></span> <span class='ocrx_word' id='word_1_314' title='bbox 2514 736 2690 805; x_wconf 77' lang='lat' dir='ltr'><strong>itaque</strong></span> <span class='ocrx_word' id='word_1_315' title='bbox 2763 746 2958 804; x_wconf 84' lang='lat' dir='ltr'><strong>quanto</strong></span> <span class='ocrx_word' id='word_1_316' title='bbox 3009 737 3183 788; x_wconf 90' lang='lat' dir='ltr'><strong>minus</strong></span> <span class='ocrx_word' id='word_1_317' title='bbox 3251 736 3404 791; x_wconf 84' lang='lat' dir='ltr'><strong>fuerit</strong></span> <span class='ocrx_word' id='word_1_318' title='bbox 3469 739 3657 806; x_wconf 87' lang='lat' dir='ltr'><strong>publica</strong></span> <span class='ocrx_word' id='word_1_319' title='bbox 3707 757 3853 812; x_wconf 72' lang='lat' dir='ltr'><strong>vepre.</strong></span> 
     </span>
    </p>
   </div>
   <div class='ocr_carea' id='block_1_43' title="bbox 2333 825 3854 890">
    <p class='ocr_par' dir='ltr' id='par_1_43' title="bbox 2333 825 3854 890">
     <span class='ocr_line' id='line_1_43' title="bbox 2333 825 3854 890; baseline 0.004 -11"><span class='ocrx_word' id='word_1_320' title='bbox 2333 825 2536 889; x_wconf 81' lang='lat' dir='ltr'><strong>hensio,</strong></span> <span class='ocrx_word' id='word_1_321' title='bbox 2615 834 2759 879; x_wconf 90' lang='lat' dir='ltr'><strong>tanto</strong></span> <span class='ocrx_word' id='word_1_322' title='bbox 2838 825 3045 879; x_wconf 77' lang='lat' dir='ltr'><strong>facilius</strong></span> <span class='ocrx_word' id='word_1_323' title='bbox 3110 826 3420 880; x_wconf 80' lang='lat' dir='ltr'><strong>medicinam</strong></span> <span class='ocrx_word' id='word_1_324' title='bbox 3459 828 3730 883; x_wconf 82' lang='lat' dir='ltr'><strong>adhibebis.</strong></span> <span class='ocrx_word' id='word_1_325' title='bbox 3795 835 3854 890; x_wconf 70' lang='lat' dir='ltr'><strong>No</strong></span> 
     </span>
    </p>
   </div>
   <div class='ocr_carea' id='block_1_44' title="bbox 2331 915 3851 985">
    <p class='ocr_par' dir='ltr' id='par_1_44' title="bbox 2331 915 3851 985">
     <span class='ocr_line' id='line_1_44' title="bbox 2331 915 3851 985; baseline 0.004 -17"><span class='ocrx_word' id='word_1_326' title='bbox 2331 916 2668 969; x_wconf 80' lang='lat' dir='ltr'><strong>mordeamus</strong></span> <span class='ocrx_word' id='word_1_327' title='bbox 2699 956 2715 977; x_wconf 90' lang='lat'><strong>,</strong></span> <span class='ocrx_word' id='word_1_328' title='bbox 2775 931 2944 984; x_wconf 88' lang='lat' dir='ltr'><strong>neque</strong></span> <span class='ocrx_word' id='word_1_329' title='bbox 3021 915 3329 969; x_wconf 88' lang='lat' dir='ltr'><strong>arrodamns</strong></span> <span class='ocrx_word' id='word_1_330' title='bbox 3411 917 3573 971; x_wconf 88' lang='lat' dir='ltr'><strong>aliena</strong></span> <span class='ocrx_word' id='word_1_331' title='bbox 3637 920 3851 985; x_wconf 78' lang='lat' dir='ltr'><strong>vulnera;</strong></span> 
     </span>
    </p>
   </div>
   <div class='ocr_carea' id='block_1_45' title="bbox 2331 1005 3854 1073">
    <p class='ocr_par' dir='ltr' id='par_1_45' title="bbox 2331 1005 3854 1073">
     <span class='ocr_line' id='line_1_45' title="bbox 2331 1005 3854 1073; baseline 0.005 -15"><span class='ocrx_word' id='word_1_332' title='bbox 2331 1021 2397 1058; x_wconf 88' lang='lat' dir='ltr'><strong>ne</strong></span> <span class='ocrx_word' id='word_1_333' title='bbox 2442 1021 2650 1058; x_wconf 90' lang='lat' dir='ltr'><strong>muscas</strong></span> <span class='ocrx_word' id='word_1_334' title='bbox 2696 1005 2981 1070; x_wconf 86' lang='lat' dir='ltr'><strong>imitemur,</strong></span> <span class='ocrx_word' id='word_1_335' title='bbox 3029 1005 3123 1059; x_wconf 88' lang='lat' dir='ltr'><strong>sed</strong></span> <span class='ocrx_word' id='word_1_336' title='bbox 3168 1020 3295 1073; x_wconf 90' lang='lat' dir='ltr'><strong>apes</strong></span> <span class='ocrx_word' id='word_1_337' title='bbox 3329 1007 3646 1062; x_wconf 77' lang='lat' dir='ltr'><strong>:emulcmur.</strong></span> <span class='ocrx_word' id='word_1_338' title='bbox 3694 1009 3854 1067; x_wconf 66' lang='lat' dir='ltr'><strong>Musca</strong></span> 
     </span>
    </p>
   </div>
   <div class='ocr_carea' id='block_1_46' title="bbox 2330 1096 3856 1166">
    <p class='ocr_par' dir='ltr' id='par_1_46' title="bbox 2330 1096 3856 1166">
     <span class='ocr_line' id='line_1_46' title="bbox 2330 1096 3856 1166; baseline 0.006 -19"><span class='ocrx_word' id='word_1_339' title='bbox 2330 1096 2635 1149; x_wconf 88' lang='lat' dir='ltr'><strong>vulneribus</strong></span> <span class='ocrx_word' id='word_1_340' title='bbox 2654 1096 2904 1162; x_wconf 86' lang='lat' dir='ltr'><strong>insident,</strong></span> <span class='ocrx_word' id='word_1_341' title='bbox 2923 1111 3089 1165; x_wconf 88' lang='lat' dir='ltr'><strong>eaque</strong></span> <span class='ocrx_word' id='word_1_342' title='bbox 3108 1097 3350 1152; x_wconf 89' lang='lat' dir='ltr'><strong>mordent</strong></span> <span class='ocrx_word' id='word_1_343' title='bbox 3369 1115 3382 1150; x_wconf 88' lang='lat'><strong>:</strong></span> <span class='ocrx_word' id='word_1_344' title='bbox 3399 1114 3522 1166; x_wconf 84' lang='lat' dir='ltr'><strong>apes</strong></span> <span class='ocrx_word' id='word_1_345' title='bbox 3564 1101 3612 1154; x_wconf 88' lang='lat' dir='ltr'><strong>in</strong></span> <span class='ocrx_word' id='word_1_346' title='bbox 3640 1100 3856 1158; x_wconf 84' lang='lat' dir='ltr'><strong>floresin-</strong></span> 
     </span>
    </p>
   </div>
   <div class='ocr_carea' id='block_1_47' title="bbox 2329 1186 3845 1249">
    <p class='ocr_par' dir='ltr' id='par_1_47' title="bbox 2329 1186 3845 1249">
     <span class='ocr_line' id='line_1_47' title="bbox 2329 1186 3845 1249; baseline 0.006 -11"><span class='ocrx_word' id='word_1_347' title='bbox 2329 1187 2526 1240; x_wconf 86' lang='lat' dir='ltr'><strong>volant.</strong></span> <span class='ocrx_word' id='word_1_348' title='bbox 2550 1186 2749 1242; x_wconf 90' lang='lat' dir='ltr'><strong>Idcirco</strong></span> <span class='ocrx_word' id='word_1_349' title='bbox 2785 1187 2898 1242; x_wconf 75' lang='lat' dir='ltr'><strong>ista:</strong></span> <span class='ocrx_word' id='word_1_350' title='bbox 2926 1187 3070 1240; x_wconf 86' lang='lat' dir='ltr'><strong>favos</strong></span> <span class='ocrx_word' id='word_1_351' title='bbox 3085 1188 3421 1249; x_wconf 87' lang='lat' dir='ltr'><strong>concinnant.</strong></span> <span class='ocrx_word' id='word_1_352' title='bbox 3442 1190 3539 1244; x_wconf 74' lang='lat' dir='ltr'><strong>illa:</strong></span> <span class='ocrx_word' id='word_1_353' title='bbox 3555 1192 3748 1246; x_wconf 87' lang='lat' dir='ltr'><strong>morbos</strong></span> <span class='ocrx_word' id='word_1_354' title='bbox 3760 1209 3845 1247; x_wconf 83' lang='lat' dir='ltr'><strong>cor-</strong></span> 
     </span>
    </p>
   </div>
   <div class='ocr_carea' id='block_1_48' title="bbox 2329 1278 3852 1353">
    <p class='ocr_par' dir='ltr' id='par_1_48' title="bbox 2329 1278 3852 1353">
     <span class='ocr_line' id='line_1_48' title="bbox 2329 1278 3852 1353; baseline 0.005 -24"><span class='ocrx_word' id='word_1_355' title='bbox 2329 1280 2541 1348; x_wconf 87' lang='lat' dir='ltr'><strong>poribus</strong></span> <span class='ocrx_word' id='word_1_356' title='bbox 2571 1278 2842 1343; x_wconf 84' lang='lat' dir='ltr'><strong>invehunt,</strong></span> <span class='ocrx_word' id='word_1_357' title='bbox 2863 1279 3352 1346; x_wconf 84' lang='lat' dir='ltr'><strong>quibusinscderint</strong></span> <span class='ocrx_word' id='word_1_358' title='bbox 3371 1295 3386 1345; x_wconf 88' lang='lat'><strong>;</strong></span> <span class='ocrx_word' id='word_1_359' title='bbox 3405 1295 3558 1353; x_wconf 89' lang='lat' dir='ltr'><strong>atque</strong></span> <span class='ocrx_word' id='word_1_360' title='bbox 3577 1283 3654 1336; x_wconf 73' lang='lat' dir='ltr'><strong>lite</strong></span> <span class='ocrx_word' id='word_1_361' title='bbox 3676 1283 3852 1352; x_wconf 85' lang='lat' dir='ltr'><strong>quidem</strong></span> 
     </span>
    </p>
   </div>
   <div class='ocr_carea' id='block_1_49' title="bbox 2327 1369 3853 1430">
    <p class='ocr_par' dir='ltr' id='par_1_49' title="bbox 2327 1369 3853 1430">
     <span class='ocr_line' id='line_1_49' title="bbox 2327 1369 3853 1430; baseline 0.003 -7"><span class='ocrx_word' id='word_1_362' title='bbox 2327 1369 2649 1423; x_wconf 70' lang='lat' dir='ltr'><strong>detestanda:</strong></span> <span class='ocrx_word' id='word_1_363' title='bbox 2673 1378 2813 1430; x_wconf 90' lang='lat' dir='ltr'><strong>sunt,</strong></span> <span class='ocrx_word' id='word_1_364' title='bbox 2840 1370 2943 1424; x_wconf 66' lang='lat' dir='ltr'><strong>illae</strong></span> <span class='ocrx_word' id='word_1_365' title='bbox 2964 1385 3088 1424; x_wconf 85' lang='lat' dir='ltr'><strong>vero</strong></span> <span class='ocrx_word' id='word_1_366' title='bbox 3103 1369 3357 1426; x_wconf 86' lang='lat' dir='ltr'><strong>amabiles</strong></span> <span class='ocrx_word' id='word_1_367' title='bbox 3379 1382 3496 1425; x_wconf 88' lang='lat' dir='ltr'><strong>sunt</strong></span> <span class='ocrx_word' id='word_1_368' title='bbox 3512 1383 3562 1426; x_wconf 91' lang='lat' dir='ltr'><strong>et</strong></span> <span class='ocrx_word' id='word_1_369' title='bbox 3579 1373 3775 1427; x_wconf 85' lang='lat' dir='ltr'><strong>nobiles.</strong></span> <span class='ocrx_word' id='word_1_370' title='bbox 3801 1375 3853 1428; x_wconf 82' lang='lat' dir='ltr'><strong>Et</strong></span> 
     </span>
    </p>
   </div>
   <div class='ocr_carea' id='block_1_50' title="bbox 2330 1458 3851 1530">
    <p class='ocr_par' dir='ltr' id='par_1_50' title="bbox 2330 1458 3851 1530">
     <span class='ocr_line' id='line_1_50' title="bbox 2330 1458 3851 1530; baseline 0.001 -16"><span class='ocrx_word' id='word_1_371' title='bbox 2330 1475 2426 1514; x_wconf 86' lang='lat' dir='ltr'><strong>nos</strong></span> <span class='ocrx_word' id='word_1_372' title='bbox 2455 1458 2612 1530; x_wconf 84' lang='lat' dir='ltr'><strong>igitur</strong></span> <span class='ocrx_word' id='word_1_373' title='bbox 2647 1460 2899 1513; x_wconf 87' lang='lat' dir='ltr'><strong>faciamus</strong></span> <span class='ocrx_word' id='word_1_374' title='bbox 2939 1468 2993 1512; x_wconf 91' lang='lat' dir='ltr'><strong>ut</strong></span> <span class='ocrx_word' id='word_1_375' title='bbox 3026 1460 3076 1512; x_wconf 92' lang='lat' dir='ltr'><strong>in</strong></span> <span class='ocrx_word' id='word_1_376' title='bbox 3107 1471 3310 1528; x_wconf 88' lang='lat' dir='ltr'><strong>pratum</strong></span> <span class='ocrx_word' id='word_1_377' title='bbox 3355 1461 3558 1515; x_wconf 78' lang='lat' dir='ltr'><strong>virtutis</strong></span> <span class='ocrx_word' id='word_1_378' title='bbox 3592 1472 3851 1517; x_wconf 78' lang='lat' dir='ltr'><strong>sanctorum</strong></span> 
     </span>
    </p>
   </div>
   <div class='ocr_carea' id='block_1_51' title="bbox 2325 1550 3852 1615">
    <p class='ocr_par' dir='ltr' id='par_1_51' title="bbox 2325 1550 3852 1615">
     <span class='ocr_line' id='line_1_51' title="bbox 2325 1550 3852 1615; baseline 0.003 -13"><span class='ocrx_word' id='word_1_379' title='bbox 2325 1550 2502 1603; x_wconf 90' lang='lat' dir='ltr'><strong>anima</strong></span> <span class='ocrx_word' id='word_1_380' title='bbox 2531 1559 2712 1603; x_wconf 88' lang='lat' dir='ltr'><strong>nostra</strong></span> <span class='ocrx_word' id='word_1_381' title='bbox 2745 1550 2964 1615; x_wconf 90' lang='lat' dir='ltr'><strong>involet,</strong></span> <span class='ocrx_word' id='word_1_382' title='bbox 2986 1560 3039 1604; x_wconf 91' lang='lat' dir='ltr'><strong>et</strong></span> <span class='ocrx_word' id='word_1_383' title='bbox 3067 1564 3283 1604; x_wconf 85' lang='lat' dir='ltr'><strong>suavem</strong></span> <span class='ocrx_word' id='word_1_384' title='bbox 3322 1561 3464 1606; x_wconf 87' lang='lat' dir='ltr'><strong>recte</strong></span> <span class='ocrx_word' id='word_1_385' title='bbox 3491 1550 3727 1606; x_wconf 68' lang='lat' dir='ltr'><strong>facturum</strong></span> <span class='ocrx_word' id='word_1_386' title='bbox 3746 1553 3852 1606; x_wconf 86' lang='lat' dir='ltr'><strong>odo-</strong></span> 
     </span>
    </p>
   </div>
   <div class='ocr_carea' id='block_1_52' title="bbox 2327 1637 3852 1711">
    <p class='ocr_par' dir='ltr' id='par_1_52' title="bbox 2327 1637 3852 1711">
     <span class='ocr_line' id='line_1_52' title="bbox 2327 1637 3852 1711; baseline 0.002 -17"><span class='ocrx_word' id='word_1_387' title='bbox 2327 1655 2440 1694; x_wconf 88' lang='lat' dir='ltr'><strong>rem</strong></span> <span class='ocrx_word' id='word_1_388' title='bbox 2488 1639 2556 1694; x_wconf 86' lang='lat' dir='ltr'><strong>ab</strong></span> <span class='ocrx_word' id='word_1_389' title='bbox 2595 1641 2696 1694; x_wconf 91' lang='lat' dir='ltr'><strong>illis</strong></span> <span class='ocrx_word' id='word_1_390' title='bbox 2742 1637 2968 1695; x_wconf 77' lang='lat' dir='ltr'><strong>effusum</strong></span> <span class='ocrx_word' id='word_1_391' title='bbox 3005 1641 3338 1709; x_wconf 79' lang='lat' dir='ltr'><strong>excitemus,</strong></span> <span class='ocrx_word' id='word_1_392' title='bbox 3374 1643 3708 1711; x_wconf 77' lang='lat' dir='ltr'><strong>proximorum</strong></span> <span class='ocrx_word' id='word_1_393' title='bbox 3748 1659 3852 1698; x_wconf 79' lang='lat' dir='ltr'><strong>vero</strong></span> 
     </span>
    </p>
   </div>
   <div class='ocr_carea' id='block_1_53' title="bbox 2325 1730 3851 1803">
    <p class='ocr_par' dir='ltr' id='par_1_53' title="bbox 2325 1730 3851 1803">
     <span class='ocr_line' id='line_1_53' title="bbox 2325 1730 3851 1803; baseline 0.003 -21"><span class='ocrx_word' id='word_1_394' title='bbox 2325 1733 2542 1784; x_wconf 68' lang='lat' dir='ltr'><strong>vulnera</strong></span> <span class='ocrx_word' id='word_1_395' title='bbox 2585 1745 2652 1784; x_wconf 87' lang='lat' dir='ltr'><strong>ne</strong></span> <span class='ocrx_word' id='word_1_396' title='bbox 2680 1730 2994 1785; x_wconf 79' lang='lat' dir='ltr'><strong>vellicetnus</strong></span> <span class='ocrx_word' id='word_1_397' title='bbox 3027 1749 3041 1783; x_wconf 89' lang='lat'><strong>:</strong></span> <span class='ocrx_word' id='word_1_398' title='bbox 3071 1731 3310 1799; x_wconf 81' lang='lat' dir='ltr'><strong>quinimo</strong></span> <span class='ocrx_word' id='word_1_399' title='bbox 3349 1732 3393 1786; x_wconf 91' lang='lat' dir='ltr'><strong>si</strong></span> <span class='ocrx_word' id='word_1_400' title='bbox 3423 1747 3552 1801; x_wconf 90' lang='lat' dir='ltr'><strong>quos</strong></span> <span class='ocrx_word' id='word_1_401' title='bbox 3590 1733 3636 1786; x_wconf 90' lang='lat' dir='ltr'><strong>id</strong></span> <span class='ocrx_word' id='word_1_402' title='bbox 3672 1744 3851 1803; x_wconf 81' lang='lat' dir='ltr'><strong>agentes</strong></span> 
     </span>
    </p>
   </div>
   <div class='ocr_carea' id='block_1_54' title="bbox 2323 1821 3852 1893">
    <p class='ocr_par' dir='ltr' id='par_1_54' title="bbox 2323 1821 3852 1893">
     <span class='ocr_line' id='line_1_54' title="bbox 2323 1821 3852 1893; baseline 0.001 -19"><span class='ocrx_word' id='word_1_403' title='bbox 2323 1821 2616 1875; x_wconf 78' lang='lat' dir='ltr'><strong>viderimus</strong></span> <span class='ocrx_word' id='word_1_404' title='bbox 2635 1862 2649 1885; x_wconf 92' lang='lat'><strong>,</strong></span> <span class='ocrx_word' id='word_1_405' title='bbox 2673 1835 2733 1875; x_wconf 92' lang='lat' dir='ltr'><strong>os</strong></span> <span class='ocrx_word' id='word_1_406' title='bbox 2763 1821 2869 1874; x_wconf 88' lang='lat' dir='ltr'><strong>illis</strong></span> <span class='ocrx_word' id='word_1_407' title='bbox 2893 1821 3231 1875; x_wconf 86' lang='lat' dir='ltr'><strong>occludamus</strong></span> <span class='ocrx_word' id='word_1_408' title='bbox 3258 1864 3272 1884; x_wconf 87' lang='lat'><strong>,</strong></span> <span class='ocrx_word' id='word_1_409' title='bbox 3303 1821 3537 1893; x_wconf 86' lang='lat' dir='ltr'><strong>supplicii</strong></span> <span class='ocrx_word' id='word_1_410' title='bbox 3564 1833 3740 1876; x_wconf 88' lang='lat' dir='ltr'><strong>metmn</strong></span> <span class='ocrx_word' id='word_1_411' title='bbox 3769 1824 3852 1875; x_wconf 81' lang='lat' dir='ltr'><strong>illis</strong></span> 
     </span>
    </p>
   </div>
   <div class='ocr_carea' id='block_1_55' title="bbox 2321 1913 3849 1983">
    <p class='ocr_par' dir='ltr' id='par_1_55' title="bbox 2321 1913 3849 1983">
     <span class='ocr_line' id='line_1_55' title="bbox 2321 1913 3849 1983; baseline -0.003 -13"><span class='ocrx_word' id='word_1_412' title='bbox 2321 1914 2652 1983; x_wconf 79' lang='lat' dir='ltr'><strong>objieianius,</strong></span> <span class='ocrx_word' id='word_1_413' title='bbox 2681 1921 2735 1968; x_wconf 91' lang='lat' dir='ltr'><strong>et</strong></span> <span class='ocrx_word' id='word_1_414' title='bbox 2759 1914 3088 1982; x_wconf 81' lang='lat' dir='ltr'><strong>cognationis</strong></span> <span class='ocrx_word' id='word_1_415' title='bbox 3114 1915 3214 1968; x_wconf 90' lang='lat' dir='ltr'><strong>illis</strong></span> <span class='ocrx_word' id='word_1_416' title='bbox 3231 1921 3535 1968; x_wconf 85' lang='lat' dir='ltr'><strong>memoriam</strong></span> <span class='ocrx_word' id='word_1_417' title='bbox 3563 1913 3849 1976; x_wconf 78' lang='lat' dir='ltr'><strong>rcfr&#39;ccmus,</strong></span> 
     </span>
    </p>
   </div>
   <div class='ocr_carea' id='block_1_56' title="bbox 2323 2003 3848 2077">
    <p class='ocr_par' dir='ltr' id='par_1_56' title="bbox 2323 2003 3848 2077">
     <span class='ocr_line' id='line_1_56' title="bbox 2323 2003 3848 2077; baseline -0.002 -17"><span class='ocrx_word' id='word_1_418' title='bbox 2323 2021 2442 2077; x_wconf 67' lang='lat' dir='ltr'><strong>qua:</strong></span> <span class='ocrx_word' id='word_1_419' title='bbox 2471 2006 2570 2060; x_wconf 88' lang='lat' dir='ltr'><strong>illis</strong></span> <span class='ocrx_word' id='word_1_420' title='bbox 2611 2021 2731 2061; x_wconf 91' lang='lat' dir='ltr'><strong>cum</strong></span> <span class='ocrx_word' id='word_1_421' title='bbox 2762 2003 3012 2061; x_wconf 86' lang='lat' dir='ltr'><strong>fratribus</strong></span> <span class='ocrx_word' id='word_1_422' title='bbox 3039 2006 3338 2060; x_wconf 88' lang='lat' dir='ltr'><strong>intercedit.</strong></span> <span class='ocrx_word' id='word_1_423' title='bbox 3367 2006 3513 2074; x_wconf 90' lang='lat' dir='ltr'><strong>Quod</strong></span> <span class='ocrx_word' id='word_1_424' title='bbox 3543 2008 3582 2061; x_wconf 88' lang='lat' dir='ltr'><strong>si</strong></span> <span class='ocrx_word' id='word_1_425' title='bbox 3625 2006 3738 2060; x_wconf 87' lang='lat' dir='ltr'><strong>nihil</strong></span> <span class='ocrx_word' id='word_1_426' title='bbox 3768 2006 3848 2059; x_wconf 85' lang='lat' dir='ltr'><strong>ho-</strong></span> 
     </span>
    </p>
   </div>
   <div class='ocr_carea' id='block_1_57' title="bbox 2321 2097 3852 2170">
    <p class='ocr_par' dir='ltr' id='par_1_57' title="bbox 2321 2097 3852 2170">
     <span class='ocr_line' id='line_1_57' title="bbox 2321 2097 3852 2170; baseline -0.001 -18"><span class='ocrx_word' id='word_1_427' title='bbox 2321 2113 2437 2152; x_wconf 89' lang='lat' dir='ltr'><strong>rum</strong></span> <span class='ocrx_word' id='word_1_428' title='bbox 2467 2098 2584 2152; x_wconf 85' lang='lat' dir='ltr'><strong>illos</strong></span> <span class='ocrx_word' id='word_1_429' title='bbox 2613 2105 2856 2161; x_wconf 90' lang='lat' dir='ltr'><strong>moveat,</strong></span> <span class='ocrx_word' id='word_1_430' title='bbox 2889 2112 3099 2151; x_wconf 83' lang='lat' dir='ltr'><strong>muscas</strong></span> <span class='ocrx_word' id='word_1_431' title='bbox 3139 2097 3256 2152; x_wconf 74' lang='lat' dir='ltr'><strong>illos</strong></span> <span class='ocrx_word' id='word_1_432' title='bbox 3287 2099 3630 2170; x_wconf 85' lang='lat' dir='ltr'><strong>appellemus,</strong></span> <span class='ocrx_word' id='word_1_433' title='bbox 3655 2109 3701 2150; x_wconf 88' lang='lat' dir='ltr'><strong>nt</strong></span> <span class='ocrx_word' id='word_1_434' title='bbox 3728 2097 3852 2165; x_wconf 61' lang='lat' dir='ltr'><strong>huius</strong></span> 
     </span>
    </p>
   </div>
   <div class='ocr_carea' id='block_1_58' title="bbox 2322 2187 3852 2257">
    <p class='ocr_par' dir='ltr' id='par_1_58' title="bbox 2322 2187 3852 2257">
     <span class='ocr_line' id='line_1_58' title="bbox 2322 2187 3852 2257; baseline -0.004 -11"><span class='ocrx_word' id='word_1_435' title='bbox 2322 2189 2512 2246; x_wconf 86' lang='lat' dir='ltr'><strong>saltem</strong></span> <span class='ocrx_word' id='word_1_436' title='bbox 2540 2187 2908 2257; x_wconf 77' lang='lat' dir='ltr'><strong>appellationis</strong></span> <span class='ocrx_word' id='word_1_437' title='bbox 2937 2187 3132 2257; x_wconf 89' lang='lat' dir='ltr'><strong>probro</strong></span> <span class='ocrx_word' id='word_1_438' title='bbox 3159 2202 3189 2239; x_wconf 92' lang='lat' dir='ltr'><strong>a</strong></span> <span class='ocrx_word' id='word_1_439' title='bbox 3221 2202 3386 2255; x_wconf 83' lang='lat' dir='ltr'><strong>pravo</strong></span> <span class='ocrx_word' id='word_1_440' title='bbox 3419 2193 3517 2242; x_wconf 92' lang='lat' dir='ltr'><strong>boc</strong></span> <span class='ocrx_word' id='word_1_441' title='bbox 3556 2188 3765 2240; x_wconf 90' lang='lat' dir='ltr'><strong>instituto</strong></span> <span class='ocrx_word' id='word_1_442' title='bbox 3788 2202 3852 2240; x_wconf 32' lang='lat' dir='ltr'><strong>res</strong></span> 
     </span>
    </p>
   </div>
   <div class='ocr_carea' id='block_1_59' title="bbox 2318 2276 3852 2345">
    <p class='ocr_par' dir='ltr' id='par_1_59' title="bbox 2318 2276 3852 2345">
     <span class='ocr_line' id='line_1_59' title="bbox 2318 2276 3852 2345; baseline -0.006 -10"><span class='ocrx_word' id='word_1_443' title='bbox 2318 2292 2609 2345; x_wconf 69' lang='lat' dir='ltr'><strong>\‘ocentur;</strong></span> <span class='ocrx_word' id='word_1_444' title='bbox 2634 2289 2691 2333; x_wconf 89' lang='lat' dir='ltr'><strong>ut</strong></span> <span class='ocrx_word' id='word_1_445' title='bbox 2718 2281 2783 2334; x_wconf 87' lang='lat' dir='ltr'><strong>ab</strong></span> <span class='ocrx_word' id='word_1_446' title='bbox 2806 2281 2904 2334; x_wconf 92' lang='lat' dir='ltr'><strong>boc</strong></span> <span class='ocrx_word' id='word_1_447' title='bbox 2931 2279 3098 2334; x_wconf 89' lang='lat' dir='ltr'><strong>inutili</strong></span> <span class='ocrx_word' id='word_1_448' title='bbox 3123 2276 3231 2333; x_wconf 88' lang='lat' dir='ltr'><strong>otio</strong></span> <span class='ocrx_word' id='word_1_449' title='bbox 3255 2277 3467 2332; x_wconf 83' lang='lat' dir='ltr'><strong>abducti</strong></span> <span class='ocrx_word' id='word_1_450' title='bbox 3498 2281 3732 2332; x_wconf 70' lang='lat' dir='ltr'><strong>maiorum</strong></span> <span class='ocrx_word' id='word_1_451' title='bbox 3755 2295 3852 2330; x_wconf 76' lang='lat' dir='ltr'><strong>sun-</strong></span> 
     </span>
    </p>
   </div>
   <div class='ocr_carea' id='block_1_60' title="bbox 2318 2369 3850 2441">
    <p class='ocr_par' dir='ltr' id='par_1_60' title="bbox 2318 2369 3850 2441">
     <span class='ocr_line' id='line_1_60' title="bbox 2318 2369 3850 2441; baseline -0.005 -15"><span class='ocrx_word' id='word_1_452' title='bbox 2318 2389 2432 2426; x_wconf 90' lang='lat' dir='ltr'><strong>rum</strong></span> <span class='ocrx_word' id='word_1_453' title='bbox 2484 2371 2806 2441; x_wconf 88' lang='lat' dir='ltr'><strong>inquisitioni</strong></span> <span class='ocrx_word' id='word_1_454' title='bbox 2855 2372 3021 2425; x_wconf 91' lang='lat' dir='ltr'><strong>otium</strong></span> <span class='ocrx_word' id='word_1_455' title='bbox 3066 2386 3224 2425; x_wconf 87' lang='lat' dir='ltr'><strong>omne</strong></span> <span class='ocrx_word' id='word_1_456' title='bbox 3262 2369 3585 2440; x_wconf 79' lang='lat' dir='ltr'><strong>impendant.</strong></span> <span class='ocrx_word' id='word_1_457' title='bbox 3613 2370 3690 2423; x_wconf 88' lang='lat' dir='ltr'><strong>Sic</strong></span> <span class='ocrx_word' id='word_1_458' title='bbox 3737 2369 3850 2421; x_wconf 88' lang='lat' dir='ltr'><strong>enim</strong></span> 
     </span>
    </p>
   </div>
   <div class='ocr_carea' id='block_1_61' title="bbox 2319 2457 3850 2531">
    <p class='ocr_par' dir='ltr' id='par_1_61' title="bbox 2319 2457 3850 2531">
     <span class='ocr_line' id='line_1_61' title="bbox 2319 2457 3850 2531; baseline -0.003 -18"><span class='ocrx_word' id='word_1_459' title='bbox 2319 2462 2408 2516; x_wconf 86' lang='lat' dir='ltr'><strong>fiet</strong></span> <span class='ocrx_word' id='word_1_460' title='bbox 2431 2502 2445 2524; x_wconf 95' lang='lat'><strong>,</strong></span> <span class='ocrx_word' id='word_1_461' title='bbox 2479 2470 2534 2514; x_wconf 92' lang='lat' dir='ltr'><strong>ut</strong></span> <span class='ocrx_word' id='word_1_462' title='bbox 2562 2469 2615 2514; x_wconf 87' lang='lat' dir='ltr'><strong>et</strong></span> <span class='ocrx_word' id='word_1_463' title='bbox 2660 2461 2744 2531; x_wconf 88' lang='lat' dir='ltr'><strong>qui</strong></span> <span class='ocrx_word' id='word_1_464' title='bbox 2785 2457 2916 2530; x_wconf 87' lang='lat' dir='ltr'><strong>lapsi</strong></span> <span class='ocrx_word' id='word_1_465' title='bbox 2948 2467 3071 2514; x_wconf 88' lang='lat' dir='ltr'><strong>sunt</strong></span> <span class='ocrx_word' id='word_1_466' title='bbox 3100 2470 3383 2530; x_wconf 82' lang='lat' dir='ltr'><strong>resurgant</strong></span> <span class='ocrx_word' id='word_1_467' title='bbox 3409 2460 3610 2514; x_wconf 75' lang='lat' dir='ltr'><strong>excitati</strong></span> <span class='ocrx_word' id='word_1_468' title='bbox 3638 2473 3850 2512; x_wconf 75' lang='lat' dir='ltr'><strong>memoria</strong></span> 
     </span>
    </p>
   </div>
   <div class='ocr_carea' id='block_1_62' title="bbox 2316 2548 3850 2621">
    <p class='ocr_par' dir='ltr' id='par_1_62' title="bbox 2316 2548 3850 2621">
     <span class='ocr_line' id='line_1_62' title="bbox 2316 2548 3850 2621; baseline -0.005 -16"><span class='ocrx_word' id='word_1_469' title='bbox 2316 2565 2532 2606; x_wconf 90' lang='lat' dir='ltr'><strong>suorum</strong></span> <span class='ocrx_word' id='word_1_470' title='bbox 2559 2548 2864 2615; x_wconf 89' lang='lat' dir='ltr'><strong>criminum,</strong></span> <span class='ocrx_word' id='word_1_471' title='bbox 2890 2566 3008 2621; x_wconf 63' lang='lat' dir='ltr'><strong>quae</strong></span> <span class='ocrx_word' id='word_1_472' title='bbox 3037 2566 3375 2621; x_wconf 89' lang='lat' dir='ltr'><strong>nequaquam</strong></span> <span class='ocrx_word' id='word_1_473' title='bbox 3400 2550 3585 2605; x_wconf 89' lang='lat' dir='ltr'><strong>fuerint</strong></span> <span class='ocrx_word' id='word_1_474' title='bbox 3609 2550 3850 2618; x_wconf 77' lang='lat' dir='ltr'><strong>divulgata,</strong></span> 
     </span>
    </p>
   </div>
   <div class='ocr_carea' id='block_1_63' title="bbox 2315 2641 3850 2712">
    <p class='ocr_par' dir='ltr' id='par_1_63' title="bbox 2315 2641 3850 2712">
     <span class='ocr_line' id='line_1_63' title="bbox 2315 2641 3850 2712; baseline -0.005 -14"><span class='ocrx_word' id='word_1_475' title='bbox 2315 2651 2368 2698; x_wconf 92' lang='lat' dir='ltr'><strong>ct</strong></span> <span class='ocrx_word' id='word_1_476' title='bbox 2395 2642 2484 2712; x_wconf 89' lang='lat' dir='ltr'><strong>qui</strong></span> <span class='ocrx_word' id='word_1_477' title='bbox 2522 2642 2733 2711; x_wconf 90' lang='lat' dir='ltr'><strong>propria</strong></span> <span class='ocrx_word' id='word_1_478' title='bbox 2773 2641 2910 2696; x_wconf 87' lang='lat' dir='ltr'><strong>mala</strong></span> <span class='ocrx_word' id='word_1_479' title='bbox 2939 2656 3148 2711; x_wconf 88' lang='lat' dir='ltr'><strong>semper</strong></span> <span class='ocrx_word' id='word_1_480' title='bbox 3173 2642 3358 2698; x_wconf 90' lang='lat' dir='ltr'><strong>animo</strong></span> <span class='ocrx_word' id='word_1_481' title='bbox 3401 2656 3574 2695; x_wconf 89' lang='lat' dir='ltr'><strong>secum</strong></span> <span class='ocrx_word' id='word_1_482' title='bbox 3616 2651 3850 2708; x_wconf 79' lang='lat' dir='ltr'><strong>reputave-</strong></span> 
     </span>
    </p>
   </div>
   <div class='ocr_carea' id='block_1_64' title="bbox 2315 2731 3850 2804">
    <p class='ocr_par' dir='ltr' id='par_1_64' title="bbox 2315 2731 3850 2804">
     <span class='ocr_line' id='line_1_64' title="bbox 2315 2731 3850 2804; baseline -0.005 -15"><span class='ocrx_word' id='word_1_483' title='bbox 2315 2731 2445 2802; x_wconf 87' lang='lat' dir='ltr'><strong>rint,</strong></span> <span class='ocrx_word' id='word_1_484' title='bbox 2477 2734 2628 2789; x_wconf 85' lang='lat' dir='ltr'><strong>facile</strong></span> <span class='ocrx_word' id='word_1_485' title='bbox 2659 2733 2744 2788; x_wconf 90' lang='lat' dir='ltr'><strong>illa</strong></span> <span class='ocrx_word' id='word_1_486' title='bbox 2777 2734 3081 2803; x_wconf 84' lang='lat' dir='ltr'><strong>deponant,</strong></span> <span class='ocrx_word' id='word_1_487' title='bbox 3113 2749 3174 2789; x_wconf 88' lang='lat' dir='ltr'><strong>ac</strong></span> <span class='ocrx_word' id='word_1_488' title='bbox 3201 2743 3540 2804; x_wconf 87' lang='lat' dir='ltr'><strong>peccatorum</strong></span> <span class='ocrx_word' id='word_1_489' title='bbox 3569 2747 3758 2786; x_wconf 89' lang='lat' dir='ltr'><strong>suorum</strong></span> <span class='ocrx_word' id='word_1_490' title='bbox 3783 2745 3850 2782; x_wconf 88' lang='lat' dir='ltr'><strong>re-</strong></span> 
     </span>
    </p>
   </div>
   <div class='ocr_carea' id='block_1_65' title="bbox 2314 2825 3850 2896">
    <p class='ocr_par' dir='ltr' id='par_1_65' title="bbox 2314 2825 3850 2896">
     <span class='ocr_line' id='line_1_65' title="bbox 2314 2825 3850 2896; baseline -0.004 -14"><span class='ocrx_word' id='word_1_491' title='bbox 2314 2827 2624 2882; x_wconf 66' lang='lat' dir='ltr'><strong>ciirdatione</strong></span> <span class='ocrx_word' id='word_1_492' title='bbox 2663 2826 2730 2880; x_wconf 91' lang='lat' dir='ltr'><strong>ad</strong></span> <span class='ocrx_word' id='word_1_493' title='bbox 2761 2825 2862 2880; x_wconf 90' lang='lat' dir='ltr'><strong>alia</strong></span> <span class='ocrx_word' id='word_1_494' title='bbox 2908 2826 3159 2896; x_wconf 88' lang='lat' dir='ltr'><strong>patranda</strong></span> <span class='ocrx_word' id='word_1_495' title='bbox 3193 2825 3455 2880; x_wconf 73' lang='lat' dir='ltr'><strong>tardiores</strong></span> <span class='ocrx_word' id='word_1_496' title='bbox 3500 2825 3786 2888; x_wconf 85' lang='lat' dir='ltr'><strong>reddantur,</strong></span> <span class='ocrx_word' id='word_1_497' title='bbox 3809 2829 3850 2877; x_wconf 86' lang='lat' dir='ltr'><strong>et</strong></span> 
     </span>
    </p>
   </div>
   <div class='ocr_carea' id='block_1_66' title="bbox 2314 2915 3847 2988">
    <p class='ocr_par' dir='ltr' id='par_1_66' title="bbox 2314 2915 3847 2988">
     <span class='ocr_line' id='line_1_66' title="bbox 2314 2915 3847 2988; baseline -0.002 -19"><span class='ocrx_word' id='word_1_498' title='bbox 2314 2918 2402 2988; x_wconf 87' lang='lat' dir='ltr'><strong>qui</strong></span> <span class='ocrx_word' id='word_1_499' title='bbox 2427 2925 2732 2972; x_wconf 90' lang='lat' dir='ltr'><strong>sanctorum</strong></span> <span class='ocrx_word' id='word_1_500' title='bbox 2755 2916 3002 2971; x_wconf 82' lang='lat' dir='ltr'><strong>virtutem</strong></span> <span class='ocrx_word' id='word_1_501' title='bbox 3033 2925 3284 2987; x_wconf 87' lang='lat' dir='ltr'><strong>perpetuo</strong></span> <span class='ocrx_word' id='word_1_502' title='bbox 3305 2915 3509 2972; x_wconf 76' lang='lat' dir='ltr'><strong>fuerint</strong></span> <span class='ocrx_word' id='word_1_503' title='bbox 3533 2915 3847 2984; x_wconf 69' lang='lat' dir='ltr'><strong>contemplati,</strong></span> 
     </span>
    </p>
   </div>
   <div class='ocr_carea' id='block_1_67' title="bbox 2313 3004 3848 3076">
    <p class='ocr_par' dir='ltr' id='par_1_67' title="bbox 2313 3004 3848 3076">
     <span class='ocr_line' id='line_1_67' title="bbox 2313 3004 3848 3076; baseline -0.003 -14"><span class='ocrx_word' id='word_1_504' title='bbox 2313 3007 2500 3076; x_wconf 88' lang='lat' dir='ltr'><strong>majori</strong></span> <span class='ocrx_word' id='word_1_505' title='bbox 2543 3007 2657 3062; x_wconf 86' lang='lat' dir='ltr'><strong>zelo</strong></span> <span class='ocrx_word' id='word_1_506' title='bbox 2684 3004 2750 3061; x_wconf 86' lang='lat' dir='ltr'><strong>ad</strong></span> <span class='ocrx_word' id='word_1_507' title='bbox 2788 3023 2984 3062; x_wconf 85' lang='lat' dir='ltr'><strong>eorum</strong></span> <span class='ocrx_word' id='word_1_508' title='bbox 3019 3006 3373 3062; x_wconf 87' lang='lat' dir='ltr'><strong>imitationem</strong></span> <span class='ocrx_word' id='word_1_509' title='bbox 3405 3008 3758 3062; x_wconf 72' lang='lat' dir='ltr'><strong>incendentur:</strong></span> <span class='ocrx_word' id='word_1_510' title='bbox 3781 3014 3848 3058; x_wconf 82' lang='lat' dir='ltr'><strong>at-</strong></span> 
     </span>
    </p>
   </div>
   <div class='ocr_carea' id='block_1_68' title="bbox 2313 3091 3849 3169">
    <p class='ocr_par' dir='ltr' id='par_1_68' title="bbox 2313 3091 3849 3169">
     <span class='ocr_line' id='line_1_68' title="bbox 2313 3091 3849 3169; baseline -0.001 -20"><span class='ocrx_word' id='word_1_511' title='bbox 2313 3113 2416 3169; x_wconf 86' lang='lat' dir='ltr'><strong>que</strong></span> <span class='ocrx_word' id='word_1_512' title='bbox 2442 3095 2524 3152; x_wconf 81' lang='lat' dir='ltr'><strong>his</strong></span> <span class='ocrx_word' id='word_1_513' title='bbox 2551 3097 2801 3153; x_wconf 88' lang='lat' dir='ltr'><strong>onmibus</strong></span> <span class='ocrx_word' id='word_1_514' title='bbox 2833 3099 3111 3163; x_wconf 85' lang='lat' dir='ltr'><strong>efficietur,</strong></span> <span class='ocrx_word' id='word_1_515' title='bbox 3139 3108 3196 3152; x_wconf 93' lang='lat' dir='ltr'><strong>ut</strong></span> <span class='ocrx_word' id='word_1_516' title='bbox 3223 3107 3342 3153; x_wconf 88' lang='lat' dir='ltr'><strong>toto</strong></span> <span class='ocrx_word' id='word_1_517' title='bbox 3364 3091 3625 3153; x_wconf 22' lang='lat' dir='ltr'><strong>‘Ecclesize</strong></span> <span class='ocrx_word' id='word_1_518' title='bbox 3664 3108 3849 3163; x_wconf 69' lang='lat' dir='ltr'><strong>corpore</strong></span> 
     </span>
    </p>
   </div>
   <div class='ocr_carea' id='block_1_69' title="bbox 2313 3190 3850 3258">
    <p class='ocr_par' dir='ltr' id='par_1_69' title="bbox 2313 3190 3850 3258">
     <span class='ocr_line' id='line_1_69' title="bbox 2313 3190 3850 3258; baseline -0.004 -12"><span class='ocrx_word' id='word_1_519' title='bbox 2313 3206 2344 3246; x_wconf 70' lang='grc' dir='ltr'>θ</span> <span class='ocrx_word' id='word_1_520' title='bbox 2372 3193 2523 3246; x_wconf 86' lang='lat' dir='ltr'><strong>nobis</strong></span> <span class='ocrx_word' id='word_1_521' title='bbox 2549 3191 2774 3247; x_wconf 88' lang='lat' dir='ltr'><strong>feliciter</strong></span> <span class='ocrx_word' id='word_1_522' title='bbox 2803 3193 3113 3258; x_wconf 84' lang='lat' dir='ltr'><strong>instaurate,</strong></span> <span class='ocrx_word' id='word_1_523' title='bbox 3136 3206 3253 3245; x_wconf 90' lang='lat' dir='ltr'><strong>eum</strong></span> <span class='ocrx_word' id='word_1_524' title='bbox 3296 3191 3404 3246; x_wconf 83' lang='lat' dir='ltr'><strong>hoc</strong></span> <span class='ocrx_word' id='word_1_525' title='bbox 3431 3204 3566 3246; x_wconf 69' lang='lat' dir='ltr'><strong>cmiu</strong></span> <span class='ocrx_word' id='word_1_526' title='bbox 3592 3190 3640 3243; x_wconf 90' lang='lat' dir='ltr'><strong>in</strong></span> <span class='ocrx_word' id='word_1_527' title='bbox 3667 3202 3850 3258; x_wconf 79' lang='lat' dir='ltr'><strong>regnum</strong></span> 
     </span>
    </p>
   </div>
   <div class='ocr_carea' id='block_1_70' title="bbox 2313 3278 3849 3353">
    <p class='ocr_par' dir='ltr' id='par_1_70' title="bbox 2313 3278 3849 3353">
     <span class='ocr_line' id='line_1_70' title="bbox 2313 3278 3849 3353; baseline -0.007 -14"><span class='ocrx_word' id='word_1_528' title='bbox 2313 3283 2562 3339; x_wconf 72' lang='lat' dir='ltr'><strong>cmlorum</strong></span> <span class='ocrx_word' id='word_1_529' title='bbox 2595 3285 2791 3338; x_wconf 88' lang='lat' dir='ltr'><strong>intrare</strong></span> <span class='ocrx_word' id='word_1_530' title='bbox 2819 3283 3102 3352; x_wconf 86' lang='lat' dir='ltr'><strong>possimus,</strong></span> <span class='ocrx_word' id='word_1_531' title='bbox 3130 3282 3269 3353; x_wconf 92' lang='lat' dir='ltr'><strong>quod</strong></span> <span class='ocrx_word' id='word_1_532' title='bbox 3311 3284 3517 3336; x_wconf 83' lang='lat' dir='ltr'><strong>utinam</strong></span> <span class='ocrx_word' id='word_1_533' title='bbox 3546 3282 3686 3334; x_wconf 91' lang='lat' dir='ltr'><strong>nobis</strong></span> <span class='ocrx_word' id='word_1_534' title='bbox 3711 3278 3849 3332; x_wconf 82' lang='lat' dir='ltr'><strong>omni-</strong></span> 
     </span>
    </p>
   </div>
   <div class='ocr_carea' id='block_1_71' title="bbox 2311 3367 3848 3446">
    <p class='ocr_par' dir='ltr' id='par_1_71' title="bbox 2311 3367 3848 3446">
     <span class='ocr_line' id='line_1_71' title="bbox 2311 3367 3848 3446; baseline -0.007 -14"><span class='ocrx_word' id='word_1_535' title='bbox 2311 3375 2411 3432; x_wconf 90' lang='lat' dir='ltr'><strong>bus</strong></span> <span class='ocrx_word' id='word_1_536' title='bbox 2443 3377 2651 3446; x_wconf 65' lang='lat' dir='ltr'><strong>assi-qui</strong></span> <span class='ocrx_word' id='word_1_537' title='bbox 2681 3376 2945 3446; x_wconf 88' lang='lat' dir='ltr'><strong>conlingat</strong></span> <span class='ocrx_word' id='word_1_538' title='bbox 2969 3417 2984 3442; x_wconf 95' lang='lat'><strong>,</strong></span> <span class='ocrx_word' id='word_1_539' title='bbox 3014 3377 3182 3446; x_wconf 87' lang='lat' dir='ltr'><strong>gratia</strong></span> <span class='ocrx_word' id='word_1_540' title='bbox 3228 3383 3278 3430; x_wconf 92' lang='lat' dir='ltr'><strong>et</strong></span> <span class='ocrx_word' id='word_1_541' title='bbox 3324 3376 3640 3446; x_wconf 86' lang='lat' dir='ltr'><strong>benignitate</strong></span> <span class='ocrx_word' id='word_1_542' title='bbox 3678 3367 3848 3427; x_wconf 87' lang='lat' dir='ltr'><strong>Domini</strong></span> 
     </span>
    </p>
   </div>
   <div class='ocr_carea' id='block_1_72' title="bbox 2311 3456 3849 3540">
    <p class='ocr_par' dir='ltr' id='par_1_72' title="bbox 2311 3456 3849 3540">
     <span class='ocr_line' id='line_1_72' title="bbox 2311 3456 3849 3540; baseline -0.006 -16"><span class='ocrx_word' id='word_1_543' title='bbox 2311 3469 2480 3524; x_wconf 91' lang='lat' dir='ltr'><strong>nostri</strong></span> <span class='ocrx_word' id='word_1_544' title='bbox 2507 3468 2630 3524; x_wconf 83' lang='lat' dir='ltr'><strong>Jesu</strong></span> <span class='ocrx_word' id='word_1_545' title='bbox 2659 3468 2878 3534; x_wconf 87' lang='lat' dir='ltr'><strong>Christi,</strong></span> <span class='ocrx_word' id='word_1_546' title='bbox 2910 3486 3002 3540; x_wconf 91' lang='lat' dir='ltr'><strong>per</strong></span> <span class='ocrx_word' id='word_1_547' title='bbox 3027 3486 3181 3540; x_wconf 89' lang='lat' dir='ltr'><strong>quem</strong></span> <span class='ocrx_word' id='word_1_548' title='bbox 3213 3477 3414 3525; x_wconf 91' lang='lat' dir='ltr'><strong>etcum</strong></span> <span class='ocrx_word' id='word_1_549' title='bbox 3444 3484 3546 3540; x_wconf 92' lang='lat' dir='ltr'><strong>quo</strong></span> <span class='ocrx_word' id='word_1_550' title='bbox 3568 3467 3737 3539; x_wconf 81' lang='lat' dir='ltr'><strong>gloria,</strong></span> <span class='ocrx_word' id='word_1_551' title='bbox 3767 3456 3849 3516; x_wconf 84' lang='lat' dir='ltr'><strong>una</strong></span> 
     </span>
    </p>
   </div>
   <div class='ocr_carea' id='block_1_73' title="bbox 2310 3556 3850 3632">
    <p class='ocr_par' dir='ltr' id='par_1_73' title="bbox 2310 3556 3850 3632">
     <span class='ocr_line' id='line_1_73' title="bbox 2310 3556 3850 3632; baseline -0.002 -18"><span class='ocrx_word' id='word_1_552' title='bbox 2310 3574 2432 3614; x_wconf 89' lang='lat' dir='ltr'><strong>cum</strong></span> <span class='ocrx_word' id='word_1_553' title='bbox 2460 3559 2657 3629; x_wconf 91' lang='lat' dir='ltr'><strong>Spiritu</strong></span> <span class='ocrx_word' id='word_1_554' title='bbox 2687 3570 2895 3628; x_wconf 89' lang='lat' dir='ltr'><strong>sancto,</strong></span> <span class='ocrx_word' id='word_1_555' title='bbox 2925 3576 3062 3616; x_wconf 93' lang='lat' dir='ltr'><strong>nunc</strong></span> <span class='ocrx_word' id='word_1_556' title='bbox 3091 3571 3144 3616; x_wconf 93' lang='lat' dir='ltr'><strong>et</strong></span> <span class='ocrx_word' id='word_1_557' title='bbox 3171 3576 3393 3632; x_wconf 87' lang='lat' dir='ltr'><strong>semper</strong></span> <span class='ocrx_word' id='word_1_558' title='bbox 3419 3570 3471 3617; x_wconf 89' lang='lat' dir='ltr'><strong>et</strong></span> <span class='ocrx_word' id='word_1_559' title='bbox 3497 3561 3549 3616; x_wconf 92' lang='lat' dir='ltr'><strong>in</strong></span> <span class='ocrx_word' id='word_1_560' title='bbox 3578 3556 3750 3615; x_wconf 68' lang='lat' dir='ltr'><strong>szrc::la</strong></span> <span class='ocrx_word' id='word_1_561' title='bbox 3770 3569 3850 3609; x_wconf 74' lang='lat' dir='ltr'><strong>sae-</strong></span> 
     </span>
    </p>
   </div>
   <div class='ocr_carea' id='block_1_74' title="bbox 2309 3651 2795 3707">
    <p class='ocr_par' dir='ltr' id='par_1_74' title="bbox 2309 3651 2795 3707">
     <span class='ocr_line' id='line_1_74' title="bbox 2309 3651 2795 3707; baseline 0.002 -2"><span class='ocrx_word' id='word_1_562' title='bbox 2309 3651 2576 3706; x_wconf 85' lang='lat' dir='ltr'><strong>culorum.</strong></span> <span class='ocrx_word' id='word_1_563' title='bbox 2605 3653 2795 3707; x_wconf 81' lang='lat' dir='ltr'><strong>Amen.</strong></span> 
     </span>
    </p>
   </div>
   <div class='ocr_carea' id='block_1_75' title="bbox 2072 4290 2478 4358">
    <p class='ocr_par' dir='ltr' id='par_1_75' title="bbox 2072 4290 2478 4358">
     <span class='ocr_line' id='line_1_75' title="bbox 2072 4290 2478 4358; baseline -0.002 -3"><span class='ocrx_word' id='word_1_564' title='bbox 2072 4290 2478 4358; x_wconf 74' lang='lat' dir='ltr'><strong>MONITUM.</strong></span> 
     </span>
    </p>
   </div>
   <div class='ocr_carea' id='block_1_76' title="bbox 693 4505 3832 4598">
    <p class='ocr_par' dir='ltr' id='par_1_76' title="bbox 693 4505 3832 4598">
     <span class='ocr_line' id='line_1_76' title="bbox 693 4505 3832 4598; baseline -0.003 -26"><span class='ocrx_word' id='word_1_565' title='bbox 693 4513 850 4590; x_wconf 83' lang='lat' dir='ltr'><strong>[I99]</strong></span> <span class='ocrx_word' id='word_1_566' title='bbox 892 4518 1051 4576; x_wconf 81' lang='lat' dir='ltr'><strong>Circa</strong></span> <span class='ocrx_word' id='word_1_567' title='bbox 1089 4519 1594 4592; x_wconf 85' lang='lat' dir='ltr'><strong>interpretationem</strong></span> <span class='ocrx_word' id='word_1_568' title='bbox 1625 4525 1682 4581; x_wconf 89' lang='lat' dir='ltr'><strong>in</strong></span> <span class='ocrx_word' id='word_1_569' title='bbox 1709 4525 2006 4595; x_wconf 84' lang='lat' dir='ltr'><strong>Danielem,</strong></span> <span class='ocrx_word' id='word_1_570' title='bbox 2034 4543 2154 4598; x_wconf 73' lang='lat' dir='ltr'><strong>qua:</strong></span> <span class='ocrx_word' id='word_1_571' title='bbox 2181 4524 2554 4594; x_wconf 79' lang='lat' dir='ltr'><strong>Cltrysostomi</strong></span> <span class='ocrx_word' id='word_1_572' title='bbox 2587 4538 2787 4578; x_wconf 87' lang='lat' dir='ltr'><strong>nomen</strong></span> <span class='ocrx_word' id='word_1_573' title='bbox 2814 4521 3148 4589; x_wconf 82' lang='lat' dir='ltr'><strong>circumfert,</strong></span> <span class='ocrx_word' id='word_1_574' title='bbox 3183 4529 3238 4578; x_wconf 91' lang='lat' dir='ltr'><strong>et</strong></span> <span class='ocrx_word' id='word_1_575' title='bbox 3265 4539 3334 4579; x_wconf 77' lang='lat' dir='ltr'><strong>ex</strong></span> <span class='ocrx_word' id='word_1_576' title='bbox 3359 4520 3682 4578; x_wconf 79' lang='lat' dir='ltr'><strong>Bibliotheca</strong></span> <span class='ocrx_word' id='word_1_577' title='bbox 3707 4505 3832 4578; x_wconf 81' lang='lat' dir='ltr'><strong>[legit</strong></span> 
     </span>
    </p>
   </div>
   <div class='ocr_carea' id='block_1_77' title="bbox 631 4628 3832 4713">
    <p class='ocr_par' dir='ltr' id='par_1_77' title="bbox 631 4628 3832 4713">
     <span class='ocr_line' id='line_1_77' title="bbox 631 4628 3832 4713; baseline 0.002 -27"><span class='ocrx_word' id='word_1_578' title='bbox 631 4629 956 4688; x_wconf 78' lang='lat' dir='ltr'><strong>Scorialcnsi</strong></span> <span class='ocrx_word' id='word_1_579' title='bbox 1000 4633 1248 4690; x_wconf 89' lang='lat' dir='ltr'><strong>desumta</strong></span> <span class='ocrx_word' id='word_1_580' title='bbox 1289 4646 1393 4701; x_wconf 88' lang='lat' dir='ltr'><strong>est,</strong></span> <span class='ocrx_word' id='word_1_581' title='bbox 1422 4636 1538 4694; x_wconf 57' lang='lat' dir='ltr'><strong>haec</strong></span> <span class='ocrx_word' id='word_1_582' title='bbox 1565 4640 1823 4709; x_wconf 68' lang='lat' dir='ltr'><strong>praefantur</strong></span> <span class='ocrx_word' id='word_1_583' title='bbox 1868 4642 2192 4707; x_wconf 88' lang='lat' dir='ltr'><strong>Cotelerius,</strong></span> <span class='ocrx_word' id='word_1_584' title='bbox 2239 4642 2332 4713; x_wconf 91' lang='lat' dir='ltr'><strong>qui</strong></span> <span class='ocrx_word' id='word_1_585' title='bbox 2380 4641 2523 4696; x_wconf 91' lang='lat' dir='ltr'><strong>illam</strong></span> <span class='ocrx_word' id='word_1_586' title='bbox 2557 4640 2706 4711; x_wconf 88' lang='lat' dir='ltr'><strong>prior</strong></span> <span class='ocrx_word' id='word_1_587' title='bbox 2735 4639 2904 4694; x_wconf 90' lang='lat' dir='ltr'><strong>edidit</strong></span> <span class='ocrx_word' id='word_1_588' title='bbox 2948 4657 2960 4693; x_wconf 94' lang='lat'>:</span> <span class='ocrx_word' id='word_1_589' title='bbox 3016 4659 3034 4690; x_wconf 81' lang='grc' dir='ltr'><strong>ι</strong></span> <span class='ocrx_word' id='word_1_590' title='bbox 3069 4639 3458 4707; x_wconf 82' lang='lat' dir='ltr'><strong>interpretatio</strong></span> <span class='ocrx_word' id='word_1_591' title='bbox 3503 4636 3558 4690; x_wconf 87' lang='lat' dir='ltr'><strong>in</strong></span> <span class='ocrx_word' id='word_1_592' title='bbox 3603 4628 3832 4685; x_wconf 61' lang='lat' dir='ltr'><strong>Daniclt‘&quot;</strong></span> 
     </span>
    </p>
   </div>
   <div class='ocr_carea' id='block_1_78' title="bbox 627 4747 3841 4826">
    <p class='ocr_par' dir='ltr' id='par_1_78' title="bbox 627 4747 3841 4826">
     <span class='ocr_line' id='line_1_78' title="bbox 627 4747 3841 4826; baseline -0.004 -22"><span class='ocrx_word' id='word_1_593' title='bbox 627 4749 801 4822; x_wconf 85' lang='lat' dir='ltr'><strong>prima</strong></span> <span class='ocrx_word' id='word_1_594' title='bbox 827 4751 1005 4807; x_wconf 86' lang='lat' dir='ltr'><strong>fronte</strong></span> <span class='ocrx_word' id='word_1_595' title='bbox 1045 4749 1318 4823; x_wconf 86' lang='lat' dir='ltr'><strong>plerisque</strong></span> <span class='ocrx_word' id='word_1_596' title='bbox 1354 4747 1567 4806; x_wconf 85' lang='lat' dir='ltr'><strong>videtur</strong></span> <span class='ocrx_word' id='word_1_597' title='bbox 1595 4755 1958 4824; x_wconf 89' lang='lat' dir='ltr'><strong>supposititia,</strong></span> <span class='ocrx_word' id='word_1_598' title='bbox 1995 4757 2087 4826; x_wconf 93' lang='lat' dir='ltr'><strong>qui</strong></span> <span class='ocrx_word' id='word_1_599' title='bbox 2133 4756 2318 4814; x_wconf 89' lang='lat' dir='ltr'><strong>forsan</strong></span> <span class='ocrx_word' id='word_1_600' title='bbox 2349 4772 2414 4812; x_wconf 91' lang='lat' dir='ltr'><strong>ae</strong></span> <span class='ocrx_word' id='word_1_601' title='bbox 2443 4757 2638 4811; x_wconf 75' lang='lat' dir='ltr'><strong>merito</strong></span> <span class='ocrx_word' id='word_1_602' title='bbox 2681 4754 2935 4810; x_wconf 89' lang='lat' dir='ltr'><strong>solennes</strong></span> <span class='ocrx_word' id='word_1_603' title='bbox 2980 4755 3098 4810; x_wconf 88' lang='lat' dir='ltr'><strong>illas</strong></span> <span class='ocrx_word' id='word_1_604' title='bbox 3159 4753 3512 4826; x_wconf 78' lang='lat' dir='ltr'><strong>doxologias,</strong></span> <span class='ocrx_word' id='word_1_605' title='bbox 3561 4753 3841 4805; x_wconf 87' lang='lat' dir='ltr'><strong>consuetam</strong></span> 
     </span>
    </p>
   </div>
   <div class='ocr_carea' id='block_1_79' title="bbox 627 4871 3845 4948">
    <p class='ocr_par' dir='ltr' id='par_1_79' title="bbox 627 4871 3845 4948">
     <span class='ocr_line' id='line_1_79' title="bbox 627 4871 3845 4948; baseline -0.003 -25"><span class='ocrx_word' id='word_1_606' title='bbox 627 4871 1068 4940; x_wconf 84' lang='lat' dir='ltr'><strong>perspicuitatem</strong></span> <span class='ocrx_word' id='word_1_607' title='bbox 1099 4871 1338 4942; x_wconf 88' lang='lat' dir='ltr'><strong>aliasque</strong></span> <span class='ocrx_word' id='word_1_608' title='bbox 1367 4873 1626 4929; x_wconf 87' lang='lat' dir='ltr'><strong>librorum</strong></span> <span class='ocrx_word' id='word_1_609' title='bbox 1653 4875 1841 4930; x_wconf 93' lang='lat' dir='ltr'><strong>melliti</strong></span> <span class='ocrx_word' id='word_1_610' title='bbox 1877 4875 2050 4930; x_wconf 86' lang='lat' dir='ltr'><strong>Patris</strong></span> <span class='ocrx_word' id='word_1_611' title='bbox 2081 4877 2235 4934; x_wconf 89' lang='lat' dir='ltr'><strong>dotes</strong></span> <span class='ocrx_word' id='word_1_612' title='bbox 2270 4879 2655 4936; x_wconf 89' lang='lat' dir='ltr'><strong>desiderabunt</strong></span> <span class='ocrx_word' id='word_1_613' title='bbox 2693 4895 2757 4934; x_wconf 88' lang='lat' dir='ltr'><strong>ac</strong></span> <span class='ocrx_word' id='word_1_614' title='bbox 2794 4876 3095 4948; x_wconf 90' lang='lat' dir='ltr'><strong>requirent.</strong></span> <span class='ocrx_word' id='word_1_615' title='bbox 3130 4874 3459 4930; x_wconf 83' lang='lat' dir='ltr'><strong>Incredibile</strong></span> <span class='ocrx_word' id='word_1_616' title='bbox 3493 4879 3636 4927; x_wconf 85' lang='lat' dir='ltr'><strong>certe</strong></span> <span class='ocrx_word' id='word_1_617' title='bbox 3667 4873 3845 4920; x_wconf 41' lang='lat' dir='ltr'><strong>memor</strong></span> 
     </span>
    </p>
   </div>
   <div class='ocr_carea' id='block_1_80' title="bbox 629 4981 3844 5064">
    <p class='ocr_par' dir='ltr' id='par_1_80' title="bbox 629 4981 3844 5064">
     <span class='ocr_line' id='line_1_80' title="bbox 629 4981 3844 5064; baseline -0.003 -29"><span class='ocrx_word' id='word_1_618' title='bbox 629 4991 748 5036; x_wconf 90' lang='lat' dir='ltr'><strong>ratu</strong></span> <span class='ocrx_word' id='word_1_619' title='bbox 789 5000 950 5054; x_wconf 89' lang='lat' dir='ltr'><strong>quam</strong></span> <span class='ocrx_word' id='word_1_620' title='bbox 981 4985 1239 5058; x_wconf 86' lang='lat' dir='ltr'><strong>pleraque</strong></span> <span class='ocrx_word' id='word_1_621' title='bbox 1261 4990 1443 5043; x_wconf 90' lang='lat' dir='ltr'><strong>omnia</strong></span> <span class='ocrx_word' id='word_1_622' title='bbox 1474 4989 1563 5045; x_wconf 86' lang='lat' dir='ltr'><strong>hic</strong></span> <span class='ocrx_word' id='word_1_623' title='bbox 1584 4999 1676 5045; x_wconf 91' lang='lat' dir='ltr'><strong>aut</strong></span> <span class='ocrx_word' id='word_1_624' title='bbox 1700 4990 2042 5062; x_wconf 83' lang='lat' dir='ltr'><strong>imperfecta,</strong></span> <span class='ocrx_word' id='word_1_625' title='bbox 2075 5002 2169 5047; x_wconf 89' lang='lat' dir='ltr'><strong>aut</strong></span> <span class='ocrx_word' id='word_1_626' title='bbox 2200 4993 2538 5064; x_wconf 87' lang='lat' dir='ltr'><strong>perturbata,</strong></span> <span class='ocrx_word' id='word_1_627' title='bbox 2570 4995 2853 5063; x_wconf 79' lang='lat' dir='ltr'><strong>magisque</strong></span> <span class='ocrx_word' id='word_1_628' title='bbox 2877 5001 3080 5048; x_wconf 88' lang='lat' dir='ltr'><strong>tentata</strong></span> <span class='ocrx_word' id='word_1_629' title='bbox 3109 5006 3268 5062; x_wconf 90' lang='lat' dir='ltr'><strong>quam</strong></span> <span class='ocrx_word' id='word_1_630' title='bbox 3306 4996 3578 5060; x_wconf 87' lang='lat' dir='ltr'><strong>perorata,</strong></span> <span class='ocrx_word' id='word_1_631' title='bbox 3607 4981 3844 5052; x_wconf 75' lang='lat' dir='ltr'><strong>epitomcs</strong></span> 
     </span>
    </p>
   </div>
   <div class='ocr_carea' id='block_1_81' title="bbox 624 5097 3843 5183">
    <p class='ocr_par' dir='ltr' id='par_1_81' title="bbox 624 5097 3843 5183">
     <span class='ocr_line' id='line_1_81' title="bbox 624 5097 3843 5183; baseline -0.002 -28"><span class='ocrx_word' id='word_1_632' title='bbox 624 5097 863 5172; x_wconf 87' lang='lat' dir='ltr'><strong>denique</strong></span> <span class='ocrx_word' id='word_1_633' title='bbox 885 5120 949 5159; x_wconf 87' lang='lat' dir='ltr'><strong>ae</strong></span> <span class='ocrx_word' id='word_1_634' title='bbox 993 5105 1300 5178; x_wconf 85' lang='lat' dir='ltr'><strong>eclogarum</strong></span> <span class='ocrx_word' id='word_1_635' title='bbox 1335 5107 1678 5178; x_wconf 63' lang='lat' dir='ltr'><strong>praeferentia</strong></span> <span class='ocrx_word' id='word_1_636' title='bbox 1732 5113 1994 5182; x_wconf 89' lang='lat' dir='ltr'><strong>speciem.</strong></span> <span class='ocrx_word' id='word_1_637' title='bbox 2028 5112 2228 5167; x_wconf 75' lang='lat' dir='ltr'><strong>Verum</strong></span> <span class='ocrx_word' id='word_1_638' title='bbox 2271 5122 2474 5178; x_wconf 88' lang='lat' dir='ltr'><strong>tamen,</strong></span> <span class='ocrx_word' id='word_1_639' title='bbox 2512 5123 2571 5168; x_wconf 93' lang='lat' dir='ltr'><strong>ut</strong></span> <span class='ocrx_word' id='word_1_640' title='bbox 2608 5113 2659 5167; x_wconf 91' lang='lat' dir='ltr'><strong>id</strong></span> <span class='ocrx_word' id='word_1_641' title='bbox 2692 5113 2835 5183; x_wconf 88' lang='lat' dir='ltr'><strong>quod</strong></span> <span class='ocrx_word' id='word_1_642' title='bbox 2867 5128 2956 5166; x_wconf 91' lang='lat' dir='ltr'><strong>res</strong></span> <span class='ocrx_word' id='word_1_643' title='bbox 3001 5111 3163 5166; x_wconf 88' lang='lat' dir='ltr'><strong>habet</strong></span> <span class='ocrx_word' id='word_1_644' title='bbox 3192 5109 3392 5171; x_wconf 89' lang='lat' dir='ltr'><strong>dicam,</strong></span> <span class='ocrx_word' id='word_1_645' title='bbox 3433 5107 3574 5160; x_wconf 91' lang='lat' dir='ltr'><strong>inter</strong></span> <span class='ocrx_word' id='word_1_646' title='bbox 3619 5103 3843 5158; x_wconf 60' lang='lat' dir='ltr'><strong>centones</strong></span> 
     </span>
    </p>
   </div>
   <div class='ocr_carea' id='block_1_82' title="bbox 624 5214 3841 5299">
    <p class='ocr_par' dir='ltr' id='par_1_82' title="bbox 624 5214 3841 5299">
     <span class='ocr_line' id='line_1_82' title="bbox 624 5214 3841 5299; baseline 0.002 -30"><span class='ocrx_word' id='word_1_647' title='bbox 624 5215 826 5272; x_wconf 82' lang='lat' dir='ltr'><strong>ardens</strong></span> <span class='ocrx_word' id='word_1_648' title='bbox 848 5233 1087 5289; x_wconf 88' lang='lat' dir='ltr'><strong>purpura</strong></span> <span class='ocrx_word' id='word_1_649' title='bbox 1117 5222 1324 5288; x_wconf 89' lang='lat' dir='ltr'><strong>elucet;</strong></span> <span class='ocrx_word' id='word_1_650' title='bbox 1357 5223 1409 5278; x_wconf 91' lang='lat' dir='ltr'><strong>in</strong></span> <span class='ocrx_word' id='word_1_651' title='bbox 1438 5226 1669 5281; x_wconf 86' lang='lat' dir='ltr'><strong>turbidis</strong></span> <span class='ocrx_word' id='word_1_652' title='bbox 1704 5228 1893 5282; x_wconf 88' lang='lat' dir='ltr'><strong>rivulis</strong></span> <span class='ocrx_word' id='word_1_653' title='bbox 1938 5229 2305 5299; x_wconf 87' lang='lat' dir='ltr'><strong>limpidissimi</strong></span> <span class='ocrx_word' id='word_1_654' title='bbox 2351 5230 2518 5285; x_wconf 90' lang='lat' dir='ltr'><strong>fontis</strong></span> <span class='ocrx_word' id='word_1_655' title='bbox 2560 5247 2715 5286; x_wconf 71' lang='lat' dir='ltr'><strong>venze</strong></span> <span class='ocrx_word' id='word_1_656' title='bbox 2755 5229 3081 5288; x_wconf 89' lang='lat' dir='ltr'><strong>seatnriunt.</strong></span> <span class='ocrx_word' id='word_1_657' title='bbox 3126 5226 3304 5292; x_wconf 89' lang='lat' dir='ltr'><strong>Quare</strong></span> <span class='ocrx_word' id='word_1_658' title='bbox 3347 5225 3422 5278; x_wconf 89' lang='lat' dir='ltr'><strong>ita</strong></span> <span class='ocrx_word' id='word_1_659' title='bbox 3461 5234 3672 5278; x_wconf 86' lang='lat' dir='ltr'><strong>censeo,</strong></span> <span class='ocrx_word' id='word_1_660' title='bbox 3697 5214 3841 5276; x_wconf 74' lang='lat' dir='ltr'><strong>Chr)&quot;</strong></span> 
     </span>
    </p>
   </div>
   <div class='ocr_carea' id='block_1_83' title="bbox 623 5332 3842 5415">
    <p class='ocr_par' dir='ltr' id='par_1_83' title="bbox 623 5332 3842 5415">
     <span class='ocr_line' id='line_1_83' title="bbox 623 5332 3842 5415; baseline 0.003 -31"><span class='ocrx_word' id='word_1_661' title='bbox 623 5337 946 5397; x_wconf 74' lang='lat' dir='ltr'><strong>soslomttm,</strong></span> <span class='ocrx_word' id='word_1_662' title='bbox 971 5346 1131 5400; x_wconf 90' lang='lat' dir='ltr'><strong>quem</strong></span> <span class='ocrx_word' id='word_1_663' title='bbox 1154 5333 1206 5387; x_wconf 91' lang='lat' dir='ltr'><strong>in</strong></span> <span class='ocrx_word' id='word_1_664' title='bbox 1241 5334 1546 5391; x_wconf 81' lang='lat' dir='ltr'><strong>universam</strong></span> <span class='ocrx_word' id='word_1_665' title='bbox 1579 5338 1912 5409; x_wconf 88' lang='lat' dir='ltr'><strong>Scripturam</strong></span> <span class='ocrx_word' id='word_1_666' title='bbox 1944 5342 2365 5396; x_wconf 88' lang='lat' dir='ltr'><strong>commentarios</strong></span> <span class='ocrx_word' id='word_1_667' title='bbox 2391 5343 2676 5413; x_wconf 89' lang='lat' dir='ltr'><strong>scripsisse</strong></span> <span class='ocrx_word' id='word_1_668' title='bbox 2711 5343 2950 5415; x_wconf 88' lang='lat' dir='ltr'><strong>prodidit</strong></span> <span class='ocrx_word' id='word_1_669' title='bbox 2975 5341 3291 5412; x_wconf 88' lang='lat' dir='ltr'><strong>antiquitas,</strong></span> <span class='ocrx_word' id='word_1_670' title='bbox 3324 5339 3554 5408; x_wconf 80' lang='lat' dir='ltr'><strong>hujusce</strong></span> <span class='ocrx_word' id='word_1_671' title='bbox 3585 5332 3737 5404; x_wconf 72' lang='lat' dir='ltr'><strong>prolis</strong></span> <span class='ocrx_word' id='word_1_672' title='bbox 3760 5339 3842 5395; x_wconf 65' lang='lat' dir='ltr'><strong>l‘a‘</strong></span> 
     </span>
    </p>
   </div>
   <div class='ocr_carea' id='block_1_84' title="bbox 623 5445 3839 5530">
    <p class='ocr_par' dir='ltr' id='par_1_84' title="bbox 623 5445 3839 5530">
     <span class='ocr_line' id='line_1_84' title="bbox 623 5445 3839 5530; baseline 0.002 -31"><span class='ocrx_word' id='word_1_673' title='bbox 623 5454 758 5500; x_wconf 77' lang='lat' dir='ltr'><strong>trem</strong></span> <span class='ocrx_word' id='word_1_674' title='bbox 785 5460 907 5500; x_wconf 91' lang='lat' dir='ltr'><strong>esse</strong></span> <span class='ocrx_word' id='word_1_675' title='bbox 944 5445 1080 5500; x_wconf 90' lang='lat' dir='ltr'><strong>:sed</strong></span> <span class='ocrx_word' id='word_1_676' title='bbox 1114 5447 1257 5502; x_wconf 93' lang='lat' dir='ltr'><strong>illam</strong></span> <span class='ocrx_word' id='word_1_677' title='bbox 1303 5449 1392 5520; x_wconf 84' lang='lat' dir='ltr'><strong>pie</strong></span> <span class='ocrx_word' id='word_1_678' title='bbox 1433 5452 1733 5521; x_wconf 81' lang='lat' dir='ltr'><strong>cxposltatn</strong></span> <span class='ocrx_word' id='word_1_679' title='bbox 1765 5455 1818 5510; x_wconf 92' lang='lat' dir='ltr'><strong>in</strong></span> <span class='ocrx_word' id='word_1_680' title='bbox 1849 5469 1943 5510; x_wconf 89' lang='lat' dir='ltr'><strong>eas</strong></span> <span class='ocrx_word' id='word_1_681' title='bbox 1973 5455 2227 5512; x_wconf 86' lang='lat' dir='ltr'><strong>incidisse</strong></span> <span class='ocrx_word' id='word_1_682' title='bbox 2282 5475 2494 5526; x_wconf 90' lang='lat' dir='ltr'><strong>manus,</strong></span> <span class='ocrx_word' id='word_1_683' title='bbox 2529 5473 2648 5530; x_wconf 66' lang='lat' dir='ltr'><strong>quae</strong></span> <span class='ocrx_word' id='word_1_684' title='bbox 2699 5456 2753 5514; x_wconf 89' lang='lat' dir='ltr'><strong>in</strong></span> <span class='ocrx_word' id='word_1_685' title='bbox 2809 5459 3045 5514; x_wconf 88' lang='lat' dir='ltr'><strong>tollenda</strong></span> <span class='ocrx_word' id='word_1_686' title='bbox 3097 5473 3288 5529; x_wconf 89' lang='lat' dir='ltr'><strong>parum</strong></span> <span class='ocrx_word' id='word_1_687' title='bbox 3335 5469 3517 5525; x_wconf 75' lang='lat' dir='ltr'><strong>opera:</strong></span> <span class='ocrx_word' id='word_1_688' title='bbox 3566 5445 3839 5521; x_wconf 77' lang='lat' dir='ltr'><strong>posuerint;</strong></span> 
     </span>
    </p>
   </div>
   <div class='ocr_carea' id='block_1_85' title="bbox 619 5556 2361 5641">
    <p class='ocr_par' dir='ltr' id='par_1_85' title="bbox 619 5556 2361 5641">
     <span class='ocr_line' id='line_1_85' title="bbox 619 5556 2361 5641; baseline 0.007 -30"><span class='ocrx_word' id='word_1_689' title='bbox 619 5570 795 5628; x_wconf 88' lang='lat' dir='ltr'><strong>coque</strong></span> <span class='ocrx_word' id='word_1_690' title='bbox 824 5556 1026 5613; x_wconf 86' lang='lat' dir='ltr'><strong>factum</strong></span> <span class='ocrx_word' id='word_1_691' title='bbox 1055 5561 1200 5630; x_wconf 88' lang='lat' dir='ltr'><strong>quod</strong></span> <span class='ocrx_word' id='word_1_692' title='bbox 1225 5562 1512 5620; x_wconf 86' lang='lat' dir='ltr'><strong>inficiauda</strong></span> <span class='ocrx_word' id='word_1_693' title='bbox 1543 5567 1754 5636; x_wconf 90' lang='lat' dir='ltr'><strong>parenti</strong></span> <span class='ocrx_word' id='word_1_694' title='bbox 1783 5569 1999 5626; x_wconf 88' lang='lat' dir='ltr'><strong>soboles</strong></span> <span class='ocrx_word' id='word_1_695' title='bbox 2022 5580 2304 5641; x_wconf 90' lang='lat' dir='ltr'><strong>appareat.</strong></span> <span class='ocrx_word' id='word_1_696' title='bbox 2342 5591 2361 5624; x_wconf 74' lang='grc' dir='ltr'><strong>ι</strong></span> 
     </span>
    </p>
   </div>
   <div class='ocr_carea' id='block_1_86' title="bbox 692 5672 3840 5767">
    <p class='ocr_par' dir='ltr' id='par_1_86' title="bbox 692 5672 3840 5767">
     <span class='ocr_line' id='line_1_86' title="bbox 692 5672 3840 5767; baseline 0.002 -39"><span class='ocrx_word' id='word_1_697' title='bbox 692 5672 893 5730; x_wconf 80' lang='lat' dir='ltr'><strong>Verum</strong></span> <span class='ocrx_word' id='word_1_698' title='bbox 920 5685 1068 5733; x_wconf 89' lang='lat' dir='ltr'><strong>certe</strong></span> <span class='ocrx_word' id='word_1_699' title='bbox 1094 5688 1196 5744; x_wconf 89' lang='lat' dir='ltr'><strong>est,</strong></span> <span class='ocrx_word' id='word_1_700' title='bbox 1231 5680 1286 5736; x_wconf 90' lang='lat' dir='ltr'><strong>iu</strong></span> <span class='ocrx_word' id='word_1_701' title='bbox 1321 5689 1426 5738; x_wconf 87' lang='lat' dir='ltr'><strong>tam</strong></span> <span class='ocrx_word' id='word_1_702' title='bbox 1466 5685 1668 5754; x_wconf 87' lang='lat' dir='ltr'><strong>hiulca,</strong></span> <span class='ocrx_word' id='word_1_703' title='bbox 1705 5698 1814 5744; x_wconf 90' lang='lat' dir='ltr'><strong>tam</strong></span> <span class='ocrx_word' id='word_1_704' title='bbox 1849 5690 2100 5762; x_wconf 85' lang='lat' dir='ltr'><strong>strigosa,</strong></span> <span class='ocrx_word' id='word_1_705' title='bbox 2147 5701 2254 5749; x_wconf 90' lang='lat' dir='ltr'><strong>tam</strong></span> <span class='ocrx_word' id='word_1_706' title='bbox 2295 5696 2680 5767; x_wconf 75' lang='lat' dir='ltr'><strong>cmnpendiosa</strong></span> <span class='ocrx_word' id='word_1_707' title='bbox 2726 5695 3057 5763; x_wconf 89' lang='lat' dir='ltr'><strong>narratione,</strong></span> <span class='ocrx_word' id='word_1_708' title='bbox 3112 5695 3326 5765; x_wconf 86' lang='lat' dir='ltr'><strong>qualem</strong></span> <span class='ocrx_word' id='word_1_709' title='bbox 3382 5691 3477 5747; x_wconf 87' lang='lat' dir='ltr'><strong>hic</strong></span> <span class='ocrx_word' id='word_1_710' title='bbox 3517 5698 3696 5743; x_wconf 83' lang='lat' dir='ltr'><strong>omnes</strong></span> <span class='ocrx_word' id='word_1_711' title='bbox 3719 5672 3840 5733; x_wconf 81' lang='lat' dir='ltr'><strong>baud</strong></span> 
     </span>
    </p>
   </div>
   <div class='ocr_carea' id='block_1_87' title="bbox 618 5782 3842 5884">
    <p class='ocr_par' dir='ltr' id='par_1_87' title="bbox 618 5782 3842 5884">
     <span class='ocr_line' id='line_1_87' title="bbox 618 5782 3842 5884; baseline -0.001 -42"><span class='ocrx_word' id='word_1_712' title='bbox 618 5782 782 5844; x_wconf 89' lang='lat' dir='ltr'><strong>dubie</strong></span> <span class='ocrx_word' id='word_1_713' title='bbox 809 5789 1242 5851; x_wconf 73' lang='lat' dir='ltr'><strong>animadversuri</strong></span> <span class='ocrx_word' id='word_1_714' title='bbox 1287 5804 1435 5870; x_wconf 86' lang='lat' dir='ltr'><strong>sunt,</strong></span> <span class='ocrx_word' id='word_1_715' title='bbox 1465 5799 1671 5874; x_wconf 84' lang='lat' dir='ltr'><strong>aliquot</strong></span> <span class='ocrx_word' id='word_1_716' title='bbox 1697 5801 1954 5860; x_wconf 84' lang='lat' dir='ltr'><strong>dictionis</strong></span> <span class='ocrx_word' id='word_1_717' title='bbox 1983 5805 2352 5879; x_wconf 76' lang='lat' dir='ltr'><strong>Chrysostomi</strong></span> <span class='ocrx_word' id='word_1_718' title='bbox 2394 5807 2621 5884; x_wconf 85' lang='lat' dir='ltr'><strong>vestigia</strong></span> <span class='ocrx_word' id='word_1_719' title='bbox 2668 5807 3006 5884; x_wconf 74' lang='lat' dir='ltr'><strong>comparere,</strong></span> <span class='ocrx_word' id='word_1_720' title='bbox 3058 5807 3220 5866; x_wconf 84' lang='lat' dir='ltr'><strong>verba</strong></span> <span class='ocrx_word' id='word_1_721' title='bbox 3257 5802 3359 5879; x_wconf 90' lang='lat' dir='ltr'><strong>ipsi</strong></span> <span class='ocrx_word' id='word_1_722' title='bbox 3393 5797 3666 5860; x_wconf 86' lang='lat' dir='ltr'><strong>familiaria</strong></span> <span class='ocrx_word' id='word_1_723' title='bbox 3702 5802 3842 5846; x_wconf 84' lang='lat' dir='ltr'><strong>usur-</strong></span> 
     </span>
    </p>
   </div>
  </div>
