3952 6200
474 345 581 404 195

463 463 659 521 animal
676 463 938 520 condidit:
961 474 1059 515 nec
1076 466 1277 514 tantum
1299 455 1425 524 hoc,
1445 452 1541 511 sed
1557 462 1613 509 et
1627 452 1831 523 reliqua
1853 452 2051 507 omnia.

481 556 663 612 l'erum
680 550 1080 627 pulchritudinis
1098 549 1253 618 hujus
1265 546 1385 603 aliis
1400 545 1613 617 quidem
1634 543 1774 614 plus,
1789 542 1908 598 aliis
1930 557 2057 596 vero

473 649 650 704 minus
678 646 895 717 largitus
922 653 1023 700 est.
1054 640 1370 712 Complures
1408 648 1585 694 autem
1611 646 1732 708 post
1755 645 1929 691 ortum
1954 650 2056 705 qua

467 739 723 796 carebam
751 743 1028 791 venustate
1057 733 1247 789 induit.
1283 732 1453 788 Porro
1478 745 1545 786 ex
1572 730 1690 800 ipso
1715 728 2059 803 situquoque

463 831 713 887 decorem
768 829 1092 900 perspicies;
1120 823 1567 898 quemadmodum
1594 823 1648 878 in
1673 821 1875 888 oculis,
1915 819 2059 892 quod

465 923 520 978 in
566 921 779 977 sublimi
811 921 927 976 loco
955 919 1126 973 instar
1165 918 1318 973 iridis
1356 915 1516 988 positi
1563 914 1705 979 sint,
1735 914 1879 983 quod
1919 912 2060 967 intus

464 1021 734 1069 tornatam
782 1009 1165 1066 rotunditatem
1188 1051 1205 1075 ,
1254 1007 1495 1065 colorum
1525 1005 1809 1061 mixturam
1832 1045 1848 1071 ,
1899 1017 2062 1058 accu-

463 1113 637 1160 ratam
662 1101 911 1169 formam,
938 1101 1348 1174 germanitatem
1371 1141 1387 1167 ,
1417 1098 1797 1169 ingenuitatem
1839 1104 1894 1153 et
1935 1110 2063 1149 cau-

464 1196 654 1253 dorem
706 1195 958 1251 habeant.
1012 1192 1142 1260 Sed,
1178 1192 1381 1263 inquiet
1433 1189 1665 1259 aliquis,
1721 1184 2062 1259 pulchritudo

471 1288 855 1347 oiiendiculum
896 1286 1012 1341 luit.
1057 1285 1171 1341 Non
1217 1290 1433 1354 propter
1469 1278 1878 1353 pulchritudinis
1905 1286 2061 1333 natu-

466 1397 583 1439 ram
612 1382 665 1437 id
711 1378 969 1451 contigit,
1013 1377 1108 1433 sed
1151 1392 1248 1447 per
1296 1365 1559 1446 ignaviam
1600 1387 1786 1428 eorum
1832 1370 1921 1442 qui
1968 1370 2062 1425 illa

466 1474 771 1547 capiuntur.
802 1473 939 1527 Dicit
955 1470 1100 1526 enim
1123 1469 1397 1538 Scriptura
1422 1485 1435 1521 :
1462 1464 1546 1521 Ne
1568 1464 1808 1536 respicias
1833 1462 2031 1533 pulchri
2040 1493 2061 1503 -

468 1568 695 1621 tudinem
727 1564 959 1620 alienam
988 1560 1195 1633 (Ecclt.
1221 1559 1275 1615 9.
1307 1559 1341 1615 8
1362 1557 1404 1631 ).
1437 1556 1555 1612 Non
1598 1555 1731 1610 dixit
1777 1553 2021 1609 absolute
2043 1594 2062 1621 ,

470 1657 557 1714 Ne
599 1657 840 1727 respicias
883 1653 1355 1724 pulchritudinem:
1379 1650 1477 1705 sed
1520 1647 1764 1709 addidit,
1806 1646 2059 1700 Alienum.

471 1751 651 1818 Quare
696 1748 875 1804 laudat
923 1759 1018 1802 eos
1059 1744 1148 1816 qui
1204 1741 1419 1813 prOpria
1469 1738 1718 1794 fruuntur
1764 1744 2060 1793 venustate.

469 1843 580 1900 Cur
621 1842 764 1899 enim
809 1838 973 1895 decor
1018 1835 1310 1906 Josephum
1356 1847 1463 1888 non
1510 1827 1872 1901 pessumdedit
1895 1868 1911 1891 ,
1965 1840 2065 1881 nec

474 1949 721 1994 vmavum
747 1931 947 1995 eﬂ'ecit,
975 1942 1077 1984 nec
1104 1926 1328 1997 replevit
1350 1922 1553 1978 insania
1581 1928 1637 1975 et
1661 1920 1796 1974 fastu
1816 1920 1841 1972 ?
1883 1916 2061 1980 Cerva,

474 2025 658 2097 nquit,
684 2021 921 2076 amicitia!
959 2027 1006 2074 et
1050 2017 1221 2089 pullus
1269 2015 1548 2086 gratiarum
1595 2020 1794 2065 tuarum
1844 2016 2066 2063 versetur

469 2117 668 2191 κονίη(
691 2115 843 2171 Prov.
873 2114 927 2170 5.
964 2110 1033 2167 l9
1055 2110 1095 2182 ).
1130 2104 1662 2165 Pulchritudoetiam
1685 2100 1955 2156 vinculum
1977 2107 2062 2154 est

476 2210 785 2282 ruptiarum
810 2246 826 2273 ,
867 2214 927 2262 ut
953 2204 1162 2261 scilicet
1192 2199 1438 2256 homines
1477 2193 1754 2265 impotenti
1781 2206 2065 2269 corporum

468 2279 740 2359 desiderio
788 2298 1094 2369 ﬂagrarent.
1146 2291 1279 2347 Nam
1333 2303 1452 2345 cum
1508 2287 1649 2342 Deus
1696 2281 1852 2338 nobis
1924 2279 2070 2336 illius

474 2391 794 2449 laboriosam
820 2403 886 2445 ac
916 2386 1164 2441 miseram
1202 2380 1552 2444 adornasset,
1581 2373 1829 2430 solatium
1855 2386 2066 2443 quoque

468 2481 683 2554 aliquod
719 2479 957 2536 donavit.
997 2476 1132 2532 llinc
1168 2473 1324 2530 nobis
1361 2469 1531 2526 fomes
1572 2463 1870 2523 dilectionis
1905 2455 2072 2514 vitam

467 2552 590 2648 qua:
613 2573 792 2630 omnia
828 2567 1218 2640 complectitur.
1245 2562 1405 2620 Multa
1427 2559 1622 2630 quippe
1661 2571 1787 2612 cura
1833 2552 2067 2625 providit

471 2645 614 2723 Deus
654 2679 716 2720 ac
741 2661 957 2725 cll’ccit,
985 2668 1044 2713 ut
1089 2655 1394 2728 nuptiarum
1443 2648 1712 2705 vinculum
1762 2645 1973 2701 ﬁrmum
2002 2657 2066 2700 ac

470 2758 754 2815 infractum
793 2760 1055 2809 maneret.
1102 2750 1203 2816 At,
1253 2745 1458 2816 inquiet
1502 2742 1678 2806 idem,
1727 2732 2066 2808 pulchritudo

471 2848 758 2907 oﬂensioni
787 2846 854 2902 ab
883 2844 1033 2899 initio
1062 2840 1179 2896 iuit.
1234 2837 1473 2892 Videntes
1515 2834 1647 2888 enim
1684 2831 1779 2902 ﬁlii
1807 2827 1905 2883 Dei
1930 2826 2065 2896 ﬁlias

473 2942 734 2998 hominum
754 2980 770 3003 ,
799 2935 939 3008 quod
963 2942 1124 2990 essent
1159 2930 1407 3003 pulchras,
1436 2931 1735 2995 acceperunt
1775 2920 1869 2975 sibi
1893 2920 1911 2992 (
1934 2916 2066 2975 Gen.

471 3032 528 3090 ει.
561 3033 661 3102 '2).
692 3027 1081 3087 Otl‘cndieulum
1118 3038 1223 3079 non
1260 3021 1361 3077 fuit
1406 3017 1654 3090 species,
1702 3012 1799 3069 sed
1848 3011 2064 3066 illorum

474 3121 882 3183 incontinentis.
936 3117 1102 3173 Filias
1140 3113 1283 3170 enim
1328 3125 1435 3166 non
1472 3108 1594 3163 ideo
1624 3106 1763 3161 Deus
1790 3102 2063 3173 speciosus

474 3219 696 3281 fecerat,
735 3220 796 3267 ut
832 3208 1166 3281 impudentes
1214 3205 1437 3268 ﬁerent,
1467 3199 1562 3256 sed
1603 3205 1663 3252 ut
1701 3192 2067 3265 unusquisque

473 3323 627 3364 suam
649 3305 942 3360 adamaret.
964 3299 1029 3354 Et
1049 3296 1400 3368 intelligentes,
1419 3290 1610 3363 inquit,
1628 3289 1683 3343 in
1705 3287 1843 3342 omni
1861 3286 2065 3357 sapien-

474 3401 545 3454 tia
574 3415 594 3453 :
622 3397 674 3452 id
720 3403 833 3461 est,
865 3391 1133 3447 studiosos
1174 3398 1231 3443 et
1269 3385 1446 3441 omnis
1491 3379 1767 3452 sapientia:
1794 3390 2062 3449 capaces:

472 3501 530 3546 ut
559 3490 758 3544 doceret
786 3502 871 3541 eos
900 3484 1071 3538 literas
1098 3489 1149 3535 et
1193 3480 1418 3550 tinguant
1441 3473 1821 3532 Chaldworum.
1851 3469 2063 3542 Moyses

474 3580 688 3652 quidem
715 3594 836 3634 cum
863 3581 1008 3631 esset
1027 3586 1163 3628 unus
1191 3586 1223 3626 e
1249 3568 1429 3640 vulgo,
1456 3576 1515 3621 ut
1538 3580 1631 3621 rex
1652 3561 1916 3618 enutritus
1941 3569 2061 3616 est:

476 3676 531 3728 hi
563 3687 690 3729 vero
712 3686 834 3728 eum
864 3684 928 3724 ex
958 3666 1124 3736 stirpe
1149 3662 1290 3734 regia
1321 3659 1424 3717 orti
1452 3664 1668 3723 essent,
1715 3655 1855 3709 inter
1882 3666 2068 3708 servos

477 3765 679 3821 heriles
717 3759 1103 3817 educabantur.
1157 3751 1388 3809 Pulchre
1433 3749 1703 3820 provisum
1747 3754 1870 3812 est,
1901 3751 1962 3798 ut
1989 3741 2068 3798 illi

476 3855 746 3911 discerent
775 3852 957 3907 literas
983 3858 1038 3905 et
1062 3849 1298 3917 linguam
1324 3841 1695 3899 Chaldaeorum
1714 3879 1732 3907 ,
1770 3853 1841 3894 ne
1867 3837 2069 3894 scilicet

474 3945 691 4019 quando
733 3943 917 3999 Daniel
947 3941 1017 3997 de
1042 3938 1248 4010 magnis
1278 3936 1383 3992 illis
1413 3934 1572 3990 rebus
1590 3947 1714 3989 cum
1740 3946 1866 4003 rege
1892 3930 2072 4002 loquu-

474 4051 627 4097 turus
650 4046 815 4103 esset,
844 4034 1036 4106 aliquis
1066 4028 1430 4088 interveniens
1459 4024 1702 4082 nonnihil
1732 4038 1920 4081 eorum
1947 4037 2068 4093 qua:

474 4131 782 4188 dicerentur
801 4128 1137 4197 depravaret.
1161 4121 1400 4192 Quanam
1422 4126 1601 4174 autem
1622 4116 1691 4173 de
1710 4128 1871 4172 causa
1891 4113 2070 4168 adhuc

477 4496 780 4557 necessaria
824 4493 889 4548 ad
935 4493 1132 4547 victum
1179 4490 1310 4544 mihi
1358 4485 1800 4556 suppeditantur,
1854 4482 2074 4537 omnino

478 4574 719 4662 ignoscet
747 4587 904 4640 Deus.
935 4585 1005 4638 At
1034 4597 1140 4636 non
1183 4580 1255 4635 ita
1306 4579 1409 4634 iste
1439 4595 1453 4633 :
1482 4591 1588 4632 non
1639 4575 1782 4632 enim
1809 4573 2075 4630 mercedis

480 4680 706 4749 alicujus
757 4672 963 4750 gratia,
992 4681 1084 4727 aut
1129 4686 1194 4726 ex
1255 4669 1450 4724 timore
1501 4674 1743 4728 tantum,
1772 4664 1865 4718 sed
1914 4663 2073 4719 etiam

482 4788 546 4827 ex
578 4770 798 4825 caritate
846 4766 955 4821 Deo
980 4762 1264 4819 serviebat.
1310 4758 1473 4815 Multa
1499 4772 1625 4812 cura
1669 4754 1924 4810 educatus
1950 4760 2034 4810 est
2056 4795 2072 4820 ,

482 4877 585 4918 nec
615 4862 778 4916 breve
806 4867 1020 4928 tempus
1058 4855 1111 4909 in
1149 4849 1323 4909 studia
1372 4848 1676 4919 insumpsit.
1731 4847 1865 4904 Tres
1904 4860 2075 4900 annos

490 4951 1002 5024 philosopluihantur
1050 4954 1258 5003 ettres
1308 4955 1476 4997 arnos
1525 4938 1856 5010 jcjunahaut.
1914 4936 2076 4992 Vides

487 5041 866 5115 prudentiam?
899 5039 999 5095 Ubi
1037 5037 1288 5092 cautione
1326 5046 1464 5103 cpus
1490 5039 1574 5087 est
1597 5071 1613 5097 ,
1658 5028 1812 5084 valde
1858 5035 2077 5083 exactus

482 5149 595 5202 est,
632 5133 874 5203 provisus
900 5146 963 5185 ac
991 5131 1442 5199 circumSpectus;
1475 5140 1575 5180 nec
1606 5133 1810 5179 temere
1839 5122 2076 5191 seipsum

388 5300 394 5313 '
482 5227 701 5297 conjicit
723 5265 738 5290 ,
786 5222 881 5278 sed
922 5223 1264 5292 supplicatac
1289 5228 1536 5290 precatur
1565 5234 1578 5272 :
1607 5215 1695 5271 ubi
1720 5230 1850 5272 vero
1872 5213 2075 5268 nullum

485 5324 863 5381 detrimentutn
911 5327 1031 5382 est,
1085 5317 1317 5387 linguam
1371 5313 1652 5368 barbaram
1707 5320 1763 5365 et
1817 5305 2080 5379 ejusmodi

485 5416 804 5489 sapientiam
832 5412 1038 5467 discere
1067 5424 1172 5465 non
1200 5407 1407 5470 renuit;
1436 5420 1545 5461 nou
1573 5404 1715 5460 enim
1740 5403 1942 5458 crimen
1965 5407 2081 5455 erat

487 5509 628 5565 hanc
649 5507 857 5563 discere
876 5546 891 5571 ,
922 5517 1108 5559 verum
1131 5516 1192 5555 ea
1216 5499 1312 5553 uti.
1341 5496 1433 5553 Sic
1459 5496 1727 5567 praecipue
1754 5492 2083 5563 intelligebat

488 5602 804 5670 sapientiam
836 5611 986 5651 suam
1022 5612 1037 5649 :
1074 5603 1232 5664 atquc
1263 5590 1454 5644 iterum
1482 5604 1548 5643 ex
1574 5585 1995 5656 comparatione,
2024 5589 2085 5636 ut

489 5694 719 5745 disceret
756 5688 957 5744 nullam
1005 5700 1125 5742 esse
1173 5682 1485 5753 sapientiam
1517 5679 1791 5735 Hebraicaa
1831 5677 2081 5741 similem,

495 5793 657 5851 atque
698 5782 887 5839 fortior
914 5781 1182 5839 evaderet.
1219 5776 1371 5844 Quod
1399 5776 1443 5833 si
1483 5774 1532 5831 id
1579 5772 1761 5827 fuisset
1803 5772 2037 5835 iniquum
2064 5809 2078 5836 ,

1180 341 1237 397 S.
1279 336 1557 396 JOANNIS
1592 333 2071 424 CliRYSOS’l‘OMI
2109 333 2427 392 ARCHIEP.
2468 335 3008 393 CONSTANTINOP.
3609 346 3699 405 ηε

2170 452 2239 507 ibi
2267 451 2504 523 profecto
2530 453 2832 519 restitisset,
2868 463 3026 524 atque
3050 452 3183 510 adeo
3205 470 3547 527 repugnasset.
3565 461 3703 520 Vides

2162 545 2303 600 illius
2327 546 2550 601 virtutes
2576 544 2646 601 ab
2675 546 2862 602 eadem
2885 546 3088 616 origine
3115 547 3442 616 proﬂuxisse,
3468 565 3529 605 ex
3553 568 3642 622 qua
3673 554 3702 611 li

2162 637 2250 709 qui
2275 640 2442 695 ventri
2468 639 2761 709 indulgent,
2784 655 2849 695 ex
2872 656 2971 708 qua
2990 639 3026 694 ii
3044 639 3263 711 quiallia
3289 641 3555 711 pmierunt
3573 661 3703 701 man-

2165 731 2288 785 naz?
2314 731 2440 787 Inde
2467 733 2648 788 Daniel
2692 748 2812 788 cum
2855 741 3000 790 esset
3042 740 3224 803 ortus,
3267 734 3613 806 philosophum
3656 754 3707 795 se

2167 840 2297 882 esse
2344 827 2598 882 ostendit.
2629 827 2684 883 6.
2723 847 2743 881 ι
2773 829 2837 884 Et
2881 829 2933 884 in
2976 829 3059 884 his
3097 828 3306 886 fuerunt
3331 830 3396 885 de
3419 831 3531 887 (iliis
3564 832 3704 897 .luda,

2165 915 2388 984 Daniel,
2438 928 2493 973 et
2538 919 2795 985 Auanias,
2844 929 2900 975 et
2950 921 3192 987 Azarias,
3242 928 3296 977 ct
3345 921 3538 977 Mizael.
3572 924 3619 977 7.
3656 925 3710 980 Et

2170 1012 2424 1081 imposuit
2464 1012 2544 1068 eis
2588 1013 2802 1068 nomina
2848 1014 3167 1084 praepositus
3210 1015 3583 1080 cunuchorum;
3626 1016 3710 1070 lla-

2166 1102 2293 1158 nieli
2339 1103 2594 1173 quidem,
2639 1103 2926 1170 Baltazar;
2976 1113 3034 1160 et
3080 1105 3298 1159 Ananiae
3324 1103 3712 1172 Sedrachus;ct

2164 1195 2373 1250 Azarim
2396 1237 2411 1260 ,
2432 1196 2783 1275 ~Abdenago;
2816 1206 2869 1252 et
2905 1197 3128 1264 Misaeli,
3161 1198 3437 1255 Misachus.
3464 1218 3482 1252 ι
3515 1201 3709 1269 Danieli,

2167 1288 2357 1359 inquit,
2391 1290 2642 1358 imposuit
2697 1305 2901 1346 nomen
2942 1290 3204 1346 Baltasar.
3239 1291 3313 1346 lta
3360 1306 3560 1363 quoque
3600 1293 3714 1350 deus

2167 1381 2383 1437 illorum
2411 1383 2702 1438 vocabatur
2729 1402 2743 1437 :
2767 1385 2892 1454 quin
2921 1384 3098 1454 potius
3122 1385 3200 1440 sic
3224 1385 3577 1457 appellabatur
3597 1385 3715 1442 illius

2166 1474 2327 1545 regis.
2356 1474 2599 1531 Aususne
2638 1483 2723 1539 est
2776 1475 2938 1546 igitur
2983 1476 3252 1546 captivum
3306 1477 3487 1534 eodem
3526 1481 3715 1536 nomine

2169 1566 2719 1653 insignirclProrsus
2758 1567 2812 1623 id
2850 1582 3013 1623 ausus
3056 1579 3172 1636 est;
3219 1570 3319 1626 nisi
3362 1572 3495 1640 quod
3529 1588 3622 1626 non
3646 1582 3717 1627 est

2167 1655 2308 1713 idem
2317 1669 2513 1712 nomen
2525 1656 2601 1728 (a)
2613 1667 2677 1710 ac
2685 1653 2978 1720 decus.sed
2991 1660 3155 1715 multa
3180 1661 3457 1718 intercedit
3496 1662 3714 1717 dill‘ereu-

2167 1747 2262 1814 tia,
2289 1749 2428 1805 sicut
2472 1747 2527 1802 in
2565 1747 2834 1817 Josepho,
2861 1748 3102 1804 adoravit
3166 1763 3291 1805 eum
3342 1761 3489 1821 pater
3548 1751 3714 1821 ipsius.

2167 1838 2273 1895 Sed
2305 1838 2432 1910 quid
2463 1839 2659 1910 magni,
2684 1853 2879 1894 nomen
2922 1838 3050 1894 illud
3076 1839 3125 1895 ei
3150 1839 3371 1894 inditum
3395 1840 3544 1895 esse?
3565 1855 3717 1896 nonne

2168 1930 2330 1985 etiam
2367 1929 2529 1985 hodie
2552 1930 2692 1986 inter
2708 1930 2946 2002 plebeios
2971 1929 3216 1985 videmus
3237 1945 3419 2001 regum
3445 1932 3718 1987 nominibus

2168 2022 2424 2092 appellari
2455 2024 2690 2080 multos?
2709 2024 2779 2079 At
2801 2039 2905 2079 non
2930 2022 2982 2079 in
3010 2023 3177 2094 regia,
3202 2024 3342 2081 dicet
3364 2025 3561 2095 aliquis.
3580 2025 3718 2096 Cujus

2167 2120 2344 2167 autem
2368 2112 2443 2167 rei
2469 2113 2636 2181 gratia
2668 2113 2942 2168 nominum
2967 2114 3065 2169 ista
3093 2115 3317 2168 mutatio
3341 2114 3432 2169 fit"
3451 2117 3625 2183 Asp’ce
3646 2132 3719 2170 res

2167 2202 2402 2273 undique
2430 2203 2665 2274 diSponi.
2695 2205 2810 2260 Non
2839 2205 2979 2260 videt
3009 2206 3280 2261 somnium
3304 2221 3416 2272 rex,
3445 2207 3718 2276 priusquam

2170 2306 2278 2353 tres
2307 2295 2380 2353 illi
2408 2298 2532 2353 anni
2560 2299 2807 2369 complcti
2842 2298 2968 2354 sint.
2997 2298 3157 2356 Vides
3198 2300 3571 2369 providentiam
3607 2300 3720 2355 Dei?

2166 2385 2276 2445 Cur
2298 2389 2493 2460 igitur?
2511 2389 2580 2448 Ut
2604 2391 2790 2459 majori
2815 2391 3056 2448 libertate
3081 2391 3334 2464 loquendi
3358 2392 3533 2448 Daniel
3551 2389 3721 2446 fruere-

2169 2488 2279 2535 tur.
2312 2480 2403 2545 At,
2428 2481 2620 2536 dixerit
2639 2482 2851 2552 aliquis,
2876 2483 3209 2537 manifestius
3235 2486 3288 2539 in
3317 2483 3642 2537 admiratione
3669 2498 3721 2536 ac

2168 2572 2412 2628 claritate
2431 2566 2837 2640 fuissetDaniel,
2851 2570 2895 2626 si
2906 2567 3283 2626 antetresillos
3293 2581 3459 2622 annos
3470 2566 3725 2624 Nabucho-

2168 2662 2404 2719 donosor
2428 2660 2692 2715 somnium
2720 2660 2961 2716 vidisset.
3008 2661 3166 2730 Atqui
3197 2660 3432 2721 edictum
3462 2659 3583 2713 illud
3609 2672 3716 2711 caa-

2169 2762 2253 2810 tra
2291 2768 2488 2825 pueros
2529 2753 2796 2823 prolatum
2828 2767 2934 2808 non
2979 2750 3168 2807 fuisset
3205 2769 3219 2806 :
3256 2753 3410 2808 aliter
3447 2760 3611 2805 autem
3639 2761 3725 2805 nec

2168 2845 2375 2901 Dauieli
2404 2844 2664 2900 creditum
2689 2851 2849 2899 esset.
2877 2843 3164 2912 Propterea
3192 2844 3250 2896 in
3277 2842 3451 2913 parvis
3469 2857 3528 2896 ac
3544 2840 3721 2909 exiguis

2168 2936 2332 2994 rebus
2365 2934 2642 2991 eunuchus
2671 2933 3059 2990 benevolentia:
3100 2932 3192 2988 Dei
3225 2948 3353 3003 erga
3385 2933 3501 2987 illos
3539 2930 3718 3000 pericu-

2169 3029 2278 3084 lum
2305 3028 2449 3094 facit,
2479 3036 2539 3083 ut
2563 3027 2776 3098 quando
2799 3025 2866 3082 de
2887 3023 3179 3094 majoribus
3208 3025 3378 3079 rebus
3398 3023 3538 3078 illum
3562 3028 3724 3092 postu-

2167 3122 2416 3187 laverint,
2444 3119 2692 3175 dimdens
2719 3134 2822 3174 non
2856 3126 3093 3188 respuat,
3122 3119 3190 3171 tet
3220 3125 3286 3172 ut
3309 3117 3512 3172 discant
3542 3130 3599 3170 ea
3638 3113 3726 3167 lin-

2168 3230 2271 3286 gua
2317 3213 2516 3283 Optime
2558 3211 2723 3282 loqui,
2779 3209 2850 3279 ad
2899 3209 3157 3280 majorem
3208 3209 3462 3264 nimirum
3510 3204 3728 3262 ﬁduciam

2170 3307 2540 3363 obtinendam.
2576 3304 2765 3361 Nonne
2793 3303 2941 3360 vides
2981 3302 3165 3357 Davidi
3195 3302 3251 3356 id
3282 3301 3586 3369 contigisse,
3622 3312 3727 3349 cum

2170 3415 2266 3455 rex
2309 3398 2434 3453 Saiil
2465 3397 2532 3453 de
2571 3397 2731 3452 rebus
2766 3410 2832 3451 ex
2868 3374 3040 3450 aetate.
3064 3393 3341 3465 judicans,
3386 3392 3456 3447 illi
3486 3390 3728 3461 pollicenti

2171 3489 2315 3561 quod
2341 3488 2695 3559 alienigenam
2724 3485 3102 3542 interfecturus
3130 3494 3302 3552 esset,
3332 3484 3485 3539 iidem
3524 3498 3621 3537 non
3650 3479 3729 3532 ha-

2173 3581 2324 3637 buit?
2348 3581 2424 3637 De
2448 3589 2647 3637 caatero
2671 3578 2889 3634 adverte
2920 3577 3192 3634 Danielcm
3234 3577 3460 3632 instituti
3500 3589 3557 3628 ac
3589 3581 3729 3627 secta:

2172 3672 2464 3730 barbarica:
2490 3686 2706 3728 causam
2731 3678 2786 3726 et
2813 3670 3071 3729 rationem
3101 3668 3458 3725 intellexisse.
3493 3665 3731 3721 Barbam-

2172 3781 2292 3822 rum
2315 3764 2512 3836 quippe
2537 3763 2845 3834 disciplinas
2874 3771 3126 3818 accurate
3160 3760 3467 3816 didicerunt
3504 3758 3665 3812 Mosrs
3685 3761 3732 3805 et

2173 3859 2380 3916 Daniel.
2410 3857 2489 3914 Ne
2523 3857 2668 3913 enim
2709 3855 3005 3927 ignorantia
3043 3853 3289 3921 adducti,
3319 3860 3625 3925 putarentur
3650 3859 3731 3900 sua

2173 3951 2364 4007 alienis
2413 3948 2668 4020 praeferre
2715 3965 2729 4003 :
2779 3962 2839 4002 ea
2882 3946 3126 4017 permisit
3173 3944 3316 4010 illis,
3364 3943 3520 3998 etiam
3565 3939 3733 3994 aliena

2175 4042 2413 4100 scientiae
2450 4040 2737 4112 participes
2766 4036 2879 4094 ﬁeri
2910 4055 2925 4092 :
2959 4046 3011 4090 ut
3042 4035 3261 4107 quando
3300 4034 3499 4091 videris
3525 4047 3614 4087 seu
3650 4045 3734 4099 po.

2177 4135 2283 4190 tius
2307 4133 2542 4190 audieris
2571 4131 2773 4187 Mosem
2793 4129 3084 4195 dicentem,
3119 4126 3241 4182 Non
3268 4137 3341 4181 est
3367 4124 3609 4198 sapientia
3626 4135 3736 4190 qua-

2175 4229 2239 4283 lis
2257 4235 2431 4283 nostra
2452 4225 2628 4297 (Deut.
2651 4221 2729 4295 4).
2753 4237 2858 4278 non
2884 4219 3257 4290 propensionis
3283 4234 3381 4273 nec
3408 4215 3598 4271 amoris
3620 4225 3735 4267 ceu-

2176 4333 2297 4375 seas
2320 4332 2438 4373 esse
2464 4315 2803 4374 sententiam.
2833 4311 2928 4368 sed
2955 4311 3083 4367 recti
3105 4310 3309 4380 iudicii.
3361 4308 3491 4363 Nam
3519 4303 3617 4359 dici
3647 4316 3731 4354 ne-

2175 4410 2293 4479 quit
2332 4407 2603 4463 Danielcm
2647 4404 2774 4461 odio
2823 4418 2949 4474 erga
2985 4410 3349 4472 prasecptores
3392 4397 3640 4455 resiliisse
3679 4392 3737 4444 ah

2177 4500 2387 4557 illorum
2412 4496 2675 4553 doctrina.
2697 4494 2870 4549 Ambo
2891 4495 3054 4556 cutim,
3080 4491 3255 4547 Moses
3278 4499 3335 4546 et
3364 4487 3564 4551 Daniel,
3590 4482 3739 4539 multo

2179 4591 2381 4648 honoro
2409 4589 2476 4643 ab
2499 4586 2766 4643 extraneis
2791 4584 3116 4644 afﬁciuntur.
3163 4591 3218 4637 et
3248 4592 3423 4635 tamen
3450 4577 3617 4650 gentis
3643 4586 3740 4626 sum

2178 4685 2413 4740 instituta
2445 4686 2793 4749 anteponunt.
2826 4678 2893 4732 Et
2921 4675 3022 4731 hoc
3060 4682 3145 4730 cst
3171 4672 3313 4741 quod
3358 4685 3479 4726 cum
3525 4664 3740 4722 admira-

2179 4775 2325 4829 tione
2368 4772 2438 4827 de
2476 4771 2621 4826 Mose
2658 4768 2868 4823 dicebat
2897 4766 3091 4822 Paulus
3117 4782 3133 4821 :
3161 4763 3285 4819 Non
3312 4762 3462 4834 elegit
3497 4750 3741 4829 temporali

2244 4916 2316 4985 (α)
2351 4915 2546 4985 ῧςεςεθ,
2583 4914 2704 4985 π);ἣῖδ
2745 4912 2979 4985 ηὗδε-ἔξεις
3008 4911 3064 4960 τὸ
3086 4911 3217 4985 coite
3243 4911 3422 4985 ὄγομα,
3462 4913 3568 4985 etc.

2180 4959 2329 5030 video
2353 4959 2451 5026 nisi
2467 4959 3169 5037 veiscriptoris'inditigentia
3197 4959 3562 5037 iactu'nL'esse,
3603 4959 3732 5037 ubad

2181 5024 2496 5091 {tamam
2544 5024 2870 5099 perrv’enerint
2914 5024 3313 5099 eldqueutissimi
3372 5024 3731 5099 Patrisjcrbs.

2183 5087 2386 5152 Scilicet
2406 5099 2522 5148 dum
2545 5087 2814 5145 ostendere
2846 5096 2951 5144 vult
2978 5087 3124 5155 lo'uge
3156 5096 3445 5155 ampiiorem
3485 5090 3637 5155 fuisse
3671 5087 3733 5145 [a-

2182 5149 2776 5215 mamrliattasarisludtci
2809 5149 3545 5215 famaBatfasaris'liabylonii,
3577 5158 3734 5214 exem-

2182 5214 2847 5288 plumdosephi‘adduxerat
2872 5214 3298 5288 eximius‘doctor.
3338 5214 3559 5288 Uterque
3595 5220 3732 5288 enim.

2181 5274 2428 5339 :losephus
2448 5274 2506 5331 a'c
2528 5279 2736 5338 Daniel,
2764 5281 2892 5326 servi
2934 5292 3044 5327 cuiu
3091 5277 3324 5333 fuissent,
3353 5288 3470 5322 eum
3497 5274 3734 5339 honorem

2182 5333 2437 5397 consecuti
2480 5352 2622 5400 sunt,
2668 5333 2733 5390 ut.
2749 5341 2955 5398 adorari,
2999 5352 3135 5400 more
3164 5350 3335 5386 earum
3370 5333 3733 5400 getttiutnl_me-

2185 5388 2723 5464 itiéiitit’;'iuc'£régé;
2754 5388 2871 5450 Dan.
2901 5388 3176 5459 1,'i(i;.ille
3200 5413 3235 5464 a_
3258 5388 3419 5464 patre,
3448 5398 3571 5464 lien.
3594 5388 3733 5464 37,2.

2183 5477 2237 5518 et
2263 5469 2332 5527 Π,
2355 5459 2409 5515 δί
2440 5481 2451 5514 :
2473 5470 2524 5527 at
2549 5459 2769 5512 notarius
2790 5466 3077 5523 properans,
3103 5473 3203 5527 rem
3224 5459 3447 5508 iudicare
3469 5459 3732 5527 conterituf.

2185 5512 2332 5579 voces
2351 5512 2532 5575 (inlisit.
2570 5526 2682 5574 Haec
2706 5512 2972 5571 est'uoslra
3013 5512 3258 5581 suspicio,
3299 5532 3395 5566 seu
3428 5512 3589 5581 p~_tiu_s
3619 5512 3734 5581 divi-3

2183 5569 2332 5645 iniit};
2355 5569 2784 5649 fdiiiiii'ni'hgkdia
2811 5569 3165 5649 relinquimtis.
3191 5569 3442 5649 Caeterum
3462 5577 3530 5649 de
3548 5569 3735 5649 Josepili
3760 5600 3769 5607 ~

2183 5631 3071 5701 Erib'ﬁitikiﬁé’Eiﬁufdé*Theodb'rétus
3095 5646 3279 5701 Quaest.
3316 5640 3377 5691 l9
3410 5639 3461 5688 in
3499 5631 3736 5701 genesta»

2184 5695 2618 5777 éi’gib'siizfuiiiip
2648 5706 2896 5777 Orationis
2937 5704 2997 5754 26
3030 5707 3079 5754 iu
3105 5695 3377 5766 Ει-ίειοιειω
3402 5700 3464 5750 ad
3500 5695 3735 5748 uestem.

2184 5784 2236 5826 et
2263 5771 2471 5823 ilomilia
2504 5772 2564 5820 66
2590 5768 2640 5819 in
2667 5767 2915 5821 Genesim.
