4038 6204
259 233 357 289 197

255 356 447 429 peccati
483 356 736 427 uoluptate
758 353 883 424 frui,
925 352 1142 423 majores
1173 349 1390 420 [Egypti
1423 349 1670 404 thesauris
1708 347 1838 400 diei-

253 452 347 505 tias
397 466 509 506 esse
552 458 694 504 ratus
733 446 920 502 Christi
961 446 1198 516 probrum
1235 443 1423 516 (Hebr.
1462 442 1553 497 11.
1590 440 1683 494 25.
1725 438 1838 510 26).

251 542 300 595 8.
349 539 420 594 Et
458 538 628 610 posuit
673 536 857 590 Daniel
896 537 949 589 in
993 535 1144 589 corde
1183 549 1296 594 suo.
1337 550 1400 587 ne
1443 529 1751 602 pollueretur
1790 530 1842 581 ir

249 647 426 686 mensa
449 631 605 701 regis,
632 637 676 682 et
699 629 754 682 in
775 628 892 682 vino
910 626 973 680 de
1002 635 1121 696 potu
1142 625 1271 696 ejus,
1301 631 1348 677 et
1380 622 1570 692 rogavit
1595 619 1840 691 prtrposi-

249 735 356 776 tum
399 721 745 777 eunuchorum
784 734 848 773 ne
871 717 1316 771 contaminaretur.
1351 714 1405 769 9.
1451 711 1518 766 Et
1543 712 1678 765 dedit
1707 709 1842 763 Deus

252 814 524 868 Danielem
550 813 604 866 in
629 809 1025 864 misericordiam
1064 817 1110 862 et
1138 807 1192 860 in
1233 805 1601 859 miserationem
1627 801 1679 855 in
1713 818 1837 854 cou—

247 913 424 976 spertu
456 902 699 973 principis
719 900 1084 956 cunuchorum.
1113 896 1305 964 Aspice
1330 894 1596 949 Danielem
1625 907 1654 946 a
1683 891 1837 945 bonis

247 995 512 1064 operibus
549 993 805 1062 incipere.
838 990 914 1044 Ita
960 1005 1022 1044 ex
1063 1002 1130 1040 eo
1175 997 1416 1056 tempore
1457 981 1691 1039 ostendit
1731 996 1842 1034 ma-

249 1103 416 1158 gnum
465 1101 526 1142 se
554 1100 694 1150 esse,
726 1093 884 1154 atque
922 1081 1308 1135 admirabilem.
1351 1077 1527 1145 Quare
1570 1074 1839 1142 Scriptura

257 1177 616 1250 Instantiori
656 1191 778 1231 eum
817 1174 1032 1228 nomine
1070 1169 1347 1243 (Danielis)
1392 1167 1643 1236 appellat.
1674 1164 1841 1221 Porro

255 1271 308 1324 in
335 1270 534 1339 quibus
561 1274 788 1337 poterat,
816 1266 989 1334 legem
1010 1261 1275 1317 servabat.
1301 1260 1430 1327 Quis
1451 1259 1607 1322 alius,
1632 1270 1834 1327 qumso,

254 1375 500 1414 mensam
544 1359 743 1428 regiam
796 1357 1092 1412 censuisset
1137 1367 1260 1408 esse
1299 1349 1606 1422 piaculum?
1651 1349 1842 1418 Aspice

255 1451 530 1524 quomodo
575 1451 751 1506 statim
797 1449 864 1502 ab
903 1447 1124 1503 exordio
1168 1460 1320 1499 suum
1367 1457 1489 1513 erga
1527 1440 1839 1511 sapientiam

255 1560 496 1602 amorem
536 1543 886 1599 demonstret.
935 1539 1002 1593 Et
1041 1538 1250 1609 rogavit,
1289 1536 1476 1606 inquit,
1521 1533 1843 1604 prapositum

254 1637 628 1698 cunuchorum,
668 1650 733 1687 ne
777 1631 1219 1687 contaminaretur.
1267 1625 1641 1680 Animadverte
1684 1637 1840 1692 qttam

256 1743 365 1782 non
407 1727 480 1780 sit
515 1723 848 1778 ambitiosus.
891 1719 1005 1774 Non
1045 1718 1198 1783 dixit,
1231 1716 1474 1771 Animam
1514 1713 1642 1768 mihi
1671 1713 1844 1782 potius

258 1816 424 1871 adimi
456 1815 628 1884 patiar
659 1830 672 1867 :
701 1810 795 1867 sed
825 1811 1048 1880 rogavit,
1073 1815 1150 1874 ut,
1191 1807 1234 1862 si
1267 1806 1377 1861 ﬂeri
1407 1812 1604 1874 posset,
1631 1802 1838 1858 lateret.

253 1910 428 1976 Quam
460 1906 532 1960 ob
554 1918 793 1971 causam,
822 1902 1008 1970 inquit,
1039 1901 1268 1954 honores
1304 1896 1608 1952 amhirem?
1643 1897 1710 1950 At
1735 1909 1841 1949 non

257 2001 336 2054 sic
357 1997 648 2066 Josephus,
690 2008 791 2049 nec
832 1992 1058 2064 Moyses.
1087 1989 1222 2057 Quid
1253 1988 1446 2058 igitur?
1484 1985 1677 2040 lllosne
1705 1995 1842 2037 con-

258 2065 675 2143 demnabimus?
707 2083 878 2138 Absit.
911 2081 1220 2136 Nescierunt
1248 2077 1390 2132 enim
1417 2075 1670 2146 quidnam
1713 2072 1844 2128 illud

258 2188 424 2235 esset.
455 2176 701 2232 Nondum
740 2171 1000 2244 siquidem
1040 2170 1310 2226 existebat
1338 2169 1424 2223 illa
1453 2182 1572 2238 qua:
1600 2175 1782 2238 postea
1811 2182 1842 2220 a

259 2273 380 2342 lege
417 2281 501 2326 est
529 2269 766 2324 instituta
796 2266 1035 2321 ciborum
1066 2262 1382 2333 repudiatio.
1417 2260 1550 2316 Vide
1577 2261 1748 2330 ipsum
1790 2269 1846 2315 et

257 2371 581 2432 arguentem
637 2367 692 2414 et
744 2356 1228 2428 philosophantem,
1273 2361 1330 2408 et
1372 2353 1426 2407 in
1465 2351 1641 2422 parvis
1683 2351 1846 2406 rebus

257 2453 538 2521 specimen
576 2448 852 2520 sapientia:
884 2461 998 2502 sum
1039 2445 1402 2501 exhibean.
1441 2443 1618 2512 Atque
1664 2441 1716 2496 id
1763 2449 1847 2496 est

254 2543 410 2614 quod
448 2541 696 2597 dicebant
735 2538 961 2608 apostoli
991 2537 1108 2607 (a):
1142 2534 1268 2591 llaec
1301 2533 1559 2604 oportebat
1589 2533 1732 2602 prius
1761 2531 1845 2599 [a-

253 2650 398 2698 cere,
443 2642 488 2685 et
530 2630 624 2684 illa
661 2646 763 2684 non
807 2629 1036 2683 omittere
1062 2625 1211 2698 (Luc.
1247 2626 1337 2680 11.
1372 2622 1486 2694 42).
1518 2623 1644 2677 Haec
1670 2627 1846 2676 autem

257 2725 456 2781 lhniel
496 2723 739 2788 iaciebat,
793 2735 896 2776 non
942 2719 1082 2790 quod
1125 2718 1279 2773 idolis
1325 2714 1622 2772 sacriﬁcam
1667 2722 1850 2770 essent

253 2832 388 2887 quae
433 2813 856 2885 apponebantur,
899 2811 993 2866 sed
1034 2809 1176 2880 quod
1213 2823 1243 2862 a
1289 2807 1405 2878 lege
1449 2813 1631 2861 essent
1667 2804 1850 2875 probi-

256 2911 378 2964 bita
421 2909 521 2977 (ι).
549 2904 828 2972 Quomodo
857 2903 1014 2973 igitur
1041 2899 1405 2956 cunuchorum
1445 2898 1700 2968 magistro
1728 2911 1847 2966 per-

254 2998 478 3055 suasit?
523 2997 756 3053 Adverte
802 3004 859 3049 ut
905 2993 1083 3048 statim
1112 2991 1205 3046 tibi
1242 2990 1413 3046 solvat
1440 2989 1847 3044 dubitationem.

254 3091 443 3155 Dedit,
489 3088 678 3158 inquit,
729 3085 865 3140 Deus
910 3084 1168 3138 Dauielem
1196 3083 1250 3137 in
1286 3081 1680 3136 misericordiam
1708 3088 1755 3134 et
1794 3080 1850 3134 in

254 3182 638 3238 miserationem
672 3180 726 3233 in
763 3186 1029 3249 conspectu
1055 3175 1298 3246 principis
1320 3175 1686 3228 cunuchorum.
1717 3171 1848 3227 Illud

255 3276 436 3329 etiam
463 3269 695 3341 .Ioscpho
734 3268 924 3323 accidit
956 3285 969 3320 :
999 3267 1050 3322 in
1079 3266 1310 3337 Egypto
1338 3280 1551 3336 quoque
1585 3262 1850 3333 Josephus

255 3363 694 3422 misericordiam
745 3369 1106 3430 consequutus
1144 3367 1246 3423 est,
1298 3368 1352 3414 et
1391 3358 1616 3428 gratiam
1650 3355 1853 3410 invenit

255 3455 416 3527 apud
451 3469 740 3525 coquorum
768 3451 1074 3522 praefectum
1100 3466 1113 3502 :
1139 3464 1300 3519 porro
1336 3449 1548 3518 utrique
1587 3447 1753 3512 servi,
1797 3455 1850 3501 et

258 3551 316 3602 in
348 3546 633 3601 barbarico
665 3545 784 3599 solo
805 3541 1092 3613 degebant.
1119 3540 1284 3595 Erant
1314 3554 1443 3594 sane
1470 3538 1630 3594 verba
1658 3539 1850 3592 Danie-

259 3641 336 3694 lis
383 3638 574 3692 idonea
622 3637 690 3692 ad
739 3633 1117 3692 exsolvendam
1157 3632 1255 3703 (uel
1283 3617 1676 3701 attrahenddm)
1719 3629 1852 3683 iram

258 3731 442 3800 regis.
467 3728 601 3796 Quid
627 3728 745 3782 ais?
771 3726 970 3781 domini
1002 3739 1236 3779 mensam
1263 3721 1640 3778 exsecrabilem
1669 3722 1850 3790 appel-

257 3821 558 3876 las?anne
603 3819 783 3890 purior
815 3817 968 3871 nobis
1021 3825 1075 3869 ttt
1122 3813 1450 3884 apparuisti?
1495 3827 1671 3867 nonne
1713 3810 1851 3866 nosti

259 3916 406 3970 ideo
432 3927 527 3966 vos
551 3911 781 3981 linguam
821 3923 887 3964 ac
921 3909 1102 3962 literas
1125 3905 1496 3960 Chaldaeorum
1526 3904 1753 3968 discere,
1797 3912 1855 3956 ut

258 4008 336 4061 ad
373 4016 614 4060 nostrum
653 4002 894 4058 ordinem
940 3999 1259 4055 transeatis?
1286 3997 1439 4055 Unde
1478 4011 1607 4052 vero
1637 3997 1856 4051 omnino

259 4097 561 4153 eustucbus
580 4095 723 4150 illum
753 4094 1013 4148 reveritus
1038 4093 1154 4147 est?
1184 4092 1321 4146 Puer
1349 4098 1464 4144 erat
1485 4089 1858 4158 contemptibi-

261 4190 337 4243 lis
369 4200 441 4240 ac
475 4185 737 4256 captivus.
765 4183 896 4239 Nam
923 4184 1022 4238 etsi
1049 4181 1370 4237 reverendus
1394 4179 1598 4245 fuisset,
1640 4187 1695 4232 at
1719 4177 1860 4248 peri—

260 4280 462 4334 culum
486 4291 588 4330 non
611 4276 820 4331 sinebat
839 4276 1006 4343 ipsum
1034 4271 1388 4326 venerabilem
1419 4269 1606 4324 videri.
1639 4269 1701 4323 Et
1733 4284 1860 4338 pro-

263 4382 408 4441 pter
436 4368 536 4422 hoc
564 4376 837 4436 postquam
868 4364 1000 4418 dixit
1021 4381 1033 4417 :
1054 4362 1203 4417 Dedit
1223 4377 1334 4414 eunt
1364 4361 1418 4414 in
1444 4359 1857 4424 misericordiam,

268 4458 475 4515 subdit
520 4456 674 4512 verba
719 4454 972 4517 eunuchi,
1023 4462 1080 4507 et
1123 4452 1346 4506 multum
1392 4451 1636 4504 timorem
1695 4449 1858 4504 illius.

265 4547 611 4620 Quaado?
646 4547 703 4602 Id
746 4545 1073 4616 impossibile
1100 4543 1284 4598 fuisset
1323 4551 1484 4613 atque
1513 4540 1860 4613 prohibitum,

269 4645 393 4700 nisi
431 4641 662 4698 celestis
689 4640 856 4710 gratia
887 4638 1062 4693 omnia
1103 4636 1487 4706 dispensasset.
1526 4637 1611 4691 ll.
1644 4635 1708 4689 Et
1733 4636 1863 4690 dixit

275 4735 479 4790 Daniel
502 4733 570 4784 ad
593 4731 954 4797 Ametasarem,
986 4745 1131 4801 quem
1156 4730 1478 4783 constituerat
1514 4731 1750 4800 magister
1785 4745 1866 4784 eu-

343 4864 422 4923 (a)
459 4861 566 4912 Imo
586 4861 767 4923 Domini
793 4867 870 4910 est
886 4860 1010 4910 istud
1034 4858 1298 4909 oraculum.
1323 4859 1413 4908 Sed
1437 4858 1692 4923 aliquando
1707 4857 1868 4923 Eccle-

272 4921 368 4975 siae
392 4921 670 4985 magistros,
687 4921 800 4970 dum
818 4923 897 4971 vel
919 4924 1078 4970 minus
1095 4936 1203 4985 cum
1219 4934 1332 4985 cura
1346 4921 1583 4985 scribunt,
1605 4921 1688 4985 vel
1706 4922 1868 4985 calore

274 4983 502 5036 dicendi
523 4985 843 5045 abripiuntur,
884 4986 1117 5045 memoria
1151 4983 1424 5045 destituit“
1445 4985 1517 5031 sic
1549 4983 1669 5031 infra
1693 4983 1868 5032 eodem

281 5050 379 5097 hoc
405 5051 571 5106 capite
596 5041 743 5093 verba
766 5044 984 5097 Tertulli.
1011 5045 1117 5106 Act.
1141 5044 1221 5101 24,
1245 5043 1303 5106 ὅ.
1319 5041 1460 5106 Paulo
1483 5045 1822 5094 attribuuntur.

354 5110 429 5168 (ὑ)
467 5104 566 5156 Son
590 5111 753 5154 tamen
779 5105 1106 5168 improbabilis
1143 5112 1220 5168 est
1257 5104 1547 5168 Theodoreti
1572 5106 1872 5168 aliorumque

279 5166 560 5220 sententia.
584 5174 714 5230 lege
736 5166 940 5216 Judithm
967 5167 1041 5223 12,
1065 5167 1114 5230 2,
1141 5167 1238 5230 19,»
1263 5166 1473 5230 Esthertc
1501 5167 1575 5230 ιι,
1601 5168 1676 5216 l7.
1703 5166 1872 5230 Credi-

285 5233 452 5279 Jerim
469 5228 794 5278 sauclisSimos
810 5230 1017 5290 juvenes
1035 5229 1190 5290 tribus
1211 5228 1275 5275 de
1297 5228 1454 5276 causis
1474 5229 1583 5276 cibo
1605 5230 1743 5290 regio
1765 5229 1876 5277 abs-

287 5296 537 5341 tinuisse:
565 5298 663 5339 tum
681 5293 742 5338 ob
765 5289 1034 5338 solemnem
1074 5289 1376 5338 ethnicorum
1415 5289 1463 5336 in
1497 5289 1682 5338 mensis
1699 5303 1876 5348 super-

285 5356 578 5412 stitionem;
619 5360 720 5401 tum
763 5352 890 5414 quod
937 5351 1160 5414 plerique
1210 5351 1568 5414 Babyloniorum
1620 5352 1715 5400 cibi
1761 5349 1876 5414 lege

287 5414 503 5462 lr-saica
527 5415 659 5464 vetiti
702 5412 899 5472 essent;
923 5412 1024 5461 tum
1046 5412 1282 5473 denique,
1301 5412 1410 5474 quia
1430 5412 1633 5475 jejunio,
1659 5419 1710 5461 et
1731 5412 1880 5475 absti-

293 5477 468 5523 -:ntia
488 5476 548 5524 ab
570 5476 805 5530 animatis,
823 5482 976 5522 υυιιιιι
994 5475 1255 5536 μῸιιῑθιθιὶ
1276 5473 1574 5536 satagebant.
1593 5481 1646 5524 Et
1664 5475 1756 5522 hoc
1769 5473 1882 5523 ulti-

289 5552 432 5585 mum
457 5534 1306 5599 untbrntantjoscpbusAntiq._.lutl.
1335 5534 1413 5586 lib.
1440 5539 1512 5592 ll),
1542 5549 1648 5599 cap.
1678 5537 1752 5599 ll,
1774 5535 1878 5584 (tti-

291 5612 464 5660 gcncs
486 5598 514 5646 7
537 5606 699 5646 amtra
723 5596 936 5662 pals-um,
962 5603 1014 5645 et
1049 5596 1214 5645 ιιοιιιιι.
1237 5597 1263 5645 ι
1287 5598 1331 5647 in
1371 5596 1670 5653 diversos'S.
1697 5598 1880 5662 (ΒΡςο-

297 5659 409 5710 rius
426 5667 546 5722 l‘apa
569 5659 770 5722 Epistula
795 5659 852 5707 ad
877 5661 1211 5707 'tbcoettstam.

1643 232 1707 288 IN
1748 230 2113 292 DANlEl.EM.

3424 246 3525 303 198

1955 351 2229 406 nuchorum
2259 369 2408 422 super
2431 350 2710 420 Danieletn,
2742 352 3009 419 Ananiam,
3041 352 3300 424 Aut-iam,
3341 368 3389 411 et
3422 359 3529 413 Mi-

1949 443 2130 497 saeletn
2153 460 2172 497 :
2203 445 2288 498 l2.
2312 444 2491 512 Tento,
2508 445 2738 511 ‘ebsecro,
2766 462 2932 500 servos
2951 455 3062 501 tuos
3082 463 3170 517 per
3195 448 3302 504 dies
3318 449 3528 514 decem;

1949 545 1996 589 et
2033 535 2153 590 dent
2197 538 2339 592 nobis
2383 537 2446 590 de
2490 537 2759 590 seminibus
2799 546 2965 606 teme,
3010 548 3058 593 et
3102 540 3441 607 comedamus,
3482 552 3529 597 et

1947 641 2131 693 aquam
2163 627 2387 681 bibamus
2411 643 2430 680 :
2453 628 2538 682 15.
2567 637 2612 684 ot
2638 636 2917 698 appareant
2943 645 3112 682 coram
3136 638 3184 683 te
3224 631 3388 685 uultus
3431 649 3524 686 no-

1949 719 2060 782 stri,
2093 727 2140 772 et
2166 720 2332 773 vultus
2359 736 2626 789 puerorum
2651 719 2737 790 qui
2764 719 3031 774 comedunt
3069 735 3097 775 e
3141 736 3314 775 mensa
3353 723 3486 792 regis
3507 739 3528 776 :

1950 820 1994 863 et
2033 812 2161 866 sicut
2206 812 2408 878 uideris,
2430 811 2586 878 facito
2628 828 2742 866 cum
2784 813 2952 880 pueris
2990 814 3108 867 tuis.
3142 813 3230 868 14.
3263 813 3331 867 Et
3366 830 3528 869 exau-

1948 901 2069 955 divit
2123 918 2267 963 eum,
2319 913 2365 956 et
2407 904 2612 956 tentavit
2662 919 2746 958 eos
2796 920 2884 972 per
2929 905 3036 958 dies
3076 905 3264 974 decem.
3317 907 3404 961 15.
3461 903 3527 961 Et

1950 1002 2060 1060 post
2089 994 2240 1059 finem
2269 993 2436 1046 decem
2475 994 2666 1046 dierum
2698 995 2791 1048 visi
2830 1005 2948 1048 sunt
2976 995 3148 1052 uultus
3181 1011 3352 1051 eorum
3384 996 3523 1064 boui,

1949 1091 1996 1135 et
2035 1083 2134 1152 ipsi
2157 1099 2367 1152 corpore
2406 1085 2712 1153 pinguiores,
2739 1101 2888 1154 quam
2917 1086 3058 1155 pueri
3086 1087 3169 1156 qui
3203 1088 3526 1142 comedebant

1949 1174 2012 1226 de
2036 1190 2206 1226 mensa
2230 1175 2379 1243 regis.
2413 1175 2593 1243 Magna
2622 1175 2858 1240 libertas,
2893 1177 3118 1230 maxima
3150 1178 3312 1233 animi
3333 1179 3524 1234 alacri-

1950 1272 2050 1327 tas,
2079 1264 2242 1317 ntulta
2275 1263 2574 1333 prudentia,
2610 1265 2792 1334 ingens
2831 1265 2981 1320 fides.
3013 1265 3170 1321 Tenta
3207 1284 3389 1338 pueros
3415 1279 3526 1336 tuos
3603 1253 3614 1268 ’

1949 1371 2039 1425 per
2063 1355 2168 1408 dies
2198 1355 2385 1408 decem.
2428 1356 2629 1409 Deinde
2671 1365 2728 1409 ttt
2766 1371 2835 1410 ne
2876 1358 3147 1412 existimes
3199 1374 3229 1412 a
3261 1361 3524 1415 seminum

1949 1454 2136 1498 natura
2178 1444 2308 1498 oriri
2351 1444 2500 1499 faciei
2548 1445 2891 1510 hilaritatem,
2941 1447 3146 1516 respice
3191 1465 3405 1518 quoque
3455 1451 3523 1506 ad

1948 1550 2159 1604 aquam,
2184 1551 2306 1604 quae
2334 1537 2554 1591 minime
2580 1538 2761 1590 nutrit.
2796 1537 2861 1591 Et
2887 1554 2990 1592 non
3036 1539 3193 1592 modo
3225 1540 3360 1594 bona
3401 1555 3526 1596 cor-

1948 1626 2094 1695 poris
2137 1626 2445 1681 habitudine
2485 1627 2688 1696 prmditi
2723 1638 3114 1696 apparuerunt,
3162 1629 3254 1684 sed
3284 1640 3339 1684 et
3366 1646 3522 1702 vege-

1949 1717 2112 1771 tiores
2151 1717 2214 1771 iis
2240 1718 2328 1786 qui
2377 1719 2517 1787 regia
2559 1733 2740 1772 mensa
2768 1717 3102 1774 fruebantur.
3145 1719 3297 1785 Quod
3343 1732 3523 1776 autent

1947 1821 2134 1862 carnes
2152 1817 2206 1862 et
2225 1809 2401 1864 vinum
2422 1808 2588 1876 magis
2611 1809 2844 1862 nutriant
2860 1825 3016 1877 quam
3039 1818 3228 1864 cmtera
3250 1809 3524 1876 alimenta,

1949 1898 2231 1967 unicuique
2267 1907 2350 1953 est
2374 1897 2733 1952 manifestum.
2761 1898 2933 1953 Cerne
2963 1910 3016 1953 ttt
3058 1902 3239 1954 statim
3282 1901 3348 1955 ab
3379 1903 3530 1956 initio

1947 1987 2116 2057 gratia
2145 2002 2208 2042 ex
2240 1988 2511 2042 voluntate
2538 2003 2824 2056 puerorum
2844 1998 2896 2042 et
2922 2005 2984 2043 ex
3017 1989 3160 2044 dono
3188 1991 3280 2045 Dei
3308 1991 3526 2046 efflore-

1948 2086 2082 2134 scat.
2115 2079 2374 2134 Voluntas
2389 2075 2646 2150 siquidem
2679 2089 2778 2143 est,
2809 2080 2950 2150 quod
2981 2081 3247 2136 noluerint
3280 2099 3294 2136 :
3325 2081 3526 2138 denunt

1950 2188 2098 2240 vero,
2131 2173 2272 2245 quod
2303 2175 2590 2241 potuerint.
2620 2171 2686 2226 Et
2710 2183 3010 2242 appareant,
3042 2174 3231 2243 inquit,
3259 2190 3427 2228 coram
3457 2186 3526 2229 te.

1953 2263 2214 2320 Jtulicium
2240 2264 2331 2319 tibi
2372 2264 2746 2334 permittimus.
2787 2262 2947 2317 Levis
2970 2272 3148 2318 autem
3176 2273 3230 2318 et
3259 2263 3427 2320 facilis
3447 2273 3530 2320 est

1949 2357 2115 2428 gratia
2154 2371 2312 2426 quam
2365 2355 2748 2424 petimus:res
2795 2354 2888 2409 tibi
2939 2355 3094 2410 ﬁdem
3141 2354 3358 2410 faciant.
3415 2357 3528 2427 Ego

1951 2448 2150 2517 quippe
2185 2456 2434 2502 eventum
2477 2446 2753 2514 perspicue
2783 2446 2903 2500 novi
2932 2463 2946 2499 :
2977 2455 3032 2499 at
3059 2459 3278 2516 pt'OpIer
3317 2456 3369 2503 te
3397 2449 3528 2502 nihil

1951 2547 2076 2594 ante
2121 2539 2279 2594 linem
2321 2537 2551 2592 afﬁrmo.
2595 2536 2770 2592 Cerne
2801 2537 3071 2607 quomodo
3097 2539 3259 2594 etiam
3296 2539 3524 2596 famulos

1951 2633 2131 2685 statim
2158 2629 2434 2696 erudierit,
2466 2644 2528 2683 ac
2566 2629 2806 2684 docuerit
2843 2643 2904 2684 ss
2948 2642 3068 2684 esse
3100 2630 3190 2686 Dei
3236 2642 3525 2686 amantem.

1955 2721 2023 2777 Et
2058 2737 2163 2775 non
2211 2721 2525 2790 simpliciter
2545 2719 2696 2786 dicit,
2727 2719 2908 2775 Facito
2938 2719 3233 2784 nobiscum,
3278 2720 3393 2786 sed,
3425 2720 3532 2775 Fo-

1951 2814 2052 2867 cito
2087 2829 2200 2867 cum
2249 2813 2415 2883 pueris
2455 2812 2554 2866 tuis
2579 2826 2599 2866 :
2626 2812 2807 2882 sicque
2844 2825 3075 2866 exet-sus
3115 2813 3291 2868 aiebat
3324 2831 3336 2866 :
3373 2812 3531 2868 Texta

1952 2921 2132 2976 pueros
2156 2914 2287 2957 tuos.
2320 2903 2434 2957 Non
2479 2903 2795 2958 recusabant
2824 2903 3086 2958 humanos
3115 2903 3347 2960 honores
3374 2906 3531 2960 exhi-

1956 2997 2103 3063 bere,
2132 2997 2222 3051 ubi
2249 2997 2379 3051 nihil
2405 3007 2544 3051 esset
2569 2996 2709 3066 quod
2735 2997 2981 3066 pietatem
3007 2996 3224 3052 larderet
3249 3016 3263 3052 :
3286 2998 3529 3068 quando-

1953 3089 2168 3160 quidem
2196 3097 2251 3143 et
2276 3087 2471 3143 Paulus
2497 3087 2634 3142 idem
2662 3088 2807 3142 facit.
2832 3087 2960 3141 Nam
2984 3088 3240 3144 inchoans
3263 3089 3533 3144 defensio-

1957 3195 2079 3234 nem
2127 3195 2298 3243 suam,
2336 3196 2364 3232 a
2406 3179 2650 3234 laudibus
2671 3179 2864 3248 judieis
2903 3179 3106 3249 incipit,
3155 3180 3224 3234 ita
3270 3181 3530 3251 loquens:

1955 3270 2021 3326 In
2048 3271 2205 3326 multa
2234 3287 2357 3342 pace
2374 3281 2576 3341 agentes
2600 3286 2689 3339 per
2703 3279 2750 3323 te
2776 3269 2910 3338 (Act.
2932 3269 3022 3323 2i.
3049 3269 3127 3342 2).
3154 3269 3296 3328 Idem
3319 3281 3534 3341 aposto-

1953 3364 2036 3421 lus
2073 3364 2233 3419 rebus
2273 3364 2515 3418 civilibus
2544 3377 2670 3418 usus
2699 3372 2800 3416 est.
2829 3361 3037 3416 Nathan
3061 3378 3275 3433 quoque
3301 3363 3534 3434 prophe-

1957 3465 2074 3512 tans
2111 3457 2298 3512 adorat
2338 3454 2622 3522 Davidem;
2661 3453 2890 3510 Jacobus
2919 3455 3166 3510 similiter
3202 3455 3534 3510 Pharaonem

1955 3545 2163 3614 adorat,
2185 3555 2238 3600 et
2264 3545 2596 3600 Abrahamus
2621 3543 3045 3599 contubernales.
3077 3543 3257 3598 Daniel
3280 3543 3532 3615 denique,

1956 3637 2024 3692 de
2043 3653 2147 3707 quo
2167 3651 2306 3693 nunc
2333 3652 2509 3692 sermo
2535 3644 2636 3698 est,
2665 3636 2771 3704 regi
2793 3634 2949 3690 dicit:
2968 3631 3032 3688 In
3061 3643 3302 3688 anet-num
3326 3636 3434 3689 vive
3454 3635 3532 3705 (τι)

1958 3727 2120 3798 (Dan.
2153 3729 2206 3781 6.
2236 3725 2349 3796 2i).
2399 3725 2775 3782 Animadverte
2813 3725 3033 3780 vet-lium
3077 3725 3398 3780 adulationis
3421 3727 3534 3796 ple-

1959 3836 2108 3874 num.
2141 3820 2209 3873 At
2245 3834 2344 3889 ego
2373 3834 2478 3872 non
2521 3818 2571 3872 id
2615 3817 2840 3872 dixerim
2871 3815 3250 3879 adulationem.
3281 3817 3374 3872 sed
3407 3834 3534 3887 pru-

1960 3911 2191 3966 dentiam
2221 3921 2271 3964 et
2299 3910 2629 3980 sapientiam.
2659 3909 2734 3964 lla
2762 3917 2817 3964 et
2838 3909 3030 3962 Paulus
3056 3910 3126 3963 ait
3153 3929 3164 3962 :
3195 3907 3260 3962 In
3287 3911 3538 3980 sapientia

1959 4003 2213 4057 ambulate
2235 4002 2304 4054 ad
2327 4018 2410 4056 eos
2436 4002 2521 4072 qui
2550 4002 2674 4072 [oris
2707 4009 2844 4066 sunt,
2873 4011 3068 4070 tempus
3093 4001 3390 4056 redimentes
3413 4002 3538 4071 (Co-

1962 4092 2086 4147 loss.
2116 4093 2171 4146 4.
2200 4090 2276 4162 5).
2323 4090 2395 4145 Ita
2435 4091 2594 4145 etiam
2641 4091 2886 4144 Christus
2923 4089 3103 4143 docuit
3134 4106 3148 4141 :
3182 4089 3401 4143 Reddite
3428 4103 3542 4161 qua

1961 4195 2078 4238 sunt
2111 4181 2326 4239 Cesaris
2353 4179 2562 4246 Cwsari,
2603 4190 2648 4234 et
2689 4195 2802 4252 qua
2835 4187 2954 4232 sunt
2985 4178 3078 4233 Dei
3131 4178 3238 4234 Deo
3267 4177 3415 4248 (Luc.
3447 4179 3535 4235 l0.

1962 4274 2077 4347 25).
2108 4273 2244 4342 Quid
2277 4273 2466 4344 igitur?
2511 4271 2712 4327 sentina
2758 4271 3024 4326 immunda
3071 4287 3174 4325 non
3206 4272 3393 4326 erant?
3439 4271 3538 4327 Mi-

1964 4371 2106 4424 nime
2135 4386 2148 4422 :
2177 4367 2270 4422 sed
2303 4382 2401 4422 nec
2428 4382 2584 4436 aqua.
2613 4365 2676 4421 Et
2706 4365 2806 4419 hoc
2829 4380 2923 4434 per
2943 4377 3050 4420 tres
3077 4381 3246 4421 annos
3276 4366 3540 4422 iecerunt.

1966 4464 2052 4518 18.
2089 4461 2154 4517 Et
2179 4461 2456 4530 completis,
2484 4460 2670 4529 inqttit.
2696 4459 2888 4521 diebus,
2922 4467 3032 4527 post
3058 4474 3181 4522 quos
3204 4457 3401 4511 dixerat
3427 4473 3537 4520 rex.

1966 4565 2020 4608 ut
2058 4552 2390 4608 introduceret
2419 4552 2575 4620 ipsos,
2612 4548 3013 4604 archieunuchus
3038 4548 3321 4602 introduxit
3360 4565 3444 4603 eos
3474 4549 3542 4602 ad

1968 4644 2537 4700 Nabuchodonosorem.
2568 4642 2653 4697 l9.
2688 4639 2755 4695 Et
2796 4657 2895 4695 non
2921 4642 3107 4696 inventi
3141 4649 3256 4696 sunt
3281 4657 3345 4696 ea:
3377 4643 3542 4696 omni-

2034 4801 2106 4862 (a)
2139 4799 2193 4848 ln
2214 4805 2395 4862 Graeco,
2421 4811 2482 4855 εις
2504 4809 2566 4847 τὸν
2595 4809 2707 4846 alain.
2730 4807 2829 4862 ζῆιι.
2853 4796 3042 4846 Grotius
3065 4797 3412 4862 interpretatur
3436 4811 3449 4847 :
3476 4797 3544 4848 vi-

1969 4857 2052 4916 ttas
2075 4857 2176 4912 diu.
2203 4861 2354 4910 Malim
2372 4867 2533 4908 tamen
2551 4871 2659 4907 cum
2676 4867 2721 4919 δ.
2740 4859 3028 4919 Hieronymo
3045 4870 3297 4919 exponere
3314 4857 3378 4908 de
3400 4867 3547 4909 alter-

1972 4927 2142 4974 nitate.
2170 4922 2223 4971 ω
2249 4924 2379 4969 enim
2403 4921 2639 4982 exigebat
2679 4917 2793 4966 olim
2816 4917 2934 4982 qute'
2959 4931 3016 4966 se
3050 4917 3144 4967 diis
3166 4931 3352 4982 mquam
3377 4921 3549 4982 existi-
3633 4951 3646 4962 .

1972 4987 2132 5035 mahat
2154 4990 2368 5046 potestas
2390 4995 2402 5029 :
2426 4979 2689 5046 sanguine
2725 4979 2905 5046 est,_.’ait
2933 4986 2979 5026 Β.
3004 4986 3230 5046 Severus,
3251 4979 3452 5046 stultitia
3473 4996 3551 5032 re.

1973 5059 2087 5112 gum
2103 5038 2331 5112 on'miutu,
2354 5049 2403 5112 ut
2529 5038 2694 5090 dicina
2711 5038 2964 5112 vindicent.
2987 5042 3179 5112 Barucbi
3207 5041 3253 5102 l,
3280 5043 3332 5112 ll
3363 5057 3375 5092 :
3403 5052 3549 5112 orate

1975 5100 2064 5172 ῑπο
2085 5107 2178 5172 ue
2203 5100 2626 5172 ιγαυηεηοαοτιοξρτ
2809 5101 3077 5172 unum
3106 5111 3153 5152 ει
3170 5100 3368 5172 meum
3389 5104 3546 5155 naua-

1977 5163 2058 5221 kar
2080 5166 2170 5233 filii
2193 5165 2320 5234 ejus,
2339 5171 2390 5214 ut
2415 5163 2634 5234 sintdies
2664 5163 2830 5213 eurum
2849 5163 2972 5234 sicut
3004 5164 3110 5216 dies
3140 5163 3250 5216 (celi
3285 5180 3429 5230 super
3451 5174 3551 5216 ter-

1977 5224 2100 5280 ram'.
2125 5224 2225 5287 quo
2257 5231 2402 5276 etiam
2441 5224 2533 5275 loci
2571 5233 2784 5290 mentem
2826 5227 3078 5290 scripturae
3113 5241 3206 5276 non
3238 5224 3552 5290 asequutum

1979 5292 2128 5342 fuisse
2144 5291 2354 5338 Grotium
2386 5295 2517 5350 puto.
2552 5288 2790 5350 Superbas
2833 5301 2990 5350 voces
3017 5289 3262 5338 humilitas
3284 5288 3551 5340 Christiana

2044 5352 2207 5412 uiatim
2230 5347 2530 5412 compressit,
2555 5347 2918 5412 modist'tusque
2959 5347 3214 5400 Catholicis
3249 5349 3551 5412 Imperatori-

2044 5368 2207 5402 unum
2230 5368 2514 5412 compressu.
2555 5368 2918 5411 moutmuusque
2959 5368 3214 5400 LallIOUCIS
3250 5368 3549 5411 "BPCI'ILUI'I‘

1981 5368 2076 5465 [εις
2097 5411 2406 5462 acclamatum
2431 5413 2476 5459 'tn
2501 5384 2723 5460 donciliis
2747 5424 2759 5458 :
2790 5408 2954 5461 Multos
2992 5425 3153 5461 annos.
3195 5423 3347 5460 annos
3372 5407 3549 5458 θαι-ἑά.

1985 5475 2155 5528 multos
2171 5485 2317 5522 annos
2339 5479 2609 5535 meritaque
2650 5471 2896 5535 memoria,
2932 5481 3026 5522 etc.
3061 5475 3143 5535 ttis
3179 5472 3244 5521 de
3259 5473 3416 5535 rebus
3435 5469 3552 5526 lege

1985 5535 2193 5587 Concilia
2214 5534 2500 5598 generalia;
2517 5531 2678 5598 assint,
2697 5533 2957 5598 Epistolan
2978 5533 3287 5598 S._Atbanasii
3309 5531 3372 5579 de
3388 5591 3400 5598 _
3409 5544 3554 5598 syno-

1984 5599 2062 5658 dis
2085 5591 2284 5658 Arimini
2318 5601 2370 5644 et
2402 5591 2671 5654 Seleuciae,
2695 5591 2846 5653 initio,
2891 5596 3195 5658 Ammiauum
3236 5591 3555 5658 atarccllinum

1988 5653 2124 5724 initio
2139 5657 2260 5713 .libri
2287 5658 2359 5718 lli,
2383 5653 2707 5721 symmachutn
2732 5658 2972 5706 ttelatiouo
2991 5655 3224 5703 adversus
3245 5653 3558 5718 Christianos,
