4038 6204
546 220 650 287 199

545 354 634 405 bus
654 347 757 405 illis
778 346 972 402 similes
1003 347 1222 409 Dauicli,
1253 356 1301 399 et
1331 345 1639 412 Ananicpet
1670 342 1891 407 Misaeli,
1922 352 1968 395 et
1987 342 2123 395 Asa-

544 448 654 497 ritr.
697 444 787 498 20.
835 442 901 495 Et
929 449 1171 503 steterunt
1211 442 1265 492 in
1300 447 1570 507 conspectu
1610 437 1777 507 regis;
1816 446 1864 490 et
1896 435 1949 489 in
1985 434 2123 487 omni

545 537 690 589 verba
727 532 988 601 sapientia
1009 547 1071 584 ac
1104 530 1345 596 scisntite,
1372 528 1509 600 quod
1533 529 1815 582 sciscitatus
1857 535 1931 581 est
1965 527 2028 579 ab
2052 526 2122 580 eis

546 642 655 688 rer,
696 624 879 677 inuenit
900 639 983 678 eos
1001 622 1214 692 decuplo
1243 621 1616 692 prastantiores
1640 619 1867 674 omnibus
1889 619 2120 672 incanta-

547 717 737 768 Ioribus
760 724 808 767 et
838 714 1020 784 magis,
1048 713 1133 784 qui
1168 722 1310 766 erant
1348 713 1401 766 in
1426 712 1656 765 universo
1699 726 1854 781 regno
1892 710 2022 780 ejus.
2058 708 2122 762 Et

550 815 661 872 post
688 805 838 871 ﬁnem
864 803 1081 869 dierum,
1112 802 1299 871 inqttit,
1330 801 1423 855 visi
1446 810 1561 856 sunt
1582 799 1747 854 vultus
1771 815 1944 853 eorum
1971 798 2119 852 boui:

543 908 596 951 et
620 895 1012 966 pulchritudine
1031 911 1092 949 ac
1119 894 1255 949 bona
1276 897 1516 963 corporis
1542 892 1851 947 habitudine
1876 889 2119 961 profece-

540 997 679 1041 r.mt.
712 987 907 1055 Aspice
946 1001 1032 1040 res
1060 1000 1180 1054 (tua:
1217 994 1411 1053 prazter
1454 993 1696 1037 naturam
1745 991 1871 1036 sunt
1899 1000 1912 1037 :
1938 981 2119 1049 aSpice

540 1077 720 1133 Innndi
748 1076 1000 1147 Opiﬁcem
1023 1076 1109 1145 qui
1136 1074 1424 1129 eﬂicaciam
1457 1088 1605 1128 suam
1634 1073 1891 1144 adaperit.
1918 1072 2121 1140 Quem-

538 1169 823 1225 admodum
863 1169 1007 1223 enim
1033 1170 1185 1222 lictor
1218 1167 1446 1222 maxime
1472 1166 1736 1221 videbitur
1775 1166 1839 1229 is,
1881 1165 1971 1234 qui
2010 1180 2116 1219 non

541 1262 699 1317 IltOdO
737 1276 813 1316 ass
853 1260 1088 1337 conﬂare
1126 1274 1188 1313 ac
1216 1258 1552 1313 conformare
1578 1256 1792 1321 valebit,
1822 1256 1914 1311 sed
1943 1264 1998 1309 et
2026 1254 2117 1310 illo

542 1368 648 1407 non
693 1353 873 1406 minus
914 1352 960 1406 is
985 1350 1074 1420 qui
1095 1349 1207 1420 jam
1234 1348 1425 1404 factam
1458 1359 1685 1403 statuam
1723 1348 1919 1418 poterit
1944 1346 2116 1401 corri-

540 1459 667 1513 gere
691 1460 706 1496 :
729 1444 869 1497 idem
899 1452 1110 1512 quoque
1139 1441 1192 1495 in
1237 1440 1347 1494 Deo
1394 1448 1448 1493 et
1482 1439 1660 1509 pueris
1698 1438 1801 1492 illis
1844 1438 2119 1508 agnoverit

543 1535 826 1606 quispiam.
854 1534 987 1589 Nam
1007 1548 1230 1602 corpora
1253 1540 1367 1603 post
1394 1532 1550 1586 talem
1576 1530 1880 1585 alimoniam
1907 1530 2115 1600 pinguia

543 1627 878 1699 prarstitisse,
910 1641 1015 1680 non
1059 1625 1235 1679 minus
1261 1623 1526 1679 facultatis
1567 1622 1840 1677 creatricis
1867 1622 2117 1677 indicium

539 1728 675 1782 erat,
705 1733 861 1787 quam
892 1716 1159 1779 hominem
1185 1731 1217 1770 e
1255 1724 1393 1769 terra
1421 1712 1698 1768 formasse.
1734 1713 1885 1769 Unde
1921 1714 2118 1769 nitidus

540 1808 731 1863 color?
759 1806 899 1863 unde
926 1806 1025 1861 nos
1067 1821 1130 1860 ac
1153 1805 1318 1861 decor
1345 1804 1603 1874 fulgorem
1648 1804 1935 1860 eminens?
1976 1803 2117 1860 unde

539 1897 734 1953 robur?
756 1896 936 1951 Nostis
968 1896 1112 1950 enim
1142 1909 1293 1964 aqua:
1332 1902 1458 1964 potu
1500 1902 1555 1948 et
1582 1894 1844 1948 seminum
1885 1908 1978 1948 esu
2023 1893 2119 1949 de-

538 1988 671 2043 strui
704 1987 946 2056 corporis
989 1986 1149 2040 vires.
1194 1983 1327 2039 Nam
1372 1998 1441 2039 ne
1486 1999 1677 2055 panem
1715 1983 1927 2053 quidem
1970 1998 2118 2038 com-

537 2078 699 2133 edere
725 2075 1039 2133 sustinebat.
1076 2074 1189 2130 Non
1215 2086 1296 2130 est
1322 2083 1498 2129 autem
1531 2089 1687 2143 parva
1709 2074 1956 2128 distantia
1978 2074 2117 2129 inter

538 2168 860 2223 frumentum
907 2166 1184 2221 subactum
1230 2180 1294 2219 ac
1332 2164 1652 2231 confectum,
1702 2173 1758 2220 et
1792 2163 2113 2221 frumentum

537 2258 789 2313 infectum
826 2273 889 2311 ac
913 2271 1020 2311 non
1048 2265 1421 2326 praeparatum.
1448 2255 1564 2310 Non
1605 2256 1748 2311 enim
1774 2272 1838 2311 ex
1875 2257 1990 2311 solo
2017 2272 2112 2311 esu

538 2351 699 2404 robur
741 2350 929 2414 oritur,
975 2348 1069 2404 sed
1117 2352 1277 2403 etiam
1329 2364 1396 2403 ex
1446 2349 1689 2403 coctione
1731 2349 1973 2404 ciborum
2019 2353 2109 2420 qui

535 2440 1045 2505 manducantur;at
1085 2439 1291 2495 semina
1338 2440 1596 2509 concoqui
1634 2451 1828 2508 praeter
1865 2451 2107 2496 naturam

534 2540 638 2585 est.
663 2530 894 2586 Advorte
931 2531 1047 2585 hzec
1074 2531 1222 2599 signa
1262 2545 1367 2584 non
1398 2545 1461 2584 ex
1492 2530 1781 2586 ambitione
1817 2534 2108 2601 petentium

536 2620 740 2674 iuitimn
779 2634 1011 2687 sumere,
1040 2619 1134 2676 sed
1177 2635 1209 2675 a
1254 2622 1555 2676 necessario
1581 2637 1679 2676 usu
1708 2638 1922 2678 causam
1946 2634 2109 2695 atque

532 2710 868 2766 Occasionem
899 2709 1113 2765 habere.
1157 2709 1273 2765 Non
1301 2711 1443 2766 enim
1486 2712 1731 2768 absolute
1757 2728 1820 2768 ac
1860 2714 2002 2769 nulla
2047 2731 2106 2771 re

532 2803 738 2872 objecta
778 2802 980 2857 insiluit
1004 2802 1057 2857 in
1083 2804 1527 2873 experimentum,
1559 2805 1651 2859 sed
1691 2806 2007 2861 necessitate
2045 2807 2107 2860 il-

533 2896 641 2950 lum
673 2895 739 2949 ad
771 2895 874 2951 hoc
904 2904 1152 2950 vocante.
1183 2894 1363 2965 Itaque
1381 2896 1561 2963 procul
1591 2896 1657 2950 ab
1680 2896 1967 2952 ambitione
1989 2906 2105 2952 erat

529 2986 738 3041 animus
783 3001 1086 3055 puerorum.
1136 2986 1466 3055 Quamquam
1514 2986 1633 3056 quis
1671 2995 1813 3041 tanta
1854 2990 2103 3057 pneditus

531 3078 667 3144 fide,
686 3088 736 3134 et
766 3079 906 3134 inter
933 3078 1186 3134 barbaros
1210 3079 1430 3149 degens,
1461 3094 1566 3133 non
1598 3080 1850 3149 cupiisset
1871 3080 2101 3139 dominis

528 3176 797 3224 ostentare
841 3168 933 3224 Dei
973 3183 1097 3239 erga
1139 3184 1200 3223 se
1239 3169 1705 3224 benevolentiam?
1747 3174 1817 3225 At
1845 3187 1949 3225 non
1995 3173 2101 3228 isti.

530 3258 755 3328 Respice
780 3268 836 3314 et
872 3258 939 3314 ad
967 3259 1437 3329 reprehensionem
1477 3276 1687 3327 senum,
1718 3272 1773 3316 ut
1801 3262 1961 3318 etiam
1989 3264 2101 3335 ipsa

524 3365 594 3407 es
622 3351 937 3408 necessitate
963 3353 1283 3422 provenerit.

1160 3483 1384 3541 CAPUT
1413 3484 1476 3539 ll.

598 3612 651 3667 1.
678 3610 745 3665 In
767 3628 901 3667 anno
927 3613 1145 3667 secundo
1172 3615 1312 3685 regni
1355 3613 1874 3673 Nabuchodonosoris
1895 3659 1912 3686 ,
1960 3635 2099 3674 som-

532 3704 688 3757 niauit
713 3701 1180 3759 Nabuchodonosor
1201 3708 1473 3773 somnium,
1521 3715 1567 3761 et
1603 3708 1859 3779 obstupuit
1886 3711 2098 3779 spiritus

530 3794 662 3863 ejus,
691 3802 736 3846 et
762 3810 969 3847 somnus
1001 3795 1113 3865 ejus
1136 3794 1258 3849 obiit
1291 3797 1355 3849 ob
1382 3812 1460 3851 eo.
1484 3796 1553 3852 At
1588 3798 1687 3853 iste
1708 3812 1879 3853 annuus
1900 3799 2101 3856 duode-

526 3882 699 3938 cimus
718 3894 801 3939 est
827 3884 924 3955 (α).
950 3884 1083 3939 Nam
1110 3886 1157 3940 si
1180 3895 1287 3942 tres
1310 3887 1437 3942 anni
1474 3903 1504 3941 a
1534 3898 1686 3958 capta
1716 3888 1848 3945 urbe
1874 3899 2095 3961 practer-

526 4013 862 4080 ttiefongmum
893 4012 954 4061 ad
977 4013 1141 4063 Esech.
1162 4014 1256 4080 28,
1279 4015 1326 4080 2,
1350 4016 1702 4080 Theodoretnm
1725 4018 1783 4066 ad
1807 4025 1918 4072 θαι.
1942 4019 1993 4070 5.
2021 4020 2094 4080 10,

527 4082 581 4138 et
600 4075 656 4138 6,
679 4075 770 4134 21,
805 4083 1090 4138 Symeonem
1124 4077 1601 4129 Thessalonicensem
1628 4080 1691 4128 de
1728 4081 1880 4130 Sacris
1904 4075 2096 4132 ordino;

527 4135 739 4245 $333111:
757 4135 861 4199 cap.
888 4136 966 4197 10,
993 4136 1209 4202 denique
1248 4146 1463 4189 nostrum
1483 4139 1609 4189 hunc
1630 4138 1752 4189 infra
1773 4141 1830 4190 ad
1854 4151 1997 4205 caput
2017 4155 2098 4193 se-

525 4208 750 4246 cundum.

589 4259 661 4323 (ιι)
694 4259 948 4323 Plurimum
968 4271 996 4307 a
1020 4260 1228 4323 veritate
1249 4260 1476 4310 aberrant
1496 4274 1618 4323 quos
1642 4263 1721 4313 hic
1736 4267 1908 4323 noster
1930 4272 2096 4316 aucto-

526 4329 611 4366 res
630 4318 793 4382 habet.
820 4323 1020 4367 Primum
1038 4321 1164 4382 enim
1178 4318 1561 4382 deportationein
1584 4322 1790 4373 Itanielis
1805 4338 1899 4374 non
1924 4339 2095 4375 nume-

524 4386 633 4427 rant
648 4379 713 4445 ab
732 4391 858 4445 anno
878 4381 1026 4445 tertio
1045 4379 1324 4445 desinente,
1351 4390 1404 4431 et
1436 4393 1607 4445 quarto
1650 4387 1853 4435 ineunte
1882 4389 2093 4445 Joacimi,

524 4449 616 4487 Seu
640 4438 1109 4507 Nabuchodonoer
1129 4438 1377 4502 primo,’ut
1397 4438 1700 4507 computatur
1735 4453 1849 4496 Itan.
1870 4448 1915 4507 1,
1941 4449 1987 4506 1,
2010 4438 2093 4497 δεέ

525 4510 648 4570 rem.
673 4498 754 4556 25,
781 4499 870 4570 _:_
891 4500 978 4548 sed
1003 4502 1049 4570 in
1074 4498 1141 4550 ea
1158 4498 1374 4564 tempora
1396 4498 1665 4570 conferunt,
1698 4507 1873 4570 quibus
1901 4498 2093 4570 'ite'ru‘m

526 4566 662 4669 cauta
686 4566 798 4609 sunt
819 4559 1159 4624 Hierosolyma,
1185 4559 1362 4624 nempe
1384 4565 1476 4612 sub
1502 4559 1748 4616 Jechonia.
1775 4569 1957 4618 Deinde
1978 4571 2093 4619 dum

526 4633 582 4669 ur
617 4634 696 4669 em
719 4634 843 4669 anno
857 4635 985 4669 nono
1005 4631 1189 4669 captam
1216 4634 1330 4669 esse
1346 4625 1525 4669 dicunt-
1540 4640 1566 4669 a
1587 4641 1719 4669 sacra
1744 4630 1977 4669 scrinium
1995 4632 2093 4669 Δίς..

525 4625 696 4690 urbem
719 4634 843 4670 anno
857 4635 985 4690 nouo
1005 4631 1189 4686 captam
1208 4634 1330 4690 esse
1346 4625 1526 4690 dicunt,
1540 4640 1721 4690 asacra
1744 4630 1977 4690 Scriptura
1995 4632 2094 4681 dis-

524 4682 724 4753 cedunt,
747 4696 857 4745 qua:
890 4683 936 4733 id
975 4682 1101 4753 anu'o
1143 4682 1609 4753 Nabuchodonosoris
1654 4682 2075 4753 [artim'septimo

523 4730 1167 4863 ’mtim'béia'vo'éonﬁgi'ssé
1182 4730 1625 4804 manassias,
1653 4730 1729 4807 at;
1742 4730 2096 4813 “Instatis

548 4818 712 4863 neque
747 4807 876 4857 enim
915 4808 1022 4857 haec
1041 4809 1137 4856 duo
1163 4806 1285 4863 loca,
1338 4809 1464 4863 quod
1490 4811 1734 4859 existimat
1756 4815 1987 4863 ttsserius.
2015 4829 2096 4863 se-

548 4807 876 4870 nequeenim
915 4808 1022 4857 haec
1041 4806 1137 4856 duo
1163 4806 1285 4866 loca,
1338 4809 1464 4870 quod
1490 4806 1734 4859 existimat
1756 4806 1987 4867 tisser'ius.
2005 4806 2096 4864 'se-

521 4865 767 4934 jungenda
790 4882 900 4934 esse
915 4870 1159 4934 arbitror).
1184 4865 1595 4934 Iterum'errornm
1618 4871 1842 4934 exempla
1867 4875 1914 4925 in
1938 4865 2094 4926 ’11190-

520 4926 693 5000 doreto
716 4929 1065 5000 Praefationem
1090 4926 1490 5000 E'zechielemuin
1516 4939 1677 5000 (διῄτησε
1704 4926 1969 5000 temporum
1994 4942 2096 5000 Epi-

524 4994 676 5062 tome,
689 5002 831 5062 quam
848 4994 1084 5062 Josephns
1105 4994 1316 5062 scaliger
1333 4994 1389 5062 ad
1406 4992 1637 5062 Chronica
1662 4992 1847 5045 tiuseliii
1865 4992 2089 5056 attexuit,

521 5049 644 5111 etin
684 5049 900 5111 ejusdem
932 5049 1159 5111 Scaligeri
1189 5049 1697 5105 ariimadversionilms.
1733 5064 1968 5107 Praeterea
2005 5049 2096 5109 tte;

523 5109 682 5179 υς...
706 5091 877 5160 ερας..
911 5091 1023 5179 ..νδ
1036 5091 2091 5179 ’δεῖξιξῆἔὲἵῶιῖίόἐνὶἶὶἱὶιῖέὶιὶιὶιζέἶῖιὲἱὶλἁὶἰὶ,

525 5176 577 5242 et
613 5183 872 5242 numerum
904 5174 983 5242 12,
1007 5183 1099 5242 aut
1122 5174 1276 5234 fallor,
1299 5184 1383 5242 aut
1419 5191 1589 5242 verum
1622 5194 1717 5231 non
1743 5187 1818 5242 est
1838 5193 1855 5231 :
1876 5174 2094 5242 quamvis

523 5232 624 5303 fleri
651 5234 861 5291 potuerit
885 5242 936 5282 ut
968 5240 1029 5287 ιη
1063 5232 1328 5286 mutaretur
1351 5240 1400 5287 in
1434 5247 1492 5303 ει,
1509 5240 1670 5290 deleta
1694 5249 1776 5290 aut
1792 5232 1967 5291 detrita
1986 5242 2096 5292 lite-

518 5302 622 5350 rula
648 5304 686 5351 ν.
713 5304 929 5372 Denique
945 5304 1009 5372 de
1029 5308 1376 5372 exscriptorum
1401 5316 1561 5359 errato
1578 5311 1861 5361 incredibile
1886 5313 2000 5361 mihi
2022 5312 2088 5372 tit,

520 5376 629 5412 cum
656 5373 707 5415 et.
735 5370 903 5415 textus
921 5367 1254 5416 Hebraicus'et
1292 5382 1461 5419 omnes
1498 5373 1748 5421 versiones
1769 5367 2089 5424 consentiant.

518 5428 699 5476 Μεηιίιιὲ
735 5439 855 5489 ergo
889 5428 1105 5491 dubium
1127 5441 1239 5476 esse
1278 5437 1437 5491 potest
1476 5434 1984 5483 Nabuchodonosorem
2002 5436 2093 5486 hoc

515 5491 752 5559 somnium
774 5500 901 5559 ariae
927 5489 1140 5559 secundo
1161 5489 1398 5559 γεω-,ξιιί
1437 5492 1613 5559 vidisse
1636 5508 1648 5543 :
1677 5508 1770 5543 non
1794 5496 1991 5558 quidem
2016 5498 2092 5559 (ut

516 5549 821 5626 linteo-creto
845 5549 1033 5626 placet).
1046 5549 1407 5626 SGCUIIIdD.i|liu-S
1427 5555 1688 5626 regnique
1710 5549 1979 5626 cum'patre
2000 5549 2090 5607 iiu-

518 5614 722 5681 peravit,
749 5611 935 5681 uec’(ut
959 5611 1100 5681 vetus
1121 5611 1336 5661 Scholion
1360 5611 1544 5681 habet)
1563 5611 1692 5681 illius
1717 5611 1855 5681 quod'
1868 5628 1975 5680 post
1999 5634 2089 5668 ex-

516 5675 862 5733 pugnationem
894 5674 1098 5725 civitatis
1132 5687 1189 5725 ac
1225 5673 1390 5739 templi
1436 5673 1845 5741 obtinueritfsed
1868 5673 2090 5733 "secundo

1273 232 1331 287 S.
1369 231 1646 288 JOANNIS
1669 228 2139 285 (.IIRYSOSTOMI
2177 228 2494 287 ARCﬂlEP.
2535 226 3063 283 CONSTANTINOP.

3646 238 3729 297 suo

2229 340 2423 406 lerant,
2451 350 2506 395 et
2535 340 2620 395 illa
2648 355 2790 395 anno
2818 354 2959 394 nono
2983 346 3280 411 expugnata
3318 337 3406 396 fuit
3432 359 3443 393 ί
3470 344 3557 401 Iste
3590 362 3729 407 anuus

2224 431 2576 486 duodecimus
2622 441 2724 497 cst.
2766 430 2990 498 Quidam
3029 432 3212 485 dicunt
3260 432 3433 487 eadem
3478 447 3584 491 nota
3620 443 3732 509 apud

2227 522 2478 576 Hebraeos
2506 521 2647 576 hunc
2674 529 2730 577 et
2767 521 2914 575 illum
2943 536 3222 575 numerum
3264 526 3479 580 exarari.
3514 526 3731 587 Fortassis

2222 614 2382 667 etiam
2413 621 2646 666 erratum
2672 620 2754 666 est
2778 611 3161 680 exscriplorum
3193 633 3206 668 :
3239 612 3319 666 vel
3343 615 3556 670 secundo
3583 634 3735 676 revera

2222 718 2363 756 anno
2393 701 2540 770 pueri
2570 702 2790 757 exhibiti
2830 713 2973 756 sunt.
3026 702 3134 756 Sed
3182 702 3283 758 hoc
3317 704 3538 761 ultimum
3567 711 3734 770 ratione

2221 802 2388 847 caret.
2432 790 2694 847 Caeterum
2732 808 2821 848 res
2848 793 3040 848 accidit
3066 793 3348 850 difficilior.
3386 796 3612 863 Quaenam
3634 817 3738 857 vero

2222 882 2308 935 illa
2355 884 2478 938 est?
2511 882 2756 939 Nescisse
2794 899 2974 954 regem
3016 885 3283 955 quodnam
3336 886 3479 943 fuerit
3513 893 3736 948 somnium

2221 989 2396 1028 suum.
2430 976 2495 1029 Et
2519 975 2619 1029 hoc
2640 974 2984 1045 providenter
3008 977 3251 1047 contigit.
3280 977 3383 1033 Nisi
3412 980 3542 1035 enim
3570 981 3617 1036 id
3640 998 3742 1039 eve-

2221 1067 2411 1130 nisset,
2437 1082 2544 1121 non
2573 1067 2909 1137 apparuisset
2950 1067 3180 1124 Danielis
3226 1070 3493 1139 sapientia.
3529 1072 3742 1131 Videmus

2218 1160 2360 1213 enim
2387 1158 2528 1229 quod
2557 1159 2671 1229 ipse
2714 1166 2933 1213 vocatus
2971 1158 3175 1222 fuisset,
3205 1170 3258 1214 et
3289 1160 3340 1217 id
3375 1163 3505 1233 quod
3542 1164 3741 1222 futurum

2219 1259 2335 1305 erat
2359 1250 2618 1316 dixisset;
2648 1249 2912 1305 dixissent
2947 1251 3108 1305 etiam
3137 1251 3391 1308 Chaldzei.
3435 1254 3617 1311 Verum
3642 1273 3743 1314 cum

2222 1350 2445 1396 eventus
2475 1354 2710 1411 prmsens
2749 1355 2855 1395 non
2886 1348 3063 1406 esset,
3095 1342 3216 1411 quis
3262 1357 3450 1410 verax,
3477 1347 3586 1415 quis
3621 1362 3745 1402 men-

2219 1432 2324 1488 dax
2376 1433 2612 1489 creditus
2649 1432 2879 1488 fuisset?
2932 1434 2999 1489 Et
3048 1433 3151 1489 hoc
3207 1450 3305 1505 per
3356 1436 3452 1491 alia
3484 1441 3749 1496 examinum

2218 1533 2451 1594 Oportet.
2481 1523 2655 1595 Ipsum
2696 1532 2873 1580 autem
2899 1525 3163 1580 somnium
3190 1525 3243 1581 in
3274 1528 3499 1583 medium
3526 1530 3747 1599 produca-

2219 1624 2345 1668 tur:
2376 1614 2519 1669 dicat
2568 1614 2754 1670 Daniel
2802 1618 2922 1686 qua:
2952 1616 3262 1685 respondit;
3308 1621 3563 1674 contraria
3599 1621 3751 1678 dicant

2215 1704 2473 1760 Chaldaei.
2498 1705 2651 1761 Unde
2678 1707 3015 1783 manifestum
3046 1708 3136 1762 fiet
3168 1708 3436 1767 Danielcm
3465 1712 3544 1766 vel
3567 1715 3746 1769 mentiri

2214 1795 2299 1850 vel
2327 1810 2451 1849 vera
2477 1794 2661 1851 dicere
2685 1795 2710 1849 ἲ
2749 1795 2866 1851 Jam
2896 1797 3060 1866 igitur
3086 1798 3451 1867 probationem
3474 1802 3575 1857 dat.
3612 1806 3673 1859 At
3708 1806 3751 1858 in

2216 1884 2452 1955 Josepho
2474 1900 2560 1941 res
2583 1888 2649 1942 e‘o
2682 1886 2844 1942 modo
2875 1898 3090 1957 peracta
3117 1904 3224 1943 non
3253 1899 3359 1956 est,
3388 1891 3481 1947 sed
3520 1894 3750 1950 somnium

2220 1978 2456 2033 narravit
2486 1978 2693 2035 Pharao
2719 1997 2733 2034 :
2779 1995 2945 2050 prope
2972 1981 3116 2036 enim
3162 1991 3280 2037 erat
3309 1993 3513 2053 tempus
3535 1994 3751 2040 eventus.

2214 2068 2583 2125 Admiratione
2602 2079 2781 2126 autem
2810 2071 3029 2141 dignum
3056 2080 3159 2137 est,
3179 2074 3452 2142 quomodo
3475 2074 3524 2129 in
3551 2074 3754 2145 Egyptn

2216 2161 2417 2230 lingere
2441 2161 2641 2231 aliquid
2679 2162 2949 2217 noluerint
2980 2163 3246 2231 sapientes
3263 2162 3756 2235 1Egyptiormn,cum

2214 2252 2419 2307 nullum
2459 2253 2583 2309 inde
2627 2254 2921 2323 periculum
2949 2256 3077 2310 oriri
3103 2257 3383 2326 potuisset,
3411 2257 3502 2313 sed
3527 2257 3642 2312 fassi
3666 2258 3757 2312 sint

2211 2357 2273 2399 se
2301 2342 2526 2400 hierere.
2559 2344 2711 2412 Quod
2752 2346 2796 2400 si
2837 2347 3045 2400 somnia
3087 2346 3385 2416 dijudicare
3426 2347 3758 2411 nesciant,in

2209 2451 2314 2507 qua
2343 2451 2404 2492 re
2423 2436 2526 2491 aiia
2555 2437 2657 2493 illis
2683 2438 3009 2494 credendum
3038 2440 3161 2494 est?
3183 2440 3441 2509 Alioquin
3470 2450 3638 2497 autem
3665 2441 3759 2496 illic

2209 2546 2316 2584 non
2340 2530 2622 2600 oportebat
2660 2530 2711 2585 id
2739 2530 2853 2585 ﬁeri
2887 2546 2901 2582 :
2932 2541 2988 2586 at
3029 2532 3080 2586 in
3118 2534 3402 2602 pr0phetia
3432 2534 3639 2606 Josephi
3662 2550 3760 2590 ma-

2208 2622 2402 2677 nifesto
2437 2623 2630 2676 factum
2659 2630 2764 2689 est,
2792 2630 2848 2676 et
2876 2622 3108 2678 maxime
3144 2623 3199 2678 in
3224 2626 3510 2681 eunuchis.
3548 2626 3759 2681 Observa

2208 2721 2387 2767 autem
2420 2710 2564 2781 quod
2593 2710 2824 2766 Chaldaei
2859 2727 2965 2766 non
3014 2723 3281 2769 vocarunt
3332 2715 3638 2781 Danielem;
3678 2716 3761 2791 sed

2207 2804 2511 2859 maluerunt
2538 2804 2673 2859 mori
2698 2844 2714 2869 ,
2742 2819 2901 2875 quam
2935 2805 3081 2860 illum
3107 2822 3367 2862 sermone
3397 2809 3660 2862 noniinum
3688 2806 3762 2861 cc-

2205 2895 2466 2950 lehratum
2515 2895 2734 2950 intueri.
2782 2895 3046 2966 Numquid
3094 2896 3217 2952 ideo
3265 2907 3474 2955 tantum
3522 2899 3761 2953 somnium

2203 2988 2374 3042 visum
2417 2987 2622 3055 fuerat,
2663 2997 2721 3042 ut
2766 2988 2950 3043 Daniel
2994 2990 3401 3059 suspiceretur?
3445 2991 3498 3046 Id
3540 2991 3762 3061 equidem

2205 3094 2309 3159 non
2355 3079 2603 3136 dixerim.
2659 3078 2987 3149 Quamquam
3031 3080 3157 3135 licet
3203 3096 3267 3136 ea
3310 3082 3585 3137 dumtaxat
3621 3095 3762 3136 causa

2203 3169 2429 3234 fuisset,
2460 3185 2708 3240 magnum
2751 3180 2898 3225 certe
2941 3179 2993 3225 et
3035 3169 3357 3228 admirabile
3394 3181 3537 3228 esset
3561 3171 3764 3235 facinus,

2203 3270 2399 3316 tannun
2434 3261 2528 3317 Dei
2566 3262 2887 3332 agnitionem
2929 3262 3238 3332 contigisse.
3277 3263 3353 3319 At
3380 3280 3488 3319 non
3520 3263 3631 3318 lucc
3664 3262 3764 3316 sola

2202 3352 2337 3406 ratio
2365 3350 2480 3405 fuit.
2504 3350 2757 3418 Quaenam
2782 3352 2942 3421 igitur
2960 3351 3059 3405 alia
3081 3351 3105 3406 τ
3134 3351 3200 3407 Ut
3221 3361 3278 3408 et
3296 3351 3769 3409 Nabuchodonosor

2201 3441 2495 3497 modestius
2534 3441 2602 3496 de
2630 3456 2690 3496 se
2717 3444 2972 3508 sentiret,
3004 3442 3223 3498 edoctus
3254 3459 3366 3501 non
3393 3459 3604 3512 semper
3629 3458 3767 3497 suum

2197 3548 2363 3604 genus
2381 3533 2774 3588 dominatorem
2805 3532 2882 3606 (si
2911 3535 3053 3590 enim
3082 3535 3243 3591 etiam
3277 3549 3404 3608 post
3432 3538 3519 3592 illa
3542 3551 3656 3607 qua:
3681 3534 3770 3603 ipsi

2198 3624 2338 3678 dicta
2364 3633 2510 3688 sunt,
2534 3622 2663 3677 nihil
2685 3622 2850 3679 fastus
2876 3625 3101 3690 remisit,
3127 3626 3299 3681 multo
3323 3627 3495 3697 magis
3523 3628 3566 3682 si
3590 3640 3649 3679 ea
3683 3622 3769 3693 ipsi

2198 3716 2340 3772 dicta
2362 3731 2464 3771 non
2494 3713 2775 3788 fuissent);
2807 3727 3067 3786 praeterea
3096 3727 3153 3772 ut
3193 3718 3365 3773 Deum
3396 3719 3635 3775 omnium
3662 3728 3773 3772 esse

2200 3806 2480 3862 Dominum
2525 3815 2856 3876 agnosceret.
2904 3806 3349 3878 Quandoquidem
3379 3809 3526 3879 enim
3569 3805 3773 3862 somniis

2194 3900 2461 3973 praecipue
2488 3898 2792 3964 studebant,
2817 3898 3014 3955 idcirco
3039 3900 3135 3953 ista
3157 3899 3643 3981 eveneruugtllinc
3665 3896 3773 3952 illos

2196 3991 2268 4047 de
2296 3991 2484 4048 futuris
2510 3992 2794 4061 persuadet
2823 4010 2837 4046 :
2860 4001 2914 4047 et
2944 3993 3139 4062 quonia
3162 4009 3192 4045 n
3225 3996 3471 4051 maxime
3490 3993 3563 4050 ob
3585 3993 3775 4047 futuro-

2196 4098 2311 4137 rum
2340 4082 2723 4151 przescientiam
2747 4083 2877 4138 deos
2899 4082 3310 4140 venerabantur.
3348 4083 3569 4141 Etenim
3593 4095 3769 4137 omnes

2194 4173 2408 4229 illorum
2433 4174 2712 4243 prtestigia:
2740 4174 2790 4227 in
2818 4188 2882 4228 eo
2910 4175 3123 4244 negotio
3146 4175 3532 4241 versabantur.
3559 4175 3643 4229 13.
3667 4190 3685 4222 ι
3719 4171 3772 4225 Et

2194 4266 2456 4321 sententia
2480 4279 2689 4335 egressa
2707 4273 2811 4331 est,
2838 4274 2893 4319 et
2919 4265 3186 4334 sapientes
3208 4262 3775 4333 interficiebantur(a);

2196 4368 2251 4413 et
2281 4358 2460 4412 Daniel
2486 4357 2752 4427 amicique
2791 4357 2908 4424 ejus
2945 4358 3325 4427 qnzcrehantur
3345 4358 3666 4437 διάφευξιν.
3698 4356 3776 4409 11.

2194 4453 2342 4508 Tunc
2361 4451 2540 4506 Daniel
2564 4451 2838 4520 respondit
2861 4450 3146 4505 consilimn
3172 4461 3228 4505 et
3254 4448 3594 4507 sententiam
3627 4448 3775 4505 Ario-

2196 4546 2297 4599 clio
2327 4544 2549 4613 principi
2582 4557 2873 4612 coquorum
2911 4544 3071 4612 regis,
3100 4542 3190 4612 qui
3222 4556 3491 4613 egressus
3528 4542 3698 4598 fuerat
3719 4536 3781 4593 ad

2195 4633 2589 4689 interficiendos
2613 4632 2885 4702 sapientes
2911 4632 3217 4705 Babylonis.
3250 4636 3345 4690 15.
3393 4634 3469 4689 Et
3498 4634 3780 4700 interroga-

2193 4727 2285 4783 bat
2321 4742 2442 4782 eum
2465 4726 2649 4782 dicens
2674 4743 2687 4779 :
2713 4725 2969 4796 Princeps
2997 4727 3159 4796 regis,
3181 4728 3561 4798 quamobrem,
3574 4738 3782 4799 egressa

2194 4881 2481 4931 monarcbite
2503 4881 2548 4950 in
2574 4878 2801 4942 plurimas
2818 4886 2998 4950 Agentes
3018 4881 3254 4950 °¥5liuao
3685 4889 3785 4946 μθ

2194 4952 2286 5003 ue;
2312 4956 2420 5005 quae
2444 4941 2700 5005 multarum
2722 4941 2963 4990 sententia
2990 4949 3079 4989 est.
3242 4959 3255 4973 υ
3408 4941 3432 4999 ς
3460 4952 3465 4955 έ
3628 4962 3633 4967 ο

2256 5006 2327 5065 (ιι)
2362 5004 2693 5052 't‘hemlorcns
2725 5016 2738 5051 :
2786 5016 3008 5065 τυραννικὸν,
3051 5014 3132 5051 ἀλλ’
3156 5014 3197 5053 οὔ

2198 5073 2317 5116 ιδὐων
2340 5083 2521 5127 προφανῶς
2547 5077 2607 5114 καὶ
2630 5074 2853 5123 Sumsit»);
2878 5075 3016 5126 ἴρημον¹
3049 5075 3240 5132 ἀλαζιενιῖιι
3261 5079 3333 5127 γὰρ
3357 5084 3427 5132 ut
3447 5083 3561 5132 τῆτες

2192 5126 2381 5183 ἐξουσίαν.
2416 5126 2558 5191 δλιορςξν
2589 5142 2787 5191 primum
2821 5142 2904 5191 Δ«ενιῑς
2948 5136 3113 5191 ὑπηκόοις
3151 5126 3351 5185 Ῐονδαὶοιξ.
3400 5129 3479 5176 ΛΠ
3532 5126 3788 5191 legimdum

2193 5195 2400 5245 πωδαεοις
2435 5186 2737 5249 cogitemus?
2773 5187 2981 5235 Edictum
3016 5188 3194 5294 qlnippe
3219 5202 3315 5236 non
3344 5191 3399 5239 in
3421 5186 3621 5239 animos
3643 5186 3787 5250 prola-

2193 5256 2295 5294 tnm
2320 5257 2440 5294 erat.
2461 5249 2547 5294 sed
2572 5249 2620 5294 in
2642 5249 2889 5294 sapientes
2921 5253 3040 5294 Babv
3060 5250 3205 5294 ouios.
3244 5250 3384 5294 inter
3408 5264 3539 5294 (Illos
3558 5250 3694 5294 nauci
3716 5254 3787 5294 tuo.

2193 5256 2295 5319 ttun
2320 5257 2440 5319 erat,
2461 5249 2547 5319 sed
2572 5249 2620 5296 in
2642 5249 2889 5319 stipientes
2916 5249 3384 5319 galiyloniosxinter
3408 5264 3539 5312 quos
3550 5249 3694 5317 paucl
3716 5254 3789 5319 tu?

2193 5310 2303 5359 dmi.
2328 5311 2578 5371 sapientes
2598 5318 2759 5359 autem
2783 5308 2945 5358 sweuli
2982 5308 3135 5358 dictos
3169 5309 3322 5359 fuisse
3350 5308 3581 5370 «aut;
3612 5315 3788 5371 consul

2194 5374 2341 5439 etiam
2366 5368 2427 5419 ex
2452 5372 2662 5439 origene
2687 5371 2881 5439 tlomil‘ia
2902 5380 3041 5439 sexta
3061 5379 3109 5419 et
3128 5372 3187 5420 14
3210 5374 3254 5439 in
3270 5375 3539 5424 Genesizn.
3558 5368 3786 5439 Ouquuinl

2192 5434 2274 5489 sit,
2300 5432 2434 5499 locus
2475 5431 2764 5499 Theodoreti
2802 5434 2872 5481 sic
2904 5434 3311 5499 interiretandus
3342 5442 3462 5482 est:
3496 5431 3788 5499 (mium

2195 5492 2475 5557 tyrannica,
2495 5505 2598 5557 non
2620 5492 2769 5556 regia:
2792 5494 3007 5557 potestati
3024 5492 3426 5557 adscribendrmt,
3447 5492 3677 5557 sequius:
3697 5492 3790 5557 eri-

2194 5546 2363 5623 dcnter
2384 5546 2698 5623 destitutum?
2717 5546 3047 5623 vanitas-enim
3068 5560 3122 5623 et
3131 5554 3371 5623 superbia
3711 5556 3781 5623 Im-

2152 5640 2169 5651 ί
2196 5613 3287 5693 “'3‘?EsiWiaﬂz,PﬁWFI’Bﬂ'ﬁ‘W"
3332 5613 3554 5670 ευτ’άάιά
3592 5613 3792 5693 ³⁸⁸44³³⁸*

2198 5685 2282 5731 aut
2302 5675 2495 5740 melius,
2518 5675 2815 5731 subditorum
2835 5675 3141 5745 sapientibus.
3622 5702 3625 5709 ε
