4104 6214
459 333 558 388 ’201
828 386 835 399 ,

464 436 701 501 ἀναιδεῖς
756 434 866 506 γὰρ
912 432 1133 495 τούτους
1196 431 1488 502 καλοῦμεν.
1542 431 1868 501 Ἐγνώρισε
1898 430 1969 483 δὲ
2009 431 2041 483 ό

477 533 686 602 Ἀριὼχ
711 529 788 595 τῷ
819 527 1044 596 Δανιὴλ
1077 527 1144 581 τὸ
1166 525 1349 597 ῥῆμα.
1390 525 1501 582 Kal
1545 524 1770 595 Δανιὴλ
1799 523 2039 595 ἐξῆλθε,

466 629 564 683 καὶ
586 627 810 695 ἠξίωσε
838 622 945 676 τὸν
967 620 1233 688 ,βασιλέα
1262 603 1425 689 ὄπως
1477 622 1699 691 χρόνον
1742 618 1907 686 αύτῷ
1936 618 2040 685 δῷ,

466 724 563 777 καὶ
602 722 713 791 τὴν
748 721 1072 788 σύγκρισιν
1117 716 1223 771 τοῦ
1264 717 1557 771 ἐνυπνίου
1599 716 1933 788 ἀπαγγείλῃ
1964 712 2044 780 τῷ

461 815 726 884 βασιλεῖ.
762 813 1053 884 Θαύμασον
1092 811 1211 875 πῶς
1254 811 1553 883 ἐπέτρεψεν
1613 813 1836 876 ἐκεῖνος.
1889 809 2038 884 [208]

467 918 610 986 Ὀρα
634 912 909 982 πανταχοῦ
946 911 1153 974 πάντας
1176 908 1531 980 πειθομένους
1560 909 1897 982 αὐτῷ.⁸ὐθεν
1927 909 2045 974 πῶς

466 1011 822 1065 ὑπώπτευσεν
871 1006 1044 1078 ἀληθῆ
1072 1006 1254 1074 λέγειν
1304 1005 1504 1073 αὐτόν;
1563 1005 1680 1068 πῶς
1723 1006 1824 1060 οὐκ
1869 1001 2041 1067 εἶπεν,

469 1108 669 1170 πάντες
718 1103 1080 1175 ὴλέγχθησαν,
1116 1103 1477 1174 ὡμολόγησαν
1534 1099 1608 1173 μὴ
1653 1097 1797 1155 εἶναι
1834 1100 2046 1172 ἀνθρω-

469 1205 631 1276 πίνης
664 1200 877 1273 φύσεως
900 1196 1057 1253 τοῦτο
1090 1216 1104 1228 ·
1125 1201 1220 1253 καὶ
1239 1200 1303 1252 σὺ
1321 1197 1593 1269 βάρϐαρος
1620 1196 1716 1258 ὣν.
1754 1196 1917 1251 πόθεν
1943 1196 2044 1250 οἴει

470 1296 882 1370 περιγενέσθαις
968 1294 1109 1347 Ἀλλ’
1178 1295 1306 1348 ὃταν
1362 1296 1391 1347 6
1447 1293 1579 1357 Θεὸς
1633 1294 1888 1364 οἱκονομῇ
1952 1293 2046 1346 καὶ

472 1390 962 1465 προκατασκευάζῃ
1039 1389 1108 1443 τὰ
1179 1389 1502 1460 πράγματα,
1580 1387 1746 1459 μηδὲν
1824 1386 2040 1458 ἀπόρει.

475 1488 684 1550 Ἀλλως
708 1486 764 1539 δὲ
791 1484 885 1539 καὶ
908 1482 1193 1538 ἀκίνδυνον
1210 1479 1279 1554 ἦν
1301 1484 1387 1536 ἐπ’
1410 1481 1571 1536 αὐτὸν
1598 1481 1823 1553 ὕστερον
1846 1480 2042 1535 ἐλθεῖν.

472 1584 631 1647 Τίνος
657 1583 844 1636 ἕνεκεν
874 1580 975 1634 οὐκ
1018 1578 1219 1641 εὐθέως
1257 1577 1407 1650 αὐτῷ
1447 1579 1475 1631 6
1505 1577 1640 1642 Θεὸς
1684 1576 1999 1647 ἀπεκάλυψε
2030 1594 2044 1642 ;

472 1679 696 1750 Πρῶτον
737 1676 835 1747 μὲν
864 1674 1007 1728 ὥστε
1046 1672 1348 1744 κατάδηλον
1398 1672 1649 1741 γενέσθαι
1690 1671 1753 1726 τὺ
1792 1673 2043 1744 πρᾶγμα,

472 1777 614 1832 ὥστε
633 1775 827 1837 αὐτοὺς
859 1773 917 1826 ὲν
951 1771 1111 1842 χρείᾳ
1137 1772 1478 1842 καταστῆναι
1500 1769 1690 1841 πολλῇ.
1729 1768 1793 1822 El
1823 1768 1932 1839 γὰρ
1954 1767 2048 1821 καὶ

473 1872 762 1946 προφήτης
801 1864 893 1941 ἦν,
933 1868 1085 1938 ὅμως
1113 1867 1373 1938 ἠγνόησε.
1406 1865 1576 1920 Πάλιν
1609 1883 1691 1920 σοι
1713 1864 1800 1918 διὰ
1823 1864 2048 1919 δικαίων

472 1968 840 2037 ἀπολογεῖται,
892 1964 1107 2027 δεικνὺς
1148 1963 1229 2015 ὅτι
1287 1962 1514 2026 ἐκείνοις
1563 1962 1663 2015 οὐκ
1715 1960 1882 2014 ἔδωκε
1918 1958 2050 2029 μέλ-

470 2067 622 2121 λουσι
657 2060 988 2116 κινδυνεύειν
1038 2057 1209 2131 χωρὶς
1264 2058 1429 2129 εὐχῆς
1461 2060 1814 2130 καρτερικῆς,
1870 2055 2050 2127 πολλῷ

482 2159 682 2233 μᾶλλον
713 2157 796 2211 σοὶ
821 2157 881 2210 οὐ
916 2155 1099 2209 δώσει.
1136 2154 1235 2207 Διά
1262 2153 1423 2207 τοῦτο
1446 2151 1725 2224 πανταχοῦ
1750 2151 1851 2216 τὰς
1885 2150 2050 2222 εὐχὰς

471 2257 659 2312 αίτεῖὸ
680 2252 911 2316 Παῦλος,
950 2249 1032 2319 Τῇ
1076 2247 1393 2318 προσευχῇ
1433 2246 2046 2316 προσκαρτεροῦντες,

470 2352 716 2423 γράφων.
735 2349 810 2402 Οὐ
826 2346 934 2418 γὰρ
947 2346 1107 2417 ἀρκεῖ
1131 2342 1245 2415 βίος
1265 2343 1522 2415 καθαρὸς,
1544 2342 1640 2395 ἐὰν
1654 2340 1779 2414 [μὴ]
1799 2342 1892 2395 καὶ
1916 2341 2049 2412 εὐχὴ

474 2447 674 2519 προσῇ.
698 2445 842 2515 Ὅρα
893 2440 1053 2495 πάλιν
1098 2438 1196 2510 τὴν
1247 2438 1430 2492 πίστιν
1473 2436 1638 2492 αὐτοῦ
1671 2426 1770 2508 ’τήν
1825 2434 2047 2506 πολλήν.

474 2540 735 2615 Δεύτερος
779 2530 934 2602 οὗτος
974 2535 1169 2599 ἄθλος⁸
1210 2534 1307 2588 καὶ
1350 2533 1562 2589 πάλινὸ
1588 2533 1789 2605 Δανιὴλ
1836 2534 2050 2605 ήγεῖται

472 2639 568 2694 τοῦ
592 2639 933 2710 πράγματος,
981 2632 1073 2688 καὶ
1115 2633 1304 2704 χρόνον
1341 2632 1483 2685 αἰτεῖ
1531 2630 2051 2702 παρεσκευασμένον
2080 2669 2091 2675 -

474 2735 613 2806 πρὸς
639 2731 838 2801 πολλὴν
886 2730 1183 2801 καρτερίαν
1218 2728 1310 2782 καὶ
1335 2727 1520 2797 εὐχήν.
1557 2725 1721 2779 Ὥστε
1761 2726 1861 2780 οὐκ
1895 2725 2050 2795 ἠξίου

475 2829 675 2891 εὐθέως
700 2824 993 2881 ἀκούεσθαι
1016 2840 1030 2855 ο
1063 2823 1260 2876 ἔδωκεν
1281 2823 1486 2886 ἐκεῖνος
1505 2819 1604 2891 τὴν
1627 2822 1809 2893 χάριν,
1837 2822 2051 2875 ἀνεκοι-

474 2925 684 2981 νώσατο
726 2925 838 2986 τοῖς
889 2920 1083 2990 φίλοις.
1143 2920 1280 2975 Τότε
1323 2918 1404 2985 τῷ
1459 2919 1686 2988 Δανιὴλ
1714 2918 2054 2989 μυστήριον

474 3021 869 3090 ἀπεκαλύφθη
902 3018 973 3073 ἐν
1000 3016 1249 3087 ὁράματι
1298 3016 1539 3082 νυκτός.
1585 3015 1699 3070 Kal
1745 3018 2051 3086 εὐλόγησε

475 3118 581 3173 τὸν
609 3116 757 3172 Θεὸν
776 3115 883 3170 τοῦ
903 3112 1166 3183 οὐρανοῦ
1189 3110 1435 3180 Δανιὴλ,
1468 3110 1568 3165 καὶ
1607 3106 1777 3166 εἶπεν
1802 3129 1816 3143 ’
1840 3112 1952 3180 Εἴη
1982 3111 2051 3166 τὸ

476 3216 663 3284 ὄνομα
699 3213 806 3266 τοῦ
859 3210 1008 3266 Θεοῦ
1044 3209 1453 3279 εὐλογημένον
1490 3208 1609 3263 ἀπὸ
1660 3208 1769 3263 τοῦ
1808 3208 2048 3276 αίῶνος,

476 3310 574 3365 καὶ
603 3310 710 3376 ἕως
744 3306 850 3362 τοῦ
894 3304 1131 3373 αἰῶνος,
1153 3305 1244 3360 ὅτι
1275 3305 1313 3372 ἠ
1355 3304 1544 3374 σοφία
1576 3304 1675 3359 καὶ
1712 3306 1750 3375 ἡ
1800 3306 2054 3373 σύνεσις

476 3406 578 3463 καὶ
606 3406 645 3475 ἡ
667 3403 845 3472 ίσχὺς
869 3402 1056 3457 αὐτοῦ
1091 3401 1244 3455 ἐστι.
1289 3399 1400 3454 Kal
1440 3401 1622 3468 αὐτὸς
1652 3401 1892 3456 ἀλλοιοῖ
1917 3403 2055 3471 χρό-

476 3521 625 3568 νους
645 3501 743 3557 καὶ
772 3499 1038 3568 καιροὺς,
1063 3494 1318 3564 καθιστᾷ
1333 3496 1618 3563 βασιλεῖς
1647 3498 1745 3552 καὶ
1773 3497 2051 3567 μεθιστᾷ,

478 3598 682 3664 διδοὺς
730 3594 955 3665 σοφίαν
1002 3592 1128 3659 τοῖς
1171 3592 1407 3661 σοφοῖς,
1457 3591 1556 3646 καὶ
1589 3594 1891 3661 φρόνησιν
1930 3593 2056 3660 τοῖς

478 3693 711 3750 αιτοῦσι
733 3692 1012 3746 σύνεσιν.
1050 3687 1246 3754 Αὐτὸς
1278 3688 1694 3743 ἀποκαλύπτει
1726 3688 1922 3754 ,βαθέα
1954 3690 2052 3743 καὶ

477 3790 790 3857 ἀπόκρυφα
806 3825 823 3850 ,
850 3783 1160 3859 γινώσκων
1174 3783 1247 3837 τὰ
1275 3783 1346 3836 ἐν
1364 3782 1447 3849 τῷ
1471 3783 1693 3837 σκότει·
1711 3782 1810 3838 καὶ
1834 3783 1901 3838 τὸ
1928 3783 2056 3853 φῶς

475 3883 601 3955 μετ’
623 3879 811 3941 αὑτοῦ
834 3881 986 3934 ἐστι.
1031 3879 1169 3944 Σοὶ,
1201 3882 1234 3932 ό
1264 3878 1413 3944 Θεὸς
1447 3878 1567 3932 τῶν
1598 3877 1869 3949 πατέρων
1910 3896 2051 3950 μου,

477 3976 968 4049 ἐξομολογοῦμαι,
1002 3974 1101 4030 καί
1141 3972 1288 4029 αἰνῶ
1307 4014 1321 4039 ,
1356 3973 1447 4028 ὅτι
1485 3972 1712 4044 σοφίαν
1754 3973 1855 4028 καὶ
1907 3975 2057 4030 σύν-

478 4088 618 4129 εσιν
645 4069 873 4137 ἔδωκάς
898 4087 1020 4141 μοι,
1048 4070 1148 4125 καὶ
1170 4069 1288 4124 νῦν
1326 4067 1654 4139 ἐγνώρισάς
1671 4076 1774 4140 μοι
1810 4067 1849 4124 ἁ
1879 4067 2056 4138 ήειώ-

481 4184 677 4241 σαμεν
713 4168 872 4237 παρὰ
897 4167 1033 4222 σοῦ.
1087 4165 1312 4221 Οὐδέπω
1350 4164 1601 4236 φανερῶς
1651 4164 1802 4237 αὐτῷ
1844 4167 2057 4221 ἀπεκα-

480 4265 680 4336 λύφθη,
724 4264 838 4319 ἀλλ’
863 4262 943 4316 ἔτι
998 4263 1057 4316 ὲν
1104 4262 1374 4332 όράματι’
1411 4261 1857 4333 προγυμνάξεται
1892 4263 2001 4334 γὰρ
2028 4264 2058 4316 6

481 4363 789 4433 προφήτης.
821 4360 964 4430 Ὅρα
991 4358 1048 4412 δὲ
1076 4357 1240 4413 αὐτοῦ
1261 4357 1361 4430 τὴν
1390 4358 1724 4432 παρρησίαν.
1747 4357 1895 4428 Τίςὴ
1919 4358 2059 4427 γνώ-

487 4477 584 4531 μη,
615 4457 769 4526 φησὶ,
804 4457 841 4526 ή
877 4453 1101 4524 ἀναιδὴς
1138 4453 1315 4523 αῦτη;
1363 4454 1594 4525 Ἔμοιγε
1631 4453 1779 4507 δοκεῖ
1826 4452 1921 4507 καὶ
1952 4453 2060 4526 πρὸ

482 4554 583 4624 τῆς
631 4550 909 4622 εὑρήσεως
959 4546 1327 4601 κεκωλυκέναι
1373 4548 1463 4603 τὸν
1516 4550 1909 4621 ἀρχιμάγειρον
1960 4552 2060 4622 τῆς

486 4648 722 4720 σφαγῆς,
752 4644 831 4716 τῷ
852 4661 911 4697 τε
936 4645 1310 4714 κατηγορῆσαι
1348 4645 1447 4714 τῆς
1477 4646 1862 4716 ἐγχειρήσεως,
1898 4646 1977 4718 τῷ
1998 4664 2058 4701 τε

484 4738 817 4814 ὑποσχέσθαι
845 4738 999 4794 λύσιν
1033 4737 1211 4807 εὑρεῖν
1240 4737 1336 4793 τοῦ
1375 4737 1569 4795 δεινοῦ.
1611 4740 1676 4792 Τί
1712 4735 1805 4794 οῦν
1851 4742 2059 4796 ἀπεκα-

485 4838 663 4909 λύφθη
690 4838 765 4909 τῷ
791 4836 1018 4907 Δανιήλ;
1044 4835 1201 4888 Ἔστι
1226 4833 1335 4904 γὰρ
1366 4835 1463 4888 καὶ
1492 4835 1550 4888 ὲν
1572 4835 1747 4904 ἁγίοις
1779 4837 2056 4911 ὑπεροχή·

407 4912 422 4941 ⁸
487 4912 687 4991 διὸκαὶ
718 4934 880 4998 αὐτὸς
928 4931 1285 5004 προτιμᾶται.
1317 4930 1428 4985 Καὶ
1454 4930 1571 4995 πῶς
1596 4926 1768 4995 εἶδενς
1811 4925 1899 4986 Ἐν
1931 4933 2062 5005 δρά-

490 5048 643 5103 ματι,
663 5032 820 5101 φησὶ,
851 5030 913 5083 οὐ
953 5026 1097 5084 κατά
1128 5027 1476 5100 ἀνθρωπίνην
1501 5028 1717 5099 σοφίαν.
1746 5030 1858 5083 Καὶ
1882 5030 2059 5094 καλῶς

489 5127 790 5198 μυστήριον
822 5124 954 5178 αὐτὸ
982 5124 1156 5189 καλεῖ,
1189 5124 1218 5177 ὃ
1250 5124 1417 5178 πᾶσιν
1470 5125 1723 5196 ἠγνόητο.
1759 5125 1870 5180 Kal
1912 5124 2061 5180 εὐλό-

485 5238 622 5292 γησε
645 5221 736 5275 τὸν
761 5219 893 5272 Θεὸν
916 5218 1010 5272 τοῦ
1037 5219 1288 5292 οὐρανοῦ.
1320 5220 1423 5273 Τὸν
1450 5221 1865 5293 παντοκράτορά
1889 5238 2056 5291 φησι·

485 5316 754 5379 τουτέστι,
784 5312 875 5367 τὸν
907 5313 1002 5366 καὶ
1039 5314 1155 5368 εκεῖ
1183 5315 1240 5368 ὲν
1274 5315 1340 5387 τῆ
1387 5314 1678 5388 βαρϐάρων
1709 5313 1861 5390 χώρᾳ
1897 5316 2059 5372 δυνά-

488 5428 667 5484 μενον.
709 5408 962 5481 Οὐδαμοῦ
998 5408 1181 5475 θυσία,
1218 5411 1313 5463 καὶ
1335 5410 1480 5475 ναὸς,
1508 5413 1602 5465 καὶ
1647 5412 2057 5485 θυσιαστήριον,

483 5507 622 5564 ἀλλά
666 5506 986 5578 προαίρεσις
1033 5505 1244 5576 ἀγαθή·
1282 5505 1375 5560 καὶ
1424 5508 1600 5561 πάντα
1634 5507 1846 5578 ἠνύετο.
1895 5509 2057 5580 Ὅρα,

489 5604 625 5673 μετά
660 5602 721 5656 16
750 5602 934 5656 λαϐεῖν
966 5601 1064 5674 τὴν
1105 5602 1342 5672 αἴτησιν,
1393 5603 1453 5656 οὐ
1505 5604 1771 5676 πρότερον
1824 5604 2060 5677 ἔδραμεν

487 5701 579 5753 ἐπὶ
596 5701 695 5771 τὴν
719 5699 886 5771 αὐλὴν
920 5700 1013 5755 τοῦ
1039 5698 1325 5771 βασιλέως,
1366 5699 1471 5764 ἕως
1503 5695 1563 5755 οῦ
1592 5700 1670 5771 τῷ
1686 5699 1940 5755 δεδωκότι
1962 5701 2061 5771 χά-

489 5810 572 5861 ριν
615 5795 928 5871 ὡμολόγησε
983 5797 1082 5867 τὴν
1148 5798 1441 5868 μεγίστην·
1497 5798 1557 5852 οὐ
1604 5797 1854 5868 καθάπερ
1892 5798 2053 5870 ήμεῖς

1103 302 1109 306 ³
1171 320 1227 374 S.
1267 315 1552 374 JOANNIS
1587 313 2075 381 CHRYSOSTOMI
2112 304 2436 369 ARCIIIEP.‘
2465 314 3007 371 CONSTANTINOP.

3611 314 3717 370 209

2154 427 2412 493 πολλάκις
2474 430 2578 484 ὑπὸ
2611 432 2711 502 τῆς
2753 434 2928 504 χαρᾶς
2975 431 3084 487 τῶν
3139 429 3586 503 κατορθουμένων
3625 430 3722 484 καὶ

2150 524 2618 597 ἐπιλανθανόμεθα
2647 527 2748 598 τῆς
2776 527 3215 598 εὐγνωμοσύνης.
3260 526 3397 580 Ἀλλ’
3434 520 3588 590 οὗτος
3623 526 3723 596 οὐχ

2149 618 2321 683 οῦτως
2340 637 2353 650 ·
2406 620 2543 675 ἀλλὰ
2576 622 2840 694 εὐλόγησε
2871 624 2964 679 τὸν
3001 624 3155 686 Θεὸν,
3187 625 3283 678 καὶ
3311 618 3493 678 εἶπεν*
3518 622 3627 688 Εῑη
3657 622 3723 676 τὸ

2152 712 2338 783 ὄνομα
2386 716 2494 791 τοῦ
2539 717 2687 772 Θεοῦ
2716 720 3123 789 εὐλογημένον
3172 719 3294 775 ἀπὸ
3324 720 3432 774 τοῦ
3484 716 3723 783 αἰῶνος,

2151 807 2251 862 καί
2281 808 2392 876 ἕως
2429 811 2535 865 τοῦ
2568 811 2802 879 αἰῶνος.
2842 813 2992 886 [209]
3037 814 3227 886 Ἡμεῖς
3268 814 3367 886 μὲν
3392 813 3523 884 γὰρ.
3567 813 3722 883 φησὶν

2153 903 2476 977 πρόσκαιροι
2499 908 2594 961 καὶ
2618 907 2991 980 ὀλιγοχρόνιοι,
3019 909 3080 963 οὐ
3107 908 3380 981 μὴνούπὲρ
3410 907 3504 962 τοῦ
3533 907 3725 977 χρόνου

2149 998 2339 1054 τούτου
2370 1002 2470 1071 τὴν
2490 1000 2741 1072 εὐλογίαν
2756 1004 3173 1075 ἀναπέμπομεν,
3197 1004 3308 1058 ἀλλ’
3329 1004 3470 1076 ὑπὲρ
3488 1003 3687 1067 παντός
3706 1019 3721 1034 ο

2150 1095 2248 1166 οὐχ
2270 1096 2409 1168 ὑπὲρ
2438 1090 2499 1150 οὗ
2532 1096 2739 1169 ζῶμεν,
2778 1098 2914 1152 ἀλλὰ
2950 1099 3046 1152 καὶ
3084 1100 3223 1170 ὑπὲρ
3241 1098 3432 1153 τούτου
3470 1099 3592 1170 μὲν,
3623 1100 3722 1153 καί⁵

2151 1193 2292 1266 ὑπὲρ
2314 1194 2408 1248 τοῦ
2432 1194 2539 1266 πρὸ
2565 1193 2779 1259 τούτου,
2820 1195 2915 1249 καὶ
2961 1196 3100 1268 ὑπὲρ
3134 1195 3229 1248 τοῦ
3262 1194 3572 1267 μέλλοντος.
3615 1195 3729 1249 ’Διὶ

2151 1288 2311 1345 αὐτὸν
2328 1289 2662 1359 εὐλογεῖσθαι
2689 1291 2814 1363 χρὴ,
2836 1291 2928 1344 καὶ
2948 1291 3207 1361 φαίνοντα
3229 1291 3323 1344 καὶ
3346 1290 3421 1363 μὴ
3446 1290 3727 1361 φαίνοντα.

2152 1384 2250 1440 Διὰ
2279 1386 2477 1450 παντὸς
2504 1386 2611 1458 γὰρ
2642 1388 2676 1457 ή
2711 1388 2934 1458 πρόνοια
2968 1387 3131 1440 αὐτοῦ
3163 1386 3407 1441 τέταται.
3441 1387 3584 1456 Ὅρα
3610 1386 3731 1450 πῶς

2151 1479 2240 1535 διὰ
2272 1481 2371 1552 τῆς
2409 1482 2758 1553 εὐχαριστίας
2802 1482 3053 1553 ἐμφαίνει
3100 1481 3193 1535 καὶ
3238 1480 3338 1553 τὴν
3380 1480 3581 1550 γνῶσιν
3622 1480 3732 1534 τῶν

2152 1577 2465 1650 ὀνειράτων.
2511 1579 2640 1632 Ὀτι
2671 1578 2710 1646 ἡ
2750 1578 2968 1648 σοφία,
3008 1576 3106 1632 καί
3140 1579 3178 1647 ἠ
3216 1577 3504 1646 σύνεσις,
3546 1577 3644 1631 καῖ
3689 1578 3732 1647 ἡ

2153 1674 2334 1743 ισχὺς
2350 1673 2536 1729 αὐτοῦ
2555 1674 2686 1729 ἐστι
2705 1692 2720 1706 ο
2743 1675 3008 1740 τουτέστι,
3030 1673 3091 1728 16
3111 1673 3310 1728 εἰδέναι
3330 1673 3398 1729 τὰ
3416 1674 3611 1742 πάντα,
3642 1675 3734 1728 καὶ

2155 1771 2570 1843 προγινώσκειν.
2591 1774 2856 1829 Ἐνταῦθα
2874 1777 2943 1844 γὰ
2952 1792 2982 1846 ρ
3000 1774 3157 1829 τοῦτό
3178 1791 3333 1846 φησιο
3354 1754 3518 1839 αὐτὸς
3537 1770 3641 1828 οἶδε
3663 1755 3743 1828 τάξ

2157 1868 2351 1934 πάντα,
2374 1869 2524 1922 οὐδὲν
2554 1869 2755 1938 ἀγνοεῖ.
2780 1870 2845 1923 τί
2872 1866 3179 1936 οὖνςΤοῦτο
3211 1871 3406 1943 μόνον;
3429 1870 3735 1942 πρόγνωσιν

2156 1962 2268 2034 ἔχει
2295 1964 2487 2036 μόνον;
2517 1966 2626 2019 Kal
2652 1967 2750 2020 οὐκ
2778 1962 2951 2026 εἶπεν.
2972 1967 3104 2039 ἔχει,
3127 1968 3262 2033 ἀλλ’,
3283 1967 3480 2024 Αὐτοῦ
3499 1968 3651 2031 ἐστι,
3670 1968 3735 2020 16

2157 2061 2384 2130 φυσικὸν
2405 2063 2536 2134 ήμῖν
2557 2062 2758 2131 ἀγαθὸν
2791 2067 3137 2136 παραστῆσαι
3174 2063 3513 2135 βουλόμενος,
3549 2064 3629 2117 ὅτι
3670 2064 3739 2117 ὲκ

2158 2157 2370 2227 φύσεως
2385 2158 2556 2212 ταῦτα
2581 2159 2730 2230 αὐτῷ
2753 2159 3059 2233 πρόσεστιν.
3081 2160 3145 2213 Τί
3163 2156 3285 2226 οῦνς
3305 2160 3516 2231 πρόοιδε
3554 2161 3735 2231 μόνον,

2157 2248 2276 2325 οὐχὶ
2316 2254 2373 2308 δὲ
2420 2255 2514 2308 καὶ
2551 2258 2729 2317 ποιεῖς
2780 2256 2923 2324 Nal,
2965 2258 3057 2310 καὶ
3097 2260 3259 2311 ποιεῖ.
3310 2256 3569 2312 Ἀλλοιοῖ
3610 2274 3739 2313 και-

2149 2350 2300 2419 ροὺς
2326 2351 2422 2404 καὶ
2446 2352 2723 2420 χρόνους.
2755 2351 2888 2421 Οὐχὶ
2908 2352 3007 2415 τὰς
3030 2353 3237 2424 τροπὰς
3258 2353 3454 2423 λέγων,
3477 2352 3615 2409 ἀλλά
3638 2353 3740 2417 τὰς

2155 2445 2264 2498 τῶν
2296 2447 2633 2518 πραγμάτων
2667 2446 2988 2518 μεταϐολάς.
3016 2448 3281 2517 Καθιστᾷ
3302 2449 3604 2517 βασιλεῖς,
3638 2452 3738 2503 καὶ

2152 2540 2423 2611 μεθιστᾷ.
2468 2543 2590 2597 Ὅτι
2627 2544 2928 2613 μεταϐολὰς
2967 2546 3278 2614 ἐργάζεται.
3307 2542 3432 2618 Ἆρ’
3459 2544 3554 2601 οὖν
3582 2546 3742 2601 τοῦτο

2160 2638 2341 2710 μόνον,
2365 2639 2447 2693 ὅτι
2477 2639 2687 2709 πρόοιδε
2716 2641 2810 2694 καὶ
2837 2643 3009 2707 ποιεῖς
3038 2642 3162 2713 οὐχὶ
3190 2643 3284 2696 καὶ
3310 2643 3439 2697 ἄλλο
3462 2643 3740 2715 μέγιστον,

2157 2734 2239 2789 ὅτι
2265 2735 2356 2790 καὶ
2379 2735 2582 2805 ἑτέροις
2609 2735 2932 2807 μεταδίδωσι
2952 2738 3141 2791 τούτου
3163 2737 3259 2791 τοῦ
3280 2738 3504 2806 είδέναι;
3530 2739 3743 2806 Διδοὺς

2157 2832 2384 2901 σοφίαν
2414 2832 2538 2898 τοῖς
2576 2832 2790 2902 σοφοῖς
2814 2847 2829 2863 °
2861 2833 2980 2903 οὐχὶ
3010 2834 3115 2906 πρὸ
3150 2833 3342 2888 τούτου
3377 2830 3496 2889 οῦσι
3535 2840 3741 2906 σοφοῖς,

2159 2925 2296 2981 ἀλλὰ
2324 2928 2434 2991 τοῖς
2461 2927 2645 2981 λαϐεῖν
2676 2941 2725 2984 ιι.
2754 2926 2823 2981 Et
2845 2945 2929 2991 τις
2957 2928 3117 2997 σοφὸς
3151 2929 3226 3002 μὴ
3255 2932 3387 3002 παρ’
3409 2931 3618 2985 ἐκείνου
3642 2933 3743 2999 τὴν

2160 3024 2352 3093 σοφίαν
2386 3023 2519 3093 ἔχει,
2549 3025 2612 3078 οὐ
2642 3014 2822 3092 σόφός.
2850 3023 2940 3096 Μὴ
2967 3025 3224 3095 νομίσατε
3258 3025 3450 3098 τέχνην
3479 3023 3618 3081 εἶναι
3646 3028 3745 3097 τῆς

2160 3117 2489 3190 Χαλδαῖκῆς.
2512 3119 2620 3174 Kal
2645 3120 2963 3189 φρόνησιν,
2993 3119 3155 3191 φησὶ,
3185 3120 3311 3189 τοῖς
3327 3122 3563 3178 αίτοῦσι
3590 3124 3745 3177 σύν-

2159 3236 2312 3276 εσιν.
2336 3216 2465 3274 Εἶτα
2498 3220 2695 3292 ἴδωμεν
2718 3221 2944 3294 πότερον
2970 3222 3028 3290 ἐξ
3063 3224 3374 3297 ἐπιστήμης
3399 3224 3547 3297 αὐτῷ
3572 3243 3747 3297 προσ-

2161 3323 2414 3392 γέγονεν,
2445 3322 2480 3393 ἢ
2512 3322 2653 3376 κατά
2687 3320 2867 3391 φύσιν.
2900 3322 3013 3376 Kal
3069 3322 3180 3396 γὰρ
3212 3326 3305 3380 καὶ
3341 3325 3501 3380 τοῦτο
3553 3326 3701 3395 λέγει
3727 3344 3743 3357 ·

2160 3422 2348 3490 Αὐτὸς
2396 3423 2805 3477 ἀποκαλύπτει
2845 3423 3040 3486 ,βαθέα
3088 3423 3188 3479 καὶ
3241 3426 3560 3496 ἀπόκρυφα
3595 3445 3611 3462 ο
3645 3427 3749 3481 οὐκ

2162 3520 2333 3590 εἶπεν,
2369 3523 2633 3596 εὐρίσκει,
2666 3522 2823 3589 ἀλλὰ,
2862 3525 3287 3579 Ἀποκαλύπτει
3320 3526 3528 3597 ἑτέροις
3552 3528 3748 3592 ,βαθέα

2161 3624 2290 3695 ἡμῖν
2318 3623 2450 3677 ὄντα
2493 3622 2592 3677 καὶ
2627 3623 2964 3692 ἀπόκρυφα,
2991 3623 3058 3678 τὰ
3091 3624 3154 3678 ὲκ
3185 3625 3395 3696 μακροῦ
3424 3626 3515 3679 τοῦ
3554 3626 3747 3699 χρόνου

2161 3722 2449 3793 ἀφεστῶτα
2490 3722 2585 3777 καὶ
2632 3724 3005 3795 κεκρυμμένα.
3060 3722 3386 3780 Γινώσκων
3425 3726 3497 3781 τὰ
3547 3728 3619 3781 ἐν
3666 3728 3749 3795 τῷ

2162 3823 2366 3877 σκότει
2401 3839 2417 3855 ⁸
2460 3822 2562 3878 καὶ
2605 3823 2673 3877 τὸ
2713 3822 2839 3893 φῶς
2874 3824 3003 3893 μετ’
3033 3825 3222 3880 αὑτοῦ
3262 3826 3451 3881 ἐστιν.
3503 3828 3646 3899 Ὅρα
3692 3828 3748 3882 τί

2164 3943 2317 3997 φησι.
2343 3924 2552 3996 Ὠσπερ
2582 3925 2612 3977 6
2640 3923 2803 3978 Δαυῒδ
2830 3925 2976 3994 λέγει
3000 3942 3014 3955 ·
3061 3926 3155 3993 Ὠς
3186 3925 3255 3981 τὸ
3280 3929 3501 3995 σκότος
3532 3929 3747 4000 αὐτῆς,

2164 4025 2317 4080 οὕτω
2355 4026 2454 4079 καὶ
2485 4024 2552 4078 τὸ
2583 4023 2712 4095 φῶς
2737 4023 2950 4095 αὐτῆς.
2981 4025 3055 4078 T6
3082 4025 3217 4080 πολύ
3245 4027 3347 4099 τῆς
3372 4025 3628 4097 γνώσεως
3656 4028 3747 4083 λέ-

2163 4142 2272 4194 γει,
2301 4126 2420 4196 ήτοι
2445 4124 2552 4179 κᾶν
2579 4124 2749 4197 ἄδηλα
2775 4122 2834 4197 ᾖ,
2867 4125 3017 4196 αὐτῷ
3049 4126 3237 4190 σκότος
3267 4127 3368 4182 οὐκ
3395 4127 3562 4193 ἐστιν,
3596 4128 3629 4200 ἢ
3663 4129 3749 4182 ὅτι

2166 4224 2283 4296 φῶς
2330 4224 2509 4280 αὐτῶν
2554 4225 2690 4279 ἔστι.
2735 4225 2860 4288 Πῶς
2904 4223 3160 4294 γινώσκει
3200 4226 3270 4281 τὰ
3311 4227 3369 4281 ὲν
3414 4225 3493 4298 τῷ
3537 4228 3751 4294 σκότει;

2178 4324 2387 4379 Ὡσανεὶ
2414 4323 2529 4394 φῶς
2557 4323 2694 4396 ἔχων
2721 4324 2841 4396 μεθ’
2864 4323 3077 4379 ἑαυτοῦ.
3107 4327 3242 4381 Μετ’
3270 4325 3439 4403 αὐτοῦ»
3464 4327 3609 4381 ἐστιν
3636 4328 3744 4383 ἀεί.

2166 4424 2547 4496 ’Ᾱνθρωπίνως
2574 4425 2740 4495 λέγει.
2775 4426 2986 4499 Ὠσπερ
3013 4425 3164 4480 οὐδέν
3190 4428 3338 4482 ἐστιν
3369 4430 3425 4481 ὲν
3457 4428 3637 4483 σκότει
3667 4430 3748 4501 τῷ

2165 4524 2356 4596 λύχνον
2383 4527 2626 4595 ἆπτογτι,
2652 4525 2825 4592 οὕτως
2849 4529 2967 4583 οὐδὲ
2992 4529 3069 4602 τῷ
3094 4529 3212 4600 Θεῷ
3237 4548 3249 4560 ⁸
3283 4530 3481 4602 μᾶλλον
3510 4532 3588 4597 δὲ,
3614 4532 3669 4587 εί
3690 4549 3749 4585 τι

2170 4624 2349 4690 πλέον,
2380 4626 2567 4699 ὥσπερ
2595 4626 2673 4698 τῷ
2703 4627 2763 4681 τὸ
2790 4628 2905 4698 φῶς
2935 4627 3109 4701 ἔχοντι
3138 4631 3195 4683 ὲν
3224 4630 3540 4702 ὀφθαλμοῖς,
3561 4632 3639 4704 τῷ
3660 4631 3751 4686 ἀεὶ

2167 4726 2515 4799 περιφέροντι
2545 4727 2676 4781 αὐτὸ
2698 4728 2812 4797 φῶς
2840 4729 2868 4768 b
2902 4729 3035 4783 ἐστι.
3072 4730 3205 4795 Σοὶ,
3246 4733 3279 4784 ὀ
3308 4730 3450 4797 Θεὸς
3480 4731 3754 4800 πατέρων

2163 4846 2300 4899 μου,
2322 4830 2474 4901 φησὶ,
2497 4828 2986 4899 ἐξομολογοῦμαι,
3006 4829 3100 4884 καί
3118 4829 3283 4896 αἰνῶ,
3302 4830 3394 4885 ὅτι
3410 4832 3635 4901 σοφίαν
3650 4829 3751 4886 καὶ

2167 4932 2424 4987 σύνεσιν
2448 4929 2677 4997 ἔδωκάς
2697 4946 2818 4999 μοι.
2847 4930 3135 5000 Εὐκαίρως
3164 4931 3275 4985 τῶν
3302 4932 3554 5002 πατέρων
3580 4932 3754 5003 ἐμνή-

2169 5032 2271 5104 σθη
2317 5031 2432 5098 νῦν,
2472 5031 2538 5085 δι’
2574 5031 2798 5086 ἐκείνων
2838 5031 3000 5084 αὐτὸν
3040 5030 3356 5103 δυσωπῆσαι
3396 5032 3750 5105 βουλόμενος,

2168 5133 2417 5207 καθάπερ
2438 5134 2493 5188 εῐ
2507 5134 2591 5197 τίς
2613 5128 2735 5187 τινα
2769 5131 2921 5207 [210]
2952 5133 3187 5205 ἐραστὴν
3222 5134 3451 5207 σφοδρὸν
3474 5135 3580 5189 τῶν
3607 5136 3750 5207 ὲρω-

2171 5235 2347 5305 μένων
2374 5235 2756 5306 ἀναμνήσειεν.
2796 5235 3298 5307 Ἐξομολογδοῦμαι
3318 5275 3335 5302 ,
3366 5237 3536 5308 φησὶ,
3568 5240 3749 5306 εὐχα-
3846 5294 3851 5295 ,

2160 5334 2383 5405 ριστῶ,
2430 5334 2529 5389 καὶ
2561 5334 2737 5400 αἰνῶ,
2780 5334 2869 5389 ὅτι
2908 5336 3135 5405 σοφίαν
3175 5336 3273 5391 καί
3321 5338 3578 5392 σύνεσιν
3610 5337 3753 5392 ἐδω-

2168 5433 2280 5501 κάς
2305 5453 2426 5505 μοι.
2471 5435 2582 5506 Τὴν
2619 5435 2886 5507 προτέραν
2933 5437 3084 5508 φησί.
3134 5436 3244 5491 Καὶ
3278 5436 3396 5493 νῦν
3426 5436 3752 5509 ἐτνάῳισάς

2162 5553 2264 5605 μοι
2310 5534 2348 5590 ἆ
2393 5534 2736 5605 ἠξιώσαμεν
2780 5536 2940 5606 παρὰ
2996 5536 3134 5592 σοῦ.
3189 5538 3350 5601 Ἴσως
3401 5538 3548 5603 είκδς
3590 5536 3753 5592 αὐτον

2232 5746 2254 5771 θ
2281 5743 2452 5791 Scribe
2473 5742 2717 5794 λαϐοῦσιν.

2230 5805 2256 5844 h
2285 5805 2431 5854 Forte
2456 5806 2687 5868 αὐτοφως.
