4038 6204
369 259 464 315 aet

367 385 450 431 est
484 374 747 430 sententia
781 371 1067 446 impudens
1121 376 1235 430 haec
1273 389 1302 430 a
1345 373 1478 430 facie
1509 373 1688 445 regis?
1723 393 1742 426 ι
1789 374 1949 431 Vides

369 466 676 519 libertatem
698 464 724 518 ἲ
753 465 903 520 vides
943 465 1351 521 fortitudinem?
1396 466 1462 521 ad
1493 467 1638 544 illum
1669 467 1758 536 qui
1803 468 1948 522 oeci-

364 559 521 614 dendi
551 566 868 628 potestatem
897 557 1124 613 habebat
1142 559 1314 629 qualia
1335 559 1601 629 loquitur?
1624 560 1794 614 Etiam
1816 561 1951 614 alio-

367 661 487 704 rum
533 649 704 705 vicem
735 648 900 704 dolet.
947 649 1061 703 Non
1094 649 1253 705 habet
1298 651 1591 718 rationem,
1622 652 1818 721 inquit,
1851 667 1949 707 nec

361 757 580 797 causam
608 758 623 806 ;
664 757 838 812 neque
869 743 1008 797 ullus
1033 743 1183 797 color
1218 743 1392 798 edicto
1413 743 1620 812 adjacet
1659 760 1672 796 :
1706 744 1948 798 homines

355 837 502 890 enim
533 835 796 905 ejusmodi
859 835 1192 905 impudentes
1238 838 1472 892 solemus
1511 837 1798 906 appellare.
1856 836 1943 891 t6.

359 947 381 980 ι
427 929 686 984 lndicavit
725 939 904 983 autem
948 928 1208 984 Ariocbus
1226 930 1432 986 Danieli
1455 929 1690 984 verbum.
1722 927 1788 983 Et
1839 929 1940 983 Da-

358 1024 466 1076 niel
513 1036 764 1093 egressus
809 1030 931 1087 est;
961 1031 1016 1077 et
1057 1021 1262 1092 rogavit
1287 1035 1489 1091 regem,
1524 1031 1580 1075 ut
1607 1030 1815 1092 tempus
1843 1021 1942 1076 sibi

353 1115 530 1179 daret,
560 1124 614 1169 et
635 1115 997 1185 conjecturam
1025 1115 1216 1170 somnii
1247 1115 1586 1169 annuntiaret
1615 1116 1746 1184 regi.
1781 1132 1800 1165 ι
1833 1115 1942 1168 Ad-

354 1207 554 1262 mirare
581 1207 986 1275 permissionem
1026 1205 1187 1276 regis.
1215 1205 1407 1274 Aspice
1435 1215 1493 1259 ut
1520 1219 1707 1260 omnes
1749 1205 1944 1275 ubique

358 1296 563 1351 Danieli
589 1296 983 1366 obtemperent.
1029 1297 1096 1350 At
1128 1295 1268 1350 unde
1297 1311 1388 1351 rex
1426 1285 1725 1365 suSpieatus
1759 1305 1839 1352 est
1874 1296 1940 1350 il-

352 1388 463 1443 lum
498 1403 623 1443 vera
650 1388 870 1444 dicere?
899 1403 1064 1459 quare
1113 1404 1215 1442 non
1258 1388 1390 1443 dixit
1423 1405 1440 1443 :
1472 1387 1712 1444 Universi
1748 1386 1940 1456 depre-

354 1480 509 1535 hensi
541 1488 665 1534 sunt
693 1494 757 1536 ac
786 1481 1035 1547 convicti,
1066 1479 1191 1535 fassi
1225 1488 1348 1534 sunt
1378 1495 1490 1535 rem
1517 1493 1637 1534 esse
1665 1493 1825 1548 supra
1847 1493 1941 1532 na-

352 1580 527 1625 turam
568 1570 892 1637 humanam;
929 1581 983 1627 et
1008 1581 1066 1626 tu
1095 1573 1184 1642 qui
1223 1572 1481 1627 barbarus
1506 1586 1564 1626 es
1587 1611 1602 1637 ,
1628 1571 1767 1625 unde
1789 1580 1940 1640 putas

353 1672 407 1716 te
448 1676 609 1732 posse
635 1663 959 1719 incolumem
987 1678 1049 1717 ac
1077 1663 1408 1732 superiorem
1447 1662 1710 1716 evadere?
1741 1661 1938 1717 Verum

351 1752 444 1805 ubi
500 1752 641 1806 Deus
680 1766 770 1807 res
815 1753 1089 1822 dispensat
1127 1761 1181 1807 et
1205 1760 1488 1822 praeparat,
1517 1751 1649 1806 nihil
1676 1751 1932 1822 ambigas.

351 1844 602 1913 Alioquin
629 1854 683 1897 et
727 1845 858 1898 citra
909 1844 1205 1912 perieulum
1254 1853 1370 1898 erat
1419 1843 1485 1898 ad
1537 1859 1714 1914 regem
1753 1854 1938 1913 postea

349 1935 552 1989 venire.
610 1936 714 1989 Cur
759 1945 936 1990 autem
981 1950 1086 1989 non
1141 1935 1284 1990 illico
1342 1935 1483 1990 Deus
1529 1935 1729 1991 Danieli
1787 1951 1934 1990 som-

348 2026 498 2078 nium
545 2025 840 2080 revelavit?
888 2025 1119 2080 Primum
1164 2026 1376 2096 quidem
1421 2036 1477 2080 ut
1525 2041 1612 2080 res
1660 2026 1934 2080 manifesta

349 2117 542 2180 fieret,
589 2116 820 2192 etutilli
863 2115 914 2170 in
955 2132 1142 2186 magna
1184 2119 1500 2173 necessitate
1545 2120 1932 2174 constitueren-

346 2217 457 2261 tur.
510 2207 642 2262 Nam
697 2208 798 2262 etsi
843 2207 1100 2279 propheta
1152 2219 1325 2274 esset,
1374 2219 1608 2264 attamen
1668 2211 1932 2266 somnium

349 2297 657 2367 ignorabat.
710 2298 915 2354 Rursus
965 2300 1058 2355 tibi
1103 2316 1160 2355 se
1207 2316 1302 2368 per
1347 2303 1489 2356 viros
1548 2303 1722 2373 justos
1772 2319 1934 2358 excu-

343 2399 453 2455 sat,
493 2389 783 2444 ostendens
818 2390 960 2460 quod
998 2393 1042 2447 si
1092 2392 1197 2447 illis
1227 2393 1603 2461 periclitaturis
1641 2396 1772 2450 nihil
1812 2411 1935 2451 cou-

341 2481 510 2536 cessit
542 2481 743 2551 absque
787 2497 943 2551 prece
990 2485 1372 2552 perseveranti,
1406 2487 1572 2540 multo
1621 2488 1796 2542 minus
1839 2489 1930 2542 tibi

339 2574 514 2628 dabit.
564 2574 787 2645 Propter
839 2574 940 2631 hoc
979 2577 1178 2646 ubique
1225 2577 1418 2632 Paulus
1459 2580 1692 2647 postulat
1725 2595 1930 2648 preces,

343 2665 586 2720 Orationi
603 2667 1075 2740 insistentes(Rom.
1111 2668 1327 2741 £2.12),
1351 2672 1612 2726 scribens.
1641 2672 1755 2726 Non
1787 2674 1928 2728 enim

338 2755 543 2811 sufﬁcit
593 2757 700 2811 vita
749 2773 900 2826 pura,
945 2759 1047 2814 nisi
1100 2760 1260 2814 etiam
1310 2760 1450 2816 adsit
1494 2763 1685 2815 oratio.
1735 2763 1928 2832 Aspice

339 2848 539 2901 iterum
563 2848 784 2903 multam
813 2848 954 2904 illius
983 2850 1159 2905 fidem.
1192 2850 1496 2907 Secundum
1528 2863 1797 2910 certamen
1828 2859 1928 2912 hoc

338 2946 463 2991 est:
493 2947 546 2992 et
572 2938 748 2993 adhuc
791 2939 972 2994 Daniel
1022 2949 1214 3010 praeest
1251 2956 1313 2996 ac
1348 2945 1613 3013 negotium
1661 2945 1824 3008 ducit.
1874 2958 1928 3003 et

337 3035 556 3096 tempus
577 3028 708 3098 petit
726 3028 804 3103 (a)
831 3039 1011 3100 aptum
1041 3031 1108 3086 ad
1138 3033 1359 3087 multam
1380 3034 1712 3091 tolerantiam
1765 3048 1928 3109 atque

335 3121 661 3176 orationem.
693 3122 959 3193 Pr0pheta
992 3140 1099 3180 non
1149 3128 1449 3196 postulabat
1477 3129 1655 3184 statim
1709 3131 1881 3186 audiri
1911 3151 1923 3187 :

334 3227 440 3267 rex
466 3212 779 3271 beneﬁcium
825 3217 1044 3288 largitus
1091 3229 1196 3286 est,
1230 3220 1466 3290 illudque
1515 3221 1929 3280 communicavit

333 3318 466 3358 cum
505 3306 690 3361 amicis
718 3323 781 3362 ac
820 3309 978 3363 sociis
1033 3310 1284 3366 Danielis.
1344 3313 1430 3368 l9.
1461 3333 1485 3365 ί
1521 3315 1671 3370 Tunc
1721 3316 1921 3372 Danieli

331 3397 653 3466 mysterium
677 3400 966 3455 revelatum
995 3411 1078 3456 est
1103 3405 1153 3456 in
1185 3403 1388 3460 visione
1411 3407 1599 3462 noctis.
1632 3407 1699 3462 Et
1744 3409 1923 3465 Daniel

333 3485 618 3541 benedixit
646 3488 810 3543 Deum
835 3491 975 3557 caeli,
1031 3494 1121 3548 20.
1161 3509 1224 3549 ac
1269 3494 1404 3550 dixit
1431 3514 1444 3550 :
1471 3497 1549 3552 Sit
1584 3515 1778 3555 nomen
1829 3501 1921 3556 Dei

332 3576 678 3632 benedictum
707 3595 736 3633 a
765 3584 979 3648 saeculo,
1009 3593 1062 3638 et
1092 3600 1258 3656 usque
1280 3587 1330 3640 in
1354 3589 1628 3657 saeculum,
1653 3592 1774 3661 quia
1808 3592 1925 3661 ejus

329 3675 426 3719 est
443 3667 700 3736 sapientia
717 3679 770 3724 et
800 3672 1143 3744 intelligentia
1168 3685 1222 3730 et
1259 3676 1533 3734 fortitudo.
1571 3680 1661 3735 2|.
1703 3683 1770 3736 Et
1808 3683 1922 3753 ipse

330 3765 516 3811 mutat
539 3767 774 3829 tempora
819 3772 1094 3832 etmtates,
1127 3767 1400 3822 constituit
1428 3785 1578 3840 reges
1625 3788 1689 3827 ac
1726 3775 1919 3842 aufert,

328 3850 479 3904 dans
502 3853 810 3922 sapientiam
841 3856 1190 3925 sapientibus.
1220 3867 1273 3913 et
1323 3860 1657 3928 prudentiam
1701 3865 1806 3919 illis
1831 3867 1921 3934 qui

335 3955 530 4013 petunt
558 3947 902 4002 intellectum.
927 3947 1018 4002 2i.
1047 3949 1164 4019 lpse
1189 3952 1386 4008 revelat
1424 3955 1680 4022 profunda
1721 3965 1774 4012 et
1796 3957 1921 4012 abs-

329 4035 574 4104 condita,
620 4053 948 4107 cognoscens
993 4056 1114 4111 quae
1167 4043 1220 4117 ip
1272 4044 1503 4098 tenebris
1547 4047 1920 4104 exsistunt:et

335 4127 431 4178 lux
458 4141 576 4180 eum
608 4129 722 4197 ipso
750 4139 851 4185 est.
894 4131 984 4186 25.
1037 4133 1189 4199 Tibi,
1223 4134 1361 4189 Deus
1409 4145 1614 4204 patrum
1657 4153 1919 4206 meorum,

329 4219 619 4288 conﬁteor,
649 4233 702 4277 te
730 4222 906 4288 laudo,
938 4225 1059 4294 quia
1085 4227 1396 4296 sapientiam
1426 4237 1481 4283 et
1521 4230 1918 4301 intelligentiam

329 4310 535 4365 dedisti
557 4313 683 4366 mihi
715 4331 727 4367 :
752 4324 805 4369 et
823 4331 963 4371 nune
988 4325 1109 4371 nota
1130 4317 1298 4373 fecisti
1326 4318 1452 4372 mihi
1479 4335 1597 4388 quae
1621 4322 1922 4391 rogavimus

334 4416 414 4458 tc.
450 4423 472 4457 ι
520 4404 764 4460 Nondum
809 4409 1090 4464 manifeste
1143 4410 1243 4479 ipsi
1290 4412 1580 4467 revelatum
1633 4423 1766 4480 erat,
1827 4416 1919 4471 sed

329 4494 516 4550 adhuc
569 4497 620 4551 in
649 4499 851 4554 visione
881 4516 895 4554 :
929 4516 1049 4554 nam
1081 4512 1468 4570 pracexercetur
1486 4505 1760 4573 propheta.
1791 4507 1922 4564 Vide

330 4599 519 4644 autem
559 4590 700 4645 illius
730 4590 997 4656 fiduciam,
1051 4592 1298 4659 Quianam
1345 4605 1417 4648 est
1443 4597 1705 4662 sententia,
1730 4599 1918 4669 inquit,

329 4683 606 4752 impudens
642 4684 790 4738 lucc?
822 4685 943 4739 alibi
991 4686 1203 4756 quidem
1249 4687 1459 4741 videtur
1491 4690 1649 4744 etiam
1693 4700 1815 4746 ante
1842 4706 1923 4746 so-

332 4778 543 4830 mnium
567 4777 834 4832 inventum
857 4795 884 4831 a
907 4778 1053 4833 caede
1068 4778 1370 4833 cohibuisse
1392 4780 1698 4850 magistrum
1725 4797 1923 4853 coquo-

333 4882 481 4932 rum,
508 4877 616 4920 tum
645 4868 930 4938 inemptum
956 4868 1274 4936 accusando,
1296 4877 1405 4924 tum
1434 4870 1729 4939 pollicendo
1754 4886 1813 4928 se
1839 4889 1923 4927 re—

335 4970 615 5027 perturum
640 4959 953 5014 calamitatis
981 4961 1318 5015 solutionem.
1345 4959 1452 5015 Cur
1479 4975 1605 5031 ergo
1627 4962 1918 5017 revelatum

332 5060 419 5104 est
476 5049 715 5103 Danieli?
744 5050 875 5117 Quia
903 5051 1045 5106 enim
1089 5062 1171 5106 est
1208 5053 1367 5106 etiam
1403 5053 1542 5108 inter
1596 5053 1740 5107 viros
1792 5069 1919 5108 san-

331 5152 454 5198 ctos
511 5145 846 5209 excellentia,
889 5145 1009 5201 ideo
1065 5145 1252 5200 Daniel
1325 5145 1626 5217 praefertur.
1663 5146 1731 5201 Et
1789 5163 1924 5217 quo-

335 5235 502 5289 modo
522 5235 690 5290 vidit?
710 5235 774 5289 In
806 5237 1009 5303 visione,
1058 5237 1254 5305 inquit;
1279 5253 1381 5294 non
1408 5237 1700 5295 secundum
1731 5237 1914 5291 huma-

335 5344 462 5382 nam
487 5329 819 5398 sapientiam.
867 5328 934 5383 Et
984 5329 1206 5400 pulchre
1257 5331 1308 5388 id
1354 5344 1506 5391 vocat
1564 5333 1874 5403 mysterium
1903 5371 1918 5397 ,

398 5527 477 5587 (a)
513 5526 778 5577 ﬁndenter
815 5526 1174 5597 Chrysostomus
1206 5541 1255 5586 et
1291 5541 1631 5597 Theodoretus
1663 5533 1717 5597 ln_
1753 5541 1812 5580 es
1835 5543 1920 5591 re,

403 5605 484 5637 εω
503 5602 640 5663 aer
667 5597 926 5663 ςοηιοιιυξ
940 5591 1144 5663 meum
1164 5591 1619 5663 "egotiunihabcrc
1639 5591 1918 5663 ειριιιετιιως

334 5603 484 5697 Ἑεω
503 5603 640 5638 sacer
667 5603 926 5638 contextus
940 5603 1144 5643 reucuxt.
1164 5605 1400 5663 negoumn
1422 5605 1619 5658 habere
1639 5603 1918 5665 noluerunt.

343 5728 352 5734 .
375 5728 384 5734 _
411 5649 1219 5734 ,ἮΊἮῩΞξῗῗηῖἱῖῗῗξέῗρξῗξῖιῗῗῗτη
1237 5679 1455 5734 noctem;
1483 5655 1819 5716 τετι¹¹¹¹¹⁰¹¹¹¹⁸
1840 5661 1921 5705 ιη’

339 5728 513 5770 suum;
534 5709 748 5773 JOSCPIIU
768 5709 930 5760 malim
951 5713 1186 5770 accedere,
1237 5709 1317 5734 ‘V‘
1327 5709 1424 5733 ‘°”'
1438 5709 1454 5735 ’

1741 256 1808 314 IN
1848 258 2212 318 DANIELEM.

2058 377 2198 448 quod
2266 379 2332 434 ab
2370 381 2618 438 omnibus
2673 386 3029 456 ignorabatur.
3071 390 3139 446 Et
3183 392 3432 451 benedixit
3471 396 3634 455 Deum

2051 469 2181 522 caeli.
2255 468 2688 542 Omnipotentem
2757 478 3004 551 intelligit
3049 499 3063 534 :
3109 483 3164 538 id
3211 495 3330 550 est,
3370 503 3492 544 eum
3543 493 3635 560 qui

2052 558 2212 614 etiam
2235 560 2362 626 illic,
2413 563 2465 617 in
2495 564 2844 623 barbarorum
2896 572 3146 631 videlicet
3176 577 3414 646 regione,
3444 558 3632 648 pote—ns

2049 658 2184 704 erat.
2235 651 2506 723 Nusquam
2559 658 2900 727 sacrificium,
2954 672 3008 717 et
3060 667 3337 736 templum,
3384 678 3442 725 et
3494 671 3630 726 alta-

2050 753 2128 802 re,
2153 740 2246 796 sed
2267 743 2378 797 sola
2401 744 2537 801 bona
2561 748 2803 804 voluntas
2831 753 3051 825 aderat;
3086 766 3137 811 et
3181 759 3358 814 omnia
3404 775 3632 834 perage-

2049 828 2258 886 bantur.
2283 834 2515 892 Adverte
2539 853 2660 893 eum
2693 851 2813 910 post
2833 845 3140 911 petitionem
3168 828 3464 918 acceptam,
3521 828 3633 908 non

2048 921 2194 988 prius
2223 923 2287 977 ad
2317 926 2490 981 aulam
2525 931 2664 999 regis
2689 935 3010 1001 cucurrisse,
3053 953 3209 1006 quam
3241 940 3483 997 beneﬁcii
3537 943 3632 997 da~

2047 1012 2149 1066 tori
2176 1016 2432 1071 maximas
2454 1019 2648 1089 egisset
2667 1025 2864 1092 gratias
2891 1042 2906 1079 :
2932 1042 3036 1081 non
3065 1029 3202 1084 sicut
3234 1046 3331 1086 nos
3353 1048 3496 1102 saepe
3521 1049 3634 1104 prae

2044 1102 2235 1172 gaudio
2259 1101 2638 1176 prosperorum
2682 1127 3024 1170 successuum
3047 1120 3205 1172 etiam
3251 1101 3440 1191 gratias
3489 1101 3630 1180 refe-

2045 1192 2224 1247 rendae
2254 1195 2636 1254 obliviscimur.
2665 1203 2732 1256 At
2769 1218 2872 1258 non
2903 1207 2973 1259 ita
3006 1207 3105 1262 iste
3140 1227 3152 1262 :
3183 1226 3365 1266 verum
3413 1215 3628 1271 benedi-

2043 1283 2121 1337 xit
2146 1284 2334 1353 Deum,
2354 1297 2407 1342 et
2434 1289 2566 1345 dixit
2589 1310 2603 1347 :
2622 1293 2703 1348 Sit
2725 1311 2905 1350 nomen
2917 1297 3012 1352 Dei
3036 1300 3348 1358 benedictum
3367 1321 3400 1359 a
3419 1309 3622 1376 sarculo,

2042 1373 2264 1447 et'usque
2285 1380 2336 1433 in
2357 1383 2616 1437 saeculum.
2649 1385 2757 1442 Nos
2808 1389 3089 1458 siquidem,
3123 1393 3314 1463 inquit,
3360 1373 3626 1468 tempora;-

2132 1479 2186 1524 Cl
2215 1486 2502 1540 paucorum
2520 1492 2780 1534 annorum
2806 1498 2988 1538 sumus
3010 1500 3023 1549 ;
3053 1501 3158 1540 non
3181 1497 3357 1543 autem
3377 1505 3472 1559 pro
3492 1501 3627 1547 tem-

2041 1573 2172 1628 pore
2215 1563 2316 1618 hoc
2373 1574 2573 1621 tantum
2615 1584 2823 1625 sursum
2869 1574 3127 1631 mittimus
3177 1578 3621 1650 benedictionem,

2044 1649 2138 1704 sed
2167 1667 2264 1719 pro
2289 1654 2539 1712 universo
2565 1666 2805 1729 tempore
2840 1679 2852 1715 :
2883 1679 2987 1718 non
3016 1680 3112 1734 pro
3141 1683 3206 1721 eo
3232 1669 3348 1724 solo
3369 1687 3476 1740 quo
3491 1672 3625 1728 vivi-

2039 1754 2178 1805 mus,
2211 1743 2304 1796 sed
2350 1745 2510 1800 etiam
2549 1762 2645 1817 pro
2689 1751 2790 1805 hoc
2837 1753 3070 1821 quidem,
3099 1765 3152 1810 et
3194 1772 3290 1826 pro
3343 1760 3432 1815 illo
3481 1765 3621 1832 quod

2038 1835 2312 1900 praeteriit,
2345 1845 2396 1890 et
2437 1852 2534 1906 pro
2578 1839 2772 1895 futuro.
2826 1843 3048 1914 Semper
3093 1846 3258 1902 Deum
3307 1849 3621 1908 benedicere

2036 1932 2267 1992 oportet,
2297 1927 2409 1982 sive
2438 1929 2524 1984 illc
2544 1943 2815 1999 appareat,
2846 1937 2956 1990 sive
2981 1952 3086 1991 non
3113 1950 3382 2006 appareat.
3411 1941 3618 2012 Ubique

2035 2017 2178 2069 enim
2210 2017 2346 2072 illius
2368 2021 2696 2087 providentia
2723 2034 2940 2080 extensa
2985 2037 3085 2082 est.
3122 2028 3251 2084 Vide
3273 2039 3330 2084 ut
3369 2046 3466 2100 per
3491 2048 3617 2102 gra-

2036 2105 2226 2160 tiarum
2281 2109 2544 2164 actionem
2597 2115 2840 2168 ostendat
2883 2131 3093 2187 quoque
3144 2120 3255 2174 Deo
3310 2134 3616 2192 competere

2035 2197 2311 2252 scientiam
2329 2201 2675 2256 somniorum.
2701 2205 2832 2271 Quia
2851 2207 2959 2275 ejus
2979 2218 3049 2261 est
3071 2210 3316 2277 sapientia
3344 2222 3390 2266 et
3430 2215 3614 2269 intelli-

2033 2287 2202 2356 gentia
2225 2299 2270 2341 et
2289 2289 2528 2357 fortitudo
2553 2307 2572 2345 :
2601 2293 2700 2348 hoc
2749 2304 2848 2359 est,
2895 2299 3071 2352 omnia
3126 2301 3265 2356 scire
3312 2316 3377 2358 ac
3409 2319 3616 2374 praeno-

2034 2390 2203 2431 scere.
2232 2378 2330 2433 llic
2357 2380 2498 2435 enim
2527 2382 2653 2437 illud
2692 2385 2764 2438 ait
2793 2404 2808 2439 :
2842 2388 2982 2456 quod
3032 2389 3235 2463 scilicet
3282 2392 3396 2461 ipse
3437 2397 3611 2451 omnia

2033 2470 2199 2537 novit,
2233 2479 2288 2526 et
2336 2473 2468 2528 nihil
2498 2476 2722 2545 ignorat.
2774 2479 2908 2546 Quid
2955 2481 3150 2550 igitur?
3201 2484 3325 2539 illud
3373 2490 3612 2544 tantum?

2033 2561 2272 2618 solamne
2302 2562 2460 2620 habet
2485 2569 2914 2636 praescientiam?
2943 2573 3011 2628 Et
3058 2590 3165 2629 non
3208 2575 3361 2645 dixit,
3395 2578 3567 2636 Habet
3597 2599 3609 2634 :

2033 2654 2149 2718 sed,
2183 2652 2358 2724 Ipsius
2405 2666 2499 2726 est,
2531 2659 2785 2717 exhibere
2837 2663 2990 2720 nobis
3019 2667 3207 2723 volens
3260 2683 3325 2723 ea
3369 2673 3613 2740 naturale

2032 2743 2172 2800 illius
2226 2747 2422 2803 bonum
2454 2765 2573 2805 esse
2601 2769 2614 2806 :
2641 2755 2762 2823 quia
2789 2770 2856 2810 ex
2894 2766 3078 2812 natura
3126 2760 3201 2814 illi
3250 2760 3366 2818 haec
3408 2763 3605 2819 insunt.

2031 2834 2167 2902 Quid
2218 2839 2384 2907 ergo?
2437 2842 2766 2909 praevidetue
2817 2855 3039 2915 tantum,
3078 2865 3184 2904 non
3223 2861 3401 2908 autem
3449 2855 3608 2910 etiam

2030 2926 2191 2982 facit?
2217 2927 2376 2994 Sane,
2404 2939 2457 2985 et
2482 2932 2622 2987 facit.
2658 2933 2825 2990 Mutat
2843 2946 3012 2992 aetates
3030 2950 3078 2993 et
3095 2949 3340 3011 tempora.
3377 2943 3495 2998 Non
3542 2946 3610 3001 de

2027 3032 2290 3074 annorum
2309 3025 2740 3081 coiiversionibus
2765 3043 2942 3084 sermo
2971 3041 3072 3097 est,
3105 3033 3195 3087 sed
3212 3034 3279 3089 de
3307 3051 3484 3090 rerum
3523 3039 3607 3091 vi-

2027 3113 2439 3172 cissitudinibus.
2461 3117 2724 3174 Constituit
2739 3139 2898 3192 reges,
2916 3135 2961 3176 et
2977 3127 3160 3196 aufert.
3185 3127 3314 3193 Quia
3334 3127 3613 3198 hujusmo-

2026 3202 2080 3257 di
2128 3206 2482 3262 mutationum
2527 3218 2610 3264 est
2670 3221 2876 3268 auctor.
2927 3214 3008 3267 An
3053 3215 3213 3284 igitur
3260 3216 3360 3272 hoc
3405 3228 3606 3275 tantum

2029 3294 2187 3362 Deus,
2220 3298 2477 3366 praevidet
2528 3316 2720 3372 nempe
2747 3316 2810 3357 ac
2844 3302 3006 3358 facit?
3030 3321 3134 3359 nou
3175 3316 3230 3362 et
3270 3308 3414 3363 aliud
3443 3311 3609 3364 maxi-

2024 3403 2171 3443 mum
2219 3399 2485 3460 operatur,
2535 3395 2675 3462 quod
2726 3395 2886 3452 etiam
2919 3412 3040 3452 cum
3088 3398 3209 3454 aliis
3253 3403 3610 3457 communicat

2024 3494 2142 3534 eam
2171 3483 2486 3538 scientiam?
2514 3483 2659 3541 Dans
2682 3489 2979 3557 sapientiam
3024 3493 3328 3560 sapientibus
3354 3508 3375 3547 :
3397 3509 3500 3548 non
3545 3495 3608 3549 iis

2025 3573 2114 3643 qui
2139 3583 2294 3630 antea
2339 3577 2606 3646 sapientes
2631 3592 2804 3645 erant,
2853 3582 2946 3636 sed
2991 3582 3058 3638 iis
3103 3585 3294 3653 quibus
3344 3587 3605 3655 sapientia

2025 3664 2198 3721 datur.
2233 3666 2289 3722 Si
2316 3669 2434 3738 quis
2463 3671 2678 3740 sapiens
2703 3688 2807 3728 non
2836 3674 2904 3729 ab
2929 3676 3018 3729 illo
3063 3678 3378 3746 sapientiam
3421 3679 3602 3746 habet,

2023 3756 2235 3826 sapiens
2258 3773 2365 3814 non
2393 3768 2494 3814 est.
2512 3761 2588 3816 Ne
2607 3764 2926 3819 existimetis
2942 3766 3257 3835 sapientiam
3272 3780 3446 3824 autem
3482 3784 3606 3824 esse

2025 3849 2326 3906 Chaldaicae
2355 3853 2606 3922 regionis.
2643 3853 2708 3908 Et
2758 3857 3096 3925 prudentiam,
3131 3859 3327 3929 inquit,
3373 3861 3478 3915 illis
3519 3861 3606 3930 qui

2024 3950 2196 4012 petunt
2229 3943 2554 3998 intellectum.
2590 3946 2794 4002 Deinde
2845 3947 3119 4004 videamus
3159 3966 3226 4004 an
3249 3967 3313 4005 ex
3357 3953 3598 4018 scientia,

2023 4047 2092 4086 an
2118 4047 2181 4087 ex
2209 4041 2397 4089 natura
2429 4035 2628 4089 Danieli
2678 4037 2730 4090 id
2761 4036 3008 4092 adfuerit.
3041 4039 3250 4093 Etenim
3291 4041 3451 4094 etiam
3500 4041 3604 4095 hoc

2025 4126 2153 4180 dicit
2185 4125 2248 4180 τι
2255 4142 2342 4196 pse
2365 4129 2551 4182 revelat
2571 4131 2829 4199 profunda
2856 4139 2901 4184 et
2921 4130 3233 4189 abscondita.
3287 4132 3403 4188 Non
3445 4134 3599 4202 dixit,

2022 4217 2229 4273 invenit
2256 4237 2268 4274 :
2298 4219 2413 4286 sed,
2448 4220 2650 4274 Itevelat
2694 4221 2812 4276 aliis
2837 4238 2954 4292 quae
2983 4224 3239 4293 profunda
3280 4225 3434 4282 nobis
3473 4236 3604 4280 sunt

2025 4317 2071 4363 et
2095 4310 2409 4376 abscondita,
2441 4327 2562 4381 quae
2591 4312 2747 4383 longo
2776 4323 3015 4384 tempore
3038 4314 3343 4382 dissociata,
3376 4333 3604 4388 quaeque

2023 4399 2226 4454 occulta
2248 4411 2419 4455 erant.
2447 4401 2764 4472 Cognoscens
2782 4420 2895 4474 qua:
2914 4404 2968 4457 in
2997 4404 3210 4459 tenebris
3247 4407 3530 4461 exsistunt:
3558 4417 3605 4462 et

2024 4491 2113 4544 tua:
2137 4507 2250 4544 cum
2274 4502 2442 4547 eoest.
2477 4493 2607 4549 Vide
2649 4495 2775 4564 quid
2816 4495 2976 4550 dicat.
3018 4498 3474 4564 Quemadmodum
3530 4500 3605 4555 ait

2025 4582 2186 4638 David
2220 4601 2233 4634 :
2263 4583 2409 4640 Sicut
2448 4587 2660 4640 tenebrw
2680 4588 2809 4658 ejus,
2835 4589 2906 4641 ita
2949 4597 2998 4642 et
3034 4589 3204 4642 lumen
3243 4590 3352 4659 ejus
3397 4588 3419 4661 (
3454 4589 3602 4645 PsaL

2025 4674 2146 4731 158.
2195 4673 2283 4748 2).
2337 4676 2750 4748 Magnitudinem
2797 4679 3114 4749 cognitionis
3162 4679 3448 4748 significat,
3503 4695 3599 4736 seu
3695 4751 3704 4760 .

2023 4766 2144 4836 quia
2170 4767 2296 4823 licet
2329 4769 2553 4823 obscura
2575 4768 2715 4836 sint,
2757 4769 2830 4823 illi
2860 4768 3018 4822 nulla:
3045 4777 3168 4823 sunt
3193 4770 3423 4824 tenebrae
3445 4811 3460 4836 ,
3509 4786 3604 4828 seu

2023 4860 2146 4930 quia
2175 4861 2287 4931 ipse
2317 4876 2501 4916 eorum
2533 4861 2710 4916 lumen
2743 4871 2843 4916 est.
2872 4861 3148 4928 Quomodo
3191 4863 3461 4932 cognoscit
3487 4881 3604 4933 quat:

2025 4952 2077 5008 in
2128 4953 2364 5008 tenebris
2401 4954 2745 5020 sunt?Quasi
2786 4954 2875 5022 qui
2922 4967 3102 5008 secum
3154 4954 3331 5010 lumen
3390 4956 3601 5012 haheat.

2027 5046 2151 5102 Cum
2172 5063 2230 5101 eo
2253 5059 2324 5102 est
2346 5063 2558 5117 semper.
2591 5050 2827 5105 Humano
2855 5049 3014 5102 modo
3046 5048 3296 5120 loquitur.
3350 5049 3497 5106 Sicut
3527 5052 3604 5105 ni-

2026 5138 2098 5193 hil
2124 5149 2206 5195 eSt
2232 5140 2572 5194 tenebrosum
2606 5139 2677 5192 illi
2707 5140 2794 5209 qui
2822 5139 3092 5195 lucernam
3120 5157 3397 5198 accensam
3422 5144 3602 5208 habet,

2029 5233 2100 5286 ita
2138 5247 2310 5302 neque
2336 5233 2476 5297 Deo;
2509 5232 2615 5286 imo
2641 5247 2786 5297 vero,
2813 5234 2991 5303 siquid
3011 5236 3236 5305 amplius
3265 5237 3366 5291 dici
3394 5244 3599 5304 potest:

2026 5343 2218 5396 nempe
2236 5327 2374 5381 sicut
2395 5328 2442 5382 ei
2464 5327 2554 5394 qui
2583 5328 2756 5381 lumen
2783 5325 2940 5382 habet
2959 5328 3009 5380 iu
3024 5328 3212 5392 oculis,
3230 5329 3344 5381 etei
3364 5327 3450 5394 qui
3472 5324 3599 5377 illud

2025 5435 2240 5491 semper
2252 5419 2575 5479 circumfert,
2597 5417 2707 5489 ipsa
2725 5420 2812 5472 lux
2833 5429 2934 5475 est.
2953 5419 3084 5482 Tibi,
3102 5418 3238 5471 Deus
3254 5426 3451 5485 patrum
3469 5431 3604 5467 meo-

2025 5533 2158 5581 rum,
2188 5514 2375 5582 inquit,
2395 5514 2654 5582 conﬁteor,
2675 5522 2720 5565 te
2736 5513 3041 5580 lando,qnia
3055 5509 3352 5577 sapientiam
3388 5517 3434 5559 et
3456 5507 3605 5560 intel-

2027 5609 2282 5679 ligentiam
2305 5606 2484 5660 dedisti
2513 5605 2654 5659 mihi.
2685 5605 2989 5673 Opportune
3009 5611 3214 5669 patrum
3232 5598 3316 5652 hic
3343 5599 3604 5663 meminit,

2029 5719 2124 5775 per
2151 5699 2272 5756 illos
2303 5700 2468 5756 Deum
2497 5700 2728 5766 flectere,
2753 5712 2815 5752 ac
2855 5694 3009 5752 veluti
3048 5689 3245 5759 pudore
3261 5691 3474 5752 allicere
3509 5707 3602 5749 cu-
