3952 6200
387 304 494 362 203

389 419 544 486 piens
573 437 586 474 :
620 415 1062 490 quemadmodum
1102 415 1146 468 si
1175 413 1292 484 quis
1323 414 1388 467 in.
1401 413 1713 468 memoriam
1751 412 1971 482 alicujus

385 511 528 564 acris
539 509 810 573 amatoris,
823 521 1032 561 amores
1048 504 1344 560 reduceret.
1361 502 1630 572 Conﬁteor,
1652 501 1836 572 inquit,
1851 517 1972 572 gra-

389 601 488 655 tius
501 615 619 669 ago,
637 610 683 654 et
701 597 872 664 laudo,
885 597 1002 668 quia
1021 596 1320 665 sapientiam
1335 604 1379 648 et
1395 593 1774 664 intelligentiam
1789 592 1972 647 dediin

388 690 532 742 mihi.
575 689 747 753 Quam
771 696 926 741 antea
963 685 1192 741 habebat
1228 686 1452 740 scilicet.
1481 682 1548 736 Et
1573 700 1706 737 nunc
1731 673 1849 737 nota
1888 687 1966 754 fe-

384 779 495 832 cisti
521 780 644 832 milii
667 794 778 852 qtae
805 778 1087 848 rogavimus
1112 787 1175 832 te.
1221 776 1520 832 Verisimile
1549 776 1756 836 videtur
1776 776 1968 830 Danie-

384 872 488 925 lem
517 872 674 925 etiam
709 871 810 924 alia
838 871 1072 940 petiisse,
1115 869 1249 924 adeo
1283 878 1341 923 ut
1366 868 1726 939 conjecturam
1759 883 1966 938 quoque

381 962 458 1015 illi
484 963 619 1016 Deus
645 963 908 1017 indicarit.
933 962 1022 1017 25.
1048 982 1066 1014 ‹
1095 962 1250 1030 Quia,
1281 981 1298 1014 ι
1336 963 1522 1032 inquit,
1553 980 1571 1013 ι
1599 964 1862 1017 somnium
1881 978 1965 1017 re-

378 1055 461 1123 gis
525 1056 872 1110 manifestasti
911 1057 1061 1110 mihi.
1110 1055 1201 1112 27L
1262 1057 1328 1110 Et
1367 1057 1544 1110 statim
1591 1056 1735 1111 venit
1781 1055 1963 1111 Daniel

379 1147 445 1200 ad
477 1147 761 1201 Ariochum
782 1189 796 1214 ,
842 1163 1001 1217 quem
1035 1148 1400 1214 constituerat,
1437 1167 1455 1200 ι
1495 1148 1698 1218 inquit,
1737 1166 1755 1198 ‹
1783 1163 1875 1200 rex
1906 1155 1964 1199 ut

382 1238 630 1304 perderet
657 1240 923 1308 sapientes
958 1239 1264 1310 Babylonis,
1309 1247 1362 1304 et
1400 1238 1530 1292 dixit
1571 1240 1620 1294 ei
1646 1257 1660 1294 :
1687 1239 1962 1308 Sapientes

378 1328 664 1398 Babylonis
690 1344 759 1382 ne
785 1329 1016 1398 perdas;
1049 1329 1294 1382 introduc
1323 1339 1500 1382 autem
1531 1345 1614 1382 me
1651 1330 1700 1384 in
1731 1315 1960 1399 conspe-

379 1430 523 1474 ctum
565 1421 726 1490 regis,
773 1431 826 1474 et
869 1421 1194 1474 annuntiabo
1248 1422 1356 1490 regi
1397 1409 1758 1489 conjecturam
1795 1421 1958 1473 visio-

379 1512 480 1566 nis.
520 1531 538 1564 ι
569 1511 817 1566 Cucurrit
841 1512 905 1566 ad
929 1529 1070 1580 eum,
1103 1522 1156 1566 et
1177 1513 1279 1566 ait:
1312 1513 1579 1583 Sapientes
1601 1512 1875 1582 Babylonis
1901 1531 1962 1568 ne

379 1605 583 1674 perdas.
632 1605 886 1671 Quisnam
921 1605 988 1659 de
1043 1605 1145 1660 illis
1191 1621 1368 1659 curam
1413 1605 1722 1660 habuisset?
1769 1605 1959 1675 ASpice

379 1695 650 1764 propheta:
682 1696 1061 1749 humanitatem
1107 1711 1168 1749 ac
1209 1696 1690 1750 mansuetudinem.
1738 1696 1843 1751 Sed
1867 1713 1960 1750 att-

377 1785 519 1838 ditus
546 1800 648 1839 non
688 1784 891 1848 fuisset,
935 1785 1035 1840 nisi
1063 1795 1114 1840 et
1154 1785 1280 1840 illud
1310 1786 1634 1840 addidisset:
1667 1805 1684 1837 ι
1711 1786 1958 1846 Introduc

375 1890 484 1940 me,
517 1894 534 1927 ι
572 1876 758 1944 inquit,
794 1894 812 1926 ί
839 1886 894 1930 et
922 1877 1246 1930 aununtiabo
1271 1877 1381 1946 regi
1408 1877 1769 1946 conjecturam
1798 1879 1958 1934 visio.

375 1966 477 2018 nis.
504 1965 594 2020 25.
615 1965 770 2020 Tunc
805 1966 1085 2030 Ariochus,
1121 1986 1140 2019 ι
1176 1968 1362 2038 inquit,
1399 1986 1417 2019 ι
1447 1968 1735 2023 introduxit
1762 1970 1954 2025 Danie—

375 2059 480 2112 lem
507 2058 556 2111 in
589 2058 926 2112 festinatione
957 2059 1008 2112 in
1051 2071 1392 2128 conspectum
1424 2060 1564 2130 regis
1592 2070 1645 2114 et
1673 2060 1841 2114 dixit:
1873 2061 1956 2115 ln-

371 2151 491 2204 veui
517 2151 692 2204 virum
721 2151 787 2205 de
815 2150 935 2204 filiis
972 2151 1291 2219 captivitatis
1320 2150 1538 2215 Judzeae,
1573 2151 1661 2220 qui
1683 2151 1953 2220 conjectu-

371 2259 484 2298 ram
515 2243 846 2298 anuuntiahit
873 2244 1005 2312 regi.
1039 2244 1112 2298 De
1163 2243 1288 2297 filiis
1328 2243 1665 2312 captivitatis,
1689 2262 1708 2296 ι
1761 2243 1949 2314 inquit,

377 2353 394 2386 ι
432 2334 605 2388 inveni
635 2334 826 2387 virum.
865 2352 884 2385 ι
919 2333 1031 2388 Non
1073 2333 1260 2403 puduit
1287 2329 1519 2404 generis'.
1559 2333 1660 2388 Ubi
1702 2335 1842 2388 enim
1871 2335 1952 2388 in-

369 2424 572 2479 cumbit
596 2425 886 2479 necessitas
911 2424 1098 2493 major,
1133 2424 1262 2478 nihil
1293 2425 1478 2478 horum
1508 2425 1827 2495 requiritur;
1855 2425 1948 2480 sed

372 2518 554 2581 fastus,
587 2515 676 2584 qui
715 2515 850 2570 solet
889 2515 1129 2568 comitari
1170 2515 1590 2584 prosperitatem,
1625 2525 1767 2571 totus
1805 2531 1950 2572 com-

368 2610 630 2678 primitur.
663 2609 760 2674 Qui
792 2608 933 2662 enim
959 2615 1200 2675 aagrotat,
1225 2606 1413 2678 medici
1449 2608 1778 2664 nobilitatem
1795 2624 1948 2662 num-

325 2689 332 2696 ’
366 2717 520 2768 quam
563 2701 768 2752 curiose
795 2698 1053 2767 inquii-et;
1095 2707 1149 2751 et
1189 2698 1294 2752 alio
1328 2698 1379 2752 in
1410 2699 1646 2768 periculo
1684 2701 1945 2755 exsistcns

366 2790 526 2843 homo
557 2805 660 2843 non
690 2798 893 2856 satagct
916 2803 981 2842 an
1011 2788 1220 2852 nobilis,
1251 2804 1316 2843 an
1343 2805 1470 2844 vero
1489 2789 1557 2845 de
1586 2790 1738 2859 plebe
1757 2792 1826 2846 sit
1854 2792 1944 2847 ille

363 2878 901 2950 quiemnapericulis
919 2880 986 2934 sit
1015 2889 1315 2948 erepturus,
1356 2880 1449 2935 sed
1482 2896 1648 2935 unttm
1672 2882 1945 2938 dumtaxat

361 2980 583 3042 qum-ret,
616 2970 866 3024 nimirum
895 2970 1282 3027 liberationem.
1317 2971 1445 3037 Quis
1481 2986 1586 3024 non
1629 2971 1828 3040 pudore
1859 2972 1941 3026 af-

361 3063 531 3117 fectus
583 3063 784 3130 fuisset,
827 3062 947 3133 quis
985 3077 1091 3117 non
1130 3063 1447 3129 erubuisset,
1493 3077 1717 3116 cernens
1754 3078 1942 3118 omnes

362 3154 545 3221 patria»
585 3170 697 3207 sua:
731 3155 1000 3223 sapientes
1043 3153 1290 3218 interﬁci,
1323 3153 1562 3222 captivos
1591 3169 1717 3208 vero
1746 3153 1936 3219 inflari,

359 3253 410 3296 et
438 3243 506 3297 de
529 3258 586 3298 se
607 3244 883 3314 magnifice
910 3245 1147 3300 sentire?
1185 3243 1548 3314 Nequaquam.
1579 3245 1780 3298 [lorum
1810 3245 1940 3298 nihil

360 3338 472 3404 ipse
499 3337 749 3405 cogitavit
779 3354 793 3389 :
826 3337 920 3391 sed
952 3336 1176 3391 festinus
1201 3344 1257 3392 et
1285 3337 1372 3390 ille
1402 3338 1624 3401 vocavit,
1661 3347 1713 3391 et
1741 3337 1828 3391 hic
1862 3338 1940 3390 in-

359 3427 664 3497 toi-rogavit,
697 3443 800 3482 non
829 3428 1055 3497 amplius
1084 3443 1204 3482 cum
1231 3427 1416 3482 eadem
1447 3429 1766 3497 arrogantia.
1799 3428 1939 3482 Post-

354 3533 514 3586 quam
555 3519 694 3572 enim
739 3533 830 3572 rex
875 3518 1149 3572 convictus
1191 3525 1273 3572 est
1316 3533 1411 3587 per
1436 3519 1844 3586 experientiam,
1881 3533 1938 3573 se

355 3609 610 3662 inutiliter
656 3625 719 3663 ae
758 3608 917 3663 stulta
951 3609 1280 3678 perquirere,
1326 3607 1451 3677 quid
1485 3608 1589 3662 ait?
1632 3608 1721 3662 26.
1758 3607 1820 3661 Et
1853 3625 1935 3662 re-

354 3701 556 3767 spondit
586 3717 674 3754 rex
695 3743 708 3765 ,
741 3711 788 3755 et
822 3701 950 3753 dixit
980 3699 1184 3752 Danieli
1203 3741 1218 3762 ,
1261 3700 1406 3768 cujus
1446 3714 1626 3752 nomen
1656 3697 1892 3752 Baltasar
1919 3715 1938 3752 :

356 3791 572 3848 Potesne
615 3791 736 3844 milii
780 3793 1069 3845 renuntiare
1107 3791 1353 3845 somnium
1381 3790 1513 3860 quod
1549 3790 1668 3852 vidi,
1693 3799 1739 3844 et
1763 3791 1935 3858 conje-

352 3895 546 3936 cturam
577 3885 685 3952 ejus
706 3885 732 3938 1’
759 3885 958 3954 Majore
979 3900 1098 3939 cum
1121 3884 1336 3938 lenitate
1357 3883 1587 3938 disserit.
1618 3882 1735 3937 Non
1758 3882 1922 3938 dixit:

353 3977 407 4030 Si
439 3991 544 4031 non
574 3976 826 4044 potueris,
855 3977 1040 4032 eadem
1067 3992 1186 4046 quae
1215 3976 1302 4029 alii
1349 3976 1584 4043 patieris.
1609 3975 1744 4042 Quid
1775 3976 1936 4046 igitur

354 4067 579 4121 Daniel?
606 4067 695 4121 27.
732 4085 750 4118 ‹
785 4067 853 4122 Et
876 4065 1150 4136 respondit
1177 4066 1362 4121 Daniel
1389 4081 1568 4120 coram
1600 4080 1744 4136 rege,
1773 4075 1828 4121 et
1854 4066 1936 4120 di-

351 4159 425 4211 xit
453 4176 466 4212 :
495 4158 825 4230 Mysterium,
863 4158 1001 4228 quod
1033 4173 1127 4212 rex
1153 4157 1427 4227 perquirit,
1466 4173 1570 4211 non
1606 4167 1688 4211 est
1717 4157 1932 4226 sapien-

351 4259 483 4313 tum,
514 4265 808 4319 magorum,
841 4250 1250 4315 incantatorum,
1279 4263 1378 4303 nec
1418 4249 1809 4303 Gazarenorum
1839 4263 1935 4317 po-

353 4349 515 4392 testas
540 4340 855 4392 aununtiarc
885 4339 995 4408 regi
1028 4356 1040 4390 :
1069 4337 1157 4392 28.
1187 4338 1280 4391 sed
1309 4346 1389 4391 est
1419 4338 1553 4392 Deus
1592 4338 1641 4390 in
1665 4337 1817 4403 caelo,
1841 4339 1931 4407 qui

351 4431 551 4484 revelat
577 4430 827 4497 mysteria
860 4447 872 4481 :
905 4440 958 4482 et
983 4440 1106 4482 nota
1144 4428 1266 4482 fecit
1293 4428 1402 4498 regi
1425 4428 1932 4484 Nabuchodonosori

352 4539 470 4591 qu:e
513 4529 755 4591 eporleat
803 4521 917 4575 fieri
961 4522 1009 4574 in
1047 4522 1350 4575 novissimis
1399 4521 1606 4578 diebus.
1644 4543 1662 4574 ι
1696 4523 1930 4578 Observa

352 4612 681 4682 prudentiam
719 4612 1007 4682 prophetae.
1034 4611 1302 4666 Nondixit
1333 4612 1532 4689 statim,
1572 4613 1794 4668 Possum
1833 4629 1932 4669 an.

352 4705 594 4757 imutiare
624 4703 716 4758 tibi
744 4720 756 4755 :
793 4702 887 4757 sed
913 4701 1054 4771 quod
1092 4711 1216 4755 ante
1244 4701 1420 4756 omnia
1449 4703 1726 4772 oportebat
1750 4719 1929 4774 regem

347 4795 506 4858 scire,
536 4792 587 4848 id
615 4792 763 4847 dicit.
791 4792 1110 4863 Mysterium,
1141 4793 1328 4863 inquit,
1356 4793 1491 4859 quod
1513 4810 1604 4848 rex
1629 4794 1924 4866 interrogat,

342 4885 613 4952 sapientes,
645 4883 799 4952 magi,
831 4883 1184 4948 incantatores,
1226 4882 1475 4937 Gazareni
1505 4894 1752 4951 nequeunt
1791 4885 1927 4938 indi-

343 4990 461 5027 care
487 4974 594 5043 regi
617 4988 635 5026 :
662 4983 732 5026 est
762 4973 898 5026 Deus
920 4975 972 5027 in
1003 4975 1124 5028 cwlo
1150 4975 1235 5043 qui
1273 4974 1456 5028 revelat
1496 4977 1752 5046 mysteria.
1785 4978 1929 5047 Apo-

346 5068 535 5136 logiam
565 5067 687 5120 facit
709 5081 803 5134 pro
826 5066 888 5120 iis
909 5067 997 5135 qui
1020 5067 1212 5136 injuste
1238 5069 1396 5123 occisi
1427 5068 1653 5132 fuerant,
1679 5077 1730 5122 et
1749 5078 1927 5123 osum-

343 5159 422 5210 dit
452 5173 556 5211 non
587 5172 645 5212 se
673 5172 792 5212 esse
828 5159 917 5226 qui
959 5174 1068 5212 rem
1104 5160 1350 5229 explicet.
1404 5159 1518 5214 Non
1563 5161 1700 5225 ideo,
1735 5161 1921 5230 inquit,

346 5251 453 5304 dixi
479 5248 615 5303 istud
640 5263 916 5318 magorum
944 5263 1048 5302 non
1077 5264 1216 5316 esse,
1246 5261 1304 5304 ut
1342 5267 1427 5304 me
1455 5251 1624 5319 ipsum
1669 5251 1775 5306 illis
1812 5252 1924 5305 cla-

343 5347 541 5394 riorem
573 5340 797 5394 facerem
824 5354 839 5403 ;
870 5339 963 5393 sed
993 5349 1048 5393 ut
1092 5339 1288 5407 discas,
1334 5341 1475 5410 quod
1517 5357 1686 5411 neque
1729 5355 1825 5411 ego
1870 5341 1924 5395 id

343 5431 637 5485 secundum
669 5431 949 5483 humanam
977 5439 1217 5483 naturam
1263 5430 1492 5499 profero.
1525 5432 1588 5484 At
1615 5442 1686 5484 est
1713 5429 1850 5484 Deus
1870 5435 1923 5484 in

344 5525 486 5577 caelo.
512 5523 625 5577 Non
657 5523 761 5578 illic
788 5523 951 5577 Deum
981 5523 1279 5589 concludit;
1308 5523 1400 5578 sed
1423 5533 1689 5594 tamquam
1713 5524 1778 5578 ad
1804 5525 1928 5586 bar-_

346 5617 528 5671 barum
557 5617 766 5671 interim
790 5616 1041 5685 loquitur,
1069 5631 1294 5685 eumque
1319 5631 1347 5669 a
1381 5625 1515 5670 terra
1538 5616 1750 5671 abducit
1773 5634 1787 5671 :
1815 5632 1919 5672 non

347 5707 479 5760 sicut
507 5707 578 5762 dii
608 5708 767 5764 vestri
803 5708 889 5778 qui
935 5708 1070 5763 circa
1105 5717 1299 5761 terram
1342 5707 1662 5761 volutantur.
1699 5707 1764 5761 Et
1803 5717 1920 5762 noti

1099 301 1155 358 S.
1195 299 1473 357 JOANNIS
1507 297 1983 356 CHRYSOSTOMI
2022 298 2340 356 ARClllEP.
2380 298 2914 359 CONSTANTINOP.

3521 312 3613 369 2M

2077 413 2194 482 fecit
2230 413 2335 483 regi
2379 413 2867 470 Nabuchodonosori
2905 432 3019 487 qua:
3044 420 3212 488 futura
3237 419 3331 474 sint
3363 422 3413 476 in
3449 425 3615 481 ultimis

2077 505 2396 574 temporibus.
2448 505 2596 573 Vide,
2643 521 2736 576 per
2779 508 3057 577 aenigmata
3098 509 3365 576 edisserit;
3395 521 3446 567 et
3472 522 3614 571 totam

2075 610 2343 650 summam
2371 597 2588 651 visionis
2614 597 2666 652 in
2705 599 2925 653 exordio
2954 600 3370 669 comprehendit,
3398 606 3619 674 regisque

2073 695 2304 740 mentem
2350 697 2574 755 recreat,
2613 687 2740 743 dum
2769 690 2898 743 nihil
2940 705 3119 759 grave,
3159 706 3325 761 neque
3363 695 3616 751 molestum

2073 775 2281 831 clfatur.
2318 794 2337 828 ι
2366 777 2645 833 Somnium
2684 788 2850 845 tuum,
2879 799 2896 831 ι
2926 781 3113 851 inquit,
3151 798 3170 832 ι
3197 791 3250 836 et
3291 782 3510 839 visiones
3545 802 3622 840 ca-

2072 871 2193 939 pilis
2226 871 2297 924 tui
2326 871 2378 925 in
2401 871 2559 925 cubili
2589 881 2678 925 tuo
2708 890 2721 924 :
2751 872 2853 927 hoc
2881 883 2964 927 est
2994 891 3007 927 :
3035 873 3125 928 29.
3159 874 3501 944 Cogitationes
3531 889 3621 933 tua:

2070 962 2122 1016 in
2151 962 2326 1017 cubile
2367 973 2509 1016 tuum
2555 964 2928 1029 ascenderunt,
2963 965 3086 1034 quid
3117 975 3357 1034 oporteat
3383 966 3491 1021 ﬁeri
3517 978 3623 1037 post

2071 1051 2204 1107 haec.
2233 1054 2294 1106 Et
2321 1055 2405 1122 qui
2430 1055 2629 1108 revelat
2650 1056 2920 1124 mysteria,
2946 1056 3193 1110 iudicavit
3221 1056 3312 1110 tibi
3340 1071 3456 1126 quae
3477 1073 3622 1126 Opor-

2069 1155 2172 1199 teat
2203 1146 2332 1200 fieri.
2377 1166 2396 1198 ι
2433 1146 2508 1200 Ex
2539 1147 2678 1217 vulgi
2709 1148 2958 1216 Opinione
2983 1149 3234 1218 loquitur,
3266 1149 3412 1217 quasi
3441 1155 3625 1204 somnia

2068 1254 2226 1307 super
2255 1248 2410 1307 caput
2436 1249 2575 1293 stent
2617 1239 2852 1310 (Homer.
2883 1238 2958 1296 Il.
3001 1239 3063 1293 Β.
3093 1240 3200 1310 20)
3226 1282 3241 1306 ,
3275 1255 3366 1295 seu
3399 1241 3532 1310 quod
3564 1241 3626 1295 ibi

2067 1331 2135 1384 sit
2159 1330 2504 1384 ratiocinandi
2543 1331 2641 1397 vis,
2688 1347 2782 1386 seu
2822 1347 2920 1402 per
2954 1342 3111 1402 caput
3153 1332 3394 1403 designat
3416 1334 3626 1388 oculos:

2065 1431 2122 1476 ut
2147 1423 2304 1487 dicat,
2330 1423 2409 1476 Tu
2435 1423 2705 1492 pnebuisti
2734 1438 2966 1477 causam.
3006 1423 3114 1478 Nec
3158 1424 3466 1493 simpliciter
3487 1425 3625 1490 dixit,

2068 1513 2206 1566 Deus
2233 1513 2326 1566 tibi
2370 1512 2748 1579 manifestavit,
2787 1514 2900 1579 sed,
2942 1514 3223 1584 Cogitabas
3249 1515 3374 1584 quid
3414 1514 3628 1570 futurum

2064 1613 2202 1657 esset
2225 1614 2345 1672 post
2369 1604 2502 1658 haec.
2527 1604 2657 1671 Quia
2682 1607 2820 1659 enim
2853 1605 3034 1660 orbem
3065 1614 3327 1660 terrarum
3355 1607 3626 1671 devicerat,

2063 1693 2342 1762 reputabat
2367 1708 2567 1760 secum,
2600 1710 2726 1748 num
2755 1694 2820 1748 ad
2861 1695 3056 1749 liberos
3097 1696 3208 1766 ipse
3243 1711 3461 1766 regnum
3502 1707 3632 1750 esset

2065 1784 2508 1847 transmissurus,
2545 1784 2658 1839 sive
2691 1800 2758 1837 an
2807 1786 3097 1840 moriturus
3133 1795 3297 1840 esset.
3350 1786 3477 1840 Nam
3511 1788 3630 1841 solet

2062 1874 2453 1942 quodammodo
2481 1876 2788 1945 magnitudo
2820 1876 3025 1946 imperii
3051 1877 3211 1931 etiam
3245 1893 3342 1933 nos
3371 1878 3560 1932 ducere
3584 1878 3629 1931 in

2059 1965 2378 2018 oblivionem
2411 1975 2632 2027 naturae,
2661 1965 2878 2034 etquod
2925 1967 3164 2022 mortalis
3206 1983 3270 2023 ea
3317 1969 3406 2022 sit.
3452 1968 3634 2022 Verisi-

2058 2054 2184 2107 mile
2215 2055 2370 2123 igitur
2396 2063 2480 2109 est
2507 2056 2679 2122 illum,
2712 2071 2830 2109 cum
2859 2057 3131 2113 incidisset
3157 2058 3210 2110 in
3235 2058 3448 2128 pelagus
3477 2067 3528 2113 et
3559 2059 3631 2112 in-

2059 2142 2262 2198 finitam
2292 2146 2683 2200 multitudinem
2712 2145 2919 2201 fortiter
2947 2163 3010 2202 ac
3039 2148 3298 2216 praeclare
3327 2166 3355 2202 a
3388 2163 3446 2203 se
3471 2157 3636 2219 gesto-

2055 2247 2196 2300 rum,
2225 2248 2328 2287 non
2368 2235 2652 2289 admodum
2699 2235 2990 2292 credidisse
3031 2239 3350 2292 moriturum
3397 2253 3514 2294 esse
3559 2253 3633 2292 se.

2057 2324 2198 2379 Idem
2230 2340 2437 2394 quoque
2463 2340 2652 2394 passus
2681 2334 2763 2380 est
2785 2327 2922 2380 alius
2953 2343 3044 2382 rex
3077 2327 3421 2399 (a).ldeoque
3457 2337 3510 2382 et
3531 2328 3633 2396 qui-

2053 2414 2174 2468 dam
2204 2414 2269 2468 ad
2297 2415 2468 2484 ipsum
2496 2415 2706 2470 dicebat
2735 2434 2747 2468 :
2795 2416 2870 2470 Tu
2904 2433 3020 2471 vero
3054 2419 3205 2474 homo
3263 2437 3336 2486 es,
3379 2437 3479 2474 non
3512 2420 3641 2474 Deus

2056 2505 2269 2577 (Ezech.
2307 2507 2396 2562 28.
2424 2507 2522 2578 2):
2562 2508 2627 2562 ad
2668 2509 2884 2580 Tyrium
2930 2527 3121 2582 nempe
3148 2511 3406 2582 loquens.
3438 2513 3504 2567 Et
3532 2512 3644 2568 vide

2051 2596 2317 2668 quomodo
2366 2598 2564 2668 absque
2610 2600 2825 2655 vulnere
2873 2601 3042 2670 ipsum
3101 2603 3475 2672 reprehendit.
3529 2603 3637 2657 Non

2051 2689 2190 2744 enim
2211 2688 2362 2751 dixit,
2395 2689 2507 2745 [loc
2532 2692 2828 2760 suspicatus
2863 2708 2921 2748 es
2954 2708 3016 2747 ac
3055 2696 3292 2763 sperasti
3319 2712 3335 2750 :
3366 2696 3482 2760 sed,
3517 2696 3642 2763 Quid

2047 2792 2239 2850 Oportet
2262 2782 2372 2850 ﬁeri
2412 2793 2520 2852 post
2559 2784 2707 2837 lure?
2732 2787 2833 2838 Ista
2868 2797 3046 2840 mente
3074 2789 3345 2857 agitabas,
3373 2805 3437 2843 ac
3478 2798 3638 2843 tecum

2051 2872 2335 2942 reputahas
2362 2889 2375 2926 :
2407 2872 2656 2942 quidnam
2699 2875 2897 2929 scilicet
2930 2879 3160 2932 futurum
3189 2888 3368 2935 esset.
3409 2877 3476 2933 In
3501 2878 3644 2932 cubili

2049 2973 2151 3018 tuo.
2183 2962 2315 3020 Cum
2345 2966 2518 3020 nullus
2543 2979 2687 3021 esset
2713 2968 2801 3036 qui
2829 2968 3173 3035 obturbaret,
3204 2972 3312 3026 sed
3355 2974 3566 3026 animus
3591 2971 3639 3024 in

2045 3057 2224 3127 quiete
2283 3067 2624 3123 versaretur;
2676 3060 2888 3129 quando
2939 3063 3204 3132 praecipue
3262 3065 3641 3136 cogitationum

2047 3152 2197 3206 turba
2237 3167 2333 3206 nos
2373 3152 2594 3218 invadit,
2644 3153 2821 3222 quiete
2865 3163 3021 3224 atque
3061 3157 3172 3210 otio
3225 3157 3482 3213 abutens.
3528 3156 3643 3211 Ideo

2044 3241 2224 3296 multis
2251 3257 2366 3297 mos
2391 3252 2472 3297 est
2506 3251 2715 3312 tempus
2744 3244 2873 3299 illud
2910 3246 2962 3299 in
2993 3246 3239 3302 oratione.
3273 3261 3600 3303 consumere
3626 3263 3640 3300 :

2043 3331 2164 3399 quia
2186 3332 2382 3386 scilicet
2411 3341 2534 3386 tunc
2554 3335 2760 3388 animus
2787 3336 3015 3402 otiatur;
3040 3346 3092 3390 et
3122 3353 3386 3408 magnum
3408 3339 3643 3408 capimus

2043 3422 2439 3488 detrimentum,
2466 3425 2509 3478 si
2551 3435 2674 3480 tunc
2713 3425 2914 3480 inertiae
2946 3444 3040 3482 nos
3081 3428 3426 3485 dederimus.
3475 3430 3536 3484 Et
3563 3431 3644 3500 qui

2041 3517 2226 3570 revelat
2256 3519 2508 3587 mysteria,
2539 3519 2778 3572 indicavit
2805 3520 2893 3572 tibi
2917 3537 3030 3589 qua:
3059 3532 3294 3591 Oporteat
3321 3525 3458 3592 fieri.
3493 3524 3643 3592 Aspi-

2042 3619 2124 3669 ce,
2157 3605 2346 3659 iterum
2370 3607 2481 3675 jam
2525 3607 2616 3662 Dei
2656 3610 2915 3663 meminit.
2944 3610 3052 3664 Nec
3090 3611 3141 3665 id
3187 3615 3516 3684 vulgariter.
3545 3614 3647 3669 Sed

2043 3697 2150 3750 illic
2184 3697 2398 3767 quidem
2440 3701 2514 3752 ait
2554 3717 2568 3749 :
2608 3718 2626 3750 ι
2657 3700 2754 3767 Qui
2793 3711 2872 3756 est
2923 3702 2973 3755 in
3020 3704 3183 3768 czelo;
3221 3725 3240 3756 ›
3294 3705 3389 3762 hic
3426 3714 3645 3761 autem:

2047 3805 2065 3837 ‹
2101 3789 2199 3852 Qui
2237 3788 2436 3842 revelat
2474 3791 2723 3861 mysteria
2753 3809 2772 3843 ι
2798 3792 2960 3848 30.Et
3001 3793 3131 3848 mihi
3174 3804 3369 3850 autem
3421 3813 3530 3851 non
3560 3810 3646 3851 sa-

2043 3879 2256 3946 pientia,
2279 3896 2397 3949 qua:
2417 3880 2475 3944 fit
2501 3882 2551 3934 in
2578 3897 2663 3936 me
2687 3898 2794 3951 pra:
2811 3883 3054 3938 omnibus
3081 3881 3417 3954 viventibus,
3447 3898 3652 3960 mystc-

2039 3967 2176 4021 rium
2220 3967 2319 4023 hoc
2353 3971 2646 4026 revelatum
2691 3981 2774 4027 est
2813 3990 2826 4026 :
2871 3972 2962 4027 sed
3013 3985 3070 4027 ut
3107 3976 3496 4044 conjecturam
3539 3977 3649 4047 regi

2041 4060 2288 4125 indicem,
2344 4071 2397 4116 et
2441 4069 2498 4116 ut
2544 4077 2834 4132 cognoscas
2870 4065 3217 4134 cogitatiiznes
3262 4069 3456 4122 cordis
3490 4071 3587 4122 tui.
3628 4086 3648 4119 ι

2039 4152 2265 4206 Tantum
2294 4167 2399 4208 non
2421 4153 2603 4208 dicens
2628 4171 2640 4207 :
2663 4154 2822 4224 Origo
2852 4155 3172 4210 inventionis
3199 4173 3314 4212 non
3344 4168 3434 4214 est
3465 4174 3495 4211 a
3521 4173 3644 4212 me:

2039 4243 2132 4300 sed
2164 4259 2334 4313 neque
2365 4244 2418 4297 in
2455 4259 2521 4298 eo
2551 4244 2665 4313 ipso
2690 4245 2830 4314 quod
2866 4261 2978 4300 rem
3033 4254 3227 4316 praeter
3263 4249 3415 4304 alios
3449 4249 3658 4304 didice-

2039 4334 2160 4398 rim,
2188 4335 2397 4389 caneris
2445 4335 2808 4404 praaferendus
2847 4351 2983 4391 sum.
3033 4338 3146 4392 Non
3189 4341 3344 4394 enim
3387 4343 3518 4410 quia
3567 4356 3656 4395 me

2037 4426 2332 4494 sapientem
2359 4441 2479 4480 esse
2516 4428 2748 4495 agnovit,
2787 4428 2839 4482 id
2870 4429 3011 4483 Deus
3044 4429 3181 4484 fecit.
3215 4429 3277 4485 Si
3309 4432 3469 4486 enim
3510 4441 3660 4502 post-

2035 4531 2192 4586 quam
2224 4517 2322 4570 ista
2362 4515 2584 4575 dixisset
2617 4517 2820 4584 Daniel,
2864 4519 3036 4588 ipsum
3085 4529 3140 4573 ut
3181 4521 3362 4575 Deum
3405 4521 3658 4576 adoravit

2034 4623 2165 4663 rex:
2194 4607 2317 4677 quid
2344 4611 2386 4664 si
2415 4607 2466 4663 id
2497 4610 2842 4677 proloquutus
2873 4628 2978 4665 non
3018 4612 3232 4666 fuisset?
3272 4614 3394 4669 Sed
3429 4625 3660 4685 promer

2036 4707 2106 4762 te,
2141 4698 2326 4767 inquit.
2370 4697 2448 4752 Tu
2493 4698 2623 4753 mihi
2667 4702 2867 4769 gratias
2909 4702 3105 4758 habere
3144 4719 3250 4757 non
3303 4705 3512 4770 debes,
3557 4705 3657 4760 sed

2034 4803 2132 4858 ego
2155 4787 2246 4843 tibi
2276 4806 2289 4841 :
2316 4797 2374 4843 ut
2402 4787 2542 4843 enim
2571 4798 2626 4844 tu
2650 4789 2994 4862 intelligeres,
3023 4808 3122 4862 ego
3149 4793 3345 4849 didici.
3377 4796 3570 4851 Cerne
3601 4803 3663 4849 ut

2033 4879 2179 4933 illum
2217 4879 2464 4944 conciliet
2510 4879 2641 4945 Deo,
2681 4890 2735 4935 et
2772 4890 2828 4936 ut
2871 4882 3103 4936 futurum
3133 4883 3274 4937 circa
3313 4901 3451 4940 eum
3487 4887 3663 4940 mira—

2032 4971 2229 5036 culum,
2261 4973 2418 5026 -item
2467 4986 2707 5027 amorem
2757 4973 3122 5028 vehementem
3165 4989 3297 5044 erga
3342 4992 3518 5042 eum,
3564 4991 3662 5045 per

2034 5064 2465 5132 anticipationem
2515 5065 2622 5119 Deo
2654 5065 2909 5134 assignet.
2958 5067 3056 5132 Qui
3082 5067 3222 5121 enim
3271 5068 3526 5123 edoctus
3553 5077 3659 5130 est,

2033 5154 2173 5224 quod
2207 5155 2348 5210 Deus
2369 5155 2420 5208 in
2451 5154 2704 5209 honorem
2735 5156 2897 5224 ipsius
2926 5157 2975 5210 id
3007 5159 3129 5227 egit,
3164 5158 3552 5225 proculdubio
3583 5158 3663 5213 illi

2030 5244 2340 5298 conciliatus
2364 5252 2463 5298 est.
2488 5244 2562 5298 Te
2583 5245 2767 5314 magis,
2793 5245 2980 5315 inquit,
3007 5245 3314 5311 honoravit,
3344 5263 3660 5316 quamme.

2033 5333 2194 5390 Vides
2232 5349 2390 5404 quam
2437 5334 2748 5390 ambitiosus
2786 5351 2891 5391 non
2929 5337 3000 5391 sit
3033 5337 3266 5406 juvenis,
3315 5349 3499 5410 utque
3550 5353 3661 5395 non

2094 5533 2168 5596 (a)
2179 5594 2189 5596 _
2201 5532 2476 5596 lthobalus
2495 5533 2737 5596 nimirum.
2753 5595 2763 5596 ί
2777 5534 3001 5583 ttemoria
3048 5533 3223 5584 labitur
3263 5535 3664 5596 Theodoretus.

2028 5593 2112 5654 qui
2136 5593 2194 5642 ad
2217 5601 2332 5656 nan.
2357 5594 2405 5655 2,
2417 5593 2500 5656 46,
2514 5594 3022 5644 Μὶνυοῖιοάοιιοδοτριη
3040 5597 3437 5656 interpretatur.
3460 5593 3668 5648 Rectius

2023 5655 2084 5724 ad
2105 5655 2276 5724 _|:zech.
2408 5655 2454 5724 2,
2475 5656 2867 5724 princi‘pem'tyri
2894 5658 3127 5724 agnoscit.
3148 5654 3331 5707 Amnis
3351 5671 3510 5710 error
3525 5659 3665 5724 apud

2029 5716 2296 5780 Origenem
2319 5717 2403 5767 lib.
2421 5716 2451 5766 4
2473 5716 2538 5766 de
2563 5716 2823 5779 Principiis,
2843 5716 2946 5781 capi
2972 5719 3019 5767 2.
