4104 6214
432 326 550 383 905

442 444 530 499 Σὺ
573 445 874 512 ,βασιλεὺς
923 444 1209 515 ἐθεώρεις,
1257 449 1356 502 καί
1416 447 1545 503 ἰδοὺ
1602 447 1779 502 εἰκὼν
1817 447 1948 518 μία,
1982 447 2022 515 ή

441 532 621 588 εἰκὼν
676 532 878 600 ἐκείνη
926 533 1186 604 μεγάλη,
1233 534 1332 588 καὶ
1381 536 1419 605 ἡ
1489 537 1789 605 πρόσοψις
1832 533 2024 602 αὐτῆς

444 620 786 692 ὑπερφερὴς
831 618 1073 675 ἑστῶσα
1109 621 1223 691 πρὸ
1267 621 1609 691 προσώπου¹
1640 637 1779 688 σου,
1833 621 1933 676 καί
1985 623 2024 691 ἠ

375 752 379 756 .
444 708 656 776 ὅρασις
673 708 863 779 αὐτῆς
885 710 1123 781 φοϐερά.
1144 710 1338 767 Είκὼν
1355 708 1433 782 ἧς
1453 713 1492 781 ή
1519 712 1751 782 περαίη
1765 711 2024 782 χρυσίου

443 797 736 867 καθαροῦ’
796 803 856 855 al
900 800 1093 869 χεῖρες
1118 800 1310 871 αὐτῆς
1349 800 1448 856 καί
1476 802 1543 856 τὸ
1574 800 1797 870 στῆθος
1831 802 1935 855 καί
1970 803 2024 855 οἰ

436 886 767 956 βραχίονες
790 889 981 958 αὐτῆς
1012 889 1297 959 άρτυροὶπ
1331 891 1373 959 ἡ
1397 890 1596 945 κοιλία
1616 889 1808 960 αὐτῆς
1840 888 1940 944 καί
1972 891 2025 944 oi

436 973 623 1043 μηροί
646 976 900 1045 χαλκοῖ·
941 979 1003 1032 αἰ
1024 976 1247 1047 κνῆμαι
1264 976 1508 1047 σιδηραῖ
1525 993 1538 1007 ’
1570 979 1625 1033 οί
1646 977 1828 1044 πόδες
1843 977 2027 1049 μέρος

437 1059 555 1131 μέν
596 1078 655 1117 τι
687 1063 1006 1133 σιδηροῦν,
1044 1064 1227 1136 μέρος
1254 1064 1323 1120 δέ
1354 1083 1411 1121 τι
1443 1065 1821 1135 όστρὰκινον.
1882 1065 2027 1138 Ὅρα

443 1148 606 1214 ποίας
647 1149 825 1221 ὂψεως
871 1151 1079 1224 ὴξιώθη
1112 1151 1599 1225 Ναϐουχοδονόσορ.
1656 1153 1874 1227 Ἐπειδή
1917 1153 2027 1226 γὰρ

443 1234 669 1308 ιμελλεν
708 1239 789 1303 εἰς
834 1238 962 1311 ἐθνη
990 1240 1052 1294 τὸ
1095 1241 1356 1312 κήρυγμα
1396 1241 1742 1309 διαδίδοσθαι,
1788 1258 2028 1314 προανα-
2062 1234 2069 1239 ”

444 1324 702 1396 κρούεται
726 1327 884 1381 τοῦτο
907 1327 1114 1383 άνωθεν
1159 1328 1259 1400 τὴν
1298 1328 1517 1400 ἐθνικὴν
1548 1328 1844 1401 παράδοσιν
1865 1347 1882 1363 ·
1928 1331 2027 1386 καὶ

442 1414 504 1467 ἐν
529 1412 716 1485 ἐθνικῇ
745 1414 903 1469 τοῦτο
926 1416 1139 1488 ὁρᾶται,
1171 1417 1265 1471 τοῦ
1296 1404 1426 1472 ναοῦ
1468 1418 1878 1485 καταλυθέντος,
1916 1420 2026 1476 τῶν

442 1502 683 1574 νομικῶν
715 1504 1095 1575 ἀνῃρημένων.
1137 1505 1283 1576 Πλὴν
1312 1506 1399 1561 διά
1440 1502 1703 1578 Ἐϐραίων
1728 1509 2027 1581 ἑρμηνεύε-

442 1607 553 1646 ται.
583 1591 647 1644 Εἰ
676 1590 786 1662 γάρ
810 1592 999 1655 καὶείς
1028 1591 1274 1658 ἐθνικοὺς
1293 1593 1483 1664 ἔμελλε
1516 1594 1860 1663 διαδίδοσθαι,
1886 1596 2026 1652 ἀλλὰ

441 1676 531 1731 διὰ
574 1677 839 1749 Ἐϐραίων
866 1666 1096 1750 ἀνδρῶν,
1128 1679 1235 1733 τῶν
1258 1682 1588 1737 ἀποστόλων.
1604 1682 1776 1737 Τοῦτο
1796 1667 1901 1739 καὶ
1932 1685 2026 1739 ἐπὶ

440 1765 542 1820 τοῦ
590 1765 892 1837 Κορνηλίου
934 1767 1150 1836 γέγονε.
1198 1769 1574 1840 Προλαμϐάνει
1623 1772 1694 1825 τά
1733 1771 1882 1845 ἔθνη,
1930 1775 2026 1828 καὶ

447 1855 548 1910 δῦκ
575 1854 876 1909 ἀκολουθεῖ.
899 1856 1056 1913 Οὖτω
1085 1858 1180 1912 καὶ
1202 1859 1438 1914 ἐνταῦθα
1470 1861 1571 1932 τὴν
1597 1860 1782 1916 εἰκόνα
1809 1863 2025 1934 πρῶτος

444 1938 583 1997 εἶδεν
615 1942 646 1995 6
670 1942 1158 2018 Ναϐουχοδονόσορ,
1195 1946 1296 2018 τὴν
1331 1947 1389 2001 δὲ
1430 1948 1633 2017 γνῶσιν
1673 1950 1887 2021 πρῶτος
1916 1947 2025 2005 εἶδε

442 2028 657 2100 Δανιήλ.
690 2030 800 2084 Καὶ
816 2031 883 2085 ἵν’
907 2033 1054 2105 εἰδῇς
1090 2035 1171 2088 ὅτι
1212 2036 1308 2088 καὶ
1346 2036 1554 2105 πρῶτοι
1596 2037 1693 2092 καὶ
1719 2037 1935 2110 ὕστεροι
1974 2041 2024 2095 οἰ

452 2116 715 2172 Ἰουδαῖοι·
740 2118 947 2191 πρῶτοι
967 2120 1036 2175 τά
1066 2121 1246 2191 ἀγαθά
1278 2121 1643 2190 ἐλαϐον,ἀλλά
1673 2125 1775 2179 οὐκ
1805 2126 2026 2197 ᾔδεισαν

439 2205 577 2275 ὅπερ
605 2203 817 2271 ἔλαϐον,
856 2207 943 2264 ἵνα
975 2208 1089 2263 ἴσον
1113 2208 1356 2281 γένηται.
1401 2209 1556 2264 Οὕτω
1590 2212 1755 2266 κάκεῖ
1791 2212 1899 2284 πρὸ
1929 2212 2022 2268 τοῦ

444 2292 817 2367 βαπτίσματος
861 2296 1275 2369 κατηξιώθησαν
1332 2298 1671 2369 Πνεύματος.
1721 2299 1877 2355 Οῦτω
1927 2300 2025 2357 καὶ

440 2379 534 2435 ἐπὶ
597 2380 848 2454 Ἀϐραὰμ
894 2382 1086 2455 πρώτη
1130 2386 1164 2457 ἠ
1205 2385 1414 2456 πληθὺς
1454 2385 1637 2458 ἐκείνη
1675 2387 1784 2443 τῶν
1831 2388 2021 2457 ἐθνῶν,

440 2467 643 2541 ὑστέρα
667 2469 725 2523 δὲ
753 2472 785 2540 ἡ
817 2473 1089 2544 περιτομή
1114 2490 1129 2506 ο
1174 2473 1312 2527 ἀλλὰ
1338 2474 1427 2528 διά
1462 2475 1759 2545 περιτομῆς
1784 2476 1819 2547 η
1848 2492 2025 2546 σωτη-

440 2556 555 2628 ρία.
586 2551 756 2612 Εἶπον
783 2559 956 2613 ταῦτα
999 2561 1260 2632 μυριάκις
1312 2562 1363 2615 οἰ
1413 2565 1689 2635 προφῆται
1727 2565 1841 2627 τοῖς
1889 2564 2021 2616 Ἰου-

438 2642 629 2708 δαίοις,
662 2645 759 2699 καὶ
802 2648 851 2700 εἰ
899 2646 974 2720 μὴ
1018 2647 1187 2719 πολλὴ
1219 2648 1351 2719 παρ’
1395 2649 1526 2719 ύμῖν
1570 2651 1606 2721 ἡ
1658 2650 1875 2716 νωθεία,
1921 2650 2024 2705 κᾶν

438 2729 767 2802 ἐξεκάλυψα,
793 2733 896 2787 ποῦ
926 2733 1022 2787 καὶ
1053 2734 1203 2789 πότε.
1246 2735 1467 2808 Ἐπειδὴ
1496 2736 1555 2791 66
1602 2737 1665 2790 06
1711 2739 2020 2809 προσεῖχον,

441 2819 758 2891 μεταϐαίνει
800 2822 882 2885 εἰς
916 2821 985 2875 τά
1025 2821 1151 2891 ἔθνη
1196 2823 1404 2877 λοιπόν.
1468 2823 1780 2889 Ἀκούοντες
1823 2826 2020 2879 ἐκεῖνοι

435 2906 641 2962 τούτων
666 2908 776 2963 τῶν
806 2910 1090 2982 ῥημάτων,
1115 2912 1422 2967 κατέπτυω
1441 2929 1456 2943 ο
1488 2914 1518 2967 6
1552 2912 1761 2978 ἐθνικὸς
1782 2913 2025 2979 ἀκούσας

438 2997 865 3069 προσεκύνησεν.
918 3000 1061 3071 Ὅρα
1091 3001 1185 3054 καί
1216 3000 1282 3053 τά
1331 3001 1425 3055 ἐπὶ
1458 3001 1694 3073 Χριστοῦ
1732 3002 2023 3058 διατυπού-

440 3101 598 3155 μενα.
673 3087 736 3141 Ἡ
782 3089 1071 3153 Χανανῖτις
1114 3091 1439 3162 προσκυνεῖο
1496 3083 1639 3144 οὗτοι
1689 3091 1751 3144 ού
1807 3091 2022 3146 ποιοῦσι

434 3173 615 3238 τοῦτο,
656 3175 771 3229 ἀλλ’
822 3176 1155 3232 ἐλαύνουσιν.
1207 3178 1364 3232 Οῦτω
1416 3179 1510 3232 καί
1551 3178 1782 3233 ἐνταῦθα
1824 3180 2020 3234 ἐκεῖνοι

436 3262 637 3335 ἔδησαν
650 3264 742 3318 τὸν
772 3266 1064 3337 Ἱερεμίαν,
1095 3260 1253 3331 οὗτος
1285 3268 1662 3339 προσεκύνησε
1684 3269 1774 3323 τὸν
1799 3270 2016 3344 Δανιήλ.

437 3350 609 3404 Πάλιν
666 3352 904 3407 Ἰουδαῖοι
958 3357 1085 3419 τοὺς
1125 3355 1457 3419 ἀποστόλους
1502 3356 1919 3422 ἀπελαύνουσιν,
1969 3360 2019 3413 οἰ

439 3438 697 3510 ’Έλληνες
754 3439 1024 3509 λέγουσιν,
1073 3442 1153 3494 ὅτι
1209 3445 1274 3496 Οἱ
1326 3443 1448 3497 θεοί
1487 3444 1828 3512 κατέϐησαν
1872 3446 2024 3516 πρὸς

432 3528 613 3599 ἡμᾶς.
661 3530 830 3584 Ὅταν
879 3531 989 3603 γάρ
1031 3532 1064 3603 ἡ
1113 3531 1292 3604 κρίσις
1319 3534 1491 3605 χωρὶς
1521 3533 1729 3598 πάθους
1780 3534 2019 3607 γίνηται,

434 3616 730 3684 ἀδίκαστός
780 3619 901 3673 ἐστι
974 3621 1071 3674 καὶ
1125 3620 1364 3693 καθαρά.
1435 3621 1602 3693 Ὁρᾷς
1643 3623 1770 3687 τοὺς
1817 3624 2022 3690 τύπους

433 3703 780 3777 λάμπονταςς
809 3708 900 3761 Ἐν
924 3707 1296 3763 Βαϐυλῶνιτά
1323 3708 1453 3781 περὶ
1478 3707 1716 3779 Χριστοῦ
1740 3710 2018 3777 ἀκούεται,

434 3793 530 3847 καὶ
568 3794 845 3868 ἀκροατὴς
889 3798 919 3851 6
966 3795 1242 3869 βάρϐαρος
1268 3796 1498 3865 γίνεται,
1537 3796 1622 3851 ἵνα
1650 3797 1826 3869 μάθῃς
1851 3799 1933 3853 ὅτι
1956 3801 2017 3854 o6

437 3879 598 3950 μόνον
622 3881 845 3949 ἐθνικοὶ,
870 3883 1008 3937 ἀλλὰ
1040 3885 1137 3938 καὶ
1175 3883 1441 3955 βάρϐαροι
1464 3882 1638 3938 ταῦτα
1676 3884 2018 3953 ἀκούσονται,

433 3969 622 4043 ὥσπερ
641 3971 791 4047 [215]
806 3975 835 4027 6
855 3974 1067 4039 Παῦλός
1082 3991 1236 4045 φησι·
1284 3973 1626 4044 Ὀφειλέτης
1650 3974 1768 4045 εἰμί
1787 3977 2021 4046 εὐαγγε-

429 4061 723 4117 λίσασθαι
760 4063 1021 4132 Ἕλλησί
1059 4080 1125 4117 τε
1162 4062 1262 4117 καὶ
1295 4062 1637 4132 βαρϐάροις.
1674 4063 1780 4118 Καὶ
1823 4064 1908 4118 ἵνα
1943 4065 2017 4138 μὴ

431 4148 703 4221 ἁπογνῷς,
734 4149 833 4215 τὰς
853 4151 1073 4216 ἐλπίδας
1095 4151 1486 4206 ύποτυποῦται.
1505 4151 1572 4204 Τί
1587 4152 1695 4225 γάρ
1710 4153 1809 4207 οὐκ
1832 4148 1900 4224 ἦν
1917 4152 2018 4207 κώ-

431 4234 607 4307 λυμας
651 4238 709 4291 '0
733 4238 903 4307 τῦφος
935 4241 964 4293 6
995 4239 1290 4310 βασιλικὸς,
1326 4240 1361 4311 ἡ
1390 4238 1551 4308 φύσις
1576 4240 1715 4312 αὑτὴ
1743 4242 1775 4312 ἡ
1812 4241 2016 4313 βαρϐα-

436 4325 584 4395 ρικὴ,
609 4324 671 4377 τὸ
700 4324 915 4389 εὐτελὲς
953 4326 1048 4379 τοῦ
1083 4326 1332 4397 λέγοντος
1349 4343 1364 4358 °
1397 4327 1741 4397 αἰχμάλωτος
1763 4329 1872 4401 γάρ
1899 4324 1969 4401 ἦν
1993 4346 2012 4363 ο

432 4412 466 4479 ἡ
494 4409 677 4480 ἡλικία
699 4427 714 4442 θ
742 4410 861 4475 νέος
882 4413 990 4484 γάρ
1017 4429 1028 4443 ’
1058 4413 1120 4467 τὸ
1139 4414 1235 4484 τῆς
1252 4413 1548 4485 θρησκείας
1572 4414 1868 4488 ἀλλότριον.
1900 4418 2016 4472 Ούκ

432 4493 837 4564 εἷπεν,Ἐδεισε
865 4499 1103 4571 προϊδεῖν
1155 4500 1223 4554 τὰ
1257 4500 1346 4565 σὰ,
1373 4502 1470 4572 τὴν
1513 4503 1889 4573 αἰχμαλωσίαν
1915 4507 2013 4577 τῆς

432 4585 677 4650 πόλεως’
731 4588 917 4641 ἐκεῖνα
963 4587 1260 4657 ἠγνόησας,
1312 4588 1408 4641 καὶ
1458 4590 1634 4643 ταῦτα
1692 4593 2007 4664 προλέγεις;

435 4674 614 4744 ’Ἃπερ
668 4668 929 4743 λέγουσιν’
963 4675 1011 4729 οἰ
1059 4675 1408 4746 ἀγνώμονες·
1464 4676 1572 4731 ἔδει
1637 4678 1729 4732 τὸν
1777 4681 2011 4751 Χριστὸν

432 4761 733 4833 ἀναστῆσαι
760 4763 970 4817 ἐαυτόν.
1003 4762 1146 4839 Αὐτὸ
1182 4764 1243 4817 τὸ
1267 4763 1560 4835 λεγόμενον
1590 4766 1883 4832 κατάλυσις
1910 4769 2011 4840 τῆς

434 4848 707 4918 βασιλείας
753 4850 918 4905 αὑτοῦ
974 4846 1062 4923 ἦν,
1117 4851 1211 4905 καὶ
1263 4850 1364 4921 τῆς
1417 4853 1742 4924 οἰκουμένης
1794 4856 2011 4928 ἁπάσης

433 4939 731 4994 συντέλεια.
767 4941 877 4994 Καὶ
909 4940 1198 4995 ἐπίστευσε
1229 4941 1723 5015 Ναϐουχοδονόσορ.
1778 4941 1856 4998 Οὐ
1902 4946 2009 5016 769

431 5026 519 5092 ἂν,
570 5028 619 5080 εἰ
668 5027 742 5099 μὴ
791 5029 1129 5094 ἐπίστευσεν,
1165 5030 1324 5084 ἔθυσε
1361 5029 1440 5102 τῷ
1490 5031 1707 5104 Δανιήλ.
1757 5034 2007 5089 Πιστεύει

429 5114 915 5188 Ναϐουχοδονόσορ,
942 5118 1086 5181 τινὲς
1108 5119 1165 5172 66
1202 5118 1490 5173 ἀπιστοῦσι
1521 5118 1696 5173 τοῦτο.
1722 5120 1820 5174 Διά
1846 5121 2008 5177 τοῦτο

431 5204 622 5260 πολλαί
644 5205 975 5276 προρρήσεις
1002 5208 1259 5276 ἐγίνοντο.
1298 5210 1361 5263 Εἰ
1410 5209 1484 5281 μὴ
1512 5209 1756 5276 ἐγένοντο
1778 5211 2001 5274 ἐκεῖναι,

431 5293 567 5366 μηδὲ
607 5290 833 5357 ταύταις
864 5293 1105 5349 πίστευε.
1152 5295 1270 5351 Ἷνα
1298 5296 1354 5350 66
1398 5297 1471 5368 μὴ
1503 5298 1594 5351 ἐπὶ
1626 5297 1785 5352 πλέον
1819 5298 2003 5369 ἀσαφῆ

429 5381 566 5436 ποιῶ
604 5382 695 5437 τὸν
749 5381 926 5451 λόγον,
963 5381 1097 5454 φέρε
1143 5383 1332 5436 τοῦτον
1381 5385 1510 5455 ὑμῖν
1556 5385 2002 5457 ἑρμηνεύσωμεν.

427 5471 598 5526 Πέντε
626 5466 766 5526 εἶδεν
797 5470 950 5534 ὕλας,
976 5471 1196 5542 χρυσὸν,
1222 5472 1482 5543 ἄργυρον,
1517 5473 1733 5544 χαλκὸν,
1764 5474 2001 5544 σίδηρον,

428 5560 710 5631 ὄστρακον.
738 5554 872 5614 Εῐτα
893 5559 1057 5613 εἰκὼν
1082 5560 1233 5612 πᾶσι
1256 5561 1283 5613 6
1304 5561 1492 5630 χρόνος
1515 5562 1647 5625 ἐστὶ,
1677 5562 1770 5615 καὶ
1808 5563 1840 5632 ἡ
1876 5564 2003 5615 61:0-

427 5649 612 5702 λουθία
649 5650 742 5704 τοῦ
773 5651 985 5720 χρόνου.
1022 5649 1132 5703 Καὶ
1165 5649 1341 5713 καλῶς
1368 5645 1542 5714 εἶπεν,
1584 5649 1780 5705 Εἰκών.
1822 5652 2002 5704 Εἰκόνι

426 5735 536 5808 γὰρ
563 5738 701 5793 ἐοικε
756 5740 824 5795 τά
870 5740 1131 5812 ἡμέτερα,
1179 5740 1344 5796 εἰκόνι
1400 5739 1611 5811 ἀψύχῳ.
1665 5740 1768 5794 Καὶ
1822 5740 2001 5805 καλῶς

1119 329 1180 386 S.
1220 329 1512 387 JOANNIS
1545 326 2034 386 CIIBYSOSTOMI
2076 327 2392 386 ARCHIEP.
2432 328 2985 388 CONSTANTINOP.

3601 324 3707 378 200

2130 445 2294 501 εἰκὼν
2348 446 2458 501 ἀπὸ
2508 447 2732 519 χρυσοῦ.
2786 449 3055 521 Καθάπερ
3101 447 3211 521 769
3251 450 3281 504 6
3329 448 3555 523 χρυσὸς,
3603 448 3704 503 κᾶν

2127 532 2379 605 λαμπρὸς
2433 531 2490 608 ᾗ,
2550 536 2658 590 ἀπὸ
2708 535 2811 607 γῆς
2849 538 3031 603 ἐστιν,
3072 537 3215 591 οὕτω
3247 538 3343 591 καὶ
3395 539 3429 607 ἠ
3471 535 3632 606 φύσις
3667 539 3701 607 ἡ

2125 621 2393 693 ἡμετέρα,
2416 623 2510 676 καὶ
2540 622 2610 677 τά
2639 627 2959 697 πράγματα.
2988 627 3099 681 Καὶ
3121 626 3222 697 ὅρα
3260 627 3344 681 ὅτι
3372 625 3518 690 κόνις
3554 625 3701 694 γίνες

2125 725 2238 771 ται,
2263 709 2403 780 ὅπερ
2425 704 2494 782 ἦν
2527 711 2863 787 πρὸιτούτου.
2901 713 3096 767 Καίτοι
3127 712 3286 768 τοῦτο
3318 712 3464 776 λίθος
3510 713 3612 767 ούκ
3636 712 3704 767 ἂν

2127 795 2441 867 ἐργάσαιτο.
2487 797 2783 871 Συντρίψαι
2822 799 2923 871 μὲν
2964 798 3185 854 δύναται
3217 800 3386 866 λίθος,
3428 800 3615 854 ούσίαν
3645 799 3703 853 66

2130 882 2455 953 μεταϐαλεῖν
2488 886 2551 939 ού
2592 884 2835 943 δύναται.
2872 886 3034 941 Ἀλλά
3073 887 3231 941 τοῦτο
3268 887 3511 956 γέγονεν.
3551 882 3703 950 Εἶδες

2123 970 2187 1024 τὸ
2216 973 2514 1045 μυστήριον
2535 974 2635 1042 τῆς
2655 964 3023 1041 ἀναστάσεως.
3042 976 3152 1029 Καὶ
3174 976 3284 1047 γὰρ
3303 975 3412 1031 τῶν
3433 973 3702 1046 σωμάτων

2126 1060 2258 1132 ἡμῖν
2279 1064 2543 1134 πρότερον
2570 1063 3041 1136 στοιχειωθέντων,
3070 1065 3163 1119 καὶ
3192 1064 3326 1135 πρὸς
3351 1062 3450 1135 τὴν
3469 1061 3704 1136 ἀρχαίαν

2126 1147 2527 1204 ἐπανελθόντων
2573 1150 2754 1220 φύσιν,
2810 1150 2909 1224 τὴν
2952 1151 3059 1222 γῆν
3094 1150 3259 1220 λέγω,
3280 1152 3407 1206 τότε
3453 1152 3489 1222 ι)
3528 1149 3703 1221 φθορά

2125 1235 2524 1309 ἐπεισέρχεται.
2566 1238 2751 1293 Ταῦτα
2780 1238 2840 1293 δὲ
2874 1239 3054 1295 πάντα
3081 1239 3111 1293 6
3146 1239 3294 1305 λίθος
3325 1243 3487 1295 ποιεῖ.
3541 1240 3705 1292 Ὥστε

2126 1324 2256 1381 ὅταν
2277 1326 2395 1400 ἴδῃς
2417 1327 2517 1400 τὴν
2544 1329 2728 1382 εἰκόνα
2757 1332 2823 1382 ὲκ
2852 1328 3123 1402 διαφόρων
3151 1329 3513 1402 συγκειμένην
3539 1328 3701 1396 ὑλῶν,

2127 1414 2221 1468 καὶ
2252 1414 2353 1486 τὴν
2389 1415 2487 1487 μὲν
2516 1415 2757 1488 κεφαλὴν
2798 1416 2969 1487 αὐτῆς
3015 1416 3297 1489 λαμπρὰν,
3330 1415 3391 1470 τὸ
3411 1415 3469 1470 δὲ
3508 1416 3704 1488 στῆθος

2126 1501 2473 1574 φαυλότερον,
2517 1504 2613 1558 καὶ
2652 1505 2754 1576 τὴν
2791 1505 3038 1576 γαστέρα
3088 1503 3440 1576 ἀτιμοτέραν,
3477 1504 3575 1558 καὶ
3602 1504 3702 1569 τάς

2125 1591 2340 1663 κνήμας
2366 1590 2771 1664 εὐτελεστέρας,
2796 1592 2893 1664 τὴν
2928 1584 3192 1664 διαφοράν
3219 1591 3423 1662 ταύτην
3446 1592 3576 1663 περὶ
3602 1592 3704 1662 τὴν

2125 1677 2247 1748 δψιν
2281 1679 2487 1750 νόμιζε.
2529 1680 2674 1744 Μιᾶς
2702 1679 2812 1752 γάρ
2834 1679 3021 1754 ούσίας
3048 1680 3117 1734 τὰ
3140 1679 3320 1734 πάντα
3337 1697 3351 1711 ⁶
3377 1682 3472 1733 καὶ
3497 1696 3703 1750 9.69:0-

2126 1768 2212 1837 ρεῖ
2228 1765 2290 1819 τὸ
2317 1765 2487 1833 τέλος,
2532 1768 2610 1830 εἰς
2648 1766 2794 1821 κόνιν
2843 1767 3058 1822 ἅπαντα
3116 1766 3350 1822 διαλύον.
3405 1767 3479 1820 06
3531 1764 3703 1839 μικρά

2088 1881 2096 1890 ·
2125 1851 2263 1924 αὕτη
2295 1853 2598 1925 φιλοσοφία.
2641 1854 2922 1926 Ἐννόησον
2959 1854 3069 1926 769
3096 1854 3195 1924 τὴν
3229 1853 3543 1925 φιλοσοφίαν
3566 1855 3699 1908 ταύ-

2122 1957 2223 2012 την
2272 1941 2369 1995 καὶ
2418 1940 2527 1995 ἀπὸ
2571 1941 2681 1995 τῶν
2713 1943 2998 2015 παρόντων
3037 1942 3399 2014 πραγμάτων,
3454 1941 3565 1996 ἀπὸ
3603 1942 3700 1996 τοῦ

2123 2027 2452 2101 κρατοῦντος
2473 2029 2801 2100 καταγαγὼν
2823 2030 2914 2085 τὸν
2936 2030 3305 2101 βασιλεύοντα,
3325 2029 3417 2083 τὸν
3433 2028 3699 2101 ὕπαρχον,

2122 2115 2213 2170 τὸν
2237 2117 2354 2187 μετ’
2370 2118 2596 2183 ἐκεῖνον,
2620 2117 2710 2172 τὸν
2726 2117 2946 2189 χαλκὸν,
2964 2119 3089 2182 τοὺς
3112 2116 3251 2189 μετά
3263 2116 3436 2171 ταῦτα
3447 2115 3704 2188 ὀστρακί-

2123 2218 2268 2268 νους,
2319 2203 2587 2275 σιδηροῦς.
2635 2204 2773 2259 Ἀλλ’
2802 2205 2896 2259 ἐάν
2943 2207 3023 2270 εἰς
3062 2205 3161 2278 τὴν
3204 2204 3361 2278 σορὸν
3381 2204 3559 2277 ἔλθῃς,
3597 2204 3703 2258 κᾶν

2126 2290 2382 2362 μυριάκις
2399 2292 2559 2346 κάκεῖ
2572 2292 2862 2363 βιάζωνται
2880 2292 3122 2365 λάρνακα
3140 2292 3346 2364 χρυσῆν
3361 2291 3706 2347 κατασκευά-

2124 2377 2327 2444 ζοντες,
2362 2380 2483 2452 ὄψει
2517 2380 2616 2454 τὴν
2656 2381 2818 2451 φύσιν
2861 2383 3051 2454 αὑτήν.
3105 2367 3273 2437 Πάλιν
3304 2382 3416 2437 νόει
3480 2399 3571 2453 μοι
3608 2382 3703 2436 τὸν

2124 2467 2396 2532 πλούσιον,
2435 2468 2525 2523 τὸν
2554 2468 2795 2540 δέσμιον,
2822 2471 3031 2523 ἐκεῖνον
3065 2468 3173 2533 τὸν,
3185 2468 3461 2533 πλούσιον,
3484 2469 3578 2523 τὸν
3604 2469 3704 2523 πέ-

2122 2573 2260 2627 νητα
2295 2556 2455 2629 μέχρι
2500 2556 2593 2611 τοῦ
2640 2556 2931 2629 ὀστράκου,
2982 2559 3078 2612 καὶ
3129 2557 3256 2628 ὕψει
3305 2557 3484 2611 πάντα
3528 2557 3701 2612 κόνιν.

2135 2642 2271 2696 Ἀλλ’
2299 2644 2424 2716 ὅρα.
2463 2645 2537 2699 Οὐ
2565 2644 2829 2717 πρότερον
2854 2645 3027 2718 ἐφάνη
3056 2646 3232 2700 πάντα
3251 2646 3399 2709 κόνις
3417 2644 3568 2710 ὂντα,
3596 2644 3701 2708 ἕως

2121 2733 2152 2786 6
2185 2730 2331 2796 λίθος
2355 2732 2674 2787 κατέπεσεν.
2718 2731 3018 2803 Ἐθεώρεις
3051 2732 3164 2799 ἕως
3195 2730 3505 2802 ἀπετμήθη
3529 2732 3703 2798 λίθος

2092 2818 2242 2876 ’ἀπὸ
2270 2821 2377 2876 τοῦ
2415 2820 2595 2891 ὄρους
2639 2820 2786 2907 ἄνευ
2826 2822 3074 2891 χειρῶν,
3120 2821 3221 2876 καὶ
3263 2820 3525 2885 ἐπάταξε
3582 2818 3702 2889 τὴν

2122 2910 2344 2974 εἰκόνα,
2371 2910 2469 2964 καί
2493 2909 2634 2976 τοὺς
2653 2908 2843 2976 πόδας
2866 2908 3008 2976 τοὺς
3037 2907 3323 2978 σιδηροῦς
3358 2907 3463 2962 καί
3488 2910 3704 2977 ὀστρα-

2124 2998 2352 3063 κίνους,
2416 2998 2517 3052 καὶ
2564 2997 2898 3052 ἑλέπτυνεν
2933 2996 3157 3062 αὐτοὺς
3185 2999 3279 3066 ,εἰς
3307 2995 3500 3063 τέλος.
3563 2999 3704 3051 Τότε

2122 3071 2454 3152 ἐλεατῦνθη
2490 3087 2578 3151 εἰς
2606 3075 2769 3150 ἅπαξ
2794 3082 2862 3138 τὸ
2901 3084 3219 3153 ὄστρακον,
3268 3085 3301 3138 ό
3353 3083 3620 3153 σίδηρος,
3665 3087 3705 3139 ό

2124 3172 2352 3240 χαλκὸς
2373 3183 2422 3238 ι,
2466 3172 2565 3224 καί
2589 3172 2869 3242 ἐγένοντο
2897 3172 3037 3226 ὡσεί
3078 3169 3558 3244 [214]κονιορτὸς
3580 3173 3700 3227 ά.τὸ

2124 3263 2356 3330 ἅλωνος
2396 3261 2639 3332 θερινῆς
2682 3279 2698 3293 ο
2750 3261 2852 3316 καί
2895 3261 3113 3331 ἐξῆρεν
3150 3261 3306 3317 αὐτὰ
3352 3263 3416 3316 τὸ
3465 3262 3711 3332 πλῆθος.

2122 3350 2230 3405 τοῦ
2259 3351 2621 3421 πνεύματος,
2644 3348 2745 3405 καὶ
2773 3352 2958 3418 τόπος
2985 3351 3097 3418 οὐχ
3122 3348 3333 3420 εὑρέθη
3362 3349 3587 3417 αὐτοῖς.
3622 3351 3704 3405 06

2120 3441 2229 3512 γάρ
2256 3439 2524 3512 πρότερον
2562 3439 2737 3510 ἐφάνη
2757 3438 2864 3492 τῶν
2892 3438 3232 3509 πραγμάτων
3268 3439 3303 3511 ἡ
3329 3437 3510 3508 φύσις,
3536 3439 3642 3504 ἕως
3671 3443 3704 3495 6

2119 3529 2271 3600 ἥλιος
2310 3528 2412 3600 τῆς
2460 3527 2803 3599 δικαιοσύνης
2851 3526 3146 3591 ἀνέτειλεν,
3185 3526 3268 3581 ὅτι
3311 3529 3342 3582 6
3389 3528 3591 3599 χρυσὸς
3635 3529 3701 3583 06
3742 3603 3755 3607 ᾗ

2119 3616 2341 3688 χρυσός.
2390 3618 2530 3690 Ὅρα
2580 3617 2637 3672 66
2669 3618 2764 3672 καὶ⁹
2802 3617 2862 3672 ἐν
2899 3616 3048 3688 αύτῷ
3088 3615 3264 3690 τούτῳ
3318 3617 3379 3671 ού
3424 3618 3561 3689 μετά
3598 3622 3705 3691 τὴν

2122 3704 2432 3777 συντριϐὴν,
2469 3705 2584 3759 ἀλλ’
2616 3705 2700 3759 έτι
2741 3705 2990 3760 ἑστώτων
3029 3706 3230 3772 αὐτῶν,
3261 3706 3412 3760 οὐδὲν
3446 3706 3502 3760 δὲ
3538 3707 3701 3762 τοῦτο

2119 3793 2329 3847 ἐκείνου
2384 3793 2706 3865 τιμιώτερον
2739 3793 2819 3849 ὅν.
2863 3793 3010 3863 Ὅρα
3060 3795 3156 3848 καὶ
3197 3796 3265 3866 τῇ
3295 3794 3438 3864 ὄψει,
3482 3795 3577 3848 καί⁵
3618 3795 3702 3866 τῷ

2120 3880 2315 3953 χρόνῳ,
2368 3881 2465 3935 καὶ
2504 3884 2572 3954 τῇ
2606 3882 2851 3954 ποιότητι
2879 3880 3054 3936 ταῦτα
3080 3881 3303 3949 ἐκείνων
3346 3881 3560 3953 βελτίω.
3597 3883 3703 3937 Διά

2119 3969 2228 4041 γὰρ
2248 3968 2404 4024 τοῦτο
2427 3969 2523 4024 καὶ
2558 3970 2778 4042 χρυσίον
2816 3968 2924 4023 ἀπὸ
2949 3970 3055 4040 γῆς
3082 3972 3338 4042 ἐποίησεν
3361 3971 3391 4024 6
3423 3970 3576 4034 Θεὸς,
3607 3970 3699 4025 ἵνα

2122 4058 2284 4130 μηδὲν
2309 4058 2453 4131 μέγα
2485 4059 2614 4132 περί
2641 4058 2806 4113 αὐτοῦ
2851 4058 3183 4131 φαντασθῇης.
3232 4057 3390 4123 Τίνος
3421 4058 3477 4112 66
3509 4058 3699 4114 ἕνεκεν

2116 4148 2214 4217 τὴν
2236 4146 2401 4201 αὐτοῦ
2425 4146 2699 4218 βασιλείαν
2724 4146 2880 4200 καλεῖ
2900 4146 3128 4217 χρυσῆν,
3149 4145 3247 4217 τὴν
3266 4146 3325 4200 66
3346 4146 3455 4201 τῶν
3468 4146 3700 4217 Περσῶν

2116 4237 2381 4307 ἀργυρᾶν,
2419 4235 2516 4290 καὶ
2546 4234 2644 4307 τὴν
2684 4234 2792 4288 τῶν
2829 4233 3157 4290 Μακεδόνων
3193 4234 3421 4306 χαλκῆν,
3466 4236 3563 4289 καὶ
3594 4235 3699 4309 τὴν

2114 4325 2222 4378 τῶν
2257 4324 2543 4394 Ῥωμαίων
2562 4324 2789 4396 σιδηρᾶν
2810 4322 2905 4377 καὶ
2927 4322 3289 4398 όστρακίνην;
3327 4324 3467 4395 Ὅρα
3494 4324 3700 4378 καταλ-

2114 4412 2307 4484 λήλους
2341 4413 2439 4477 τὰς
2476 4410 2627 4475 ὕλας.
2675 4413 2735 4467 '0
2768 4410 2876 4483 769
2914 4412 3113 4484 χρυσὸς
3152 4411 3385 4466 πλούτου
3431 4412 3527 4483 μέν
3574 4413 3696 4467 ἐστι

2074 4542 2079 4546 .
2115 4500 2466 4572 ἐμφαντικὸν,
2497 4500 2721 4564 ἀσθενὲς
2749 4500 2829 4564 δὲ,
2858 4500 2955 4554 καὶ
2994 4499 3133 4571 πρὸς
3174 4499 3394 4571 ἀπάτην
3425 4502 3518 4554 καὶ
3556 4501 3698 4573 πρὸς

2114 4590 2318 4661 κόσμον
2350 4589 2548 4660 μᾶλλον
2573 4589 2668 4643 καὶ
2693 4588 3003 4660 φιλοτιμίαν
3040 4589 3361 4660 ἐπιτήδειος.
3413 4590 3571 4644 Οὕτω
3595 4591 3694 4644 καὶ

2113 4678 2294 4749 ἐκείνη
2328 4680 2364 4748 η
2389 4676 2633 4748 βασιλεία
2661 4679 2695 4748 ή
2723 4675 2818 4730 τοῦ
2850 4676 3146 4748 βαρϐάρου.
3191 4676 3333 4731 Πολὺ
3382 4681 3513 4749 παρ’
3544 4678 3696 4748 αὐτῷ

2111 4767 2172 4820 τὸ
2208 4767 2427 4838 χρυσίον
2460 4756 2547 4838 ἦν’
2575 4767 2670 4820 καὶ
2706 4767 2820 4829 τοῖς
2855 4764 3170 4837 βαρϐάροις,
3211 4767 3399 4839 ἐπειδὴ
3439 4768 3533 4822 καὶ
3572 4770 3699 4821 ἐκεῖ

2110 4856 2357 4925 λέγονται
2389 4852 2525 4911 εἶναι
2569 4855 2690 4910 ὕλαι
2732 4855 3071 4927 μεταλλικαί.
3112 4857 3220 4911 Καὶ
3253 4856 3362 4929 γὰρ
3398 4856 3547 4929 παρά
3580 4857 3695 4911 τῶν

2110 4946 2298 5018 Σήρων
2326 4945 2493 5009 πολὺς
2523 4947 2552 5000 6
2579 4943 2829 5011 πλοῦτος,
2864 4944 2976 4999 ἀλλ’
3016 4942 3307 5016 ἄχρηστος.
3350 4945 3604 5019 Κεφαλὴν
3632 4945 3693 4999 δὲ

2109 5034 2316 5105 ἐπέχει,
2342 5032 2529 5106 ἐπειδὴ
2553 5033 2745 5106 πρώτη
2771 5034 2964 5105 ἐφάνη.
2992 5033 3057 5086 Ἦ
3079 5032 3135 5086 δὲ
3155 5032 3378 5105 Περσῶν
3398 5034 3495 5102 οὐχ
3516 5032 3692 5097 οὕτως

2108 5123 2361 5194 εὔπορος,
2383 5122 2571 5195 ὥσπερ
2595 5119 2688 5178 οὖν
2716 5122 2836 5176 0666
2860 5121 3186 5176 Μακεδόνων
3202 5137 3217 5152 ⁸
3246 5123 3279 5193 ἡ
3300 5121 3357 5175 δὲ
3402 5122 3691 5192 Ῥωμαίων
3732 5110 3738 5129 ξ

2109 5212 2502 5283 χρησιμωτέρα
2542 5227 2603 5264 τε
2642 5210 2739 5263 καὶ
2799 5211 3142 5281 ἰσχυροτέρα,
3191 5208 3394 5281 ὑστέρα
3434 5209 3533 5278 μὲν
3574 5211 3690 5273 τοῖς

2108 5299 2341 5370 χρόνοις,
2371 5299 2451 5353 διὸ
2472 5299 2565 5352 καὶ
2604 5298 2781 5352 ποδῶν
2809 5297 2963 5362 τάξιν
2991 5296 3197 5368 ἐπέχει.
3230 5297 3389 5350 Ἔστι
3420 5296 3478 5349 δὲ
3514 5296 3689 5365 αὐτῆς

2105 5386 2175 5440 :6
2210 5388 2306 5457 μὲν
2335 5386 2554 5458 ἀσθενῆ,
2584 5387 2652 5440 τά
2683 5385 2740 5440 δέ
2777 5385 3115 5457 ἰσχυρότερα.
3160 5385 3384 5439 Τοιοῦτο
3424 5385 3487 5437 τὸ
3528 5383 3689 5437 ἀλλό-

2108 5492 2262 5529 κοτον
2290 5475 2396 5528 τῶν
2431 5474 2749 5549 ἀνθρώπων.
2790 5475 2899 5529 Καὶ
2932 5473 3080 5529 ὅταν
3112 5470 3454 5542 πληθυιοθῆ,
3496 5471 3686 5542 φησὶν,

2106 5564 2146 5633 ἡ
2191 5556 2429 5634 ἀνομία,
2490 5563 2831 5635 ψυγήσεται
2880 5565 2920 5633 η
2972 5562 3172 5632 ἀγάπη
3236 5560 3356 5616 τῶν
3410 5559 3685 5617 πολιῶν.

2167 5741 2196 5773 ι
2225 5738 2285 5792 '0
2307 5740 2496 5805 χαλκός.
2511 5739 2805 5791 Addendum
2819 5740 2847 5789 6
2867 5738 3085 5803 ἄργυρος»
3103 5740 3130 5787 ὅ
3147 5737 3337 5802 χρυσός·
