4038 6204
289 295 396 350 205

283 418 407 465 ante
433 423 736 464 sermonem
768 408 1119 479 aggrediatur,
1143 423 1300 478 quam
1337 424 1512 479 regem
1533 409 1812 466 abduxerit
1840 427 1870 466 a

286 516 473 570 magna
503 515 660 568 quam
688 500 754 555 dc
781 500 894 569 ipso
915 499 1111 555 habere
1139 499 1400 570 potuisset
1426 501 1712 571 opinione?
1730 503 1871 568 Quo-

284 592 442 646 modo
465 591 623 660 igitur
652 591 876 660 gloriam
905 600 1185 648 venaretur
1225 590 1430 657 Daniel,
1463 592 1551 659 qui
1581 593 1741 648 etiam
1770 593 1869 649 da-

286 691 392 735 tam
421 681 672 751 repellit?
698 682 765 736 Et
791 697 900 737 non
933 680 1066 737 dixit
1093 699 1107 737 :
1136 682 1394 748 Quoniam
1421 682 1588 737 Deum
1623 698 1868 750 veneror,

280 775 535 844 quoniam
569 775 640 828 illi
664 775 789 844 plus
807 789 966 844 quam
1004 775 1185 830 caueri
1211 775 1411 841 se’rvio,
1449 774 1580 830 mihi
1615 775 1869 832 revelatio

281 869 418 920 facta
446 877 534 923 est
563 884 578 921 :
607 866 724 929 sed.
752 865 823 922 Ut
850 875 908 921 tu
935 866 1173 922 disceres
1201 865 1340 937 quod
1369 866 1708 923 utilissimum
1733 876 1865 924 erat.

280 959 415 1013 Illud
443 960 612 1025 enim,
639 960 800 1014 etiam
841 959 956 1029 ipso
982 974 1086 1014 non
1114 959 1342 1024 dicente,
1371 960 1424 1014 in
1461 969 1692 1016 mentem
1719 961 1870 1016 audi-

279 1063 454 1110 torum
470 1055 690 1108 veniret.
715 1054 804 1109 3|.
830 1071 849 1106 ι
874 1053 949 1108 Τιι
973 1069 1064 1108 rex
1083 1052 1317 1120 videbas,
1333 1062 1386 1109 et
1397 1068 1524 1109 ecce
1545 1054 1718 1122 imago
1737 1069 1862 1121 una,

278 1147 454 1217 imago
470 1145 560 1202 illa
581 1160 792 1217 magna,
810 1155 864 1202 et
879 1154 1123 1216 aspectus
1148 1146 1290 1200 illius
1312 1146 1554 1202 sublimis
1569 1157 1718 1202 stans
1733 1157 1858 1202 ante

277 1240 469 1295 faciem
488 1249 654 1306 tuam,
672 1249 726 1298 et
746 1240 967 1296 intuitus
993 1240 1110 1310 ejus
1131 1239 1396 1297 terribilis.
1413 1239 1500 1296 52.
1517 1240 1696 1312 imago
1716 1241 1865 1311 cujus

276 1343 436 1405 caput
459 1349 529 1390 ex
564 1348 698 1390 auro
724 1350 893 1405 puro;
925 1349 1116 1389 manus
1157 1335 1321 1404 ipsius
1347 1343 1404 1390 et
1439 1342 1626 1405 pectus
1658 1345 1707 1390 et
1739 1334 1864 1390 bra-

274 1425 397 1480 chia
425 1424 546 1496 ejus
569 1434 853 1496 argentea;
884 1433 1072 1481 venter
1097 1425 1238 1480 illius
1268 1434 1323 1480 et
1345 1424 1547 1480 femora
1572 1439 1710 1480 aerea
1732 1444 1745 1491 ;
1771 1427 1859 1480 '55.

277 1518 422 1574 tibia:
462 1517 688 1583 ferrem;
714 1517 911 1589 pedes,
961 1531 1086 1586 pars
1129 1516 1343 1587 quidem
1379 1515 1622 1586 quardam
1666 1515 1859 1583 ferrea,

275 1625 397 1680 pars
412 1617 596 1665 autem
611 1608 852 1680 quaedam
877 1616 1125 1665 testacea.
1158 1626 1178 1660 ι
1217 1607 1351 1664 Vide
1370 1607 1514 1678 quali
1544 1607 1747 1663 visione
1775 1607 1860 1660 di-

274 1711 468 1771 gnatus
497 1698 658 1756 fuerit
697 1698 1208 1756 Nabuchodonosor.
1250 1697 1690 1768 Quandoquidem
1717 1698 1860 1753 enim

275 1793 326 1845 in
347 1799 538 1862 gentes
561 1785 826 1862 evangelii
852 1791 1172 1862 praeconium
1198 1789 1550 1860 spargendum
1569 1798 1704 1857 erat,
1724 1789 1862 1845 visio

274 1884 445 1938 multo
481 1893 608 1940 ante
634 1883 884 1954 gentilem
927 1883 1266 1938 traditionem
1298 1880 1533 1949 inhibet;
1565 1890 1620 1937 et
1645 1881 1696 1936 in
1721 1889 1858 1936 terra

273 1976 460 2046 gentili
508 1977 774 2032 somnium
821 1975 1063 2043 videtur,
1110 1975 1306 2044 templo
1338 1989 1564 2040 everso,
1603 1974 1860 2047 legalibus

273 2067 520 2120 sublatis.
560 2066 937 2122 Verumtamen
983 2082 1076 2136 per
1110 2066 1362 2121 chrzeos
1397 2066 1711 2136 explicatur.
1745 2066 1860 2124 Etsi

271 2159 416 2212 enim
441 2159 494 2212 in
523 2160 745 2229 gentiles
773 2158 1226 2214 disseminandum
1258 2167 1399 2214 esset
1416 2157 1774 2229 evangelium,
1800 2166 1859 2213 at

275 2265 370 2317 per
397 2249 650 2305 Hebraeos
674 2249 838 2316 viros,
866 2265 1058 2319 nempe
1076 2251 1365 2320 apostolos,
1393 2251 1444 2304 id
1466 2249 1698 2306 futurum
1721 2260 1855 2306 erat.

276 2339 390 2394 [loc
415 2349 470 2394 et
508 2341 560 2394 in
608 2339 859 2396 Cornelio
887 2341 1125 2410 contigit.
1172 2341 1486 2396 Praecedunt
1511 2350 1716 2412 gentes.
1748 2357 1856 2396 non

269 2439 456 2486 autem
507 2443 818 2502 sequuntur.
867 2433 941 2487 ita
980 2444 1033 2489 et
1073 2433 1158 2489 hic
1193 2435 1474 2505 imaginem
1505 2437 1706 2506 primus
1731 2437 1859 2493 vidit

265 2523 785 2589 Nabuchodonosor,
834 2526 1072 2581 notitiam
1116 2543 1242 2582 vero
1284 2529 1488 2598 primus
1527 2529 1726 2599 accepit
1759 2531 1859 2583 Da-

266 2617 402 2672 niel.
437 2617 506 2672 Et
539 2625 598 2672 ut
632 2631 926 2688 cognoscas
966 2619 1106 2690 quod
1143 2629 1199 2675 et
1244 2620 1401 2690 primi
1447 2628 1503 2676 et
1535 2623 1858 2691 posteriores

262 2718 398 2764 sunt
424 2708 596 2766 Judaei
627 2728 642 2765 :
671 2711 827 2780 primi
867 2712 1062 2782 quippe
1096 2701 1234 2768 bona
1259 2723 1592 2783 acceperant,
1624 2713 1718 2770 sed
1757 2731 1856 2771 ne-

262 2801 514 2856 sciebant
536 2801 662 2871 quid
690 2805 1039 2872 accepissent,
1074 2813 1131 2860 ut
1161 2821 1254 2874 par
1290 2807 1538 2877 utrinque
1581 2806 1751 2863 ﬁeret.
1779 2807 1855 2862 lta

263 2905 319 2947 et
349 2893 460 2948 illic
488 2905 612 2948 ante
638 2895 955 2965 baptismum
982 2896 1182 2966 Spiritu
1211 2897 1412 2967 dignati
1437 2909 1579 2954 sunt.
1607 2899 1696 2955 Sic
1724 2911 1779 2955 et
1805 2887 1870 2956 in‘

264 2985 584 3039 Abrahamo
623 2987 791 3055 prima
829 2986 926 3042 fuit
960 2988 1046 3043 illa
1078 2989 1364 3045 multitudo
1389 2991 1644 3061 gentium,
1674 3001 1856 3063 poste-

264 3077 388 3131 rior
407 3091 540 3131 vero
566 3077 896 3133 circumcisio
927 3096 940 3133 :
969 3079 1062 3134 sed
1085 3095 1180 3149 per
1203 3081 1662 3138 circumcisionem
1693 3084 1856 3139 salus.

266 3170 404 3225 ﬂa-e
426 3170 616 3227 millies
641 3171 914 3241 propheta:
951 3173 1150 3228 Judaeis
1182 3174 1447 3240 dixerunt,
1471 3186 1524 3231 et
1555 3176 1656 3231 nisi
1694 3179 1857 3232 multa

263 3261 416 3334 apud
447 3276 546 3316 vos
569 3271 713 3318 esset
737 3264 976 3331 tarditas,
1004 3265 1161 3319 etiam
1196 3265 1282 3319 ubi
1310 3276 1362 3320 et
1387 3267 1597 3337 quando
1617 3270 1858 3337 aperuis-

265 3369 414 3407 sem.
463 3353 750 3424 Postquam
795 3365 973 3409 autem
1022 3372 1126 3410 non
1171 3358 1532 3424 attenderunt,
1571 3360 1760 3414 transit
1793 3358 1859 3414 ad

265 3457 461 3515 gentes
488 3447 759 3517 deinceps.
787 3447 910 3503 Haec
932 3449 1088 3503 verba
1119 3449 1285 3504 Judaei
1314 3452 1608 3513 audientes,
1633 3451 1861 3522 despue-

267 3539 409 3593 bant
447 3555 461 3590 :
502 3538 716 3608 gentilis
750 3554 871 3592 cum
910 3540 1178 3605 audisset,
1221 3539 1477 3595 adoravit.
1519 3541 1750 3597 Advorte
1796 3556 1860 3597 ea

264 3630 439 3685 etiam
463 3645 580 3698 quae
607 3628 706 3683 sub
742 3628 953 3685 Christo
978 3631 1312 3701 contigerunt
1338 3631 1563 3686 describi
1605 3647 1698 3701 per
1725 3620 1888 3701 ligo?

266 3737 390 3776 ras.
415 3720 716 3776 Chananaaa
752 3720 936 3776 adorat
964 3737 979 3774 :
1005 3720 1174 3777 Judaei
1207 3733 1408 3786 contra,
1455 3723 1731 3777 Dominum
1760 3721 1864 3778 sci-

267 3815 403 3868 licet
425 3813 720 3882 expellunt.
756 3812 833 3868 lta
862 3822 916 3869 et
939 3812 1026 3869 hic
1057 3813 1224 3869 Judaei
1251 3812 1534 3869 Jeremiatn
1572 3814 1624 3867 in
1655 3815 1861 3869 vincula

264 3907 677 3976 conjecerunt:
734 3906 1225 3963 Nabuchodonosor
1277 3905 1515 3961 adoravit
1567 3907 1858 3962 Danieletn.

270 4001 488 4054 Rursus
538 3999 704 4055 Judaei
748 4001 1019 4069 apostolos
1054 4000 1307 4070 ejiciunt:
1349 4000 1519 4055 Gneei
1568 4010 1742 4054 autem
1782 4000 1862 4054 di-

266 4103 405 4146 eimt
426 4091 536 4144 :Dii
558 4092 920 4146 descenderunt
940 4092 1007 4144 ad
1028 4108 1117 4146 nos
1143 4093 1278 4162 (Act.
1314 4093 1398 4146 ll.
1433 4092 1538 4163 10).
1563 4092 1696 4145 Cum
1718 4094 1859 4148 enim

269 4185 535 4239 'udicium
564 4185 678 4239 sine
707 4184 898 4240 affectu
921 4186 1106 4251 fertur,
1140 4188 1498 4254 incorruptum
1531 4195 1630 4249 est,
1665 4201 1727 4240 ac
1748 4187 1860 4240 sin-

267 4293 488 4333 cerum.
527 4277 684 4331 Vides
715 4287 868 4348 typos
901 4280 1217 4332 coruscare?
1258 4278 1312 4330 lu
1347 4277 1616 4348 Babylone
1641 4293 1758 4344 qua:
1795 4277 1859 4330 ad

271 4370 555 4425 Christum
587 4378 830 4438 spectant
851 4370 1152 4435 audiuntur,
1186 4381 1238 4426 et
1266 4371 1522 4425 barbarus
1546 4370 1755 4424 auditor
1782 4371 1858 4437 lit,

270 4476 328 4517 ut
365 4462 628 4532 intelligas
663 4480 765 4517 non
796 4462 956 4518 modo
988 4464 1231 4534 gentiles,
1270 4463 1362 4518 sed
1401 4473 1454 4518 et
1482 4463 1735 4519 barbaros
1763 4464 1862 4518 ista

269 4571 400 4610 esse
437 4556 734 4621 audituros,
779 4555 1227 4627 quemadmodum
1272 4556 1464 4611 Paulus
1502 4557 1576 4611 ait
1614 4575 1626 4611 :
1660 4557 1863 4611 Debitor

272 4665 392 4700 sum
410 4657 464 4698 ut
492 4647 801 4716 euangelium
830 4647 1096 4716 prwdican
1124 4645 1314 4700 Graxis
1342 4663 1401 4700 ac
1429 4647 1652 4700 barbaris
1683 4647 1858 4715 (Rom.

277 4741 328 4794 Ι.
362 4741 474 4808 ﬂ).
531 4740 595 4793 Et
632 4755 698 4794 ne
739 4739 1020 4810 desperes,
1079 4755 1227 4810 spem
1267 4739 1495 4793 delineat
1533 4754 1596 4794 ac
1629 4739 1859 4810 subjicit.

273 4833 428 4896 Quod
473 4831 616 4884 enim
667 4830 851 4886 aberat
896 4830 1370 4901 impedimentum?
1418 4831 1606 4885 Fastus
1647 4832 1858 4902 regalis,

279 4924 490 4977 indoles
532 4923 644 4992 ipsa
686 4923 979 4989 barbarica,
1016 4923 1284 4992 loquentis
1325 4922 1532 4988 vilitas;
1561 4932 1676 4978 erat
1719 4923 1862 4977 enim

277 5019 556 5084 captivus;
591 5025 719 5067 aetas
754 5031 768 5067 :
803 5023 918 5069 erat
946 5013 1188 5084 juvenis;
1229 5013 1414 5083 religio
1451 5013 1643 5068 aliena.
1680 5011 1864 5082 Neque

282 5123 367 5158 rex
398 5105 539 5158 dixit
567 5123 579 5157 :
615 5104 690 5160 'l‘e
733 5114 816 5158 tua
847 5104 1138 5174 praevidere
1180 5103 1435 5173 oportuit,
1480 5103 1627 5158 urbis
1656 5111 1758 5158 tua:
1785 5103 1864 5156 vi-

279 5199 473 5250 deiit-t-t
497 5197 856 5265 captivitatem
893 5215 905 5251 :
938 5197 1023 5251 illa
1057 5197 1330 5266 ignorasti,
1361 5204 1415 5250 et
1442 5195 1555 5250 haec
1581 5195 1864 5264 praedicis?

279 5289 476 5357 Ingrati
515 5290 657 5342 enim
704 5289 770 5342 ita
815 5289 956 5358 loqui
997 5289 1170 5342 solent
1217 5305 1229 5340 :
1270 5285 1558 5355 Oportebat
1593 5285 1865 5341 Christum

283 5382 516 5449 Seipsmtt
545 5380 848 5433 suscitasse.
878 5378 1029 5445 Quod
1057 5377 1254 5432 dictum
1285 5375 1385 5431 fuit
1406 5375 1618 5432 eversio
1638 5383 1754 5432 erat
1779 5391 1866 5432 re-

285 5475 364 5539 gni
395 5472 725 5540 Bahylonici,
756 5483 809 5526 et
835 5473 1220 5527 censummatio
1263 5473 1421 5528 totius
1445 5471 1608 5528 orbis.
1650 5471 1719 5527 Et
1744 5487 1863 5529 cre-

285 5564 410 5617 didit
452 5564 967 5618 Nabuchodonosor.
997 5561 1179 5634 Neque
1205 5565 1367 5632 enim,
1408 5565 1507 5620 nisi
1529 5561 1862 5632 credidisset,

287 5660 636 5711 Lacrilicassel
666 5657 886 5710 Danieli.
914 5657 1095 5711 Credit
1124 5657 1607 5716 Nabuchodonosor
1633 5657 1706 5729 (ιε.
1736 5657 1861 5728 46);

289 5748 496 5815 quitiam
517 5758 696 5802 autem
717 5764 820 5802 non
838 5748 1072 5803 credunt.
1099 5748 1315 5821 Propter
1340 5752 1438 5809 hoc
1460 5751 1642 5808 multae
1666 5749 1858 5816 pracdi-

1668 295 1732 350 lN
1776 297 2142 357 DANIELEM.

3457 322 3560 374 9.06

1978 419 2182 477 ctioues
2200 421 2413 478 fiebant.
2433 425 2486 481 Si
2509 425 2614 481 illa:
2634 437 2880 485 eventum
2907 446 3010 488 non
3041 433 3358 504 habuerunt,
3393 453 3563 508 neque

1978 511 2061 566 his
2076 513 2255 568 crede.
2270 513 2346 570 Ne
2359 524 2536 572 autem
2556 517 2754 574 diutius
2773 536 3071 579 sermonem
3092 524 3374 581 obscurum
3402 527 3563 583 facia-

1976 617 2116 671 mus,
2139 620 2234 676 age
2261 623 2381 664 eum
2400 610 2546 666 vobis
2575 611 3005 684 interpretemur.
3025 617 3268 688 Quinque
3296 620 3428 674 vidit
3451 637 3562 675 ma-

1977 695 2156 761 terias,
2187 713 2394 765 aurum,
2422 709 2720 784 argentum,
2747 719 2841 768 tes,
2865 705 3085 773 ferrum,
3115 716 3327 763 testam.
3359 711 3558 768 Deinde

1975 794 2086 841 tota
2103 788 2274 859 imago
2293 798 2500 862 tempus
2519 803 2676 850 estet
2695 797 2946 867 temporis
2957 801 3352 870 consequentia.
3380 801 3448 857 Et
3469 817 3557 858 re-

1975 888 2057 934 cte
2074 879 2203 934 dixit
2225 899 2238 936 :
2256 880 2457 954 Imago.
2481 884 2698 957 lmagini
2719 887 2979 958 siquidem
2992 891 3190 947 similes
3210 900 3336 948 sunt
3356 907 3444 948 res
3461 908 3558 949 no.

1974 978 2122 1036 strte,
2146 971 2356 1042 imagini
2383 974 2702 1031 inanimatae.
2726 977 2793 1032 Et
2812 978 3130 1052 beneimago
3154 997 3220 1037 ex
3244 983 3556 1040 auro.Sicut

1973 1061 2113 1115 enim
2141 1077 2329 1118 aurum
2346 1067 2552 1122 etiamsi
2574 1068 2907 1138 splendidum
2941 1072 3029 1140 sit,
3047 1081 3223 1128 tamen
3236 1089 3267 1129 e
3290 1083 3426 1129 terra
3441 1077 3548 1130 ori-

1975 1162 2058 1206 tur
2079 1171 2093 1207 :
2112 1154 2186 1208 sic
2199 1155 2358 1210 etiam
2372 1157 2558 1213 natura
2581 1170 2782 1226 nostra,
2800 1171 2958 1232 atque
2968 1179 3054 1219 res
3070 1164 3335 1223 humanae.
3355 1168 3422 1223 Et
3435 1169 3555 1226 vide

1973 1256 2024 1298 ut
2049 1247 2218 1314 pulvis
2246 1247 2369 1312 ﬁat,
2410 1250 2552 1318 quod
2579 1250 2781 1307 scilicet
2805 1262 2919 1308 erat
2945 1263 3122 1310 antea.
3153 1256 3311 1327 Atqui
3339 1258 3390 1313 id
3419 1259 3554 1329 lapis

1973 1353 2257 1408 numquam
2303 1340 2506 1397 fecerit.
2561 1343 2856 1401 Conterere
2902 1347 3117 1416 quidem
3169 1360 3346 1420 potest
3394 1352 3548 1422 lapis,

1968 1430 2316 1488 Substantiam
2356 1449 2482 1490 vero
2505 1447 2816 1494 convertere
2845 1453 2949 1494 non
2991 1449 3187 1510 potest.
3233 1441 3347 1498 Hoc
3374 1454 3550 1502 tamen

1967 1523 2208 1594 contigit.
2253 1523 2560 1598 Mysterium
2597 1530 3002 1587 resurrectionis
3030 1531 3198 1586 vides.
3242 1532 3374 1588 Cum
3406 1537 3548 1590 enim

1966 1629 2194 1686 corpora
2217 1627 2399 1672 nostra
2430 1619 2481 1674 in
2507 1620 2771 1675 elementa
2802 1622 3141 1678 resolvuntur
3163 1665 3178 1690 ,
3224 1634 3279 1679 et
3306 1625 3370 1680 ad
3411 1627 3549 1681 anti-

1965 1723 2122 1776 quam
2170 1707 2394 1764 redeunt
2438 1718 2713 1776 naturam,
2759 1720 2956 1766 terram
2986 1711 3138 1778 dico,
3175 1720 3304 1769 tunc
3332 1715 3549 1772 advenit

1965 1800 2256 1868 corruptio.
2292 1799 2416 1855 "th
2443 1811 2618 1856 autem
2645 1803 2822 1856 omnia
2849 1802 2982 1873 lapis
3003 1802 3181 1859 efﬁcit.
3216 1804 3395 1876 Itaque
3423 1823 3544 1862 cum

1963 1889 2160 1945 videris
2186 1891 2466 1962 imaginem
2494 1909 2559 1949 ex
2589 1894 2814 1951 diversis
2843 1896 3078 1951 materiis
3108 1907 3459 1965 constantem,
3492 1909 3548 1956 et

1964 1981 2104 2036 illius
2130 1982 2341 2052 quidem
2368 1994 2525 2055 caput
2550 1985 2903 2054 splendidum,
2936 1997 3119 2056 pectus
3139 2003 3266 2043 vero
3283 1989 3540 2058 deterius,

1961 2081 2016 2127 et
2045 2083 2283 2128 ventrem
2325 2074 2690 2146 ignobiliorem
2709 2119 2725 2143 ,
2768 2086 2824 2132 et
2851 2077 3006 2133 tibias
3033 2079 3246 2134 viliores
3269 2120 3285 2144 ,
3317 2079 3544 2136 diversi-

1962 2170 2123 2217 tatem
2154 2163 2291 2220 hanc
2322 2165 2373 2218 in
2395 2165 2510 2220 solo
2534 2176 2749 2237 aspectu
2776 2167 2929 2221 sitam
2947 2182 3064 2228 esse
3085 2169 3352 2223 existima.
3372 2169 3541 2226 Unius

1961 2253 2155 2324 quippe
2200 2254 2544 2326 ejusdemque
2594 2257 2902 2312 substantiae
2952 2258 3129 2314 omnia
3176 2270 3327 2324 sunt;
3385 2259 3543 2330 idque

1963 2353 2190 2400 testatur
2217 2344 2356 2410 linis,
2384 2347 2476 2418 qui
2505 2347 2556 2403 in
2597 2347 2869 2418 pulverem
2898 2357 3084 2404 cuncta
3115 2348 3374 2404 dissolvit.
3422 2349 3539 2405 Non

1962 2451 2120 2506 parva
2147 2447 2231 2492 est
2254 2439 2354 2493 ista
2383 2437 2736 2509 philosophia.
2784 2439 3036 2494 Animum
3063 2440 3282 2496 adverte
3310 2441 3377 2496 ad
3403 2442 3541 2498 hanc

1961 2527 2370 2599 philosophiam,
2393 2538 2489 2584 eta
2506 2530 2664 2586 rebus
2683 2546 2800 2601 qua:
2823 2541 2945 2586 ante
2965 2531 3148 2587 oculos
3169 2533 3539 2598 obversantur,

1959 2620 2029 2674 ab
2055 2620 2348 2690 impetante
2376 2620 2643 2677 deducens
2669 2636 2870 2692 regem,
2901 2620 3095 2678 deinde
3118 2622 3426 2694 praefectum
3451 2624 3539 2694 qui

1961 2720 2082 2781 post
2106 2726 2284 2782 regem
2301 2719 2450 2767 estet
2471 2712 2564 2767 aeri
2592 2713 2898 2783 respondet,
2929 2713 3055 2768 item
3081 2728 3175 2768 eos
3193 2713 3280 2784 qui
3310 2729 3540 2784 sequun-

1962 2812 2066 2868 tur,
2085 2803 2277 2874 quique
2299 2810 2354 2858 ut
2377 2803 2564 2860 ﬁctiles
2581 2818 2645 2860 ac
2669 2803 2825 2860 ferrei
2852 2812 3318 2874 repraesentantur.
3346 2806 3538 2861 Verum

1960 2893 2006 2948 si
2030 2893 2096 2948 ad
2122 2895 2420 2964 sepulcrum
2449 2893 2660 2950 veneris
2680 2935 2694 2960 ,
2726 2894 2935 2950 etiamsi
2961 2894 3262 2972 sexcenties
3291 2895 3363 2950 ibi
3403 2911 3540 2966 quo-

1961 2999 2066 3055 que
2091 2986 2195 3040 vim
2226 2985 2401 3041 facere
2427 2986 2704 3042 videantur
2723 3028 2739 3055 ,
2767 2986 2893 3042 dum
2922 3001 3140 3042 auream
3170 3003 3356 3042 urnam
3383 2988 3542 3044 ador-

1961 3091 2091 3136 nant
2109 3124 2124 3150 ,
2165 3081 2388 3152 aspicies
2413 3089 2591 3138 tamen
2621 3083 2832 3138 illorum
2855 3081 3098 3138 eamdem
3126 3095 3246 3138 esse
3268 3091 3540 3137 naturam.

1963 3175 2160 3231 lterum
2182 3176 2308 3230 mihi
2331 3174 2606 3230 considera
2628 3174 2846 3231 divitem
2874 3176 3019 3230 illum
3048 3183 3103 3230 et
3121 3175 3351 3231 vinctum
3371 3174 3541 3246 (Pau-

1965 3260 2086 3336 lus);
2109 3268 2232 3323 item
2267 3266 2412 3322 illum
2438 3266 2653 3322 divitem
2679 3275 2734 3322 et
2759 3266 2825 3321 ad
2848 3275 3034 3323 testam
3060 3281 3226 3338 usque
3255 3282 3541 3337 pauperem

1964 3359 2170 3429 (Iebus)
2201 3377 2214 3413 :
2243 3368 2399 3429 atque
2449 3360 2696 3414 universa
2739 3358 3011 3429 pulverem
3058 3373 3176 3414 esse
3223 3361 3538 3430 conspicies.

1967 3451 2158 3505 Verum
2179 3451 2422 3504 observa.
2439 3449 2553 3505 Non
2575 3450 2722 3520 prius
2734 3457 2924 3505 cuncta
2953 3450 3122 3520 pulvis
3135 3465 3252 3505 esse
3269 3451 3378 3504 visa
3395 3460 3538 3516 sunt,

1963 3556 2121 3612 quam
2161 3539 2293 3611 lapis
2313 3540 2625 3596 decidisset.
2658 3541 2746 3597 54.
2779 3541 3051 3597 «Videbas
3080 3540 3251 3596 donec
3275 3540 3543 3597 abscissus

1964 3642 2046 3688 est
2073 3633 2202 3703 lapis
2222 3633 2287 3688 de
2313 3642 2527 3697 monte,
2559 3633 2675 3687 sine
2715 3633 2958 3688 manibus
2984 3648 3000 3685 :
3028 3639 3082 3686 et
3109 3632 3372 3702 percussit
3410 3631 3544 3685 ima-

1964 3725 2163 3795 ginem,
2207 3733 2263 3778 et
2289 3725 2450 3794 pedes
2489 3723 2692 3779 ferreos
2722 3740 2784 3778 ac
2809 3732 3069 3778 testaceos
3099 3741 3113 3776 :
3153 3732 3206 3778 et
3229 3722 3544 3777 comminuit

1963 3833 2058 3872 eos
2083 3817 2133 3870 in
2161 3819 2337 3872 tinem.
2363 3817 2449 3871 55.
2474 3815 2622 3871 Tunc
2643 3817 2964 3872 comminuta
2993 3823 3117 3870 sunt
3139 3815 3356 3870 omnino
3386 3822 3539 3881 testa,

1965 3906 2200 3972 ferrum,
2240 3921 2348 3971 aes,
2392 3915 2666 3974 argentum
2694 3947 2709 3972 ,
2737 3921 2924 3959 aurum
2957 3922 2972 3960 :
3001 3915 3055 3960 et
3078 3903 3218 3958 facta
3243 3913 3365 3958 sunt
3389 3906 3541 3973 quasi

1963 3998 2137 4068 pulvis
2170 3997 2237 4051 de
2275 4012 2398 4050 area
2424 3997 2602 4050 msliva
2635 4014 2648 4049 :
2675 4005 2729 4049 et
2764 3995 2952 4050 extulit
2977 4010 3036 4049 ca
3054 3995 3344 4048 multitudo
3373 3996 3539 4058 venti,

1965 4099 2020 4144 et
2061 4090 2205 4143 locus
2248 4103 2350 4142 non
2392 4096 2473 4142 est
2517 4087 2759 4141 inventus
2807 4087 2928 4140 illis.
2964 4105 2983 4138 ι
3028 4085 3145 4140 Non
3174 4086 3316 4139 enim
3357 4101 3539 4139 carum

1964 4196 2142 4236 rerum
2183 4188 2372 4234 natura
2396 4179 2604 4247 cognita
2643 4177 2756 4242 fuit,
2798 4177 2968 4231 donec
2997 4177 3074 4231 sol
3100 4174 3317 4245 justitiae
3337 4185 3418 4229 est
3445 4192 3541 4228 ex-

1965 4285 2114 4331 ortus
2145 4294 2157 4329 :
2188 4275 2305 4346 quia
2329 4288 2512 4327 aurum
2541 4287 2644 4326 non
2675 4286 2862 4325 aurum
2887 4278 2988 4326 est.
3039 4269 3171 4324 Vide
3205 4277 3384 4325 autem
3407 4278 3462 4322 ct
3488 4269 3540 4322 in

1965 4366 2065 4421 hac
2086 4367 2197 4436 ipsa
2217 4381 2276 4420 rc
2301 4380 2404 4419 non
2422 4371 2542 4435 post
2555 4363 2945 4426 contritionem,
2976 4359 3072 4416 sed
3092 4360 3352 4415 stantibus
3370 4358 3543 4414 adhuc

1965 4458 2234 4525 omnibus,
2277 4457 2474 4512 nullam
2505 4456 2777 4511 materiam
2806 4454 2908 4509 alia
2946 4469 3066 4509 esse
3093 4452 3539 4525 praestantiorem.

1966 4551 2118 4617 Vide,
2146 4562 2199 4606 ct
2227 4559 2464 4620 aspectu,
2495 4559 2549 4605 et
2575 4557 2828 4620 tempore,
2859 4557 2912 4602 et
2935 4547 3186 4618 qualitate
3213 4554 3417 4600 tantum
3449 4544 3545 4601 has

1967 4641 2069 4696 illis
2093 4655 2212 4697 esse
2239 4641 2505 4696 meliores.
2555 4639 2679 4695 Ideo
2704 4640 2846 4696 enim
2868 4639 3006 4694 Deus
3030 4653 3217 4696 aurum
3242 4651 3452 4707 quoque
3476 4636 3545 4691 de

1968 4743 2107 4791 terra
2137 4730 2279 4799 fecil,
2302 4734 2507 4790 utnihil
2528 4749 2777 4804 magnum
2802 4733 2868 4788 de
2895 4732 2989 4788 illo
3015 4731 3337 4804 imagineris.
3370 4729 3544 4798 Quare

1965 4839 2142 4883 autem
2169 4843 2386 4897 regnum
2415 4825 2950 4882 Nabuchodonosoris
2970 4832 3126 4880 vocat
3153 4838 3394 4889 aureum,
3417 4823 3522 4878 Per

1966 4934 2142 4974 sarum
2168 4928 2344 4974 autem
2373 4928 2700 4989 argenteum,
2729 4915 3078 4972 Macedonum
3103 4930 3324 4979 meum,
3351 4915 3545 4970 Romao

1966 5025 2156 5065 norum
2210 5010 2443 5065 ferreum
2501 5019 2661 5080 atque
2709 5009 3037 5064 testaceum?
3084 5009 3215 5062 Vide
3262 5007 3550 5080 dispositas

1967 5102 2349 5156 convenienter
2376 5101 2644 5155 materias.
2694 5099 2824 5154 Nam
2855 5115 3041 5154 aurum
3080 5101 3290 5156 divitias
3330 5101 3545 5172 quidem

1969 5201 2356 5262 repra'sentat:
2390 5191 2675 5247 invalidum
2715 5201 2798 5247 est
2835 5201 3045 5258 autem,
3091 5201 3148 5249 et
3194 5193 3261 5248 ad
3305 5193 3545 5247 fraudem

1967 5297 2126 5357 atque
2152 5285 2219 5340 ad
2245 5293 2496 5340 ornatum
2525 5299 2589 5340 ac
2633 5283 3079 5354 magnificentiam
3121 5285 3290 5356 magis
3331 5299 3546 5339 accom-

1970 5376 2264 5432 modatum.
2302 5375 2392 5432 Sic
2427 5384 2480 5430 et
2517 5391 2736 5446 regnum
2767 5375 3115 5446 Babylonium
3143 5375 3352 5430 barbari
3382 5362 3542 5426 illius.

1969 5470 2189 5525 Multum
2212 5484 2377 5541 penes
2414 5468 2587 5539 ipsum
2615 5479 2669 5525 ct
2697 5472 2835 5539 apud
2867 5470 3119 5527 barbaros
3141 5477 3254 5523 erat
3280 5466 3392 5520 auri
3426 5481 3438 5516 :
3473 5462 3545 5517 ibi

1971 5577 2200 5633 namque
2246 5561 2486 5616 feruntur
2533 5577 2652 5618 esse
2711 5562 2943 5617 metalla.
3000 5559 3206 5615 Etenim
3255 5574 3283 5610 a
3323 5555 3545 5612 Scribus

1969 5655 2168 5712 divitiae
2194 5670 2398 5726 magna:
2429 5663 2734 5725 portantur,
2771 5654 2865 5708 sed
2901 5651 3129 5707 inutiles.
3167 5649 3338 5727 Caput
3367 5655 3547 5702 autem

1977 5753 2239 5816 occupat,
2281 5747 2403 5817 quia
2429 5762 2648 5818 regnum
2689 5745 2816 5800 illud
2845 5745 2937 5798 fuit
2969 5739 3220 5810 primum.
3273 5740 3550 5796 Persarum
