3952 6200
438 268 580 342 'so't

477 416 603 457 vero
645 400 923 473 imperium
967 398 1569 485 nm’mpulentum
1619 399 1715 455 fuit
1744 417 1757 454 :
1784 401 1921 456 sicut
1953 416 2051 457 nec

475 472 820 548 Macedonum
853 508 869 545 :
910 499 967 545 at
995 472 1351 569 η’ότιιιῷὂιίαιη
1376 491 1557 546 utilius
1579 505 1640 546 ac
1666 490 1890 559 fortius;
1921 500 2054 547 tem-

474 599 604 655 pore
626 582 840 654 quidem
872 582 1171 652 posterius,
1220 596 1384 652 quare
1420 590 1474 637 et
1517 582 1709 651 pedum
1738 583 1911 638 locum
1953 581 2050 638 ob-

474 676 625 729 tinet.
678 674 846 729 Porro
874 681 996 729 sunt
1040 672 1193 741 hujus
1237 673 1386 743 regni
1427 673 1670 744 quaedam
1708 672 1947 741 inﬁrma,
1998 681 2053 728 et

469 765 712 836 quaedam
753 764 1074 820 robustiora.
1116 763 1262 820 Talis
1303 773 1387 819 est
1432 763 1705 819 hominum
1750 771 2051 818 monstrosa

469 856 721 912 varietas.
766 854 835 915 Et
863 872 978 910 cum
1001 855 1335 927 multiplicata
1361 855 1541 925 fuerit,
1578 855 1764 926 inquit,
1793 854 2047 924 iniquitas,

468 948 755 1020 refrigescet
783 948 969 1005 caritas
992 944 1265 1000 multorum
1295 944 1508 1016 (Matth.
1533 945 1624 1000 24.
1658 943 1769 1015 12).
1818 943 2049 999 Caritate

466 1049 645 1094 autem
686 1037 1043 1107 frigescente,
1098 1051 1318 1092 necesse
1352 1044 1435 1091 est
1465 1034 1768 1092 inimicitias
1812 1043 1866 1090 et
1910 1034 2049 1089 bella

465 1130 638 1186 oriri:
669 1143 896 1199 cumque
936 1127 1272 1183 insidiatores
1313 1141 1377 1181 ac
1416 1124 1597 1182 hostes
1633 1125 1776 1191 sint,
1805 1123 2048 1179 homines

465 1235 685 1278 necesse
714 1229 796 1283 est
818 1220 1006 1275 eodem
1035 1218 1194 1274 modo
1221 1204 1446 1274 inter'se
1471 1216 1758 1288 congredi,
1786 1232 1892 1288 quo
1912 1225 2046 1271 testa

465 1326 587 1368 cum
617 1312 781 1367 ferro.
806 1310 952 1367 Sicut
974 1310 1115 1365 enim
1138 1309 1252 1364 bzec
1278 1316 1465 1363 natura
1492 1307 1759 1373 differunt,
1791 1322 1889 1362 nec
1908 1306 2049 1361 inter

466 1416 526 1458 se
546 1401 933 1472 conjungentur
953 1415 1199 1471 umquam
1232 1417 1245 1453 :
1277 1399 1348 1454 ita
1368 1408 1422 1473 et
1440 1398 1548 1454 illa.
1568 1398 1679 1454 Hoc
1697 1407 1751 1454 et
1774 1397 2047 1468 propheta:

382 1528 391 1537 -
464 1500 522 1549 et
545 1491 772 1562 apostoli
794 1500 1058 1548 asserunt.
1087 1491 1261 1559 Quare
1285 1499 1338 1563 et
1360 1490 1746 1547 consummatio
1771 1488 2042 1558 deinceps.

464 1585 615 1641 Sicut
642 1584 783 1641 enim
827 1583 1152 1655 temporibus
1174 1583 1287 1640 Noe
1306 1625 1323 1651 ,
1362 1591 1643 1656 postquam
1667 1582 1867 1637 malitia
1896 1581 2046 1638 inva-

466 1680 583 1745 luit,
614 1677 872 1734 diluvium
895 1678 1113 1749 contigit
1139 1695 1153 1732 :
1180 1676 1255 1732 ita
1281 1684 1337 1732 et
1374 1689 1538 1733 nunc.
1584 1674 1657 1730 Et
1682 1676 1821 1730 sicut
1847 1688 2044 1744 corpus

463 1785 666 1843 aegrum
688 1812 706 1838 ,
738 1786 859 1827 cum
886 1770 953 1825 ad
992 1770 1211 1825 delicias
1238 1771 1472 1836 venerit,
1515 1750 1643 1824 tunc
1674 1769 1853 1838 perit:
1885 1767 1963 1823 sic
1991 1775 2056 1843 et

465 1864 717 1920 mundus.
764 1863 821 1920 Si
863 1863 1004 1918 enim
1029 1903 1044 1929 ,
1084 1861 1298 1934 quando
1338 1861 1532 1917 fuerint
1561 1860 1796 1931 quinque‘
1818 1859 1948 1929 justi
1988 1858 2042 1914 in

464 1957 708 2022 civitate,
740 1955 814 2015 illi
857 1954 1089 2025 parcitur
1116 1972 1131 2009 :
1159 1952 1327 2008 multo
1353 1951 1520 2023 magis
1542 1960 1595 2006 et
1620 1949 1818 2005 mundo
1838 1964 1957 2004 cum
1989 1949 2044 2004 in

463 2064 530 2104 eo
558 2057 683 2105 sunt
705 2047 836 2119 justi
876 2045 1168 2106 secundum
1213 2044 1627 2115 proportionem.
1676 2042 1766 2098 35.
1798 2040 1864 2095 Et
1888 2039 2039 2111 lapis,

463 2141 549 2209 qui
577 2139 817 2212 percussit
843 2139 1131 2210 imaginem,
1158 2139 1322 2209 [actus
1348 2145 1421 2190 est
1440 2136 1492 2189 in
1519 2144 1736 2188 montem
1766 2148 2037 2204 magnum,

463 2243 509 2286 et
534 2230 756 2302 implevit
784 2232 1065 2285 uniuersam
1090 2240 1292 2284 terram.
1338 2227 1527 2297 Lapis,
1558 2225 1748 2296 inquit,
1780 2224 1955 2279 cecidit
1980 2224 2042 2279 de

463 2334 649 2380 monte.
679 2323 812 2379 Vide
838 2322 1069 2393 quando.
1095 2319 1209 2375 Non
1231 2334 1351 2375 cum
1373 2316 1512 2389 quod
1535 2332 1753 2372 aureum
1778 2325 1912 2382 erat,
1941 2331 2042 2371 ne-

463 2434 567 2490 que
593 2432 711 2472 cum
733 2414 873 2487 quod
894 2421 1202 2485 argenteum
1226 2451 1242 2476 ,
1273 2425 1445 2480 neque
1479 2424 1596 2465 cum
1626 2407 1768 2478 quod
1792 2421 1988 2462 aereum
2023 2423 2038 2461 :

463 2509 560 2565 sed
588 2524 707 2563 cum
754 2506 951 2562 ferrum
1000 2503 1267 2575 apparuit,
1316 2500 1525 2564 Cecidit,
1554 2500 1742 2569 inquit,
1770 2499 1832 2552 de
1856 2505 2038 2552 monte.

462 2603 808 2660 Altitudinem
834 2599 1092 2663 indicans,
1113 2595 1192 2651 De
1214 2603 1401 2661 monte,
1427 2592 1577 2648 dixit.
1594 2590 1699 2646 Sed
1725 2604 1901 2646 coram
1918 2602 2044 2660 rege

463 2694 696 2750 ostendit
713 2692 780 2748 de
795 2694 954 2747 rebus
975 2689 1217 2745 humanis
1234 2687 1499 2743 somnium
1518 2699 1656 2740 esse.
1679 2682 1838 2753 Lapis
1851 2690 2039 2749 autem,

465 2785 666 2856 inquit,
698 2783 876 2837 cecidit
903 2781 967 2836 de
992 2789 1178 2836 monte.
1215 2777 1437 2834 Arbitrii
1460 2775 1760 2830 libertatem
1784 2772 2038 2840 declarat,

463 2885 519 2932 et
541 2874 683 2947 quod
704 2874 756 2929 vi
776 2873 993 2930 adactus
1009 2886 1117 2926 non
1136 2873 1224 2925 sit.
1247 2868 1426 2939 Neque
1441 2868 1582 2923 enim
1599 2865 1749 2931 dixit,
1770 2862 2043 2934 Projectus

462 2977 575 3035 est;
598 2968 714 3036 sed,
740 2966 928 3023 Cecidit
955 2965 1017 3019 de
1041 2973 1226 3021 monte.
1245 2963 1378 3018 Rem
1397 2960 1729 3037 inopinanter
1750 2972 1812 3012 ac
1830 2956 2043 3012 nemine

462 3062 663 3118 sciente
679 3058 868 3114 factam
884 3057 1047 3112 fuisse
1057 3055 1315 3125 designat.
1336 3051 1402 3106 Et
1416 3052 1660 3106 abscissus
1671 3059 1745 3105 est
1758 3049 1866 3103 sine
1879 3047 2045 3102 mani-

463 3155 571 3209 bus.
590 3151 997 3209 Generationem
1014 3146 1302 3203 secundum
1318 3158 1531 3200 carnem
1549 3140 1737 3196 innuit.
1750 3138 2043 3197 SoletScri-

464 3255 618 3317 ptura
638 3241 1066 3307 montisnomine
1082 3241 1242 3295 etiam
1262 3237 1512 3293 mulieres
1531 3235 1730 3290 donare
1749 3252 1763 3287 :
1781 3229 2041 3303 quemad-

465 3338 682 3394 modum
698 3350 818 3392 cum
830 3334 991 3390 dixit:
1010 3331 1095 3387 Ea:
1110 3334 1250 3403 fovea
1264 3329 1398 3385 unde
1406 3327 1576 3396 eﬂ'ossi
1587 3328 1702 3381 estis
1710 3324 1757 3397 (1
1763 3323 1926 3391 sai.5l
1941 3320 2037 3394 .1).

464 3430 537 3487 Et
554 3444 698 3500 saepe
721 3420 965 3484 Christus”
991 3423 1183 3496 lapidis
1205 3436 1401 3477 nomen
1423 3418 1633 3490 accipit,
1648 3425 1863 3488 propter
1876 3412 2040 3470 stabi-

463 3526 689 3582 litatem.
720 3521 889 3592 Super
906 3535 1050 3591 quem
1078 3528 1245 3572 autem
1272 3514 1523 3578 ceciderit,
1546 3510 1844 3566 comminuet
1869 3507 2038 3575 illum,

465 3615 675 3686 inquit,
703 3613 851 3684 quasi
877 3610 1131 3681 puluerem
1167 3607 1230 3662 de
1264 3621 1384 3659 area
1421 3604 1592 3659 cestiva
1632 3599 1779 3671 (Luc.
1801 3597 1893 3653 20.
1923 3595 2038 3667 18).

467 3709 565 3764 ilic
587 3706 821 3763 declarat
848 3719 1010 3776 regna
1036 3718 1140 3758 non
1165 3715 1320 3772 posse
1343 3698 1651 3754 subsistere.
1682 3694 1747 3749 Et
1773 3691 1949 3748 extulit
1981 3704 2042 3744 ea

464 3799 773 3855 uehementia
814 3798 976 3863 renti,
1021 3805 1069 3849 et
1115 3795 1253 3848 locus
1292 3808 1394 3845 non
1437 3798 1511 3845 est
1542 3789 1770 3842 inventus
1796 3784 1919 3839 illis.
1961 3782 2040 3838 Ita

463 3906 695 3963 namque
723 3896 1031 3947 evertuntur
1054 3899 1237 3957 regna,
1261 3883 1411 3954 quasi
1433 3881 1478 3936 si
1507 3893 1791 3948 numquam
1821 3875 2037 3931 fuerint.

460 3985 714 4057 Etfactus
742 3994 814 4038 est
836 3983 967 4051 lapis
988 3981 1041 4035 in
1068 3987 1287 4033 montem
1313 3990 1571 4047 magnum.
1601 3971 1727 4027 Vide
1744 3980 1802 4026 ut
1828 3976 2042 4040 apostoo

462 4079 640 4136 lorum
669 4060 831 4132 verba
860 4080 1027 4129 totum
1071 4070 1257 4126 orbem
1288 4076 1547 4122 terrarum
1571 4062 1915 4132 repleverint.
1943 4058 2043 4129 lgi-

462 4179 553 4226 tur
575 4168 711 4239 lapis
754 4166 846 4221 ille
870 4161 1153 4233 aliquando
1177 4158 1370 4215 dicitur
1400 4169 1552 4211 mons
1571 4194 1586 4221 ,
1619 4150 1903 4223 aliquando
1949 4163 2043 4205 au-

464 4271 572 4317 tem
627 4256 927 4327 angularis,
983 4249 1267 4323 aliquando
1314 4261 1442 4302 vero
1494 4244 1928 4306 fundamentum,
1982 4246 2043 4294 ut

460 4348 737 4407 edocearis
762 4361 883 4401 eum
909 4344 1085 4398 omnia
1112 4340 1355 4409 implere.
1382 4336 1531 4392 Mons
1558 4333 1699 4399 ideo,
1722 4332 1842 4403 quia
1863 4328 2041 4385 omnia

461 4439 703 4497 continet
733 4454 748 4489 :
794 4434 1062 4505 angularis
1092 4430 1230 4495 ideo,
1259 4431 1379 4509 quia
1402 4428 1646 4482 universa
1676 4425 1730 4479 in
1761 4424 1875 4493 ipso
1913 4436 2042 4477 con-

459 4530 645 4587 stituta
686 4533 829 4582 sunt.
872 4524 997 4579 ideo
1030 4520 1450 4581 fundamentum,
1474 4525 1529 4572 et
1570 4514 1691 4570 vitis
1728 4512 1903 4568 radix.
1930 4511 2042 4583 Ego

462 4623 605 4679 enim
630 4635 742 4676 sum
766 4617 911 4684 vitis,
939 4632 1023 4670 vos
1049 4613 1279 4686 palmites
1326 4608 1501 4681 (Joan.
1535 4609 1622 4663 15.
1650 4607 1731 4677 5).
1753 4604 1840 4661 56.
1870 4623 1888 4656 ‹
1929 4604 2040 4660 Hoc

460 4725 544 4772 est
567 4714 834 4772 somnium
854 4753 870 4779 ,
896 4730 915 4764 ι
941 4709 1128 4779 inquit,
1152 4724 1171 4758 ι
1199 4714 1255 4761 et
1278 4703 1393 4775 ejus
1417 4700 1775 4771 conjecturam
1803 4697 2042 4753 dicemus

462 4821 647 4863 coram
676 4819 823 4877 rege.
853 4802 942 4859 '57.
992 4799 1074 4856 'l'u
1122 4813 1182 4854 es
1208 4812 1304 4853 rex
1342 4808 1546 4864 regum.
1575 4790 1696 4847 Tibi
1741 4790 1883 4845 Deus
1921 4787 2040 4842 ca-li

460 4910 687 4968 regnum
739 4895 876 4951 forte
912 4900 967 4949 et
1008 4888 1238 4945 validum
1294 4895 1350 4942 et
1385 4885 1699 4939 honoratum
1728 4880 1895 4943 dedit,
1949 4877 2040 4936 58.

462 4990 521 5045 in
558 4988 705 5045 omni
755 4988 893 5053 loco,
936 4984 1025 5041 ubi
1078 4982 1319 5039 habitant
1350 4978 1452 5034 .tilii
1492 4976 1765 5031 hominum
1797 4988 1811 5026 :
1849 4980 1904 5028 et
1944 4970 2040 5027 be-

463 5080 599 5139 stias
628 5077 762 5149 agri,
792 5085 848 5133 et
881 5076 1128 5131 volucres
1176 5071 1294 5129 caeli
1337 5067 1485 5125 dedit
1532 5067 1585 5121 in
1624 5079 1786 5120 manu
1833 5072 1960 5118 tua:
1989 5068 2046 5117 et

463 5169 741 5228 constituit
778 5176 830 5223 te
866 5167 1139 5222 dominum
1179 5163 1436 5220 omnium.
1472 5179 1491 5214 ι
1525 5159 1812 5228 Postquam
1835 5154 1934 5210 Dei
1957 5168 2049 5226 po-

465 5263 687 5319 tentiam
714 5257 1118 5324 demonstravit,
1173 5264 1300 5310 tunc
1341 5267 1459 5309 cum
1505 5249 1693 5306 fiducia
1720 5247 2045 5319 praeconium

465 5353 629 5409 etiam
656 5348 898 5406 veritatis
926 5345 1028 5417 ipsi
1057 5344 1328 5417 praedicat.
1354 5343 1423 5399 Et
1446 5341 1565 5397 vide
1584 5349 1781 5411 quanta
1810 5353 1933 5394 cum
1967 5350 2049 5391 as-

466 5443 791 5508 sentatione,
822 5446 1127 5512 quantoque
1144 5451 1265 5492 eum
1294 5434 1497 5490 honore
1522 5446 1823 5488 sermonem
1845 5428 2047 5484 immit-

465 5544 547 5592 tat
574 5533 673 5607 (α).
705 5550 725 5586 ι
752 5531 833 5588 Tu
857 5545 936 5598 es,
968 5548 988 5583 ι
1009 5528 1198 5599 inquit,
1221 5544 1249 5581 ‹,
1262 5540 1358 5582 rex
1388 5539 1595 5595 regum.
1626 5522 1745 5579 Tibi
1765 5522 1905 5579 Deus
1930 5519 2048 5576 αειί

529 5687 603 5761 te)
628 5682 1113 5761 erumpentem?
1136 5679 1494 5761 “nessem
1515 5674 1666 5761 eiii“?
1689 5674 2049 5761 δίὲςέηέἓρὲἱξε·

472 5746 507 5796 a
528 5736 724 5814 iii-np.
745 5736 926 5813 36,33,
953 5744 1157 5797 tudithte
1199 5743 1274 5807 tt,
1309 5736 1509 5804 5,ῐτδώ.
1536 5736 1964 5800 10,1.1Eschincs
1981 5736 2047 5786 de

1218 282 1276 342 S.
1314 285 1591 344 JOANNIS
1628 288 2097 347 CHRYSOSTOMI
2126 291 2441 349 ARCIIIEP.
2482 295 3016 359 CONSTANTINOP.

3585 323 3672 381 ἳιιδ

2158 418 2382 473 regnum
2422 403 2559 462 forte
2614 418 2667 463 et
2713 410 2941 467 validum
2993 422 3049 470 et
3109 415 3405 476 honoratum
3463 428 3591 484 dedit
3630 437 3673 490 in

2154 497 2303 550 omni
2356 496 2515 562 loco,
2574 499 2663 555 ubi
2718 501 2957 559 habitant
3010 506 3105 561 ﬁlii
3151 509 3406 568 hominum
3454 534 3466 571 :
3506 530 3553 573 et
3599 523 3677 579 be-

2153 588 2281 642 stias
2327 590 2460 659 agri,
2509 599 2564 647 et
2613 592 2855 652 volucres
2899 598 3015 651 curii
3066 599 3209 655 dedit
3259 603 3307 658 in
3352 622 3496 662 manu
3531 618 3627 667 tua.
3657 633 3675 665 ι

2151 679 2266 735 Νοη
2311 682 2440 737 solis
2470 681 2789 753 hominibus,
2817 689 2904 758 qui
2934 690 3167 759 ejusdem
3197 703 3360 749 tecum
3405 702 3591 767 generis
3627 719 3679 758 ac

2153 780 2354 873 natura?
2379 781 2523 841 sunt,
2551 775 2647 873 sed
2666 778 2823 873 etiam
2846 779 3076 845 deserto,
3104 791 3158 835 et
3183 782 3264 849 iis,
3281 786 3523 858 quisupra
3546 804 3682 861 caput

2150 870 2307 925 sunt,
2336 866 2584 933 imperas.
2617 866 2809 936 Aspice
2846 871 3112 938 quomodo
3146 876 3429 931 ostenderit
3465 880 3578 935 illud
3603 882 3679 938 hei

2150 951 2369 1016 donum,
2403 954 2618 1040 quodin
2645 958 2901 1026 principio
2930 959 3121 1016 factum
3147 972 3262 1018 est:
3308 964 3371 1017 Et
3390 968 3682 1025 dominamini

2150 1042 2367 1110 piscibus
2389 1045 2562 1113 maris,
2587 1056 2634 1100 et
2669 1048 2953 1104 volatilibus
2971 1051 3084 1105 caeli
3104 1051 3264 1123 (Gen.
3297 1056 3346 1110 1.
3375 1057 3510 1127 28);
3540 1069 3590 1114 ut
3610 1061 3680 1115 di-
3732 1064 3733 1069 “

2148 1146 2268 1188 scas
2295 1134 2464 1191 Deum
2501 1130 2798 1195 solitudinis
2832 1141 2990 1196 etiam
3017 1157 3138 1199 esse
3163 1145 3508 1214 conditorem,
3533 1159 3583 1204 et
3615 1151 3683 1206 fe-

2148 1239 2326 1280 rarum
2369 1241 2581 1297 quoque
2625 1229 2910 1298 factorem;
2967 1248 3072 1288 non
3111 1244 3287 1290 autem
3324 1248 3681 1296 mansuetorum

2146 1315 2490 1372 animantium
2533 1318 2826 1376 dumtaxat.
2871 1320 2942 1376 Et
2974 1325 3028 1377 in
3053 1326 3191 1379 omni
3216 1325 3352 1393 loco,
3380 1328 3459 1381 ubi
3487 1330 3684 1384 habitant

2146 1406 2242 1476 lilii
2267 1407 2546 1475 hominum,
2586 1410 2675 1465 tibi
2705 1428 2914 1483 regnum
2938 1414 3075 1468 dedit
3122 1414 3257 1470 Deus
3283 1418 3408 1471 steti.
3433 1418 3539 1473 Non
3583 1436 3683 1475 am-
3728 1480 3735 1483 ,

2146 1496 2287 1565 plius
2309 1496 2437 1554 dicit
2464 1518 2478 1553 :
2510 1499 2604 1555 Est
2625 1500 2759 1556 Deus
2783 1503 2834 1557 in
2855 1505 2997 1558 caelo.
3018 1504 3149 1560 Vide
3168 1515 3226 1561 ut
3258 1508 3496 1577 paulatim
3519 1510 3685 1580 dogma

2145 1586 2379 1645 inducat.
2406 1590 2643 1646 Primum
2666 1593 2803 1648 dixit
2832 1612 2846 1649 :
2874 1594 2986 1650 Illic
3011 1595 3243 1663 habitat;
3276 1613 3343 1653 ne
3361 1599 3494 1654 circa
3516 1609 3685 1656 terram

2147 1679 2314 1736 Deum
2340 1684 2542 1738 versari
2571 1685 2962 1755 imaginaretur.
2993 1690 3062 1742 At
3092 1697 3365 1759 postquam
3393 1690 3515 1744 illud
3544 1690 3687 1746 docu-

2146 1780 2385 1827 mentum
2430 1788 2522 1829 rex
2544 1778 2769 1845 accepit,
2790 1792 2972 1832 rursus
2992 1793 3112 1833 eum
3134 1779 3368 1847 abducit,
3385 1780 3689 1851 ostenditque

2144 1860 2310 1916 Deum
2335 1863 2450 1918 cteli
2476 1879 2685 1935 quoque
2713 1881 2830 1922 esse
2856 1867 3112 1936 opificem,
3144 1883 3209 1923 ac
3236 1869 3506 1924 Dominum
3532 1879 3583 1925 et
3601 1871 3690 1925 Do~

2143 1950 2459 2010 minatorem
2490 1971 2505 2006 :
2533 1970 2639 2009 non
2668 1963 2842 2010 tamen
2870 1957 2922 2011 in
2948 1971 3014 2012 eo
3041 1968 3313 2028 tamquam
3335 1960 3386 2012 in
3409 1959 3520 2013 loco
3539 1960 3690 2013 conti-

2147 2044 2285 2109 neri,
2314 2044 2408 2101 sed
2436 2046 2628 2101 calum
2658 2047 2823 2117 ipsius
2852 2062 2971 2103 esse
2995 2064 3148 2118 opus.
3166 2050 3300 2105 Nam
3326 2052 3369 2105 si
3398 2052 3507 2105 οωιί
3532 2051 3689 2104 Domi-

2143 2151 2247 2193 nus
2288 2147 2404 2205 est,
2451 2146 2647 2194 terram
2694 2139 2787 2194 tibi
2813 2140 2942 2195 dare
2982 2149 3178 2211 potest.
3225 2142 3342 2211 Ipse
3370 2142 3466 2197 sibi
3495 2142 3693 2210 sumpsit

2143 2230 2354 2297 calum,
2377 2239 2431 2287 et
2459 2231 2552 2287 tibi
2578 2239 2773 2287 terram
2798 2233 3015 2304 largitus
3035 2242 3135 2287 est.
3158 2234 3312 2301 Quod
3334 2234 3469 2289 enim
3492 2234 3590 2288 illic
3603 2242 3691 2297 est,

2143 2321 2197 2377 id
2219 2330 2273 2376 tu
2302 2336 2361 2378 cs
2381 2323 2433 2377 in
2459 2331 2634 2389 terra;
2672 2325 2920 2379 omnibus
2944 2340 3136 2395 nempe
3169 2327 3434 2397 superior,
3476 2325 3696 2381 omnibus

2143 2412 2431 2483 imperans,
2454 2415 2688 2468 omnium
2718 2424 2894 2485 caput.
2918 2414 3035 2470 Tibi
3061 2431 3251 2470 eorum
3274 2432 3389 2487 qua:
3417 2427 3535 2470 sunt
3557 2424 3698 2483 super

2143 2513 2343 2561 terram
2363 2505 2479 2576 plus
2494 2521 2652 2576 quam
2674 2507 2883 2561 cmteris
2898 2507 3184 2573 concessit,
3209 2523 3331 2563 cum
3354 2518 3405 2563 te
3429 2516 3576 2574 caput
3589 2518 3700 2560 eon-

2141 2598 2393 2666 stituerit,
2410 2608 2463 2654 et
2482 2614 2700 2670 regnum
2727 2607 2875 2654 tuum
2896 2615 3113 2656 aureum
3131 2617 3197 2655 ex
3220 2615 3358 2656 auro
3369 2614 3492 2668 puro
3514 2596 3696 2652 fecerit.

2150 2705 2170 2741 ι
2200 2688 2281 2743 Tu
2307 2703 2366 2744 es
2407 2698 2568 2759 caput
2597 2704 2839 2746 aureum.
2860 2690 2949 2746 59.
2995 2690 3062 2745 Et
3087 2700 3210 2760 post
3251 2700 3313 2746 te
3345 2698 3585 2758 exsurget
3623 2702 3698 2742 rc-

2142 2792 2307 2848 gnum
2344 2778 2487 2834 aliud
2515 2781 2692 2835 minus
2718 2789 2828 2845 tuo,
2860 2780 3016 2850 idque
3037 2791 3358 2851 argenteum
3382 2798 3395 2834 :
3423 2789 3477 2834 et
3502 2792 3699 2848 regnum

2144 2869 2378 2937 tertium,
2432 2870 2575 2941 quod
2621 2879 2702 2926 est
2737 2884 2843 2937 tes,
2888 2871 3028 2940 quod
3081 2871 3445 2926 dominabitur
3470 2868 3706 2925 universae

2142 2967 2316 3015 terrae.
2347 2978 2368 3012 ι
2398 2959 2530 3016 Tale
2554 2960 2696 3015 enim
2723 2946 3066 3016 Macedonum
3090 2976 3221 3032 regn
3233 2978 3324 3017 um
3347 2962 3464 3015 fuit.
3490 2959 3572 3014 40.
3597 2976 3615 3009 ‹
3650 2956 3710 3010 Et

2141 3067 2366 3124 regnum
2408 3061 2654 3122 quartum
2703 3053 2845 3124 quod
2896 3062 2979 3109 est
3020 3054 3266 3109 validum
3302 3054 3459 3110 sicuti
3510 3051 3709 3107 ferrum.

2141 3142 2276 3199 Nam
2329 3142 3023 3215 quemadmodumferrum
3074 3144 3404 3198 comminuit
3443 3156 3507 3197 ac
3553 3140 3715 3194 domat

2143 3234 2346 3303 omnia,
2386 3233 2465 3290 sic
2493 3234 2674 3289 omnia
2699 3235 3022 3289 comminuet
3043 3248 3106 3288 ac
3133 3232 3406 3288 domabit.
3443 3250 3462 3283 ι
3489 3229 3553 3284 Et
3572 3242 3713 3298 quar-

2142 3336 2283 3396 tum,
2326 3326 2532 3399 inquit,
2572 3325 2627 3381 id
2678 3334 2805 3394 est,
2839 3325 3228 3381 Romanorum.
3284 3324 3511 3381 Nomina
3552 3328 3714 3374 autem

2141 3432 2251 3474 non
2294 3417 2519 3489 profert.
2565 3417 2741 3485 Quare
2777 3416 3010 3486 apertius
3039 3431 3147 3470 non
3174 3426 3277 3470 est
3323 3411 3602 3485 loquutus?
3646 3406 3714 3462 Ne

2139 3508 2295 3565 multi
2320 3523 2502 3564 sacros
2518 3508 2682 3564 libros
2696 3507 2976 3562 abolerint.
3006 3507 3097 3561 41.
3131 3523 3150 3557 s
3181 3506 3257 3560 Et
3277 3507 3402 3575 quia
3439 3502 3609 3558 vidisti
3637 3513 3722 3568 pe-

2140 3600 2253 3666 des,
2298 3607 2352 3655 et
2388 3599 2598 3670 digitos,
2626 3606 2830 3670 partem
2875 3596 3085 3667 quidem
3107 3597 3402 3665 quamdam
3428 3604 3715 3654 testaceam,

2141 3703 2345 3762 partem
2381 3706 2509 3747 vero
2537 3691 2762 3761 aliquam
2802 3690 3051 3763 ferream,
3087 3703 3319 3758 regnum
3347 3688 3577 3743 divisum
3605 3682 3718 3744 erit,

2140 3792 2196 3839 et
2222 3799 2251 3836 a
2300 3781 2480 3838 radice
2532 3781 2701 3837 ferrea
2734 3781 2837 3836 erit
2873 3780 2927 3834 in
2974 3793 3063 3845 eo,
3093 3777 3555 3847 quemadmodum
3595 3771 3719 3830 vidi-

2141 3876 2211 3931 sti
2262 3873 2464 3931 ferrum
2507 3874 2793 3929 admistum
2820 3880 2966 3927 testa:
2994 3871 3170 3926 luteas.
3221 3869 3317 3926 42.
3372 3870 3445 3925 Et
3468 3866 3613 3939 digiti
3644 3878 3724 3933 pe-

2140 3967 2288 4035 dum,
2332 3981 2453 4037 pars
2478 3965 2691 4036 quidem
2739 3965 2911 4033 aliqua
2968 3961 3162 4029 ferrea,
3201 3976 3338 4031 pars
3378 3970 3558 4015 autem
3587 3965 3721 4026 quai-

2140 4057 2263 4114 dam
2301 4064 2467 4113 testea
2499 4072 2515 4109 :
2561 4066 2691 4123 pars
2722 4053 2874 4127 regni
2907 4051 3007 4107 erit
3035 4050 3211 4117 fortis,
3242 4060 3303 4106 et
3332 4056 3405 4111 ab
3437 4065 3505 4106 ea
3536 4037 3722 4113 aliquid

2141 4152 2244 4203 erit
2301 4145 2607 4201 contritum.
2665 4144 2753 4198 45.
2800 4143 2868 4197 Ει
2907 4143 3028 4213 quia
3080 4142 3271 4197 vidisti
3310 4141 3517 4197 ferrum
3568 4130 3726 4190 admi-

2141 4249 2286 4295 stum
2320 4245 2470 4293 testae
2518 4236 2709 4301 luteze;
2756 4233 3246 4289 commiscebuntur
3292 4233 3351 4287 in
3393 4229 3603 4289 semine
3631 4224 3723 4278 ho-

2144 4330 2343 4385 minum
2386 4343 2400 4380 :
2455 4336 2510 4381 et
2579 4340 2686 4380 non
2735 4324 3115 4391 adltmrebunt,
3165 4325 3315 4379 sicut
3371 4322 3577 4377 ferrum
3630 4328 3727 4370 non

2144 4420 2470 4477 immiscetur
2503 4430 2623 4471 cum
2667 4424 2822 4470 testa.
2850 4434 2868 4468 ι
2919 4416 3141 4490 Quando
3167 4413 3220 4469 id
3240 4405 3589 4469 in'Romanis
3611 4420 3730 4461 con-

2145 4510 2296 4582 tigit?
2322 4506 2484 4563 Vides
2513 4506 2628 4562 iure
2652 4522 2817 4580 regna
2838 4480 2966 4563 talia
2989 4502 3193 4561 fuisse?
3213 4501 3337 4558 Nec
3366 4504 3422 4559 in
3449 4502 3519 4557 iis
3556 4508 3734 4554 omnes
3822 4480 3827 4495 '

2142 4625 2349 4677 Xerxe:
2375 4632 2527 4684 Ausus
2546 4618 2599 4672 in
2620 4616 2830 4684 epistolis
2858 4616 3097 4684 scribere,
3123 4628 3175 4666 se
3202 4627 3315 4666 esse
3595 4605 3739 4684 timui:

2141 4674 2554 4741 numidominum,
2592 4674 2782 4731 ab'ortu
2804 4692 2951 4743 usque
2987 4678 3053 4728 ad
3084 4674 3345 4743 occasum
3374 4674 3513 4726 solis.
3539 4682 3741 4743 Joannes

2142 4733 2589 4807 Hetaes,Chiliade
2611 4744 2754 4807 tertia
2785 4755 2797 4791 :
2830 4733 2929 4792 Rea:
2954 4738 3260 4807 Assyriorum
3281 4736 3376 4787 ille
3398 4733 3643 4807 Sesostris,
3662 4736 3740 4807 aut

2143 4798 2366 4870 sesoosis',
2401 4808 2551 4870 juxta
2597 4803 2878 4870 Diodorum,
2924 4798 3228 4870 Assyriorum
3276 4798 3576 4870 moneretur,
3622 4802 3743 4870 enim

2144 4855 2587 4933 iér'iaéi'éapzrbm,
2602 4855 2771 4917 currui
2791 4855 2877 4933 suo
2893 4855 3034 4933 rege;
3052 4859 3371 4933 subiungens,
3392 4866 3440 4910 et
3460 4860 3522 4908 ab
3540 4855 3657 4926 ipsis
3676 4867 3741 4933 fe

2143 4916 2455 4995 indicauit}.
2641 4940 2735 4995 quo
2757 4923 2921 4977 ceteri
2935 4916 3001 4995 ﬁb
3023 4916 3157 4986 equis
3178 4916 3454 4995 vghuntm.
3489 4933 3527 4995 ξι
3553 4916 3656 4995 sui:
3670 4928 3743 4995 eo:

2146 4979 2533 5047 ὧὶᾶἦεῖἷὴιῇὴάί
2552 4979 2789 5049 dominus,
2826 4995 2882 5049 et,
2911 4987 3030 5049 deus
3064 4979 3452 5049 appellabatur.
3476 4979 3747 5049 Ammianus

2145 5040 2638 5107 ὦῆὲὶᾗήὶὶξίὼςέδ
2663 5066 2674 5099 :
2701 5040 2800 5111 oub
2828 5047 2911 5099 ille
2934 5040 3250 5111 Constantius
3274 5043 3459 5111 studit;
3496 5040 3753 5111 blmtditiaj

2276 5104 2512 5180 ἕῳ
2532 5104 2762 5180 ’,ψωμίδὲ
2778 5111 3128 5180 WW8
3141 5105 3410 5180 eadem“
3426 5105 3541 5180 [Ψ

2145 5165 2447 5230 Mde
2489 5165 2791 5235 inconunodo
2829 5165 3059 5235 ﬁdenter'
3081 5167 3403 5225 existimans,
3416 5165 3755 5235 Iconfestima

2143 5227 2605 5303 iustitiadeainavit
2625 5227 3106 5303 itarintemperanter,
3148 5227 3758 5303 utuaplternitascnuuteapf

2147 5289 2418 5365 aliquoties
2442 5298 2710 5365 subsereret
2736 5296 2845 5365 ipse
2862 5289 3139 5365 dictando,
3165 5289 3758 5365 scribendoquejprqpisa

2146 5346 2301 5415 ἦξἦᾶ
2311 5346 2960 5412 διῖῦἰδ’ωἱὶὶέέὲαόηιὺιωη
2980 5346 3268 5417 appellaret.
3316 5354 3407 5399 His
3431 5346 3488 5400 et
3522 5346 3759 5417 similibus

2148 5426 2294 5489 plena
2316 5430 2431 5475 sunt
2466 5429 2693 5489 veterum
2719 5420 2912 5489 scripta.
2940 5416 3507 5489 g'xstititqueﬂpa‘t‘runr
3530 5416 3761 5489 menuﬂa

2148 5467 2788 5544 Eb‘diieiﬁci'cui'ihiiimii
2804 5467 2903 5544 non
2932 5467 3513 5544 displicuerunt'xtnnitti
3554 5483 3654 5544 non
3668 5467 3761 5544 de.

2150 5528 2850 5606 Béiiééﬁé‘siiiuai‘eﬁiscqpi
2881 5528 3182 5606 lassi'liensis
3208 5535 3284 5606 in_
3306 5533 3402 5606 lib.
3447 5536 3469 5583 1
3514 5532 3578 5581 ad

2152 5592 2582 5660 Eiﬁhi'éitiiéticdm
2595 5619 2611 5667 ;
2626 5592 2690 5653 dé
2714 5592 2890 5653 eodem
2909 5594 3605 5667 quippeh‘abucbodonosoro
3621 5592 3769 5667 loqui:

2153 5681 2232 5721 tur
2258 5684 2270 5719 :
2296 5679 2459 5719 sermo
2478 5661 2738 5730 eratcum
2757 5678 2889 5730 rege,
2913 5661 2958 5712 et
2982 5661 3174 5730 quidem
3194 5668 3322 5725 cum
3358 5669 3484 5720 rege
3508 5668 3608 5705 tum
3630 5661 3767 5702 nam

2159 5716 2504 5794 ἱιῖίῦἰζςξὲἐᾶξιιὶ
2527 5736 2637 5780 tunc
2656 5716 2925 5789 videbitur,
2943 5716 3083 5775 totius
3104 5716 3250 5772 orbis.
