4104 6214
453 256 559 317 9.07

466 369 713 441 ’Δγάπης
758 368 815 425 δὲ
863 368 1197 440 ψυγομένης,
1241 368 1450 438 ἀνάγκη
1499 366 1697 440 ἔχθρας
1744 363 1883 423 εἶναι
1929 372 2024 423 καὶ

455 457 726 525 πολέμους
748 472 763 486 ·
836 456 946 509 τῶν
1007 453 1456 508 ἐπιϐουλευόντων
1515 454 1681 507 ὄντων
1756 456 1849 509 καὶ
1917 455 2027 510 τῶν

454 543 685 614 ἐχθρῶν,
727 542 940 614 ἀνάγκη
980 545 1215 595 συνεῖναι
1246 541 1369 604 τοὺς
1410 540 1727 610 ἀνθρώπους
1756 543 2024 614 ἀλλήλοις,

455 631 642 703 ὥσπερ
663 630 742 700 τῷ
768 630 970 702 σιδήρῳ
993 628 1087 681 τὸν
1113 628 1397 699 δστρακον.
1420 628 1685 700 Καθάπερ
1721 630 1818 700 μὲν
1845 630 2027 684 ἐκεῖνα

453 721 520 788 τῇ
547 716 706 787 φύσει
738 715 1041 786 διέστηκεν,
1062 713 1157 768 καὶ
1193 714 1291 767 οὐκ
1313 714 1379 768 ἂν
1410 714 1656 786 ἀλλήλοις
1683 716 1988 786 ὁμιλήσειεν
2006 735 2023 752 ν

454 804 596 858 οὕτω
615 804 708 856 καὶ
735 801 926 856 ταῦτα.
963 800 1133 853 Τοῦτο
1170 800 1263 853 καὶ
1297 801 1348 853 οἰ
1378 802 1652 872 προφῆται
1687 803 1781 855 καὶ
1808 804 1856 855 οἰ
1886 803 2022 857 ἀπό-

456 890 630 944 στολοι
657 889 889 957 λέγουσι.
915 887 1007 940 Διὸ
1036 888 1126 941 καὶ
1150 887 1424 941 συντέλεια
1447 887 1652 941 λοιπόν.
1678 889 1887 962 Ὠσπερ
1917 891 2023 965 γὰρ

454 976 547 1029 ἐπὶ
592 975 686 1030 τοῦ
737 974 882 1041 Νῶε,
935 973 1036 1044 τῆς
1076 973 1273 1037 κακίας
1304 973 1672 1046 ἐπιταθείσης,
1724 977 1946 1044 γέγονεν
1994 979 2024 1031 ὁ

452 1061 861 1135 κατακλυσμός·
913 1059 1052 1113 οὕτω
1111 1060 1207 1114 καὶ
1256 1060 1369 1114 νῦν.
1419 1062 1527 1125 Kal
1559 1062 1809 1133 καθάπερ
1865 1064 2022 1135 σῶμα

451 1134 674 1220 κάμνον,
700 1148 826 1201 ὅταν
858 1148 993 1218 πρὸς
1017 1146 1226 1223 τρυφὴν
1263 1158 1290 1187 ι
1335 1146 1485 1218 ἔλθῃ,
1525 1148 1647 1200 τότε
1687 1134 1978 1205 ἀπόλλυται
2003 1168 2018 1183 ο

449 1235 593 1289 οὔτω
613 1235 705 1289 καὶ
725 1237 753 1289 ό
786 1234 1006 1305 κόσμος.
1036 1233 1099 1286 Εἰ
1126 1233 1235 1305 γὰρ
1265 1234 1393 1287 ὅταν
1417 1228 1517 1288 ὦσι
1538 1235 1701 1289 πέντε
1727 1236 1922 1291 δίκαιοι
1962 1240 2021 1293 ἐν

449 1323 622 1386 πόλει,
663 1323 901 1392 φείδεται
955 1321 1053 1391 τῆς
1092 1320 1318 1386 πόλεως,
1358 1320 1537 1392 πολλῷ
1579 1322 1776 1393 μᾶλλον
1806 1324 1897 1378 καὶ
1927 1326 2019 1379 ἐπὶ

445 1411 540 1465 τοῦ
590 1411 816 1482 κόσμου,
844 1411 973 1465 ὅταν
1001 1403 1104 1463 ὦσι
1159 1410 1253 1463 καὶ
1296 1409 1437 1463 κατά
1479 1410 1784 1481 ἀναλογίαν.
1834 1413 1943 1468 Kal
1984 1416 2018 1469 ό

444 1498 613 1563 λίθος
653 1500 687 1551 ὀ
734 1495 1006 1562 πατάξας
1048 1493 1162 1563 τὴν
1206 1498 1409 1551 είκόνα
1443 1497 1693 1566 ἐγενηθη
1739 1501 1826 1565 εἰς
1881 1500 2017 1569 ὅρος

439 1584 612 1654 μέτα,
658 1582 758 1637 καί
805 1582 1158 1650 ἐπλήρωσεν
1204 1582 1411 1637 πᾶσαν
1468 1583 1583 1651 τὴν
1630 1584 1765 1655 γῆν.
1817 1587 2012 1655 Λίθος,

445 1670 630 1742 φησὶν,
664 1670 887 1724 ἔπεσεν
918 1668 987 1734 ἐξ
1022 1668 1216 1738 ὄρους.
1267 1669 1410 1740 Ὅρα
1447 1671 1596 1725 πότε.
1641 1672 1750 1743 Οὐχ
1781 1673 1941 1743 ἡνίκα
1979 1676 2013 1745 η

443 1761 637 1831 χρυσῆ,
663 1758 842 1830 ούδέὴ
874 1759 1110 1831 ἀργυρᾶ,
1154 1758 1272 1812 οὐδὲ
1302 1760 1337 1830 ή
1376 1759 1571 1830 χαλκῆ,
1613 1760 1747 1815 ἀλλά
1784 1761 1944 1833 ἡνίκα
1984 1764 2013 1816 ὁ

444 1846 661 1917 σίδηρος
685 1845 878 1915 ἐφάνη,
906 1846 1169 1898 Ἔπεσεν
1195 1843 1313 1899 ἀπὸ
1352 1845 1550 1913 ὄρους,
1586 1845 1719 1915 φησί
1736 1863 1751 1877 ’
1791 1847 1851 1900 τὸ
1876 1847 2014 1918 ύψη-

441 1932 533 1987 λὸν
561 1933 861 2004 ἐμφαίνων,
904 1931 1049 1986 Ἀπὸ
1089 1930 1285 1999 ὄρους,
1332 1927 1503 1987 εἶπεν.
1543 1932 1678 1985 Ἀλλ’
1709 1932 2012 2005 ἔμπροσθεν

443 2019 542 2074 τοῦ
599 2020 861 2090 βασιλέως
910 2018 1127 2084 ἔδειξεν,
1184 2019 1265 2072 ὅτι
1319 2019 1446 2090 περὶ
1501 2018 1611 2073 τῶν
1663 2020 2014 2092 ἀνθρωπίνων

447 2107 787 2179 πραγμάτων
832 2106 998 2163 ἐστίν.
1053 2108 1114 2160 '0
1147 2104 1215 2159 δὲ
1253 2106 1422 2172 λίθος
1453 2107 1569 2161 άπὸ
1599 2107 1776 2175 ὄρους
1807 2109 2010 2177 ἔπεσε,

443 2194 598 2265 φησί.
633 2195 704 2247 Τὸ
730 2192 972 2248 ἑκούσιον
995 2193 1251 2259 δείκνυσι,
1276 2193 1370 2246 καλ⁵
1398 2194 1473 2257 ὡς
1495 2194 1593 2247 ούκ
1621 2195 2008 2264 ἀναγκασθείς·

437 2283 500 2336 ού
551 2282 657 2353 γάρ
703 2281 884 2347 εἶπεν,
949 2282 1177 2353 ἐρρίφη,
1215 2281 1363 2347 ἀλλ’,
1429 2284 1684 2336 Ἔπεσεν
1732 2284 1851 2339 ἀπὸ
1904 2286 2008 2340 τοῦ

436 2368 618 2435 ὄρους
638 2381 652 2395 ·
687 2367 782 2420 καὶ
820 2366 883 2420 τὸ
930 2366 1354 2439 ἀπροσδόκητον,
1401 2369 1495 2421 καὶ
1529 2368 1753 2439 μηδενὸς
1782 2372 2001 2436 εἰδότος.

435 2454 546 2508 Kal
575 2454 799 2524 ἐτμήθη
825 2452 971 2509 ἄνευ
998 2451 1231 2523 χειρῶν.
1251 2454 1361 2524 Τὴν
1385 2454 1522 2508 κατά
1555 2455 1733 2528 σάρκα
1751 2457 2004 2530 γέννησιν

436 2539 588 2612 [215]
624 2540 941 2595 αἰνίττεται.
973 2536 1127 2593 Εἷδεν
1150 2538 1274 2610 ὅρος
1289 2540 1469 2609 λέγειν
1495 2542 1589 2595 καὶ
1616 2546 1903 2612 γυναῖκας,
1926 2546 2003 2609 ὡς

433 2626 560 2679 ὃταν
606 2623 773 2696 λέγῃ·
833 2624 927 2677 Ἐκ
963 2622 1069 2676 τοῦ
1100 2623 1369 2686 ,βοθύνου
1409 2619 1481 2679 οὗ
1525 2624 1848 2695 ὠρύχθητε.
1892 2629 2002 2683 Kal

437 2710 700 2782 πολλαχοῦ
729 2711 786 2764 δὲ
815 2710 963 2775 λίθος
990 2711 1207 2780 λέγεται
1242 2710 1330 2765 διά
1358 2712 1422 2765 τὺ
1450 2713 1680 2784 ἑδραῖον.
1724 2715 1841 2783 Ἐφ’
1873 2714 1904 2769 ὃ
1947 2715 1999 2770 δ’

441 2798 517 2853 ἂν
534 2798 711 2868 πέσῃ,
733 2798 1015 2868 λικμήσει
1047 2798 1255 2864 αὐτὸν,
1292 2800 1443 2869 φησι,
1470 2799 1672 2869 ὥσπερ
1693 2802 2001 2871 κονιορτὸν

443 2884 561 2939 ἀπὸ
597 2884 820 2951 ἅλωνος
848 2884 1085 2954 θερινῆς
1103 2899 1117 2916 ·
1158 2883 1220 2938 τὸ
1248 2886 1614 2940 ἀνυπόστατον
1638 2887 1870 2943 ἐνταῦθα
1905 2889 2000 2960 δη·

443 2968 567 3023 λῶν.
595 2968 703 3024 Kal
728 2969 946 3039 ἐξῆρεν
967 2971 1122 3025 αὐτὰ
1142 2969 1371 3039 πλῆθος
1389 2972 1496 3028 τοῦ
1518 2975 1873 3044 πνεύματος,
1898 2977 1997 3031 καί

436 3058 617 3124 τόπος
632 3059 745 3128 οὐχ
761 3056 972 3127 εὑρέθη
992 3057 1216 3125 αὐτοῖς.
1249 3057 1406 3113 Οὕτω
1438 3059 1547 3131 γὰρ
1576 3060 1792 3115 λύονται
1816 3065 1873 3115 al
1902 3063 1998 3134 βα-

434 3143 627 3198 σιλεῖαι
656 3144 731 3208 ὡς
759 3144 893 3216 μηδὲ
923 3144 1232 3214 γενόμεναι.
1266 3147 1377 3200 Kal
1397 3142 1632 3217 ἐγένετο
1654 3151 1687 3203 ό
1714 3151 1877 3216 λίθος
1910 3153 1998 3217 εἰς

430 3232 569 3300 ὅρος
605 3231 782 3302 μέγα.
819 3231 900 3287 Τὰ
937 3232 1268 3287 ἀποστολικά
1295 3235 1516 3305 ῥήματα
1546 3236 1646 3307 τὴν
1673 3238 1996 3310 οἰκουμένην

427 3320 749 3391 ἐπλήρωσεν
770 3320 1007 3375 ἃπασαν.
1032 3318 1177 3374 Ποτὲ
1206 3321 1303 3392 μὲν
1331 3316 1423 3376 οὖν
1449 3322 1573 3393 ὅρος
1605 3325 1634 3376 ό
1669 3323 1834 3388 λίθος,
1865 3322 1995 3385 ποτέ

427 3407 485 3461 δὲ
517 3409 929 3479 ἀκρογωιιαῖος,
964 3407 1097 3462 ποτέ
1118 3408 1177 3461 δέ
1198 3407 1462 3479 θεμέλιος,
1493 3410 1578 3464 ἵνα
1614 3409 1792 3481 μάθῃς
1818 3412 1900 3466 ὅτι
1926 3412 1994 3466 τὰ

426 3495 607 3549 πάντα
633 3495 846 3567 πληροῖ.
869 3494 966 3548 Διά
987 3495 1142 3549 τοῦτο
1165 3495 1309 3567 ὅρος,
1334 3497 1416 3550 ὅτι
1444 3497 1513 3551 τὰ
1536 3497 1713 3552 πάντα
1744 3500 1958 3571 συνέχει
1976 3519 1989 3532 ·

425 3583 515 3638 διὰ
542 3580 700 3637 τοῦτο
734 3585 1142 3653 ἀκρογωνιαῶς,
1177 3584 1258 3637 ὅτι
1283 3583 1353 3638 τά
1382 3585 1559 3641 πάντα
1598 3588 1657 3641 ἐν
1691 3586 1839 3658 αὐτῷ
1870 3604 1995 3640 συν-

427 3672 645 3741 έστηκε.
668 3670 766 3724 Διά
798 3670 954 3724 τοῦτο
986 3669 1254 3741 θεμέλιος,
1275 3673 1370 3727 καί¹
1391 3674 1513 3745 ῥίζα
1540 3674 1806 3746 ἀμπέλου.
1845 3674 1992 3745 Ἐγὼ

425 3757 536 3829 γάρ
563 3759 677 3827 είμι
692 3758 730 3825 η
758 3757 1042 3827 ἄμπελος,
1060 3757 1229 3828 ὑμεῖς
1253 3758 1324 3812 τὰ
1346 3759 1637 3829 κλήματα.
1662 3762 1844 3817 Τοῦτό
1859 3763 1992 3818 ἐστι

424 3845 492 3897 τὸ
519 3845 835 3908 ἐνύπνιον,
856 3844 1012 3915 φησὶ,
1033 3844 1131 3898 καὶ
1152 3842 1268 3913 τὴν
1291 3845 1613 3915 σύγκρισιν
1629 3849 1814 3903 αὑτοῦ
1834 3849 1994 3918 ἐροῦ-

417 3945 534 4002 μεν
571 3930 824 3985 ἐνώπιον
856 3929 965 3985 τοῦ
1014 3930 1338 3997 βασιλέως.
1379 3931 1463 3985 Σὺ
1499 3933 1796 4001 ,ϐασιλεὺς
1817 3936 1993 3999 βασι-

420 4019 596 4073 λέων.
615 4017 718 4072 Σοὶ
749 4020 782 4072 ό
810 4016 957 4083 Θεὸς
979 4016 1085 4070 τοῦ
1111 4017 1372 4084 οὐρανοῦ
1389 4018 1715 4082 ,βασιλείαν
1737 4019 1993 4090 ἰσχυρὰν

421 4106 521 4160 καὶ
553 4106 841 4175 κραταιὰν
865 4103 964 4158 καὶ
985 4103 1228 4173 ἔντιμον
1256 4103 1484 4158 ἔδωκεν
1511 4106 1581 4159 ἐν
1605 4106 1785 4163 παντί
1808 4110 1989 4175 τόπῳ,

419 4194 572 4247 ὅπου
613 4192 1004 4248 κατοικοῦσιν
1034 4193 1088 4244 οἱ
1124 4190 1241 4245 υίοί
1268 4190 1387 4245 τῶν
1414 4193 1739 4261 ἀνθρώπων
1762 4212 1776 4226 ·
1817 4198 1990 4266 θηρία

416 4298 481 4333 τε
510 4281 715 4350 ἁηοοῦ,
744 4280 839 4334 καί
861 4278 1102 4333 πετεινὰ
1123 4279 1385 4347 οὐρανοῦ
1408 4280 1632 4336 ἔδωκεν
1649 4282 1719 4337 ἐν
1737 4282 1813 4352 τῇ
1839 4285 1991 4354 χειρί

413 4382 552 4432 σου,
577 4369 674 4422 καί
704 4364 1079 4434 κατέστησέν
1097 4382 1171 4421 σε
1192 4367 1401 4436 κύριον
1424 4368 1690 4425 πάντων.
1727 4371 1855 4424 Ὅτε
1882 4374 1984 4425 ἐπ-

413 4453 653 4519 εδείξατο
688 4453 780 4507 τοῦ
824 4453 958 4507 Θεοῦ
1000 4453 1099 4525 τὴν
1128 4454 1298 4523 ἰσχὺν,
1328 4454 1449 4508 τότε
1492 4456 1630 4525 μετά
1675 4458 1986 4529 παρρησίας

410 4543 563 4614 αύτῴ
593 4545 686 4598 καὶ
710 4543 773 4596 τὸ
795 4544 1055 4614 κήρυγμα
1088 4542 1368 4613 κηρύττει.
1402 4545 1511 4598 Kal
1533 4546 1635 4617 ὅρα
1672 4547 1808 4616 μετὰ
1831 4547 1987 4601 κολα-

407 4632 562 4695 κείας
588 4632 718 4701 ὅσης
742 4631 769 4671 ιι
814 4630 987 4701 ἐνίησι
1015 4629 1105 4682 τὸν
1148 4629 1324 4698 λόγον,
1365 4631 1459 4684 καὶ
1506 4630 1641 4701 μετά
1667 4634 1852 4705 τιμῆς.
1899 4634 1983 4688 Σὺ

471 4766 499 4795 ι
518 4765 721 4828 Τρυφήν.
747 4762 1123 4828 Ιιιιθιίῇςειιόιιω
1149 4760 1354 4828 arbitr-qr
1371 4762 1432 4811 de
1453 4763 1710 4828 edacilale.
1739 4765 1977 4828 Hesych.:

404 4822 578 4901 τρυφὴ,
600 4822 1263 4901 γαστριμαργίακπγολμφαγία,
1297 4825 1605 4901 εἰκαιοφαγία.
1634 4822 1853 4901 Summi;
1871 4845 1983 4892 τρυ-

404 4882 573 4948 φὴλὸς,
587 4882 668 4934 καὶ
684 4882 939 4954 τρυφητής,
953 4887 980 4933 ό
999 4882 1220 4954 ἀπληστα
1245 4882 1468 4954 τρῴγωνξ
1480 4882 1588 4954 Iino
1604 4882 1754 4954 apud
1773 4882 1983 4954 Chry'so-

400 4945 609 5018 ilpmum
644 4945 945 5018 §wpptpuqn§
987 4945 1206 4995 ciborum
1245 4945 1448 4995 delicias
1488 4945 1743 5012 signi/ibat,
1783 4957 1834 4999 et
1870 4945 1984 5016 7:00-

402 5014 492 5073 φᾷν
514 5010 776 5058 convivari.
1534 5010 1543 5012 '
1614 5010 1623 5012 ‘
1904 5010 1914 5016 ‘

464 5069 494 5107 δ
516 5068 786 5136 Ᾱᾷςςίιὴιεε
801 5068 865 5116 de
888 5067 1084 5136 Kegxe;
1121 5068 1362 5136 ῥτολμῷν
1458 5067 1559 5124 ταῖς
1576 5069 1845 5136 ἐπιστολαῖς
1867 5071 1983 5136 γρά-

399 5148 520 5193 φειν,
545 5133 618 5179 ὅτι
644 5130 876 5194 δεσπότης
898 5129 1023 5194 ἐστὶν
1046 5128 1265 5194 ἁπάντων
1286 5128 1646 5194 ἀνθρςέητωνγάᾄ
1671 5133 1807 5189 ἡλίου
1827 5128 1982 5183 ἀνιόν-

398 5190 479 5272 ’ξος
498 5190 636 5272 μέχρι
657 5191 1137 5272 δγομέλνου.“.1ε)ειι³ηεε
1156 5190 1355 5238 Tzelzes
1371 5190 1594 5265 phjliade
1611 5190 1792 5243 lenia:

404 5252 468 5329 ’ρ
498 5252 762 5329 ᾎσρυρίων
784 5252 1018 5329 ﬁstulata“
1031 5254 1056 5300 6
1080 5252 1341 5329 ξέσωστρις
1363 5252 1554 5329 ἐμεῖνος,

394 5316 536 5364 Κατὰ
554 5316 606 5363 δὲ
623 5314 704 5363 τὸν
725 5314 961 5375 Διόδωρον
987 5314 1224 5375 Σεσόωσις
1243 5314 1328 5371 τὴν
1348 5314 1534 5372 κλῆσιν,

393 5379 507 5425 Τῶν
540 5375 805 5438 Ἀσσυρίων
826 5376 1098 5438 μοναρχῶν)
1122 5374 1239 5436 ἦρχε
1260 5381 1343 5438 τῆς
1359 5380 1444 5435 γῆς
1464 5374 1669 5438 ἁπάσης,

396 5437 637 5498 Ζευγνύων
660 5436 707 5483 ἐν
727 5437 798 5497 τῷ
820 5436 992 5497 ἅρματι
1012 5436 1180 5483 τούτου
1203 5436 1310 5491 τοὺς
1328 5436 1565 5498 βασιλέας,

398 5497 595 5547 Kalx‘m’
616 5497 772 5559 αὐτῶν
794 5498 1068 5559 συρόμενος,
1089 5498 1250 5559 ὥσπερ
1274 5498 1351 5559 ὑφ’
1375 5499 1532 5559 ἵππων
1556 5499 1712 5559 ἄλλοι,

394 5561 491 5608 Καὶ
513 5558 858 5621 κοσμοκράτωρ
888 5559 968 5605 καὶ
989 5559 1096 5621 θεὸς.
1110 5558 1334 5621 ἐκέκλητο
1353 5558 1448 5612 τοῖς
1467 5559 1593 5621 τότε,

397 5619 599 5674 Vides“
611 5616 781 5672 ἠοίὰηι
802 5616 1177 5683 ἱιὶίενριέίιιιίοιιὶ
1204 5616 1381 5670 Lalinw
1399 5617 1669 5683 subjectum.

1822 256 1888 311 ΙΝ
1922 256 2289 316 DANIELEM.

3584 280 3692 337 ‘208

2122 372 2442 440 βασιλεὺς,
2462 375 2612 446 φησὶ,
2633 376 2960 440 βασιλέων.
2982 377 3079 434 Σοὶ
3093 383 3123 434 ό
3141 381 3277 450 Θεὸς
3302 383 3407 439 τοῦ
3426 387 3688 453 οὐρανοῦ

2115 460 2443 523 βασιλείαν
2463 463 2720 531 ίσχιφὰν
2734 465 2829 518 καί
2859 468 3143 533 κραταιὰν
3165 468 3261 522 καί
3278 471 3516 541 ἔντιμον
3541 474 3684 527 ἐδω-

2123 568 2232 606 κεν
2257 552 2328 605 ἐν
2358 552 2535 605 παντί
2555 555 2735 620 τόπῳ,
2762 556 2914 610 ὅπου
2934 559 3320 633 κατοικοῦσιν
3341 565 3393 615 οἱ
3418 564 3531 616 υίοί
3566 563 3686 617 τῶν

2125 643 2453 713 ἀνθρώπων
2473 664 2490 679 ·
2531 649 2703 717 θηρία
2733 666 2796 703 τε
2820 650 3028 719 ἀγροῦ,
3062 651 3161 705 καί
3193 652 3432 706 πετεινά
3452 652 3555 705 τοῦ
3582 651 3684 705 οὐ·

2115 742 2308 809 ρανοῦ
2336 742 2556 799 ἔδωκεν
2594 746 2664 799 ἐν
2691 745 2765 815 τῇ
2801 749 2952 815 χειρί
2987 762 3121 801 σου.
3162 748 3237 800 Οὐ
3275 746 3381 799 τῶν
3408 749 3685 814 συγγενῶν

2123 832 2428 905 ἀνθρώπων
2449 836 2626 906 μόνον,
2649 836 2785 891 ἀλλά
2802 837 2897 891 καὶ
2918 837 3017 907 τῆς
3041 837 3270 907 ἐρήμου,
3303 836 3524 890 καὶτῶν
3546 837 3685 908 ὑπὲρ

2122 925 2363 996 κεφαλῆς
2392 927 2601 999 ἄρχεις.
2634 930 2773 999 Ὅρα
2808 928 2925 992 πῶς
2957 927 3255 994 ἐνεδείξατο
3284 927 3378 980 τοῦ
3411 926 3542 980 Θεοῦ
3584 926 3684 999 τὴν

2120 1016 2324 1088 δωρεὰν
2352 1020 2565 1090 ἐκείνην
2596 1020 2694 1092 τὴν
2714 1023 2771 1073 ἐν
2800 1021 2940 1091 ἀρχῇ
2967 1020 3264 1091 γενομένην
3288 1037 3301 1049 ο
3334 1019 3437 1074 Καὶ
3475 1019 3685 1087 ἄρχετε

2119 1108 2239 1163 τῶν
2257 1111 2479 1180 ἰχθύων
2505 1110 2615 1179 τῆς
2646 1111 2981 1179 θαλάσσης,
3004 1111 3106 1165 καί
3129 1108 3247 1164 τῶν
3268 1109 3548 1164 πετεινῶν
3578 1108 3684 1164 τοῦ

2120 1202 2378 1270 ούρανοῦ
2400 1216 2416 1234 ο
2445 1203 2532 1257 ἵνα
2558 1204 2737 1276 μάθῃς
2760 1206 2840 1259 ὅτι
2870 1204 2966 1258 καὶ
2990 1204 3087 1275 τῆς
3112 1204 3319 1276 ἐρήμου
3354 1203 3683 1273 δημιουργὸς

2119 1293 2299 1358 αὐτὸς,
2326 1295 2408 1347 ὅτι
2434 1295 2528 1349 καὶ
2560 1295 2761 1367 θηρίων
2796 1295 3047 1366 ποιητὴς,
3070 1295 3191 1365 οὐχὶ
3217 1294 3325 1348 τῶν
3348 1296 3567 1366 ἡμέρων
3587 1294 3682 1365 μό-

2116 1401 2226 1438 νον.
2265 1385 2377 1439 Kal
2408 1386 2466 1440 ἐν
2498 1388 2662 1443 παντὶ
2705 1388 2875 1458 τόπῳ,
2907 1388 3040 1441 ὅπου
3091 1388 3435 1441 κατοικοῦσιν
3477 1389 3524 1441 οἱ
3573 1387 3680 1441 υίοὶ

2114 1473 2223 1527 τῶν
2254 1474 2576 1546 ἀνθρώπων,
2608 1478 2691 1531 00l
2726 1477 2891 1531 ἔδωκε
2928 1477 3024 1550 τὴν
3053 1477 3328 1548 βασιλείαν
3361 1481 3390 1531 ό
3418 1479 3550 1541 Θεὸς
3581 1479 3677 1553 τοῦ

2114 1563 2366 1636 ούρανοῦ.
2391 1566 2584 1621 Οὐκέτι
2606 1568 2737 1639 φησι
2757 1585 2770 1598 ·
2806 1569 2978 1622 Ἔστι
3003 1568 3144 1635 Θεὸς
3165 1569 3234 1622 ἐν
3254 1568 3505 1636 οὐρανῷ.
3534 1570 3676 1639 Ὅρα

2116 1656 2233 1721 πῶς
2272 1657 2414 1712 κατά
2453 1660 2646 1732 μικρὸν
2682 1660 2890 1729 εἰσάγει
2916 1661 2975 1714 τὸ
3003 1661 3195 1731 δόγμα.
3240 1661 3461 1733 Πρῶτον
3498 1658 3673 1728 εἶπεν,

2112 1747 2193 1799 ὅτι
2220 1749 2336 1800 ἐκεῖ
2359 1750 2514 1813 οἰκεῖ,
2545 1749 2633 1804 ἵνα
2667 1749 2741 1821 μὴ
2763 1751 2889 1820 περὶ
2913 1750 3012 1821 τὴν
3038 1751 3141 1821 γῆν
3169 1752 3330 1805 αὑτὸν
3365 1752 3668 1823 φαντασθῇ.

2125 1839 2342 1911 Ἐπειδὴ
2380 1840 2436 1894 δέ
2479 1841 2695 1906 ἐδέξατο
2737 1842 2798 1896 τὸ
2835 1843 3011 1913 δόγμα
3054 1845 3251 1909 ἐκεῖνο,
3291 1845 3450 1899 πάλιν
3507 1845 3671 1901 αὑτὸν

2110 1930 2392 2002 ἀφίστησι,
2442 1934 2723 1988 καὶτοῦτο
2750 1935 2982 1999 δεικνὺς,
3028 1937 3112 1991 ὅτι
3155 1938 3481 2009 δημιουργός
3522 1941 3670 1994 ἐστιν

2110 2022 2276 2076 αὑτοῦ
2307 2022 2401 2077 τοῦ
2436 2024 2686 2094 ούρανοῦ,
2720 2027 2814 2079 καὶ
2852 2027 3128 2099 Δεσπότης
3162 2029 3253 2081 καὶ
3295 2029 3519 2099 Κύριος,
3550 2031 3670 2100 οὐχὶ

2108 2114 2272 2168 τόπον
2310 2116 2470 2169 αὐτὸν
2514 2116 2672 2186 ἔχων,
2704 2118 2815 2171 ἀλλ’
2860 2118 3015 2190 ἔργον
3053 2118 3214 2172 αὑτοῦ
3245 2120 3421 2173 τοῦτο.
3455 2122 3518 2174 Εἰ
3562 2121 3669 2194 γὰρ

2106 2205 2202 2258 τοῦ
2237 2207 2464 2277 ούρανοῦ
2512 2208 2735 2279 Κύριος,
2781 2209 3000 2264 δύναται
3036 2210 3216 2264 δοῦναί
3263 2228 3345 2264 σοι
3396 2212 3493 2283 τὴν
3543 2217 3667 2284 γῆν.

2108 2295 2261 2370 [216]
2289 2298 2458 2362 Αὐτὸς
2482 2299 2637 2353 ἔλαϐε
2666 2301 2756 2353 τὸν
2775 2302 3021 2372 οὐρανὸν,
3063 2303 3157 2355 καὶ
3188 2302 3270 2354 σοὶ
3296 2303 3395 2374 τὴν
3418 2305 3523 2373 γῆν
3540 2305 3670 2358 ἔδω-

2104 2405 2220 2444 κεν.
2254 2390 2431 2460 Ὅπερ
2463 2390 2570 2460 γάρ
2592 2393 2738 2444 ἐστιν
2766 2394 2967 2457 ἐκεῖνος
2995 2395 3128 2459 ἐκεῖ,
3168 2394 3326 2449 τοῦτο
3361 2397 3424 2449 σὺ
3456 2397 3548 2449 ἐπὶ
3570 2398 3668 2467 τῆς

2101 2483 2224 2553 γῆς,
2254 2483 2470 2537 πάντων
2499 2482 2790 2555 ἀνώτερος,
2825 2484 3042 2539 πάντων
3078 2486 3279 2557 ἄρχων,
3317 2489 3532 2542 πάντων
3570 2506 3665 2543 κε-

2100 2575 2263 2646 φαλή.
2295 2576 2406 2628 Kal
2433 2575 2541 2629 τῶν
2574 2575 2666 2629 ἐπὶ
2691 2576 2793 2645 τῆς
2824 2578 2925 2647 γῆς
2959 2595 3040 2631 σοι
3063 2578 3222 2632 πλέον
3247 2580 3466 2643 ἔδωκεν,
3496 2597 3666 2648 κεφα-

2098 2666 2195 2739 λήν
2229 2683 2288 2719 σε
2319 2668 2571 2738 ποιήσας,
2600 2668 2693 2721 καλ⁵
2715 2669 2921 2739 χρυσῆν
2941 2668 3116 2733 δείξας
3133 2687 3228 2723 σου
3244 2671 3342 2741 τὴν
3367 2671 3662 2741 βασιλείαν,

2098 2759 2324 2831 χρυσίου
2363 2758 2626 2831 καθαροῦ.
2668 2759 2753 2812 Σὺ
2791 2756 2848 2815 εἷ
2886 2759 2924 2827 ἡ
2963 2759 3194 2829 κεφαλὴ
3230 2762 3268 2831 ἠ
3299 2762 3520 2831 χρυσῆ.
3551 2764 3662 2817 Kal

2099 2852 2294 2905 ὀπίσω
2339 2865 2455 2905 σου
2494 2836 2901 2919 ἀναστήσεται
2939 2853 3229 2916 βασιλεία
3264 2852 3435 2922 ἑτέρα
3470 2854 3664 2921 ἢττων

2096 2958 2233 3005 σου,
2258 2942 2296 3010 ἢ
2311 2942 2482 2995 ἐστιν
2500 2942 2755 3011 ἄργυρος
2768 2958 2780 2972 °
2800 2943 2895 2996 καί
2918 2944 3205 3006 ,βασιλεία
3225 2946 3408 3013 τρίτη,
3433 2946 3471 3014 ἢ
3494 2947 3664 3001 ἐστιν

2096 3037 2130 3088 ό
2152 3033 2398 3103 χαλκὸς,
2423 3032 2461 3101 ἢ
2488 3034 2742 3103 κυριεύει
2769 3035 2830 3104 (ί.
2855 3034 3151 3104 κυριεύσει)
3175 3036 3378 3104 πάσης
3397 3037 3510 3108 τῆς
3530 3037 3660 3110 γῆς.

2095 3124 2327 3196 Τοιαύτη
2372 3125 2480 3197 γὰρ
2518 3128 2552 3197 ἠ
2594 3126 2917 3181 Μακεδόνων
2956 3126 3188 3195 ἐγένετο.
3242 3129 3352 3182 Kal
3376 3130 3664 3194 βασιλεία

2094 3214 2370 3285 τετάρτη,
2418 3216 2549 3284 ἣτις
2588 3216 2761 3271 ἐστὶν
2791 3216 3009 3286 ισχυρὰ
3049 3219 3129 3285 ὡς
3157 3222 3190 3273 ό
3223 3221 3489 3289 σίδηρος.
3552 3226 3661 3277 Ὃν

2092 3309 2315 3376 τρόπον
2324 3307 2434 3377 γὰρ
2452 3310 2732 3363 λεπτύνει
2747 3313 2780 3364 ό
2804 3310 3056 3380 σίδηρος
3072 3313 3164 3367 καί
3187 3308 3422 3382 δαμάζει
3442 3314 3657 3378 πάντα,

2093 3398 2245 3452 οὕτω
2276 3399 2471 3454 πάντα
2506 3401 2788 3456 λεπτυνεῖ
2820 3403 2917 3457 καί
2949 3402 3220 3474 δαμάσει.
3251 3406 3362 3460 Kal
3389 3407 3657 3476 τετάρτη,

2093 3493 2277 3562 φησὶν,
2313 3494 2346 3563 ὴ
2390 3493 2693 3563 Ῥωμαίων.
2742 3495 2817 3548 Ού
2850 3495 2995 3564 λέγει
3035 3496 3090 3550 δὲ
3118 3498 3184 3552 τὰ
3212 3498 3469 3570 ὀνόματα.
3504 3501 3659 3563 Τίνος

2091 3582 2307 3648 ἐνεκεν;
2354 3583 2387 3655 ἢ
2439 3585 2501 3654 (f.
2557 3585 2678 3657 μή)
2722 3586 2830 3658 γὰρ
2877 3587 2944 3642 ἂν
2997 3589 3328 3662 σαφέστερον
3363 3592 3452 3645 τὸν
3502 3591 3658 3660 λόγον

2090 3674 2379 3745 ἐποίησεν,
2429 3675 2570 3730 ὥστε
2624 3677 2698 3749 μὴ
2750 3679 2976 3743 πολλοὺς
3024 3680 3283 3749 ἀφανίσαι
3335 3682 3404 3736 τὰ
3457 3682 3656 3753 βιϐλία.

2088 3765 2198 3818 Kal
2229 3765 2319 3820 ὄτι
2353 3764 2510 3832 εἶδες
2552 3769 2692 3835 τοὺς
2722 3769 2933 3835 πόδας,
2984 3770 3081 3823 καί
3112 3770 3252 3837 τοὺς
3294 3771 3654 3841 δακτύλους,

2083 3855 2266 3925 μέρος
2288 3857 2406 3925 μέν
2439 3874 2494 3911 τι
2525 3858 2902 3927 ὀστράκινον,
2942 3858 3123 3930 μέρος
3162 3862 3227 3916 δέ
3261 3880 3312 3916 τι
3344 3865 3654 3933 σιδηροῦν,

2083 3949 2373 4012 ,ϐασιλεία
2405 3949 2728 4018 διῃρημένη
2757 3951 2946 4018 ἔσται,
2971 3953 3068 4006 καὶ
3098 3955 3213 4008 ἀπὸ
3235 3954 3343 4021 τῆς
3355 3955 3520 4023 ῥίζης
3546 3956 3656 4023 τῆς

2089 4037 2340 4110 σιδηρᾶς
2369 4041 2540 4095 ἔσται
2566 4041 2637 4094 ἐν
2676 4041 2852 4109 αὐτῇ,
2888 4043 2961 4097 ὃν
2985 4046 3205 4111 τρόπον
3235 4042 3387 4111 εἷδες
3422 4047 3527 4098 τὸν
3558 4048 3655 4099 σί-

2087 4132 2274 4200 δηρον
2312 4131 2790 4203 ἀναμεμιγμένον
2832 4133 2910 4199 τῷ
2950 4135 3220 4203 ὀστράκῳ
3270 4135 3351 4201 τῷ
3397 4138 3651 4205 πηλίνῳ.

2086 4224 2196 4277 Kal
2231 4225 2283 4277 οι
2315 4222 2601 4277 δάκτυλοι
2628 4222 2748 4277 τῶν
2773 4223 2976 4278 ποδῶν
3000 4224 3181 4294 μέρος
3224 4225 3341 4295 μέν
3381 4245 3435 4281 τι
3484 4227 3654 4293 σιδη-

2078 4315 2254 4384 ροῦν,
2297 4314 2481 4385 μέρος
2526 4314 2594 4368 δέ
2633 4332 2689 4368 τι
2720 4315 3096 4384 ὀστράκινον,
3124 4302 3305 4385 μέρος
3337 4317 3650 4386 τῆςςϐαοέι-

2085 4408 2256 4474 λείας
2299 4407 2472 4461 ἔσται
2508 4406 2780 4477 ἰσχυρὸν,
2818 4407 2916 4460 καί
2939 4408 3041 4462 ἀπ’
3082 4407 3268 4476 αὐτῆς
3302 4409 3472 4463 ἔσται
3503 4428 3653 4464 συν-

2083 4497 2449 4567 τριϐόμενον.
2465 4496 2574 4551 Kal
2589 4496 2677 4550 ὅτι
2699 4493 2853 4564 εἶδες
2876 4498 2982 4552 τὸν
3001 4498 3652 4572 σίδηρονάναμεμιγμέ-

2082 4604 2193 4642 νον
2215 4585 2296 4652 τῷ
2312 4588 2582 4655 ὀστράκῳ
2597 4586 2690 4654 ,τῷ
2711 4590 2963 4655 πηλίνῳ,
2981 4591 3294 4659 συμμιγεῖς
3314 4592 3556 4647 ἔσονται
3579 4594 3649 4647 ἐν

2080 4679 2371 4750 σπέρματι
2392 4679 2512 4733 τῶν
2535 4680 2876 4748 ἀνθρώπων,
2907 4681 3006 4735 καί
3038 4685 3150 4736 οὐκ
3182 4682 3427 4738 ἔσονται
3457 4699 3646 4753 προσ-

2079 4770 2464 4842 κολλώμενοι,
2503 4772 2694 4838 καθὼς
2738 4775 2770 4826 ό
2808 4772 3060 4841 σίδηρος
3102 4775 3212 4827 οὐκ
3257 4775 3646 4845 ἀναμίγνυται

2074 4864 2224 4934 μετὰ
2253 4863 2358 4918 τοῦ
2392 4863 2712 4931 ὀστράκου.
2747 4864 2887 4917 Πότε
2915 4863 3074 4917 τοῦτο
3106 4865 3199 4917 ἐπὶ⁸
3239 4865 3520 4937 Ῥωμαίων
3554 4870 3642 4939 γέ-

2079 4976 2268 5028 γονεν;
2325 4959 2487 5029 Ὁρᾷς
2546 4957 2642 5011 καὶ
2689 4954 2965 5028 βασιλείας
3014 4957 3310 5027 γενομένας
3362 4958 3641 5028 τοιαύτας;

2081 5050 2216 5120 Οὐχὶ
2248 5049 2354 5102 ἀπὸ
2404 5047 2682 5119 βασιλικοῦ
2711 5046 2903 5115 γένους
2942 5047 3203 5112 ἅπαντας,
3241 5049 3416 5114 ἄλλως
3460 5052 3517 5106 δὲ
3551 5053 3644 5107 καὶ

2079 5143 2342 5204 ἀπίστους
2376 5141 2437 5210 (ί.
2461 5140 2703 5203 ἀπίστως
2727 5139 2747 5212 )
2772 5138 2998 5204 πολλοὺς
3022 5140 3412 5212 διακειμένους.
3443 5144 3550 5198 Kal
3573 5145 3646 5199 ἐν

2080 5233 2206 5299 ταῖς
2228 5231 2474 5301 ἡμέραις
2502 5228 2621 5282 τῶν
2647 5228 2954 5294 βασιλέων
2978 5230 3225 5286 ἐκείνων
3248 5230 3575 5297 ἀναστήσει
3609 5234 3643 5286 ὀ

2081 5326 2225 5390 Θεὸς
2243 5325 2348 5378 τοῦ
2367 5322 2627 5392 οὐρανοῦ
2643 5324 2987 5390 βασιλείαν,
3008 5325 3139 5396 ἥτις
3158 5331 3244 5393 είς
3261 5328 3401 5393 τοὺς
3422 5325 3642 5391 αἰῶνας

2077 5419 2149 5470 οὐ
2197 5415 2693 5484 διαφθαρήσεται·
2734 5415 2832 5470 καί
2874 5416 2913 5484 η
2958 5418 3245 5482 ζϐασιλεία
3285 5415 3469 5471 αὐτοῦ
3514 5413 3644 5479 λαῷ

2075 5507 2254 5576 ἑτέρῳ
2283 5508 2394 5575 οὐχ
2426 5507 2961 5579 ὑπολειφθήσεταισ
3000 5507 3289 5564 λεπτυνεῖ
3313 5505 3411 5559 καί
3434 5502 3643 5572 λικμή-

2076 5618 2171 5655 σει
2202 5599 2402 5668 πάσας
2426 5601 2530 5669 τὰς
2551 5603 2872 5672 ,ϐασιλείας
2887 5618 2903 5635 ο
2933 5603 3029 5658 καί
3057 5601 3212 5671 αὐτὴ
3237 5595 3640 5665 ἀναστήσεται
