4038 6204
225 217 337 276 209

225 332 492 402 ιιτὶεῑηειιι
523 332 743 390 duxisse
781 349 847 390 ex
894 349 1092 405 genere
1143 336 1326 407 regio;
1372 336 1629 407 plurimos
1656 338 1816 392 etiam

222 425 390 480 fuisse
412 426 674 482 inﬁdeles.
696 427 786 481 44.
815 445 835 479 α
865 427 934 482 Ει
956 428 1008 483 in
1034 428 1220 484 diebus
1258 444 1443 499 regum
1465 429 1676 484 illorum
1696 443 1814 484 sus-

219 517 410 571 citabit
449 517 590 572 Deus
627 519 743 573 c:eli
776 533 1014 588 regnum,
1067 519 1208 590 quod
1251 521 1302 574 in
1344 520 1536 575 szrcula
1571 536 1674 574 non
1699 535 1817 574 cor-

219 617 503 678 rumpetur
532 625 546 660 :
579 618 634 664 et
683 624 901 680 regnum
944 610 1060 680 ejus
1105 612 1299 682 popqu
1327 613 1480 668 alteri
1521 627 1624 666 non
1654 612 1818 668 relin-

221 710 423 769 quetur
446 716 462 752 :
487 700 819 755 comminuet
868 711 921 756 et
947 703 1222 758 ventilabit
1257 704 1497 759 universa
1528 719 1688 774 regna
1721 721 1735 758 :
1764 713 1818 760 et

222 793 405 860 ipsum
433 800 687 862 exsurget
714 793 766 845 in
803 793 1020 848 saecula.
1054 812 1074 847 ι
1103 795 1369 854 Adducito
1407 796 1538 851 mihi
1580 797 1684 852 huc
1718 797 1814 853 Ju-

217 883 393 938 daeos.
418 881 556 950 Quid
573 883 640 938 de
663 883 765 939 hac
781 885 1055 955 prophetia
1070 886 1261 942 dicturi
1277 889 1433 943 sunt?
1461 887 1645 958 Neque
1671 891 1816 944 enim

215 973 466 1042 profecto
485 974 554 1031 de
570 975 803 1031 humano
826 993 992 1048 regno
1027 978 1140 1034 hmc
1169 979 1244 1035 l'as
1271 989 1352 1035 est
1377 980 1578 1049 dicere,
1609 982 1814 1038 scilicet

216 1081 445 1137 regnum
472 1067 740 1124 infinitum
766 1071 916 1126 fore:
947 1071 1044 1127 sed
1069 1082 1278 1142 oportet
1303 1074 1537 1145 aliquem
1565 1090 1684 1132 esse
1702 1117 1717 1142 ,
1741 1076 1810 1133 dc

217 1173 328 1228 quo
370 1158 489 1214 hac
515 1159 656 1216 dicta
683 1170 827 1216 sunt.
853 1162 1007 1230 Quod
1048 1165 1092 1219 si
1117 1164 1316 1220 dixeris
1335 1206 1351 1234 ,
1379 1165 1446 1222 de
1476 1167 1631 1224 Patre
1681 1183 1806 1237 pro-

216 1249 323 1304 lata
371 1250 571 1318 fuisse,
597 1261 652 1307 at
678 1253 801 1309 audi
843 1255 968 1325 quid
997 1256 1205 1315 dicatur
1239 1257 1349 1313 ειη
1401 1259 1574 1314 diebus
1638 1277 1812 1330 regum

215 1341 428 1397 illorum
455 1360 477 1399 :
506 1343 866 1401 Romanorqu
891 1347 1153 1404 videlicet.
1175 1349 1327 1418 Quod
1349 1350 1394 1405 si
1421 1350 1636 1407 dicant:
1663 1351 1809 1418 Quo-

216 1433 385 1489 modo
425 1449 614 1490 aurum
640 1445 919 1492 conterere
943 1438 1144 1508 potuit,
1169 1453 1360 1510 nempe
1383 1455 1602 1512 regnum
1633 1441 1808 1513 Baby-

215 1523 486 1580 loniorum
507 1565 524 1591 ,
555 1527 695 1596 quod
719 1526 829 1597 jam
849 1529 977 1583 olim
999 1537 1114 1584 erat
1139 1528 1513 1586 destructum?
1541 1531 1810 1602 quomodo

215 1618 384 1671 etiam
433 1627 748 1688 argentum,
808 1619 1061 1674 nimirum
1106 1635 1328 1692 regnum
1380 1622 1699 1677 Persarum?
1752 1634 1808 1676 et

214 1708 492 1778 quomodo
515 1723 622 1775 tes,
644 1710 845 1766 scilicet
870 1725 1088 1781 regnum
1109 1711 1491 1767 Macedonum?
1522 1713 1637 1767 haec
1663 1713 1804 1767 enim

215 1800 496 1868 quondam
519 1802 726 1857 fuerant
750 1811 806 1857 et
833 1804 992 1858 linem
1019 1813 1356 1874 acceperant.
1391 1804 1584 1858 Verum
1616 1820 1682 1859 ne
1707 1806 1806 1859 mi-

214 1893 392 1956 reris,
449 1891 752 1949 carissime.
807 1892 864 1948 Si
915 1894 1056 1948 enim
1109 1894 1306 1950 Paulus
1353 1909 1517 1950 ausus
1566 1911 1672 1951 non
1725 1908 1807 1952 est

215 1991 404 2052 aperte
423 1982 605 2053 loqui;
638 1983 729 2038 sed
769 1984 842 2038 ait
873 2003 887 2038 :
927 1984 1100 2039 Donec
1120 1987 1208 2055 qui
1237 1995 1366 2040 tenet
1395 1986 1458 2040 de
1485 1987 1646 2040 medio
1671 1987 1761 2054 ﬁat
1786 2003 1804 2041 :

212 2076 391 2129 multo
419 2076 590 2146 magis
617 2076 894 2146 propheta.
935 2077 1188 2145 Quanam
1215 2079 1357 2134 enim
1378 2119 1394 2144 ,
1440 2094 1658 2150 quaeso,
1690 2081 1799 2135 uti-

215 2164 344 2218 litas
373 2180 447 2219 ex
471 2174 656 2235 aperta
701 2165 1011 2236 loquutione
1036 2175 1150 2222 orta
1179 2167 1400 2223 fuisset?
1427 2168 1482 2224 Si
1511 2177 1686 2224 autem
1718 2169 1802 2224 di-

211 2255 417 2323 xerint,
436 2256 555 2322 Quo
581 2265 735 2327 pacto
748 2258 1087 2314 contrivith
1106 2273 1170 2316 ac
1187 2259 1422 2315 ferrum?
1444 2260 1560 2315 hanc
1579 2261 1802 2332 quaestio

211 2347 319 2402 erit
345 2347 676 2404 communis.
727 2348 938 2404 Etenim
979 2349 1048 2406 de
1094 2349 1223 2420 ipsis
1248 2350 1469 2420 perinde
1510 2361 1799 2422 quaeretur,

210 2437 491 2506 quomodo
505 2437 616 2508 jam
627 2439 891 2496 exstincta
915 2429 1078 2510 regna
1104 2440 1528 2509 destruat?Quia
1551 2443 1800 2498 nimirum

209 2529 451 2584 destruit
471 2531 575 2584 alia
605 2545 768 2602 regna
790 2573 806 2598 ,
835 2531 889 2587 in
912 2533 1104 2602 quibus
1125 2531 1242 2588 hinc
1267 2534 1626 2589 continentur.
1655 2535 1822 2590 Alio-‘

208 2621 342 2690 quin
367 2629 547 2676 autem
580 2621 630 2676 id
659 2622 891 2677 latenter
919 2623 1259 2692 Operabatur,
1286 2637 1409 2679 cum
1455 2625 1616 2680 etiam
1644 2635 1801 2681 antea

207 2714 363 2769 Deus
387 2723 565 2776 esset,
593 2715 689 2770 scd
721 2715 953 2770 nondutn
983 2717 1103 2771 ideo
1135 2717 1280 2772 visus
1298 2757 1314 2780 ,
1359 2726 1418 2771 ut
1445 2717 1539 2771 vos
1559 2718 1679 2788 jure
1701 2717 1801 2773 du-

210 2803 482 2860 bitaretis.
507 2803 661 2872 Quod
690 2806 732 2859 si
755 2807 874 2876 quis
895 2807 1117 2862 voluerit
1143 2808 1302 2862 etiam
1324 2807 1377 2861 in
1400 2808 1645 2877 praesenti
1670 2819 1802 2864 tem-

208 2910 351 2966 pore
408 2896 653 2966 accipere
707 2898 1042 2968 prophetiam
1071 2940 1086 2966 ,
1133 2914 1465 2970 nequaquam
1512 2899 1797 2955 aberravit.

207 2987 492 3059 Siquidem
536 3003 680 3044 nunc
729 2993 940 3062 quoque
986 2993 1234 3046 contrivit
1257 3007 1453 3063 regna,
1497 2994 1799 3062 superbiam

207 3081 567 3138 Macedonum
595 3085 672 3157 (et
697 3084 1082 3158 Romanorum)
1131 3086 1445 3156 potentiam.
1496 3087 1626 3141 Cum
1656 3087 1798 3142 enim

209 3175 418 3230 videris
469 3185 732 3248 martyres
777 3175 845 3232 ad
874 3178 964 3233 Dei
1017 3176 1326 3232 mandatum
1375 3177 1700 3248 implendum
1746 3177 1801 3234 id

209 3266 514 3334 facientes,
560 3269 669 3324 imo
694 3278 750 3325 et
775 3280 1001 3324 mortem
1059 3270 1424 3325 sustinentes:
1469 3270 1674 3326 videbis
1710 3285 1802 3326 re-

207 3375 381 3430 gnum
431 3361 606 3425 illius,
651 3370 708 3418 et
749 3361 1020 3432 quomodo
1065 3371 1260 3418 terram
1306 3363 1613 3434 repleverit.
1650 3363 1801 3419 Nosti

209 3450 549 3521 prophetias.
575 3453 631 3508 Si
659 3468 780 3524 qua).
803 3453 870 3508 ab
896 3454 1001 3510 illis
1029 3453 1278 3523 praedicta
1308 3453 1519 3510 fuerant
1545 3469 1651 3511 non
1675 3470 1802 3512 eve-

209 3553 570 3610 nerunt,nec
615 3548 1060 3602 oonsummationi
1111 3547 1294 3604 crede.
1345 3549 1543 3605 Deinde
1572 3549 1798 3620 adjicit:

208 3635 308 3691 ιε.
351 3651 371 3686 t
406 3633 554 3691 Sicut
580 3635 760 3692 vidisti
780 3636 848 3693 de
874 3647 1055 3693 monte
1077 3638 1375 3694 abscissum
1403 3654 1524 3696 esse
1568 3641 1799 3711 lapidem

207 3727 367 3780 εἰπε·
391 3727 670 3794 manibus,
705 3729 794 3799 qui
820 3729 1136 3784 comminuit
1165 3739 1352 3786 testam
1373 3771 1389 3795 ,
1421 3730 1620 3786 ferrum
1640 3771 1657 3798 ,
1685 3745 1798 3800 aes,

208 3826 496 3888 argentum
514 3859 530 3884 ,
557 3833 746 3874 aurum
770 3858 787 3885 ,
814 3819 954 3876 Deus
985 3820 1236 3876 iudicavi:
1265 3822 1376 3891 regi
1407 3838 1527 3892 qua:
1553 3830 1802 3892 oporteat

210 3907 339 3964 fieri
371 3917 492 3978 post
516 3909 651 3965 haec.
679 3909 747 3965 Et
767 3926 950 3966 verum
973 3921 1054 3966 est
1079 3913 1343 3968 somnium
1361 3954 1374 3978 ,
1399 3922 1453 3968 et
1477 3912 1647 3969 fidelis
1671 3928 1803 3970 cou-

205 4001 423 4070 jectura
449 4001 584 4072 ejus.
632 4002 763 4058 Vide
786 4004 1053 4074 quomodo
1092 4004 1248 4060 fidem
1291 4005 1533 4060 adstruat
1573 4006 1640 4060 iis
1680 4021 1800 4076 qua:

208 4091 448 4145 dixerat.
479 4092 562 4146 Ex
603 4092 764 4148 rebus
799 4093 1095 4150 manifestis
1123 4096 1350 4152 obscura
1398 4095 1620 4166 probat,
1645 4096 1799 4166 quasi

209 4183 429 4240 diceret
478 4203 492 4240 :
528 4183 750 4240 Narravi
793 4188 1094 4252 somnium,
1151 4188 1574 4259 interpretationi
1614 4187 1796 4244 crede.

210 4274 354 4342 Quid
379 4274 538 4345 igitur
562 4276 690 4330 rex?
711 4276 800 4332 46.
835 4276 1005 4343 Tunc,
1036 4279 1203 4348 inquit
1222 4320 1238 4346 ,
1263 4296 1354 4334 rex
1384 4277 1798 4333 Nabuchodono-

209 4383 302 4420 sor
341 4367 519 4420 cecidit
548 4367 600 4421 in
628 4369 809 4440 faciem
845 4386 1014 4435 suam,
1041 4379 1085 4422 et
1125 4369 1385 4424 Danielem
1428 4370 1705 4424 adoravit:
1749 4377 1796 4424 et

212 4473 406 4510 manna
432 4467 581 4531 atque
607 4459 790 4514 bonum
824 4460 1030 4516 odorem
1075 4461 1203 4516 dixit
1219 4472 1273 4514 ut
1316 4461 1525 4516 libarent
1569 4463 1634 4516 ei.
1665 4461 1797 4517 Tam

212 4550 322 4605 cito
349 4550 560 4606 Danieli
579 4552 842 4607 creditum
874 4562 974 4608 cst.
1004 4555 1082 4608 Ac
1108 4555 1297 4608 merito
1327 4555 1579 4624 pnecepit
1606 4568 1799 4610 manna

215 4651 266 4695 et
289 4641 494 4698 bonum
518 4642 737 4699 odorem
770 4644 923 4700 libari
941 4645 1018 4700 ei.
1045 4645 1205 4701 Vides
1242 4646 1530 4701 maximum
1567 4646 1800 4702 miracu-

219 4731 348 4787 lnm.
388 4732 550 4788 Vides
571 4743 628 4788 ut
656 4750 773 4791 mos
801 4737 874 4791 sit
913 4736 1200 4806 gentilibus
1226 4752 1290 4793 ex
1323 4737 1626 4792 hominibus
1667 4736 1799 4794 deos

221 4823 415 4880 facere.
465 4823 647 4896 Itaque
674 4827 888 4897 quando
929 4827 1206 4884 dixerint:
1262 4827 1415 4885 Unde
1459 4826 1796 4883 idololatria?

222 4917 536 4986 principium
568 4917 709 4973 illius
737 4918 905 4974 disce.
933 4918 1020 4975 Sic
1045 4919 1316 4990 apostolos
1344 4934 1556 4990 quoque
1597 4935 1661 4975 ex
1695 4919 1798 4975 lio-

223 5008 452 5063 niuibus
473 5009 608 5065 deos
644 5008 908 5066 faciebant
934 5012 1070 5081 (Act.
1097 5012 1184 5066 14.
1213 5011 1302 5066 Η.
1343 5021 1388 5066 ct
1407 5010 1496 5066 28.
1520 5008 1597 5081 6).
1625 5010 1715 5067 Sic
1743 5019 1798 5068 et

223 5097 461 5155 diabolus
495 5100 562 5154 ab
585 5101 734 5156 iuitio
757 5101 1082 5172 impietatem
1111 5102 1449 5158 introducere
1485 5103 1795 5172 contendit,

224 5191 440 5246 dicens:
466 5190 627 5249 Eritia
650 5195 779 5248 sicut
817 5195 889 5248 dii
915 5194 1066 5265 (Gen.
1109 5197 1162 5250 5.
1187 5196 1262 5263 5).
1304 5195 1371 5250 Et
1393 5196 1642 5266 quoniam
1672 5203 1798 5250 tunc

229 5297 327 5336 non
353 5284 552 5348 valuit,
583 5295 704 5354 post
740 5285 828 5340 illa
862 5285 911 5340 id
941 5295 1145 5353 tentat,
1175 5286 1370 5357 ubique
1393 5286 1644 5341 obnitens
1669 5285 1799 5342 deo.-

230 5388 338 5427 rum
360 5375 750 5430 multitudinem
780 5376 1138 5432 introducere.
1167 5379 1254 5433 47.
1283 5377 1350 5432 Et
1377 5378 1683 5448 respondens
1707 5393 1797 5432 rea:

229 5466 347 5518 dixit
373 5466 577 5520 Danieli
601 5483 619 5520 :
646 5465 710 5520 In
732 5468 938 5522 ueritate
961 5471 1073 5522 novi
1093 5472 1226 5539 quod
1253 5470 1386 5526 Deus
1409 5481 1564 5526 vester
1592 5471 1699 5540 ipse
1723 5479 1797 5526 eat

231 5552 360 5609 Dm
400 5558 591 5620 rit-ens,
636 5566 681 5610 et
708 5555 954 5611 Dominus
975 5575 1164 5630 regum.
1205 5561 1316 5620 lloc
1345 5563 1462 5618 solo
1504 5560 1748 5616 inductus
1777 5601 1792 5625 ,

228 5649 393 5702 statim
428 5647 657 5703 credidit
696 5665 786 5704 rex
819 5665 831 5703 :
860 5648 1027 5705 Juda‘i
1051 5667 1205 5719 vero,
1253 5673 1372 5713 cum
1415 5653 1581 5712 millia
1611 5652 1792 5723 hujus-

1608 222 1671 278 ΙΝ
1713 221 2079 278 DANIELEM.

1926 337 2067 392 modi
2091 339 2368 408 audirent,
2388 360 2490 398 non
2511 346 3041 408 attendebautNides
3059 371 3162 424 qua
3181 357 3384 414 ratione
3408 361 3500 414 tibi

1923 429 2168 485 ostendat
2214 435 2448 503 gentium
2489 448 2695 506 gratum
2742 442 3018 499 animum?
3061 446 3502 521 Quandoquidem

1923 523 2063 575 cnim
2085 523 2530 598 aderatdeinceps
2549 539 2775 600 tempus,
2802 535 2851 588 in
2871 553 2974 604 quo
2991 541 3269 608 oportebat
3288 543 3352 596 ad
3367 559 3503 614 gen-

1923 615 2039 668 tiles
2066 615 2495 683 praadicationem
2518 625 2776 694 evangelii
2801 631 3104 698 exportari,
3127 633 3424 703 autieipans
3445 653 3502 692 se

1920 716 2139 762 excusat
2155 724 2249 778 per
2266 710 2474 766 illorum
2497 717 2879 785 progenitores,
2907 723 3245 793 ostenditque
3267 742 3369 780 non
3398 728 3503 782 fru-

1921 804 2030 851 stra
2049 812 2147 852 nec
2166 808 2365 857 temere
2389 803 2612 871 gentiles
2638 805 2834 862 Judzeis
2858 825 2883 858 a
2902 825 2961 864 se
2979 808 3141 866 fuisse
3162 816 3497 885 praepositos.

2525 937 2746 996 CAPUT
2789 943 2874 996 ΙΙΙ.

1994 1064 2044 1118 l.
2083 1082 2102 1116 ι
2138 1065 2292 1120 Anno
2317 1066 2524 1123 decimo
2548 1081 2734 1126 octavo
2763 1073 2840 1146 (a)
2880 1075 3376 1135 Nabuchodonosor
3407 1101 3496 1138 rex

1921 1151 2050 1211 fecit
2091 1157 2374 1230 imaginem
2405 1175 2618 1216 auream
2659 1181 2674 1218 :
2729 1164 2954 1222 altitudo
3017 1169 3135 1239 ejus
3193 1172 3497 1228 cubitorum

1915 1249 2224 1318 sexaginta,
2260 1259 2315 1306 et
2360 1251 2587 1309 latitudo
2625 1255 2741 1325 ejus
2776 1259 3077 1314 cubitorum
3115 1277 3210 1317 sex
3250 1281 3263 1317 :
3305 1273 3358 1318 et
3392 1277 3499 1320 sta-

1919 1340 2019 1394 tuit
2054 1357 2170 1396 eam
2213 1343 2266 1398 in
2303 1358 2492 1415 eampo
2533 1347 2703 1403 Deera
2753 1351 2808 1404 in
2861 1353 3132 1421 provincia
3187 1356 3474 1428 Babylonis

1912 1429 1967 1484 2.
2031 1433 2098 1488 Et
2147 1433 2639 1495 Nabuchodonosor
2674 1441 2819 1496 misit
2877 1454 3256 1515 congregatum
3307 1463 3494 1505 omnes

1913 1532 2224 1591 summates,
2246 1534 2298 1580 et
2323 1535 2597 1597 praetores,
2629 1531 2911 1601 praesides,
2943 1533 3108 1591 duces
3137 1544 3190 1591 et
3211 1545 3492 1609 tyrannos,

1912 1612 2046 1665 etin
2093 1615 2448 1682 potestatibus
2492 1620 2849 1687 constitutos,
2889 1631 2944 1677 et
2979 1638 3166 1681 omnes
3215 1629 3489 1699 regionum

1915 1703 2271 1772 magistratus,
2302 1715 2360 1762 ut
2403 1709 2647 1765 venirent
2670 1712 2736 1766 ad
2774 1712 3164 1772 dedicationem
3206 1719 3487 1788 imaginis,

1913 1810 2071 1863 quam
2102 1805 2359 1853 statuerat
2382 1799 2874 1860 Nabuchodonosor
2893 1821 3008 1861 rex.
3045 1827 3064 1860 ι
3097 1809 3287 1881 Aspice
3315 1812 3496 1880 splen-

1916 1885 2130 1942 dentem
2163 1903 2343 1944 rerum
2372 1893 2651 1948 veritatem
2676 1912 2689 1946 :
2725 1903 2781 1950 et
2807 1906 2952 1952 certe
2975 1914 3128 1967 quem
3157 1915 3260 1953 non
3289 1903 3500 1972 puduis-

1907 1985 1990 2032 set
2019 1976 2271 2048 llagitium
2302 1981 2440 2050 regis
2467 1983 2772 2040 revelasse?
2797 1984 2932 2053 Quid
2961 1986 3130 2042 dicis?
3157 1988 3247 2044 ille
3280 1992 3367 2060 qui
3399 1991 3493 2046 ad-

1907 2069 2104 2135 oravit,
2137 2071 2224 2140 qui
2252 2086 2444 2128 manna
2469 2073 2684 2140 libavit,
2713 2077 2802 2147 qui
2843 2077 3006 2132 Deum
3036 2079 3170 2136 adeo
3193 2080 3492 2149 honoravit,

1905 2159 1993 2228 qui
2020 2159 2310 2218 admiratus
2333 2172 2445 2230 est,
2475 2173 2528 2220 et
2553 2179 2714 2236 supra
2738 2166 2955 2222 modum
2982 2169 3280 2240 obstupuit,
3307 2173 3490 2240 illene,

1906 2265 2006 2306 nec
2031 2251 2189 2322 longo
2218 2261 2454 2324 tempore
2494 2254 2709 2326 elapso,
2749 2259 2927 2314 statim
2957 2259 3024 2314 ad
3052 2261 3280 2330 priorem
3310 2280 3493 2320 rever-

1907 2343 2034 2398 titur
2073 2347 2356 2402 errorem?
2384 2347 2611 2405 Pulchre
2649 2366 2796 2406 sane.
2829 2351 2944 2409 Non
2986 2354 3127 2409 enim
3169 2371 3290 2410 eum
3329 2358 3496 2428 signis

1904 2434 2365 2506 obstupefecistis:
2393 2454 2514 2494 nam
2543 2441 2673 2496 nihil
2698 2442 2888 2498 horum
2913 2447 3213 2516 cogitarunt
3227 2447 3452 2516 juvenes
3473 2465 3491 2514 ;

1903 2537 1957 2580 at
1996 2543 2157 2583 unum
2194 2529 2530 2588 solummodo
2568 2545 2952 2604 respexerunt,
2997 2539 3266 2608 quomodo
3295 2541 3492 2596 verita-

1905 2625 2010 2674 tem
2032 2619 2225 2675 nudam
2247 2620 2595 2692 deponerent.
2619 2625 2905 2695 Postquam
2925 2627 3067 2682 enim
3089 2628 3176 2683 ille
3197 2631 3382 2685 urbem
3404 2647 3494 2688 ce-

1905 2719 2058 2780 perat
2095 2711 2113 2782 (
2140 2720 2263 2766 tunc
2289 2713 2484 2784 quippe
2512 2714 2896 2788 Jerosolymam
2931 2722 3282 2790 expugnavit,
3313 2732 3368 2777 et
3406 2723 3492 2776 illa

1903 2803 2098 2872 potitus
2139 2803 2297 2876 est),
2327 2807 2497 2862 erexit
2539 2807 2860 2879 imaginem,
2903 2810 3038 2866 forte
3089 2813 3140 2866 in
3189 2813 3492 2883 superbiam

1903 2895 2091 2950 elatus.
2117 2895 2338 2964 Quidam
2359 2897 2562 2962 dicunt,
2586 2900 2727 2970 quod
2745 2901 2986 2972 imaginis
3004 2902 3144 2958 illius
3164 2903 3489 2968 recordatus,

1903 3000 2022 3054 qua:
2051 2985 2152 3056 ipsi
2181 2986 2234 3041 in
2265 2989 2465 3044 somnis
2501 2998 2713 3045 ostensa
2742 2991 2912 3047 fuerat
2939 3009 2954 3047 :
2981 2991 3069 3047 alii
3098 3002 3275 3048 autem
3306 2993 3488 3059 aiunt,

1903 3075 2044 3145 quod
2065 3077 2296 3148 seipsum
2325 3079 2377 3134 in
2402 3079 2532 3136 deos
2564 3081 2762 3138 referre
2783 3083 2985 3138 volens.
3023 3084 3231 3138 Etenim
3261 3084 3362 3138 hoc
3391 3084 3490 3139 dc-

1903 3168 2100 3225 siderio
2129 3171 2444 3226 tenebantur
2471 3175 2705 3244 antiqui,
2739 3182 2796 3229 ut
2836 3174 2909 3229 dii
2943 3185 3322 3241 censerentur,
3356 3177 3492 3232 sicut

1901 3259 2164 3316 diabolus.
2197 3261 2265 3316 Et
2292 3262 2414 3318 vide
2463 3263 2684 3319 exitum.
2715 3265 2848 3320 Cum
2877 3267 3144 3322 omisisset
3182 3266 3404 3338 jubere,
3436 3279 3494 3322 ut

1903 3353 2079 3422 ipsum
2105 3352 2417 3420 adorarent,
2445 3356 2620 3412 ell‘ecit
2649 3366 2704 3412 ut
2733 3357 2905 3428 imago
2930 3373 3024 3414 sua
3053 3359 3361 3416 adoraretur
3381 3401 3395 3426 ,
3424 3375 3490 3414 ex

1903 3444 2068 3500 multa
2095 3461 2272 3500 rerum
2301 3445 2619 3502 abundantia
2661 3447 2710 3503 id
2740 3449 3006 3505 conficere
3047 3451 3233 3506 volens
3252 3492 3266 3515 ,
3297 3459 3352 3506 et
3379 3467 3493 3506 ma-

1901 3533 2177 3606 gnitudine
2205 3544 2362 3605 atque
2389 3538 2631 3606 corporis
2657 3539 2796 3595 mole
2821 3541 3042 3610 cupiens
3069 3541 3361 3610 percellere
3386 3582 3400 3606 ,
3423 3556 3486 3597 ac

1901 3645 2086 3686 rursus
2105 3646 2134 3684 a
2161 3630 2300 3686 loco.
2327 3631 2393 3685 In
2415 3632 2525 3686 loco
2549 3631 2740 3698 Deera,
2773 3634 2962 3704 inquit.
2989 3633 3220 3705 Campus
3249 3642 3364 3690 erat
3387 3633 3488 3688 fur-

1903 3732 2044 3778 tasse
2069 3722 2302 3778 acclivis.
2338 3723 2423 3777 l2.
2457 3743 2475 3776 ‹
2509 3724 2644 3780 Sunt
2666 3724 2762 3778 viri
2785 3724 2984 3789 Judtei,
3011 3739 3143 3794 quos
3167 3725 3488 3781 constituisti

1902 3832 2064 3888 super
2102 3832 2263 3886 opera
2305 3816 2611 3888 Babylonis,
2641 3817 2962 3884 Sedrachus,
2993 3817 3280 3883 Misachus,
3312 3817 3488 3873 Abde-

1902 3922 2058 3978 nago.
2087 3907 2197 3962 Viri
2225 3907 2301 3962 illi
2343 3923 2446 3963 non
2472 3908 2787 3984 obedierunt
2811 3950 2827 3975 ,
2859 3925 2953 3963 rex
2976 3950 2991 3976 ,
3029 3909 3244 3964 decreto
3274 3918 3364 3963 tun
3387 3951 3402 3975 ,
3435 3918 3488 3964 et

1903 3999 2033 4069 deos
2057 4007 2176 4054 tuos
2202 4014 2305 4053 non
2329 3999 2512 4053 colunt
2539 4040 2553 4062 ,
2580 4009 2635 4053 et
2661 3999 2943 4069 imaginem
2967 4013 3180 4053 auream
3205 4015 3360 4068 quam
3389 4008 3487 4052 sta-

1905 4068 2046 4146 tuisti
2077 4105 2180 4144 non
2204 4089 2446 4144 adorant.
2480 4090 2566 4144 13.
2611 4068 3288 4144 ΤυηοίΝδὺιιεΙιοάοηοεοτ
3317 4088 3368 4142 in
3409 4087 3488 4142 l'u-

1902 4197 2024 4237 rore
2045 4190 2099 4237 et
2122 4182 2198 4235 ira
2221 4181 2374 4248 dixit,
2399 4189 2457 4234 ut
2475 4180 2802 4234 adducerent
2821 4178 3172 4244 Sedrachum,
3197 4177 3486 4232 Slisacliutn

1901 4284 1955 4329 et
1980 4272 2414 4345 Abdcnagonem.
2445 4291 2463 4324 ι
2511 4270 2788 4340 Quomodo
2818 4270 2904 4326 hic
2932 4285 3036 4325 non
3075 4278 3348 4340 comparet
3377 4269 3483 4324 Da-

1904 4367 2038 4420 niel?
2067 4365 2192 4419 Mihi
2231 4363 2439 4420 videtur
2460 4405 2474 4430 ,
2505 4362 2784 4419 Chaldmos
2825 4371 3123 4418 metuentes
3152 4377 3258 4415 non
3311 4362 3486 4432 ipsum

1901 4457 2277 4524 denuntiasse,
2321 4456 2403 4511 vel
2449 4469 2626 4526 regem
2670 4454 2968 4509 reverentia
3007 4452 3292 4508 adductum
3338 4451 3486 4506 illum

1904 4564 2006 4602 non
2046 4548 2319 4618 coegisse,
2361 4562 2428 4602 ne
2465 4545 2803 4601 manifestum
2841 4544 3060 4599 haberet
3097 4551 3484 4598 accusatorem.

1901 4639 2123 4708 Quidam
2152 4655 2278 4694 vero
2304 4639 2516 4702 dicunt,
2539 4637 2659 4707 quia
2686 4635 2972 4690 vocabatur
2991 4634 3234 4688 Baltazar
3255 4633 3274 4701 (
3296 4630 3361 4703 ὁ)
3389 4653 3401 4688 :
3433 4632 3484 4686 id

1901 4743 2079 4785 autem
2113 4746 2302 4786 nomen
2346 4740 2460 4785 erat
2489 4729 2612 4783 idoli
2642 4727 2782 4798 quod
2813 4726 2951 4796 apud
2984 4724 3302 4796 Babylonios
3337 4724 3487 4778 colc-

1903 4824 2074 4879 batur.
2107 4823 2246 4880 Deus
2272 4821 2430 4892 igitur
2455 4819 2684 4890 providit
2711 4827 2768 4872 ut
2796 4818 2846 4870 in
2875 4816 3145 4870 fornacem
3173 4829 3279 4868 non
3305 4813 3485 4869 mitte-

1902 4926 2067 4981 retur,
2092 4931 2160 4972 ne
2180 4915 2383 4971 scilicet
2406 4913 2594 4978 virtus,
2617 4925 2718 4982 qua
2743 4909 3035 4979 periculum
3059 4908 3319 4962 vitaturus
3345 4917 3481 4968 erat,

1901 5009 1950 5064 ei
1976 5007 2175 5064 nomini
2196 5005 2607 5062 adscriberetur.
2632 5000 2771 5070 Quid
2795 4999 2953 5072 igitur
2980 5009 3088 5055 trcs
3110 4997 3297 5071 pueri?
3321 4997 3485 5054 Illuxi-

1968 5159 2040 5220 (a)
2053 5157 2195 5206 Anno
2215 5161 2472 5220 quoicapta
2486 5162 2570 5220 est
2591 5155 2945 5220 Hierosolyma.
2961 5153 3140 5220 incidit
3157 5155 3291 5206 enim
3314 5170 3475 5219 expu-

1903 5218 2070 5284 gnatio
2093 5219 2295 5284 urbisin
2316 5218 2801 5284 Nabuchodonosqris
2818 5219 2896 5284 l8,
2920 5225 2972 5284 et
2999 5219 3059 5284 1-9
3084 5233 3095 5266 :
3121 5219 3151 5266 ι
3179 5220 3302 5284 Ιιεξιςζ
3320 5218 3398 5276 2.5,
3421 5221 3473 5277 8,

1904 5279 2090 5333 .let-em.
2117 5281 2196 5334 52,
2224 5281 2297 5337 l2,
2320 5281 2398 5327 29.
2423 5279 2594 5342 Neque
2620 5279 2891 5328 audiendus
2925 5279 3140 5342 Grotius.
3165 5279 3468 5342 qui’Jerem.

1905 5346 1994 5401 52,
2029 5344 2114 5400 29,
2140 5344 2481 5404 corrigendum
2514 5339 2625 5390 esse
2650 5356 2774 5392 anno
2808 5342 2866 5388 19
2896 5339 3197 5404 suspicatur:
3224 5339 3470 5404 Josephus

1905 5399 1991 5471 lib.
2012 5405 2052 5471 _l‘
2061 5399 2226 5471 contra
2239 5399 2290 5471 ﬁ
2298 5404 2489 5471 piouem
2513 5416 2528 5471 :_
2547 5405 2807 5471 Γέγρατᾳαι
2820 5404 2914 5471 ’γὰρ
2926 5405 2973 5451 ἐν
2984 5399 3144 5471 iteran
3159 5399 3469 5471 LScrtptttris)

1905 5469 1976 5516 ὅτι
2011 5462 2482 5526 Ναϐουχοδοῦόσορος
2509 5462 2904 5524 summatum;
2931 5472 3014 5522 τῆς
3047 5462 3192 5526 αὐτυῦ
3212 5462 3472 5526 ﬁcedula;

1906 5531 2000 5578 ἔτει
2019 5528 2100 5574 τὸν
2120 5522 2229 5589 πάρ’
2250 5528 2360 5588 ἡμῖν
2383 5522 2496 5576 νειὸν
2512 5529 2758 5589 ἠρήμωσε,
2780 5528 2858 5574 καὶ
2875 5522 2932 5585 ἦν
2955 5526 3128 5589 ἀφανὴς
3153 5524 3226 5589 ἐπὶ
3247 5523 3327 5576 ἐτη
3352 5522 3472 5568 ἑπτά.

1910 5591 1973 5653 (ι.
2001 5583 2351 5653 ἐϐδομῂιὶρντά)
2369 5604 2379 5614 ·
2406 5583 2617 5653 δευτνέρῴ
2704 5583 2787 5653 τῆς
2814 5583 3248 5653 Κὺῥονβᾳσιξς-ίας,
3273 5589 3370 5629 etc.

1971 5655 2040 5714 (ὁ)
2061 5639 2128 5702 ei
2151 5639 2236 5701 fuit
2257 5639 2424 5714 postea
2441 5639 2608 5712 opinio
2633 5639 2800 5700 [sideri
2825 5639 3090 5699 Pelusiotae
3115 5642 3199 5692 lib.
3222 5645 3264 5702 ι,
3285 5657 3365 5706 ep.
3390 5639 3466 5688 ιε).

3399 243 3505 299 210
3590 253 3598 257 “
