4038 6204
604 302 702 358 2H

604 439 690 478 me
715 422 960 494 equidem
990 422 1088 493 ipsi
1117 437 1327 493 quoque
1356 438 1472 478 rem
1509 422 1829 478 confutaturi
1857 428 2027 477 erant.
2059 420 2181 475 (Σω-

602 522 773 568 tcrum
820 513 872 567 in
923 512 1011 568 illa
1060 513 1402 582 praedictione
1434 513 1693 584 superiori
1730 512 1997 583 quomodo
2048 513 2186 567 Dens

603 606 741 661 idem
772 604 1208 677 nontdisposuit?
1255 608 1689 663 Criminabantur
1735 609 1855 664 illos
1907 608 2181 664 Chaldasi:

600 698 885 767 plurimum
915 700 1057 753 enim
1103 707 1279 769 potest
1316 700 1531 755 invidia.
1581 700 1744 756 Ferre
1787 716 1891 756 non
1940 711 2185 770 poterant

597 788 840 857 captivos
867 789 995 860 ipsis
1020 791 1344 861 imperantes
1369 792 1627 861 aspicere.
1650 792 1755 848 Sed
1784 793 1922 848 vide.
1954 794 2099 848 Sicut
2128 794 2180 849 in

599 876 852 946 Danielc,
896 881 1042 948 prius
1067 879 1367 936 didicerunt
1406 881 1547 937 illius
1574 897 1751 939 mores
1774 898 1838 939 ac
1875 895 2176 940 mansuetu-

594 968 773 1022 dinem
794 1008 810 1035 ,
840 978 895 1024 et
924 977 1051 1025 tunc
1090 971 1241 1042 signa
1265 971 1547 1030 viderunt:
1576 975 1646 1028 ita
1674 974 1831 1030 etiam
1864 974 1948 1030 hic
1987 976 2038 1030 in
2067 991 2181 1030 me-

593 1058 738 1111 dium
784 1058 1051 1115 ducuntur
1074 1064 1252 1131 pueri,
1279 1071 1333 1118 et
1363 1065 1588 1134 primum
1625 1080 1811 1120 eorum
1851 1065 2180 1136 propositum

593 1147 880 1202 denudavit
907 1150 1048 1205 Deus
1078 1169 1092 1206 :
1124 1162 1177 1206 et
1204 1152 1281 1207 illi
1311 1153 1381 1207 ita
1413 1155 1688 1223 prmparati
1721 1170 1825 1210 non
1857 1157 1910 1210 in
1943 1156 2176 1211 medium

596 1239 914 1294 insilicrunt.
944 1240 1101 1296 Scitis
1131 1252 1306 1298 autem
1336 1243 1637 1310 hominem,
1665 1247 1754 1316 qui
1783 1249 2027 1316 praesenti
2057 1249 2180 1303 vitae

596 1333 951 1401 renuntiavit,
980 1335 1176 1405 quique
1217 1335 1371 1392 facile
1400 1349 1626 1393 mortem
1654 1342 1911 1407 suStioet,
1945 1357 2047 1397 non
2079 1342 2177 1399 de-

594 1431 940 1479 trectaturutn
980 1426 1241 1495 quidlibet
1275 1429 1506 1496 audere,
1548 1432 1707 1486 etiam
1738 1447 1923 1488 eorum
1953 1450 2070 1505 qua:
2101 1443 2179 1491 te-

594 1517 820 1571 tneraria
841 1532 961 1575 esse
983 1518 1246 1574 videntur.
1268 1524 1516 1578 Attamen
1538 1524 1622 1578 isti
1644 1566 1658 1591 ,
1683 1526 1782 1579 etsi
1803 1537 2028 1582 mortem
2049 1543 2178 1584 con-

594 1614 929 1675 temnerent,
961 1613 1222 1668 mansueti
1251 1624 1440 1682 erant;
1472 1631 1570 1671 nec
1600 1617 1718 1672 illos
1745 1618 2008 1674 ullatenus
2039 1621 2177 1677 lmsit

592 1698 880 1768 fortitudo,
910 1718 1009 1758 nec
1034 1703 1085 1758 in
1123 1704 1395 1760 audaciam
1434 1708 1689 1775 adduxit;
1722 1726 1894 1781 neque
1924 1712 1976 1766 id
2006 1714 2176 1769 ambi-

593 1792 735 1847 tione
778 1792 1059 1849 faciebant.
1092 1794 1185 1852 23.
1233 1815 1254 1849 ι
1303 1798 1370 1853 Et
1406 1799 1506 1854 viri
1545 1801 1619 1855 illi
1660 1810 1803 1868 tres,
1835 1802 2170 1873 Sedrachus,

592 1879 859 1937 Misachus
917 1894 973 1940 et
995 1885 1284 1958 Abdenago
1304 1928 1320 1954 ,
1346 1889 1652 1945 ceciderunt
1676 1892 1727 1947 in
1755 1891 1981 1948 mediam
2006 1894 2176 1950 forna-

588 1988 706 2027 cem
737 1974 871 2045 ignis
904 1977 1211 2047 ardentem,
1245 1981 1409 2051 ligati.
1447 1983 1539 2039 ει.
1586 1985 1652 2039 Ει
1687 1985 2092 2043 deambulabam
2119 1990 2172 2044 in

590 2062 767 2118 medio
816 2066 1076 2136 flammae,
1126 2071 1403 2128 laudantes
1449 2074 1653 2143 Deum,
1696 2088 1750 2132 et
1791 2077 2172 2136 benedicentes

589 2152 890 2211 Dominum.
926 2158 1055 2215 Vide
1083 2177 1258 2217 nonne
1284 2164 1540 2221 mirabilis
1568 2182 1631 2222 ac
1656 2168 1922 2239 inopinata
1949 2180 2031 2226 est
2055 2172 2171 2228 bwc

585 2258 703 2312 res,
730 2246 1002 2304 ambulare
1025 2251 1184 2306 simul
1203 2268 1268 2309 ac
1291 2255 1524 2323 laudare,
1541 2240 1701 2328 ’quasi
1726 2271 1905 2316 essent
1925 2261 1977 2315 in
2000 2277 2168 2333 aqua-

585 2350 702 2427 rum
733 2338 981 2397 lavacro?
1019 2343 1347 2417 Quamquam
1376 2349 1506 2404 nihil
1543 2350 1613 2405 ibi
1651 2362 1765 2406 erat
1786 2393 1801 2419 ,
1831 2353 1971 2423 quod
2001 2355 2170 2427 impe-

588 2425 765 2486 diret:
809 2434 1235 2506 quandoquidem
1271 2440 1410 2496 Deus
1439 2443 1696 2498 voluerat.
1727 2445 1854 2500 Tale
1882 2446 2007 2517 quid
2036 2425 2165 2503 mihi

583 2520 795 2577 videtur
836 2524 1004 2582 fuisse
1030 2538 1083 2582 et
1109 2530 1198 2585 ille
1238 2531 1376 2600 ignis
1397 2575 1410 2599 ,
1446 2549 1551 2603 quo
1575 2536 1834 2591 combusti
1864 2547 1987 2592 sunt
2013 2539 2046 2592 ii
2075 2540 2166 2609 qui

583 2621 731 2667 extra
759 2613 1029 2672 fornacem
1058 2629 1209 2675 erant
1235 2638 1248 2675 :
1275 2631 1330 2677 et
1355 2622 1442 2678 hic
1468 2624 1603 2694 ignis
1628 2635 1743 2681 erat
1761 2668 1776 2694 ,
1799 2635 1851 2682 et
1879 2628 1967 2683 ille
1992 2628 2163 2700 ignis;

582 2711 636 2756 et
662 2703 777 2760 haec
820 2721 1044 2780 corpora
1066 2751 1082 2777 ,
1129 2721 1182 2767 et
1209 2713 1295 2769 illa
1320 2729 1543 2786 corpora
1570 2735 1583 2782 ;
1616 2727 1670 2774 et
1698 2728 1871 2775 tamen
1907 2722 2021 2778 haec
2048 2724 2164 2779 atti-

579 2793 690 2863 git,
718 2797 821 2852 illis
841 2814 967 2855 vero
987 2803 1258 2861 abstinuit.
1286 2807 1445 2864 Vides
1468 2822 1722 2881 quantum
1748 2814 1816 2869 sit
1841 2815 2041 2872 bonum
2067 2833 2160 2874 vo-

580 2886 756 2944 luntas
784 2893 1017 2962 optima?
1046 2896 1334 2957 admiratus
1362 2917 1422 2958 es
1448 2919 1634 2963 eorum
1664 2894 2031 2964 voluntatem?
2060 2912 2156 2967 Mi-

577 2993 700 3037 rare
720 2982 931 3040 Domini
956 2986 1406 3060 benevolentiam,
1431 3004 1485 3051 et
1509 2996 1763 3053 honorem
1786 3015 1945 3070 quem
1968 3003 2019 3057 in
2043 3004 2160 3059 illos

576 3072 833 3167 exhibuit.
862 3076 1215 3149 Gtoriﬁcantes
1243 3102 1322 3140 me
1343 3086 1636 3158 gloriﬁcabo
1689 3091 1774 3164 (1.
1806 3091 1933 3165 Reg.
1956 3094 2009 3149 2.
2039 3096 2159 3167 50),

574 3165 763 3257 inquit.
793 3169 1024 3230 Steterat
1064 3177 1365 3234 universum
1398 3179 1682 3238 theatrum.
1714 3183 1884 3257 Supra
1914 3165 2154 3245 naturain

573 3256 776 3349 loquuti
801 3272 961 3331 sunt;
990 3281 1149 3338 supra
1182 3278 1424 3327 naturam
1451 3273 1573 3329 illos
1602 3274 1844 3332 honorat.
1878 3278 2072 3349 Aspice
2101 3290 2159 3337 ut

572 3347 752 3407 famuli
777 3355 962 3411 eadem
991 3373 1109 3430 quae
1133 3361 1389 3419 Dominus
1416 3364 1640 3435 possint.
1671 3368 1809 3436 Quid
1840 3347 2049 3427 miraris
2067 3412 2082 3437 ,
2109 3373 2156 3428 si

570 3454 750 3513 regem
778 3444 1092 3519 derideant,
1120 3467 1241 3508 cum
1268 3454 1388 3511 illos
1427 3456 1691 3515 elementa
1719 3473 2066 3519 revereantur
2089 3480 2154 3522 ac

570 3536 879 3625 suspiciant.
901 3539 1153 3600 Cominus
1179 3543 1350 3602 factus
1392 3558 1473 3603 est
1497 3549 1735 3607 Ecclesia
1766 3551 1843 3624 (a)
1871 3571 1885 3608 :
1916 3554 2015 3625 ipsi
2044 3571 2151 3613 ca:-

570 3622 626 3680 lo
653 3635 768 3682 erat
794 3629 1003 3686 similis.
1030 3632 1129 3690 Hic
1150 3634 1261 3705 jam
1289 3637 1703 3710 incorruptionis
1726 3622 2149 3713 esperimentum

568 3727 845 3787 ceperunt.
892 3721 1330 3796 Quandoquidem
1361 3739 1416 3785 et
1442 3731 1510 3785 ab
1536 3733 1689 3789 initio
1716 3749 1940 3806 corpora
1971 3748 2150 3794 nostra

566 3809 836 3899 passibilia
856 3825 1129 3884 peccatum
1157 3819 1311 3875 fecit:
1342 3837 1462 3876 cum
1489 3822 1647 3894 igitur
1665 3826 1808 3895 justa
1834 3839 2144 3899 operantur,

565 3897 758 3993 iterum
783 3902 1123 3974 impassibilia
1145 3908 1294 3966 ﬁunt.
1319 3912 1382 3967 Et
1402 3915 1808 3988 deambulabam,
1830 3922 2016 3993 inquit.
2041 3897 2147 3979 Sed

565 3988 839 4069 videamus
858 3995 985 4066 quid
1005 3997 1321 4070 loquantur;
1349 4004 1641 4061 audiamus
1656 4024 1838 4066 vocem
1868 3988 2145 4084 mysticam

562 4095 684 4137 cum
714 4085 891 4156 quiete
921 4089 1105 4146 multa.
1136 4091 1326 4150 Vidisti
1348 4111 1531 4153 vocem
1561 4099 1915 4158 inordinatam
1936 4114 1990 4160 et
2014 4121 2142 4161 cono

559 4171 732 4229 fusam
760 4178 1031 4236 sambucae
1059 4191 1114 4238 et
1138 4186 1405 4254 psalterii,
1438 4198 1492 4243 et
1515 4192 1772 4247 musicze?
1797 4195 1931 4250 Audi
1956 4212 2142 4253 vocem

559 4265 629 4321 ab
652 4267 772 4338 igne
796 4272 1068 4328 emissam.
1096 4275 1287 4335 Nonne
1310 4281 1504 4337 mirum
1536 4284 1630 4340 tibi
1658 4286 1935 4343 videbatur
1956 4306 2139 4347 vocem

558 4357 653 4413 Dei
682 4360 751 4416 ab
781 4362 900 4432 igne
928 4365 1054 4421 edi?
1083 4369 1220 4426 Ecce
1249 4374 1407 4429 etiam
1437 4378 1607 4433 servis
1635 4381 1745 4434 suis
1773 4380 1877 4437 hoc
1902 4383 2138 4439 donavit.

557 4448 689 4514 Quis
712 4467 806 4507 aer
832 4469 1117 4524 percussus
1156 4477 1342 4518 vocem
1379 4482 1497 4522 eam
1537 4469 1834 4527 efficiebat?
1870 4473 2059 4531 Nonne
2086 4478 2140 4533 id

556 4554 774 4637 semper
794 4558 888 4600 eos
911 4548 1003 4618 qui
1028 4550 1376 4609 comburendi
1406 4568 1531 4613 sunt
1572 4561 1893 4631 admonent,
1927 4577 1982 4619 ut
2009 4583 2136 4637 ape-

552 4631 697 4726 riant
741 4647 871 4702 ora,
930 4638 1072 4709 quod
1122 4644 1298 4725 sicine
1345 4647 1558 4716 paulum
1602 4654 1812 4721 quidem
1843 4659 2013 4726 possit
2045 4631 2138 4716 sis

552 4725 806 4798 deinceps
842 4729 895 4785 in
949 4746 1175 4804 corpore
1215 4743 1611 4807 permanere“?
1641 4745 1770 4802 Vide
1815 4725 2132 4808 concentum

551 4817 834 4890 musicum,
860 4838 1049 4881 omnes
1086 4827 1336 4885 nimirum
1374 4833 1521 4902 quasi
1568 4850 1632 4890 ex
1675 4852 1780 4892 uno
1823 4854 1919 4897 ore
1968 4842 2132 4899 Deuut

548 4904 848 4968 laudantes.
875 4914 965 4972 25.
999 4916 1066 4971 Et
1090 4930 1231 4975 stans
1259 4923 1471 4977 Asarias
1497 4927 1656 4981 oravit
1680 4927 1752 4982 sic
1770 4922 1801 4985 ἐ
1828 4941 1877 4985 et
1902 4936 2135 5006 aperiens

550 5011 607 5049 os
629 5014 780 5055 suum
804 5003 857 5058 in
882 5006 1046 5062 medio
1074 5009 1205 5081 ignis
1231 5012 1380 5067 dixit.
1407 5013 1474 5071 Ut
1502 5032 1606 5072 non
1637 5021 1912 5078 exiStimes
1935 5003 2031 5080 eos
2063 5027 2130 5083 de

550 5092 902 5185 praesentibus
930 5098 1089 5154 rebus
1115 5103 1316 5171 gratias
1340 5121 1518 5176 agere,
1555 5108 1679 5167 ideo
1704 5112 1771 5168 de
1798 5116 2127 5185 captivitate,

547 5188 604 5235 et
642 5182 903 5240 molestiis
937 5187 1004 5243 iis
1041 5206 1161 5261 qua:
1200 5193 1328 5264 ipsis
1366 5202 1722 5273 contigerant,
1768 5182 1936 5262 Deum
1986 5182 2129 5266 invo-

609 5338 905 5420 {fentiings
926 5341 1062 5420 locus
1089 5347 1141 5420 i_n
1170 5356 1406 5420 Ramnesi
1444 5359 1596 5418 prima
1633 5360 1690 5410 ad
1718 5360 2019 5413 Theodorum
2055 5364 2125 5415 la-

544 5413 821 5488 psum-Ep“.
844 5404 1340 5488 gisztnodiscitmt
1359 5404 2121 5488 αηιὲηἷόᾗυῖεῖς,

543 5462 656 5542 {una
663 5462 821 5542 Etiam
844 5462 1282 5542 comburepamur,_
1395 5462 2015 5542 ἡὶῖὰῆιᾶὶῆᾟῖιῶἓῖιῖῖᾶῖῖἇ
2022 5462 2125 5540 ’.ἦἦῖ

540 5522 932 5608 ς
949 5529 1193 5608 paulisper
1203 5522 1375 5608 saltem
1395 5522 1631 5608 @9522};
2036 5522 2121 5601 '53:

541 5596 859 5695 mgnum“
882 5600 932 5642 ω
954 5604 1006 5663 (ἒδ
1028 5596 1268 5658 aperiam.
1307 5599 1470 5651 statim
1503 5604 1715 5656 animum
1736 5621 1764 5658 e
1784 5596 2120 5673 corpoream.

601 5708 674 5771 (a)
707 5712 827 5773 quia
843 5714 1055 5769 Ecclesia
1075 5724 1163 5784 est,
1189 5719 1271 5772 ubi
1287 5726 1400 5786 tres,
1429 5724 1581 5789 inquit
1602 5728 1943 5784 'rcrtullianus.

1281 302 1335 360 S.
1378 301 1654 359 JOANNIS
1690 296 2167 357 CllllYSOSTOMl
2205 297 2521 354 ARCHIEP.
2565 299 3093 356 CONSTANTINOP.

3762 307 3865 362 21⁸2

2296 427 2437 473 eant.
2473 418 2601 474 Vide
2629 428 2687 475 ut
2712 420 2985 491 incipiant.
3020 421 3109 476 26.
3146 439 3164 472 ι
3197 421 3512 478 Benedictus
3541 440 3622 492 qs,
3652 425 3866 479 Domine

2297 509 2435 564 Deus
2473 520 2678 579 patrum
2719 522 3042 574 nostrorum,
3076 521 3131 567 et
3157 512 3418 569 laudabile
3440 523 3495 569 et
3519 515 3865 585 glorificatur!)

2292 617 2485 657 nomen
2516 612 2663 658 tuum
2690 604 2742 659 in
2771 606 2985 659 saecula.
3018 606 3110 661 i9.
3159 606 3394 677 Angelus
3434 617 3614 662 autem
3662 609 3865 662 Domini

2290 694 2567 749 descendit
2602 710 2723 751 cum
2762 698 2947 751 Azaria
2977 707 3032 753 et
3061 698 3220 752 Sociis
3252 699 3369 769 ejus
3397 699 3449 752 in
3481 698 3747 755 fornacem
3774 718 3787 753 :
3813 711 3871 755 et

2289 785 2524 838 excussit
2549 783 2816 839 ﬂammam
2844 785 2979 856 ignis
3019 785 3090 841 de
3118 785 3353 852 fornace,
3396 787 3482 843 50.
3519 797 3574 843 et
3602 789 3727 843 fecit
3754 804 3867 843 me-

2287 873 2437 930 dium
2471 875 2727 944 fornacis,
2758 877 2930 948 quasi
2980 887 3198 933 ventum
3247 879 3386 933 roris
3434 879 3769 944 sibilantem;
3812 890 3871 935 et

2287 979 2391 1020 non
2419 965 2589 1036 tetigit
2619 980 2714 1022 eos
2746 949 3160 1039 omnino‘irgnis,
3186 976 3243 1023 et
3267 984 3372 1023 non
3394 961 3723 1024 eon’tristavit
3750 986 3866 1034 eos,

2287 1066 2342 1113 et
2367 1058 2667 1113 molestiam
2703 1072 2808 1114 non
2841 1060 3041 1115 intui-it.
3072 1080 3094 1114 ι
3143 1061 3218 1116 Ita
3245 1076 3352 1116 non
3382 1061 3600 1117 fortuito
3645 1064 3740 1117 ista
3781 1063 3868 1117 fie-

2285 1150 2436 1206 bant.
2470 1150 2538 1206 Et
2560 1167 2667 1207 non
2701 1151 2874 1207 solum
2904 1167 3010 1208 non
3040 1162 3167 1208 sunt
3192 1154 3492 1218 combusti;
3524 1153 3621 1209 sed
3648 1169 3744 1209 nec
3765 1155 3868 1209 illis

2284 1244 2581 1298 molestiam
2619 1243 2861 1300 exhibuit
2900 1245 3060 1316 ignis,
3101 1260 3201 1301 nec
3226 1246 3310 1301 vel
3336 1245 3620 1301 minimum
3663 1249 3861 1313 nocuit,

2283 1350 2459 1405 neque
2502 1335 2734 1391 calorem
2764 1345 3074 1393 senserunt.
3122 1337 3192 1392 Et
3234 1345 3519 1408 eaproptcr
3560 1337 3699 1392 adeo
3746 1353 3867 1393 sese

2281 1425 2547 1482 extulerat
2571 1426 2809 1494 flamma,
2835 1436 2893 1483 ut
2924 1437 2979 1484 et
3002 1428 3071 1484 ab
3109 1428 3174 1483 iis
3203 1429 3291 1499 qui
3333 1428 3460 1484 foris
3501 1438 3657 1483 erant
3683 1444 3865 1483 cerne-

2280 1526 2449 1572 retur.
2498 1518 2564 1572 Et
2599 1532 2730 1574 vero
2758 1519 2977 1574 materia
3004 1519 3242 1574 immissa
3271 1518 3570 1573 sufﬁciebat
3611 1519 3676 1571 ad
3709 1519 3865 1573 [idem

2280 1609 2384 1664 illis
2413 1608 2732 1676 faciendam,
2774 1621 2831 1666 et
2853 1610 2998 1683 quod
3026 1611 3162 1683 ignis
3191 1625 3297 1666 non
3324 1609 3600 1678 deﬁceret,
3632 1621 3685 1664 ct
3723 1611 3865 1679 quod

2278 1702 2369 1758 diu
2404 1702 2601 1758 ardens
2636 1712 2939 1775 appareret,
2985 1713 3041 1760 et
3073 1702 3215 1775 quod
3259 1718 3347 1759 res
3387 1718 3568 1757 coram
3618 1704 3864 1757 omnibus

2280 1794 2450 1850 fieret.
2480 1794 2570 1849 91.
2600 1794 2669 1849 Et
2706 1794 3184 1851 Nabuchodonosor
3220 1795 3416 1850 audiuit
3457 1794 3725 1850 laudantes
3750 1813 3865 1862 eos;

2277 1893 2325 1938 et
2356 1863 2639 1940 admiratus
2676 1898 2769 1954 est,
2800 1896 2848 1942 et
2873 1887 3088 1942 surrexit
3127 1903 3356 1959 propere,
3383 1897 3431 1941 et
3455 1888 3581 1942 dixit
3606 1889 3863 1959 optimati-

2276 1975 2368 2032 bus
2394 1979 2519 2032 suis.
2567 1978 2621 2033 Id
2662 1980 2836 2049 ipsum
2866 1987 3042 2035 autem
3104 1988 3164 2035 ut
3197 1980 3426 2045 audiret,
3474 1980 3621 2036 unde
3644 1981 3865 2050 contigit

2276 2067 2820 2126 Nabuchodonosori?
2862 2073 2932 2127 At
2969 2087 3067 2143 per
3107 2082 3278 2129 totum
3316 2082 3526 2143 tempus
3566 2074 3860 2130 assederat.

2278 2159 2401 2213 ldeo
2442 2160 2583 2215 Deus
2629 2176 2736 2216 non
2778 2162 3021 2232 permisit
3062 2170 3120 2216 ut
3147 2162 3325 2217 statim
3371 2163 3461 2218 ille
3497 2164 3728 2230 audiret,
3754 2180 3863 2235 quo

2274 2251 2451 2321 ipsum
2504 2252 2665 2307 etiam
2728 2260 2938 2321 tempus
2990 2254 3354 2309 testimonium
3417 2254 3725 2323 perhiberet
3782 2258 3859 2310 rei

2273 2352 2471 2414 gestia;
2501 2344 2641 2413 quod
2668 2345 2872 2400 scilicet
2914 2360 3008 2416 per
3050 2346 3275 2401 multum
3319 2355 3527 2416 tempus
3566 2347 3620 2400 in
3649 2348 3862 2401 camino

2273 2436 2618 2503 commorati,
2666 2437 2801 2492 nihil
2842 2438 2967 2491 mali
3013 2438 3152 2508 passi
3188 2446 3387 2494 essent.
3439 2457 3458 2491 ι
3490 2437 3680 2493 Nonne
3716 2439 3861 2494 viros

2275 2534 2383 2581 tres
2437 2527 2717 2596 injecimus
2755 2528 2807 2581 in
2840 2527 3071 2583 medium
3105 2528 3239 2599 ignis
3275 2528 3646 2597 compeditos?
3677 2529 3741 2583 Et
3768 2544 3858 2583 re-

2270 2617 2593 2686 spondentes
2615 2618 2796 2673 dicunt
2816 2618 2962 2689 regi:
2991 2618 3147 2685 Vere,
3173 2633 3207 2674 o
3226 2632 3340 2673 rex.
3365 2618 3455 2676 92.
3480 2619 3545 2674 Et
3566 2619 3702 2674 dixit
3720 2635 3810 2674 rex
3839 2636 3855 2674 :

2271 2708 2368 2763 llic
2392 2723 2492 2779 ego
2520 2709 2677 2766 video
2705 2709 2849 2764 viros
2890 2718 3119 2780 quatuor
3158 2710 3384 2777 solutos,
3429 2720 3483 2765 et
3520 2710 3858 2765 ambulantes

2269 2798 2323 2853 in
2348 2799 2526 2856 medio
2552 2800 2689 2870 ignis
2710 2816 2725 2856 :
2743 2807 2799 2855 et
2825 2801 3097 2871 corruptio
3121 2815 3226 2854 non
3246 2808 3332 2856 est
3355 2801 3408 2854 in
3428 2800 3546 2856 eis:
3575 2808 3631 2855 et
3649 2802 3858 2870 species

2267 2891 2440 2962 qtsarti
2461 2891 2646 2947 similis
2669 2891 2776 2946 lilio
2798 2891 2911 2947 Dei.
2943 2909 2961 2944 ι
2984 2891 3065 2946 Ab
3081 2892 3216 2948 ostio
3230 2891 3435 2947 viderat
3453 2907 3641 2947 eorum
3658 2890 3847 2949 facies.

2266 2983 2354 3040 95.
2386 3002 2405 3037 ι
2439 2983 2590 3039 Tunc
2613 2984 2840 3040 accessit
2864 2983 3356 3041 Nabuchodonosor
3378 2983 3444 3040 ad
3465 2984 3659 3040 ostium
3681 2984 3854 3040 forna-

2264 3078 2342 3133 cis
2372 3078 2508 3148 ignis
2535 3094 2654 3149 qua:
2683 3078 2923 3145 ardebat,
2952 3089 3006 3134 et
3032 3079 3105 3133 ait
3138 3095 3152 3132 :
3188 3078 3234 3134 Ο
3267 3077 3557 3142 Sedrache,
3586 3078 3846 3144 Misache,

2265 3168 2579 3240 Abdenago,
2607 3170 2747 3225 servi
2776 3170 2871 3226 Dei
2911 3169 3179 3235 altissimi,
3219 3169 3552 3240 egredimini,
3592 3178 3647 3225 et
3672 3172 3856 3225 venite

2265 3259 2389 3315 huc.
2418 3260 2487 3315 Et
2509 3261 2712 3332 egressi
2738 3273 2861 3316 sunt
2891 3260 3215 3327 Sedrachus,
3245 3261 3528 3325 Misachus,
3552 3261 3851 3331 Abdenago

2260 3350 2328 3407 de
2377 3351 2557 3407 medio
2597 3353 2754 3424 ignis.
2792 3370 2811 3404 ι
2856 3351 3033 3421 Quare
3079 3361 3255 3407 autem
3301 3366 3408 3407 non
3456 3352 3601 3422 prius
3643 3354 3851 3423 egressi

2260 3451 2404 3507 sunt,
2434 3458 2594 3514 quam
2620 3444 2838 3500 vocavit
2865 3443 2999 3499 eos?
3032 3444 3098 3499 Et
3128 3444 3350 3515 pulchre
3382 3444 3527 3514 prius
3557 3445 3852 3516 interrogat

2258 3535 2541 3605 primores,
2572 3545 2629 3591 ut
2651 3536 3004 3606 responsione
3031 3551 3125 3591 sua
3150 3536 3525 3607 praeoccupati,
3554 3536 3682 3590 nihil
3713 3551 3851 3591 eon-

2259 3626 2407 3681 trarii
2473 3627 2861 3696 respondeant,
2912 3643 3085 3699 neque
3144 3629 3425 3683 occasione
3489 3628 3842 3698 abripiantur.

2256 3717 2714 3783 Quemadmodum
2745 3719 2913 3789 Moysi
2942 3718 3153 3776 dicebat
3191 3720 3368 3774 Deus:
3403 3718 3538 3783 Quid
3564 3729 3637 3774 est
3662 3721 3758 3773 hoc
3788 3721 3846 3773 in

2255 3826 2409 3863 manu
2434 3820 2519 3863 tua
2547 3809 2739 3882 (Exod.
2762 3812 2817 3867 4.
2839 3811 2895 3881 2)
2915 3814 2937 3865 ?
2957 3813 3035 3867 sic
3053 3812 3214 3867 etiam
3234 3811 3720 3867 Nabuchodonosor
3741 3812 3845 3868 hos

2254 3900 2668 3971 interrogatione
2697 3903 2968 3972 anticipat.
2998 3901 3152 3969 Ecce,
3181 3904 3367 3973 inquit,
3395 3905 3534 3957 video
3560 3905 3692 3956 siros
3716 3923 3846 3974 qua-

2255 4002 2370 4047 tuor
2397 3993 2589 4048 sotutos
2616 4002 2663 4047 et
2692 3994 3089 4049 ambulantesin
3114 3996 3276 4050 medio
3306 3996 3435 4066 ignis
3463 4011 3482 4051 ς
3508 4007 3555 4049 et
3581 4000 3845 4063 corruptio

2251 4100 2352 4138 non
2377 4093 2451 4139 est
2476 4085 2528 4138 in
2551 4085 2623 4139 eis
2646 4100 2668 4141 :
2688 4095 2735 4139 ct
2761 4095 2993 4155 aspectus
3020 4087 3188 4157 quarti
3213 4086 3394 4140 similis
3419 4087 3527 4155 ﬁlio
3554 4085 3670 4139 Dei.
3701 4088 3845 4141 Pitt-

2251 4176 2441 4230 rimam
2472 4176 2609 4231 forte
2639 4176 3084 4246 pulchritudinem
3112 4192 3223 4247 prro
3252 4192 3311 4231 sc
3346 4176 3570 4231 ferebat.
3601 4176 3772 4241 Unde,
3804 4193 3845 4232 ο

2249 4268 2762 4337 Nabuchodonosor,
2795 4272 2933 4326 nosti
2965 4271 3133 4326 filium
3161 4272 3296 4327 Dei?
3323 4272 3514 4342 ASpice
3543 4271 3685 4326 hunc
3713 4271 3843 4324 bar-

2247 4360 2434 4417 barum
2461 4362 2781 4433 prophetare
2807 4379 2872 4418 ex
2896 4373 3113 4433 aspectu
3139 4363 3273 4418 solo.
3309 4361 3376 4416 Et
3404 4364 3633 4428 accessit,
3664 4373 3714 4416 et
3741 4379 3841 4415 so-

2246 4458 2373 4510 cavit
2402 4473 2486 4512 eos
2517 4473 2536 4512 :
2569 4456 2615 4511 0
2637 4456 2913 4522 Sedraclte,
2952 4457 3200 4521 Misache,
3242 4456 3535 4526 Abdenago,
3565 4457 3694 4510 servi
3736 4455 3842 4509 Dei

2245 4546 2498 4612 altissimi,
2523 4547 2837 4619 egredimini,
2861 4555 2906 4601 et
2927 4547 3105 4601 venite.
3131 4548 3282 4603 Vide.
3311 4546 3425 4601 Non
3443 4546 3604 4616 jussit
3622 4548 3836 4601 exstin-

2242 4638 2328 4706 gui
2371 4638 2638 4695 fornacem
2682 4656 2696 4693 :
2739 4640 2833 4694 sed
2874 4639 3040 4709 quid?
3075 4639 3288 4693 Vocavit
3335 4654 3448 4705 eos,
3488 4651 3547 4695 ut
3589 4640 3825 4694 exirent.

2247 4726 2406 4783 Vides
2421 4729 2729 4784 miraculum
2749 4744 2994 4800 magnum
3013 4739 3065 4784 et
3083 4730 3412 4785 incredibile.
3426 4730 3577 4797 Quod
3597 4731 3837 4786 tnaxirne

2242 4829 2463 4875 noverat
2489 4835 2582 4875 eos
2608 4820 2970 4886 deliniturum,
3008 4821 3059 4875 id
3104 4822 3470 4876 illos-vocavit.
3520 4821 3660 4877 Nihil
3692 4809 3836 4877 huic

2239 4911 2499 4967 nobilitati
2526 4928 2624 4984 par
2649 4922 2750 4968 est.
2784 4914 2917 4968 Audi
2950 4914 3090 4969 enim
3125 4913 3290 4968 Deum
3314 4913 3622 4968 dicentem:
3653 4912 3833 4967 loses

2236 5020 2407 5058 servus
2428 5019 2568 5058 meus
2596 5014 2824 5058 mortuus
2850 5014 2920 5058 est
2946 5002 3082 5073 (Jos.
3117 5004 3168 5058 1.
3194 5003 3276 5077 2).
3308 5003 3396 5069 Et,
3424 5002 3598 5071 Isaac,
3636 5005 3829 5074 inquit,

2234 5110 2405 5148 seruus
2429 5103 2543 5148 tuus
2569 5091 2723 5164 (Gen.
2752 5095 2841 5149 24.
2872 5095 2984 5164 M).
3019 5094 3128 5149 Hac
3166 5094 3524 5165 appellatione
3551 5095 3829 5151 exsultant

2234 5184 2429 5254 angeli,
2459 5193 2514 5239 et
2535 5184 2848 5252 Cherubini,
2874 5194 2928 5241 et
2951 5184 3255 5256 Seraphini.
3280 5185 3392 5241 Nec
3414 5186 3569 5242 sicttti
3598 5197 3830 5242 conten-

2233 5274 2400 5330 tiosus
2425 5275 2617 5346 aliquis
2647 5276 2878 5343 fecisset,
2918 5277 2971 5331 in
3006 5276 3223 5332 fornace
3268 5286 3581 5332 manserunt
3612 5278 3764 5347 pueri
3806 5296 3824 5332 :

2231 5366 2326 5422 sed
2352 5367 2529 5422 statim
2556 5366 2872 5423 obedierunt
2901 5385 2913 5423 :
2942 5377 2998 5423 et
3025 5367 3091 5423 ad
3120 5368 3469 5439 spectandum
3499 5368 3822 5425 miraculum

2228 5474 2417 5515 omnes
2440 5474 2759 5516 COIIVBHCI‘C.

2838 5597 3063 5654 CAPUT
3103 5598 3190 5652 lV.

2300 5731 2349 5785 l.
2397 5728 2502 5801 Ego
2555 5731 3023 5788 Nabuchodonosor
3067 5732 3329 5789 abundans
3372 5749 3513 5788 erant
3550 5718 3619 5789 ἴη
3676 5740 3832 5795 deum
