4104 6214
304 333 404 390 εει

304 454 454 526 άπερ
484 450 579 507 ἐπὶ
607 450 704 506 τοῦ
737 448 936 521 Δανιὴλ
956 487 972 513 ,
1018 447 1280 518 πρότερον
1312 443 1515 516 ἔμαθον
1543 441 1706 498 αὐτοῦ
1753 442 1885 515 τοὺς,

302 542 543 613 τρόπους
582 539 678 595 καὶ
700 538 800 610 τὴν
840 537 1164 601 ἐπιείκειαν,
1194 536 1288 589 καὶ
1314 535 1436 588 τότε
1465 533 1535 587 τὰ
1559 534 1759 604 σημεῖα
1780 529 1882 584 ἐώ-

307 645 439 699 ρων·
458 627 600 681 οὕτω
626 629 722 680 καὶ
741 625 975 680 ἐνταῦθα
994 625 1216 691 ἄγονται
1239 622 1317 685 είς
1342 622 1527 691 μέσον,
1551 621 1645 673 καὶ⁵
1667 618 1882 690 πρῶτον

303 715 488 769 αὐτῶν
518 714 616 785 τὴν
640 713 959 784 προαίρεσιν
983 708 1160 778 άπεγύ
1170 725 1381 780 μνωσεν
1403 710 1431 761 ό
1455 707 1587 771 θεός
1605 723 1618 737 ·
1638 701 1878 760 κάκεῖνοί

300 820 363 857 τε
393 802 540 856 οὕτω
566 798 1073 872 παρεσκευασμένοι
1100 799 1200 852 οὐκ
1221 796 1571 866 ἐπεπήδησαν
1596 796 1675 857 εἰς
1701 793 1762 846 τὸ
1787 792 1882 864 μέ-

303 906 421 944 σον.
461 891 604 959 ’ἴστε
632 888 690 941 δὲ
729 888 810 940 ὃτι
855 885 1144 959 ἄνθρωπος
1166 883 1265 954 τῆς
1298 880 1576 954 παρούσης
1604 880 1750 950 ζωῆς
1776 880 1883 932 άπ-

301 975 585 1044 εγνωκὼς,
616 973 712 1029 καὶ
734 972 930 1045 ῥᾳδίως
945 972 1127 1042 φέρων
1154 969 1253 1041 τὴν
1272 967 1549 1039 τελευτὴν,
1564 967 1714 1020 οὐδὲν
1737 983 1881 1036 παρ-

300 1065 590 1134 αιτήσαιτο
656 1060 953 1132 τολμῆσαι,
1003 1058 1100 1111 καὶ
1164 1056 1274 1110 τῶν
1322 1055 1528 1126 σφόδρα
1587 1052 1881 1108 δοκούντων

303 1150 461 1223 [⁸219]
490 1148 776 1222 τολμηρῶν
807 1145 965 1202 εἶναι.
1003 1145 1144 1199 Ἀλλ’
1174 1145 1323 1216 ὅμως
1349 1143 1445 1197 καὶ
1482 1136 1625 1196 οὗτοι
1651 1142 1879 1196 Θανάτου

297 1236 686 1309 ὑπερορῶντες
714 1237 974 1297 ἐπιεικεῖς
998 1228 1158 1304 ἦσαν,
1180 1232 1333 1285 οὐδὲν
1367 1231 1474 1284 ἀπὸ
1502 1230 1601 1298 τῆς
1630 1228 1880 1300 ἀνδρείας

298 1325 390 1387 είς
429 1322 743 1394 θρασύτητα
781 1319 1244 1392 παραϐλαϐέντες,
1272 1317 1393 1371 οὐδὲ
1423 1316 1702 1386 φιλοτιμίᾳ
1725 1316 1882 1368 τοῦτο

302 1410 609 1472 ποιοῦντες.
639 1407 747 1462 Καὶ
779 1411 831 1461 οί
865 1406 1082 1473 ἄνδρες
1094 1404 1314 1459 ἐκεῖνοι
1346 1406 1401 1457 οί
1418 1403 1595 1472 τρεῖς,
1627 1402 1874 1471 Σεδρὰχ,

298 1496 532 1566 Μισὰχ,
570 1496 909 1565 Ἀϐδεναγώ,
928 1494 1152 1549 ἔπεσον
1164 1494 1252 1558 είς
1274 1491 1471 1561 μέσον
1497 1491 1606 1559 τῆς
1626 1490 1878 1559 καμίνου

276 1582 415 1637 τοῦ
444 1583 634 1651 πιφὸς
658 1580 771 1650 τῆς
804 1580 1142 1651 καιομένης,
1178 1577 1601 1647 πεπεδημένοι.
1643 1577 1748 1631 Καὶ
1778 1591 1877 1630 πε-

291 1675 633 1742 ριεπάτουν
673 1673 744 1726 ἐν
787 1673 957 1741 μέσῳ
984 1669 1095 1737 τῆς
1137 1668 1382 1738 φλογὸς,
1410 1665 1740 1736 ὑμνοῦντες
1772 1665 1881 1719 τὸν

303 1764 480 1829 Θεὸν,
513 1762 609 1817 καὶ
649 1760 1047 1830 εὐλογοῦντες
1072 1758 1179 1812 τόν
1203 1758 1439 1828 Κύριον.
1475 1757 1636 1827 Ὅρα,
1669 1756 1726 1808 οὐ
1750 1755 1879 1809 θαυ-

309 1853 520 1923 μαστὸν
543 1851 702 1905 τοῦτο
739 1852 831 1903 καὶ
861 1848 1181 1919 παράδοξον,
1216 1847 1277 1899 τὸ
1300 1842 1394 1899 καὶ
1436 1850 1754 1915 περιπατεῖν
1788 1846 1880 1899 καὶ

304 1942 540 2010 ὑμνεῖν,
589 1936 842 2006 καθάπερ
887 1937 945 1989 ἐν
995 1932 1349 2005 κολυμϐήθρᾳ
1396 1934 1637 1993 ύδάτων;
1688 1932 1880 1986 Καίτοι

303 2026 466 2078 οὐδὲν
519 2024 725 2078 κωλύον
773 2018 841 2094 ἦν
904 2023 1057 2085 ἐκεῖ,
1116 2022 1346 2092 ἐπείπερ
1400 2020 1531 2084 Θεὸς
1582 2019 1877 2091 ἠϐουλήθη.

307 2111 571 2165 Τοιοῦτον
617 2106 758 2163 εἶναι
790 2109 913 2179 ἐμοὶ
947 2109 1091 2161 δοκεῖ
1123 2108 1341 2161 κάκεῖνο
1379 2107 1438 2160 τὸ
1467 2107 1597 2178 πῦρ,
1650 2106 1712 2160 τὸ
1757 2108 1882 2170 τοὺς

309 2197 422 2261 ἔξω
451 2195 803 2251 κατακαῦσαν
828 2210 842 2224 ο
877 2196 971 2248 καὶ
1012 2193 1169 2247 τοῦτο
1206 2193 1338 2267 πῦρ,
1382 2195 1603 2247 κάκεῖνο
1639 2194 1700 2246 τὸ
1739 2193 1878 2265 πῦρο

306 2286 409 2336 καὶ
452 2283 627 2336 ταῦτα
672 2282 921 2351 σώματα,
958 2282 1185 2335 κάκεῖνα
1219 2280 1289 2335 τὰ
1336 2280 1594 2352 σώματαο
1629 2283 1724 2334 καὶ⁹
1772 2282 1882 2334 τῶν

306 2369 411 2440 μὲν
471 2368 669 2439 ἥψατο,
714 2368 823 2421 τῶν
867 2367 924 2421 δὲ
972 2367 1259 2437 ἀπέσχετο.
1310 2362 1464 2430 Εἶδες
1508 2368 1633 2420 ὅσον
1677 2366 1880 2435 ἀγαθὸν

305 2455 628 2526 προαίρεσις
668 2452 962 2523 καλλίστη;
995 2452 1309 2523 ἐθαύμασας
1339 2452 1515 2508 αὐτῶν
1545 2454 1644 2525 τὴν
1689 2454 1879 2524 προαί-

307 2559 491 2614 ρεσιις
527 2541 819 2612 Θαύμασον
846 2540 941 2593 τοῦ
969 2542 1240 2594 Δεσπότου
1264 2541 1362 2611 τὴν
1393 2540 1623 2606 εὔνοιαν,
1665 2544 1759 2596 καὶ
1778 2542 1878 2614 τὴν

308 2630 490 2703 τιμὴν,
516 2631 583 2699 ἢν
625 2629 705 2692 εἰς
747 2627 944 2689 αὐτοὺς
970 2626 1302 2693 ἐπεδείξατο.
1334 2626 1481 2693 Τοὺς
1520 2626 1880 2694 δοξάζοντας

307 2735 379 2787 με
416 2716 674 2781 δοξάσω,
706 2713 857 2786 φησί.
888 2713 1143 2785 Είστήκει
1169 2714 1228 2767 τὸ
1261 2714 1485 2785 θέατρον
1517 2712 1681 2769 ἅπαν.
1707 2715 1879 2785 ’Υπὲρ

314 2807 409 2876 τὴν
432 2805 587 2874 φύσιν
616 2802 968 2872 ἐφθέγξαντο,
1000 2803 1141 2870 ὑπὲρ
1162 2802 1263 2857 τὴν
1300 2804 1462 2872 φύσιν
1491 2804 1689 2868 αὐτοὺς
1719 2805 1874 2875 τιμᾷ,

320 2897 464 2965 Ὅρα
489 2894 555 2948 τὰ
576 2893 666 2946 τοῦ
703 2891 976 2945 Δεσπότου
1015 2891 1346 2962 δυναμένους
1376 2893 1503 2957 τοὺς
1532 2894 1769 2956 οἰκέτας.
1814 2893 1878 2946 Τί

321 2979 631 3051 θαυμάζεις,
674 2980 722 3032 εί
774 2977 1038 3049 βασιλέως
1078 2976 1471 3046 καταγελῶσιν,
1508 2980 1638 3032 ὅταν
1683 2979 1881 3043 αὐτοὺς

317 3069 387 3124 τά
429 3070 659 3139 στοιχεῖα
697 3067 911 3136 αἰδῆται
952 3067 1045 3118 καὶ
1092 3065 1380 3138 θαυμάζῃ;
1456 3066 1749 3136 Ἐκκλησία
1789 3068 1882 3136 γέ-

315 3158 525 3227 γονενῆ
560 3156 808 3226 κάμινος.
858 3153 1007 3224 αὐτῷ
1039 3153 1201 3223 ἐῴκει
1241 3153 1319 3223 τῷ
1344 3153 1574 3224 οὐρανῷ.
1618 3154 1880 3210 Ἐνταῦθα

312 3244 411 3315 ἤδη
450 3244 548 3314 τῆς
586 3241 895 3312 ἀφθαρσίας
925 3244 1117 3311 πεῖραν
1165 3239 1371 3293 ἔλαϐον.
1420 3241 1571 3293 Ἐπεὶ
1604 3243 1696 3295 καὶ
1732 3242 1881 3314 παρὰ

310 3335 408 3403 τὴν
439 3332 613 3402 ἀρχὴν
643 3329 861 3401 παθητὰ
908 3328 975 3383 τά
1015 3327 1241 3399 σώματα
1268 3328 1478 3399 ἠμῶνή
1516 3330 1757 3401 ἁμαρτία
1789 3348 1881 3383 πε-

313 3419 539 3487 ποίηκεν
564 3435 577 3448 ⁶
604 3420 733 3472 ὅταν
768 3417 896 3487 γοῦν
936 3417 1003 3469 τὰ
1023 3417 1207 3470 δίκαια
1234 3419 1471 3489 πράττῃ,
1507 3418 1668 3470 πάλιν
1694 3420 1878 3491 ἀπαθῆ

310 3508 541 3575 γίνεται.
584 3507 695 3560 Καὶ
744 3506 1159 3574 περιεπάτουν,
1211 3505 1363 3575 φησί.
1411 3506 1549 3558 Ἀλλ’
1587 3508 1782 3577 ἴδωμεν
1826 3510 1879 3561 τί

311 3594 659 3662 φθέγγονται·
679 3593 776 3664 τῆς
797 3592 1060 3662 μυστικῆς
1081 3590 1400 3661 ἀκούσωμεν
1423 3594 1603 3663 φωνῆς
1622 3593 1742 3663 μεθ’
1756 3595 1882 3665 ήσυ-

310 3684 433 3754 χίας
461 3678 854 3753 πολλῆςκΕἷδες
883 3681 1114 3735 ἄτακτον
1143 3681 1323 3753 φωνην
1353 3682 1444 3735 καὶ
1469 3680 1878 3757 συγκεχυμένην

309 3772 411 3841 τῆς
444 3769 752 3840 σαμϐύκης,
772 3769 979 3823 καὶτοῦ
999 3768 1319 3839 ψαλτηρίου,
1345 3770 1553 3838 καὶτῆς
1583 3770 1875 3843 μουσικῆςς

315 3859 585 3911 Ἄκουσον
611 3857 793 3927 φωνῆς
822 3856 928 3909 άπὸ
952 3857 1145 3925 πυρός.
1169 3856 1244 3908 Οὐ
1263 3854 1576 3926 θαυμαστὸν
1603 3858 1773 3911 ἐδόκει
1796 3875 1879 3912 σοι

306 3945 373 3997 τὺ
402 3944 584 4016 φωνὴν
614 3944 720 3997 ἀπὸ
750 3943 939 4014 πυρὸς
965 3942 1227 4014 φέρεσθαι
1257 3942 1428 4007 Θεοῦ;
1481 3944 1610 3997 Ἰδοὺ
1649 3946 1741 3998 καὶ
1766 3949 1878 4009 τοῖς

308 4033 517 4096 δούλοις
541 4030 707 4085 αὐτοῦ
736 4030 894 4084 τοῦτο
919 4030 1231 4101 ἐχαρίσατο.
1267 4030 1425 4093 Ποῖος
1446 4030 1555 4101 ἀὴρ
1582 4031 1882 4104 πληττόμε-

310 4137 400 4183 νος
434 4121 535 4190 τὴν
576 4117 756 4189 φωνὴν
784 4115 1069 4183 άπετέλει;
1095 4117 1230 4187 Οὐχὶ
1266 4115 1426 4170 τοῦτο
1454 4117 1542 4170 ἀεὶ
1564 4130 1591 4159 ι
1610 4121 1723 4180 τοῖς
1753 4120 1883 4190 μέλ-

308 4209 462 4260 λουσι
497 4203 890 4259 κατακαίεσθαι
926 4204 1273 4274 παραινοῦσι,
1326 4203 1617 4274 διανοίγειν
1658 4205 1728 4260 τὰ
1762 4207 1883 4261 στό-

312 4312 484 4366 ματα,
509 4293 583 4357 ὡς
604 4292 723 4346 οὐδὲ
761 4292 956 4362 μικρὸν
995 4290 1300 4362 δυναμένης
1337 4291 1437 4362 τῆς
1483 4291 1765 4364 δυνάμεως
1796 4296 1875 4347 ἐν-

309 4384 602 4451 απομεῖναι
620 4379 699 4450 τῷ
720 4378 930 4448 σώματι
958 4377 1173 4443 λοιπόν;
1196 4378 1333 4449 Ὅρα
1351 4380 1669 4449 συμφωνίαν
1692 4397 1880 4452 μουσι-

306 4470 436 4539 κὴν,
464 4467 653 4537 ὥσπερ
681 4465 741 4531 ἐξ
763 4466 882 4529 ἐνὸς
908 4465 1173 4535 στόματος
1193 4465 1399 4529 πάντας
1426 4466 1745 4537 ὑμνοῦντας.
1767 4468 1882 4524 Καὶ

307 4557 551 4623 συστὰς
584 4554 840 4622 Ἀζαρίας
855 4554 1244 4622 προσηύξατο
1262 4554 1452 4620 οὕτως
1474 4572 1488 4585 ·
1512 4556 1610 4608 καὶ
1629 4556 1881 4624 άνόίξας

308 4646 375 4699 τὸ
406 4645 602 4713 στόμα
628 4642 815 4698 αὑτοῦ
850 4642 920 4696 ἐν
949 4641 1119 4710 μέσῳ
1157 4641 1262 4695 τοῦ
1309 4640 1500 4709 πυρὸς
1538 4639 1726 4697 εἶπεν.
1762 4645 1879 4697 Ἵνα

311 4732 388 4803 μὴ
415 4732 663 4803 νομίσῃς,
692 4731 775 4783 ὅτι
795 4730 936 4801 ὑπὲρ
959 4729 1067 4783 τῶν
1089 4729 1367 4802 παρόντων
1388 4730 1764 4799 εὐχαριστοῦσι
1787 4732 1881 4802 μό-

305 4838 419 4888 νον,
455 4822 595 4890 ύπέρ
621 4819 722 4890 τῆς
745 4818 1147 4889 αἰχμαλωσίας,
1187 4817 1281 4870 καὶ
1306 4817 1413 4871 τῶν
1444 4817 1631 4873 δεινῶν
1662 4819 1881 4873 ἐκείνων

305 4909 415 4962 τῶν
437 4906 857 4979 συμϐεϐηκότων
877 4907 1056 4969 αὐτοῖς
1075 4904 1449 4977 παρακαλοῦσι
1466 4904 1555 4957 τὸν
1575 4906 1723 4961 Θεόν.
1739 4907 1881 4977 Ὅρα

306 4998 425 5060 πῶς
445 4997 724 5067 ἄρχονται.
745 4994 1081 5064 Εὐλογητὸς
1106 4988 1179 5056 εἴ,
1207 4993 1383 5059 Κύριε
1405 4994 1437 5046 ό
1464 4992 1609 5058 Θεὸς
1628 4993 1747 5047 τῶν
1771 5008 1883 5046 πα-

306 5084 493 5151 τέρων
546 5080 735 5150 ἡμῶν,
781 5080 881 5134 καί
918 5079 1155 5134 αὶνετύν
1189 5078 1289 5132 καὶ
1329 5077 1779 5147 δεδοξασμένον,
1815 5082 1883 5136 τὸ

306 5172 495 5242 ὄνομά
523 5185 640 5225 σου
664 5173 751 5236 εὶς
772 5169 909 5235 τοὺς
943 5169 1179 5234 αἰῶνας.
1215 5169 1278 5221 '0
1306 5167 1374 5220 δὲ
1396 5166 1644 5237 ἄγγελος
1667 5170 1883 5237 Κυρίου

303 5260 644 5331 συγκατέϐη
667 5259 788 5325 τοῖς
808 5258 939 5326 περὶ
960 5260 1065 5311 τὸν
1095 5256 1359 5326 Ἀζαρίαν
1377 5259 1462 5323 εἰς
1479 5256 1592 5324 τὴν
1610 5257 1881 5327 κάμινον,

303 5351 402 5404 καὶ
430 5346 740 5412 ἑξετίναξε
768 5346 881 5414 τὴν
907 5345 1103 5415 φλόγα
1130 5345 1234 5397 τοῦ
1262 5347 1450 5412 πυριὶς
1479 5345 1546 5398 ἐκ
1575 5345 1685 5414 τῆς
1712 5339 1881 5414 καμί-

365 5486 391 5513 ⁸
417 5484 614 5535 Pal-aen.
651 5495 728 5544 pr.
752 5481 811 5531 ad
832 5480 1019 5532 Theod.
1047 5480 1168 5541 laps.
1355 5479 1386 5527 5
1412 5492 1424 5526 :
1451 5478 1610 5527 Ἰσασι
1643 5480 1694 5528 δὲ
1716 5479 1884 5538 πάντες

365 5562 412 5587 οι
432 5544 534 5587 τοῖς
550 5544 817 5587 καιομένοις
853 5541 1244 5587 παραγεγόνασιν.
1291 5557 1356 5587 ωε
1383 5540 1462 5587 μὲν
1486 5540 1542 5587 ἂν
1562 5542 1711 5587 ἔγωσι
1736 5559 1883 5587 μεμυ-

307 5544 412 5595 δσοι
432 5544 535 5600 τοῖς
550 5540 817 5605 καιομένοις
853 5540 1244 5605 παραγεγόνασιν,
1268 5540 1356 5605 ξως
1378 5540 1542 5605 μένάν
1562 5542 1711 5603 ἔχωσι
1736 5559 1883 5605 μεμν-

298 5608 422 5655 κότα
448 5599 620 5657 ἐκεῖνοι
650 5599 1195 5667 τὰκτελψξκᾱν-βραχύ
1218 5599 1331 5667 γοῦν
1369 5599 1618 5667 άντέχουοῖξ
1638 5599 1759 5667 πρὸς
1798 5599 1882 5650 τὸν

299 5667 601 5730 ᾇμπρησμόν·
632 5667 673 5730 εξ
694 5663 1185 5730 δέξσυμϐαίηᾼδιόιραι
1224 5664 1278 5711 τὸ
1318 5663 1473 5725 στόμα
1504 5663 1686 5723 αὐτῶν,
1718 5665 1884 5720 εὐθέως

302 5725 561 5777 άοίπταται
592 5725 679 5775 τοῦ
700 5725 970 5787 σώματοςοὴ
994 5727 1138 5788 ψυχή.

1704 322 1770 377 IN
1805 320 2170 381 DAMELEM.

3444 326 3549 386 2i!

1982 457 2115 508 νου,
2137 444 2234 498 καὶ
2252 444 2502 514 ἐποίησε
2524 447 2588 501 τὸ
2602 448 2797 518 μέσον
2820 447 2925 518 τῆς
2944 450 3196 519 καμίνου
3218 450 3297 516 ὡς
3315 448 3549 522 πνεῦμα

1981 527 2204 596 δρόσου
2224 532 2594 602 διασυρίζον·
2619 537 2716 589 καὶ
2746 538 2858 605 οὐχ
2889 536 3086 605 ἥψατο
3113 525 3308 591 αὐτῶν
3332 537 3398 591 τὸ
3418 542 3549 592 καθ·

1982 618 2130 674 όλου
2155 621 2221 673 τὸ
2247 623 2368 691 πῦρ
2389 664 2404 688 ,
2442 625 2538 678 καί
2575 627 2687 679 οὑκ
2724 627 3036 695 ἐλύπησεν
3066 625 3287 693 αὐτοὺς
3310 666 3325 690 ,
3353 631 3446 680 καὶ
3476 629 3548 680 οὐ

1981 707 2476 778 παρηνώχλησεν.
2547 711 2732 775 Οὕτως
2803 713 2902 766 οὐκ
2984 714 3303 784 αὐτομάτως
3379 712 3548 766 ταῦτα

1981 794 2216 863 ἐγένετο.
2271 797 2380 850 Καὶ
2426 799 2486 851 οὐ
2524 799 2691 868 μόνον
2718 800 2779 852 οὐ
2812 800 3245 870 κατεκαύθησαν,
3285 799 3397 853 ἀλλ’
3431 800 3548 852 οὐδὲ

1984 882 2408 954 παρηνώχλησεν
2439 885 2635 949 αὐτοὺς
2680 888 2741 939 τὸ
2767 886 2896 957 πῦρ,
2925 887 3045 940 οὐδὲ
3072 886 3223 959 [⁸320]
3257 887 3547 957 ἐλύπησεν,

1982 970 2104 1023 οὐδὲ
2147 971 2208 1024 τὸ
2272 972 2432 1043 τυχὸν
2488 969 2629 1040 οἷον,
2715 974 2836 1027 οὐδὲ
2896 974 3103 1045 θέρμην
3159 973 3403 1044 ᾔσθοντο.
3452 973 3548 1027 Διὰ

1981 1055 2137 1110 τοῦτο
2163 1057 2219 1111 δὲ
2250 1059 2342 1112 καὶ
2388 1060 2481 1113 ἐπὶ
2528 1060 2782 1114 τοσοῦτον
2840 1062 2893 1131 ἡ,
2926 1061 3057 1129 φλὸξ
3101 1060 3366 1131 ἀνῆλθεν,
3411 1060 3549 1114 ὥστε

1980 1145 2075 1197 καλ⁹
2119 1146 2230 1208 τοῖς
2274 1145 2471 1212 ἔξωθεν
2513 1147 2816 1215 φαίνεσθαι.
2854 1147 2964 1201 Καὶ
2998 1149 3032 1219 ἡ
3080 1148 3451 1219 ἐμϐαλλομένη
3494 1146 3551 1200 δέ

1981 1230 2080 1302 ῦλη
2114 1232 2269 1303 ίκανὴ
2302 1229 2369 1305 ἦν
2411 1236 2605 1297 αὐτοὺς
2650 1235 3044 1299 πιστώσασθαι,
3091 1236 3185 1289 καὶ
3217 1234 3277 1288 τὸ
3323 1236 3397 1305 μὴ
3433 1235 3551 1287 δια-
3586 1278 3601 1285 -

1979 1316 2204 1384 λείπειν,
2232 1321 2326 1372 καὶ
2364 1320 2424 1373 τὸ
2453 1320 2545 1373 ἐπὶ
2585 1320 2719 1374 πολύ
2768 1320 3052 1390 φαίνεσθαι
3098 1321 3425 1392 καιομένην,
3456 1320 3551 1375 καὶ

1981 1406 2197 1460 πάντων
2222 1407 2528 1480 ἔμπροσθεν
2550 1409 2706 1463 τοῦτο
2743 1410 3012 1479 γενέσθαι.
3041 1411 3150 1465 Καὶ
3174 1410 3551 1479 Ναϐουχοδο-

1979 1496 2163 1563 νόσορ
2191 1494 2458 1564 ἤκουσεν
2485 1498 2834 1566 ὑμνούντων
2863 1496 3078 1563 αὐτῶν,
3102 1498 3198 1552 καὶ
3228 1498 3548 1567 ἐθαύμασε,

1980 1583 2072 1636 καὶ
2102 1582 2397 1651 ἐξανέστη
2420 1584 2489 1637 ἐν
2509 1583 2769 1653 σπουδῇ,
2793 1585 2891 1638 καὶ
2912 1581 3039 1639 εἷπε
3060 1585 3182 1651 τοῖς
3194 1583 3553 1654 μεγιστᾶσιν

1978 1670 2185 1723 αὑτοῦ.
2214 1670 2354 1723 Αὐτὸ
2392 1669 2447 1722 δὲ
2486 1671 2641 1723 τοῦτο
2680 1673 2878 1742 ἐπῆλθε
2910 1672 3072 1725 πόθεν
3110 1673 3185 1742 τῷ
3213 1671 3550 1741 Ναϐουχοδο-

1978 1756 2137 1827 νόσορ
2170 1756 2431 1830 ᾀκοῦσαι;
2459 1759 2600 1828 Ἀρα
2624 1760 2800 1813 πάντα
2837 1759 2927 1812 τὸν
2959 1759 3144 1830 χρόνον
3182 1758 3546 1829 παρεκάθητο.

1978 1842 2074 1894 Διὰ
2098 1824 2204 1913 γὰρ
2244 1843 2400 1896 τοῦτο
2434 1844 2634 1909 εὐθέως
2658 1847 2757 1899 οὐκ
2784 1847 2964 1899 εἴασεν
2990 1846 3151 1899 αὐτὸν
3176 1845 3402 1925 άκοῦκσαι
3427 1884 3442 1907 ,
3462 1846 3551 1897 ἴνα

1979 1931 2076 1984 καὶ
2106 1934 2134 1985 ό
2162 1931 2347 2001 χρόνος
2371 1933 2531 1996 αὐτὸς
2561 1936 2880 2006 μαρτυρήσῃ
2915 1935 2992 2005 τῷ
3014 1934 3305 2006 γενομένῳ,
3337 1935 3419 1988 ὅτι
3456 1935 3552 1988 καὶ

1981 2018 2147 2071 πολὺν
2171 2018 2544 2089 διατρίψαντες
2565 2020 2773 2091 χρόνον,
2795 2022 2945 2074 οὐδὲν
2973 2021 3169 2075 ἔπαθον
3189 2020 3379 2075 δεινόν.
3406 2023 3488 2074 Οὐ
3492 2038 3528 2087 λ
3535 2019 3554 2072 ί

1981 2106 2204 2173 ἄνδρας
2223 2107 2378 2176 τρεῖς
2399 2109 2760 2178 ἑνεϐάλομεν
2780 2112 2868 2176 εὶς
2886 2108 3079 2178 μέσον
3106 2109 3212 2163 τοῦ
3243 2108 3431 2177 πυρὸς
3455 2123 3556 2161 πε-

1982 2193 2353 2264 πεδημένους
2371 2212 2389 2261 ;
2409 2196 2517 2250 Καὶ
2549 2195 2971 2266 ἀποκριθέντες
2991 2194 3242 2267 λέγουσι
3273 2195 3352 2262 τῷ
3375 2196 3557 2259 βασι-

1979 2281 2081 2335 λεῖ
2098 2299 2112 2314 ο
2157 2281 2405 2351 Ἀληθῶς
2425 2323 2441 2347 ,
2469 2284 2759 2348 ’,ϐασιλεῦ
2811 2284 2920 2339 Καὶ
2948 2280 3116 2337 εἶπεν
3150 2286 3183 2338 d
3214 2284 3515 2349 ,ϐασιλεύς
3539 2300 3553 2313 ·

1980 2361 2118 2421 ’Ὧδε
2134 2368 2247 2436 ἐγὼ
2279 2368 2396 2435 ὁρῶ
2436 2368 2659 2438 ἄνδρας
2699 2370 3001 2438 τέσσαρας
3029 2368 3418 2439 λελυμένους,
3456 2371 3553 2424 καὶ

1979 2454 2452 2522 περιπατοῦντας
2481 2456 2549 2509 ἐν
2570 2455 2740 2525 μέσῳ
2760 2455 2867 2510 τοῦ
2898 2460 3117 2525 πυρός’
3150 2457 3247 2511 καὶ
3271 2457 3557 2526 διαφθορὰ

1979 2542 2089 2593 οὐκ
2124 2540 2294 2594 ἐστιν
2318 2541 2389 2595 ἐν
2420 2542 2656 2608 αὑτοῖς·
2691 2542 2789 2596 καὶ
2813 2543 2850 2610 ἡ
2890 2543 3099 2611 ὅρασις
3132 2544 3238 2598 τοῦ
3276 2544 3557 2612 τετάρτου

1980 2627 2152 2696 ὁμοία
2172 2627 2278 2694 υἱῷ
2306 2628 2413 2683 τοῦ
2435 2630 2603 2685 Θεοῦ.
2634 2630 2765 2683 Ἀπὸ
2783 2631 2881 2701 τῆς
2910 2630 3081 2701 θύρας
3107 2628 3243 2684 εἶδεν
3264 2631 3361 2693 τὰς
3383 2631 3553 2701 ὄψεις.

1986 2719 2122 2770 Τότε
2145 2718 2453 2788 προσῆλθε
2490 2720 3022 2789 Ναϐουχοδονόσορ
3051 2721 3201 2790 πρὸς
3235 2720 3349 2789 τὴν
3369 2722 3557 2790 θύραν

1980 2802 2091 2871 τῆς
2113 2805 2368 2873 καμίνου
2397 2806 2500 2860 τοῦ
2524 2807 2713 2875 πυρός
2742 2805 2849 2874 τῆς
2872 2806 3209 2876 καιομένης,
3233 2806 3329 2861 καί
3354 2803 3550 2860 εἶπενο

1981 2891 2207 2961 Σεδρὰχ
2227 2933 2242 2957 ,
2278 2892 2479 2963 Μισὰχ
2500 2934 2514 2954 ,
2558 2893 2874 2964 Ἀϐδεναγὼ
2898 2935 2913 2958 ,
2943 2897 2997 2947 οί
3024 2893 3231 2949 δοῦλοι
3262 2894 3368 2951 τοῦ
3405 2894 3552 2948 Θεοῦ

1980 2980 2085 3034 τοῦ
2113 2980 2398 3047 ὑψίστου,
2420 2980 2713 3047 ἐξέλθετε,
2740 2982 2837 3036 καὶ
2869 2981 3040 3037 δεῦτε
3064 2977 3196 3040 ὦδε.
3244 2982 3351 3036 Καὶ
3375 2980 3556 3050 ἐξῆλο

1982 3071 2092 3123 θον
2116 3067 2365 3137 Σεδρὰχ,
2394 3069 2614 3138 Μισὰχ,
2659 3069 2983 3139 Ἀϐδεναγὼ
3008 3070 3076 3123 ἐκ
3096 3070 3292 3140 μέσου
3315 3071 3418 3125 τοῦ
3446 3087 3557 3122 πυ-

1973 3156 2105 3222 ρός.
2136 3154 2235 3223 Διὰ
2257 3155 2308 3207 τί
2333 3155 2376 3208 δ’
2406 3156 2466 3209 οὐ
2494 3156 2754 3229 πρότερον
2776 3156 2999 3228 ἐξῆλθον
3026 3157 3128 3221 ἕως
3164 3156 3419 3212 ἐκάλεσεν
3451 3158 3552 3210 αύ-

1982 3241 2106 3305 τούς
2133 3261 2146 3308 ;
2183 3244 2292 3296 Καὶ
2313 3244 2491 3308 καλῶς
2528 3245 2784 3317 πρότερον
2806 3247 2984 3316 ἐρωτᾷ
3011 3245 3134 3305 τοὺς
3160 3245 3444 3317 ἄρχοντας,
3467 3246 3554 3300 ἵνα

1983 3333 2048 3402 τῇ
2085 3332 2370 3404 ἀποκρίσει
2415 3332 2948 3404 προκατασχεθέντες
2986 3332 3150 3403 μηδὲν
3172 3334 3406 3387 ἐναντίον
3428 3336 3555 3387 ἀπο-

1983 3418 2294 3490 κρίνωνται,
2326 3419 2458 3489 μηδὲ
2489 3419 2591 3473 ὑπὸ
2611 3418 2704 3473 τοῦ
2728 3418 2917 3491 καιροῦ
2949 3420 3388 3491 συναρπαγιῖωιν.
3423 3421 3554 3473 Ὠσε-

1981 3523 2085 3576 περ
2117 3507 2194 3577 τῷ
2224 3508 2449 3561 Μωῦσεῖ
2475 3506 2656 3576 ἔλεγεν
2673 3510 2700 3561 ό
2728 3509 2857 3571 Θεός
2876 3523 2890 3539 ⁸
2924 3508 2985 3562 Τί
3013 3507 3189 3561 τοῦτο
3209 3509 3277 3561 ἐν
3304 3506 3379 3576 τῇ
3404 3509 3555 3577 χειρί

1980 3607 2095 3648 σου
2117 3611 2137 3659 ;
2185 3593 2327 3648 οὕτω
2368 3594 2463 3649 καὶ
2504 3595 2728 3660 τούτους
2768 3595 3237 3666 Ναθουχοδονόσορ
3278 3613 3555 3667 προκατα-

1979 3680 2237 3752 λαμϐάνει
2264 3685 2330 3755 τῇ
2379 3683 2657 3754 ἐρωτήσει.
2712 3682 2869 3737 Ἰδοὺ
2895 3722 2911 3747 ,
2961 3684 3142 3753 φησὶν,
3171 3683 3289 3750 ὁρώ
3331 3682 3554 3751 ἄνδρας

1978 3768 2275 3837 τέσσαρας
2291 3769 2681 3838 λελυμένους,
2702 3770 2798 3823 καί
2817 3769 3289 3838 περιπατοῦντας
3306 3769 3375 3822 ἐν
3386 3770 3555 3838 μέσῳ

1979 3856 2085 3909 τοῦ
2115 3858 2332 3923 πυρός·
2373 3856 2471 3909 καὶ
2505 3855 2796 3924 διαφθορὰ
2832 3858 2943 3911 οὐκ
2987 3856 3159 3909 ἔστιν
3193 3856 3262 3909 ἐν
3304 3858 3508 3922 αὐτοῖς
3532 3873 3548 3889 °

1981 3941 2079 3996 καὶ
2108 3944 2145 4010 ἡ
2172 3942 2379 4009 ὅρασις
2408 3943 2512 3994 τοῦ
2541 3943 2820 4009 τετάρτου
2858 3943 3030 4009 ὁμοία
3065 3942 3172 4007 υίῷ
3201 3943 3369 3998 Θεοῦ.
3409 3944 3550 3998 Πολὺ

1982 4030 2176 4094 κάλλος
2203 4031 2329 4093 ἴσως
2345 4030 2612 4098 ἐνέφαινε.
2633 4030 2800 4083 Πόθεν
2818 4026 2984 4094 οἶδας,
3003 4025 3048 4083 ὦ
3067 4029 3550 4102 Ναϐουχοδονόσορ,

1982 4118 2094 4171 υἱὸν
2123 4116 2288 4180 Θεοῦ;
2316 4118 2458 4186 Ὅρα
2481 4116 2667 4170 τοῦτον
2698 4115 3107 4187 προφητεύοντα
3139 4117 3229 4171 τὸν
3282 4117 3553 4187 βάρϐαρον

1983 4206 2090 4259 ἀπὸ
2120 4206 2218 4275 τῆς
2242 4203 2416 4273 ὅψεως
2456 4205 2642 4274 μόνης.
2673 4204 2785 4257 Καὶ
2812 4203 3085 4274 προσῆλθε
3110 4242 3126 4268 ,
3161 4205 3255 4257 καὶ
3297 4204 3553 4258 ἐκάλεσεν

1982 4293 2201 4356 αὐτούς’
2229 4292 2476 4361 Σεδρὰχ,
2504 4292 2725 4360 Μισὰχ,
2771 4290 3109 4362 Ἀϐδεναγώ,
3132 4294 3185 4345 οἱ
3213 4290 3415 4345 δοῦλοι
3446 4293 3552 4345 τοῦ

1984 4381 2132 4436 Θεοῦ
2170 4378 2276 4433 τοῦ
2313 4379 2579 4446 ὑψίστου
2601 4418 2615 4442 ,
2658 4376 2929 4441 έξέλθετε
2951 4418 2965 4442 ,
3010 4376 3107 4430 καὶ
3137 4377 3328 4432 δεῦτε.
3388 4378 3548 4450 Ὅρα.

1982 4470 2096 4521 Οὐκ
2126 4467 2376 4520 ἐκέλευσε
2400 4465 2686 4536 σϐεσθῆναι
2714 4464 2811 4537 τὴν
2837 4465 3080 4536 κάμινον,
3107 4465 3240 4519 ἀλλὰ
3264 4466 3345 4533 τίς
3390 4466 3550 4519 Ἐκά-

1981 4557 2135 4610 λεσεν
2163 4557 2356 4620 αὐτοὺς
2385 4554 2636 4622 ἐξελθεῖν.
2666 4550 2819 4618 Εἶδες
2857 4554 3039 4625 θαῦμα
3070 4556 3210 4626 μέγα
3249 4558 3342 4609 καλ⁴
3368 4558 3550 4628 παρά-

1966 4644 2149 4711 -δοξον,
2197 4646 2260 4698 Ὅ
2296 4644 2530 4715 μάλιστα
2557 4643 2671 4714 ᾔδει
2715 4642 3069 4715 θεραπεῦσον,
3093 4642 3249 4696 τοῦτο
3273 4644 3545 4696 ἐκάλεσεν.

1983 4733 2145 4786 Ούὸἐν
2163 4731 2362 4800 ταύτης
2381 4732 2481 4801 τῆς
2499 4732 2771 4799 εὐγενείας
2800 4730 2930 4783 ἴσον.
2946 4730 3152 4799 [Ἄκουε
3170 4730 3278 4798 γὰρ
3300 4729 3391 4781 τοῦ
3414 4728 3548 4781 Θεοῦ

1981 4823 2253 4890 λέγοντος
2295 4819 2552 4888 Μωϋσῆς
2593 4823 2625 4875 ὁ
2680 4818 2947 4887 θεράπων
2976 4812 3090 4886 μου
3144 4817 3547 4883 τετελεύτηκε.

1981 4910 2091 4963 Καὶ
2130 4909 2353 4972 Ἰσαὰκ,
2386 4909 2537 4977 φησὶ,
2587 4909 2620 4960 d
2661 4905 2877 4970 δοῦλός
2907 4920 3041 4957 σου.
3074 4901 3257 4975 Ταύτῃ
3296 4905 3345 4955 οἱ
3380 4902 3549 4971 ἄγγε-

1982 4994 2065 5047 λοι
2111 4997 2175 5064 τῇ
2232 4991 2570 5063 προσηγορίᾳ
2603 4990 2942 5058 ἀγάλλονται,
2981 4988 3073 5040 καὶ
3127 4988 3195 5040 τὰ
3247 4986 3546 5059 Χερουϐὶμ,

1983 5088 2159 5140 καὶτὰ
2180 5084 2445 5156 Σεραφίμ.
2476 5085 2584 5136 Καὶ
2623 5083 2721 5151 οὐχ
2754 5083 2826 5143 ὡς
2851 5081 2915 5133 ἄν
2946 5097 3029 5143 τις
3064 5079 3359 5148 φιλόνεικος
3393 5081 3549 5150 ποιήο

1981 5191 2159 5242 σειεν,
2204 5176 2570 5247 ἁναπέμειναν
2613 5174 2677 5243 (1.
2725 5169 3138 5242 ἐναπέμειναν),
3186 5168 3299 5222 ἀλλ’
3343 5170 3544 5232 εὐθέως

1979 5266 2315 5336 ὑπήκουσαν·
2350 5265 2443 5318 καὶ
2473 5260 2731 5333 συνῆλθον
2762 5260 2995 5322 ἅπαντες
3029 5260 3155 5312 ἰδεῖν
3184 5257 3243 5310 τὸ
3269 5257 3470 5326 θαῦμα.

2590 5459 2838 5514 ΚΕΦΑΛ.
2872 5461 2943 5512 Δ’.

2068 5619 2233 5690 Ἐγὼ
2276 5616 2806 5687 Ναϐουχοδονόσορ
2838 5616 3108 5684 εὐθηνῶν
3157 5612 3320 5680 ἥμην
3358 5608 3428 5663 ἐν
3470 5605 3551 5674 τῷ

1985 5715 2127 5779 οἴκῳ
2162 5730 2300 5785 μου,
2339 5712 2431 5767 καὶ
2465 5709 2733 5766 εὐθαλῶν
2766 5711 2861 5764 ἐπὶ
2892 5707 3242 5780 τοῦηθρόνου
3263 5717 3418 5774 μου,
3457 5703 3553 5758 καὶ
