4104 6214
498 302 609 358 ἓιὸ
721 339 728 350 .

506 415 658 469 πίων
691 409 763 465 ἐν
790 410 871 477 τῷ
909 409 1035 476 λαῷ
1054 428 1196 480 μου.
1229 413 1385 477 Τίνος
1419 412 1606 467 ἕνεκεν
1648 412 1791 467 οὓτω
1829 411 1985 465 τοῦτο
2028 409 2077 463 ἐ-

507 516 736 586 γραψεν,
760 516 854 569 καὶ
886 514 1010 586 οὐχὶ
1046 515 1304 588 ἔγραψενο
1328 517 1795 589 Ναϐουχοδονόσορ
1821 512 1888 588 ἦν
1924 515 2084 586 εὐθη-

504 625 631 687 νῶν,
651 624 765 679 ἀλλ’
791 625 867 689 ὡς
890 627 954 679 ἐκ
982 625 1275 699 προσώπου
1297 628 1537 698 ἐκείνους
1569 629 1722 700 Ἐμοὶ
1745 628 1892 682 δοκεῖ
1911 626 2085 682 ταῦτα

502 737 571 790 τά
598 736 751 810 [2‘21]
800 739 1031 809 ῥήματα
1065 738 1230 793 αὐτοῦ
1274 735 1415 795 εἶναι
1444 741 1537 796 τοῦ
1592 741 2079 815 Ναϐουχοδονόσορ.

517 843 732 915 Ἐπειδὴ
756 843 863 916 7&9
892 846 1189 916 ἀνήνεγκεν
1219 846 1314 901 ἀπ’
1358 845 1573 918 ἐκείνης
1612 847 1713 920 τῆς
1739 846 1976 919 πλάνης,
2025 848 2085 902 ἐν

504 959 781 1030 δημοσίοις
822 957 966 1013 αὐτὰ
1002 958 1261 1014 κατέθετο
1294 960 1597 1032 γράμματα
1629 959 1779 1025 ἴσως.
1809 959 1949 1014 Αὐτὸ
1992 954 2087 1013 οὖν

507 1066 812 1137 σύνταγμα,
842 1065 981 1119 ὥστε
1015 1066 1326 1131 ἀξιόπιστον
1354 1066 1626 1135 γενέσθαι,
1653 1065 1891 1139 παράγει
1920 1067 1949 1119 6
1985 1066 2088 1118 Δα-

505 1176 644 1247 νιὴλ.
671 1178 750 1248 Τῇ
781 1178 890 1249 7&9
913 1177 1019 1231 τῶν
1042 1178 1343 1248 ἀνθρώπων
1371 1178 1529 1250 φύσει
1560 1180 1719 1244 αὐτὸς
1744 1182 1773 1233 6
1805 1179 2087 1244 πεπονθὼς

504 1287 837 1358 διαλέγεται,
860 1290 970 1344 Καὶ
1002 1290 1099 1344 θέα
1125 1309 1217 1362 μοι
1238 1292 1378 1365 πόση
1412 1293 1687 1358 παίδευσις
1710 1294 1916 1362 γίνεται
1947 1294 2088 1347 κατὰ

507 1391 614 1444 τῶν
665 1392 1049 1463 ὑπερηφάνων.
1099 1394 1231 1448 Ἀπὸ
1270 1395 1379 1468 7&9
1406 1397 1780 1468 ὑπερηφανίας
1826 1396 2089 1453 πέπονθεν

509 1504 653 1576 ἅπερ
694 1504 914 1569 ἔπαθεν,
950 1506 1045 1560 καὶ
1075 1507 1310 1562 δείκνυσι
1343 1510 1442 1582 τὴν
1476 1511 1653 1564 αἰτίαν
1684 1510 1783 1582 τῆς
1808 1510 2090 1582 ὑπερηφα-

508 1610 628 1673 νίας
648 1598 754 1663 άπό
778 1628 836 1663 τε
852 1610 947 1664 τοῦ
970 1612 1157 1677 τέλους
1174 1613 1267 1666 καὶ
1284 1613 1383 1684 τῆς
1400 1613 1576 1685 ἀρχῆς
1595 1630 1608 1645 ⁸
1651 1614 1708 1666 ἐν
1728 1614 1825 1685 μὲν
1841 1614 1918 1684 τῷ
1943 1616 2090 1669 τέλει

510 1712 709 1783 λέγων,
744 1716 865 1769 ’Ὁτι
916 1715 1146 1784 πάντας
1189 1716 1333 1784 τοὺς
1373 1716 1799 1786 ὑπερηφάνους
1843 1718 2091 1772 δύναται

510 1821 874 1878 ταπεινῶσαι
892 1841 905 1854 ·
930 1824 989 1878 ἐν
1008 1825 1152 1895 ἀρχῇ
1176 1823 1232 1877 δὲ
1258 1825 1353 1878 καὶ¹
1374 1825 1441 1878 ἐκ
1468 1824 1766 1895 προοιμίων
1789 1824 1885 1895 τὴν
1908 1808 2092 1878 αἰτίαν

509 1924 609 1995 τῆς
640 1926 1015 1999 ὑπερηφανίας
1052 1925 1337 1981 διδάσκων.
1402 1928 1549 1982 Ἐκεῖ
1586 1928 1685 1997 μὲν
1712 1927 1850 1999 7&9,
1888 1928 1971 1999 ὅτι
2005 1927 2094 1982 διὰ

508 2026 665 2081 τοῦτο
697 2026 1055 2099 ἐταπεινώθη,
1089 2027 1354 2099 ἐδήλωσεν
1378 2046 1391 2059 '
1420 2028 1656 2083 ἐνταῦθα
1699 2028 1755 2081 δὲ
1785 2028 1947 2082 πόθεν
1985 2047 2095 2082 τοι-

510 2129 635 2183 οῦτο
666 2130 882 2199 ἐγένετο
900 2171 916 2198 ,
954 2131 1018 2185 ἐκ
1041 2130 1134 2183 τοῦ
1163 2131 1365 2198 πολλῆς
1415 2129 1722 2186 ἀπολαῦσαι
1748 2132 2090 2204 εὐπραγίαςο

511 2236 702 2308 ὥσπερ
730 2237 823 2291 καὶ
847 2239 876 2291 6
898 2237 1060 2291 Δαυῖδ
1085 2235 1268 2305 λέγει’
1298 2236 1399 2291 Διὰ
1427 2235 1602 2291 τοῦτο
1629 2234 1965 2305 ἐκράτησεν
1994 2238 2097 2291 αῦ-

513 2340 636 2395 τῶν
666 2343 704 2411 ἡ
740 2342 1122 2411 ὑπερηφανία
1143 2359 1157 2373 ·
1201 2340 1344 2396 οὕτω
1389 2342 1452 2412 δὴ
1480 2342 1575 2395 καὶ
1621 2340 1855 2396 ἐνταῦθα
1895 2341 2103 2405 πολλὰς

515 2446 727 2519 τίθησιν
772 2447 1102 2519 εὐπραγίας.
1162 2448 1253 2501 Ἔν
1279 2450 1344 2518 τῇ
1396 2448 1538 2517 ἀρχῇ
1592 2465 1779 2518 φησιν’
1810 2447 2101 2515 Εὐθηνῶν

514 2550 679 2621 ἤμην
698 2553 769 2607 ἐν
791 2551 872 2618 τῷ
898 2553 1041 2617 οἴκῳ
1074 2569 1217 2621 μου,
1248 2552 1347 2604 καὶ
1373 2549 1648 2605 εὐθαλῶν
1694 2550 1797 2604 ἐπὶ
1829 2549 1938 2604 τοῦ
1968 2550 2101 2618 θρό-

516 2672 627 2709 νου
645 2674 785 2724 μου,
824 2655 922 2709 καὶ
954 2656 1109 2708 πίων
1137 2655 1207 2709 ἐν
1235 2653 1315 2720 τῷ
1348 2652 1475 2719 λαῷ
1525 2672 1659 2724 μου.
1704 2655 1779 2709 οὐ
1833 2654 1941 2727 7&9
1985 2654 2099 2707 ἔστι
2126 2644 2139 2647 μ

520 2760 697 2813 πάντα
748 2757 884 2823 ὁμοῦ
957 2758 1299 2828 συνδραμεῖν.
1361 2762 1578 2815 Ἔνεστι
1628 2760 1770 2815 κατά
1835 2760 1933 2829 μέν
2004 2759 2101 2830 τὴν

520 2862 696 2934 ἀρχὴν
724 2863 1043 2933 εὐπραγεῖν,
1077 2863 1223 2917 κατά
1258 2863 1316 2917 δὲ
1364 2864 1463 2937 τὴν
1514 2865 1692 2919 οἰκίαν
1735 2865 2099 2937 δυσπραγεῖν,

522 2967 776 3038 καθάπερ
838 2968 867 3020 6
925 2967 1205 3039 Ἡρώδης·
1263 2967 1515 3040 καθάπερ
1567 2971 1596 3022 6
1657 2969 1855 3022 Δαυῖδ·
1926 2968 2103 3023 ἔνεστι

522 3071 686 3125 πάλιν
727 3071 1034 3127 τούναντίον
1085 3073 1143 3126 ἐν
1200 3070 1297 3143 μὲν
1331 3070 1412 3143 τῷ
1458 3070 1573 3142 λαῷ
1618 3071 1965 3143 δυσπραγεῖν,
1998 3071 2105 3125 ἀπὸ

521 3172 581 3227 δὲ
611 3173 709 3244 τῆς
743 3173 921 3237 οἰκίας
961 3173 1127 3246 μηδὲν
1169 3174 1399 3245 πάσχειν
1432 3172 1602 3251 δεινόν
1626 3190 1638 3203 ·
1679 3172 1885 3227 ἔνεστιν
1924 3175 1982 3227 ἐν
2008 3173 2106 3244 μὲν

398 3278 419 3291 ⁸
524 3279 592 3348 τῇ
620 3278 771 3332 πόλει
796 3278 1119 3365 εἰρηνεύειν,
1146 3278 1245 3351 τὴν
1277 3278 1335 3333 δὲ
1361 3278 1534 3351 ἀρχὴν
1551 3278 1934 3351 ταράττεσθαι.
1966 3279 2106 3333 Ἀλλ’

526 3374 680 3445 οὗτος
706 3380 966 3434 πάντοθεν
993 3381 1287 3452 εὐπραγεῖν
1327 3376 1502 3451 εἶχεν·
1542 3380 1692 3435 οὐδὲν
1712 3377 1779 3452 ἦν
1813 3381 1975 3435 αὐτὸν
2017 3382 2110 3436 λυ-

529 3481 687 3536 ποῦν.
735 3481 897 3553 Ὁρᾷς
946 3480 1113 3536 πόσον
1151 3481 1319 3536 κακὸν
1361 3482 1543 3546 άδειας
1572 3482 1837 3553 Καθάπερ
1866 3483 1974 3554 γάρ
2016 3483 2109 3537 ἐπὶ

529 3586 640 3640 τῶν
689 3586 980 3656 σωμάτων,
1012 3586 1141 3641 ὅταν
1189 3586 1263 3656 μὴ
1307 3585 1566 3654 γίνωνται
1594 3586 1644 3640 οί
1683 3586 1824 3640 κατά
1866 3587 2109 3657 ἀνάγκην

530 3691 723 3765 μόχθοι
746 3693 840 3745 καὶ
860 3690 1142 3763 ἀσχολίαι,
1176 3692 1556 3763 ἐπιτηδευτούς
1594 3709 1743 3756 τινας
1780 3692 2110 3765 ἐπιχειροῦσι

533 3797 729 3859 ποιεῖν,
763 3794 899 3867 πρὸς
935 3795 1243 3866 γυμνασίαν
1276 3797 1369 3848 τοῦ
1409 3794 1656 3866 σώματος
1686 3812 1699 3826 ·
1749 3795 1891 3850 οὐτω
1940 3798 2034 3849 καὶ
2081 3797 2111 3849 6

526 3902 666 3977 ¹Θεὸς
694 3904 866 3957 ποιεῖν
892 3901 1069 3965 εἴωθε,
1097 3901 1240 3955 ὥστε
1270 3901 1330 3955 τὸ
1377 3900 1591 3956 εὔτονον
1631 3903 1926 3973 περιελεῖν.
1977 3904 2111 3956 Ἐν-

531 4004 749 4057 ύπνιον
778 3998 959 4071 εἶδον,
987 4002 1086 4057 καὶ
1103 4001 1452 4072 ὲφοδέρισέν
1495 4018 1575 4072 με
1592 4042 1608 4069 ,
1628 4002 1728 4058 καὶ
1775 4002 2113 4072 ἐταράχθην

530 4109 631 4165 ἐπὶ
660 4108 772 4179 τῆς
795 4109 997 4177 κοίτης
1019 4125 1163 4178 μου,
1189 4108 1288 4165 καὶ
1322 4110 1382 4163 al
1411 4109 1653 4177 δράσεις
1688 4108 1802 4178 τῆς
1838 4108 2114 4178 κεφαλῆς

531 4231 648 4284 μου
694 4214 1114 4284 συνετάραξαν
1163 4232 1262 4286 με.
1321 4215 1433 4269 Καὶ
1488 4215 1626 4284 παρ’
1676 4215 1823 4285 ἐμοῦ
1870 4214 2110 4282 ἐξετέθη

532 4320 724 4389 δόγμα
745 4362 760 4384 ,
801 4319 957 4375 ὥστε
1001 4320 1344 4390 εἰσαγαγεῖν
1384 4319 1641 4373 ἐνώπιον
1682 4318 1828 4389 ἐμοῦ
1884 4317 2114 4386 πάντας

535 4424 681 4486 τοὺς
730 4424 965 4493 σοφοὺς
999 4424 1390 4493 Βαϐυλῶνος,
1438 4424 1598 4493 ὅπως
1641 4422 1754 4493 τὴν
1792 4424 2114 4494 σύγκρισιν

536 4529 644 4583 τοῦ
701 4528 994 4582 ἐνυπνίου
1049 4529 1386 4599 τνωρίσωσί
1436 4546 1561 4598 μοι.
1596 4529 1738 4600 Ὅρα
1787 4528 1905 4592 πῶς
1952 4529 2114 4583 αὐτὸν

536 4630 886 4686 καταστεῖλαι
923 4630 1187 4702 βούλεται,
1223 4625 1344 4701 οὐχὶ
1390 4634 1458 4702 τῇ
1510 4631 1676 4703 πείρᾳ
1724 4630 1831 4685 τῶν
1857 4633 2116 4703 πραγμά-

536 4754 664 4802 των,
711 4736 847 4792 ἀλλά
882 4739 948 4809 τῇ
993 4736 1295 4809 προρρήσει
1340 4736 1449 4789 τῶν
1498 4735 1946 4807 συμϐαινομένων
1972 4751 1984 4765 ·
2021 4739 2115 4790 καὶ

536 4844 685 4908 ὅπως
710 4839 777 4915 ἦν
808 4843 1037 4915 φοῦερὸν
1063 4843 1123 4895 16
1158 4842 1440 4910 ἐνύπνιον;
1467 4843 1621 4906 Τίνος
1648 4838 1738 4897 οὗν
1773 4843 1958 4896 ἐνεκεν
1996 4844 2116 4912 οὐχί

540 4948 632 5001 καὶ⁵
672 4946 767 5001 νῦν
812 4948 1021 5019 ἀπέστη
1066 4946 1226 5001 αὐτού
1275 4949 1335 5001 τὸ
1375 4945 1608 5017 πνεῦμα,
1637 4947 1756 5000 οὐδὲ
1784 4947 2022 5018 ὴγνύησε
2053 4945 2115 4999 τὸ

542 5053 811 5119 ἐνύπνιον,
833 5052 1082 5124 καθάπερ
1110 5052 1204 5106 καὶ
1234 5052 1529 5121 πρότερον;
1557 5052 1680 5107 Ὅτι
1706 5052 1895 5124 ἱκανὴν
1923 5053 2116 5123 πεῖραν

541 5154 829 5220 δεδωκότος
877 5155 971 5210 τοῦ
1005 5156 1201 5228 Δανιὴλ
1248 5151 1544 5228 πρότερον,
1601 5155 1767 5228 ἤγουν
1800 5157 1857 5209 ἐν
1888 5154 1965 5226 τῷ
2010 5153 2117 5226 πρὸ

542 5264 731 5322 τούτου
764 5267 1019 5338 ἐνυπνίῳ,
1052 5266 1276 5338 οὐδεμία
1313 5266 1498 5319 λοιπὸν
1541 5266 1699 5336 χρεία
1744 5260 1814 5336 ἦν
1858 5263 2119 5335 δευτέραν

545 5378 970 5450 προσενεχθῆναι
993 5378 1335 5448 δοκιμασίαν.
1360 5378 1544 5431 Πάντα
1574 5376 1679 5445 7&9
1700 5376 1887 5446 χρείας
1910 5374 2114 5439 ἐνεκεν,

545 5486 608 5542 οὐ
642 5487 969 5558 φιλοτιμίας,
1001 5488 1029 5540 6
1055 5485 1186 5549 Θεὸς
1205 5484 1671 5557 πραγματεύεται.
1700 5483 1907 5546 Ἀλλως
1933 5482 1989 5535 δέ
2021 5482 2117 5534 καὶ

547 5598 684 5669 πρὸς
715 5597 933 5669 ἔλεγχον
952 5599 1161 5667 γίνεται
1184 5596 1294 5651 τῶν
1317 5597 1527 5669 μάγων.
1547 5597 1665 5651 Ἵνα
1681 5595 1789 5668 7&9
1818 5595 1893 5667 μὴ
1911 5594 2114 5663 λέγωσι

548 5707 728 5762 πάλιν·
762 5707 993 5762 Εὶπιίτω
1030 5709 1064 5762 ό
1098 5706 1400 5772 βασιλεὺς
1422 5706 1486 5762 τὸ
1513 5707 1821 5772 ἐνύπνιον,
1863 5704 1960 5758 καὶ
2003 5703 2115 5772 τὴν

1191 297 1249 355 S.
1283 293 2094 354 ιοΑΝΝιε-οιιιιγδοετονι
2133 292 2449 353 ABCHIEP.
2489 298 3033 362 CONSTANTINDP.

3655 308 3764 365 2N

2188 414 2512 484 σύγκρισιν
2551 420 2739 475 αὐτοῦ
2792 421 3241 491 ἀναπελυῦμεν
3289 421 3481 490 ἡμεῖς’
3515 420 3769 491 ἔλεγχον-

2187 533 2278 571 ται
2312 520 2445 589 μηδέ
2465 520 2621 577 τοῦτο
2653 523 2784 577 αὐτὸ
2813 525 3119 595 δυνάμενοι,
3153 526 3215 579 οὐ
3246 525 3407 594 μόνον
3431 526 3628 578 ἐκεῖνο.
3651 525 3769 581 Οὐκ

2191 626 2336 701 εἶχον
2361 631 2539 701 λέγειν
2568 635 2748 689 πάλιν
2774 638 2841 715 τὸ
2851 635 3039 706 ῥῆμα,
3064 636 3096 690 ὅ
3121 639 3154 690 ὀ
3164 636 3458 702 βασιλεὺς
3480 633 3767 704 ἐπερωτᾷ.

2185 735 2368 807 ,ϐαρύο
2406 738 2503 791 καὶ
2550 741 2660 794 οὐκ
2704 741 2877 794 ἔστιν
2922 740 3264 809 ἅνθρωπος,
3320 740 3388 808 ὃς
3436 739 3770 810 δυνήσεται

2190 839 2486 909 διακρῖναι
2536 843 2685 897 αὐτὸ
2710 883 2726 908 ,
2772 844 2909 899 ἀλλ’
2946 844 2983 912 ἦ
3032 843 3191 909 θεοὶ,
3235 837 3324 898 ὧν
3366 845 3479 898 οὐκ
3527 842 3701 898 ἐστιν
3730 843 3770 910 ἠ

2191 948 2463 1000 κατοικία
2484 948 2635 1016 μετὰ
2671 946 2877 1015 πάσης
2906 949 3155 1017 σαρκός.
3190 948 3521 1019 Ἑμάνθανεν
3558 949 3624 1001 ἐκ
3650 948 3775 1002 τού-

2190 1067 2321 1115 των,
2357 1052 2440 1105 ὅτι
2468 1052 2590 1106 οὐδέ
2619 1053 2686 1107 τά
2713 1054 2952 1125 πρότερα
2972 1056 3035 1107 ὲκ
3062 1054 3162 1123 τῆς
3182 1054 3374 1123 σοφίας
3395 1053 3603 1123 ταύτης
3620 1049 3775 1109 εἶπεν

2193 1166 2221 1218 6
2250 1166 2468 1237 Δανιὴλ.
2496 1166 2742 1239 Ἔμαθεν
2762 1169 2843 1221 ὅτι
2875 1169 2994 1223 οὐδὲ
3020 1170 3076 1223 ὲν
3095 1170 3207 1232 τοῖς
3231 1167 3537 1240 ἔμπροσθεν
3558 1166 3776 1239 χρόνοις

2194 1268 2377 1341 ἔλεγόν
2405 1289 2458 1325 τι
2489 1272 2660 1342 ὑγιὲς,
2699 1273 2950 1344 καθάπερ
2982 1274 3143 1337 αὐτός
3188 1290 3372 1344 φησιν,
3407 1272 3521 1326 ἀλλ’
3553 1272 3588 1344 ἢ
3636 1272 3777 1325 πάν-

2196 1395 2308 1431 των
2334 1378 2393 1430 ἐν
2416 1378 2626 1450 ἐρημίᾳ
2660 1378 2768 1432 τῶν
2800 1378 3125 1449 ἐλεγχόντων
3155 1378 3325 1442 ὄντες.
3560 1379 3691 1431 Ὅτε
3720 1377 3779 1431 δέ

2194 1479 2359 1554 ἦλθεν
2385 1484 2568 1548 αὐτοῖς
2582 1484 2868 1559 ,ἀπόδειξις
2897 1486 2956 1552 ἐξ
2989 1485 3266 1550 Ἰουδαίας,
3290 1484 3317 1536 6
3343 1482 3561 1553 Δανιὴλ,
3589 1482 3779 1535 οὐκέτι

2199 1583 2469 1656 τολμῶσιν
2496 1585 2617 1639 οὐδέ
2645 1584 2994 1640 πλάττεσθαι.
3027 1585 3189 1638 Ὥστε
3231 1584 3586 1656 οἰκονομικῶς
3616 1584 3779 1638 πάλιν

2198 1690 2487 1746 καλοῦνται
2505 1688 2671 1747 οὗτοι.
2690 1692 2801 1746 Καὶ
2821 1691 2931 1762 7&9
2952 1690 3097 1756 ἄξιον
3115 1690 3415 1758 θαυμάσαι.
3434 1690 3577 1754 τίνος
3595 1690 3782 1745 ἕνεκεν

2197 1800 2377 1855 λαϐὼν
2408 1804 2605 1873 πεῖραν
2636 1802 2735 1873 τῆς
2756 1800 2850 1854 τοῦ
2871 1800 3067 1872 Δανιὴλ
3093 1800 3375 1871 δυνάμεως
3395 1801 3453 1854 ἐν
3478 1798 3781 1865 τοσούτοις,

2198 1916 2260 1968 οὐ
2293 1915 2508 1987 πρῶτον
2539 1916 2700 1970 αὐτὸν
2732 1916 3010 1973 ἐκάλεσεν.
3045 1918 3104 1970 '0
3127 1916 3257 1979 Θεὸς
3283 1914 3445 1979 αὐτὸς
3482 1915 3593 1986 γὰρ
3618 1916 3779 1970 τοῦτο

2202 2020 2623 2086 κατεσκεύασεν,
2651 2021 2793 2075 ὥστε
2820 2021 2959 2091 μετά
2986 2021 3083 2092 τὴν
3105 2020 3328 2074 ἐκείνων
3355 2014 3524 2092 ἧτταν
3550 2020 3786 2091 φανῆναι

2199 2132 2301 2203 τὴν
2352 2133 2529 2204 νίκην.
2579 2133 2958 2203 Ἐφοόέρισέν
2983 2150 3093 2203 με,
3126 2132 3294 2203 φησί’
3327 2131 3423 2186 καὶ
3453 2131 3571 2187 οὐδὲ
3611 2130 3788 2196 οὕτως

2204 2242 2422 2312 ἐγένετο
2448 2240 2692 2313 βελτίων,
2725 2239 2840 2296 ἀλλ’
2877 2241 2965 2295 ἐπ’
2998 2239 3168 2310 αὐτὴν
3204 2238 3435 2309 ἠθέλησε
3463 2237 3564 2310 τὴν
3589 2239 3790 2308 πεῖραν

2204 2346 2399 2400 ἐλθεῖν.
2429 2344 2616 2410 Οὕτως
2658 2344 2901 2408 ἀναίτιος
2939 2346 2968 2398 6
3012 2343 3146 2407 Θεδς
3191 2340 3491 2413 πανταχοῦ.
3520 2341 3631 2397 Καὶ
3658 2343 3789 2395 sla-

2204 2448 2563 2517 επορεύοντο
2594 2449 2649 2501 οἱ
2691 2445 2976 2509 ἐπαοιδοι,
3015 2445 3214 2516 μάγοι,
3255 2443 3607 2513 Γαζαρηνοι,
3632 2444 3792 2499 Χαλ-

2203 2551 2380 2606 δαῖον
2413 2550 2511 2605 καί
2541 2549 2608 2604 τὸ
2632 2550 2924 2604 ἐνύπνιον
2951 2546 3123 2604 εἷπον
3146 2548 3406 2603 ἐνώπιον
3432 2547 3651 2603 αὐτῶνθ
3690 2548 3793 2602 καὶ

2207 2654 2322 2723 τὴν
2344 2655 2668 2725 σύγκρισιν
2691 2652 2878 2707 αὑτοῦ
2913 2655 3025 2708 οὐκ
3065 2650 3399 2722 ἐγνώρισαν
3420 2669 3544 2722 μοι,
3581 2651 3692 2719 ἕως
3715 2646 3791 2707 εὗ

2206 2759 2408 2829 ἕτερος
2428 2755 2697 2825 εἰσῆλθε,
2713 2754 2959 2825 Δανιὴλ,
2985 2755 3242 2809 ἐνώπιόν
3254 2773 3395 2826 μου,
3421 2749 3495 2810 οὗ
3518 2755 3581 2808 τὸ
3605 2753 3793 2823 ὄνομα

2188 2862 2535 2944 ,Βαλτάσαρ
2553 2862 2703 2916 κατὰ
2728 2861 2795 2916 τὸ
2812 2861 2999 2930 ὄνομα
3014 2860 3121 2915 τοῦ
3148 2858 3289 2917 θεοῦ
3303 2877 3451 2930 μου,
3472 2859 3541 2926 ὃς
3556 2857 3798 2929 πνεῦμα

2213 2969 2363 3024 Θεοῦ
2412 2969 2537 3038 ἔχει
2585 2968 2655 3022 ἐν
2704 2966 2917 3033 ἐαυτῷο
2955 2966 3057 3021 καὶ
3092 2966 3160 3020 τὸ
3214 2965 3502 3020 ἐνύπνιον
3536 2963 3800 3019 ἐνώπιον

2211 3073 2398 3129 αὐτοῦ
2456 3068 2650 3127 εἷπον.
2693 3072 2842 3136 Ἕως
2887 3066 2959 3128 οὗ
3007 3070 3209 3139 ἕτερος
3227 3111 3243 3135 ,
3286 3069 3453 3141 φησὶ,
3502 3067 3799 3138 εἰσῆλθεν

2211 3177 2468 3233 ἐνώπιόν
2487 3194 2628 3248 μου.
2673 3174 2762 3239 Ὠς
2787 3174 3171 3245 ἐπιλαθόμενος
3195 3171 3337 3226 οὕτω
3366 3171 3520 3243 φησί.
3549 3171 3661 3226 Καὶ
3685 3171 3802 3243 γὰρ

2214 3279 2386 3336 πολλά
2441 3280 2536 3351 ἐτη
2587 3277 2986 3350 παρεληλύθει,
3024 3277 3119 3331 καὶ
3171 3275 3383 3347 ταχέως
3426 3274 3526 3345 τὴν
3573 3275 3802 3345 μνήμην

2213 3384 2503 3449 άπὲδαλεν,
2523 3384 2617 3439 άτε
2644 3385 2702 3437 ἐν
2725 3381 3011 3445 τοσαύταις
3030 3381 3307 3453 φροντίσιν
3326 3380 3423 3445 ῶν,
3442 3379 3538 3435 καὶ
3555 3377 3801 3452 τοσαύτῃ

2217 3488 2395 3552 συζῶν
2427 3491 2601 3560 τροφῇ
2633 3472 2945 3558 (ίίτρυφῇ).
2981 3485 3056 3538 T6
3086 3486 3263 3538 είπεῖν
3302 3480 3524 3554 ἕτερον,
3571 3481 3801 3553 σημεῖόν

2214 3595 2333 3645 ἔστι
2375 3591 2467 3645 τοῦ
2505 3592 2713 3662 σφόδρα
2756 3590 2918 3645 αὐτὸν
2964 3590 3198 3658 ἀγνοεῖν.
3247 3568 3524 3643 Κατὰκτό
3575 3587 3801 3657 ὄνομα,

2219 3694 2375 3767 φησὶ,
2404 3694 2508 3749 τοῦ
2539 3695 2677 3749 θεοῦ
2708 3712 2851 3764 μου.
2880 3689 2958 3747 Ἦ
2996 3693 3156 3747 τοῦτο
3188 3691 3433 3763 βούλεται
3476 3691 3649 3745 εἰπεῖν
3668 3730 3683 3753 ,
3717 3691 3806 3744 ὅτι

2214 3801 2388 3866 οὕτως
2437 3800 2673 3871 ἐτίμησα
2722 3799 2798 3865 ώς
2847 3800 2942 3853 καὶ
2986 3798 3094 3853 ἀπὸ
3144 3796 3235 3851 τοῦ
3281 3796 3405 3851 θεοῦ
3449 3794 3606 3849 τοῦτο
3647 3789 3807 3849 εἷπεν

2217 3906 2283 3978 (Ῑ.
2319 3905 2537 3972 είπεῖν);
2569 3904 2679 3958 Καὶ
2699 3904 2807 3975 7&9
2828 3903 2948 3966 ἔθος
2970 3903 3153 3966 αὐτοῖς
3174 3903 3260 3955 ἐπ’
3283 3900 3507 3969 ὀνόματι
3532 3899 3641 3954 τῶν
3660 3900 3804 3953 θεῶν

2217 4010 2344 4074 τούς
2390 4008 2586 4071 παῖδας
2639 4005 2945 4078 ὀνομάζειν⁸
2994 4004 3183 4077 ἐπειδὴ
3239 4006 3334 4058 καὶ
3389 4003 3448 4071 ἐξ
3497 4002 3805 4074 ἀνθρώπων

2217 4114 2433 4168 ἐποίουν
2461 4111 2635 4176 θεούς.
2672 4111 2857 4176 Οὕτως
2891 4114 2921 4165 6
2944 4111 3154 4177 δσελος,
3195 4109 3339 4165 οὕτω
3384 4111 3477 4164 καὶ
3509 4110 3538 4162 6
3565 4091 3805 4181 Βὴλαιος

2219 4218 2422 4291 ἐκλήθη
2452 4235 2538 4280 τις
2567 4217 2696 4288 παρ’
2726 4217 2875 4288 ἡμῖν.
2915 4215 3133 4287 Ἐπειδὴ
3164 4214 3272 4286 7&9
3307 4209 3447 4269 εἶδον
3474 4215 3522 4267 οῑ
3549 4213 3804 4284 δαίμονες

2216 4326 2388 4397 ταύτῃ
2414 4324 2751 4395 τιμωμένους
2782 4322 2910 4384 τούς
2940 4318 3286 4391 ἀνθρώπους,
3316 4320 3410 4374 καὶ
3432 4319 3585 4383 θεοὺς
3611 4316 3807 4372 καλου-

2223 4430 2437 4502 μένους,
2468 4428 2564 4484 καὶ
2578 4427 2732 4482 αὐτοὶ
2750 4428 2910 4483 τοῦτο
2927 4426 3227 4497 ἐζήλωσαν.
3259 4424 3416 4488 Τίνος
3440 4423 3623 4478 ἕνεκέν
3642 4439 3802 4493 φησι⁹

2219 4535 2467 4603 Δανιὴλ,
2495 4529 2568 4589 οὗ
2600 4532 2671 4586 τὸ
2695 4532 2884 4601 ὄνομα
2903 4529 3222 4598 Baldo-ap
3240 4546 3259 4597 ;
3274 4527 3401 4583 Ὅτι
3417 4526 3554 4582 Θεοῦ
3572 4526 3805 4597 δύναμιν

2220 4642 2353 4715 εἶχε.
2401 4640 2573 4695 Τοῦτο
2614 4640 2724 4710 γὰρ
2774 4641 2904 4710 παρ’
2953 4636 3179 4699 ἐκείνοις
3226 4633 3459 4706 μεγίστη
3493 4633 3646 4703 τιμή.
3688 4632 3806 4685 Καὶ

2220 4747 2465 4818 ὴνείχετο
2494 4744 2688 4815 Δανιὴλ
2713 4742 2778 4797 δι’
2810 4743 3050 4805 ἐκείνους
3092 4739 3250 4793 τοῦτο
3296 4736 3596 4791 καλεῖσθαι·
3637 4736 3803 4788 οὐδα-

2226 4852 2326 4924 μοῦ
2352 4851 2407 4905 δὲ
2437 4848 2691 4913 ἐνταῦθα,
2716 4846 2879 4902 αὐτοῦ
2914 4846 3287 4917 μνημονεύων,
3320 4842 3606 4910 Βαλτάσαρ
3636 4838 3804 4893 αὐτὸν

2221 4958 2393 5014 καλεῖ
2423 4955 2558 5010 ἀλλά
2579 4955 2662 5021 τί;
2702 4952 2849 5023 Ἐγὼ
2890 4948 3133 5016 Δανιὴλ.
3170 4949 3344 5018 ’Ὅσης
3382 4944 3588 5017 ἠξιώθη
3634 4942 3809 5015 τιμῆς

2220 5062 2250 5114 6
2280 5060 2372 5115 τοῦ
2405 5058 2665 5131 βασιλέως
2692 5055 2837 5120 υίδς,
2867 5054 3132 5123 τοσαύτης
3175 5052 3270 5107 καὶ
3314 5045 3469 5114 οὗτος
3492 5088 3509 5114 ,
3548 5048 3644 5102 καὶ
3691 5045 3808 5120 πρὸ

2222 5166 2324 5237 τῆς
2375 5164 2570 5228 πείρας
2618 5159 2793 5225 ἔδοξεν
2831 5152 2971 5211 εἶναι
3005 5153 3314 5226 θαυμαστὸς
3366 5154 3461 5208 ἀπ’
3503 5149 3673 5220 αὐτῆς
3700 5148 3807 5219 τῆς

2221 5270 2417 5341 ὂψεως.
2464 5267 2539 5321 Οὐ
2575 5264 2678 5337 μὴν
2704 5266 2769 5335 τῇ
2801 5261 3007 5316 ἐκείνου
3060 5260 3322 5331 δυνάμει,
3377 5255 3539 5327 φησὶ,
3590 5254 3805 5322 ἔλεγεν,

2224 5376 2360 5429 ἀλλὰ
2385 5372 2622 5441 πνεῦμα
2651 5368 2798 5423 Θεοῦ
2832 5368 3002 5437 ἄτιον
3042 5361 3207 5436 εἶχεν
3236 5364 3306 5417 ἐν
3329 5359 3542 5427 ἐαυτῷ.
3569 5356 3802 5429 Πνεῦμα

2224 5486 2344 5557 οὐχὶ
2375 5484 2558 5549 τοῦτο,
2585 5482 2614 5536 6
2644 5481 2873 5551 λέγομεν
2912 5480 3073 5550 ἡμεῖς
3125 5476 3219 5530 τὸν
3260 5472 3637 5546 Παράκλητον,
3684 5469 3808 5523 ἀλλ’

2222 5596 2297 5660 ώς
2328 5595 2393 5649 ἂν
2422 5595 2565 5647 εἴποι
2604 5607 2690 5655 τις
2736 5588 3017 5642 ἐπίπνοιαν
3040 5628 3055 5653 ,
3100 5584 3285 5647 ἔνθους
3331 5577 3421 5654 ἦν.
3456 5577 3809 5645 Βαλτάσαρ,

2228 5703 2415 5773 φησὶν,
2443 5704 2475 5756 ό
2506 5700 2705 5769 ἅρχων
2754 5697 2872 5752 τῶν
2914 5692 3221 5749 ἐπαοιδῶν.
3256 5689 3477 5763 Πρῶτος
3509 5684 3690 5742 αὐτῶν
3710 5678 3811 5757 ἦν,
