3952 6200
244 322 337 379 illi

249 454 367 504 inca,
400 448 453 494 et
486 441 710 510 ﬂorens
738 444 797 499 in
822 445 947 500 solio
972 461 1099 511 meo,
1135 453 1179 499 et
1211 446 1411 517 pinguis
1437 447 1490 500 in
1516 446 1706 518 populo
1728 463 1862 502 meo.

254 530 347 586 Cur
373 532 455 587 ita
487 532 603 589 hoc
626 536 880 607 scripsit,
901 546 953 593 et
977 554 1080 591 non
1106 539 1316 607 scripsit
1342 556 1356 593 :
1382 539 1866 595 Nabuchodonosor

263 629 360 676 erat
378 621 690 681 abundans
726 645 740 680 :
774 626 869 682 sed
895 628 1043 697 quasi
1070 642 1134 681 ex
1176 644 1400 697 persona
1432 629 1610 683 illius?
1637 629 1762 684 Mihi
1786 631 1866 684 vi-

270 712 444 767 dentur
470 713 598 770 haec
623 717 799 775 verba
824 718 983 788 ipsius
996 716 1532 777 Nabuchodonosoris
1556 735 1692 776 esse.
1712 721 1865 777 Post-

276 822 413 876 quam
439 808 594 861 enim
628 822 661 863 a
696 809 928 878 pristino
954 824 1138 865 errore
1162 810 1452 880 collegerat
1475 826 1551 877 se,
1577 813 1631 865 in
1653 812 1863 882 publica

277 901 382 951 aeta
416 913 512 953 eas
536 899 732 955 literas
760 902 1014 956 retulerat
1039 901 1195 958 forte.
1223 904 1395 973 ipsam
1426 904 1583 974 igitur
1606 908 1860 962 constitu-

287 990 487 1055 tionem,
519 1000 580 1044 ut
609 990 723 1045 ﬁde
749 992 942 1062 dignus
968 993 1057 1057 sit,
1095 992 1310 1048 adducit
1343 995 1545 1050 Daniel.
1590 995 1723 1051 Nam
1762 997 1860 1051 ho-

285 1080 470 1135 mitium
498 1092 717 1136 natura:
746 1083 862 1152 ipse
897 1085 986 1154 qui
1022 1099 1211 1153 passus
1238 1094 1319 1141 est
1348 1087 1601 1156 loquitur.
1633 1088 1700 1142 Et
1730 1089 1858 1144 mihi

288 1173 447 1241 aspice
480 1181 743 1242 quantum
774 1173 1151 1231 documentum
1187 1176 1257 1231 sit
1298 1176 1554 1233 adversus
1578 1180 1856 1248 superbos.

288 1266 327 1316 Α
351 1263 593 1332 superbia
623 1265 770 1319 enim
804 1280 990 1335 passus
1018 1275 1100 1322 est
1139 1282 1487 1338 qumcumque
1515 1283 1699 1338 passus
1723 1278 1804 1324 est
1839 1287 1852 1325 :

288 1363 337 1407 et
363 1356 589 1409 ostendit
617 1371 839 1411 causam
866 1358 1146 1428 superbiae,
1183 1368 1290 1413 tum
1318 1375 1349 1414 a
1385 1360 1490 1415 fine
1508 1402 1525 1427 ,
1555 1370 1662 1415 tum
1688 1361 1756 1416 ab
1780 1362 1859 1417 in-

286 1446 374 1499 itio
401 1464 413 1499 :
443 1447 492 1500 in
525 1446 630 1502 fine
654 1448 871 1517 quidem
900 1448 1102 1516 dicens,
1129 1449 1381 1516 Quoniam
1409 1467 1579 1507 omnes
1617 1452 1859 1523 superbos

289 1548 435 1607 potest
481 1540 753 1593 humiliore
797 1540 869 1610 (v.
913 1540 1039 1610 '54);
1087 1541 1139 1595 in
1182 1542 1444 1614 principio
1477 1552 1657 1598 autem
1695 1554 1749 1600 et
1791 1545 1857 1601 ab

283 1629 504 1682 exordiis
541 1644 762 1684 causam
809 1631 1071 1700 superbia:
1106 1632 1324 1687 docens.
1378 1633 1450 1689 Ibi
1493 1636 1688 1690 etenim
1732 1651 1854 1692 eum

284 1718 395 1772 ideo
429 1719 593 1774 fuisse
632 1719 971 1776 humiliatum
1014 1722 1247 1778 declarat
1287 1741 1302 1777 :
1341 1723 1427 1780 hic
1469 1740 1600 1781 vero
1648 1742 1750 1796 qua
1788 1727 1856 1785 de

280 1823 427 1862 causa
456 1810 720 1885 spperbus
767 1811 1017 1878 evaserit,
1067 1828 1259 1882 nempe
1288 1829 1352 1870 ex
1395 1830 1461 1870 eo
1502 1817 1641 1886 quod
1685 1818 1853 1874 multa

281 1900 537 1956 frueretur
567 1902 856 1968 felicitate;
895 1908 972 1960 sic
998 1914 1053 1960 et
1086 1905 1249 1961 David
1284 1907 1413 1963 dicit
1458 1927 1473 1963 :
1514 1908 1639 1963 Ideo
1664 1926 1747 1965 eos
1774 1920 1848 1967 te-

280 1993 380 2045 nuit
419 1994 657 2062 superbia
683 1993 854 2065 (Psal.
885 1995 969 2050 72.
1004 1995 1061 2063 6)
1092 2013 1105 2049 :
1138 1997 1208 2050 ita
1248 2009 1302 2052 et
1346 1998 1431 2053 hic
1471 2000 1668 2055 inultas
1703 2002 1853 2071 ponit

282 2085 673 2154 prosperitates.
727 2086 783 2140 ln
830 2087 1088 2157 principio
1134 2088 1208 2143 ait
1254 2090 1573 2146 :Abundans
1616 2108 1753 2146 erant
1796 2093 1852 2148 in

276 2174 415 2227 domo
440 2189 573 2241 mea,
602 2184 649 2227 et
672 2175 862 2244 ﬂorens
889 2176 941 2229 in
968 2178 1094 2231 solio
1122 2194 1248 2242 meo,
1283 2189 1329 2232 et
1357 2180 1561 2250 pinguis
1583 2181 1634 2234 in
1661 2183 1851 2252 populo

274 2279 394 2316 meo.
421 2262 541 2318 Non
563 2264 706 2318 enim
734 2263 851 2321 ﬁeri
879 2275 1052 2335 potest
1076 2277 1134 2321 ut
1161 2268 1340 2323 omnia
1368 2269 1504 2324 bona
1540 2270 1696 2325 simul
1722 2287 1850 2327 con-

273 2363 503 2408 currant.
552 2353 823 2426 Centingit
861 2357 912 2412 in
945 2359 1167 2429 imperio
1196 2359 1408 2430 quidem
1452 2375 1572 2418 esse
1614 2362 1847 2433 felicem,

268 2445 403 2500 domi
431 2461 565 2502 vero
589 2446 879 2516 infelicem,
902 2452 1345 2519 quemadmodum
1374 2454 1633 2524 Hermas,
1658 2474 1846 2529 quem-

267 2537 549 2592 admodum
573 2539 738 2595 David
760 2557 774 2592 :
799 2542 991 2597 accidit
1008 2558 1194 2600 rursus
1208 2555 1414 2612 contra,
1443 2549 1496 2602 in
1513 2550 1710 2619 populo
1729 2552 1848 2622 qui-

264 2627 379 2682 dem
409 2628 677 2685 infelicem
700 2644 852 2698 esse;
875 2648 902 2687 a
924 2632 1085 2689 domo
1109 2643 1285 2690 autem
1309 2636 1441 2692 nihil
1465 2653 1625 2708 grave
1644 2654 1707 2696 ac
1729 2656 1846 2698 mo-

264 2719 455 2776 lestum
471 2722 741 2780 sustinere
764 2741 780 2779 :
807 2725 921 2781 fieri
937 2727 1099 2783 etiam
1119 2739 1296 2800 potest
1316 2739 1373 2785 ut
1394 2732 1448 2787 in
1470 2732 1602 2788 urbe
1626 2748 1724 2803 pax
1745 2736 1844 2800 sit;

259 2823 314 2867 at
339 2830 557 2882 regnum
588 2817 902 2873 tumultibus
938 2820 1224 2890 quatiatur.
1267 2821 1464 2878 Verum
1504 2825 1590 2880 isti
1638 2826 1844 2883 felicem

259 2903 491 2974 undique
516 2902 638 2962 esse
665 2906 887 2981 contigit
915 2926 929 2963 :
953 2910 1083 2966 nihil
1100 2919 1217 2967 erat
1236 2912 1379 2982 quod
1407 2914 1577 2985 ipsum
1598 2918 1847 2974 molestia

254 2994 512 3050 afficeret.
540 2995 707 3052 Vides
726 3008 983 3067 quantum
1010 3002 1205 3057 malum
1228 3003 1299 3058 sit
1323 3007 1530 3060 vacatio
1551 3021 1617 3062 ac
1643 3010 1844 3064 securi-

254 3088 372 3142 tas?
393 3086 543 3142 Sicut
568 3090 713 3144 enim
734 3090 789 3144 in
809 3092 1141 3163 corporibus,
1164 3108 1283 3149 eum
1309 3112 1414 3151 non
1436 3113 1501 3153 ex
1524 3101 1843 3158 necessitate

253 3177 593 3248 fatigationes
608 3189 664 3234 et
683 3172 1061 3251 occupationes
1079 3184 1459 3255 suscipiuntur,
1485 3187 1552 3245 de
1580 3189 1836 3248 industria

252 3269 508 3336 quasdam
537 3271 898 3340 aggredimur,
932 3274 998 3328 ad
1024 3276 1264 3346 corporis
1284 3280 1601 3335 exercitium
1630 3299 1644 3338 :
1685 3283 1756 3339 ita
1784 3295 1839 3341 et

252 3360 395 3415 Deus
416 3360 593 3418 facere
612 3363 774 3431 solet,
792 3373 853 3418 ut
870 3367 1011 3421 vires
1038 3366 1227 3424 nimias
1244 3369 1410 3425 tollat.
1429 3370 1483 3424 2.
1506 3390 1526 3424 ι
1558 3372 1835 3432 Somnium

250 3450 383 3517 vidi,
410 3462 464 3507 et
492 3456 786 3523 perterruit
814 3472 917 3520 me,
939 3466 994 3512 et
1022 3459 1264 3516 turbatus
1288 3478 1404 3517 sum
1435 3463 1488 3518 in
1512 3466 1669 3521 cubili
1692 3483 1833 3537 meo,

250 3550 304 3596 et
330 3543 563 3600 visiones
592 3546 785 3615 capitis
808 3548 911 3603 mei
939 3551 1392 3608 conturbaverunt
1424 3570 1530 3609 me.
1557 3557 1611 3611 '5.
1648 3558 1711 3613 Et
1737 3574 1833 3629 per

249 3647 337 3686 me
394 3636 721 3706 propositum
762 3647 850 3692 est
886 3638 1185 3708 decretum,
1215 3653 1273 3698 ut
1320 3645 1720 3706 introducerent
1774 3652 1829 3706 in

247 3735 538 3794 conspectu
567 3742 691 3782 meo
730 3744 920 3785 omnes
958 3732 1230 3800 sapientes
1274 3734 1582 3808 Babylonis,
1608 3749 1667 3796 ut
1694 3756 1828 3797 con-

255 3811 507 3871 iecturam
555 3820 751 3873 somnii
805 3820 1103 3878 indicarent
1143 3824 1294 3880 mihi.
1333 3846 1354 3879 ›
1387 3827 1521 3885 Vide
1561 3832 1832 3902 quomodo

256 3904 406 3961 illum
424 3911 774 3981 comprimere
800 3912 930 3981 vult,
964 3930 1070 3970 non
1099 3931 1276 3972 rerum
1305 3923 1672 3989 experimento
1689 3963 1707 3990 ,
1734 3926 1828 3981 sed

262 3995 547 4055 futurorum
595 4004 978 4073 praedictione;
1017 4017 1073 4063 et
1122 4012 1393 4078 quomodo
1431 4015 1668 4072 terribile
1713 4026 1831 4073 erat

262 4090 535 4146 somnium.
581 4090 690 4148 Cur
742 4094 903 4165 igitur
951 4113 1091 4153 nunc
1135 4115 1348 4172 quoque
1400 4119 1507 4159 non
1556 4105 1829 4176 obstupuit

259 4179 471 4244 spiritus
495 4183 631 4252 ejus,
670 4199 771 4240 nec
823 4187 1020 4241 somnii
1069 4189 1263 4246 oblitus
1295 4203 1398 4260 est,
1451 4195 1587 4251 sicut
1623 4207 1781 4252 antea
1803 4200 1828 4252 ν

256 4266 388 4333 Quia
413 4274 611 4331 scilicet
639 4291 763 4331 cum
794 4277 977 4334 Daniel
1009 4281 1158 4349 prius
1187 4283 1460 4341 sufficiens
1487 4290 1826 4358 experimen-

254 4367 363 4414 tum
393 4364 636 4429 dedisset,
669 4368 919 4424 videlicet
947 4370 1000 4425 in
1028 4374 1238 4428 somnio
1264 4376 1403 4444 quod
1426 4391 1819 4450 praecesserat,

249 4464 356 4505 non
388 4465 499 4510 erat
537 4456 794 4527 deinceps
824 4474 1047 4518 necesse
1087 4466 1378 4523 secundam
1416 4469 1655 4526 adhiberi
1701 4477 1824 4541 pro-

244 4538 747 4602 bntionem.0mnia
792 4552 989 4622 quippe
1034 4554 1175 4610 Deus
1226 4560 1564 4617 necessitatis
1609 4538 1776 4632 gratia
1802 4607 1819 4630 ,

243 4644 355 4687 non
403 4641 787 4707 ostentationis,
834 4654 1107 4713 operatur.
1161 4646 1409 4719 Alioquin
1451 4663 1630 4708 autem
1662 4664 1717 4709 et
1767 4656 1818 4711 id

240 4723 300 4775 lit
326 4726 399 4779 ad
431 4730 823 4802 redarguendos
849 4750 1053 4804 magos.
1086 4737 1217 4792 Nam
1263 4755 1331 4795 ne
1374 4732 1563 4797 iterdm
1591 4744 1770 4801 dicant
1799 4766 1815 4803 :

242 4811 479 4888 Praferat
507 4838 596 4877 rex
621 4825 875 4878 somniant
899 4867 913 4888 ,
942 4836 990 4880 et
1028 4828 1167 4884 illius
1195 4831 1532 4901 conjecturam
1561 4839 1818 4892 renuntia-

234 4904 406 4963 bimm
454 4929 544 4967 nos
574 4913 733 4983 (Dan.
770 4916 824 4969 2.
855 4918 908 4988 7)
939 4937 950 4972 :
979 4931 1274 4989 arguuntur
1316 4938 1423 4979 non
1478 4924 1651 4981 solum
1686 4929 1814 4985 illud

233 5010 342 5051 nun
374 5017 541 5071 posse,
568 5006 665 5060 sed
704 5023 879 5077 neque
905 5008 1025 5063 hoc.
1053 5010 1348 5081 Nequibant
1373 5015 1550 5072 dicere
1577 5019 1771 5075 iterum
1797 5039 1811 5077 :

235 5102 255 5135 ι
280 5088 531 5162 Verbum,
549 5097 695 5165 quod
723 5112 814 5151 rex
842 5099 1149 5169 interrogat,
1178 5119 1337 5173 grave
1367 5115 1449 5160 est
1474 5124 1487 5161 :
1516 5116 1571 5162 et
1599 5124 1704 5163 non
1732 5121 1816 5167 est

226 5177 426 5247 ιιτιηο,
451 5190 541 5258 qui
582 5190 758 5258 possit
796 5188 1090 5258 dijudicare
1143 5193 1288 5257 illud,
1319 5196 1522 5252 nisidii
1545 5242 1559 5266 ,
1588 5214 1812 5269 quorum

225 5288 341 5327 non
368 5288 443 5332 est
460 5279 720 5335 habitatio
744 5295 868 5335 cum
897 5283 1041 5337 omni
1065 5297 1226 5338 carne
1247 5304 1265 5336 ι
1295 5284 1343 5357 (Ι
1352 5288 1456 5341 bid.
1479 5290 1657 5362 v.11).
1685 5292 1813 5349 lude

222 5364 418 5422 didicit
450 5384 623 5440 neque
656 5372 839 5440 priora
885 5387 951 5425 ex
992 5372 1079 5425 illa
1106 5377 1302 5449 vu'gari
1329 5379 1585 5448 sapientia
1616 5381 1810 5437 Danie—

223 5455 335 5511 lem
369 5464 674 5529 protulisse.
711 5461 905 5516 Didicit
932 5462 1210 5518 Chaldaeos
1239 5481 1408 5537 neque
1449 5472 1811 5540 superioribus

220 5556 556 5622 temporibus
581 5554 880 5627 quidquam
904 5556 1014 5608 sani
1033 5555 1229 5612 dixisse
1249 5576 1261 5611 :
1284 5561 1420 5617 sicut
1448 5562 1674 5632 ipsemet
1694 5566 1768 5620 ait
1792 5584 1804 5620 :

218 5651 271 5693 at
305 5646 481 5703 nullus
509 5656 626 5702 erat
652 5646 753 5715 qui
784 5644 910 5698 illos
937 5646 1366 5714 reprehenderet.
1384 5650 1516 5707 Cum
1544 5662 1719 5710 autem
1742 5656 1806 5711 ad

211 5749 310 5789 ens
339 5741 481 5795 venit
505 5754 570 5796 ex
595 5738 793 5796 Judma
823 5715 1221 5805 demonstratio,
1248 5742 1428 5798 Daniel
1451 5761 1663 5817 nempe,
1695 5765 1799 5806 non

1664 332 1730 389 ΙΝ
1768 332 2140 392 DANIELEM.

3446 354 3551 413 ΞΗ

1970 447 2201 518 amplius
2240 448 2441 507 audent
2478 467 2551 523 ne
2578 454 2791 525 quidem
2839 456 3056 529 ﬁngere.
3091 460 3253 531 Igitur
3283 479 3390 520 non
3434 467 3551 522 sine

1972 538 2303 606 providentia
2335 557 2519 598 rursus
2545 544 2619 599 illi
2651 557 2926 603 vocantur.
2958 550 3164 605 Etenim
3199 552 3550 616 admiratione

1969 625 2186 699 dignum
2216 637 2317 697 est,
2350 646 2509 702 quam
2539 632 2607 688 ob
2649 650 2761 691 rem
2810 654 2904 692 rex
2953 654 3071 694 cum
3106 643 3158 696 in
3188 646 3346 699 tantis
3391 648 3551 703 rebus

1969 720 2389 788 experimentum
2427 730 2658 794 cepisset
2704 732 2999 799 potestatis,
3031 748 3130 803 qua
3160 738 3391 805 pollebat
3436 740 3546 796 Da-

1970 809 2103 874 niel,
2133 826 2239 865 non
2271 822 2446 868 tamen
2476 817 2707 885 primum
2740 835 2863 875 eum
2888 825 3116 880 vocavit.
3148 826 3377 896 lpsemet
3401 833 3545 886 enim

1969 896 2111 954 Deus
2138 899 2188 953 id
2217 901 2430 957 molitus
2451 913 2553 968 est,
2574 914 2629 959 ut
2651 917 2771 975 post
2796 925 3073 980 magorum
3092 914 3298 971 cladem
3321 918 3544 976 victoria

1967 999 2265 1057 appareret.
2297 990 2579 1047 Perterruit
2618 1012 2716 1061 me,
2746 998 2917 1069 inquit
2951 1019 2964 1056 :
2998 1011 3055 1058 et
3095 1020 3268 1077 neque
3314 1007 3393 1063 sic
3428 1024 3545 1065 me-

1968 1077 2069 1132 lior
2101 1079 2308 1146 evasit;
2344 1083 2438 1137 sed
2491 1086 2656 1141 voluit
2701 1089 3000 1157 perieulum
3047 1092 3243 1151 facere.
3291 1098 3364 1151 lta
3404 1099 3546 1156 Deus
3634 1134 3641 1141 -

1964 1164 2196 1241 undique
2223 1172 2405 1228 insons
2435 1186 2510 1230 est
2540 1175 2638 1250 (a).
2661 1179 2715 1233 4.
2751 1198 2771 1231 ι
2802 1181 2870 1235 Ει
2895 1184 3331 1253 ingrediebantur
3359 1189 3545 1246 incau-

1967 1270 2196 1329 tatores,
2228 1265 2402 1335 magi,
2435 1266 2716 1337 Gazareni,
2749 1269 2982 1328 Chaldmi
3010 1269 3119 1332 :‘et‘
3138 1277 3403 1335 somnium
3432 1281 3542 1337 dixi

1963 1350 2016 1404 in
2044 1364 2332 1423 conspectu
2372 1371 2556 1411 eorum
2591 1375 2603 1411 :
2632 1368 2688 1414 et
2713 1361 3077 1431 conjecturam
3111 1367 3228 1436 ejus
3268 1385 3377 1424 non
3403 1371 3542 1435 indi-

1963 1453 2222 1498 caverunt
2263 1445 2413 1511 mibi,
2441 1448 2495 1503 5.
2525 1448 2695 1505 donec
2720 1452 2855 1508 alius
2886 1454 3154 1525 ingressus
3181 1468 3264 1514 est
3284 1500 3299 1524 ,
3333 1461 3538 1530 Daniel,

1963 1530 2019 1587 in
2045 1546 2334 1604 conspectu
2368 1552 2488 1592 meo
2510 1581 2525 1605 ,
2557 1541 2709 1610 cujus
2732 1558 2927 1599 nomen
2957 1545 3196 1603 Baltasar
3214 1592 3228 1616 ,
3251 1553 3543 1610 secundum

1962 1638 2156 1680 nomen
2196 1625 2281 1682 dei
2326 1629 2566 1700 mei,qui
2603 1632 2844 1701 spiritum
2892 1636 2985 1692 Dei
3030 1637 3187 1695 habet
3233 1641 3287 1696 in
3332 1653 3545 1699 semet—

1960 1713 2113 1783 ipso:
2141 1726 2196 1772 et
2223 1719 2485 1775 somnium
2514 1737 2691 1777 coram
2723 1740 2787 1779 eo
2817 1726 2945 1780 dixi.
2977 1727 3165 1797 Donec,
3196 1731 3385 1804 inquit,
3408 1736 3542 1789 alius

1957 1805 2211 1877 ingressus
2251 1819 2325 1864 est
2368 1811 2421 1875 in
2461 1823 2729 1883 conspectu
2769 1831 2897 1869 meo.
2937 1816 3096 1884 Quasi
3144 1821 3426 1879 immemor
3471 1825 3540 1879 ita

1959 1896 2197 1968 loquitur
2224 1900 2321 1972 (ὁ).
2349 1903 2559 1959 Etenim
2588 1906 2739 1959 multi
2763 1908 2888 1962 anni
2919 1910 3323 1979 praeterierunt,
3352 1924 3406 1969 et
3431 1917 3540 1971 cito

1957 1990 2274 2047 memoriam
2302 1995 2578 2063 amiserat,
2634 2004 2817 2066 utpote
2867 2006 2947 2053 tot
2986 2001 3130 2055 curis
3173 2004 3445 2070 obsessus,
3484 2016 3539 2062 et

1955 2093 2078 2135 cum
2130 2084 2290 2138 tantis
2343 2084 2556 2141 deliciis
2611 2088 2818 2142 vivens.
2877 2090 3044 2146 Porro
3100 2092 3279 2149 dicere
3339 2097 3538 2165 alium,

1955 2172 2165 2243 signum
2195 2183 2276 2230 est
2307 2190 2430 2232 eum
2458 2177 2610 2233 valde
2652 2179 2793 2236 illius
2824 2181 3049 2237 oblitum
3076 2197 3215 2239 esse.
3248 2183 3542 2242 Secundini:

1954 2279 2135 2318 nomen
2154 2303 2170 2330 ,
2203 2265 2394 2337 inquit,
2426 2269 2505 2321 dei
2532 2270 2649 2323 mei.
2673 2270 2758 2325 An
2790 2271 2892 2329 boe
2919 2273 3100 2331 dicere
3121 2276 3266 2331 vult:
3298 2278 3388 2333 Sic
3414 2296 3536 2335 eum

1954 2357 2214 2413 honoravi
2302 2370 2359 2415 ut
2386 2376 2415 2415 a
2444 2360 2547 2417 deo
2576 2378 2773 2419 nomen
2818 2365 2921 2421 hoc
2951 2368 3025 2422 illi
3073 2367 3398 2425 indiderim?
3424 2372 3537 2428 Mos

1952 2450 2094 2503 enim
2123 2458 2239 2505 erat
2269 2450 2372 2505 illis
2394 2492 2409 2516 ,
2442 2451 2510 2507 de
2539 2453 2762 2508 deorum
2804 2458 3022 2511 nomine
3058 2473 3253 2528 pueros
3280 2476 3406 2518 suos
3439 2478 3537 2517 uo-

1952 2539 2160 2596 tuinare
2193 2558 2206 2595 :
2237 2543 2668 2615 quandoquidem
2699 2556 2754 2601 et
2781 2562 2849 2602 ex
2874 2547 3178 2607 hominibus
3208 2553 3336 2609 deos
3371 2554 3534 2611 facie-

1952 2632 2097 2688 hant.
2132 2634 2221 2690 Sic
2261 2636 2440 2704 Belus,
2464 2638 2541 2692 sic
2583 2647 2639 2694 et
2664 2640 2870 2697 Belazus
2905 2641 2975 2712 (c)
3001 2644 3213 2713 quidam
3245 2648 3384 2715 apud
3432 2664 3529 2703 nos

1950 2726 2247 2795 appellatus
2277 2738 2380 2782 est.
2411 2729 2627 2785 Scilicet
2665 2739 2944 2802 postquam
2982 2734 3252 2792 dmmones
3277 2739 3528 2794 viderunt

1949 2830 2011 2870 ea
2045 2817 2250 2874 ratione
2276 2818 2522 2874 homines
2546 2820 2796 2876 honorari
2819 2837 2883 2877 ac
2904 2822 3034 2878 deos
3054 2827 3254 2894 vocari,
3274 2838 3327 2884 et
3355 2830 3453 2898 ipsi
3481 2832 3532 2886 id

1947 2908 2183 2963 aemulati
2223 2911 2551 2982 sunLCujns
2580 2913 2751 2983 gratia
2777 2914 2874 2982 ait,
2920 2914 3137 2983 Daniel,
3164 2921 3311 2990 cujus
3349 2938 3532 2977 nomen

1946 2996 2185 3054 Baltasar
2206 3001 2231 3054 .9
2254 3000 2387 3069 Quia
2427 3003 2521 3057 Dei
2548 3005 2794 3059 virtutem
2827 3004 3079 3062 habebat.
3119 3007 3174 3063 ld
3200 3011 3343 3064 enim
3390 3014 3533 3082 apud

1946 3089 2067 3144 illos
2093 3092 2326 3147 maxime
2354 3092 2545 3148 honori
2573 3101 2708 3149 erat.
2744 3094 2811 3149 Et
2840 3096 3136 3152 sustinebat
3168 3098 3345 3153 Daniel
3377 3116 3436 3155 se
3462 3101 3532 3155 ab

1946 3182 2050 3238 illis
2073 3199 2139 3240 eo
2166 3184 2382 3241 nomine
2402 3186 2643 3257 insigniri
2686 3203 2702 3242 :
2743 3202 3005 3257 nusquam
3048 3199 3227 3245 autem
3256 3189 3371 3259 bie,
3402 3192 3530 3247 dum

1943 3278 2023 3329 sui
2072 3276 2396 3333 mentionem
2446 3277 2612 3346 facit,
2656 3279 2980 3336 Baltasarem
3047 3282 3283 3352 seipsum
3351 3287 3527 3341 uomi-

1943 3374 2054 3431 nat,
2082 3366 2176 3420 sed
2206 3366 2380 3437 quid?
2409 3366 2522 3439 Ego
2552 3366 2758 3423 Daniel.
2788 3367 3000 3437 Quanto
3045 3371 3252 3429 honore
3278 3373 3529 3445 dignatus

1941 3467 2021 3514 est
2052 3457 2190 3528 regis
2214 3457 2373 3524 ﬁlius,
2402 3466 2550 3513 tanto
2576 3468 2630 3515 et
2666 3461 2765 3515 iste
2790 3478 2807 3514 :
2828 3461 2992 3516 etiam
3023 3470 3147 3518 ante
3168 3466 3515 3533 experimen-

1940 3557 2072 3614 tum,
2096 3566 2163 3605 ex
2196 3550 2312 3620 ipso
2340 3558 2559 3620 aSpectu
2588 3552 2731 3606 visus
2749 3560 2831 3607 est
2859 3552 3213 3609 admirabilis.
3239 3556 3348 3612 Nec
3367 3542 3523 3625 vero,

1938 3640 2207 3711 inquit,ex
2239 3641 2379 3696 illius
2399 3642 2593 3698 virtute
2622 3642 2927 3713 proferebat
2946 3659 3009 3699 ea
3031 3659 3148 3715 qua:
3175 3647 3523 3717 loqllt‘billlll':

1997 3773 2078 3845 (a)_
2092 3770 2435 3845 pulcherrima
2463 3774 2571 3823 haec
2603 3777 2871 3845 sententia.
2892 3775 3153 3845 desumpta
3195 3792 3258 3845 ex
3285 3779 3527 3845 _Platone,

1934 3833 2023 3907 lib.
2062 3835 2120 3883 10
2165 3836 2345 3907 Repub.
2370 3837 2604 3907 ,_in_ore
2652 3843 2733 3907 est
2772 3836 2938 3907 multis
2978 3833 3323 3907 ecclesiasticis
3371 3833 3524 3907 magi;

1933 3896 2274 3966 stris,n.lust_in_o
2297 3894 2529 3966 Apologia
2548 3898 2779 3966 secunda,
2806 3895 2958 3966 Clem.
2983 3898 3129 3948 Alex.
3157 3901 3343 3966 raedag.
3368 3894 3521 3966 libfl,

1932 3968 2039 4017 cap.
2062 3956 2094 4004 8
2110 3990 2125 4014 ,
2151 3961 2202 4003 et
2223 3962 2394 4003 stt-oni.
2424 3956 2484 4013 1⁷,
2510 3964 2562 4019 et
2584 3959 2615 4005 5
2631 3992 2644 4019 ,
2669 3960 2901 4019 Gregorio
2935 3967 3035 4007 Naz.
3075 3967 3206 4019 Orat,
3230 3963 3260 4009 5
3278 3956 3527 4017 flius-chio

1935 4024 2036 4122 tium
2063 4023 2265 4122 Piiaepar.
2293 4027 2468 4079 evang.
2508 4016 2595 4066 lib.
2619 4016 2684 4076 6,
2710 4016 2843 4078 οἰδ,
2881 4025 2983 4068 tum
3017 4022 3068 4071 in
3100 4018 3198 4070 fine
3222 4016 3330 4071 libri
3354 4035 3524 4076 contra

1974 4089 2104 4122 ICI'OC.
2125 4089 2221 4122 em.

1932 4080 2221 4127 Hieroclem.

1995 4136 2068 4199 (b)
2103 4137 2161 4186 In
2180 4143 2362 4214 Graeco,
2388 4136 2463 4214 ἕξις
2677 4164 2810 4214 nam,
2827 4151 2994 4214 sle-5):“:
3017 4154 3163 4192 ινίκιάν
3180 4167 3263 4203 μου.
3282 4145 3521 4214 tie-immo-

1929 4225 2033 4264 pug;
2057 4209 2149 4264 οξτω
2171 4212 2266 4264 φησί.
2293 4199 2506 4264 Legebat
2537 4200 2663 4259 apud
2700 4199 3096 4264 'thOdOliOIlBlIl,
3130 4199 3247 4264 Ξτίρος
3265 4243 3281 4261 ,
3298 4199 3445 4264 alius,
3466 4216 3521 4256 ιιι

1932 4258 1985 4330 et
2003 4258 2187 4322 legisse
2207 4258 2787 4330 'tjheodoretumeonstat.
2812 4266 2902 4310 Eos
2923 4262 3053 4330 enim
3078 4258 3200 4313 nihil
3218 4258 3379 4330 moror
3393 4302 3412 4326 ,
3427 4258 3518 4330 'qui

1927 4320 2042 4369 dum
2060 4320 2311 4370 'conantur
2348 4320 2649 4379 emendare,
2686 4322 2970 4380 depravant.
2994 4322 3065 4373 Ae
3098 4334 3235 4375 certe
3269 4340 3332 4376 ea
3367 4320 3518 4380 lectio

1930 4383 2127 4454 propius
2148 4382 2333 4454 accedit
2351 4383 2410 4431 ad
2436 4383 2694 4454 veritatem
2716 4382 3201 4496 Chaldaicambguam
3223 4386 3335 4449 alia,
3360 4402 3517 4454 ἑταῖρος,

1930 4456 2099 4494 socrus.
2127 4450 2276 4491 Mirari
2308 4450 2474 4496 itaque
2495 4451 2613 4493 satis
2630 4458 2726 4494 non
2747 4459 2941 4496 possum
2963 4459 3026 4496 au
3115 4447 3192 4496 tne
3212 4450 3440 4496 observat
3462 4460 3513 4496 Β.

1926 4443 2099 4508 socius.
2127 4443 2276 4491 Mirari
2308 4444 2474 4505 itaque
2495 4445 2613 4493 satis
2630 4458 2726 4494 non
2747 4459 2941 4508 possum
2963 4443 3093 4508 quod
3115 4447 3192 4498 hic
3212 4443 3513 4502 observato:

1926 4506 2257 4575 Hieronymus,
2282 4515 2461 4575 praeter
2484 4511 2591 4553 LXX
2616 4506 2930 4575 translatores
2947 4546 2961 4567 ,
2979 4506 3065 4570 qui
3090 4509 3195 4560 haec
3212 4514 3367 4561 omnia
3391 4527 3514 4575 prte-

1926 4566 2191 4634 terierant,
2218 4572 2323 4634 tres
2353 4566 2569 4634 reliquos
2605 4566 2835 4634 collegam
2871 4566 3216 4634 interpretatos
3239 4584 3367 4625 esse.
3391 4566 3510 4634 buid

1924 4626 2109 4702 igitur;i
2130 4638 2191 4675 an
2213 4626 2964 4702 eod‘ie'ibus'eorruptis'utehatur
2980 4626 3281 4702 doctissimus
3298 4626 3509 4702 ScriptaT

1922 4687 1993 4738 ra:
2032 4688 2314 4754 interpres?
2332 4687 2393 4754 id
2414 4702 2534 4739 vero
2554 4687 2799 4754 afﬁrmare,
2831 4692 3007 4741 durum
3042 4691 3225 4754 fuerit,
3268 4708 3379 4745 cum
3399 4687 3505 4747 'diei

1922 4758 2072 4811 queat
2096 4750 2207 4815 ideo
2228 4750 2478 4815 Danielem
2501 4763 2529 4800 a
2551 4752 3012 4815 Nabuchodonosoro
3033 4750 3325 4815 appellatum
3358 4757 3507 4807 colle-

1922 4823 2052 4870 gam,
2076 4812 2198 4884 quia
2210 4811 2336 4884 alter
2368 4814 2585 4884 ipsc_,_ac
2612 4814 2855 4884 secundus
2876 4827 2905 4862 a
2927 4811 3227 4884 rege
3254 4816 3415 4880 Atque
3440 4823 3504 4870 ita

1924 4876 2102 4934 exponi
2126 4881 2287 4935 potest
2318 4886 2409 4923 vox
2434 4878 2585 4957 Imb!
2606 4915 2622 4941 ,
2649 4882 2700 4924 et
2722 4882 2768 4925 s.
2794 4876 3503 4938 Hieronynttisaeensural)ru-

1921 4969 1978 5017 sii
2005 4967 2251 5015 vindicari.
2265 4975 2557 5028 Quamquam
2579 4972 2741 5017 autem
2759 4965 2828 5028 de
2842 4966 3237 5028 voce,tni9_o,,liic
3253 4967 3503 5022 disserere

1922 5036 2062 5076 extra
2083 5040 2188 5074 rem
2213 5041 2324 5076 esse
2350 5025 2585 5098 videatur,
2608 5026 2821 5097 monebo
2844 5033 3023 5098 tamen,
3051 5025 3177 5098 illius
3199 5030 3501 5098 ignoratione

1918 5088 2095 5138 factum
2120 5101 2259 5145 esse,
2286 5095 2342 5136 ut
2382 5088 2729 5135 disertissimus
2751 5088 2823 5136 vir
2845 5086 3084 5137 Antonius
3107 5086 3315 5140 Muretus
3335 5093 3385 5141 in
3410 5094 3503 5143 Va-

1918 5152 2096 5199 riarum
2121 5148 2381 5217 lectionum
2400 5148 2488 5217 lib:
2504 5147 2537 5217 .l
2564 5182 2579 5205 ,
2602 5159 2707 5209 cap.
2736 5149 2757 5217 l_
2782 5187 2795 5205 ,
2822 5148 3017 5217 tertium
3040 5149 3304 5217 Isocratem
3326 5167 3500 5217 magno

1921 5224 2089 5260 errore
2107 5210 2431 5274 procuderet.
2456 5207 2673 5274 Aderam
2692 5210 2836 5258 etiam
2874 5209 3031 5274 locum
3069 5213 3322 5274 Origenis,
3348 5207 3499 5265 ltovmi-

1918 5271 1982 5321 lia
2006 5272 2081 5340 18_
2103 5261 2153 5340 in
2196 5276 2428 5340 Numeres
2450 5283 2464 5319 :
2492 5261 2767 5340 selegimus
2784 5284 2977 5340 ecqua:
3006 5270 3057 5321 in
3088 5261 3283 5340 Εᾴδηὶριέ

1916 5340 2026 5383 sunt
2048 5332 2110 5382 de
2130 5330 2455 5401 ipsapaniele
2477 5330 2695 5401 ettribus
2716 5330 2885 5383 amicis
2907 5335 3029 5394 ejus.
3053 5337 3314 5397 Scripserat
3333 5330 3498 5399 Orige-

1916 5408 2023 5451 nes,
2052 5393 2216 5454 integit,
2237 5393 2283 5441 id
2308 5401 2402 5452 est,

1981 5456 2063 5528 (ε).
2085 5454 2141 5503 ιη
2162 5461 2354 5529 βνίθῖοε
2381 5464 2502 5526 οεττυς
2525 5464 2547 5503 δ
2569 5465 2709 5529 ξειλοει
2844 5468 2905 5528 θαι
2931 5466 2952 5506 δ
3161 5463 3495 5529 Magnaem-

1914 5512 2503 5586 rem,inquitcotelerius,
2528 5516 2586 5563 ad
2611 5512 2750 5586 hujus
2771 5517 2861 5567 loci
2883 5512 3368 5586 restitutionem'tnihi
3382 5512 3492 5586 dari

1914 5574 2161 5648 antiquum
2180 5574 2401 5646 Codieem
2425 5589 2487 5626 ex
2510 5590 2608 5648 quo
2625 5574 2901 5648 isienoster
2918 5579 3192 5648 descriptus
3209 5575 3312 5648 fuit.
3338 5576 3492 5648 aliter

1914 5635 2047 5687 enini
2066 5639 2145 5686 vix
2169 5650 2224 5686 ac
2245 5649 2310 5686 ne
2335 5638 2413 5685 vix
2440 5635 2634 5699 quidem
2652 5639 2847 5709 ‘videtur
2865 5652 2978 5687 esse
2995 5635 3236 5709 sanabilis.
3255 5635 3490 5709 conjicie-

1912 5700 2041 5767 bam,
2063 5711 2083 5749 ό
2102 5706 2315 5767 apag_,_et,
2342 5709 2362 5747 ι
2382 5695 2664 5767 sitis;._Qttod
2689 5706 2983 5767 postremum
3009 5695 3288 5767 vocabulum
3310 5695 3489 5762 legitur

1912 5763 2039 5825 apud
2060 5759 2426 5820 't‘ertullianum,
2451 5768 2501 5810 et
2526 5760 2571 5807 in
2596 5757 3014 5823 Pseudosibyllinis
3033 5757 3341 5808 carminibus.
