4104 6214
497 331 595 387 ‘217

495 431 787 515 τάἀγρια,
808 447 906 500 καί
936 445 1004 500 ἐν
1023 446 1146 514 τοῖς
1171 446 1418 515 κλάδοις
1439 449 1628 504 αὑτοῦ
1658 445 2078 512 κατεσκήνουν

497 559 573 612 τὰ
619 557 860 612 πετεινὰ
884 557 992 612 τοῦ
1017 557 1302 626 οὐρανοῦ,
1324 559 1407 613 σὺ
1447 554 1518 625 εἴ,
1535 552 1822 623 βασιλεῦ,
1842 557 1931 610 ὅτι
1953 557 2082 624 ἐμε-

499 669 804 738 γαλύνθης
836 666 937 721 καί
987 668 1275 739 ίσχυσας,
1307 669 1406 724 καὶ
1439 669 1477 738 η
1516 667 1918 738 μεγαλωσύνη
1967 681 2084 720 σου

1165 329 1222 384 s.
1263 330 1550 386 JOANNIS
1587 327 2077 386 cmwsosrom
2115 294 2436 384 Ancum.
2484 326 3032 384 cowsnx'nxop.

2185 447 2308 499 Ἵνα
2351 446 2577 516 γνῶσιν
2626 449 2679 500 οί
2724 443 2872 516 [2‘26]
2907 441 3149 507 ζῶντες·
3191 440 3220 491 ὁ
3257 437 3314 491 δὲ
3356 434 3555 506 Δανιὴλ
3607 450 3761 504 φησιν

2186 552 2342 617 Ἕως
2395 548 2468 608 οὗ
2525 553 2607 607 σὺ
2638 551 2814 623 γνῷς,
2845 553 2934 604 ὅτι
2976 547 3234 618 κυριεύει
3267 547 3302 600 ό
3325 525 3632 612 ’Υψιστος
3656 538 3766 607 τῆς

2181 662 2506 727 ,βασιλείας
2531 659 2650 715 τῶν
2673 661 3018 729 ἀνθρώπων,
3052 658 3151 712 καί
3184 647 3234 722 ᾧ
3259 654 3366 709 ἐὰν
3396 651 3548 720 δόξῃ
3587 647 3767 703 δώσει

3652 318 3761 373 218

503 773 898 860 ἐμεγαλύνθη,
937 775 1038 829 καί
1095 773 1364 845 ἔφθασεν
1404 778 1491 841 είς
1525 774 1632 828 τὸν
1679 773 1960 842 οὐρανὸν,
1987 771 2086 826 καὶ
2189 773 2402 842 αὑτήν.
2449 770 2601 838 Εἶδες
2650 774 2766 836 πῶς
2807 769 3040 824 ἐνταῦθα
3086 767 3215 840 περί
3267 757 3770 832 ταπεινοφροσύνης

503 885 544 954 ἡ
578 886 754 953 κιφία
776 901 892 940 σου
919 887 1007 952 είς
1029 885 1104 940 τὰ
1126 885 1353 954 πέρατα
1389 885 1499 953 τῆς
1529 884 1662 954 γῆς.
1680 882 1791 936 Καὶ
1820 882 1908 936 ὅτι
1931 878 2092 936 εἶδεν
2190 884 2464 956 διελέχθη;
2507 885 2648 937 Ἀλλ’
2706 886 2762 936 ὲν
2812 883 2909 953 μὲν
2946 879 3024 951 τῷ
3062 877 3277 949 ὀνείρῳ,
3312 871 3480 946 φησὶ,
3518 867 3678 924 τοῦτο
3709 867 3772 920 τὸ

505 995 540 1048 ό
576 993 876 1060 βασιλεὺς
919 994 1032 1062 εῖρ,
1059 993 1161 1048 καὶ
1193 993 1366 1062 ἅγιον
1405 992 1839 1046 καταϐαίνοντα
1881 989 1951 1043 ἐκ
1983 989 2092 1043 τοῦ

509 1100 787 1167 οὐρανοῦ,
815 1101 913 1156 καί
933 1097 1105 1157 εἶπεν
1120 1117 1134 1133 ’
1156 1098 1462 1154 Ἐκτίλατε
1487 1099 1554 1154 τὸ
1568 1097 1820 1167 δένδρον
1849 1098 1947 1151 καὶ
1970 1097 2096 1150 δια-

510 1209 784 1279 φθείρητε
823 1210 993 1277 αὐτὸ,
1019 1209 1188 1279 πλὴν
1223 1209 1340 1277 τὴν
1373 1207 1540 1279 φυὴν
1576 1207 1695 1262 τῶν
1711 1205 1888 1275 ῥιζῶν
1910 1205 2096 1260 αὑτοῦ

510 1317 580 1372 ἐν
611 1315 686 1385 τῇ
717 1316 795 1387 γῇ
815 1317 1053 1381 ἐάσατε,
1071 1316 1170 1376 καί
1194 1314 1264 1369 ἐν
1281 1312 1482 1384 δεσμῷ
1500 1313 1726 1383 σιδηρῷ
1741 1313 1838 1368 καί
1867 1311 2094 1383 χαλκῷ,

515 1424 614 1478 καί
653 1425 724 1479 ἐν
758 1426 912 1495 χλόῃ
945 1423 1020 1494 τῇ
1052 1424 1190 1490 ἔξω,
1243 1423 1343 1478 καί
1378 1423 1448 1477 ἑν
1478 1422 1553 1492 τῇ
1577 1423 1776 1491 δρόσῳ
1796 1421 1904 1477 τοῦ
1923 1423 2099 1489 οὐρα-

515 1534 628 1589 νοῦ
671 1533 1105 1603 αὑλισθήσεται
1125 1572 1140 1598 ,
1201 1533 1298 1587 καί
1335 1531 1486 1602 μετά
1533 1532 1754 1600 θηρίων
1804 1530 2024 1600 ἀγρίων
2059 1529 2098 1596 ή

515 1645 686 1713 μερὶς
719 1617 939 1710 αύτοῦ,
971 1644 1082 1711 ἕως
1118 1643 1270 1698 ἑπτὰ
1293 1643 1484 1713 καιροί
1510 1614 1860 1713 ἀλλαγῶσιν
1879 1640 1972 1694 ἐπ’
1996 1643 2101 1695 αὐ-

520 1751 655 1804 τόν’
705 1749 857 1824 [225]
892 1751 1069 1807 τοῦτο
1117 1752 1153 1820 ἡ
1200 1753 1519 1822 σύγκρισις
1555 1748 1764 1813 αὑτοῦ,
1805 1747 2102 1814 βασιλεῦ,

522 1861 622 1914 καί
657 1862 957 1931 σύγκριμα
989 1861 1282 1930 Ὑψίστου
1313 1861 1487 1915 ἐστίν
1514 1861 1546 1915 ὃ
1573 1861 1839 1930 ἔφθασεν
1869 1856 1970 1913 ἐπὶ
1997 1857 2105 1913 τὸν

523 1971 734 2041 κύριόν
760 1989 880 2041 μου
908 1969 1294 2036 τὸνβασιλέα
1311 1986 1325 2000 ο
1349 1969 1451 2023 καί
1479 1983 1553 2023 σε
1575 1965 1968 2032 ἐκδιώξουσιν
1987 1967 2105 2033 ἀπὸ

524 2078 642 2133 τῶν
669 2079 1012 2148 ἀνθρώπων,
1031 2079 1128 2132 καὶ
1154 2079 1305 2148 μετὰ
1335 2079 1554 2147 θηρίων
1585 2078 1756 2133 ἔσται
1779 2078 1816 2145 ἡ
1841 2077 2109 2131 κατοικία

526 2203 664 2252 σου,
698 2189 794 2242 καὶ
822 2189 1040 2257 χόρτον
1080 2187 1160 2254 ὠς
1181 2187 1344 2252 ,βοῦν
1373 2186 1676 2256 ψωμιοῦσί
1717 2201 1822 2250 σε,
1860 2183 1961 2238 καί
1989 2183 2109 2238 ἀπὸ

528 2297 640 2366 τῆς
697 2298 922 2365 δρόσου
977 2284 1085 2351 τοῦ
1107 2272 1109 2274 η
1133 2295 1393 2364 οὐρανοῦ
1431 2293 1778 2364 ,ϐαφήσεται
1827 2291 1893 2346 τὸ
1940 2287 2114 2360 σῶμά

531 2424 671 2473 σου,
702 2406 797 2460 καί
833 2405 984 2460 ἑπτὰ
1015 2403 1210 2472 καιροί
1241 2402 1694 2473 ἀλλαγήσονται
1725 2400 1824 2454 ἐπί
1860 2397 1980 2465 σοί,
2003 2397 2114 2462 ἕως

533 2512 605 2573 οὗ
632 2515 786 2588 γνῷς
816 2516 905 2571 ὅτι
947 2515 1206 2582 κυριεύει
1237 2517 1273 2568 ό
1312 2514 1598 2583 ’Υψιστος
1647 2511 1758 2580 τῆς
1792 2512 2113 2576 ,βασιλείας

533 2627 654 2683 τῶν
688 2625 1038 2694 ἀνθρώπων,
1087 2623 1187 2677 καί
1230 2613 1279 2689 ᾧ
1315 2621 1424 2675 ἐὰν
1459 2619 1611 2687 δόξῃ
1668 2618 1847 2674 δώσει
1899 2617 2113 2685 αὐτήν.

536 2734 646 2789 Καί
674 2733 763 2786 ὅτι
803 2727 972 2786 εἶπεν
990 2747 1004 2764 ·
1043 2729 1293 2785 Ἐἀσατε
1315 2727 1430 2797 τὴν
1455 2726 1623 2798 φυὴν
1659 2725 1779 2781 τῶν
1800 2724 1979 2795 ῥιζῶν
2008 2725 2116 2780 τοῦ

534 2840 789 2909 δένδρου
809 2858 822 2870 θ
861 2840 898 2908 ἡ
937 2839 1226 2904 ,βασιλεία
1263 2853 1380 2893 σου
1432 2837 1531 2891 σοί
1577 2835 1767 2907 μενεῖ,
1799 2835 1902 2906 ἀφ’
1931 2831 2007 2906 ἧς
2041 2833 2120 2890 ἂν

539 2947 698 3018 γνῷς
721 2945 838 3016 τὴν
873 2946 1164 3012 ἐξουσίαν
1203 2945 1318 3014 τὴν
1353 2943 1658 3013 οὐράνιον.
1690 2943 1756 2996 Τί
1803 2939 1896 2998 οὖν
1944 2959 2116 3012 tmen;

539 3053 658 3118 πῶς
688 3053 838 3108 Ιέσειται
862 3055 894 3124 ὴ
917 3053 1068 3116 λύσις
1099 3051 1193 3106 τοῦ
1221 3051 1430 3117 δεινοῦ;
1467 3049 1572 3105 Διά
1601 3050 1796 3115 τοῦτο,
1829 3049 2119 3115 βασιλεῦ.

541 3162 580 3230 ἡ
597 3160 797 3228 ,ϐουλή
815 3177 935 3230 μου
954 3137 1225 3228 ἀρεσᾶτω
1248 3173 1368 3223 σοι,
1401 3157 1501 3212 καί
1547 3156 1655 3222 τὰς
1685 3155 1974 3225 ἁμαρτίας
2005 3169 2123 3210 σου

541 3276 612 3330 ἐν
649 3275 1089 3344 ἐλεημοσύναις
1128 3273 1452 3340 λύτρωσαι,
1474 3271 1573 3325 καί
1603 3270 1710 3337 τὰς
1738 3269 1973 3336 ἀδικίας
2007 3283 2124 3323 σου

547 3383 617 3438 ἐν
642 3381 962 3452 οίκτιρμοῒς
994 3381 1288 3451 πενήτων.
1344 3383 1514 3448 Ἴσως
1549 3380 1721 3436 ἐσται
1753 3380 2128 3451 μακροθυμία

548 3493 671 3560 τοῖς
698 3491 1132 3562 παραπτώμασί
1165 3506 1303 3547 σου.
1349 3490 1415 3544 Τί
1455 3489 1666 3558 λέγεις,
1705 3490 1884 3556 Ἴσως
1918 3489 2128 3551 ἐσται;

548 3601 764 3658 καὶτοῦ
813 3600 1104 3673 φαρμάκου
1138 3600 1236 3672 τὴν
1285 3599 1438 3670 ίσχὺν
1481 3599 1588 3654 ὑπό
1639 3614 1763 3651 τινα
1801 3595 2129 3669 ἀμφιϐολίαν

549 3712 846 3784 καθιστᾷςς
887 3712 960 3766 Οὐ
994 3709 1084 3765 διά
1111 3709 1268 3765 τοῦτο
1293 3704 1471 3774 εἷπον,
1509 3710 1698 3775 Ἴσως,
1723 3708 1825 3763 οὐκ
1857 3707 2131 3780 ἀμφιϐάλ-

550 3824 682 3890 MN,
723 3821 800 3894 μὴ
849 3819 1080 3889 γένοιτο,
1109 3819 1224 3874 ἀλλ’
1265 3817 1459 3889 ἐκείνῳ
1508 3817 1601 3871 τὸν
1647 3817 1812 3888 φόϐον
1867 3818 2131 3872 ἐπιτεῖναι

551 3929 892 4000 βουλόμενος,
919 3927 994 3993 ὡς
1021 3927 1201 3998 πάσης
1229 3924 1526 3996 θεραπείας
1557 3925 1650 3981 καὶ
1677 3924 1859 3995 πάσης
1886 3923 2127 3994 συγγνώ-

554 4055 663 4109 ,ιης
695 4035 943 4108 ἀνώτερα
975 4035 1140 4090 αὑτοῦ
1193 4034 1594 4107 ἡμαρτηκότος.
1627 4034 1690 4088 Εἰ
1731 4034 1840 4106 γὰρ
1865 4035 1961 4088 καὶ
1996 4035 2134 4105 μετά

553 4149 612 4202 -ίδ
636 4147 778 4202 οὓτω
813 4145 1070 4218 λεχθῆναι
1096 4144 1349 4216 ἐπέμεινε
1379 4146 1444 4216 τῇ
1479 4143 1643 4215 μανίᾳ
1663 4181 1678 4208 ,
1709 4141 1890 4214 πολλῷ
1933 4142 2134 4212 μᾶλλον

569 4261 604 4314 ·ί
634 4259 708 4330 μὴ
737 4257 876 4330 μετά
905 4255 1234 4328 ἀμφιϐολίας
1258 4254 1479 4327 ἐρρέθη.
1497 4252 1608 4307 Καὶ⁸
1637 4252 1748 4325 γάρ
1777 4253 1871 4308 καὶ
1901 4251 2135 4324 ἀλλαχοῦ

554 4370 715 4424 τοῦτο
745 4368 1015 4439 βούλεται,
1048 4365 1137 4422 διά
1153 4365 1249 4420 τοῦ
1285 4365 1564 4436 προφήτου
1589 4362 1787 4432 λέγων’
1827 4361 1964 4417 Ἐὰν
1986 4363 2137 4418 ἀπο-

478 4529 489 4551 ,
559 4481 797 4548 πλύνῃς
841 4479 912 4532 ὲν
956 4479 1172 4545 νίτρῳ,
1213 4475 1616 4542 κεκηλίδωσαι
1666 4475 1946 4528 ἐναντίον
1995 4491 2136 4542 μου,

559 4591 718 4662 λέγει
767 4590 1002 4658 Κύριος.
1052 4588 1163 4641 Καὶ
1210 4586 1402 4641 πάλινο
1437 4588 1507 4640 El
1551 4586 1806 4650 ἀλλάξει
1835 4586 2050 4652 Αἰθίοψ
2072 4584 2138 4638 τὸ

559 4680 765 4751 δέρμα,
788 4678 886 4732 καί
917 4673 1210 4744 πάρδαλις
1233 4673 1305 4727 τὰ
1330 4673 1692 4741 ποικίλματα
1712 4672 2139 4743 αὑτῆς.⁹ὀ.σπερ

559 4783 653 4844 οὖν
686 4788 800 4841 ἐκεῖ
828 4782 1107 4839 ἀποκλείει
1133 4781 1228 4852 τὴν
1256 4779 1563 4852 μετάνοιαν,
1585 4778 1683 4849 οὐχ
1704 4778 1791 4832 ἵνα
1818 4777 2139 4850 ἀποκλείσῃ,

561 4898 676 4952 ἀλλ’
708 4897 795 4951 ἵνα
821 4894 1019 4967 μᾶλλον
1044 4890 1285 4964 φοϐήσῃ·
1326 4888 1468 4943 οὕτω
1494 4889 1589 4942 καὶ
1616 4885 1852 4941 ἐνταῦθα
1882 4885 2143 4958 βουλόμε-

561 5024 651 5070 νος
709 5005 876 5070 δεῖξαι
939 5004 999 5057 τὸ
1049 5001 1276 5073 μέγεθος
1304 4999 1435 5078 ’τῶν
1487 4995 1917 5069 ἡμαρτημένων,
1964 4989 2140 5061 εἶπεν,

567 5115 766 5178 Ἴσως.
793 5111 946 5174 Τίνος
973 5110 1029 5162 δὲ
1063 5109 1248 5163 ἐνεκεν
1272 5107 1372 5162 οὐκ
1417 5101 1539 5161 εἷπε
1557 5120 1573 5135 ⁶
1607 5102 2140 5176 Ταπεινοφρὸνησον,

565 5224 826 5293 ὲπίγνωθι
865 5221 956 5276 τὸν
984 5222 1145 5288 Θεόν;
1167 5222 1229 5274 Et
1257 5219 1366 5294 γὰρ
1399 5219 1488 5272 διά
1520 5216 1680 5272 τοῦτο
1711 5215 1886 5271 ταῦτα
1921 5215 2145 5286 πάσχει,

566 5333 746 5397 καθὼς
765 5332 859 5386 καὶ
881 5330 1041 5392 αὐτός
1058 5345 1212 5399 φησι,
1242 5327 1386 5391 τίνος
1413 5327 1598 5380 ἕνεκεν
1628 5324 1796 5397 ἔτερα
1824 5325 2145 5396 παραινεῖς;

568 5442 752 5510 Εἶπεν,
792 5443 926 5499 Ἵνα
955 5438 1184 5509 γνῶσιν
1221 5435 1312 5490 ὅτι
1353 5437 1612 5505 κυριεύει
1639 5437 1672 5489 ό
1719 5435 2008 5504 Ὕψιστος
2036 5432 2148 5502 τῆς

561 5554 884 5624 βασιλείας
914 5549 1029 5606 τῶν
1069 5545 1412 5615 ἀνθρώπων.
1439 5545 1505 5598 Τί
1554 5539 1680 5612 οὗν;
1717 5545 1805 5600 ἴνα
1828 5543 2006 5617 ἕτεροι
2041 5561 2149 5597 σω-

571 5664 950 5739 φρονισθῶσιν,
990 5659 1101 5730 ἐγὼ
1129 5657 1466 5728 κολάζομαι;
1502 5655 1656 5725 Οὐχὶ,
1695 5655 1810 5710 ἀλλ’
1838 5656 1896 5708 ἐν
1930 5655 2028 5725 μὲν
2071 5653 2149 5723 τῷ

573 5777 784 5848 ὀνείρῳ,
817 5775 911 5831 ἅτε
940 5772 1016 5846 μὴ
1047 5768 1364 5843 βουλόμενος
1394 5763 1632 5838 ἐμφῆναι
1660 5763 1718 5819 τὸ
1758 5765 1948 5832 σαφὲς,
1974 5758 2146 5829 εἶπεν,

2195 993 2515 1065 φάρμακον·
2546 992 2658 1062 ἐγὼ
2697 992 2754 1045 δὲ
2780 993 2876 1045 καὶ
2929 990 3116 1060 ἕτερον
3160 987 3326 1054 λέγω.
3383 981 3650 1051 Καθάπερ
3680 977 3774 1030 ἐπὶ

2194 1103 2453 1175 ἄρχοντος
2476 1100 2848 1174 ὀργιζομένου,
2880 1099 3040 1162 αὐτὸς
3077 1097 3175 1168 μὲν
3201 1093 3354 1148 οὐδὲν
3387 1093 3453 1146 ἂν
3479 1089 3643 1156 εἴποι,
3665 1088 3774 1141 τῶν

2196 1212 2254 1265 δὲ
2281 1211 2493 1264 οἰκείων
2521 1227 2604 1274 τις
2636 1209 2742 1263 τῶν
2769 1209 2978 1262 ἐκείνου
3014 1202 3326 1278 προσελθὼν
3369 1199 3447 1271 τῷ
3489 1195 3778 1266 ὑπευθύνῳ

2196 1322 2345 1392 λέγοι
2365 1319 2470 1376 ’Τὸ
2495 1321 2741 1392 ποίησον,
2767 1320 2860 1373 καὶ
2886 1318 2973 1372 τό·
3007 1317 3094 1381 δὸς
3127 1316 3408 1388 χρήματα,
3439 1311 3533 1366 καὶ
3577 1308 3777 1363 πολλά-

2200 1448 2306 1496 κις,
2330 1429 2604 1501 δυνάμεθα
2633 1428 2938 1500 ἐξαρπάσαι
2963 1445 3023 1480 σε
3052 1425 3161 1478 τῶν
3195 1420 3554 1493 ἐπικειμένων
3569 1417 3776 1473 κακῶν.

2205 1539 2333 1591 Ἔτι
2355 1536 2462 1591 τοῦ
2481 1537 2666 1606 λόγου
2685 1536 2756 1589 ἐν
2775 1536 3022 1604 στόματι
3050 1529 3357 1598 ,ϐασιλέως
3383 1529 3578 1594 ὄντος,
3610 1525 3783 1596 φωνὴ

2202 1644 2320 1700 ἀπὸ
2349 1644 2455 1699 τοῦ
2489 1643 2745 1712 ούρανοῦ
2779 1643 3016 1714 ἐγένετο
3040 1657 3054 1671 ·
3083 1639 3182 1694 Σοὶ
3203 1637 3460 1708 λέγεται,
3482 1635 3786 1703 Ναϐουχοο

2204 1758 2462 1825 δονόσορ
2511 1753 2812 1822 βασιλεῦ’
2872 1755 2911 1822 ἡ
2960 1750 3252 1818 βασιλεία
3299 1761 3418 1802 σου
3474 1743 3790 1812 παρῆλθεν

2205 1868 2324 1924 ἀπὸ
2353 1867 2491 1934 σοῦ,
2527 1869 2624 1922 καί
2652 1865 2770 1922 ἀπὸ
2801 1864 2920 1921 τῶν
2955 1861 3280 1931 ἀνθρώπων
3302 1855 3662 1922 ἐκδιώξουσι
3689 1869 3789 1918 σε,

2208 1978 2306 2032 καὶ
2335 1979 2478 2046 μετά
2498 1976 2717 2046 θηρίων
2742 1975 2962 2046 ἀγρίων
2988 1974 3027 2042 ἠ
3060 1971 3331 2026 κατοικία
3354 1983 3492 2035 σου,
3523 1967 3622 2022 καί
3652 1967 3794 2037 χόρ-

2207 2103 2316 2140 τον
2340 2085 2421 2151 ὠς
2437 2083 2598 2149 βοῦν
2623 2081 2926 2153 ψωμιοῦσί
2950 2097 3024 2136 σε
3040 2097 3054 2112 ο
3073 2078 3174 2135 καί
3199 2078 3348 2133 ἑπτὰ
3381 2077 3572 2148 καιροὶ
3601 2076 3789 2130 ἀλλα-

2210 2195 2501 2265 γήσονται
2550 2193 2650 2246 ἐπὶ
2699 2193 2820 2256 σοί,
2877 2191 2988 2257 ἓως
3035 2185 3107 2245 οὗ
3132 2187 3289 2258 γνῷς
3347 2187 3435 2241 ὅτι
3472 2183 3726 2253 κυριεύει
3757 2183 3794 2234 ό

2214 2305 2236 2322 '
2251 2306 2510 2372 Υψιστος
2529 2301 2640 2368 τῆς
2665 2299 2991 2365 βασιλείας
3016 2296 3133 2351 τῶν
3155 2294 3500 2364 ἀνθρώπων,
3524 2293 3617 2347 καὶ
3641 2284 3689 2359 ᾧ
3719 2291 3797 2345 ἄν

2212 2412 2360 2480 δόξῃ
2386 2411 2563 2465 δώσει
2587 2411 2798 2479 αὑτήν.
2843 2406 3008 2477 Αὐτῇ
3040 2405 3116 2475 τῇ
3157 2404 3280 2475 ὥρᾳ
3316 2401 3726 2466 συνετελέσθη
3761 2403 3798 2454 ό

2212 2522 2388 2592 λόγος
2423 2521 2521 2575 ἐπί
2554 2517 3108 2589 Ναϐουχοδονόσορ,
3131 2515 3229 2570 καί
3257 2513 3376 2569 ἀπὸ
3429 2513 3547 2566 τῶν
3577 2510 3801 2578 ἀνθρώ-

2217 2651 2347 2687 πων
2383 2631 2725 2702 ἐξεδιώχθη,
2773 2631 2870 2685 καί
2900 2631 3118 2701 χόρτον
3139 2629 3221 2695 ὠς
3248 2627 3405 2693 βοῦς
3435 2625 3666 2694 ἢσθιεν,
3698 2623 3801 2676 και

2217 2741 2336 2797 ἀπὸ
2366 2741 2478 2810 τῆς
2533 2741 2758 2810 δρόσου
2805 2737 2912 2793 τοῦ
2960 2736 3222 2807 οὐρανοῦ
3272 2735 3340 2790 τὸ
3391 2731 3562 2804 σῶμα
3611 2731 3802 2787 αὑτοῦ

2219 2849 2430 2919 ἑϐάφη,
2460 2849 2573 2915 ἕως
2623 2843 2696 2904 οὗ
2725 2849 2785 2902 al
2831 2847 3030 2916 τρίχες
3060 2843 3247 2900 αὐτοῦ
3272 2843 3352 2910 ὡς
3381 2843 3643 2896 λεόντων
3665 2839 3804 2908 ἐμε-

2222 2957 2637 3025 γαλύνθησαν,
2675 2954 2774 3008 καὶ
2830 2956 2885 3009 οί
2949 2953 3168 3021 ὄνυχες
3219 2949 3406 3005 αὑτοῦ
3465 2947 3804 3016 ὠςόρνέου.

2225 3067 2368 3137 Ὅρα
2395 3063 2491 3137 τὴν
2545 3065 2815 3134 ἀπόφασιν
2861 3061 3067 3118 ἄνωθεν
3100 3060 3407 3133 φερομένην
3451 3058 3586 3131 πρὸς
3643 3056 3811 3112 αὐτὸν

2224 3174 2316 3232 τὸν
2347 3173 2834 3243 Ναϐουχοδονόσορ.
2858 3173 2967 3225 Καὶ
2986 3173 3064 3236 είς
3092 3170 3244 3235 τέλος
3269 3169 3430 3241 ἐξέϐη
3450 3168 3522 3223 τὰ
3542 3168 3808 3240 πράγμα-

2226 3305 2314 3342 τα.
2381 3286 2701 3358 Ἠγνὸησας,
2749 3285 2903 3356 φησὶ,
2963 3284 3061 3354 τὴν
3120 3281 3467 3354 ἀνθρωπίνην
3509 3280 3809 3350 εὐγένειαν,

2229 3397 2536 3460 κατέπεσας
2567 3395 2702 3468 πρὸς
2757 3394 2960 3466 Θηρίων
2998 3393 3237 3464 ἀτιμίαν.
3275 3392 3439 3446 Οὐδὲν
3487 3390 3812 3462 ἀτιμότερον

2229 3507 2425 3576 γένοιτ’
2458 3505 2523 3559 ἂν
2547 3504 2764 3567 τούτου,
2782 3501 2905 3558 οὗτε
2933 3503 2982 3555 εί
3017 3501 3242 3571 πένητα,
3261 3498 3384 3554 οὔτε
3414 3500 3462 3553 εί
3490 3498 3814 3568 δεσπότην⁸,

2231 3617 2356 3672 οὔτε
2389 3618 2439 3670 εί
2487 3616 2616 3670 ἄλλο
2671 3633 2722 3668 τι
2759 3613 2997 3668 τοιοῦτον
3021 3612 3311 3685 εἰργάσατο
3345 3610 3526 3664 αὐτόν.
3551 3607 3814 3680 Οὐδαμῶς

2233 3725 2300 3779 ἂν
2323 3723 2486 3778 αὑτὸν
2518 3721 2618 3792 τῆς
2645 3720 2788 3774 κατὰ
2811 3719 2910 3790 τὴν
2946 3717 3106 3788 φύσιν
3139 3715 3418 3785 εὐγενείας
3447 3711 3718 3778 ἐξέϐαλεν,
3749 3711 3813 3763 οὐ

2232 3834 2294 3887 τὸ
2319 3832 2480 3904 σῶμα
2500 3830 2636 3902 πρὸς
2675 3827 2864 3900 θηρίου
2907 3825 3070 3897 φύσιν
3099 3823 3443 3896 μεταϐαλὼν,
3488 3821 3602 3877 ἀλλ’
3635 3821 3664 3874 δ
3703 3819 3817 3876 τῶν

2235 3943 2443 4010 ἀλόγων
2466 3941 2738 4011 διέστηκε,
2773 3937 2930 3991 τοῦτο
2954 3936 3090 4007 πρὸς
3118 3933 3414 4008 θηριωδίαν
3449 3931 3817 4002 μεταστήσας.

2236 4051 2360 4116 Πῶς
2381 4046 2504 4117 οὗνς
2541 4050 2658 4105 Ἵνα
2690 4048 2784 4102 καὶ
2811 4048 2860 4100 ot
2901 4044 3077 4099 λοιποὶ
3108 4042 3355 4114 μάθωσιν
3385 4039 3495 4095 ἀπὺ
3544 4039 3645 4109 τῆς
3689 4055 3835 4109 τρο--

2238 4165 2365 4234 φῆς,
2395 4160 2504 4217 ἀπὸ
2529 4159 2629 4229 τῆς
2670 4156 2865 4228 ὂψεως.
2897 4154 2963 4208 Τί
3007 4153 3062 4207 δὲ
3097 4150 3465 4223 παιδευόμεθα
3490 4150 3555 4204 ἐκ
3575 4147 3819 4213 τούτων;

2240 4275 2362 4328 ’Ότι
2424 4271 2628 4326 τούτων
2660 4268 2811 4322 οὐδὲν
2859 4265 3078 4337 ἄμεινον
3121 4260 3466 4332 διακείμεθα,
3491 4258 3595 4313 κᾶν
3631 4257 3706 4328 μὴ
3755 4256 3821 4310 τὲ

2238 4380 2376 4436 αὐτά
2405 4379 2631 4450 γένηται
2671 4376 2755 4445 ἐφ’
2784 4374 2962 4446 ἡμῶν,
2993 4375 3120 4428 ὅταν
3149 4371 3231 4434 είς
3273 4365 3651 4441 ὑπερηφανίαν
3687 4365 3721 4435 ἢ
3759 4364 3823 4418 τὸ

2241 4486 2501 4560 θηριῶδες
2530 4483 2966 4554 ὲξολισθήσωμεν
2997 4477 3190 4543 πάθος.
3231 4476 3396 4532 Πόσοι
3421 4475 3518 4531 νῦν
3542 4473 3685 4529 κατὰ
3729 4472 3824 4527 τὸν

2242 4592 2710 4666 Ναϐουχοδονόσορ
2771 4592 2980 4644 ἐκεῖνον
3041 4588 3232 4660 θηρίου
3287 4586 3526 4641 διάνοιαν
3596 4583 3824 4654 ἕχουσι;

2246 4713 2509 4764 ’Ἄκουσον
2528 4706 2657 4776 γοῦν
2671 4703 2767 4759 τοῦ
2793 4703 3039 4758 Ἰωάννου
3061 4700 3330 4770 λέγοντος·
3359 4699 3585 4768 Ὀφεις,
3610 4693 3827 4766 γεννή-

2237 4833 2395 4886 ματα
2419 4811 2694 4885 ἐχιδνῶν⁶
2723 4813 2815 4866 καὶ
2842 4809 3001 4866 πάλιν
3018 4807 3204 4880 ἐτέρου
3237 4803 3517 4877 προφήτου
3541 4800 3790 4869 λέγοντος
3808 4812 3826 4828 θ

2245 4923 2440 4977 Ἵπποι
2491 4917 2858 4990 θηλυμανεῒς
2904 4916 3183 4986 ἐγένοντο
3204 4931 3218 4946 ⁸
3275 4913 3534 4978 ἕκαστος
3567 4907 3665 4962 ἐπὶ
3712 4905 3831 4975 τὴν

2245 5033 2498 5105 γυναῖκα
2539 5029 2646 5085 τοῦ
2708 5027 2977 5096 πλησίον
3028 5017 3431 5094 ἐχρεμέτιζονο
3495 5018 3592 5072 καὶ⁵
3638 5015 3832 5086 ἐτέρου

2245 5143 2408 5197 πάλιν
2430 5159 2444 5173 ο
2479 5140 2672 5206 Κύνες
2700 5136 2856 5190 ἐνεοί
2890 5136 2962 5190 οὐ
3015 5131 3336 5201 δυνάμενοι
3369 5124 3682 5185 ὑλακτεῖνο
3734 5123 3830 5196 καὶ

2245 5251 2480 5324 ἀλλαχοῦ
2504 5251 2532 5291 δ
2579 5249 2741 5304 πάλιν
2800 5245 3090 5308 ἀλώπεκας
3146 5241 3444 5303 καλοῦντος
3468 5281 3484 5305 ,
3527 5237 3623 5292 καὶ
3669 5233 3833 5289 ἄλλου

2246 5362 2542 5434 δράκοντας
2574 5359 2668 5413 καὶ
2696 5350 3264 5428 βασιλίσκους.ῐῐολλῷ
3291 5350 3349 5404 δέ
3373 5349 3552 5421 χεῖρον
3579 5346 3638 5398 ἐν
3659 5343 3839 5416 ταύτῃ

2245 5473 2404 5536 ὄντας
2431 5472 2497 5542 τῇ
2530 5470 2642 5541 ζωῇ
2671 5463 3075 5536 ἐκθηριοῦσθαι,
3107 5463 3142 5534 ἢ
3192 5461 3260 5515 τὰ
3291 5459 3389 5515 τοῦ
3434 5452 3828 5527 Ναϐουχοδονόο

2311 5707 2336 5734 ⁸
2361 5699 2679 5752 Scribendnm
2700 5693 2913 5744 fortassis
2931 5694 3195 5754 δεσμώτην.

2315 5767 2340 5805 b
2366 5765 2572 5816 Videtur
2603 5758 2869 5822 legendum
2896 5756 3058 5804 ἄλλον.
