4038 6204
178 250 280 308 217

181 359 701 424 Nabuchodonosor;
724 365 777 409 et
794 363 848 408 tu
867 351 1124 415 Baltasar,
1147 344 1506 417 conjecturam
1523 340 1628 402 die,
1645 338 1768 409 quia

179 471 371 513 omnes
395 453 666 523 sapientes
688 447 837 516 regni
876 443 977 499 mei
1005 457 1110 497 non
1151 446 1376 512 possunt
1410 433 1770 504 conjecturam

173 547 586 621 ejusdeelarare
611 539 848 595 mihi.Tu
869 544 1043 590 autem
1067 543 1240 604 potes,
1268 529 1391 601 quia
1417 527 1644 598 Spiritus
1674 523 1766 577 Dei

178 614 402 698 sanctus
423 640 477 692 in
504 645 557 691 te
585 634 808 689 habitat.
837 630 969 698 Quia
989 640 1178 682 omnes
1205 623 1474 694 sapientes
1498 617 1648 688 regni
1669 614 1774 670 mei

184 748 292 788 non
327 737 576 801 possunt.
618 743 638 776 s
683 722 914 778 Noverat
939 718 991 773 id
1021 719 1210 772 iterum
1252 713 1434 768 laetitia
1464 709 1774 765 aﬂecturum

187 799 508 884 Dauielem;
542 829 728 872 omnes
754 812 960 868 scilicet
1002 807 1248 864 conliteri
1293 819 1354 860 se
1381 804 1549 856 victos
1593 799 1774 860 fuisse,

185 930 296 970 non
331 921 553 982 propter
575 906 796 978 gloriam
824 916 995 964 suam,
1014 897 1108 953 sed
1138 906 1196 951 ut
1212 895 1306 951 Dei
1330 899 1568 965 potestas
1595 903 1780 945 rursus

187 979 598 1076 pmdicaretur.
644 995 727 1051 Tu
769 1002 953 1056 autem,
1002 988 1193 1059 inquit,
1227 995 1387 1056 potes,
1415 983 1514 1037 dic.
1557 981 1670 1047 Qua
1712 979 1781 1034 de

187 1075 395 1154 eausa?
427 1093 564 1162 Quia
606 1089 834 1159 Spiritus
878 1084 973 1138 Dei
1013 1084 1066 1136 in
1093 1090 1140 1136 te
1165 1090 1256 1135 est.
1283 1079 1416 1134 Vide
1467 1077 1590 1131 hinc
1631 1075 1779 1128 illum

189 1189 459 1258 incipere,
485 1192 541 1240 et
568 1181 639 1237 ibi
668 1178 935 1234 desinere.
980 1175 1067 1230 i7.
1103 1190 1121 1224 ε
1157 1171 1350 1236 Arbor,
1377 1183 1536 1238 quam
1564 1164 1777 1258 vidisti,

190 1281 285 1336 illa
309 1256 668 1347 imagnilicata
713 1278 770 1326 et
802 1265 1166 1329 corroborata,
1197 1260 1350 1330 cujus
1390 1256 1613 1312 altitudo
1657 1269 1773 1324 per.

191 1371 351 1428 venit
385 1370 439 1423 in
474 1365 684 1429 escium,
714 1371 770 1418 et
800 1358 968 1415 moles
997 1357 1112 1427 ejus
1138 1355 1190 1408 in
1220 1353 1520 1407 universam
1551 1358 1779 1404 terram:

193 1465 288 1520 l8.
318 1471 377 1517 et
415 1458 543 1514 folia
582 1455 698 1526 ejus
738 1449 1015 1516 ﬂorentia,
1058 1454 1114 1502 et
1158 1446 1359 1500 fructus
1399 1442 1515 1512 ejus
1559 1439 1780 1502 multus,

194 1564 253 1610 et
273 1566 400 1609 esca
423 1547 673 1606 omnibus
697 1545 751 1600 in
772 1558 834 1600 ea
862 1559 876 1597 :
907 1540 1092 1596 subter
1121 1553 1236 1591 eam
1268 1535 1578 1591 habitabant
1600 1531 1784 1586 bestia:

195 1652 464 1717 agrestes,
486 1650 543 1695 et
570 1639 622 1693 in
646 1635 811 1693 ramis
839 1634 954 1702 ejus
981 1629 1245 1700 degebant
1263 1627 1505 1680 volucres
1528 1622 1664 1688 caeli,
1695 1622 1781 1676 i9.

197 1713 256 1790 tu
301 1749 384 1800 es,
414 1743 604 1793 orex;
646 1726 769 1797 quia
811 1720 1176 1792 magniﬁcatus
1216 1734 1275 1772 es
1313 1727 1367 1772 et
1417 1713 1704 1777 iuvaluisti,
1733 1720 1787 1766 et

198 1821 515 1896 magnitudo
544 1829 632 1876 tua
671 1815 1006 1886 magniﬁcam
1034 1819 1139 1875 est,
1175 1819 1230 1866 et
1255 1807 1501 1879 pervenit
1524 1819 1690 1874 usque
1733 1803 1784 1856 in

198 1893 418 1980 celum,
443 1922 508 1968 et
529 1907 823 1966 dominatio
867 1914 955 1958 tua
1000 1903 1050 1957 in
1089 1900 1347 1957 terminos
1389 1907 1565 1953 terrm.
1594 1894 1684 1949 20.
1717 1893 1788 1946 Et

201 2008 349 2081 quod
377 2006 509 2060 vidit
535 2019 628 2059 rex
670 2001 741 2089 lr,
768 2009 824 2056 et
849 2009 1091 2052 sanctum
1118 1993 1528 2052 descendentem
1558 2005 1589 2046 e
1616 1989 1783 2052 cmlo;

199 2109 260 2158 et
287 2098 461 2152 dixit:
487 2085 714 2150 Evellite
737 2091 1008 2152 arborem,
1036 2094 1091 2142 et
1117 2085 1339 2142 evertite
1364 2085 1507 2139 illam
1534 2097 1550 2138 :
1575 2095 1788 2136 verum-

207 2199 386 2243 tamen
431 2199 648 2257 germen
697 2181 936 2236 radicum
976 2177 1093 2247 ejus
1136 2176 1188 2230 in
1233 2184 1376 2231 terra
1419 2173 1596 2237 sinite,
1640 2181 1696 2226 et
1735 2171 1786 2224 iu

205 2279 426 2334 vinculo
455 2278 628 2332 ferreo
653 2284 710 2330 et
733 2287 893 2336 (creo,
921 2280 979 2327 et
1016 2271 1068 2325 in
1102 2268 1266 2324 herba
1293 2281 1410 2336 qua:
1453 2264 1582 2319 loris
1609 2272 1712 2326 est,
1738 2269 1792 2316 et

207 2373 260 2426 in
309 2383 434 2424 rore
463 2366 578 2422 caeli
619 2364 990 2427 stabulabitur,
1015 2371 1070 2416 et
1107 2375 1229 2436 cum
1274 2359 1456 2414 bestiis
1495 2355 1791 2428 agrestibus

210 2478 334 2532 pars
379 2460 519 2530 ejus,
566 2459 738 2513 donec
786 2466 990 2525 septem
1037 2464 1275 2522 tempora
1312 2459 1583 2506 mutentur
1633 2463 1793 2517 super

207 2569 362 2609 eum:
384 2550 478 2604 21.
508 2549 610 2603 hoc
634 2557 717 2604 est
744 2546 1048 2616 conjectura
1077 2544 1212 2613 ejus,
1242 2557 1276 2596 o
1305 2556 1422 2605 rex,
1451 2547 1504 2594 et
1529 2539 1790 2594 sententia

210 2641 472 2698 Altissimi
513 2647 618 2703 est,
656 2653 775 2708 qua:
823 2636 1066 2706 pervenit
1109 2647 1270 2702 super
1297 2630 1570 2708 dominum
1616 2643 1794 2682 meum

213 2747 395 2803 regem
430 2747 445 2784 :
474 2729 566 2784 22.
612 2704 757 2784 ιιι-ιθ
792 2704 1061 2797 expellent
1099 2725 1168 2778 ab
1215 2704 1551 2787 hominibus,
1580 2729 1633 2774 et
1673 2735 1794 2773 eum

215 2825 404 2881 bestiis
429 2825 532 2878 erit
559 2821 817 2876 habitatio
847 2828 971 2884 tua;
1018 2829 1072 2874 et
1098 2817 1245 2873 faeno
1270 2824 1331 2872 ut
1353 2815 1542 2870 bovem
1581 2816 1799 2881 pascent

215 2927 292 2980 te,
328 2926 386 2971 et
422 2931 454 2969 a
496 2929 618 2970 rore
643 2913 760 2968 caeli
787 2912 1019 2982 tingetur
1054 2923 1250 2978 corpus
1298 2916 1466 2968 tuum,
1497 2913 1551 2960 et
1592 2913 1796 2973 septem

220 3021 464 3078 tempora
499 3007 846 3061 mutabuntur
869 3019 1028 3074 super
1051 3013 1122 3068 te,
1151 3001 1324 3058 donec
1351 3001 1488 3056 scias
1511 2997 1653 3069 quod
1698 2995 1797 3049 do-

221 3101 458 3154 minatur
477 3097 778 3151 Altissimus
809 3094 863 3149 in
889 3109 1108 3163 regnum
1132 3093 1427 3153 hominum,
1451 3099 1504 3145 et
1523 3089 1607 3144 cui
1629 3089 1800 3141 visum

223 3189 384 3245 fuerit
410 3187 558 3241 dabit
589 3186 739 3240 illud.
781 3185 872 3241 25.
917 3185 985 3239 Et
1021 3185 1145 3254 quia
1181 3183 1355 3238 dixit:
1387 3181 1555 3238 Sinite
1583 3195 1800 3251 germen

224 3281 463 3336 radicum
485 3278 694 3334 arboris
724 3295 738 3330 :
771 3293 990 3348 regnum
1020 3287 1166 3331 tuum
1198 3276 1292 3330 tibi
1323 3275 1576 3339 manebit,
1608 3289 1674 3328 ex
1699 3288 1803 3341 quo

223 3371 545 3440 cognoveris
590 3377 908 3439 potestatem
937 3367 1224 3423 caelestem.
1261 3385 1281 3419 ι
1312 3367 1449 3433 Quid
1493 3366 1650 3435 igitur
1695 3364 1804 3418 ait?

224 3478 334 3532 quo
365 3471 517 3531 pacto
536 3461 850 3516 mlamitatis
873 3461 1067 3515 solutio
1089 3459 1395 3528 continget?
1417 3458 1506 3515 24.
1534 3476 1554 3509 ι
1585 3457 1807 3526 PrOpter

228 3552 354 3614 hoc.
385 3567 497 3614 rex,
529 3551 809 3607 consilium
837 3566 1015 3606 meum
1058 3551 1266 3622 placeat
1315 3549 1443 3614 tibi;
1491 3558 1545 3604 et
1590 3556 1806 3618 peccata

225 3654 320 3697 tua
358 3645 411 3698 in
440 3644 793 3714 cleemosynis
822 3643 1044 3707 redime,
1071 3652 1124 3696 et
1149 3641 1451 3710 iniquitates
1478 3649 1594 3695 tuas
1622 3641 1673 3694 in
1703 3637 1806 3692 mi-

226 3732 587 3789 serationibus
615 3747 902 3802 pauperum
921 3730 1018 3804 (a).
1038 3731 1281 3786 Forsitan
1310 3732 1412 3786 erit
1437 3730 1809 3802 longanimitas

228 3823 446 3879 delictis
474 3823 598 3878 tuis.
639 3841 658 3874 ι
685 3822 822 3890 Quid
860 3823 962 3888 ais,
990 3819 1233 3876 Forsitan
1267 3821 1405 3876 erit?
1449 3831 1504 3876 et
1532 3820 1810 3876 medicinae

234 3917 340 3969 vim
375 3915 475 3970 sub
497 3914 715 3970 dubium
747 3913 1013 3985 quoddam
1043 3913 1359 3969 constituis?
1386 3913 1811 3984 Non~propterea

227 4008 366 4074 dixi,
396 4005 655 4067 Forsitan.
689 4021 863 4075 neque
888 4005 1158 4071 dubitans,
1186 4006 1345 4072 absit,
1376 4003 1470 4059 sed
1496 4004 1571 4058 illi
1614 4015 1811 4059 metum

227 4107 476 4153 incutere
505 4098 708 4162 volens,
740 4112 804 4152 ac
832 4097 876 4151 si
903 4111 1060 4166 supra
1082 4111 1294 4151 omnem
1325 4096 1585 4151 medelam
1611 4107 1666 4151 et
1694 4111 1812 4151 om-

228 4206 356 4246 nem
397 4189 607 4245 veniam
647 4198 940 4258 peccasset.
967 4187 1098 4243 Nam
1133 4188 1180 4242 si
1208 4188 1368 4243 etiam
1405 4198 1683 4257 postquam
1715 4189 1815 4243 hoc

234 4281 312 4334 illi
337 4279 542 4334 dictum
573 4278 692 4346 fuit,
719 4279 771 4333 in
801 4278 1005 4333 insania
1049 4287 1225 4332 tamen
1271 4278 1561 4348 permansit
1591 4294 1605 4332 :
1648 4278 1816 4332 multo

231 4369 404 4440 magis
440 4369 484 4424 si
516 4368 717 4438 absque
743 4368 1085 4438 ambiguitate
1132 4382 1311 4422 sermo
1360 4367 1562 4422 luisset.
1604 4366 1814 4422 Etenim

233 4458 288 4512 id
313 4472 529 4529 quoque
560 4457 684 4512 alibi
707 4456 821 4512 vult
853 4457 1020 4522 Deus,
1039 4471 1160 4511 cum
1187 4471 1284 4526 per
1311 4455 1619 4526 praphetam
1647 4456 1776 4511 dicit
1799 4472 1814 4511 :

234 4550 297 4606 Si
315 4549 504 4605 lat-eris
530 4548 584 4602 in
614 4549 766 4616 nitro,
785 4548 1038 4602 maculata
1057 4565 1108 4602 es
1124 4563 1294 4602 coram
1316 4563 1413 4615 me,
1432 4547 1553 4601 dicit
1571 4546 1818 4602 Dominus

232 4642 370 4711 (In.
402 4641 458 4695 2.
489 4641 605 4712 22).
639 4641 706 4695 Et
731 4641 920 4696 iterum
949 4657 963 4693 :
997 4640 1060 4694 Si
1096 4639 1307 4693 mutabit
1334 4638 1578 4710 Ethiops
1616 4640 1816 4708 pellem,

234 4746 280 4786 et
299 4732 498 4803 pardus
529 4732 790 4786 varietates
814 4747 935 4798 suas
973 4729 1108 4799 (Jer.
1139 4731 1224 4785 l3.
1250 4729 1367 4797 25).
1391 4729 1541 4784 Sicut
1571 4730 1728 4799 igitur
1750 4729 1818 4784 ibi

234 4823 472 4879 excludit
500 4822 886 4892 penitentiam,
917 4837 1024 4877 non
1071 4829 1130 4876 ut
1155 4820 1420 4886 excludat,
1442 4819 1535 4874 sed
1566 4830 1622 4874 ut
1652 4819 1820 4889 magis

238 4915 482 4970 homines
511 4922 706 4968 terreat
731 4931 745 4968 :
778 4913 848 4968 ita
876 4922 931 4968 et
974 4912 1061 4968 hic
1087 4913 1272 4967 volens
1297 4910 1580 4966 ostendere
1611 4910 1818 4980 magni-

237 5007 479 5061 tudinem
525 5021 710 5059 eorum
739 5019 859 5076 qua:
891 5011 1224 5074 peccaverat,
1267 5002 1428 5069 dixit,
1460 5000 1698 5062 Forsitan
1721 5000 1820 5074 (ὁ).

296 5157 374 5217 (α)
412 5156 636 5204 memoria
673 5153 853 5204 labitur
875 5153 1266 5226 Nosterttomilia
1289 5155 1337 5202 in
1362 5151 1596 5202 Psalmum
1616 5152 1679 5202 95
1696 5190 1710 5211 ,
1735 5152 1820 5201 ubi

238 5213 342 5278 hac
360 5227 606 5278 tanquam
626 5216 686 5264 ad
710 5215 995 5265 Baltasarcm
1017 5215 1144 5264 dicta
1169 5215 1367 5277 profert.
1389 5221 1608 5263 Errorem
1631 5217 1820 5278 Joannis

299 5232 342 5262 PC
360 5227 606 5262 Iamnam
626 5227 686 5262 an
710 5227 995 5262 Baltasarcm
1017 5227 1144 5262 meta
1169 5227 1367 5262 DI‘OICI‘L
1389 5227 1608 5262 terrorem
1631 5227 1822 5262 10311018

239 5229 342 5265 uc
360 5229 606 5278 amttam
626 5229 686 5264 δα
710 5229 995 5265 Baltasarcm
1017 5229 1144 5264 (ιιοιει
1169 5229 1367 5277 ρι-οιυη.
1389 5229 1608 5263 errorem
1631 5229 1825 5263 Joannis

229 5272 566 5348 ριηξοειριιιί
599 5283 955 5348 aequatus“
978 5284 1210 5348 Aeetius-"2-
1236 5278 1479 5348 ieiunam
1519 5275 1714 5348 "anili!
1758 5275 1824 5348 ςίεξ

233 5333 562 5401 Elephantia,
601 5333 903 5401 Continentia
937 5343 996 5401 _et
1018 5333 1336 5401 virginitate,
1375 5350 1470 5401 nec
1507 5349 1602 5401 non
1635 5335 1824 5385 Gabriel

235 5395 914 5470 Philadelphieﬂmetropolita
937 5397 1022 5448 lib.
1047 5399 1078 5470 β
1098 5395 1163 5470 de
1186 5400 1536 5470 sacramentis._
1554 5398 1700 5470 Ante
1719 5410 1824 5467 oni-

237 5471 325 5530 aes
511 5457 1029 5530 scripserat'txigenes
1046 5461 1096 5508 in
1118 5461 1278 5530 Matth.
1303 5460 1363 5509 28
1379 5499 1392 5518 ,
1412 5463 1466 5530 r6,
1492 5468 1591 5530 etc.
1615 5457 1824 5529 (.Homi-

242 5520 371 5590 tinnit
379 5521 521 5590 illam
542 5522 594 5570 in
609 5520 859 5590 ‘i'satnsum
879 5520 945 5572 95
966 5534 1058 5570 non
1073 5534 1176 5572 esse
1197 5520 1516 5587 Chrysostomi
1539 5520 1752 5572 diximus
1774 5521 1825 5570 in

245 5582 418 5644 larisa
434 5582 506 5631 ad
523 5583 786 5644 uiridem.)

304 5643 380 5705 (ι)
413 5649 579 5708 longe
614 5641 858 5694 aliter'de
894 5643 1099 5694 Danielis
1124 5643 1286 5697 verbis
1318 5649 1472 5698 sensit
1501 5653 1547 5696 s.
1584 5643 1826 5696 Salvianus

1607 222 1670 277 IN
1713 216 2079 276 DANIEIEM.

3355 204 3463 260 218

1882 333 2050 400 Quam
2080 338 2256 384 autem
2296 326 2366 380 ob
2396 340 2606 380 causam
2650 338 2754 377 non
2782 322 2915 377 dixit
2947 340 2959 373 :
2991 319 3269 379 llumililet
3302 319 3370 376 de
3413 329 3467 376 te

1877 423 2052 486 scuti;
2087 421 2250 474 Deum
2289 417 2554 489 agnosce?
2581 416 2712 470 Nam
2743 416 2786 469 si
2836 422 3050 484 propter
3077 412 3179 468 hoc
3223 414 3321 467 ista
3369 428 3463 482 pa-

1880 516 2026 577 titur,
2052 522 2185 567 utet
2214 511 2327 582 ipse
2358 511 2452 575 ait,
2495 523 2658 578 quare
2687 507 2786 560 alia
2816 503 3156 559 adhortaris?
3205 505 3364 568 Dixit,
3399 504 3467 559 Ut

1878 612 2182 676 cognoscant
2202 603 2335 674 quod
2365 601 2655 654 dominatur
2675 598 2960 651 Altissimus
2989 597 3040 650 in
3068 612 3277 666 regnum
3304 595 3471 649 homi-

1879 711 2022 749 num.
2051 694 2186 761 Quid
2231 694 2398 762 ergo?
2442 701 2502 744 ut
2545 691 2631 744 alii
2674 689 3045 753 emendentur,
3093 702 3193 757 ego
3239 685 3468 757 punior?

1883 786 2040 841 Nullo
2070 784 2228 840 modo
2263 803 2276 838 :
2306 783 2398 839 sed
2431 783 2482 836 in
2529 785 2738 835 somnio
2762 779 2996 850 quidem,
3027 796 3148 834 cum
3178 795 3282 833 non
3310 780 3470 836 vellet

1882 887 2068 948 aperte
2097 893 2207 932 rem
2239 876 2544 940 ostendere,
2576 875 2746 928 dixit:
2783 871 2849 927 Ut
2876 882 3179 943 cognoscant
3218 874 3472 929 viventes:

1886 969 2068 1024 Daniel
2099 975 2274 1021 autem
2299 967 2411 1021 ait:
2448 965 2616 1019 Donec
2657 976 2707 1017 tu
2743 980 3038 1034 cognoscas,
3070 964 3204 1033 quod
3233 964 3472 1019 domina-

1885 1073 1968 1118 tur
2000 1061 2286 1116 Altissimus
2313 1062 2365 1114 in
2389 1076 2599 1130 regnum
2625 1058 2906 1120 hominum,
2936 1067 2984 1110 et
3013 1058 3098 1110 cui
3130 1059 3288 1111 visum
3320 1057 3471 1128 fuerit

1885 1153 2023 1207 dabit
2064 1152 2214 1207 illud.
2240 1150 2399 1205 Vides
2433 1148 2701 1218 quomodo
2731 1147 2815 1202 hic
2851 1147 2919 1202 de
2958 1147 3261 1201 humilitate
3287 1147 3466 1201 disse-

1885 1243 2094 1299 ruerit?
2142 1244 2211 1297 At
2240 1243 2292 1296 in
2330 1240 2536 1294 somnio
2561 1238 2796 1308 quidem,
2829 1237 3017 1307 inquit,
3048 1239 3148 1292 hoc
3175 1238 3466 1292 remedium

1886 1337 2083 1397 dicmm
2115 1345 2196 1390 est
2229 1352 2242 1389 :
2284 1348 2382 1402 ego
2423 1343 2599 1385 autem
2647 1340 2700 1385 et
2728 1329 2868 1384 aliud
2895 1328 3076 1384 affero.
3105 1328 3467 1395 Quemadmo-

1887 1427 2011 1482 dum
2039 1425 2252 1496 quando
2281 1425 2444 1478 iratus
2469 1433 2549 1477 est
2581 1423 2939 1492 magistratus,
2960 1420 3073 1490 ipse
3101 1420 3313 1490 quidem
3345 1419 3473 1474 nihil

1887 1518 2110 1583 dixerit,
2143 1515 2479 1570 fatniliarium
2523 1521 2700 1567 autem
2760 1512 2901 1567 illius
2951 1511 3166 1580 quidam
3216 1510 3476 1565 accedens

1888 1609 1952 1663 ad
1980 1623 2130 1663 reum
2176 1606 2362 1661 dicet:
2410 1605 2522 1659 lloc
2572 1604 2670 1666 lae,
2702 1614 2754 1656 et
2801 1601 2934 1664 hoc;
2986 1600 3051 1655 da
3103 1601 3377 1670 pecunias,
3422 1609 3478 1655 et

1888 1715 2053 1771 saepe,
2086 1706 2146 1754 ut
2173 1698 2439 1769 possimus
2467 1697 2673 1764 eripere
2706 1702 2756 1748 te
2783 1693 2851 1746 ab
2890 1691 3321 1762 impendentibus
3362 1707 3476 1745 ma-

1889 1793 1972 1848 lis.
2002 1793 2094 1848 28.
2132 1810 2151 1843 ι
2197 1789 2331 1845 Cum
2363 1787 2535 1843 adhuc
2584 1800 2761 1841 sermo
2802 1793 2944 1839 esset
2973 1785 3025 1838 in
3057 1799 3151 1838 ore
3179 1783 3340 1852 regis,
3373 1797 3475 1836 vox

1889 1885 1958 1940 de
1982 1884 2116 1938 caelo
2143 1881 2280 1936 facta
2303 1890 2416 1935 est:
2448 1879 2564 1933 Tibi
2592 1877 2806 1941 dicitur,
2830 1875 3323 1935 Nabuchodonosor
3346 1889 3474 1930 rex:

1890 1988 2114 2045 regnum
2153 1981 2301 2027 tuum
2346 1969 2555 2025 transiit
2580 1983 2609 2020 a
2638 1977 2712 2034 te,
2749 1967 2839 2021 29.
2873 1975 2922 2020 et
2955 1965 3023 2020 ab
3054 1964 3359 2019 hominibus
3383 1979 3478 2018 ex-

1895 2067 2091 2138 pellent
2128 2073 2200 2130 te,
2229 2073 2282 2119 et
2311 2077 2430 2118 cum
2456 2047 2640 2116 bestiis
2682 2060 2782 2115 erit
2809 2058 3065 2113 habitatio
3097 2065 3205 2122 tua,
3237 2065 3292 2112 et
3330 2055 3477 2110 fmno

1895 2169 1954 2214 ut
1981 2159 2173 2214 bovem
2198 2155 2448 2213 cibabunt
2479 2162 2530 2208 te
2561 2170 2575 2207 :
2605 2160 2659 2206 et
2682 2161 2886 2220 septem
2919 2159 3159 2219 tempora
3193 2147 3478 2203 mutabun-

1895 2259 1981 2304 tur
2005 2263 2167 2319 super
2196 2255 2268 2315 te,
2300 2245 2472 2300 donec
2497 2255 2788 2313 cognoscas
2821 2239 2944 2310 quia
2988 2238 3293 2294 dominatur
3319 2237 3480 2291 Altis-

1895 2343 2063 2397 simus
2087 2353 2252 2409 regno
2283 2337 2576 2400 hominum,
2594 2343 2650 2390 et
2676 2333 2762 2388 cui
2782 2333 2951 2386 visum
2979 2329 3140 2386 fuerit
3163 2329 3308 2384 dabit
3330 2329 3477 2382 illud.

1898 2519 1982 2569 lib.
2006 2521 2160 2580 primo
2181 2516 2240 2565 ad
2263 2513 2519 2580 Pedesiam
2541 2508 2832 2580 Catholicam
2858 2505 3168 2580 :Hoc'ipsum
3191 2503 3320 2580 quod
3343 2503 3481 2575 dicit,

1898 2566 2124 2637 insilia,
2141 2566 2282 2638 spem
2303 2574 2620 2638 indicat,_nqn
2651 2571 2883 2638 ﬁducimn
2906 2566 3174 2638 pollicetur.
3297 2581 3388 2630 quo
3412 2566 3483 2638 in-

1901 2628 2054 2707 ὶέηῖρί
2071 2628 2238 2707 paea.
2260 2649 2406 2707 φιφιι
2436 2628 2752 2707 dii/ﬁdei“!
2768 2633 2819 2707 in
2840 2628 3482 2707 r'eraee.eeiti,-eéi€e¥e

1899 2690 2208 2764 regimina
2224 2690 2554 2764 muniﬁcenl'ia
2583 2690 2655 2764 ad
2672 2690 2933 2764 perfectam
2955 2690 3299 2764 indulgentiam
3319 2702 3485 2764 perre-

1899 2749 2005 2832 nire
2014 2749 2200 2832 possint
2217 2773 2232 2820 ;
2248 2749 2440 2832 quando
2457 2749 2686 2832 proplictd
2822 2754 2902 2815 qui
2919 2749 3486 2832 suadct'propitiationcirt

1901 2823 1994 2874 Dei
2011 2818 2669 2885 inquireridam,_prbnu’_ttere
2692 2823 2852 2885 tamen
2886 2827 2978 2864 non
3014 2827 3159 2885 uiuus
3179 2818 3266 2885 est
3299 2824 3487 2885 prome-

1900 2872 2123 2934 rendam.
2144 2890 2235 2932 Dat
2255 2872 2502 2930 consilium
2522 2880 2583 2929 de
2603 2885 2730 2934 actu,
2756 2885 2801 2927 et
2824 2883 2980 2926 tamen
3006 2875 3190 2926 dubitat
3209 2872 3270 2934 de
3293 2872 3488 2934 effectu:

1902 2933 2190 2997 liortatorem
2207 2957 2257 2994 se
2274 2941 2446 3004 agendi
2453 2953 2581 3004 ,Anon
2604 2933 2892 3001 impetrandi
2910 2945 3153 3004 auctorcm
3173 2933 3306 2998 ﬂicit.
3334 2933 3490 3004 quare

1901 2994 2010 3057 ita?
2033 2994 2151 3067 (mia
2178 2994 2340 3055 omnes
2376 2994 2557 3053 scilicet
2596 2994 2870 3067 peccatores
2908 2994 3206 3067 debentyr'o
3243 3008 3293 3045 se
3329 2994 3403 3043 vel
3439 2995 3488 3044 in

1903 3059 2140 3131 supremis
2163 3071 2334 3131 cuncta
2357 3070 2573 3131 tentare2
2593 3059 2683 3112 etsi
2705 3074 2802 3131 non
2834 3066 3028 3131 possunt
3052 3059 3152 3108 ulla
3174 3069 3488 3131 prtcsuniere.

1903 3117 2112 3180 Si'enim
2134 3127 2238 3190 regi
2258 3125 2492 3190 propheta
2506 3117 2598 3190 ille
2621 3135 2708 3190 per
2731 3117 2881 3172 soloin
2915 3117 3488 3190 bonorumpperuntlar-

1903 3177 2099 3255 gitatem
2136 3177 2400 3238 absolutam
2430 3177 2776 3248 indulgentiam
2790 3195 2916 3255 upon.
2943 3180 3173 3255 promittit
3185 3177 3206 3234 ,⁷
3225 3177 3492 3255 intelligere

1905 3247 2127 3316 peccator
2156 3263 2252 3316 non
2280 3255 2388 3299 acta
2421 3247 2642 3316 errorum
2673 3247 2947 3316 pauitantia
2981 3250 3154 3316 potest,
3179 3247 3425 3316 (IllIlnlll‘t’l
3443 3247 3492 3316 et

1906 3303 2049 3376 buunt
2073 3311 2212 3376 larga
2235 3309 2285 3376 in
2308 3307 2542 3372 supremis
2565 3303 2890 3376 munificentia
2922 3303 3040 3367 opus
3063 3311 3132 3353 est
3149 3338 3172 3376 ,_
3190 3303 3270 3366 qui
3295 3303 3388 3350 vult
3410 3303 3492 3376 ab:

1906 3366 2060 3426 t'inere
2081 3388 2113 3424 a
2140 3366 2338 3423 Domino
2365 3366 2461 3433 'per
2498 3381 2660 3433 seram
2695 3366 2984 3433 devotionem
3007 3404 3021 3425 ,
3045 3366 3186 3433 quod
3212 3377 3308 3433 non
3345 3371 3494 3426 potest

1908 3449 2148 3500 usurpare
2172 3446 2264 3500 p_er_
2282 3427 2452 3500 legent.
2481 3431 2544 3480 At
2567 3429 2932 3500 Chrysostomus
2954 3429 3002 3500 in
3026 3428 3216 3488 scriptis
3238 3427 3339 3500 suis
3360 3439 3494 3500 seni-

1909 3513 1999 3561 per
2030 3487 2114 3561 'ad
2135 3487 2484 3561 indulgentiam
2522 3487 2807 3561 propensior
2841 3493 3033 3561 videtur
3059 3502 3071 3537 :
3099 3487 3163 3561 ex
3187 3501 3282 3561 quq
3315 3487 3493 3561 factum

1911 3549 2005 3619 cst,
2028 3567 2084 3608 ut
2103 3559 2199 3620 jam
2224 3549 2344 3620 olim
2375 3556 2425 3603 in
2464 3549 2749 3620 calumniam
2790 3551 3043 3620 inciderit;
3066 3557 3219 3620 utque
3241 3549 3302 3620 ab
3325 3549 3495 3616 obtre-

1910 3609 2173 3670 ctaiorib'us
2192 3618 2437 3678 objectum
2461 3617 2560 3678 ipsi,
2574 3615 2740 3675 fuerit,
2759 3612 2885 3676 quod
2909 3609 3234 3678 peccatoribus
3257 3609 3498 3678 licentiam

1912 3683 2052 3730 daret
2071 3715 2086 3739 ,
2111 3670 2326 3729 docen'do
2342 3675 2412 3727 sic
2441 3670 2524 3726 :'si
2546 3670 2943 3739 iterum'p'ecces',
2968 3673 3141 3722 iterum
3173 3670 3498 3739 pwnitcntium

1911 3741 2040 3804 agito
2059 3733 2083 3802 ;’
2097 3747 2143 3791 ει
2164 3739 2343 3804 quoties
2361 3736 2634 3804 peccaveris
2654 3775 2668 3796 ,
2815 3735 2995 3804 adure
3015 3768 3030 3792 ,
3055 3740 3100 3782 et
3121 3733 3276 3804 egetis
3297 3733 3495 3804 curabo.

1913 3795 1985 3853 li'a
2009 3795 2402 3864 iniqua'synodus
2423 3799 2547 3864 apud
2572 3799 2789 3864 Photium
2805 3795 3119 3864 bibliotheca:
3141 3808 3185 3842 c.
3209 3795 3274 3864 εξὲ
3285 3832 3296 3851 ,
3315 3796 3501 3864 quibus

1914 3867 2045 3928 paria
2309 3855 2529 3928 Historia;
2546 3857 2890 3928 ecclesiastica:
2913 3855 2998 3904 lib.
3022 3857 3074 3928 6ἶ
3085 3868 3194 3927 cap.
3221 3855 3295 3903 19.
3315 3855 3499 3903 Verum

1914 3918 1955 3975 id
1998 3925 2108 3988 quis
2146 3923 2295 3988 divini
2341 3921 2561 3988 Masulis
2599 3921 2866 3988 doctrinam
2904 3930 2962 3988 ac
3001 3918 3298 3978 potissimum
3338 3929 3502 3963 mores

1916 3980 2120 4058 penitus
2149 3980 2390 4058 inspicere
2416 3980 2538 4058 velit
2553 4015 2567 4038 ,
2604 3993 2702 4058 non
2733 3980 2972 4058 dubitabit
3003 3990 3201 4058 meeum
3236 3989 3500 4058 asserere,

1917 4037 2052 4097 illum
2074 4054 2127 4096 ut
2151 4037 2268 4107 erg'a
2293 4055 2412 4092 vere
2435 4054 2492 4091 ae
2513 4037 2760 4107 humiliter
2785 4043 3081 4107 painitentes
3097 4039 3413 4107 mitissimum,
3436 4037 3503 4085 ita

1920 4111 2152 4159 adversus
2173 4101 2483 4156 contumaces
2503 4101 2871 4152 severissimum
2901 4101 3052 4148 fuisse
3090 4107 3238 4162 atque
3275 4104 3501 4147 constan-

1923 4173 2156 4220 tissimum
2175 4201 2190 4226 ,
2216 4178 2423 4228 eamque
2461 4163 2741 4228 adhibuisse
2758 4162 3087 4228 meonomiam
3109 4195 3123 4219 ,
3147 4172 3257 4228 qua“
3273 4171 3503 4228 usum___se

1921 4231 2070 4280 fuisse
2095 4221 2608 4288 beatissimusmartjr
2632 4222 2894 4288 Cyprianus
2928 4229 3136 4288 testatur
3158 4221 3208 4270 in
3232 4221 3462 4288 Epist._§5
3485 4234 3500 4269 :

1921 4279 2041 4355 Opto
2055 4279 2217 4340 omnes
2237 4279 2573 4358 inscclesiani
2592 4279 2812 4358 regredi.
2832 4290 2942 4358 opto
2957 4283 3202 4358 um'versps
3224 4279 3504 4358 commilito-

1919 4342 2004 4419 ηᾷδ
2024 4359 2211 4419 nostros
2231 4350 2367 4419 intra
2385 4346 2563 4417 Christi
2585 4342 2750 4419 egitra-
2761 4352 2812 4417 et
2826 4342 2936 4419 pei-
2949 4343 3118 4419 Patris
3127 4342 3371 4419 domicilia
3389 4355 3504 4419 con-

1920 4413 2054 4464 cludi
2081 4425 2099 4463 :
2123 4409 2314 4462 remitto
2333 4407 2512 4467 omnia,
2536 4407 2686 4458 multa
2717 4407 2967 4458 dissimulo
2988 4405 3147 4456 studio
3177 4413 3223 4455 et
3245 4412 3346 4455 noto
3365 4404 3505 4456 colli-

1919 4476 2103 4542 ρξηάιε⁸
2113 4471 2445 4542 fraternitatis;
2464 4470 2608 4540 etiam
2629 4482 2738 4540 qui?
2755 4468 2806 4518 in
2993 4467 3242 4542 commissa
3260 4473 3390 4525 sunt,
3415 4479 3508 4542 non

1921 4528 2060 4604 pleno
2077 4528 2268 4604 judicio
2291 4528 2798 4604 religionisea‘amino;
2816 4531 3006 4604 delictis
3029 4528 3136 4593 plus
3161 4543 3304 4604 quam
3325 4535 3508 4604 oportet

1921 4588 2223 4648 'remitt'endis
2246 4608 2364 4659 pene
2381 4588 2488 4659 ipse
2510 4593 2755 4659 delinquo;
2779 4588 3039 4656 amplector
3059 4588 3276 4654 pronipta
3298 4598 3343 4640 et
3357 4588 3510 4652 plena

1923 4659 2174 4709 dilectione
2196 4655 2306 4706 cum
2325 4655 2601 4715 poenitentia
2639 4655 2924 4715 reuertentes
2942 4689 2958 4713 ,
2983 4659 3231 4715 peccatum
3262 4663 3403 4700 suum
3424 4663 3508 4700 sa-

1923 4719 2192 4791 tisfactione
2209 4711 2448 4791 humili_et
2470 4714 2680 4791 sintplici
2703 4711 2993 4791 ρονιβιψδζ
3014 4713 3062 4763 si
3073 4711 3169 4791 qui
3190 4719 3346 4782 mitem
3369 4719 3509 4791 sunt,

1924 4771 2006 4845 qui
2028 4787 2193 4846 putant
2216 4794 2267 4831 se
2289 4771 2636 4849 adﬁcclcsiain
2656 4790 2749 4827 non
2773 4771 3012 4849 precibus,
3037 4771 3124 4849 sed
3313 4774 3510 4849 regredi

1925 4833 2092 4906 posse,
2115 4849 2196 4906 aut
2220 4839 2492 4906 esistununt
2515 4838 2701 4906 aditum
2723 4833 2886 4906 se'sibi
2909 4849 3002 4886 non
3033 4833 3443 4906 lamentationibus
3463 4843 3512 4886 et

1924 4898 2326 4966 siuisfactianibus
2346 4936 2362 4960 ,
2385 4902 2472 4952 sed
2495 4899 2760 4949 terroribus
2792 4900 2979 4966 facere,
3006 4909 3098 4960 pro
3119 4903 3250 4966 certa
3271 4898 3473 4948 habeant
3491 4931 3510 4958 ,

1926 4957 2091 5016 contio
2127 4966 2246 5014 tales
2281 4957 2494 5013 clausam
2525 4967 2654 5010 stare
2692 4957 2956 5010 Ecclesium
2995 4957 3185 5007 Domini
3203 4994 3218 5017 ,
3243 4971 3330 5008 nec
3351 4957 3514 5010 castra

1925 5025 2103 5078 Christi
2125 5025 2301 5076 invicta
2321 5031 2366 5074 et
2387 5021 2563 5086 fortia,
2601 5029 2648 5071 et
2686 5020 2887 5086 Domino
2921 5027 3079 5086 tuente
3115 5021 3301 5086 muan
3319 5061 3331 5079 ,
3357 5021 3516 5086 inanis

1926 5090 2098 5140 cedere
2117 5126 2131 5143 ,
2158 5096 2255 5137 etc.
2278 5093 2334 5135 Ut
2363 5082 2417 5134 ut
2438 5089 2533 5157 est,
2557 5085 2726 5155 negari
2749 5090 2889 5132 certe
2910 5083 3082 5191 nequit
3102 5120 3116 5139 ,
3140 5084 3254 5145 quia
3277 5082 3482 5133 facilitas
3498 5120 3514 5139 ,

1926 5164 2070 5191 "nam
2093 5147 2323 5191 nonnulla
2348 5153 2498 5191 natns
2520 5157 2657 5191 aurei
2697 5147 2847 5191 verba
2887 5158 2985 5191 urar
3008 5151 3153 5191 erunt
3173 5179 3188 5191 .
3211 5147 3514 5191 occasionem

1926 5164 2070 5260 quam
2093 5147 2323 5199 nonnulla
2348 5148 2498 5208 patris
2520 5147 2657 5194 aurei
2697 5147 2847 5194 verba
2887 5147 3153 5206 prasterunt
3173 5179 3188 5202 ,
3211 5147 3516 5195 occasionem

1963 5212 2122 5260 ederit
2147 5209 2498 5260 posterioribus
2516 5208 2705 5260 amcis,
2735 5204 2936 5254 multum
2961 5206 3024 5255 de
3048 5219 3302 5260 pomarqu
3326 5219 3352 5252 a
3376 5219 3516 5254 cauo-

1963 5212 2122 5260 ederit
2147 5204 2498 5272 posterioribus
2508 5208 2705 5272 λοι-ωας,
2735 5204 2940 5272 multum
2950 5206 3024 5272 de
3048 5219 3302 5272 pugnarum
3326 5219 3352 5252 a
3376 5219 3518 5272 cauo-

1927 5275 2073 5322 nihus
2110 5266 2452 5334 impositarum
2477 5269 2997 5334 riggreremittendi;
3039 5266 3093 5316 ut
3138 5266 3428 5334 leget-eest
3467 5266 3516 5312 in

1930 5347 2099 5384 eorum
2124 5327 2542 5392 ptianitentialibus'
2558 5327 2696 5378 libris
2713 5366 2726 5387 ,
2750 5327 3085 5392 imprimisque
3107 5328 3516 5392 Joatmis__Jejuna-

1929 5397 2062 5445 toris.
2110 5386 2247 5443 idem
2291 5393 2566 5454 generatim
2611 5386 2859 5440 observari
2913 5386 3066 5440 debet
3113 5388 3178 5436 de
3231 5386 3515 5454 quibusdam

1929 5467 2154 5506 veterum
2179 5446 2367 5517 patrum
2390 5453 2549 5517 dictis,
2566 5453 2692 5517 quod
2703 5464 2882 5517 eorum
2907 5460 3123 5517 mentem
3150 5446 3517 5517 nou'assequuti

1929 5505 2032 5567 Sint
2047 5505 2371 5572 recei'itiores,
2397 5505 2546 5564 etiam
2561 5505 2746 5576 latini;
2770 5526 2896 5576 quos
2909 5575 2914 5576 ν
2929 5515 3057 5576 inter
3080 5512 3314 5576 inventus
3336 5505 3412 5556 est
3433 5505 3521 5568 qui

1931 5580 2243 5692 painhriteptias
2274 5569 2526 5627 canonieas
2548 5569 2866 5638 (horrendum
2889 5571 3040 5632 (hau)
3077 5569 3408 5626 εαηιέιιευιαηι
3439 5584 3527 5631 ap-

1933 5654 1994 5692 ne
2087 5656 2116 5692 e
2141 5673 2156 5688 .

1932 5649 2156 5702 pellaret.
