4104 6214
337 261 453 325 219

334 391 435 449 σορ
479 379 691 437 παθεῖν.
738 382 973 453 Ἐκεῖνος
1007 389 1105 460 μὲν
1151 392 1261 464 γάρ
1306 397 1457 452 οὐδὲν
1495 398 1700 475 ἔπασχε
1747 406 1921 462 δεινὸν

332 491 416 550 τίς
441 488 620 562 ψυχήν
643 508 656 524 ·
693 495 852 565 ήμεῖς
888 496 945 551 δὲ
973 498 1114 553 οὕτω
1148 504 1317 572 μυρία
1347 507 1721 582 ἁμαρτήματα
1743 515 1922 570 συλλέ-

335 613 545 663 γοντες,
598 600 750 674 πόσῳ
794 605 1008 677 χείρους
1065 609 1235 680 ἐσμὲν
1291 613 1416 686 ήδη,
1453 616 1596 672 καθὰ
1646 618 1917 680 λέλεκται.

336 704 648 760 Μετέϐαλον
685 708 741 763 δὲ
770 713 818 765 οί
848 712 955 766 τῶν
976 714 1175 779 ἔξωθεν
1209 730 1237 759 ι
1270 720 1590 794 ἀνθρώπους
1611 729 1691 792 είς
1730 728 1915 801 θηρία.

348 792 490 865 Ἀλλ’
544 814 742 886 ῐδωμεν
806 818 948 887 πῶς;
996 821 1211 879 Ἐκεῖνοι
1264 792 1387 899 μὲν*
1412 831 1603 903 μῦθος,
1652 792 1825 892 ταῦτα
1859 839 1916 893 δὲ

342 918 581 990 ἀλήθεια.
619 923 773 988 Τίνος
815 926 922 1000 γάρ
958 929 1144 986 ἕνεκεν
1189 934 1427 1002 ἐκείνους
1468 941 1789 1011 μετέϐαλονς
1841 946 1919 999 Δι’

339 1027 520 1081 οὐδέν’
555 1033 589 1102 ή
621 1031 677 1089 δὲ
704 1033 891 1106 Γραφὴ
919 1040 1013 1093 καὶ
1045 1039 1144 1111 τὴν
1182 1044 1359 1099 αίτίαν
1389 1049 1557 1119 φησί’
1593 1050 1747 1126 [227]
1784 1053 1919 1110 Ἵνα

340 1134 528 1202 γνῶσι
550 1138 793 1208 πάντες,
812 1148 901 1202 ὅτι
926 1151 1186 1217 κυριεύει
1210 1155 1243 1207 ὀ
1271 1154 1570 1224 ’Υψιστος
1598 1159 1709 1230 τῆς
1735 1163 1918 1227 ,βασι-

338 1246 508 1313 λείας
542 1248 661 1304 τῶν
688 1253 1031 1323 ἀνθρώπων.
1097 1260 1262 1333 Ὀρᾷς
1304 1265 1422 1330 πῶς
1473 1269 1648 1324 πάντα
1686 1271 1765 1343 τῷ
1799 1272 1920 1346 Θεῷ

296 1396 313 1403 ,
339 1351 568 1423 δυνατάς
592 1359 684 1414 καὶ
707 1360 771 1427 ἐξ
795 1364 1097 1437 ἀνθρώπων
1114 1369 1277 1441 θηρία
1308 1377 1549 1448 ποιῆσαι,
1567 1380 1661 1432 καὶ
1680 1379 1918 1437 διάνοιαν

344 1696 522 1749 μενον,
573 1687 796 1757 γυμνόν.
829 1691 904 1743 Οὐ
955 1691 1061 1764 γάρ
1089 1694 1152 1769 δή
1206 1697 1305 1769 τήν
1350 1702 1565 1774 μορφὴν
1604 1707 1916 1777 μετέϐαλεν,

342 1787 464 1839 ἐπεὶ
491 1790 644 1845 οὐδὲν
669 1788 737 1863 ἦν
765 1798 1010 1868 φρικτόν.
1044 1802 1117 1855 Τὸ
1140 1803 1197 1856 δὲ
1236 1805 1425 1879 θηρίου
1468 1812 1693 1884 καρδίαν
1733 1816 1920 1873 λαϐεῖν

341 1894 404 1948 οὐ
433 1896 591 1952 τοῦτό
632 1917 785 1971 φησι,
833 1904 914 1959 ὅτι
943 1904 1224 1981 ὲξεστήκει
1258 1912 1358 1983 τῆς
1385 1914 1654 1985 διανοίας,
1689 1919 1803 1975 ἀλλ’
1839 1923 1922 1977 ὅτι

343 2003 694 2077 ἀνθρωπίνην
724 2007 862 2079 ἔχων
900 2012 1076 2085 ψυχὴν
1115 2017 1377 2089 ᾐσθάνετο
1422 2023 1531 2078 τῶν
1557 2028 1917 2099 πραγμάτων.

346 2110 463 2164 Οὐκ
489 2112 578 2177 ἂν,
602 2116 651 2168 εί
685 2118 987 2193 μετεϐλήθη
1018 2125 1101 2188 είς
1152 2126 1372 2201 θηρίον,
1401 2131 1542 2202 ἔγνω
1589 2135 1658 2189 τὰ
1688 2138 1919 2209 συμϐαί-

342 2235 523 2276 νοντα.
560 2223 626 2276 Τί
653 2221 747 2280 οὗν
794 2230 930 2297 ἐστι,
971 2234 1196 2302 Καρδία
1246 2239 1455 2307 θηρίου
1497 2241 1675 2311 ἐδόθη
1726 2247 1919 2314 αὑτῷ;

350 2325 697 2403 Ἐξηγριώθη
716 2335 1009 2404 τουτέστιν,
1033 2339 1152 2395 οὐδὲ
1177 2343 1424 2400 ἐϐούλετο
1450 2350 1589 2419 μετά
1616 2351 1918 2425 ἀνθρώπων

337 2426 496 2499 εἶναι,
528 2433 561 2506 ἢ
598 2437 692 2491 καὶ
726 2437 976 2495 ἐδεδοίκει
1011 2443 1150 2513 μετά
1200 2446 1500 2520 ἀνθρώπων
1533 2449 1691 2524 εἶναι,
1725 2456 1760 2528 ἢ
1789 2461 1916 2526 τοὺς

337 2538 655 2612 ἀνθρώπους
691 2546 940 2621 καθάπερ
980 2550 1049 2605 τὰ
1083 2552 1266 2625 θηρία.
1292 2558 1359 2612 Τί
1390 2560 1588 2631 γένοιτ’
1613 2563 1679 2618 ἂν
1713 2565 1916 2639 ὑψηλό-

339 2661 492 2716 τερον
542 2648 783 2721 ὲκείνους
842 2654 897 2707 τί
950 2661 1331 2733 ταπεινότερον
1401 2666 1601 2734 αὐτοῦς
1664 2673 1774 2727 Kal
1818 2675 1916 2740 ἐξ·

343 2755 585 2828 εδιώχθη
618 2761 737 2816 ἀπὸ
769 2763 1113 2834 ἀνθρώπων.
1133 2772 1383 2846 Οὐδαμοῦ
1413 2778 1446 2848 ὴ
1485 2777 1713 2853 δύναμις
1747 2784 1913 2840 αὐτοῦ

348 2864 605 2938 προέστη.
638 2869 749 2926 Οὐκ
789 2868 860 2945 ἦν
889 2880 1235 2950 σαρκοφάγον
1284 2882 1491 2957 θηρίον,
1547 2890 1682 2946 ἀλλά
1720 2893 1912 2967 χόρτον

350 2972 550 3043 ήσθιεν,
578 2977 665 3031 καὶ
701 2974 771 3050 ἦν
811 2981 977 3037 είκὼν
1017 2986 1111 3041 τοῦ
1148 2988 1364 3061 ἀλόγου.
1419 2996 1535 3050 Ἵνα
1595 3004 1911 3079 πιστεύσῃς,

343 3080 534 3151 φησίν
566 3083 641 3150 ὡς
664 3088 754 3141 ἐπὶ
781 3092 985 3164 συνήθη
1017 3097 1222 3169 τροφὴν
1253 3100 1394 3166 ἕξεις
1414 3103 1506 3159 τὸν
1533 3107 1746 3181 χόρτον.
1780 3114 1909 3179 Πῶς

336 3187 499 3242 αὑτὸν
527 3191 589 3245 οὐ
640 3195 913 3267 κατέφαγε
954 3201 1022 3256 τὰ
1059 3202 1253 3276 θηρία;
1293 3208 1410 3275 πῶς
1447 3213 1635 3285 ῖσχυσε
1659 3218 1721 3272 τὸ
1753 3220 1912 3293 σῶμα

336 3294 533 3365 πέψεις
562 3299 681 3365 πῶς
696 3303 756 3356 οὐ
783 3304 1043 3380 διεφθάρη
1067 3325 1082 3377 ;
1112 3311 1186 3364 Οὐ
1204 3312 1312 3385 γὰρ
1339 3315 1518 3387 ὀλίγος
1535 3323 1564 3375 6
1597 3323 1791 3395 χρόνος
1817 3324 1906 3399 ἦν’

334 3406 573 3478 περιῄει,
594 3410 758 3465 πᾶσιν
775 3413 1074 3488 ὑπόδειγμα
1101 3425 1616 3500 ταπεινοφροσύνης,
1649 3433 1707 3486 ὲν
1730 3434 1911 3507 ἑαυτῷ

330 3513 403 3568 τά
448 3519 801 3592 γνωρίσματα
834 3524 1014 3597 φέρων
1066 3530 1167 3600 τῆς
1190 3528 1483 3601 κολάσεως,
1512 3538 1763 3613 καθάπερ
1796 3562 1911 3598 στι-

331 3622 710 3693 γματίας.Καὶ
738 3629 845 3701 μήν
867 3630 1073 3703 βέλτιον
1100 3629 1189 3706 ἦν,
1229 3639 1356 3703 ίσως
1386 3640 1530 3696 είποι
1555 3662 1639 3710 τις
1661 3647 1748 3715 ἂν,
1772 3653 1909 3720 μετὰ

332 3730 635 3802 ἀνθρώπων
663 3737 822 3793 αὐτὸν
849 3735 989 3796 εἶναι
1009 3783 1023 3804 ,
1046 3744 1139 3798 καὶ
1174 3746 1332 3801 τοῦτο
1358 3750 1550 3807 παθεῖν
1574 3770 1588 3784 ·
1627 3755 1743 3811 ἀλλ’
1767 3758 1908 3814 ὥστε

330 3842 653 3917 ἐπιταθῆναι
689 3847 761 3902 τά
781 3850 881 3922 τῆς
908 3853 1179 3925 τιμωρίας
1201 3858 1371 3930 αὐτῷ,
1402 3861 1560 3917 τοῦτο
1585 3865 1827 3935 γέγονεν.
1844 3870 1908 3928 Ὀ

329 3951 440 4023 γὰρ
471 3957 846 4028 σωφρονισμὸς
902 3959 1102 4030 ὁμοίως
1129 3961 1308 4032 ἔμενε,
1353 3966 1570 4022 πάντων
1627 3972 1909 4043 ἀπαγγελ-

327 4060 529 4116 λόντων
561 4063 630 4117 τὰ
658 4066 778 4118 κατ’
798 4066 1091 4133 αὐτὸν,καὶ
1117 4067 1247 4135 ίσως
1274 4071 1454 4127 αὐτῶν
1478 4073 1763 4149 θεωμένων
1778 4080 1903 4146 ἔξω·

326 4166 488 4221 τοῦτο
532 4168 589 4222 δὲ
630 4168 757 4224 ίδεῖν
802 4172 984 4245 πολλῷ
1034 4174 1406 4250 φοϐερώτερον
1463 4175 1552 4251 ἦν.
1584 4184 1692 4238 Καὶ
1735 4186 1856 4241 οὐδὲ
1879 4190 1909 4243 6

324 4279 518 4350 χρόνος
548 4281 727 4351 ὀλίγος
756 4277 846 4355 ἦν,
873 4285 1009 4339 ἀλλά
1042 4287 1133 4341 καὶ
1156 4289 1319 4354 αὐτὸς
1347 4292 1694 4360 σαϐϐατικός.
1731 4298 1908 4355 Ἑπτὰ

324 4388 436 4461 γὰρ
465 4392 678 4460 καιροὶ,
713 4394 864 4465 φησὶ,
892 4395 1342 4467 ἀλλαγήσονται
1361 4415 1375 4430 ⁸
1405 4403 1535 4476 τρία
1581 4405 1755 4477 ἥμισυ
1784 4408 1902 4490 ξτη.

323 4496 437 4553 Kal
457 4498 608 4568 μετὰ
630 4500 900 4570 τὸ¹τέλος
924 4503 1044 4558 τῶν
1063 4505 1316 4576 ἡμερῶν,
1338 4509 1473 4581 ἐγὼ,
1504 4514 1657 4585 φησὶ,
1685 4517 1906 4574 Ναϐου-

328 4604 655 4676 χοδονόσορ
677 4608 820 4676 τοὺς
850 4610 1195 4682 ὀφθαλμούς
1217 4632 1331 4683 μου
1375 4620 1462 4685 εις
1505 4621 1613 4675 τὸν
1645 4624 1905 4693 οὐρανὸν

320 4713 641 4782 ἀνέλαϐον,
682 4717 781 4772 καί
831 4720 893 4773 αι
935 4720 1151 4790 φρένες
1173 4741 1291 4793 μου
1323 4725 1416 4780 ἐπ’
1475 4729 1579 4800 ἐμὲ
1616 4732 1903 4805 ἐπεστρά-

318 4837 551 4891 φησαν,
592 4822 693 4878 καὶ
755 4824 863 4880 τὸν
897 4828 1188 4897 Ὕψιστον
1244 4834 1586 4906 ηὐλόγησα,
1647 4842 1746 4896 καί
1793 4844 1902 4899 τὸν

319 4928 509 4989 ζῶντα
535 4933 624 4999 εἰς
662 4931 806 5000 τοὺς
836 4933 1057 5003 αἰῶνας
1092 4937 1288 5008 ῇνεσα
1328 4940 1428 4995 καὶ
1458 4942 1725 5009 ἐδόξασα
1748 4987 1765 5013 ,
1809 4949 1900 5006 ὅτι

316 5038 360 5105 ἡ
388 5037 643 5103 ἐξουσία
669 5042 857 5097 αὐτοῦ
879 5042 1133 5108 ἐξουσία
1153 5045 1409 5115 αἰώνιος,
1431 5050 1531 5105 καὶ
1548 5050 1588 5119 ἠ
1610 5054 1901 5118 ,Βασιλεία

315 5145 506 5201 αὐτοῦ
535 5149 622 5215 είς
652 5151 866 5219 γενεὰν
896 5153 995 5208 καὶ
1027 5155 1259 5224 γενεάν.
1277 5159 1389 5214 Kal
1418 5160 1643 5229 πάντες
1670 5167 1725 5218 οί
1757 5183 1896 5221 κατ-

314 5252 628 5322 οικοῦντες
680 5258 795 5327 τὴν
834 5258 974 5330 γῆν,
1011 5262 1092 5329 ὠς
1121 5264 1302 5319 οὐδὲν
1328 5266 1756 5338 ἐλογίσθησαν.
1783 5254 1895 5329 Kal

315 5360 473 5415 κατὰ
502 5361 570 5415 τὸ
606 5362 834 5435 θέλημα
856 5368 1042 5423 αὐτοῦ
1075 5370 1235 5425 ποιεῖ
1269 5373 1339 5427 ἐν
1387 5374 1463 5443 τῇ
1503 5374 1753 5447 δυνάμει
1788 5381 1898 5436 τοῦ

380 5626 680 5705 ξΕιίειὶπιο.
708 5630 894 5705 ἀερειιε
925 5634 1005 5705 γει
1039 5635 1197 5705 gelari
1233 5638 1346 5705 τῶν,
1394 5641 1477 5705 νει
1531 5643 1641 5705 addi
1682 5646 1890 5705 ποιητοί,

312 5695 399 5739 aut
426 5692 583 5755 σοφοί,
602 5698 688 5743 aut
703 5694 821 5756 quid
841 5696 1021 5746 simile.
1043 5694 1295 5761 Interpres
1318 5692 1504 5765 [egisse
1536 5692 1735 5756 videtur
1754 5692 1898 5772 σοφοί

1740 289 1806 345 IN
1844 292 2211 361 DANIELEM.

3498 330 3609 388 220

3158 435 3297 505 γῆς·
3352 442 3448 496 καὶ
3489 447 3600 500 οὐκ

2022 521 2193 578 ἔστιν
2216 524 2284 594 ὃς
2339 529 2763 601 ἀντιστήσεται
2791 536 2866 607 τῇ
2904 541 3056 609 χειρὶ
3111 546 3324 610 αὺτοῦ,
3356 551 3451 603 καὶ
3484 552 3601 620 ἐρεῖ

2021 634 2209 701 αὐτῷ·
2244 638 2303 692 Τί
2336 639 2663 710 ἐποίησας;
2698 646 2842 714 Τοὺς
2880 649 3227 719 ὀφθαλμούς
3266 672 3405 723 μου,
3447 661 3600 728 φησὶ,

2019 742 2106 807 είς
2135 742 2242 796 τὸν
2270 747 2531 814 οὐρανὸν
2547 750 2864 809 ἀνέλαϐον.
2903 756 3181 823 Τουτέστι,
3205 762 3475 834 προσῆλθε
3505 767 3600 818 καὶ

2022 847 2219 919 ηὔξατο
2232 852 2311 924 τῷ
2326 855 2463 926 Θεῷ,
2482 860 2574 912 καὶ
2589 860 2797 916 ἐκεῖθεν
2817 863 2915 936 τὴν
2933 834 3181 936 βοήθειαν
3202 869 3450 941 ἐζήτησε.
3471 873 3605 927 Καί-

2019 973 2101 1009 τοι
2137 957 2228 1012 τοῦ
2265 961 2456 1031 χρόνου
2485 964 2885 1039 πληρωθέντος,
2916 973 3017 1027 οὐκ
3044 974 3287 1047 ἐθάρρει.
3336 978 3604 1050 Καθάπερ

2021 1062 2170 1137 [228]
2192 1068 2294 1139 γὰρ
2331 1070 2516 1142 κύριος
2553 1069 2620 1144 ἦν
2652 1075 2786 1146 μηδὲ
2810 1078 3020 1147 ἀφεῖναι
3041 1082 3119 1146 είς
3143 1086 3336 1155 πεῖραν
3370 1086 3436 1139 τὰ
3470 1088 3606 1158 πρά-

2020 1189 2204 1243 γματα
2229 1176 2420 1246 ἐλθεῖν,
2443 1179 2614 1246 οὕτως
2640 1184 2688 1236 εί
2720 1186 2812 1239 καὶ
2834 1186 2927 1240 τοῦ
2951 1189 3144 1259 χρόνου
3165 1191 3258 1244 τοῦ
3289 1194 3596 1262 ὁρισθέντος

2016 1281 2393 1353 πληρωθέντος
2421 1287 2643 1359 ἔμελλεν
2675 1292 2998 1366 ἀδιόρθωτος
3030 1298 3231 1369 μένειν,
3253 1303 3405 1357 οὐδὲν
3434 1306 3598 1361 αὐτὸν

2020 1391 2292 1464 ὠφελῆσαι
2320 1396 2348 1449 6
2376 1399 2601 1470 ὁρισμὸς
2636 1398 2797 1474 εἶχεν.
2833 1406 2907 1460 Οὐ
2938 1405 3046 1479 γὰρ
3100 1410 3240 1465 κατὰ
3289 1413 3534 1486 ἀνάγκην
3569 1418 3601 1486 ἡ

2021 1500 2294 1570 ἀπόφασις
2317 1505 2411 1558 τοῦ
2444 1507 2599 1573 Θεοῦ,
2623 1510 2680 1563 ἁ)
2691 1510 2758 1564 λά
2784 1514 2918 1588 πρὸς
2946 1516 3012 1570 τὰ
3039 1519 3280 1595 ἡμέτερα
3305 1525 3602 1598 πράγματα

2019 1604 2303 1663 τυποῦται.
2347 1610 2502 1666 Οὕτω
2542 1616 2633 1668 καὶ
2676 1617 2704 1670 ὁ
2733 1620 2950 1692 Δανιὴλ,
3004 1626 3052 1678 εί
3085 1610 3176 1680 καὶ
3240 1630 3533 1706 ἐπληρώθη
3563 1642 3592 1693 6

2027 416 2306 483 οὐρανοῦ,
2336 422 2456 475 Δκαὶ
2478 425 2555 479 ἐν
2602 425 2675 495 τῇ
2704 432 2974 499 κατοικία
3010 432 3113 503 τῆς

2022 1716 2229 1786 χρόνος,
2270 1720 2494 1785 εἰκότως
2536 1722 2773 1795 εΰχεται,
2830 1730 3039 1799 μήποτε
3081 1736 3276 1800 κακίας
3311 1757 3601 1810 προσγινο-

2025 1825 2214 1895 μένης,
2251 1829 2520 1902 προστεθῇ
2559 1834 2737 1889 πάλιν.
2777 1838 2985 1909 Ὥσπερ
3018 1840 3127 1912 γὰρ
3166 1844 3256 1896 ἐπὶ
3291 1846 3600 1920 φιλανθρω-

2022 1932 2151 1996 πίας
2169 1934 2374 2002 γίνεται
2402 1938 2578 2005 τοῦτο,
2612 1938 2721 1997 οἷον
2748 1945 2840 1999 ἐπὶ
2866 1947 2958 2000 τοῦ
3002 1948 3240 2014 Ἐζεκίου
3264 1969 3277 1983 ·
3329 1953 3471 2008 οὕτω
3505 1960 3601 2012 καὶ

2022 2041 2118 2094 ἐπὶ
2146 2046 2414 2116 τιμωρίας
2441 2048 2587 2114 εἰκὸς
2624 2051 2869 2120 γίνεσθαι
2897 2095 2912 2120 ,
2956 2057 3203 2131 καθάπερ
3243 2061 3337 2115 καὶ
3367 2063 3459 2117 ἐπὶ
3494 2064 3602 2119 τῶν

2034 2144 2325 2216 Ἰουδαίων,
2367 2150 2614 2207 ἐϐούλετο
2645 2155 2844 2221 αὐτοὺς
2878 2159 3078 2226 εὐθέως
3104 2163 3185 2226 είς
3236 2158 3611 2239 Παλαιστίνην

2021 2251 2272 2307 ἀπελθεῖν
2292 2252 2315 2286 τ
2331 2256 2526 2310 ἐκεῖνοι
2558 2261 2963 2330 τεσσαράκοντα
2995 2264 3089 2337 ἔτη
3117 2268 3477 2342 προστεθῆναι
3506 2275 3603 2327 οὐ·

2017 2357 2131 2421 τοῖς
2153 2357 2411 2430 ἐποίησαν
2430 2361 2519 2416 διὰ
2536 2363 2635 2435 τῆς
2654 2368 3017 2439 παρανομίας.
3040 2370 3182 2444 Ὅρα
3196 2374 3253 2427 δὲ
3280 2376 3441 2431 αὑτὸν
3464 2379 3600 2450 πρὸς

2015 2457 2106 2513 τὸν
2125 2459 2256 2515 Θεὸν
2285 2463 2571 2532 φεύγοντα.
2591 2467 2904 2541 Ἀνέϐλεψα,
2932 2475 3084 2545 φησὶ,
3113 2479 3194 2541 είς
3222 2479 3314 2551 τὸν
3346 2472 3605 2554 οὐρανὸν,

2016 2562 2111 2616 καὶ
2139 2564 2336 2638 γέγονα
2364 2568 2526 2623 πάλιν
2550 2571 2855 2642 ἄνθρωπος.
2883 2577 2993 2631 Kal
3017 2580 3057 2648 ἠ
3076 2582 3279 2652 μορφή
3329 2603 3449 2654 μου
3491 2586 3599 2640 ἐπ-

2013 2667 2309 2740 έστρεψεν
2331 2674 2424 2727 ἐπ’
2444 2675 2786 2752 ὲμέ.Ὥσπερ
2814 2683 2846 2751 ή
2877 2684 3058 2756 μορφὴ
3094 2687 3264 2741 αὐτοῦ
3295 2688 3597 2761 ἐξήλλακτο

2019 2768 2117 2838 μὲν
2141 2771 2240 2840 τῆς
2267 2773 2633 2845 ἀνθρωπείας,
2655 2778 2716 2832 οὐ
2744 2778 2851 2851 μὴν
2878 2782 2958 2846 είς
2991 2782 3178 2855 θηρίον
3207 2789 3590 2861 μετεϐέϐλητο·

2015 2881 2156 2935 οὕτω
2188 2885 2281 2939 καὶ
2330 2888 2365 2958 ή
2406 2887 2633 2945 διάνοια.
2677 2893 2787 2946 Καὶ
2834 2894 2888 2947 τί
2902 2912 2917 2960 ;
2975 2898 3178 2969 ᾜνεσα
3216 2900 3309 2954 καὶ
3345 2900 3590 2968 ἐδόξασα.

2017 2991 2085 3044 Τί
2141 2995 2467 3067 τεκμήριον;
2528 2999 2639 3053 Τὸν
2684 3001 3009 3071 ’Υψιστοη
3050 3009 3206 3078 φησὶ,
3247 3010 3589 3080 ηὐλόγησα,

2010 3103 2113 3157 καὶ
2144 3104 2252 3159 τὸν
2282 3105 2465 3167 ζῶντα
2508 3112 2595 3177 είς
2644 3113 2787 3182 τοὺς
2835 3116 3057 3185 αἰῶνας
3096 3120 3309 3190 ᾔνεσα,
3345 3121 3446 3176 και
3473 3121 3603 3176 ἐδό-

2014 3216 2191 3280 ξασα.
2211 3219 2376 3275 Οὐδὲν
2394 3222 2503 3295 γὰρ
2524 3224 2666 3279 οὕτω
2688 3226 2968 3299 νομίζουσι
2989 3231 3124 3287 Θεοῦ
3153 3229 3293 3288 εἶναι
3323 3235 3491 3302 ἀξιον,
3516 3237 3593 3303 ὡς

2009 3327 2070 3381 τὸ
2092 3329 2180 3383 διά
2228 3333 2430 3398 παντὸς
2474 3331 2632 3394 εἶναι.
2665 3339 2786 3394 Ὅτι
2816 3343 2855 3411 ἡ
2881 3342 3135 3408 ἐξουσία
3181 3347 3389 3414 αὐτοῦ,
3432 3351 3590 3420 φησὶ,

2009 3442 2260 3507 ἐξουσία
2280 3444 2538 3513 αἰώνιος,
2557 3449 2654 3504 καί
2689 3452 2726 3520 ἡ
2737 3452 3029 3516 ,ϐασιλεία
3049 3457 3235 3512 αὐτοῦ
3258 3461 3346 3526 είς
3372 3464 3587 3527 γενεὰν

2009 3561 2106 3615 καὶ
2131 3562 2361 3632 γενεάν.
2411 3567 2627 3641 Ἐπειδὴ
2660 3568 2836 3643 τούτῳ
2885 3573 3116 3644 μάλιστα
3159 3575 3441 3646 ἄνθρωπος
3484 3578 3583 3632 αθ-

2007 3672 2100 3727 τοῢ
2132 3674 2435 3747 διέστηκεν,
2457 3678 2553 3734 καὶ
2584 3680 2744 3736 τοῦτο
2770 3678 2839 3755 ἦν
2868 3685 3020 3758 παρά
3046 3687 3359 3759 ἀνθρώποις
3389 3690 3452 3743 τὸ
3487 3708 3591 3761 μα-

2007 3784 2284 3855 καριστόν.
2313 3787 2436 3842 Ὅτι
2491 3791 2530 3860 ἠ
2588 3791 2843 3857 ἐξουσία
2888 3796 3096 3860 αὑτοῦ.
3142 3800 3295 3869 φησὶ,
3338 3802 3590 3867 ἐξουσία

2007 3899 2261 3968 αιώνιος,
2284 3902 2437 3973 παρά
2458 3904 2632 3959 πάντα
2658 3907 2748 3961 τὸν
2765 3909 2954 3979 χρόνον
2981 3911 3119 3967 ἐστί.
3143 3914 3326 3986 Χωρὶς
3356 3918 3586 3987 τροφῆς,

2008 4008 2161 4081 φησὶ,
2215 4009 2446 4082 ἔθρεψε’
2506 4014 2676 4087 χωρὶς
2721 4017 2833 4072 τῶν
2888 4020 3222 4092 ἐνδυμάτων,
3264 4028 3437 4097 χωρὶς
3477 4029 3588 4082 τῶν

2006 4118 2180 4175 ἀλλων
2211 4121 2468 4178 ἀπάντων
2510 4123 2572 4177 οὐ
2615 4124 2885 4199 διεφθάρη
2928 4146 3019 4201 μοι
3054 4130 3116 4184 τὸ
3150 4131 3333 4202 σῶμα.
3370 4135 3591 4206 Ἐννόη-

2008 4248 2100 4286 σον
2123 4226 2233 4296 οἷος
2264 4228 2333 4304 ἦν
2360 4233 2596 4290 ἐπανιὼν
2626 4237 2736 4291 ἀπὸ
2759 4239 2857 4312 τῆς
2889 4240 3099 4313 ἐρήμου
3132 4242 3269 4313 πρὸς
3296 4243 3394 4317 τήν
3430 4246 3584 4317 βασι-

2005 4346 2173 4401 λείαν.
2201 4346 2374 4414 Αὐτῷ
2405 4350 2535 4419 γάρ,
2575 4351 2731 4422 φησὶ,
2773 4351 2853 4419 τῷ
2908 4354 3091 4426 κιξιρῷ
3124 4358 3184 4411 αἱ
3223 4357 3436 4427 φρένες
3464 4378 3584 4432 μου

2003 4459 2493 4533 ἐπεστράφησαν,
2528 4464 2630 4520 καί
2657 4467 2746 4533 είς
2783 4466 2897 4537 τὴν
2923 4468 3103 4539 τιμὴν
3129 4470 3239 4538 τῆς
3261 4473 3585 4541 βασιλείας

1997 4592 2120 4645 μου
2149 4573 2366 4644 ἦλθον·
2414 4576 2516 4631 καὶ
2565 4579 2606 4648 ἠ
2652 4579 2855 4650 μορφή
2905 4598 3026 4651 μου
3077 4581 3453 4656 ἐπέστρεψεν
3488 4587 3581 4646 ἐπ’

2001 4688 2132 4757 ἐμά’
2160 4688 2259 4744 καί
2285 4693 2340 4745 ol
2393 4690 2676 4761 τύραννοί
2710 4712 2852 4764 μου,
2890 4696 2989 4750 καί
3012 4699 3065 4751 οί
3077 4697 3439 4767 μεγιστᾶνες
3461 4717 3584 4768 μου

2006 4802 2297 4872 ἐζήτησάν
2337 4821 2444 4875 με’
2480 4805 2579 4861 καὶ
2625 4807 2724 4861 ἐπὶ
2769 4808 2884 4877 τὴν
2902 4810 3233 4874 ,βασιλείαν
3256 4828 3376 4880 μου
3414 4813 3583 4883 ἐκρα-

2003 4912 2273 4983 ταιώθην,
2299 4917 2395 4971 καί
2418 4920 2821 4988 μεγαλωσύνη
2858 4922 3259 4990 περισσοτέρα
3297 4928 3583 4993 προσετέ-

2007 5026 2075 5091 θη
2098 5041 2222 5093 μοι.
2271 5024 2381 5079 Καὶ
2416 5025 2715 5094 ἐζήτησάν
2766 5046 2862 5097 με,
2919 5029 3074 5102 φησὶ,
3115 5034 3169 5086 οί
3223 5035 3581 5107 μεγιστᾶνες

1995 5154 2134 5206 μου,
2170 5141 2222 5194 οί
2250 5137 2586 5207 κρατοῦντα
2625 5139 2724 5193 καὶ
2773 5141 3185 5205 ,βασιλεύοντα
3236 5148 3578 5216 διώξαντες.
3639 5190 3643 5193 τ

2014 5249 2174 5304 Ἀλλά
2205 5249 2293 5304 διὰ
2323 5249 2384 5303 τὸ
2408 5249 2731 5322 πρόσταγμα
2764 5250 2857 5306 τοῦ
2885 5252 3021 5308 Θεοῦ
3044 5256 3093 5311 δ.
3133 5259 3237 5320 Διὰ
3270 5260 3378 5333 γάρ
3421 5262 3580 5315 τοῦτο

2003 5364 2189 5435 χρόνος
2250 5365 2489 5436 ὁρίζεται
2526 5407 2541 5431 ,
2602 5365 2690 5421 ἵνα
2739 5368 2814 5441 μὴ
2863 5370 3186 5443 αὐτομάτως
3242 5375 3473 5448 νομίσῃς
3524 5392 3575 5427 τι
3617 5418 3622 5449 ι

2062 5589 2087 5627 h
2111 5586 2528 5662 Aliquiq.vide_tur_
2551 5591 2759 5662 _dee_sset
2800 5592 3052 5658 Interpres
3088 5599 3223 5662 certp
3257 5593 3407 5662 habet
3430 5604 3576 5662 :gum

1992 5646 2172 5718 iterum
2208 5646 2380 5718 'rediyc
2423 5652 2775 5718 desiderabant,
2802 5668 2895 5705 non
2927 5646 3123 5718 frropler
3152 5653 3257 5718 ejus
3294 5650 3573 5715 absentium,

1996 5709 2080 5762 sed
2100 5718 2292 5774 prapler
2314 5712 2556 5766 decretum
2582 5716 2686 5768 Dei.
