4038 6204
250 267 344 324 εει

249 373 710 450 Quemadmodum
760 369 928 426 forma
954 367 1092 422 illius
1120 361 1341 418 multum
1369 358 1584 429 quidem
1609 358 1677 410 ab
1724 353 1826 408 bu-

243 487 407 530 mana
440 477 559 526 erat
583 473 784 522 mutata
809 480 824 529 ;
851 476 956 516 non
989 468 1163 514 tamen
1211 455 1264 510 in
1293 451 1518 508 bestiam
1544 459 1835 504 conversus

245 566 421 621 fuerat
452 583 468 617 :
499 562 570 616 ita
600 568 654 614 et
680 572 832 613 mens
855 553 1012 609 illius.
1049 551 1112 606 Et
1135 547 1300 620 quid?
1330 541 1565 600 Laudavi
1588 550 1644 598 et
1667 540 1834 612 glori-

251 656 428 710 ticavi.
465 650 744 720 Quodnam
777 641 1071 702 indicium?
1099 639 1437 700 Altissimum,
1471 633 1663 704 inquit,
1687 632 1834 685 bene-

255 749 383 813 dixi,
415 756 466 800 et
490 745 732 800 viventem
757 741 807 793 in
826 737 1014 792 stecuta
1039 733 1263 800 laudavi,
1284 747 1344 785 ac
1363 724 1666 800 gloriﬁcavi.
1696 723 1836 779 Nihil

251 843 394 898 enim
445 839 518 893 ita
579 835 799 905 dignum
851 830 962 885 Deo
1018 841 1139 882 esse
1180 832 1414 895 putatur,
1467 831 1524 876 ut
1575 825 1838 889 perpetuo

250 931 535 987 exsistere.
566 925 700 993 Quia
735 930 954 994 potestas
980 919 1114 988 ejus,
1147 914 1336 986 inquit,
1364 921 1584 982 potestas
1626 917 1836 973 caterua,

251 1035 299 1079 et
337 1037 554 1094 regnum
578 1019 688 1091 ejus
712 1017 764 1071 in
797 1013 1170 1088 generationem
1206 1017 1253 1063 et
1281 1003 1674 1078 generationem.
1698 1000 1841 1068 Quo-

251 1116 395 1170 niam
423 1113 479 1166 in
505 1124 572 1167 eo
594 1106 930 1180 potissimum
971 1102 1133 1157 homo
1161 1099 1227 1154 ab
1252 1098 1346 1154 illo
1374 1094 1712 1165 distinguitur
1744 1110 1758 1147 :
1788 1099 1842 1147 et

252 1206 356 1260 hoc
398 1211 519 1258 erat
545 1199 688 1270 quod
735 1194 876 1267 apud
926 1193 1172 1249 homines
1225 1190 1440 1246 beatum
1515 1185 1836 1242 habebatur.

256 1295 395 1363 Quia
441 1300 660 1363 potestas
687 1285 820 1360 ejus,
867 1285 1055 1356 inquit,
1086 1290 1304 1356 potestas
1339 1289 1549 1340 (eterna,
1602 1277 1656 1331 in
1683 1288 1842 1330 omne

266 1401 480 1458 tempus
503 1382 731 1441 exsistit.
762 1380 892 1435 Sine
915 1378 1056 1443 cibo,
1079 1377 1175 1440 ait,
1202 1388 1289 1428 me
1319 1370 1540 1426 nutrivit
1564 1386 1579 1424 :
1606 1367 1722 1422 sine
1752 1380 1844 1420 ve-

263 1480 556 1544 stimentis,
589 1475 704 1530 sine
749 1472 867 1526 aliis
893 1468 1145 1525 omnibus
1187 1465 1352 1520 rebus
1394 1467 1704 1530 corruptum
1738 1452 1859 1512 non’

255 1585 345 1630 est
370 1586 549 1627 meum
576 1579 791 1636 corpus.
819 1561 1004 1633 Cogita
1033 1557 1206 1630 qualis
1229 1564 1380 1620 erat,
1409 1553 1536 1608 dum
1557 1566 1588 1606 a
1632 1549 1846 1604 deserto

253 1665 325 1722 ad
355 1677 574 1735 regnum
601 1657 775 1716 rediit.
801 1657 890 1712 55.
929 1671 947 1705 ι
979 1651 1058 1707 Eo
1080 1649 1245 1713 enim,
1286 1665 1305 1700 ι
1337 1644 1528 1716 inquit,
1548 1660 1566 1694 ε
1607 1649 1848 1710 tempore

262 1732 438 1816 mens.
465 1770 582 1812 mea
621 1765 832 1808 reversa
879 1754 964 1803 est
991 1752 1083 1801 :et
1134 1741 1202 1796 ad
1241 1742 1504 1795 honorem
1554 1734 1705 1804 regni
1743 1732 1848 1786 mei

262 1848 390 1905 veni
423 1866 438 1903 :
464 1855 519 1902 et
545 1845 714 1900 forma
741 1856 859 1896 mea
884 1836 1043 1894 rediit
1064 1833 1132 1888 ad
1164 1847 1250 1887 me
1278 1838 1370 1886 :et
1395 1827 1603 1901 tyranni
1638 1824 1741 1878 mei
1762 1865 1776 1888 ,
1796 1831 1852 1877 et

264 1941 558 2012 optimates
583 1936 688 1991 mei
715 1931 1046 2004 quaesierunt
1072 1940 1160 1982 me
1187 1943 1202 1980 :
1231 1923 1362 1979 etin
1411 1935 1633 1990 regnum
1671 1929 1848 1971 meum

267 2009 621 2089 confirmatus
663 2030 899 2081 sumzet
941 2015 1248 2090 magnitudo
1274 2012 1500 2082 amplior
1541 2009 1718 2063 addita
1771 2013 1854 2060 est

269 2125 427 2181 mihi.
460 2142 480 2176 ι
517 2121 580 2175 Et
611 2118 914 2193 qua-sinunt
941 2129 1038 2174 nte,
1065 2108 1270 2180 inquit,
1302 2105 1568 2172 optimates
1598 2100 1734 2164 mei;
1763 2098 1854 2168 qui

261 2190 632 2274 dominantem
682 2225 746 2264 ac
790 2213 1098 2277 regnantem
1149 2197 1464 2267 expulerant
1505 2200 1563 2248 et
1609 2190 1852 2246 oderant.

265 2311 436 2380 quue
462 2322 528 2362 ex
553 2304 770 2359 decreto
797 2298 910 2354 Dei.
941 2295 1066 2350 ldeo
1089 2292 1233 2348 enim
1261 2297 1469 2358 tempus
1494 2283 1764 2345 delinitur,
1789 2295 1858 2342 ne

262 2373 548 2458 existimes
560 2395 849 2467 quidquam
873 2388 1097 2444 fortuito
1117 2383 1384 2440 evenisse.
1412 2378 1479 2433 Et
1491 2392 1700 2449 regnum
1721 2373 1858 2428 illius

263 2496 329 2548 in
370 2465 745 2564 generationem
789 2492 837 2538 et
866 2478 1235 2553 generationem
1270 2489 1288 2528 :
1317 2482 1364 2527 et
1389 2485 1558 2526 omnes
1603 2477 1750 2522 terra:
1782 2465 1858 2517 in-

264 2553 419 2646 culte,
451 2579 594 2651 quasi
647 2574 864 2632 nihilum
903 2568 1119 2642 reputati
1159 2574 1317 2621 sunt.‘
1341 2561 1474 2618 Nam
1518 2559 1564 2615 si
1618 2571 1718 2627 ego
1768 2553 1860 2624 qui

267 2674 523 2730 omnibus
553 2666 879 2739 imperabam
906 2704 922 2726 ,
949 2659 1100 2733 quasi
1141 2656 1362 2712 nihilum
1415 2656 1691 2721 reputatus
1717 2661 1860 2711 sum,

269 2766 447 2822 multo
474 2737 644 2832 magis
672 2755 883 2828 reliqui.
914 2753 1131 2810 Scilicet
1177 2747 1266 2820 qui
1313 2744 1448 2817 adeo
1475 2749 1747 2812 potentem
1793 2737 1863 2793 de

273 2872 449 2926 regno
489 2831 702 2923 dejecit,
748 2848 919 2904 multo
957 2844 1126 2914 magis
1171 2839 1461 2910 subjectos.
1492 2834 1556 2889 Et
1584 2831 1864 2888 secundum

271 2925 591 3004 oofuntatem
614 2959 759 2997 suam
786 2940 908 3012 facit
935 2939 988 2992 in
1019 2937 1198 2991 virtute
1223 2931 1358 2997 cet-li,
1391 2937 1437 2983 et
1461 2929 1516 2982 in
1553 2925 1859 2980 habitatione

285 3049 460 3096 ferre.
489 3035 646 3100 Illud,
689 3032 848 3100 Quasi
893 3029 1109 3084 nihilum
1153 3022 1372 3096 reputati
1421 3029 1560 3085 sunt,
1590 3033 1696 3073 non
1723 3015 1866 3086 quod

280 3138 596 3186 contemnat
626 3128 766 3190 illos,
793 3123 950 3186 absit,
973 3119 1068 3176 sed
1093 3117 1217 3188 quia
1244 3125 1433 3186 potens
1461 3119 1562 3175 est,
1591 3118 1646 3165 et
1673 3123 1865 3178 quem-

278 3227 570 3282 admodum
599 3222 732 3286 vult,
771 3219 892 3273 illos
913 3215 1041 3286 agit.
1086 3212 1198 3267 Hoc
1227 3209 1385 3279 igitur
1429 3201 1704 3274 sequentia
1737 3215 1870 3270 quo-

275 3335 388 3387 que
417 3316 690 3372 declarant
721 3330 735 3366 :
765 3308 832 3363 Et
861 3305 1138 3362 secundum
1163 3302 1468 3356 voluntatem
1493 3311 1634 3348 suam
1668 3292 1791 3361 facit
1815 3291 1868 3344 in

282 3384 468 3466 uirtute
489 3408 620 3471 ca'fi,
639 3414 683 3459 et
705 3405 756 3457 in
779 3399 1087 3456 habitatione
1109 3404 1276 3448 teme.
1297 3389 1426 3444 Esto
1452 3402 1603 3450 sane,
1631 3384 1698 3438 de
1729 3391 1868 3437 terra

285 3504 430 3559 nosti
463 3519 477 3555 :
507 3510 562 3554 at
591 3499 658 3552 de
683 3496 836 3556 ca-lo,
864 3489 1004 3546 unde
1027 3487 1174 3544 scis?
1196 3487 1238 3539 A
1268 3481 1497 3538 somnio.
1524 3476 1705 3533 iussit.
1727 3475 1868 3546 Quo-

285 3595 450 3648 modo
499 3585 848 3645 obedierunt?
893 3581 974 3636 Ex
1009 3579 1130 3650 igne
1161 3573 1413 3630 fornacis.
1461 3568 1528 3623 Et
1557 3583 1657 3621 non
1687 3576 1756 3620 est
1784 3564 1870 3635 qui

283 3687 487 3739 resistat
517 3678 692 3734 manui
737 3677 870 3746 ejus,
903 3681 949 3726 et
974 3671 1109 3724 dicat
1159 3667 1204 3720 ei
1237 3681 1255 3719 :
1286 3663 1454 3730 Quare
1498 3659 1701 3731 fecisti?
1749 3655 1864 3711 Non

289 3785 499 3829 tantum
523 3813 539 3838 ,
569 3768 774 3839 inquit,
807 3779 912 3819 non
966 3757 1335 3815 adversabitur
1379 3771 1393 3806 :
1425 3751 1520 3807 sed
1553 3765 1652 3805 nec
1697 3746 1874 3802 verbis

290 3878 449 3920 ti'tttts
473 3858 841 3930 interrogabit.
873 3851 1138 3909 Omnibus
1167 3847 1259 3903 ille
1282 3847 1527 3915 imperat,
1557 3839 1736 3897 omnia
1760 3839 1875 3909 ipse

288 3966 394 4010 est.
429 3953 506 4008 Eo
524 3993 539 4017 ,
577 3929 780 4018 inquit,
808 3956 1030 4014 tempore
1055 3956 1196 3995 mens
1224 3953 1335 3990 mea
1364 3949 1561 3989 reversa
1586 3941 1657 3986 est
1681 3929 1748 3982 ad
1775 3945 1873 3982 me.

293 4052 373 4104 ldo
408 4044 596 4116 :quo’?
625 4041 742 4110 Quo
769 4040 909 4093 Deus
931 4035 1163 4091 dixerat.
1197 4029 1350 4087 Unde
1389 4027 1537 4081 illum
1586 4033 1642 4079 et
1689 4023 1742 4076 in
1784 4035 1875 4075 re-

290 4111 857 4209 gnumreduxerunt?
906 4127 996 4198 qui
1025 4123 1170 4181 enim
1196 4120 1332 4175 adeo
1363 4124 1634 4188 potentem
1663 4111 1876 4181 deiece-

290 4202 416 4289 rant
438 4269 454 4294 ,
494 4223 766 4298 quomodo
801 4219 1068 4276 infirmum
1121 4216 1316 4269 factum
1369 4205 1729 4265 revocarunt?
1762 4222 1781 4256 ί
1814 4202 1880 4256 Et

288 4325 359 4378 ad
393 4293 656 4376 honorem
684 4313 833 4386 regni
864 4311 970 4366 mei
996 4307 1118 4364 veni
1151 4325 1166 4362 :
1197 4313 1252 4360 et
1279 4303 1452 4358 forma
1482 4313 1599 4354 mea
1624 4296 1779 4352 rediit
1809 4293 1876 4348 ad

291 4432 380 4471 me
407 4427 423 4467 :
453 4421 510 4467 et
536 4407 747 4482 tyranni
775 4403 878 4459 mei
900 4411 953 4458 et
981 4400 1268 4470 Optimates
1291 4394 1393 4448 mei
1423 4391 1734 4462 qumrebant
1753 4403 1837 4440 me
1863 4401 1877 4438 :

289 4520 345 4564 et
368 4509 423 4562 in
463 4518 632 4575 regno
661 4514 782 4555 meo
804 4496 1147 4553 confirmatus
1167 4505 1307 4553 sum,
1335 4496 1390 4543 et
1427 4483 1736 4555 magnitudo
1761 4496 1879 4535 am-

293 4603 436 4673 plior
457 4597 637 4652 addita
682 4601 768 4649 est
795 4589 946 4646 mibi.
993 4606 1013 4640 ι
1053 4585 1214 4640 Vides
1244 4591 1300 4636 ut
1326 4581 1466 4635 Deus
1496 4589 1550 4633 et
1572 4585 1805 4632 statuere
1829 4582 1884 4627 et

289 4668 542 4748 evertere
567 4685 735 4757 possit
761 4679 1026 4752 regnum?
1055 4673 1346 4746 Oportebat
1368 4669 1631 4742 siquidem
1656 4668 1769 4721 hate
1787 4681 1883 4736 per

293 4803 381 4853 ca,
408 4799 531 4856 qua:
584 4787 740 4834 antea
779 4774 1136 4844 contigerant,
1167 4767 1442 4838 explorata
1493 4761 1692 4817 habere
1723 4778 1737 4814 :
1787 4757 1882 4814 sed

291 4853 551 4951 quoniam
586 4883 640 4928 tu
664 4868 914 4943 ignorasti
944 4880 1030 4931 ea,
1058 4877 1282 4932 regnum
1313 4858 1564 4914 Dominus
1585 4853 1796 4917 evertit,
1829 4859 1884 4905 et

297 4944 428 5026 illud
456 4969 651 5023 iterum
677 4961 874 5018 erexit.
924 4959 1013 5014 5ι.
1045 4973 1062 5006 ε
1095 4953 1244 5009 Nunc
1291 4951 1449 5022 igitur
1475 4963 1572 5017 ego
1601 4944 1886 5000 Nabucho-

299 5063 539 5118 donosor
567 5055 726 5112 laudo
744 5062 798 5109 et
821 5050 999 5108 exalto
1018 5056 1072 5104 et
1097 5043 1337 5117 glorifico
1368 5040 1570 5109 Regem
1595 5036 1734 5099 casti,
1763 5033 1886 5104 quia

298 5154 477 5209 omnia
517 5164 682 5220 opera
734 5145 875 5200 illius
901 5155 1046 5206 vera,
1087 5147 1141 5192 et
1171 5133 1375 5190 semita:
1411 5130 1525 5201 ejus
1564 5126 1783 5197 judicia,
1835 5132 1890 5179 et

297 5257 490 5301 omnes
515 5213 827 5296 incedentes
855 5235 906 5288 in
927 5228 1175 5301 superbia
1202 5230 1378 5295 potest
1400 5219 1698 5274 bumiliare.
1731 5235 1750 5269 ι
1773 5213 1887 5269 Dici

302 5338 524 5408 nequit,
555 5348 681 5389 eum
732 5332 1050 5399 potestatem
1093 5318 1308 5398 quidem
1353 5312 1574 5378 habere,
1623 5307 1718 5364 sed
1748 5307 1889 5377 inju-

305 5396 441 5487 stam
475 5396 667 5482 :tillius
695 5396 892 5493 quippe
918 5396 1213 5485 magna-est
1235 5405 1460 5478 justitia.
1489 5403 1555 5457 Et
1582 5417 1774 5464 omnes,
1805 5396 1890 5466 qui

305 5520 612 5594 gradiuntur
636 5514 689 5566 in
713 5487 1005 5576 '8up’erbia,
1051 5508 1212 5574 potest
1239 5497 1528 5552 humiliore.
1582 5491 1698 5547 Non
1733 5487 1887 5555 dixit,

311 5589 583 5671 llnmiliat,
614 5613 672 5659 ut
698 5599 799 5656 tibi
841 5600 980 5654 illius
1006 5596 1166 5652 etiam
1216 5589 1666 5662 mquanimitatem
1711 5593 1892 5640 osten-

312 5709 482 5774 deret,
513 5711 646 5763 etut
677 5695 1028 5766 iutelligeres,
1052 5685 1191 5760 quod
1220 5702 1322 5744 non
1353 5703 1418 5744 ex
1443 5682 1770 5749 infirmitate,
1789 5677 1886 5735 sed

1633 246 1696 302 IN
1741 239 2102 300 DANIELESI.

3334 199 3338 202 ”
3422 228 3528 284 ea:

1945 346 2085 418 quod
2111 362 2204 416 per
2233 361 2393 400 unum
2425 345 2559 401 alios
2586 344 2856 401 emendat.
2892 343 3050 400 Vides
3077 341 3369 415 potentiam
3397 343 3421 397 ?
3451 343 3527 397 via

1945 441 2042 494 des
2087 437 2384 508 justitiam?
2415 437 2564 494 vides
2611 454 2736 508 erga
2788 437 3033 494 homines
3080 437 3528 494 amorem‘tvides

1944 533 2058 590 hmc
2079 533 2146 588 ab
2173 546 2266 588 ore
2292 532 2519 588 barbaro
2549 531 2919 601 pronuntiari?
2949 530 3213 600 Quisnam.
3237 531 3308 586 ita
3353 531 3526 601 philo-

1945 624 2200 694 50pbatus
2229 624 2350 679 est?
2371 623 2470 692 Qui
2494 623 2768 694 pmphetis
2799 632 2954 678 erant
2979 623 3220 678 innutriti
3245 663 3258 686 .
3290 623 3423 679 nihil
3450 624 3528 678 si-

1946 718 2072 772 mile
2102 717 2480 787 loquebantur,
2530 716 2627 772 sed
2662 718 2928 772 contraria
2959 717 3190 786 penitus.
3225 715 3346 771 Non
3375 717 3528 788 faciet

1945 809 2067 866 bene
2097 810 2366 877 Dominus,
2389 811 2557 876 aiunt,
2584 820 2630 864 et
2656 827 2756 864 non
2777 811 2930 881 faciet
2955 811 3086 865 male
3112 809 3301 880 (Saph.
3329 811 3380 866 l.
3410 809 3524 878 12).

1944 903 2012 958 Ει
2037 904 2228 958 iterum
2253 920 2266 956 :
2293 902 2480 958 Nonne
2495 903 2544 957 in
2558 903 2853 974 fortitudine
2877 912 3048 958 nostra
3061 902 3325 957 habuimus
3340 918 3532 956 cornua

1949 995 1967 1064 (
1993 995 2144 1051 Amos
2173 994 2226 1050 6.
2251 995 2318 1050 14
2339 995 2403 1065 )?
2431 994 2499 1049 Et
2530 1013 2543 1050 :
2575 994 2751 1050 Omnis
2767 995 2850 1066 qui
2870 993 2990 1061 facit
3018 993 3228 1060 malum,
3254 993 3440 1048 bonum
3455 1002 3531 1047 est

1947 1090 2001 1144 in
2025 1099 2294 1161 conspectu
2321 1088 2548 1156 Domini,
2578 1098 2625 1143 et
2648 1089 2702 1142 in
2716 1089 2794 1142 his
2805 1087 3110 1157 complacuit
3127 1086 3437 1156 ei(Matach.
3467 1086 3526 1140 2.

1950 1183 2061 1254 l7).
2083 1183 2147 1238 Et
2170 1200 2185 1238 :
2215 1182 2365 1249 Quod
2376 1182 2760 1236 emolumentum
2779 1221 2796 1246 ,
2825 1181 2943 1251 quia
2971 1179 3232 1235 seroiimus
3259 1178 3337 1233 illi
3364 1177 3530 1249 (Ibid.-

1949 1277 2002 1331 5.
2036 1274 2167 1346 let)?
2194 1273 2360 1330 Vides
2411 1274 2466 1328 in
2513 1273 2797 1328 Palaestina
2846 1272 3094 1341 dogmata
3134 1271 3418 1326 satanica?
3447 1272 3532 1326 vi-~

1949 1366 2045 1421 des
2085 1365 2139 1420 in
2187 1364 2467 1421 barbarico
2507 1363 2625 1419 solo
2667 1363 3058 1434 philosophiam
3111 1361 3532 1432 propheticum?

1954 1459 2077 1514 llaec
2100 1458 2281 1528 figurae
2301 1465 2426 1512 sunt
2444 1457 2630 1527 gratiae
2657 1455 2799 1527 apud
2836 1464 3024 1526 gentes
3051 1455 3240 1510 futura:
3264 1473 3279 1522 ;
3311 1464 3366 1510 et
3392 1455 3535 1525 quod

1951 1549 2178 1620 gentiles
2206 1549 2438 1605 debeant
2463 1557 2801 1605 antevenere
2824 1539 3040 1604 Iudaeos
3063 1587 3080 1612 ,
3109 1562 3171 1602 ac
3197 1545 3532 1617 prtesultare.

1955 1642 2145 1696 Postea
2174 1640 2417 1696 Baltasar
2446 1641 2546 1712 (a),
2595 1656 2718 1706 cum
2769 1640 2822 1695 in
2849 1639 2940 1694 illo
2969 1639 3215 1695 convivio
3244 1638 3426 1694 ebrius
3451 1653 3536 1693 es-

1956 1743 2059 1799 set,
2086 1731 2241 1803 jubet
2269 1747 2394 1787 vasa
2423 1732 2578 1788 educi
2610 1751 2622 1787 :
2653 1731 2804 1803 quasi
2842 1731 2897 1786 in
2940 1730 3164 1786 victoria
3214 1731 3378 1799 patris
3422 1731 3538 1800 glo-

1957 1823 2122 1891 rians,
2154 1823 2322 1895 magis
2347 1840 2474 1880 vero
2496 1824 2794 1894 petulanter
2819 1823 3117 1879 insultans:
3145 1836 3262 1890 seu,
3287 1823 3538 1892 quoniam

1955 1915 2194 1971 conviva:
2220 1931 2406 1972 eorum
2433 1931 2553 1987 quae
2581 1916 2916 1985 contigerant
2943 1915 3154 1970 fuerant
3177 1921 3537 1983 spectatores;

1957 2017 2012 2060 ut
2038 2006 2252 2062 tolleret
2275 2021 2392 2062 eam
2421 2021 2580 2077 quam
2599 2006 2666 2062 de
2684 2007 2793 2062 Deo
2823 2006 3088 2061 habebant
3111 2004 3537 2060 admirationem.
3611 2057 3614 2062 .

1962 2099 2026 2152 Et
2058 2097 2159 2152 hoc
2182 2112 2250 2154 ex
2277 2097 2521 2168 superbia
2547 2107 2603 2152 et
2632 2097 2892 2154 ebrietate
2918 2096 3205 2152 faciebant.
3247 2095 3542 2150 Caveamus

1961 2190 2342 2255 temulentiam,
2398 2188 2596 2245 dilecti.
2649 2188 2808 2244 Multa
2863 2187 3006 2243 enim
3054 2186 3282 2242 absurda
3331 2187 3399 2240 ab
3439 2187 3541 2240 hac

1962 2281 2114 2338 fiunt.
2137 2281 2244 2338 Sed
2264 2290 2320 2337 et
2339 2296 2563 2352 magnos
2583 2282 2723 2337 viros
2752 2291 2969 2352 superat
2997 2281 3250 2336 ebrietas.
3283 2279 3414 2334 Nam
3439 2280 3539 2334 iste

1961 2388 2082 2427 eum
2113 2373 2292 2427 vinum
2308 2381 2596 2444 gustasset,
2628 2387 2753 2426 vasa
2795 2371 2975 2426 efferri
2999 2372 3176 2442 jussit.
3208 2371 3411 2438 Quibus
3452 2385 3544 2439 pc-

1965 2475 2212 2538 pereerat
2235 2474 2386 2536 pater
2404 2465 2570 2532 illius,
2589 2467 2678 2536 qui
2701 2480 2763 2520 ea
2791 2481 2822 2520 e
2851 2465 3050 2535 templo
3089 2465 3494 2535 deprompscrat
3529 2481 3543 2517 :

1968 2568 2022 2612 et
2053 2558 2096 2611 is
2115 2571 2238 2612 cum
2261 2556 2493 2627 cepisset
2512 2556 2925 2626 Jerosolymam,
2956 2571 3060 2608 non
3086 2569 3248 2609 ausus
3272 2565 3354 2608 est
3381 2555 3432 2608 in
3458 2552 3548 2607 hu-

1967 2665 2182 2705 manum
2216 2650 2573 2705 ministerium
2615 2650 2704 2704 illa
2727 2648 3026 2714 deducere;
3054 2652 3155 2704 iste
3201 2664 3306 2702 non
3333 2648 3434 2703 sibi
3455 2661 3545 2702 so-

1967 2741 2260 2808 lummodo,
2306 2742 2401 2798 sed
2429 2752 2484 2798 et
2521 2742 2873 2812 optimatibus
2927 2741 3041 2797 suis
3088 2749 3143 2796 et
3172 2740 3456 2810 pollicibus
3495 2749 3551 2796 et

1967 2834 2280 2890 concubinis
2307 2835 2362 2889 in
2391 2849 2543 2890 usum
2586 2832 2821 2890 tradidit.

2599 2969 2826 3026 CAPUT
2879 2968 2944 3025 V.

2046 3113 2096 3166 Ι.
2142 3129 2161 3163 ε
2198 3110 2443 3166 Baltasar
2473 3125 2564 3167 rex
2589 3109 2716 3165 fecit
2743 3107 3048 3165 convivium
3079 3104 3280 3178 grande
3319 3105 3553 3174 Optima-

1973 3204 2114 3259 tibus
2143 3204 2254 3259 suis
2277 3203 2422 3259 mille
2457 3223 2469 3258 :
2499 3212 2554 3259 et
2593 3218 2625 3259 e
2661 3202 2881 3273 regione
2907 3202 3144 3271 ipsorum
3193 3197 3341 3254 mille
3376 3198 3555 3251 vinum

1973 3305 2107 3352 erat.
2137 3295 2193 3350 2.
2227 3296 2424 3350 Bibens
2446 3295 2691 3349 Baltasar
2712 3308 2803 3348 rex
2825 3291 3081 3362 prtecepit
3111 3289 3164 3344 in
3205 3297 3364 3360 gustu
3401 3287 3507 3342 vini
3535 3330 3552 3352 ,

1975 3401 2031 3446 ut
2058 3391 2316 3447 afferrent
2342 3405 2472 3445 vasa
2503 3404 2664 3445 aurea
2703 3396 2758 3444 et
2781 3395 3031 3458 argentea
3055 3426 3069 3450 ,
3093 3399 3213 3455 qua:
3237 3392 3552 3453 a5portavc-

1973 3495 2056 3539 rat
2076 3483 2566 3539 Nabuchodonosor
2596 3491 2746 3552 pater
2770 3481 2887 3551 ejus
2913 3479 2981 3535 de
3033 3476 3251 3547 templo,
3307 3473 3450 3545 quod
3501 3473 3553 3526 in

1976 3576 2436 3648 Jerosolymis:et
2461 3573 2706 3630 biberent
2756 3573 2808 3627 in
2846 3571 2952 3626 illis
3000 3585 3095 3625 rex
3131 3611 3148 3635 ,
3179 3577 3233 3624 et
3277 3567 3563 3637 optimates

1975 3667 2114 3737 ejus,
2140 3677 2195 3722 et
2220 3666 2505 3721 concubini
2543 3665 2683 3736 ejus,
2727 3673 2783 3720 et
2807 3663 3029 3734 pellices
3056 3660 3195 3730 ejus.
3229 3660 3283 3714 5.
3305 3658 3372 3712 Ει
3399 3657 3560 3710 allata

1977 3767 2104 3815 sunt
2130 3773 2257 3814 vasa
2289 3767 2542 3829 argentea
2586 3767 2640 3812 et
2668 3771 2852 3821 aurea,
2895 3769 3015 3824 qua:
3053 3758 3421 3822 asportaverat
3458 3747 3560 3803 Na-

1980 3850 2393 3906 buchodonosor
2431 3864 2497 3905 ex
2531 3848 2731 3918 templo
2760 3843 2877 3914 Dei,
2908 3845 3049 3915 quod
3076 3845 3129 3898 in
3169 3841 3562 3912 Jerosolymis:

1979 3955 2034 4001 ct
2058 3945 2311 4000 bibebant
2333 3943 2385 3998 in
2408 3943 2488 3998 eis
2513 3957 2630 4008 rex,
2662 3949 2716 3996 et
2739 3941 3024 4009 optimates
3041 3936 3180 4005 ejus,
3203 3944 3258 3990 et
3281 3932 3563 3989 concubini

1981 4037 2117 4107 ejus,
2139 4045 2194 4091 et
2221 4035 2440 4106 pellices
2465 4032 2604 4102 ejus.
2628 4032 2683 4086 4.
2710 4031 2780 4085 Εῑ
2808 4027 3281 4091 bibebantvinum,
3304 4035 3359 4079 et
3385 4022 3567 4077 lauda-

1981 4135 2176 4184 verunt
2203 4125 2335 4180 deos
2363 4137 2575 4186 aureos,
2608 4130 2665 4176 et
2711 4128 3017 4190 argenteos,
3049 4125 3104 4171 et
3133 4128 3335 4181 acneos,
3364 4121 3420 4168 et
3462 4111 3568 4167 fer-

1982 4235 2137 4285 reos,
2163 4225 2217 4274 et
2236 4217 2460 4289 ligneos,
2489 4223 2543 4270 et
2568 4211 2826 4286 lapideos.
2861 4230 2879 4264 ›
2910 4209 3074 4265 Vides
3100 4222 3225 4264 vasa
3259 4206 3417 4276 capi?
3460 4203 3566 4260 Sed

1981 4312 2103 4367 vide
2125 4325 2312 4366 eorum
2343 4309 2616 4371 virtutem,
2641 4305 2802 4359 etiam
2835 4313 3114 4373 postquam
3141 4306 3294 4368 capta
3323 4305 3480 4359 sunt,
3507 4312 3570 4349 ac

1985 4404 2160 4476 posita
2191 4407 2246 4457 in
2297 4399 2560 4456 idolorum
2595 4395 2814 4466 templo.
2847 4395 2974 4450 Esto
2999 4392 3148 4448 deiis
3175 4391 3264 4446 ille
3295 4405 3390 4460 pro
3417 4388 3572 4443 libito

1985 4493 2253 4551 statuerit.
2284 4492 2399 4559 Qua
2435 4490 2501 4546 de
2527 4502 2687 4543 causa
2716 4486 2809 4541 id?
2859 4487 3028 4556 Capta
3078 4492 3204 4539 sunt
3229 4490 3449 4553 propter
3478 4479 3572 4534 ,1η-

1985 4587 2223 4642 (Ιίεοι-ιιηι
2250 4592 2466 4655 peccata
2500 4599 2514 4636 :
2543 4580 2616 4636 illi
2652 4593 2836 4650 poenas
2864 4576 3149 4633 dederunt.
3179 4573 3405 4642 Quinam
3448 4569 3571 4626 finis

1987 4683 2148 4739 etiam
2179 4689 2301 4752 post
2324 4677 2574 4735 ostenta?
2600 4689 2706 4746 quo
2755 4680 2912 4744 pacto
2950 4670 3082 4724 nihil
3119 4667 3259 4738 passi
3301 4672 3424 4720 sunt
3470 4679 3575 4718 ma-

1987 4785 2198 4845 gnetes,
2220 4771 2315 4828 sed
2339 4769 2485 4826 solus
2513 4767 2650 4824 rex?
2673 4764 2806 4831 Quia
2848 4763 3056 4818 scilicet
3077 4760 3169 4813 ille
3193 4757 3447 4828 jusserat,
3486 4754 3576 4808 ille

1989 4865 2196 4921 cmteris
2223 4872 2412 4918 auctor
2440 4860 2636 4915 fuerat.
2669 4855 2988 4918 Laudarunt,
3021 4849 3214 4920 inquit,
3244 4849 3363 4902 deos
3397 4862 3577 4899 aureos

1989 4968 2036 5013 et
2059 4964 2339 5029 argenteos.
2369 4953 2547 5020 Quare
2574 4950 2688 5003 hzec
2727 4944 2868 5015 apud
2899 4943 3022 4997 illos
3049 4940 3272 4996 deorum
3319 4937 3575 4996 differen-

1990 5053 2061 5106 tia
2097 5027 2250 5103 e'rat?
2280 5042 2532 5101 Diabolus
2558 5038 2779 5108 cupiens
2805 5035 2925 5090 illos
2953 5030 3100 5087 omni
3144 5029 3300 5086 venia
3323 5027 3532 5098 privare
3558 5065 3576 5093 ,

1991 5159 2135 5214 smpe
2163 5138 2413 5213 przeeepit
2438 5145 2498 5191 ut
2525 5134 2655 5190 deos
2697 5131 2900 5201 ligneos
2948 5127 3218 5191 facerent,
3271 5138 3338 5178 ne
3363 5124 3430 5178 ab
3464 5121 3575 5190 ipsa

2056 5303 2129 5364 (η)
2164 5298 2238 5346 ΔΙ)
2269 5297 2347 5346 bis
2368 5293 2599 5364 vocibus,
2631 5281 3408 5364 rartea-naftamr,inchoantium

1992 5340 2463 5430 quiliimifriiémém
2492 5355 2554 5416 (si
2589 5340 2750 5401 tamen
2788 5351 2852 5397 ita
2875 5340 3194 5430 distrib'perat
3216 5350 3410 5412 sanctus
3433 5340 3579 5430 (11τὲ-

2233 5426 2241 5430 _
2331 5424 2339 5430 .
2373 5423 2380 5430 .
2840 5425 2878 5430 __
2924 5425 2936 5430 -
2959 5423 3047 5430 η.-
3071 5420 3226 5430 μω...
3253 5415 3402 5430 ...ηηηι
3433 5412 3515 5430 η...-
3542 5411 3579 5430 ._

1993 5399 2817 5483 E'éiiiiiﬁisifhiiiﬁuaé'sequamur
2838 5411 2898 5460 ad
2922 5408 3226 5483 doxologiam
3253 5403 3415 5483 magis
3433 5399 3580 5483 perti-

1995 5467 2477 5542 ﬁcii-'K'iié‘eiéinu}.
2508 5467 2675 5542 Sane
2702 5477 2742 5523 is
2785 5489 2813 5542 a_
2857 5485 2955 5542 quo
2981 5467 3127 5542 hunc
3171 5467 3579 5542 commentata-um

1995 5524 2285 5613 ademimus:
2305 5524 2418 5593 dum
2445 5524 3076 5613 v'elindiligentius'dictam
3097 5524 3580 5613 magis'trine‘xeﬁmi't;

1997 5586 2628 5675 asset—lui
2655 5586 2748 5675 ἡξει
2773 5597 2933 5654 valet,
2960 5590 3038 5675 vel
3135 5589 3385 5650 epitomen
3409 5586 3581 5632 cuncta

1999 5655 2350 5742 iEuikiifbiiu's'
2369 5667 2507 5718 valde
2532 5655 2869 5727 itiiperfeetum
2902 5655 3114 5714 reliquit.
