4104 6214
420 245 528 303 Ξδῖῗ

417 363 720 436 ’ῌνεσίιν,
757 361 920 430 φησι,
979 358 1121 424 τοὺς
1164 356 1337 422 θεοὺς
1383 355 1524 421 τοὺς
1578 356 1846 425 χρυσοῦς
1887 356 1987 410 καὶ

413 453 733 525 ἀργυροῦς.
758 452 920 525 Τίνος
958 451 1144 505 ἕνεκεν
1185 447 1478 521 ήδιαφορά
1522 447 1660 520 αὕτη
1707 446 1815 501 τῶν
1852 446 1991 501 θεῶν

415 546 547 615 παρ’
581 544 763 608 αὐτοῖς
790 539 895 614 ἦν;
935 543 993 595 ’0
1021 539 1264 604 διάϐολος
1300 539 1621 610 βουλόμενος
1648 538 1843 602 αὐτοὺς
1881 537 1991 591 πά-

416 652 516 706 σης
552 635 923 706 ἀποστερῆσαι
956 631 1303 702 συγγνώμης,
1335 630 1593 696 πολλάκις
1620 630 1873 684 ἐκέλευσε
1903 629 1994 694 ξυ-

416 728 592 791 λίνους
627 727 899 796 γενέσθαι,
928 727 1012 781 ἵνα
1039 726 1176 796 μηδὲ
1204 725 1311 779 ἀπὸ
1339 727 1438 796 τῆς
1478 725 1610 796 ὕλης
1638 725 1989 779 πολυτέλειαν

416 818 614 889 ἔχωσιν
645 820 725 881 εἰς
761 817 1075 885 ἀπολογίαν,
1099 816 1341 888 ’Ύμνουν
1379 817 1459 879 εἰς
1490 816 1704 879 αὐτούς.
1731 817 1873 887 Ὅρα
1900 816 1986 869 οὐ·

416 909 586 978 δαμοῦ
617 908 710 962 τὸν
742 909 872 962 Θεὸν
899 910 1156 981 ἄρχοντα,
1181 909 1294 962 ἀλλ’
1328 908 1780 978 ὲπόμενον.Τίνος
1804 909 1990 963 ἕνεκεν

417 1000 853 1072 ἐπηκολούθησεν
878 1004 911 1073 ἡ
932 1001 1053 1071 δίκη
1078 1001 1307 1072 ταχέως,
1331 1003 1425 1054 καὶ
1448 1002 1583 1071 αὐτῇ
1617 1004 1681 1072 τῇ
1710 1001 1827 1072 ὥρᾳ
1845 1017 1859 1066 ;
1875 1002 1990 1054 Ἵνα

422 1094 586 1165 μὴτὰ
618 1093 883 1164 γενόμενα
922 1097 986 1147 ἐκ
1018 1094 1126 1147 τῶν
1163 1093 1442 1165 προτέρων
1488 1092 1778 1165 θαυμάτων
1816 1112 1988 1148 κατα-

418 1187 554 1258 λυθῇ
596 1185 950 1258 ὑϐριζομένου
984 1186 1081 1239 τοῦ
1116 1186 1251 1239 Θεοῦ
1293 1185 1381 1239 διὰ
1419 1185 1526 1239 τῶν
1566 1185 1807 1252 σκευῶν,
1837 1187 1991 1241 ἐϐου-

420 1277 560 1349 λήθη
580 1277 777 1349 ἄνδρας
799 1276 1098 1348 ἐνυϐρίσαι.
1121 1278 1233 1331 Καὶ
1247 1277 1347 1348 ὅρα
1372 1277 1425 1330 τί
1450 1277 1676 1346 γίνεται.
1695 1278 1985 1350 Ἐϐουλήθη

424 1370 627 1442 σκεύηο
669 1372 763 1425 καὶ
801 1362 935 1444 αὐτῇ
974 1374 1042 1442 τῇ
1075 1370 1195 1443 ὥρᾳ
1234 1373 1268 1442 η
1293 1372 1571 1442 .τιμωρία.
1610 1372 1766 1437 Τίνος
1805 1373 1989 1426 ἕνεκεν

418 1464 518 1517 οὐκ
535 1464 965 1518 ἀποστέλλεταιό
984 1464 1269 1535 προφήτης
1294 1463 1621 1533 ὲγκαλέσων,
1638 1464 1771 1517 ἀλλὰ
1795 1464 1990 1537 ἁστρά-

420 1555 582 1622 γαλος
611 1555 830 1627 χειρός;
864 1555 1023 1609 Ὥστε
1060 1556 1231 1625 μείζω
1276 1555 1527 1625 γενέσθαι
1563 1556 1662 1628 τὴν
1705 1555 1985 1629 ἔκπληξιν.

431 1647 528 1702 Ἐν
558 1647 727 1718 αὐτῆ
752 1647 828 1719 τῇ
870 1646 991 1717 ὥρᾳ
1027 1648 1291 1718 ἐξῆλθον
1333 1647 1615 1705 δάκτυλοι
1655 1651 1853 1719 χειρὸς
1884 1652 1989 1705 ἀν-

420 1738 655 1806 θρώπου
671 1779 687 1804 ,
732 1739 829 1793 καὶ
869 1739 1131 1810 ἔγραφον
1175 1739 1490 1793 κατέναντι
1526 1740 1638 1809 τῆς
1677 1740 1990 1811 λαμπάδος

421 1831 521 1885 ἐπὶ
556 1832 625 1884 τὸ
656 1831 915 1900 κονίαμα
941 1832 1049 1885 τοῦ
1075 1833 1279 1901 τοίχου
1314 1831 1430 1911 ⁴τοῦ
1471 1832 1639 1885 οίκου
1684 1833 1790 1887 τοῦ
1814 1834 1991 1897 ,ϐασι-

421 1922 575 1988 λέως
591 1939 607 1954 ⁸
639 1922 737 1976 καί
775 1925 808 1976 ό
832 1922 1133 1990 ,βασιλεὺς
1157 1923 1384 1992 ἐθεώρει
1407 1924 1549 1990 τοὺς
1576 1924 1991 1995 ἀστραγάλους

427 2012 538 2082 τῆς
566 2013 766 2084 χειρὸς
801 2012 908 2082 τῆς
944 2016 1309 2085 γραφούσης.
1347 2017 1587 2087 Πρόσθες
1623 2020 1718 2071 καὶ
1754 2018 1991 2091 ἑσπέραν

427 2099 613 2158 οὖσαν.
636 2103 784 2157 Ἔδει
817 2104 914 2176 τὴν
948 2105 1155 2176 οῐδησιν
1181 2107 1280 2177 τὴν
1326 2107 1434 2160 ἀπὸ
1460 2110 1557 2179 τῆς
1610 2107 1779 2178 μέθης
1822 2126 1991 2161 κατα-

427 2195 710 2265 παλῆναι.
739 2192 870 2248 Εἶτα
898 2196 1004 2250 ἔδει
1039 2197 1233 2267 μαθεῖν
1258 2199 1385 2262 τοὺς
1410 2200 1684 2270 παρόντας
1722 2200 1988 2264 ἅπαντας,

418 2286 504 2338 ὅτι
536 2286 692 2358 δίκην
710 2288 941 2342 δίδωσιν.
968 2290 1069 2343 Διὰ
1097 2290 1154 2343 τί
1185 2290 1259 2362 μὴ
1290 2292 1528 2362 σκηπτὸν
1552 2292 1763 2361 ἀφῆκεν
1789 2293 1992 2356 εὐθέως

415 2376 481 2429 ἐκ
508 2374 606 2431 τοῦ
644 2377 1086 2449 οὐρανοῠ;Ὦστε
1119 2379 1279 2434 πάλιν
1315 2382 1410 2435 καὶ
1454 2381 1545 2435 τὸν
1589 2383 1805 2454 οἰκέτην
1835 2384 1990 2451 δοξα-

417 2466 612 2538 σθῆναι
640 2468 733 2522 τὸν
757 2470 921 2524 αὐτοῦ
938 2486 952 2502 ·
992 2471 1133 2526 ὥστε
1167 2472 1328 2526 αὐτὸν
1356 2474 1585 2530 ἀκοῦσαι
1617 2476 1705 2530 διὰ
1732 2476 1787 2530 τί
1816 2477 1989 2531 ταῦτα

415 2558 637 2630 πάσχει.
678 2560 735 2613 ’0
770 2561 879 2634 γὰρ
918 2564 1118 2635 Δανιὴλ
1164 2565 1419 2620 εἰσελθὼν
1463 2568 1583 2639 οὐχὶ
1634 2568 1732 2641 τὴν
1770 2570 1988 2643 γραφὴν

417 2651 710 2722 ἔρμηνεύει
741 2653 921 2723 μόνον,
939 2654 1073 2709 ἀλλά
1100 2658 1193 2711 καὶ
1217 2660 1461 2731 μακροὺς
1482 2661 1755 2716 ἀποτείνει
1777 2663 1988 2733 λόγους,

420 2744 512 2796 καὶ
544 2745 1055 2818 συμϐουλευτικοὺς,
1095 2752 1191 2823 οὐχ
1221 2753 1297 2818 ώς
1333 2755 1631 2828 ὠφελήσων
1659 2760 1842 2827 αὑτὸν,
1872 2761 1988 2815 ἀλλ’

427 2835 500 2898 ὡς
518 2837 637 2900 τοὺς
663 2837 856 2904 ἄλλους
881 2840 1125 2911 βελτίους
1151 2846 1413 2917 ποιήσων.
1453 2851 1590 2904 Τότε
1618 2852 1841 2921 Δανιὴλ
1867 2856 1992 2908 είσ-

427 2922 606 2992 ἦλθεν
629 2929 883 2985 ἐνώπιον
900 2934 1005 2987 τοῦ
1029 2934 1357 3004 βασιλέως.
1387 2940 1499 2994 Kal
1529 2938 1701 2998 εἶπεν
1735 2948 1771 2999 ό
1804 2946 1989 3010 ,ϐασι-

420 3020 565 3089 λεὺς
584 3022 662 3089 τῷ
675 3025 899 3095 Δανιήλ
913 3042 928 3056 ο
947 3027 1033 3082 Σὺ
1050 3025 1363 3101 εἶΔανιὴλ,
1380 3035 1413 3087 ό
1433 3033 1552 3088 ἀπὸ
1572 3035 1691 3091 τῶν
1713 3037 1860 3092 υίῶν
1880 3038 1990 3108 τῆς

418 3116 826 3185 αἰχμαλωσίας
848 3118 960 3187 τῆς
986 3121 1291 3191 Ἰουδαίας,
1304 3119 1381 3195 ἧς
1408 3126 1745 3198 κατήγαγεν
1764 3132 1797 3185 ό
1814 3130 1991 3194 ,βασι-

415 3207 563 3274 λεὺς
583 3211 619 3263 ό
632 3209 826 3280 πατήρ
832 3229 953 3281 μου
971 3213 1089 3268 ἀπὸ
1110 3213 1219 3283 τῆς
1243 3216 1532 3286 Ἰουδαίας
1544 3235 1566 3283 ;
1579 3221 1668 3285 Ὠς
1682 3222 1991 3296 καταπλητ-

416 3297 642 3368 τόμενος
663 3300 823 3354 αὐτὸν
838 3302 932 3356 καὶ
947 3304 1025 3367 είς
1039 3305 1283 3376 ἀνάγκην
1299 3307 1589 3376 καθιστῶν,
1611 3312 1782 3367 ταῦτά
1802 3332 1986 3386 φησιν.

418 3389 601 3446 Εἰπὼν
616 3392 692 3453 δὲ,
705 3395 813 3448 Ὃν
831 3394 1053 3465 ἢγαγεν
1068 3395 1215 3472 [251]
1236 3403 1270 3454 ό
1285 3401 1585 3471 ,βασιλεὺς
1603 3407 1637 3459 ό
1652 3406 1847 3476 πατήρ
1869 3425 1988 3477 μου

416 3482 534 3537 ἀπὸ
550 3482 661 3552 τῆς
677 3486 738 3538 al
740 3488 1084 3555 χμαλωσίας
1101 3489 1211 3558 τῆς
1234 3491 1546 3559 Ἰουδαίας,
1563 3496 1736 3550 ταῦτα
1754 3500 1871 3551 κατ’
1892 3499 1990 3552 αὑ-

414 3573 511 3627 τοῦ
530 3574 598 3628 τὰ
620 3576 840 3646 ῥήματα
857 3575 1060 3648 ἔλεγεν,
1080 3581 1129 3633 εἰ
1151 3580 1260 3635 τῶν
1283 3584 1638 3655 αἰχμαλώτων
1658 3587 1834 3642 δέεται
1856 3606 1985 3644 παν·

414 3664 602 3736 ταχοῦ.
636 3669 900 3725 Ἤκουσα
930 3670 1063 3739 περὶ
1091 3672 1226 3736 σοῦ,
1259 3674 1348 3728 ὅτι
1382 3677 1617 3747 πνεῦμα
1648 3679 1795 3734 Θεοῦ
1818 3679 1989 3750 ἅγιον

410 3752 484 3806 ἐν
504 3754 625 3821 σοί,
659 3756 758 3809 καί
785 3756 1102 3828 γρήγορσις
1126 3761 1224 3816 καί
1258 3764 1510 3832 σύνεσις
1544 3769 1643 3822 καί
1671 3770 1856 3839 σοφία
1886 3787 1988 3825 πε-

405 3844 600 3923 ρισσὴ
624 3847 835 3917 εὑρέθη
869 3849 940 3904 ἐν
969 3851 1089 3906 σοί.
1120 3852 1231 3905 Kal
1264 3854 1382 3908 νῦν
1417 3856 1706 3927 είσῆλθον
1730 3860 1989 3916 ἐνώπιόν

406 3951 529 4012 μου
576 3938 631 3991 οί
664 3938 872 4009 σοφοί,
912 3938 1091 4010 μάγοι
1111 3980 1127 4005 ,
1160 3942 1517 4017 Γαζαρηνοί,
1550 3948 1852 4014 Χαλδαῖοι,
1887 3952 1988 4005 ἵνα

413 4027 530 4097 τὴν
548 4031 787 4101 γραφὴν
810 4033 1037 4101 ταύτην
1063 4034 1389 4105 ἀναγνῶσι,
1409 4037 1507 4091 καὶ
1524 4037 1641 4105 τὴν
1666 4040 1987 4110 σύγκρισιν

374 4184 378 4188 α
411 4119 603 4191 αὐτῆς
630 4124 971 4192 γνωρίσωσί
991 4141 1121 4195 μοι·
1171 4125 1272 4182 καί
1305 4129 1418 4183 οὐκ
1447 4127 1843 4201 ἠδυνήθησαν
1874 4133 1987 4203 τὴν

412 4214 738 4283 σύγκρισιν
762 4215 870 4270 τοῦ
896 4219 1082 4287 λόγου
1109 4219 1323 4274 τούτου
1351 4221 1701 4292 ἀναγγεῖλαί
1726 4240 1849 4293 μοι.
1874 4224 1983 4279 Kal

410 4304 527 4377 ἐγὼ
561 4304 802 4387 ἥκουσα
835 4309 969 4380 περὶ
999 4311 1146 4376 σοῦ,
1188 4312 1276 4366 ὅτι
1310 4312 1569 4368 δύνασαι
1612 4316 1985 4387 συγκρίματα

410 4386 743 4468 συγκρῖναὶ,
792 4402 888 4456 καί
920 4403 1092 4457 λύειν
1138 4403 1540 4474 συνδέσμους.
1583 4407 1693 4462 Kal
1723 4409 1841 4463 νῦν
1874 4408 1986 4464 ἐὰν

408 4488 679 4559 δυνηθῇς
698 4492 1034 4563 ἀναγνῶναι
1062 4494 1177 4564 τὴν
1195 4496 1452 4566 γραφὴν,
1474 4498 1572 4552 καί
1592 4499 1707 4567 τὴν
1740 4501 1983 4571 σύγκρι-

408 4596 515 4637 σιν
539 4581 728 4652 αὐτῆς
749 4586 1031 4655 γνωρίσαι
1059 4604 1175 4657 μοι,
1206 4590 1519 4658 πορφύραν
1532 4591 1783 4662 ἐνδύσῃ,
1820 4593 1917 4647 καί
1948 4597 1982 4648 ό

400 4673 703 4744 μανιάκης
733 4678 767 4730 ό
792 4677 1061 4745 χρυσοῦς
1088 4679 1369 4736 ἐσταιέπί
1390 4683 1495 4737 τὸν
1516 4684 1817 4754 τράχηλόν
1838 4701 1976 4751 σου,

407 4767 507 4821 καί
535 4768 731 4836 τρίτος
757 4770 826 4824 ἐν
861 4770 937 4840 τῇ
974 4773 1264 4841 ,βασιλεία
1290 4793 1409 4845 μου
1434 4776 1656 4845 ἄρξεις.
1700 4780 1984 4851 Ὁμολογεῖ

406 4860 502 4913 καὶ
526 4858 625 4931 τὴν
671 4860 779 4914 τῶν
815 4863 1030 4917 οἰκείων
1073 4860 1273 4936 ἦτταν,
1310 4867 1407 4921 καί
1452 4886 1645 4940 φησιν·
1691 4872 1810 4927 εἰπὲ
1834 4914 1850 4941 ,
1883 4874 1979 4928 καὶ

406 4951 539 5005 λαϐὲ
563 4953 708 5006 τάδε.
746 4952 884 5007 Ἀλλ’
910 4957 1012 5027 ὅρα
1039 4957 1128 5010 τὸν
1162 4962 1467 5031 προφήτην,
1492 4963 1584 5016 ἐπὶ
1619 4963 1718 5034 μὲν
1743 4965 1836 5018 τοῦ
1870 4983 1977 5020 πα-

404 5043 531 5113 τρὸς
559 5044 723 5098 αὐτοῦ
754 5045 869 5110 πῶς
895 5047 1191 5118 ἠθύμησεν,
1211 5051 1444 5105 ἐνταῦθα
1465 5054 1521 5106 δὲ
1548 5056 1698 5109 οὐδὲν
1716 5058 1973 5113 τοιοῦτον*

405 5134 543 5197 ἀλλὰ
582 5135 635 5188 τί
673 5154 837 5207 φησι;
878 5140 1013 5193 Τότε
1060 5142 1346 5213 ἀπεκρίθη
1389 5148 1633 5216 Δανιὴλ,
1676 5151 1773 5203 καί
1807 5149 1978 5207 εἶπεν

403 5227 657 5284 ἐνώπιον
682 5231 788 5287 τοῦ
832 5234 1174 5302 βασιλέως*
1228 5239 1300 5292 Τὸ
1332 5239 1485 5310 δόμα
1522 5257 1638 5297 σου
1664 5243 1761 5297 σοί
1795 5247 1973 5310 ἔστω,

403 5320 503 5374 καί
529 5321 644 5391 τὴν
667 5323 891 5392 δωρεὰν
912 5326 1022 5396 τῆς
1046 5330 1234 5396 οίκίας
1256 5348 1370 5386 σου
1398 5333 1574 5403 ἑτέρῳ
1595 5335 1701 5403 δός
1721 5354 1734 5366 ο
1760 5338 1875 5407 ἐγὼ
1904 5340 1974 5392 δὲ

392 5414 518 5493 τὴν
559 5416 798 5486 γραφὴν
845 5419 1261 5490 ἀναγνώσομαι
1304 5425 1383 5491 τῷ
1410 5427 1676 5491 βασιλεῖ,
1717 5432 1813 5487 καί
1858 5433 1973 5502 τὴν

400 5504 721 5575 σύγκρισιν
766 5507 953 5577 αὐτῆς
995 5513 1265 5579 γνωρίσω
1309 5529 1438 5579 σοι,
1478 5518 1763 5584 βασιλεῦ.
1816 5523 1972 5589 Τίνος

401 5596 589 5659 ἕνεκεν
611 5602 953 5672 παραιτεῖται
978 5618 992 5671 ;
1032 5603 1144 5658 Ἱνα
1174 5605 1372 5679 μάθῃς,
1397 5609 1478 5663 ὅτι
1505 5611 1565 5664 οὐ
1593 5610 1657 5664 δι’
1680 5613 1861 5671 ἐκεῖνα
1893 5617 1948 5673 λέ

1913 5646 1970 5675 ὥῗ

1782 240 1849 296 ΙΝ
1887 238 2249 297 DANIELEM.

3552 259 3660 314 224

2089 371 2196 423 γει.
2228 356 2350 439 ’Ὡτι
2388 357 2496 428 γὰρ
2536 360 2635 413 οὐκ
2687 361 3034 434 ὀργιζόμενος
3065 366 3252 432 ἁπλῶς
3283 369 3450 424 ταῦτα
3477 374 3653 438 εἶπεν,

2102 448 2241 517 Ἐγὼ
2267 447 2354 513 δὲ,
2391 451 2544 521 φησὶ,
2569 450 2683 520 τὴν
2701 455 2939 523 γραφὴν
2959 457 3393 529 ἀναγνώσομαι.
3416 464 3514 518 καί
3540 464 3656 533 τὴν

2085 541 2410 611 σύγκρισιν
2455 542 2646 611 αὐτῆς
2692 546 2999 617 ἀναγγελῶ
3047 549 3128 616 τῷ
3166 552 3433 614 βασιλεῖ.
3492 557 3653 628 Ὁρᾷς

2086 633 2250 687 αὐτὸν
2278 636 2575 703 χρημάτων
2618 638 2878 708 κρείττω;
2911 634 3078 711 τιμῆς
3105 643 3407 714 ἀνώτερονς
3442 634 3652 713 οὐδενὸς

2084 723 2333 794 δεόμενον
2365 726 2472 778 τῶν
2508 726 2837 796 βασιλικῶν;
2871 728 3024 784 Οὖτω
3045 731 3126 785 δεῖ
3148 735 3270 797 τοὺς
3305 734 3373 788 τὰ
3396 735 3531 789 Θεοῦ
3562 737 3649 790 λέ-

2083 830 2277 881 γοντας
2314 811 2471 870 εἶναι.
2513 816 2628 870 Ἵνα
2661 819 2734 891 μὴ
2763 820 2953 891 νομίσῃ
3007 822 3087 875 ὅτι
3128 824 3298 897 ταύτῃ
3351 827 3510 881 αὐτὸν
3555 830 3653 881 ἑπ-

2084 906 2437 978 εσπὰσατο,ἧ
2472 908 2808 979 ἀνθρώπινόν
2845 929 2897 964 τι
2935 913 3043 968 τῶν
3072 915 3378 986 λεγομένων
3413 919 3547 972 ὲστί.
3586 918 3651 972 Τί

2082 992 2176 1050 οὖν
2202 1013 2360 1066 φησις
2392 997 2574 1065 Ἀφεὶς
2599 1000 2770 1052 εἰπεῖν
2794 1001 2893 1072 τὴν
2920 1003 3156 1073 γραφὴν,
3181 1004 3488 1076 συμϐουλὴν
3518 1009 3651 1061 ἀπο-
3740 1036 3741 1039 η

2081 1087 2264 1149 τείνει,
2289 1088 2347 1154 ἐξ
2367 1089 2546 1143 αὐτῶν
2575 1089 2681 1143 τῶν
2710 1093 3007 1160 προοιμίων
3035 1094 3195 1148 αὑτὸν
3223 1097 3651 1168 ἀναμιμνήσκων

2082 1179 2191 1233 τῶν
2214 1180 2294 1251 τῷ
2317 1184 2484 1252 πατρὶ
2507 1183 2945 1256 συμϐεϐηκότων.
2962 1186 3024 1239 '0
3049 1188 3194 1252 Θεὸς
3213 1191 3244 1241 ό
3263 1189 3519 1257 ὕψιστος
3538 1190 3652 1258 τὴν

2077 1272 2425 1336 βασιλείαν,
2450 1274 2548 1327 καὶ
2576 1273 2692 1341 τὴν
2706 1278 3170 1346 μεγαλωσύνην,
3194 1281 3290 1333 καί
3317 1282 3432 1348 τὴν
3449 1281 3646 1350 τιμὴν,

2082 1365 2178 1418 καὶ
2211 1362 2325 1432 τὴν
2354 1364 2540 1430 δόξαν
2577 1366 2761 1421 ἔδωκε
2801 1369 3331 1439 Ναϐουχοδονόσορ
3369 1370 3447 1436 τῷ
3474 1373 3651 1439 πατρί

2082 1471 2216 1510 σου.
2241 1457 2349 1511 Καὶ
2374 1458 2491 1512 ἀπὸ
2507 1457 2617 1527 τῆς
2641 1462 3094 1529 μεγαλωσύνης,
3123 1457 3199 1532 ἧς
3216 1463 3442 1517 ἔδωκεν
3465 1462 3645 1529 αὐτῷ,

2082 1546 2305 1614 πάντες
2334 1552 2387 1603 οί
2420 1552 2578 1615 λαοί,
2603 1551 2808 1619 ςρυλαί,
2830 1549 3101 1619 γλῶσσαι
3125 1549 3287 1623 ἦσαν
3313 1553 3644 1622 τρέμοντες,

2082 1642 2181 1696 καί
2209 1643 2561 1712 φοϐούμενοι
2598 1644 2717 1699 ἀπὸ
2751 1644 3071 1712 προσώπου
3099 1646 3302 1700 αὑτοῦ.
3338 1646 3453 1712 Οὓς
3479 1646 3647 1699 ἐϐού-

2081 1737 2221 1788 λετο
2250 1736 2432 1802 αὐτὸς
2460 1736 2686 1805 ἀνῄρει,
2719 1737 2819 1790 καὶ
2852 1738 2958 1804 οὓς
2984 1739 3264 1793 ἐϐούλετο
3300 1740 3480 1804 αὐτὸς
3511 1740 3646 1793 ἐτυ-

2083 1840 2249 1890 πτεν,
2275 1827 2372 1881 καὶ
2390 1808 2497 1893 οὓς
2520 1828 2798 1882 ἐϐούλετο
2823 1828 3003 1895 αὐτὸς
3023 1830 3397 1884 ἐταπείνουα.
3416 1830 3522 1883 Kal
3550 1831 3649 1883 ὅτε

2083 1917 2295 1986 ὑψώθη
2330 1920 2369 1987 η
2414 1918 2625 1987 καρδία
2673 1919 2887 1984 αὑτοῦ,
2935 1920 3033 1974 καὶ
3079 1922 3144 1974 τὸ
3201 1919 3431 1990 πνεῦμα
3463 1922 3648 1974 αὑτοῦ

2085 2007 2444 2079 ἐκραταιώθη
2484 2009 2591 2064 τοῦ
2632 2012 3274 2079 ὑπερηφανεύσασθαι,
3312 2012 3647 2081 κατηνέχθη

2084 2099 2204 2155 ἀπὸ
2234 2100 2339 2155 τοῦ
2377 2102 2592 2169 θρόνου
2617 2101 2728 2170 τῆς
2742 2103 3062 2169 ,βασιλείας
3079 2103 3283 2168 αὑτοῦ,
3313 2105 3410 2157 καὶ
3445 2105 3483 2171 ἡ
3511 2103 3647 2173 τιμὴ

2083 2193 2269 2247 αὐτοῦ
2287 2193 2552 2263 ἀφῃρέθη
2576 2195 2677 2249 ἀπ’
2700 2193 2905 2259 αὑτοῦ,
2926 2194 3023 2248 καὶ
3051 2194 3168 2250 ἀπὸ
3188 2194 3304 2250 τῶν
3329 2195 3651 2264 ἀνθρώπων

2082 2280 2416 2352 ἐξεδιώχθη,
2445 2284 2543 2337 καί
2584 2284 2623 2352 ἡ
2653 2283 2863 2353 καρδία
2895 2284 3079 2338 αὑτοῦ
3100 2285 3253 2352 μετὰ
3290 2283 3408 2339 τῶν
3432 2287 3650 2354 θηρίων

2068 2375 2300 2443 -ἐδόθη,
2332 2376 2429 2430 καὶ
2469 2376 2620 2445 μετά
2648 2376 2803 2430 ὄνων
2839 2376 3056 2446 ἀγρίων
3096 2376 3136 2443 ἢ
3182 2375 3334 2449 [252]
3380 2378 3650 2431 κατοικία

2080 2465 2289 2529 αὐτοῦ,
2315 2466 2411 2519 καί
2444 2466 2663 2535 χόρτον
2691 2466 2772 2532 ώς
2807 2465 2971 2531 βοῦν
3003 2464 3290 2536 ἐψώμιζον
3315 2466 3520 2531 αὐτὸν,
3547 2465 3650 2525 καί

2081 2556 2201 2611 ἀπὸ
2246 2556 2356 2627 τῆς
2401 2557 2624 2627 δρόσου
2672 2558 2777 2612 τοῦ
2826 2558 3085 2626 οτίιοανοῦ
3128 2557 3196 2612 τὸ
3243 2557 3412 2628 σῶμα
3463 2558 3650 2613 αὑτοῦ

2080 2649 2291 2719 ἑϐἀςρη,
2310 2650 2420 2717 ἓως
2441 2646 2512 2707 οὗ
2539 2650 2692 2721 ἔγνω
2714 2650 2802 2704 ὅτι
2829 2651 3086 2718 κυριεύει
3112 2653 3146 2704 ὸ
3165 2651 3304 2716 Θεὸς
3335 2655 3368 2705 o'
3392 2651 3650 2719 ὕψιστος

2082 2741 2195 2811 τῆς
2227 2742 2548 2808 ,ϐασιλείας
2579 2740 2697 2796 τῶν
2722 2740 3046 2810 ἀνθρώπων
3066 2781 3081 2807 ,
3119 2741 3217 2795 καί
3263 2734 3312 2807 ᾦ
3342 2740 3450 2795 ἐὰν
3499 2740 3648 2810 δόξῃ

2083 2832 2261 2887 δώσει
2290 2832 2501 2899 αὑτήν.
2548 2832 2611 2885 Εἰ
2647 2829 2756 2901 γὰρ
2794 2832 3016 2895 ἐκεῖνος,
3052 2830 3204 2901 φησὶ,
3246 2829 3647 2898 ἀσύγγνωστος,

2086 2924 2151 2977 σὺ
2194 2925 2223 2978 ὁ
2269 2923 2407 2995 μετὰ
2453 2923 2798 2997 παράδειγμα
2845 2922 3082 2976 τοιοῦτον
3118 2923 3192 2994 μὴ
3227 2921 3648 2993 σωφρονισθεὶς,

2082 3017 2227 3080 τίνος
2271 3014 2448 3081 ἄξιος,
2482 3017 2602 3069 εἰπέ
2636 3032 2755 3086 μοις
2789 3015 2923 3069 Οὐδὲ
2967 3016 3077 3087 γὰρ
3122 3016 3202 3079 είς
3245 3014 3465 3083 ἄγνοιαν
3509 3014 3652 3084 ἔχεις

2084 3111 2440 3180 καταφυγεῖν.
2499 3108 2633 3163 Οὐδὲ
2667 3108 2844 3162 πάντα
2895 3108 3068 3161 ταῦτα
3118 3106 3292 3177 ᾕδειςς
3335 3106 3469 3159 Τίνα
3508 3105 3652 3168 τίνος

2085 3202 2391 3273 προτιμᾷςς
2429 3201 2554 3263 τοὺς
2575 3200 2674 3252 οὐκ
2700 3198 3013 3265 ἀκούοντας,
3037 3198 3158 3252 οὐδὲ
3189 3197 3509 3269 βλέποντας;
3542 3194 3652 3250 Kal

2083 3291 2165 3346 σὺ
2188 3293 2221 3345 ό
2240 3290 2369 3357 υίὸς
2387 3289 2592 3354 αὑτοῦ,
2618 3288 2954 3357 Βαλτάσαρ,
2982 3290 3090 3342 οὐκ
3107 3287 3512 3353 ἐταπείνωσας
3536 3285 3652 3353 τὴν

2081 3381 2334 3449 καρδίαν
2364 3393 2481 3433 σου
2526 3380 2653 3433 κατ’
2701 3377 2955 3432 ἐνώπιον
2982 3376 3089 3431 τοῦ
3120 3374 3285 3430 Θεοῦ.
3333 3375 3414 3429 Οὐ
3455 3372 3652 3427 πάντα

2081 3472 2267 3527 ταῦτα
2289 3473 2512 3541 ἕγνως;
2549 3469 2658 3525 Kal
2693 3469 2793 3523 ἐπὶ
2824 3468 2932 3524 τὸν
2971 3469 3192 3537 Κύριον
3225 3466 3333 3520 τὸν
3364 3466 3513 3520 Θεὸν
3542 3463 3651 3518 τοῦ

2077 3566 2339 3635 οὐρανοῦ
2367 3564 2633 3634 ὑψώθης,
2669 3565 2768 3619 καί
2806 3564 2878 3620 τὰ
2902 3564 3091 3631 σκεύη
3122 3562 3226 3616 τοῦ
3264 3560 3435 3615 οἴκου
3462 3557 3649 3613 αὐτοῦ

2079 3657 2338 3728 ἤνεγκας
2363 3657 2620 3714 ἐνώπιόν
2648 3673 2791 3713 σου·
2833 3656 2927 3711 καὶ
2960 3656 3063 3720 σὺ,
3096 3654 3194 3709 καὶ
3226 3656 3278 3707 οί
3293 3649 3651 3723 μεγιστᾶνες

2080 3766 2216 3819 σου,
2236 3750 2335 3803 καὶ
2368 3752 2422 3803 οί
2449 3749 2794 3818 παράκοιτοί
2813 3765 2951 3813 σου,
2988 3747 3084 3801 καί
3108 3750 3166 3801 al
3196 3742 3502 3799 παλλακαί
3531 3756 3649 3796 σου

2079 3842 2311 3897 ἐπίνετε
2340 3838 2507 3896 οἶνον
2525 3843 2594 3896 ὲν
2612 3841 2836 3908 αὐτοῖς·
2861 3842 2956 3896 καί
2979 3840 3120 3905 τοὺς
3139 3838 3309 3904 θεοὺς
3340 3836 3482 3902 τοὺς
3505 3850 3650 3903 χρυ-

2081 3933 2251 3999 σοῦς,
2286 3933 2382 3987 καί
2402 3933 2717 4003 ἀργυροῦς,
2756 3933 2852 3986 καί
2881 3930 3177 4001 χαλκοῦς,
3212 3927 3309 3982 καὶ
3340 3924 3645 3993 σιδηροῦς,

2080 4022 2178 4075 καὶ
2209 4021 2528 4087 ξυλίνους,
2563 4021 2662 4075 καὶ
2694 4022 2984 4085 λιθίνους,
3002 4018 3060 4072 οτ
3089 4020 3160 4072 οὐ
3195 4018 3519 4082 βλέπουσι,
3548 4014 3646 4067 καί

2080 4116 2192 4168 οὐκ
2220 4113 2533 4179 ἀκούουσι,
2561 4111 2658 4166 καὶ
2702 4113 2773 4166 οὐ
2801 4111 3224 4181 γινώσκουσιν,
3262 4108 3509 4175 ᾔνεσας,
3548 4105 3646 4159 καί

2079 4207 2185 4261 τὸν
2204 4206 2373 4270 Θεὸν,
2387 4202 2457 4262 οὗ
2487 4208 2525 4276 ή
2551 4205 2705 4273 πνοή
2726 4220 2841 4259 σου
2861 4204 2932 4258 ὲν
2950 4201 3100 4273 χειρί
3120 4200 3325 4264 αὑτοῦ,
3339 4199 3436 4253 καί
3459 4197 3649 4253 πᾶσαι
3740 4250 3751 4267 ,

2078 4304 2138 4355 αἱ
2176 4300 2304 4355 όδοί
2334 4316 2471 4363 σου,
2511 4299 2699 4353 αὐτὸν
2739 4298 2848 4352 οὐκ
2884 4295 3200 4361 ὲδόξασας.
3235 4293 3337 4348 Διά
3375 4291 3551 4348 τοῦτο
3578 4292 3647 4348 ἐκ

2078 4392 2403 4461 προσώπου
2436 4390 2624 4445 αὑτοῦ
2662 4388 2975 4457 ἀπεστάλη
3018 4386 3391 4457 ἀστράγαλος
3427 4384 3645 4457 χειρὸς,

2078 4485 2179 4539 καὶ
2218 4483 2335 4552 τὴν
2377 4482 2616 4554 γραφὴν
2664 4483 2887 4550 ταύτην
2941 4480 3203 4545 ἐνέταξε.
3245 4479 3354 4534 Kal
3405 4479 3556 4546 αὕτη
3605 4479 3644 4547 η

2052 4575 2272 4647 ὙῬαὸοὴ
2302 4577 2341 4645 ἢ
2366 4573 2788 4644 ἐντεταγμένη·
2810 4572 3006 4640 Μανὴ,
3047 4571 3254 4636 Θεκὲλ,
3296 4570 3485 4640 Φαρές
3505 4586 3519 4600 ·
3548 4568 3648 4623 καί

2077 4669 2253 4724 τοῦτο
2289 4668 2356 4724 τὸ
2385 4670 2682 4739 σύγκριμα
2700 4667 2807 4722 τοῦ
2836 4665 3149 4737 δράματος.
3181 4664 3351 4730 Μανῆ
3372 4682 3387 4695 ο
3407 4662 3649 4732 ἐμέτρη-

2077 4778 2189 4817 σεν
2218 4765 2250 4817 ό
2276 4761 2419 4829 Θεὸς
2447 4761 2563 4830 τὴν
2601 4760 2929 4826 βασιλείαν
2967 4774 3105 4820 σου,
3151 4756 3249 4810 καὶ
3294 4755 3649 4821 ἐπλήρωσεν

2077 4853 2285 4921 αὑτήν.
2313 4856 2499 4909 Θεκέλ
2523 4869 2537 4883 ’
2566 4850 2790 4920 ἐστάθη
2819 4851 2888 4904 ἐν
2913 4847 3082 4918 ζυγῷ,
3108 4847 3203 4901 καὶ
3234 4845 3442 4915 εἰιρέθη
3466 4847 3647 4902 ύστε-

2067 4944 2285 5012 ροῦσα.
2305 4943 2519 5012 Φαρές·
2545 4941 2782 5010 διῃρέθη
2817 4943 2855 5008 ἠ
2871 4941 3160 5004 ,Βασιλεία
3184 4956 3319 5002 σου,
3345 4940 3439 4993 καί
3469 4939 3645 5007 ἐδόθη

2075 5036 2301 5104 Μήδοις
2322 5037 2417 5090 καί
2449 5034 2726 5102 Πέρσαις.
2744 5033 2844 5087 Διά
2862 5031 3059 5099 τοῦτο,
3082 5033 3234 5101 φησὶ,
3260 5032 3583 5102 ἐμέτρησεν
3612 5033 3646 5084 ό

2077 5127 2221 5193 Θεὸς
2251 5124 2364 5195 τὴν
2399 5123 2728 5189 ,βασιλείαν
2759 5136 2897 5188 σου,
2926 5120 3024 5175 καὶ
3051 5120 3312 5191 διῃρέθη.
3344 5122 3454 5174 Καὶ
3488 5120 3648 5173 τοῦτο

2073 5223 2153 5284 εἰς
2181 5219 2485 5291 τιμωρίαν,
2515 5216 2574 5269 τὸ
2604 5215 2960 5287 διαιρεθῆναι,
2996 5216 3088 5270 καὶ
3138 5215 3212 5288 μὴ
3261 5216 3441 5287 μένειν
3476 5211 3645 5282 αὐτὴν

2133 5442 2160 5470 ⁸³
2186 5438 2278 5487 Καὶ
2302 5435 2381 5492 οὓς
2419 5434 2636 5483 ἐϐούλετο
2678 5434 2820 5491 αὐτὸς
2860 5434 3118 5483 ἐταπείνου.
3151 5433 3217 5495 ιω
3250 5425 3647 5495 Δ(εέιρίιξηόυειιθιξῑ

2070 5503 2165 5552 iste
2368 5483 2458 5545 ’καὶ
2481 5498 2561 5552 οὓς
2596 5483 2978 5559 ἐϐούλετογῦψου,
3014 5497 3094 5559 καὶ
3112 5494 3212 5559 ,οὓς
3243 5483 3647 5559 ἐβοῆδλεῖφαῗξξτξς

2070 5542 2350 5621 ἔὲξπὲῐκὶοἶιῖ
2373 5542 2567 5621 Ειιιὲιὸὲ
2601 5542 2923 5621 οοίέοὰιζίρἑέ
2943 5542 3210 5613 e'xalmbat;
3238 5555 3282 5601 et
3306 5558 3423 5611 quos
3445 5542 3647 5606 υοιώιιι.

2069 5623 2172 5687 ipse
2192 5620 2502 5686 dezn'huebat.
