4104 6214
469 283 579 338 915

467 400 776 469 ὁλόκληρον.
804 397 980 466 Ὅπερ
1023 390 1115 450 οῦν
1147 395 1241 449 καὶ
1279 394 1375 446 ἐπὶ
1419 392 1759 462 Σολομῶντος
1797 387 2038 458 γέγονεν.

467 507 544 561 Οὐ
573 505 732 578 μόνον
761 505 824 557 τὸ
854 505 928 575 μὴ
954 502 1139 556 λαϐεῖν
1165 500 1255 556 τδν
1293 478 1430 562 υίδν,
1463 499 1600 555 ἀλλά
1631 499 1725 555 καὶ
1752 497 1812 551 τὸ
1840 496 2041 566 διαιρε-

467 613 645 685 θῆναι.
668 611 811 684 Ὅρα
836 610 1268 682 ἀπολογούμενον
1289 609 1435 681 αὐτῷ
1454 609 1548 663 τὸν
1565 608 1696 662 Θεόν
1715 624 1729 638 ·
1753 607 1854 678 ὅρα
1874 605 2039 658 αὑτὸν

466 721 640 773 αἴτιον
667 720 818 777 δνται
857 716 939 777 Οὖ
971 721 1010 790 ἡ
1040 719 1196 787 πνοή
1225 736 1364 781 σου,
1387 719 1541 791 φησὶ,
1560 718 1630 772 ὲν
1657 716 1806 789 χειρί
1827 713 2035 770 αὐτοῦ.

464 822 557 894 Μὴ
576 823 684 895 γάρ
703 825 803 878 οὐκ
824 823 1054 895 ἠδύνατο
1074 824 1274 890 εύθέως
1293 842 1352 878 σε
1369 824 1609 888 άνελεῖν;
1638 823 1778 876 Ἀλλ’
1798 824 1824 874 ἐ
1832 839 1940 893 μακ
1949 839 2036 892 ρο-

466 927 729 1000 θύμησεν.
750 931 882 985 Τίνα
911 932 1012 985 οὐκ
1038 931 1103 986 ἂν
1131 930 1396 1002 ἐφόϐησεν
1421 932 1456 1001 ἡ
1477 931 1734 1002 τιμωρία,
1755 930 1850 986 καὶ
1866 929 2039 984 ταῦτα

464 1037 633 1106 ἐγγὺς
666 1031 832 1104 οὗσα;
872 1035 1026 1104 Εἶδες
1055 1039 1156 1110 τὴν
1187 1039 1274 1109 ἐφ’
1305 1038 1540 1110 ἑκάτερα
1580 1037 1842 1108 δύναμιν;
1876 1036 2038 1089 πόθεν

464 1145 616 1212 ἄξιος
645 1142 718 1212 εἷ,
745 1147 867 1200 εἰπέ
903 1165 1016 1219 μοι,
1041 1145 1369 1218 συγγνώμης
1393 1165 1410 1214 ;
1442 1147 1539 1202 καὶ
1563 1147 1626 1200 σὺ
1646 1149 1674 1200 ό
1705 1145 1819 1210 υἱὸς
1848 1145 2035 1209 αὐτοῦ,

466 1253 570 1330 ούκ
596 1252 704 1324 ἔχω
735 1255 930 1322 εἰπεῖν,
963 1255 992 1308 ό
1042 1254 1286 1326 ἔκγονος,
1306 1255 1368 1308 οὐ
1417 1255 1595 1309 πάντα
1622 1252 1796 1308 ταῦτα
1831 1251 2034 1322 ἐγνως;

465 1363 731 1437 Καθάπερ
765 1365 857 1442 ἐπὶ
884 1365 1235 1438 δικαστηρίου
1267 1367 1300 1436 ὴ
1329 1365 1604 1435 ἀπόφασις
1624 1363 1913 1436 γράφεται,
1943 1355 2036 1415 οῦ-

465 1487 556 1533 τος
591 1471 880 1542 ἐρμηνεύει
926 1471 1000 1527 τὰ
1048 1471 1336 1543 λεγόμενα.
1383 1471 1554 1526 Πόθεν
1602 1471 1834 1542 ἐπῆλθεν
1886 1469 2038 1540 αὐτῷ

465 1578 692 1650 τιμῆσαι
718 1578 810 1633 τδν
838 1580 1037 1650 Δανιήλ
1061 1595 1076 1645 ;
1114 1579 1203 1644 Ὠς
1228 1579 1353 1652 ἐμοὶ
1381 1579 1558 1645 δοκεῖ,
1593 1577 1732 1633 ὥστε
1765 1578 1840 1650 μὴ
1869 1595 2038 1632 κατα-

467 1685 773 1758 γνωσθῆναι
802 1687 951 1760 παρά
981 1687 1090 1742 τῶν
1110 1687 1417 1761 παρόντων,
1447 1687 1761 1761 προσδοκῶν
1793 1688 1924 1752 ἴσως
1949 1688 2040 1741 εύ-

471 1797 584 1866 ρεῖν
604 1795 758 1851 λύσιν
783 1796 871 1851 διά
901 1798 1095 1852 ταῦτα.

972 1944 1126 2002 ιεεδ]
1155 1946 1404 2003 ΚΕΦΑΛ.
1448 1947 1541 2014 σν.

535 2092 645 2148 Καί
667 2097 700 2152 ὁ
727 2093 1030 2162 ,βασιλεὺς
1049 2094 1422 2164 κατέστησεν
1439 2096 1624 2150 αὑτὸν
1642 2095 1736 2167 ἐφ’
1755 2096 1902 2166 ὅλης
1927 2095 2038 2166 τῆς

458 2200 779 2268 βασιλείας
835 2203 1040 2258 αὑτοῦ.
1096 2203 1204 2258 Kal
1247 2206 1301 2258 οἰ
1355 2203 1618 2258 τακτικοί
1671 2203 1770 2257 καί
1826 2207 1880 2258 οἰ
1931 2219 2038 2258 σα-

466 2305 681 2376 τράπαι
698 2307 946 2375 ἐζῆτουν
981 2310 1288 2379 πρόφασιν
1317 2311 1516 2380 εὑρεῖν
1539 2311 1690 2365 κατὰ
1721 2309 1948 2379 Δανιὴλ
1967 2311 2036 2392 ἐκ

464 2415 575 2485 τῆς
614 2418 955 2486 βασιλείας.
997 2417 1110 2474 Kal
1145 2418 1352 2476 πᾶσαν
1378 2420 1685 2490 πρόφασιν
1719 2422 1818 2476 καί
1861 2420 2039 2490 παρά-

465 2543 672 2596 πτωμα
714 2529 826 2598 οὐχ
877 2523 1058 2598 εὗρον
1106 2529 1232 2583 κατ’
1269 2529 1488 2596 αὐτοῦ,
1531 2529 1621 2583 ὅτι
1655 2529 1884 2596 πιστὸς
1918 2524 2032 2599 ἦν·

463 2636 707 2690 τουτέστι
737 2636 832 2690 καὶ
852 2635 1041 2700 εὔνους
1066 2635 1143 2708 τῷ
1168 2635 1377 2707 βασιλεῖ
1403 2631 1470 2708 ἦν
1491 2647 1540 2690 ﬂ.
1567 2636 1659 2701 "H,
1683 2635 1804 2690 Ὅτι
1824 2633 2038 2701 πιστὸς

465 2739 544 2814 ἦν
563 2761 576 2774 ·
601 2743 872 2810 τουτέστι,
912 2745 1134 2819 ἐθάρρει
1161 2744 1240 2818 τῷ
1270 2743 1408 2817 Θεῷ,
1439 2745 1692 2810 κάκεῖνος
1723 2746 1900 2800 πάντα
1921 2746 2040 2799 ἐκυ-

468 2850 663 2922 ϐέρνα·
687 2851 824 2906 Θεοῦ
859 2851 916 2906 δὲ
951 2852 1344 2926 κυϐερνῶντος,
1376 2853 1461 2918 τίς
1492 2854 1560 2908 ἂν
1588 2854 1797 2923 γένοιτο
1831 2853 2036 2926 βλάϐη;

467 2957 534 3009 Τί
558 2951 653 3011 οῦν
673 2974 844 3028 φησι;
874 2955 1068 3014 Εἶπον
1095 2961 1150 3014 οἰ
1173 2959 1434 3014 τακτικοί
1467 2959 1836 3030 ἐκεῖνοι,οὐχ
1861 2961 2038 3032 εὑρή-

464 3079 658 3134 σομεν
684 3065 833 3119 κατὰ
864 3065 1090 3134 Δανιὴλ
1119 3067 1444 3138 πρόφασιν,
1479 3070 1533 3123 εἰ
1554 3067 1640 3138 μὴ
1673 3069 1743 3123 ἐν
1769 3070 2039 3140 νομίμοις

469 3174 618 3229 Θεοῦ
643 3174 850 3230 αὐτοῦ.
895 3174 1082 3241 Οὐδὲν,
1122 3176 1275 3248 φησι,
1324 3176 1544 3231 δυνατὸν
1574 3178 1774 3250 εὑρεῖν.
1813 3174 1913 3232 Διά
1947 3178 2035 3245 τίς

467 3283 560 3355 Μὴ
584 3284 685 3338 οὐκ
699 3283 982 3357 ἄνθρωπός
1004 3287 1181 3353 ἐστιν;
1203 3287 1262 3340 ἐν
1289 3288 1453 3342 πᾶσιν
1471 3287 1761 3352 ἄπταιστος
1783 3288 2034 3357 γέγονενς

469 3392 544 3444 Τὸ
577 3392 767 3462 μέλλον
797 3393 1009 3465 ἄδηλον,
1027 3394 1122 3449 καὶ
1145 3395 1282 3467 ύπέρ
1308 3396 1415 3450 τῶν
1438 3395 1736 3466 μελλόντων
1761 3397 1879 3460 πῶς
1904 3398 2039 3451 ἀπο-

469 3498 724 3568 φαίνεσθε
747 3516 762 3568 ;
798 3500 908 3555 Καί
934 3517 1084 3573 φησι,
1108 3505 1306 3574 Πεῖραν
1333 3503 1599 3576 ἐλάϐομεν
1630 3505 1739 3559 ἀπὸ
1763 3503 1872 3559 τῶν
1898 3523 2040 3578 πρα-

468 3611 716 3683 γμάτων.
755 3614 826 3668 Εἰ
865 3611 952 3682 μὴ
989 3613 1060 3668 ἐν
1102 3614 1408 3684 νομίμοις,
1441 3615 1594 3687 φησὶ,
1635 3615 1784 3672 Θεοῦ
1828 3617 2036 3684 αὐτοῦ,

469 3721 584 3789 οὐχ
621 3720 960 3792 εὑρήσομεν
995 3723 1321 3792 πρόφασιν.
1363 3723 1472 3778 Καὶ
1511 3723 1617 3796 μὴν
1662 3726 1778 3778 ἐκεῖ
1802 3725 2039 3797 ἄληπτος

471 3829 653 3900 πολλῷ
680 3829 862 3885 πλέον.
899 3831 1180 3904 Συγχωρεῖ
1207 3831 1300 3886 τὸν
1329 3833 1636 3905 πειρασμὸν
1669 3835 1698 3888 ό
1734 3834 1866 3898 Θεὸς
1903 3835 2038 3906 πρὸς

465 3940 714 4010 δοκιμήν.
741 3939 835 4010 Μὴ
865 3939 974 4012 γὰρ
1013 3941 1114 3996 οὐκ
1157 3941 1388 4013 ἠδύνατο
1418 3943 1657 3998 κωλῦσαι
1700 3945 1800 4016 τὴν
1840 3946 2038 4000 κακίαν

468 4046 728 4112 ἐκείνων;
771 4047 912 4100 Ἀλλ’
947 4047 1035 4102 ἵνα
1075 4048 1165 4103 διὰ
1225 4048 1415 4105 τούτου
1465 4050 1677 4123 μάθῃς,
1717 4052 1813 4106 καὶ
1852 4053 2039 4109 τοῦτον

464 4154 789 4229 θαυμάσῃς,
836 4158 897 4211 οὐ
932 4157 1117 4228 φθονεί
1155 4159 1250 4212 τοῦ
1297 4160 1560 4231 στεφάνου
1601 4164 1713 4224 τοῖς
1751 4139 2036 4228 ὀίκέτοιςὶι

465 4268 654 4322 αὑτοῦ.
691 4269 830 4324 Τότε
850 4271 906 4325 οἰ
925 4271 1187 4326 τακτικοί
1215 4271 1313 4326 καί
1336 4273 1391 4326 οἰ
1416 4272 1715 4341 σατράπαι
1739 4273 2039 4343 παρέστη-

464 4394 588 4433 σαν
613 4377 694 4444 τῷ
717 4379 985 4447 βασιλεῖ,
1006 4381 1104 4435 καί
1131 4377 1303 4436 εἷπον
1316 4382 1474 4448 αὑτῷ
1488 4399 1503 4413 ·
1527 4383 1728 4452 Δαρεῖε
1743 4384 2029 4451 βασιλεῦ,

346 4494 365 4503 ³
462 4486 551 4551 εἰς
583 4483 725 4550 τοὺς
759 4484 979 4553 αἰῶνας
1018 4487 1165 4554 ζῆθι.
1209 4490 1775 4544 Συνεϐουλεύσαντο
1815 4489 2038 4556 πάντες

461 4597 518 4648 οἰ
541 4594 640 4648 ἐπί
671 4592 780 4662 τῆς
808 4595 1134 4662 ,βασιλείας
1167 4611 1286 4651 σου
1322 4598 1646 4667 στρατηγοὶ
1693 4599 1792 4654 καί
1821 4599 2039 4670 σατρά-

463 4718 570 4758 παι
589 4745 603 4766 ,
627 4703 843 4758 ὕπατοι
917 4702 1019 4757 καί
1055 4702 1375 4774 τοπάρχαι,
1415 4705 1520 4759 τοῦ
1553 4704 1780 4774 στῆσαι
1824 4707 2039 4762 στάσει

457 4811 778 4883 βασιλικῇ,
821 4811 924 4867 καί
961 4811 1288 4882 ἐνισχῦσαι
1328 4811 1617 4883 ὁρισμὸν,
1657 4813 1818 4882 ὅπως
1845 4807 1915 4882 ὃς
1960 4814 2039 4869 ἂν

459 4917 684 4989 αἰτήσῃ
720 4920 882 4990 παρὰ
917 4919 1144 4987 παντὸς
1180 4918 1319 4974 θεοῦ
1343 4919 1380 4989 ἢ
1421 4919 1737 4990 ἀνθρώπου
1759 4932 1782 4962 ο
1819 4922 2038 4993 αἴτημα

458 5025 573 5092 ἕως
598 5027 837 5095 ἡμερῶν
870 5020 1208 5098 τριάκοντα,
1243 5029 1379 5085 ἀλλ’
1405 5029 1444 5099 ἣ
1485 5031 1643 5100 παρὰ
1677 5032 1813 5098 σοῦ,
1858 5033 2039 5097 ,βασι-

461 5135 598 5199 λεῦ,
629 5136 1062 5206 ἐμϐληθήσεται
1079 5143 1166 5209 εἰς
1190 5142 1298 5197 τὸν
1326 5141 1556 5197 λάκκον
1590 5143 1709 5197 τῶν
1750 5144 2034 5201 λεόντων.

491 5394 502 5407 η
519 5335 545 5364 ⁸
569 5334 908 5408 Tlleogqrclqs
921 5349 932 5383 :
945 5337 1030 5408 τὴν
1045 5337 1135 5408 γάρ
1153 5341 1257 5408 περὶ
1273 5340 1358 5408 τόν
1377 5341 1497 5408 θεὸν
1519 5341 1761 5404 φυλάττων
1777 5343 2034 5407 εὐσέϐειαν,

454 5397 616 5460 εὐνοίᾳ
637 5398 785 5458 πολλῇ
807 5397 886 5444 καὶ
905 5400 1012 5459 περί
1033 5397 1140 5455 101'};
1161 5397 1379 5461 βασιλέας
1401 5397 1646 5464 ἐκέχρητο.

521 5467 547 5506 δ
565 5467 684 5529 Leg.
715 5467 904 5523 οἰκείοις
921 5469 999 5518 vel
1023 5469 1242 5525 οἰκέταις.

520 5539 544 5568 ⁸
564 5537 845 5611 Jostllus:
1039 5539 1159 5611 μήτε
1197 5540 1328 5611 αύτῷ
1355 5557 1464 5611 εις,-
1502 5543 1758 5611 μήτε-τοῖς
1787 5544 2036 5611 θεοίίςδεὸ-

457 5600 786 5673 μενος-,αὐτῶν
830 5600 910 5646 καὶ
944 5599 1312 5673 εὐχόμενοςεῐηζ
1355 5599 1513 5673 Farle'
1553 5599 1814 5673 scripserat
1856 5599 2033 5671 ἀνθρὼ-

455 5671 550 5718 περ,
579 5658 786 5710 librariis
809 5673 926 5711 vero
945 5658 1100 5712 fréindi
1121 5661 1212 5712 fuit
1232 5663 1450 5712 breviat:
1471 5658 1725 5727 scriplu'u.

1163 277 1220 334 S.
1259 274 1541 333 JO.\NNIS
1574 265 2065 328 Clll’.\'SOSTCMI
2102 263 2418 320 AKLIIIEP.
2463 261 3009 319 CONSTANTINOP.

3617 265 3724 318 226

2148 383 2277 436 Νῦν
2318 379 2466 448 οὖν,
2514 381 2812 447 βασιλεῦ,
2841 379 3082 448 στῆσον
3132 377 3239 432 τὸν
3284 376 3535 448 ὁρισμὸν
3558 417 3575 442 ,
3623 379 3724 434 καί

2147 492 2318 558 ἔκθες
2343 488 2601 562 γραφὴν,
2630 488 2790 554 ὅπως
2814 486 2900 556 μὴ
2939 484 3243 554 άλλοιωθῇ
3272 484 3336 539 τὸ
3369 484 3561 554 δόγμα
3595 485 3722 554 Μήο

2145 603 2268 656 δων
2301 600 2399 656 καί
2449 577 2714 670 Περσῶν,
2746 596 2906 662 ὅπως
2944 595 3023 651 ἂν
3058 594 3144 664 μὴ
3173 592 3532 663 παραγραρῇ
3579 609 3724 647 κατα

2144 713 2346 768 ἐναντι
2369 712 2604 765 τούτου.
2635 709 2770 762 Τότε
2807 709 2840 760 ὁ
2869 703 3170 771 βασιλεὺς
3209 701 3448 770 Δαρεῖος
3471 701 3723 766 ἐπέταξε

2145 820 2440 893 ῃοαφῆναι
2461 818 2526 873 τὸ
2551 817 2759 888 δόγμα.
2785 815 2928 886 Ὅρα
2959 813 3011 866 τί
3038 811 3271 876 ποιοῦσι,
3300 810 3418 874 πῶς
3439 810 3724 879 ἀλόγιστον

2144 931 2320 1002 δόγμα
2361 923 2689 990 ἐσπούδαζον
2726 922 2942 993 στῆσαι.
2970 919 3082 974 Καὶ
3116 917 3260 972 κατά
3299 915 3534 987 σπουδὴν
3564 915 3724 969 τοῦτο

2143 1039 2374 1096 αἰτοῦσι.
2394 1036 2468 1091 T6
2503 1035 2601 1107 μὲν
2625 1032 2734 1104 γὰρ
2764 1031 2964 1100 λέγειν,
2999 1030 3098 1093 ’ος
3124 1028 3198 1107 μν
3225 1027 3426 1098 αἰτήσῃ
3453 1026 3606 1097 παρὰ
3624 1025 3720 1079 ἀν-

2144 1147 2385 1223 θρώπου,
2423 1143 2584 1214 λόγον
2619 1139 2802 1211 εἶχενς
2839 1137 2978 1192 Ἀλλ’
3007 1135 3224 1190 ἐδόκουν
3269 1133 3586 1204 σοφίζεσθαι
3627 1132 3722 1187 τὸν

2143 1255 2299 1324 λόγον
2326 1253 2426 1322 τῆς
2446 1250 2715 1320 αἰτήσεως
2748 1243 2827 1316 τῷ
2857 1243 3049 1316 βραχεῖ
3068 1242 3264 1314 χρόνῳ.
3301 1241 3438 1295 Ποία
3462 1240 3720 1304 ὑπόθεσις

2143 1362 2280 1432 αὕτη
2306 1376 2321 1426 ;
2352 1359 2442 1414 διά
2468 1357 2521 1410 τί
2544 1354 2701 1410 τοῦτο
2723 1351 2909 1418 εῐπες;
2934 1350 3142 1417 Ἔδοξε,
3164 1348 3298 1422 φησί
3315 1364 3329 1378 ·
3360 1347 3562 1412 πάντες
3591 1364 3719 1401 συν-

2143 1469 2388 1531 ελθόντες
2415 1463 2573 1520 τοῦτο
2598 1459 2978 1533 ἐκυρώσαμεν,
3008 1457 3149 1512 ὥστε
3177 1458 3236 1511 ἐν
3260 1457 3552 1528 τριάκοντα
3579 1455 3717 1527 ἠμέ-

2149 1592 2270 1648 ραις
2291 1571 2446 1645 παρά
2471 1569 2566 1625 σοῦ
2593 1569 2754 1642 μόνου
2782 1569 2973 1623 αἰτεῖν.
2999 1561 3073 1619 Ὦ
3110 1563 3442 1637 βαρϐαρικὸν
3473 1565 3714 1635 αἰτημαο

2144 1672 2196 1738 ὦ
2211 1681 2410 1754 πολλῆς
2434 1677 2657 1749 ἀλογίας
2685 1649 2927 1748 γέμουσα
2951 1673 3131 1747 χάρις,
3161 1672 3324 1726 αὐτὸν
3349 1671 3442 1725 τὸν
3458 1671 3718 1728 δοκοῦντα

2141 1790 2406 1862 τιμᾶσθαι
2443 1785 2907 1858 καταισχύνουσαι
2944 1785 3008 1838 El
3045 1783 3144 1854 μὲν
3181 1781 3291 1854 γάρ
3335 1780 3494 1836 τοῦτο
3529 1781 3714 1848 καλὸν,

2147 1903 2253 1957 ἔδει
2282 1899 2528 1972 διηνεκὲς
2570 1897 2731 1951 τοῦτο
2774 1891 2948 1950 εἶναι⁸
2993 1894 3042 1947 ει
3089 1892 3148 1947 δέ
3176 1889 3410 1961 φαῦλον,
3457 1890 3582 1944 οὑδέ
3617 1888 3718 1953 τάς

2143 2011 2436 2083 τριάκοντα
2477 2006 2706 2079 ἡμέρας.
2762 2002 2932 2059 Πάλιν
2973 2001 3024 2055 ει
3065 1999 3230 2055 καλὸν
3252 2038 3268 2065 ,
3315 1998 3370 2051 τί
3407 1998 3470 2052 τδ
3515 1997 3716 2068 πλῆθος

2145 2113 2548 2190 προϐάλλεσθε;
2592 2110 2703 2166 Καὶ
2730 2109 2837 2182 γὰρ
2872 2110 3037 2182 χωρὶς
3074 2106 3266 2162 τούτου
3295 2104 3577 2159 ἐπινεῦσαι
3601 2105 3712 2158 δεῖ·

2145 2225 2195 2280 εί
2228 2223 2286 2278 δέ
2313 2220 2535 2292 φαῦλον,
2565 2217 2685 2272 ούδέ
2710 2216 2890 2287 πάσης
2917 2214 3020 2285 τῆς
3043 2211 3364 2284 οἰκουμένης
3390 2209 3718 2281 κελευούσης

2145 2329 2391 2384 ὑπείκειν
2420 2324 2605 2396 ἐχρῆν.
2632 2322 2706 2377 Οὐ
2735 2295 2947 2394 προεῖδε
2967 2320 3060 2374 τὸν
3087 2319 3277 2374 δόλονὸ
3298 2317 3548 2390 βασιλεύς
3571 2333 3584 2346 °
3619 2318 3717 2372 καὶ

2144 2433 2301 2505 δῆλον
2345 2431 2497 2505 [254]
2543 2432 2608 2484 ἐκ
2642 2429 2753 2484 τῶν
2785 2429 2923 2501 μετά
2953 2428 3146 2482 ταῦτα.
3191 2428 3378 2499 Ὦρισε
3423 2425 3567 2498 γὰρ,
3619 2424 3716 2480 καὶ

2144 2544 2464 2619 γράμμασιν
2511 2541 2672 2596 αὐτὸν
2708 2539 2774 2612 [ι’.
2799 2539 2952 2612 αὐτὸ]
2992 2537 3380 2610 ἠσφαλίσαντο,
3411 2535 3552 2589 ὥστε
3582 2534 3717 2606 μηδέ

2147 2652 2454 2726 βουλομένῳ
2486 2649 2622 2723 μετὰ
2658 2648 2831 2703 ταῦτα
2863 2647 3114 2717 γενέσθαι
3155 2645 3345 2718 καιρὸν
3371 2643 3464 2699 τοῦ
3487 2642 3716 2700 ἀνανεῦ-

2147 2761 2342 2818 σαι.Τί
2373 2754 2465 2816 οὖν
2497 2757 2735 2822 ἀκούσας
2758 2757 2922 2829 φησὶν
2951 2758 2979 2811 ό
3011 2756 3236 2828 Δανιήλ;
3277 2756 3392 2810 Οὐκ
3417 2753 3716 2826 ἐταράχθη,

2145 2869 2205 2923 οὐ
2234 2867 2594 2940 προσέθηκεν,
2614 2865 2715 2920 οὐκ
2746 2864 2987 2934 ἀφεῖλεν.
3006 2865 3149 2936 Ὀρα
3176 2863 3266 2917 τὸν
3299 2862 3549 2934 ἐνάρετον
3581 2863 3719 2930 ὁμα-

2144 2975 2254 3040 λῶς
2285 2976 2373 3030 ἀεὶ
2399 2974 2597 3040 ζῶντα,
2622 2973 2810 3044 ὥσπερ
2827 2971 2948 3026 τινά
2979 2971 3114 3042 ἄνθη
3141 2969 3557 3041 παρατρέχοντα
3584 2968 3720 3022 πάν-

2144 3101 2235 3150 τα,
2271 3082 2458 3154 ὥσπερ
2491 3083 2550 3135 ἐν
2583 3082 2763 3144 σκιαῖς
2789 3079 2882 3132 καὶ
2913 3077 2983 3132 τά
3011 3076 3224 3149 χρηπά
3261 3075 3356 3129 καὶ
3392 3075 3462 3128 τά
3497 3075 3720 3146 λυπηρά

2146 3191 2432 3265 θεώμενον.
2450 3191 2513 3244 Εἰ
2533 3189 2641 3259 γάρ
2663 3189 2720 3243 ἐν
2744 3189 2885 3259 ἀρχῇ
2905 3186 3078 3250 οὕτως
3098 3184 3514 3255 ἀκατάπληκτος
3535 3183 3716 3253 ἔμενε,

2146 3296 2326 3370 πολλῷ
2363 3296 2561 3369 μᾶλλον
2587 3294 2683 3350 νῦν
2714 3293 2852 3365 μετά
2887 3293 2987 3366 τὴν
3019 3293 3216 3364 πεῖραν
3241 3291 3350 3346 τῶν
3378 3289 3602 3360 ἀγώνων
3630 3308 3721 3343 το-

2147 3405 2369 3469 σούτους
2413 3401 2821 3475 ἀναδησάμενος
2862 3399 3180 3471 στεφάνους.
3229 3397 3387 3460 Τίνος
3435 3396 3620 3450 ἕνεκεν
3655 3397 3718 3449 οὑ

2146 3512 2446 3587 προσῆλθε;
2467 3511 2610 3576 τίνος
2629 3510 2814 3566 ἕνεκεν
2833 3509 2934 3564 οὐκ
2953 3507 3255 3579 ἐμέμψατο,
3275 3505 3542 3576 τοσαύτην
3569 3505 3720 3576 παρὰ

2145 3625 2222 3697 τῷ
2253 3623 2463 3696 βασιλεῖ
2482 3621 2795 3696 παρρησίαν
2827 3619 3003 3692 ἔχωνς
3037 3619 3152 3673 Οὐκ
3180 3615 3430 3670 ἐϐούλετο
3458 3616 3718 3688 ῥήμασιν,

2144 3732 2280 3788 ἀλλά
2311 3731 2602 3803 πράγμασι
2639 3727 2801 3782 τοῦτο
2836 3728 3081 3798 ποιῆσαι.
3105 3724 3317 3788 Ἀλλως
3348 3723 3406 3777 δὲ
3443 3719 3719 3791 πανταχοῦ

2146 3842 2309 3897 αὑτὸν
2333 3839 2681 3912 εὑρίσκομεν,
2699 3837 2802 3907 τῆς
2819 3834 3009 3906 χρείας
3033 3832 3325 3903 καλούσης,
3349 3829 3718 3900 ἐπιπηδῶντα,

2146 3950 2242 4004 καὶ
2292 3948 2744 4022 παραγινόμενον.
2778 3943 2886 3999 Kal
2919 3941 3143 4009 Δανιὴλ
3189 3938 3373 4007 ήνίκα
3419 3937 3572 4007 ἔγνω
3630 3935 3721 3988 ὅτι

2144 4057 2393 4128 ἐνετάγη
2422 4057 2488 4111 τὸ
2521 4056 2730 4126 δόγμα,
2753 4051 3040 4122 εἰσῆλθεν
3060 4052 3146 4118 εἰς
3174 4047 3280 4103 τὸν
3303 4044 3472 4102 οἰκον
3496 4045 3684 4101 αὑτοῦ
3703 4061 3720 4076 ·

2146 4165 2246 4220 καί
2285 4167 2346 4220 al
2374 4163 2610 4232 ovasc
2636 4159 3000 4231 ἀνεῳγμέναι
3041 4159 3112 4213 ἐν
3138 4158 3261 4224 τοῖς
3293 4153 3581 4224 ὑπερῴοις
3615 4153 3721 4207 αὑ-

2145 4271 2252 4327 τοῦ
2290 4270 2607 4326 κατέναντι
2659 4265 3086 4336 Ἰερουσαλήμ·
3132 4262 3233 4319 και
3275 4261 3520 4332 καιροὺς
3564 4259 3721 4330 τρεῖς

2146 4378 2253 4447 τῆς
2273 4378 2499 4449 ἡμέρας
2522 4374 2601 4448 ἦν
2632 4375 2916 4447 κάμπτων
2935 4374 3033 4429 ὲπί
3057 4373 3131 4428 τὰ
3156 4374 3378 4446 γόνατα
3395 4371 3602 4435 αὐτοῦ,
3619 4371 3719 4424 καί

2146 4485 2670 4554 προσευχόμενος,
2695 4481 2813 4543 ,καὶ
2854 4475 3401 4554 ἐξομολογεούμενος
3441 4479 3722 4534 ἐναντίον

2146 4595 2252 4650 τοῦ
2299 4595 2447 4651 Θεοῦ
2499 4593 2706 4657 αὑτοῦ,
2756 4593 2952 4659 καθὼς
3003 4588 3082 4661 ἧν
3122 4589 3309 4644 ποιῶν
3357 4590 3719 4660 ἔμπροσθεν.

2147 4703 2304 4766 Τίνος
2332 4702 2516 4755 ἕνεκεν
2543 4699 2650 4755 τῶν
2679 4698 2910 4770 θυρίδων
2933 4700 3082 4771 ἡμᾶς
3101 4697 3424 4768 ἀνέμνησεν,
3449 4697 3530 4750 ὅτι
3551 4697 3723 4766 ἀνεῳ-

2146 4812 2344 4883 γμέναι
2383 4805 2524 4882 ἦσαν
2571 4809 2707 4882 πρὸς
2761 4807 3143 4881 Ἱερουσαλήμ;
3177 4806 3414 4878 Σφοδρδν
3450 4808 3549 4877 τῆς
3592 4788 3722 4866 θέας

2145 4916 2290 4991 εἶχον
2313 4918 2497 4972 πόθον.
2519 4917 2786 4988 Καθάπερ
2805 4911 2897 4971 οὖν
2916 4933 3000 4981 τις
3022 4915 3361 4988 ποθουμένην
3389 4914 3528 4986 ἔχων
3553 4913 3722 4969 ἀποῦ-

2147 5048 2267 5095 σαν,
2287 5030 2380 5084 καὶ
2407 5027 2506 5092 τάς
2537 5028 2690 5092 ὁδοὺς
2708 5026 2805 5090 τὰς
2831 5027 2948 5080 ἐκεῖ
2977 5024 3254 5096 φερούσας
3275 5024 3449 5094 φιλεῖ·
3480 5022 3624 5076 οὕτω
3655 4992 3721 5094 δὴ

2145 5140 2240 5194 καὶ
2259 5133 2435 5196 οὗτος.
2461 5136 2799 5208 Ἐπεθύμουν
2819 5137 2874 5190 δὲ
2900 5137 3069 5206 αὐτῆς
3088 5135 3235 5190 ἄλλοι
3257 5135 3364 5187 τῶν
3390 5133 3721 5204 σωματικῶν

2144 5239 2353 5311 ἕνεκεν,
2376 5237 2528 5307 οὗτος
2555 5243 2612 5296 δὲ
2650 5242 2791 5313 οὐχὶ,
2821 5240 2958 5296 ἀλλά
2987 5241 3082 5295 διά
3124 5241 3222 5312 τὴν
3257 5239 3412 5305 δόξαν
3441 5237 3534 5292 τοῦ
3560 5237 3718 5292 Θεοῦ.

2157 5350 2313 5404 Ἐπεὶ
2344 5351 2426 5404 ὅτι
2463 5349 2621 5402 τοῦτό
2654 5351 2792 5413 ἐστι,
2831 5349 2990 5420 δῆλον
3029 5347 3268 5402 ἐκεῖθεν’
3301 5347 3363 5400 ού
3398 5345 3506 5416 γὰρ
3545 5343 3719 5398 εἵλετο

2143 5455 2406 5520 ἀνελθεῖν,
2442 5454 2534 5507 τοῦ
2561 5452 2998 5524 σπουδαζομένου
3029 5453 3198 5524 πέρας
3233 5451 3516 5521 εἰληφότος
3545 5447 3716 5517 αὐτῷ.

2144 5559 2244 5614 Διά
2273 5556 2432 5612 τοῦτο
2460 5557 2554 5612 καὶ
2597 5558 2791 5628 ἡμεῖς,
2817 5554 3000 5620 καθὼς
3038 5558 3088 5611 οἰ
3121 5556 3358 5629 πατέρες
3404 5555 3535 5626 ἡμῖν
3575 5568 3718 5622 παρα

2147 5670 2374 5734 έδωκαν,
2411 5666 2545 5740 πρὸς
2583 5663 2845 5729 ἀνατολὰς
2871 5663 3103 5737 ὁρῶντες
3131 5664 3420 5736 εὐχόμεθα,
3443 5661 3596 5717 πόλιν
3623 5658 3723 5715 καὶ
