3952 6200
251 287 357 346 225

249 403 432 458 datum
465 406 552 456 est
594 398 764 454 Medis
809 412 873 453 ac
919 396 1096 452 Persis
1134 395 1235 466 (α).
1258 421 1277 454 ι
1319 394 1538 460 Idcirco,
1570 395 1662 460 ait,
1695 392 1833 446 Deus

250 508 461 564 regnum
485 501 632 544 tuum
657 505 859 544 mensus
899 497 1004 554 est,
1042 496 1088 540 et
1132 486 1348 540 divisum
1383 494 1476 540 est.
1527 485 1594 540 Et
1641 483 1742 538 hoc
1783 483 1837 537 in

252 581 573 652 supplicium
605 579 741 645 fuit,
773 578 914 648 quod
945 578 1170 633 divisum
1195 586 1314 642 est,
1348 591 1446 631 nec
1474 575 1668 630 mansit
1698 574 1838 628 inte-

251 688 422 744 grum.
452 670 610 739 Quod
640 680 697 725 et
725 670 777 724 in
807 669 1094 725 Salomone
1121 669 1360 738 contigit.
1392 667 1506 722 Non
1537 665 1695 721 modo
1718 666 1841 735 quia

252 763 542 820 Baltasaris
570 761 716 816 ﬁlius
749 776 854 816 non
890 760 1103 830 excepit
1128 775 1373 830 regnum,
1403 758 1496 814 sed
1522 766 1576 813 et
1605 757 1725 828 quia
1756 757 1842 812 di-

252 854 423 910 visum
453 861 562 908 est.
592 851 731 908 Vide
763 860 818 907 ut
849 852 988 907 Deus
1015 867 1075 906 se
1102 851 1177 905 illi
1205 859 1424 906 excuset
1451 868 1464 904 :
1501 849 1619 904 vide
1655 860 1712 903 ut
1749 864 1843 904 rex

253 945 533 1001 infortunii
574 944 658 999 sui
701 943 774 999 sit
800 953 1004 998 auctor.
1044 941 1110 995 In
1147 943 1326 1012 cujus,
1358 941 1554 1011 inquit,
1585 956 1738 994 manu
1773 949 1844 992 est

253 1039 407 1109 ﬂatus
427 1046 569 1091 tuus.
598 1035 789 1092 Nonne
818 1035 959 1090 enim
986 1043 1194 1105 poterat
1219 1032 1398 1088 statim
1423 1042 1474 1087 te
1501 1031 1845 1087 interimere?

255 1129 357 1186 Sed
384 1129 597 1198 patiens
628 1126 746 1181 fuit.
775 1125 942 1193 Quem
971 1140 1076 1178 non
1108 1126 1221 1178 hare
1251 1137 1404 1193 pinna
1446 1119 1843 1192 portet-ruisset,

253 1234 422 1290 eaque
452 1219 506 1273 in
541 1217 885 1288 propinquo?
912 1213 1072 1271 Vides
1100 1222 1412 1284 potestatem
1440 1212 1506 1266 ad
1534 1210 1846 1281 utrumque?

257 1310 418 1374 unde,
449 1323 660 1379 quaeso,
691 1307 846 1362 venia
875 1305 1068 1377 dignus
1091 1305 1192 1360 es?
1219 1314 1273 1359 et
1304 1314 1361 1360 tu
1398 1303 1538 1358 ﬁlius
1573 1301 1710 1372 ejus,
1737 1317 1846 1355 non

257 1403 430 1457 habeo
473 1401 661 1456 dicere
705 1413 868 1468 nepos
909 1398 1021 1468 (ὁ),
1059 1412 1237 1452 nonne
1278 1397 1454 1451 omnia
1498 1394 1613 1450 haec
1654 1393 1850 1448 noras?

257 1490 722 1558 Quemadmodum
751 1490 804 1543 in
834 1488 949 1543 foro
980 1486 1216 1558 judiciali
1261 1485 1523 1541 sententia
1561 1483 1846 1550 scribitur,

262 1584 362 1639 iste
385 1597 451 1637 ea
475 1597 596 1652 qua:
623 1579 1035 1650 pronuntiantur
1061 1578 1456 1646 interpretatur.
1485 1575 1638 1631 Unde
1664 1575 1770 1644 regi
1797 1575 1848 1628 in

263 1681 499 1729 mentem
534 1673 686 1728 venit
720 1671 990 1727 Danielem
1029 1669 1330 1726 honorare?
1360 1669 1429 1724 Ut
1462 1669 1588 1722 mihi
1618 1667 1849 1734 videtur,

265 1784 331 1824 ne
355 1769 424 1823 ab
449 1769 516 1824 iis
541 1768 632 1838 qui
660 1766 880 1822 aderant
905 1764 1367 1828 condemnaretur,
1391 1772 1446 1817 et
1471 1763 1607 1817 forte
1630 1775 1852 1832 sperans

267 1873 326 1913 se
355 1873 451 1928 per
482 1859 599 1913 hate
626 1856 994 1911 liberationem
1023 1855 1384 1909 inventurum.

892 2009 1118 2068 CAPUT
1157 2009 1245 2066 Vl.

341 2173 394 2228 4.
443 2190 462 2223 ι
511 2171 576 2225 Et
619 2185 714 2224 rex
751 2166 1026 2223 constituit
1064 2179 1186 2220 eum
1232 2179 1396 2235 super
1433 2179 1593 2220 omne
1633 2177 1853 2232 regnum

278 2278 452 2318 suum.
483 2263 549 2316 Et
575 2259 908 2316 ordinatores
943 2267 998 2312 et
1030 2267 1259 2327 satrapa:
1286 2257 1594 2325 quaerebant
1623 2255 1860 2309 invenire

279 2364 459 2410 contra
493 2353 766 2407 Danielem
805 2350 1141 2405 occasionem
1162 2389 1178 2414 ,
1208 2363 1275 2402 ex
1308 2361 1492 2417 regno.
1535 2345 1606 2398 Et
1644 2360 1857 2398 omnem

283 2455 594 2515 pra-textum
619 2459 683 2499 ac
706 2441 961 2497 oﬂ‘ensam
990 2455 1094 2510 non
1122 2439 1438 2495 invenerunt
1465 2438 1520 2493 in
1548 2436 1715 2500 illum,
1738 2433 1860 2504 quia

282 2539 450 2593 fidelis
475 2544 592 2592 erat
627 2555 647 2589 ι
683 2555 696 2590 :
727 2534 776 2588 id
803 2540 907 2600 est,
930 2531 1042 2602 regi
1066 2539 1183 2586 erat
1209 2529 1494 2586 benevolus
1514 2529 1553 2581 '.
1582 2527 1699 2591 Vel,
1731 2527 1861 2594 Quia

281 2630 445 2697 ﬁdelis
473 2637 581 2682 erat
612 2641 631 2680 :
658 2626 757 2680 hoc
793 2632 906 2690 est,
947 2621 1246 2677 conﬁdebat
1284 2622 1421 2685 Deo;
1461 2629 1516 2674 et
1555 2619 1644 2673 illc
1684 2617 1862 2670 omnia

282 2718 540 2788 gubernat
565 2734 578 2769 :
605 2716 714 2770 Deo
735 2722 908 2769 autem
930 2713 1280 2783 gubernante,
1306 2709 1445 2780 quod
1467 2709 1718 2762 damnum
1743 2722 1864 2762 eve-

285 2809 396 2864 nire
431 2806 666 2877 poterit?
694 2804 830 2872 Quid
861 2805 1020 2876 igitur
1053 2804 1160 2857 ait?
1186 2803 1239 2858 5.
1277 2800 1528 2855 Dixerunt
1557 2801 1865 2853 ordinatores

283 2902 340 2964 ii,
373 2898 491 2953 Non
519 2897 824 2952 inveniemus
845 2906 1022 2950 contra
1047 2892 1308 2948 Danielem
1337 2891 1666 2956 occasionem,
1691 2889 1788 2943 nisi
1813 2889 1865 2942 in

285 2992 514 3063 legitimis
539 2989 635 3044 Dei
662 2990 760 3042 sui.
788 2988 948 3051 Nihil,
979 2985 1242 3055 inquiunt,
1266 2983 1489 3038 inveniri
1519 2991 1712 3052 potest.
1737 2980 1868 3035 Pro-

288 3097 402 3155 pter
426 3083 594 3154 quid?
617 3081 808 3136 Nonne
845 3081 1004 3134 homo
1030 3078 1150 3133 est?
1177 3093 1243 3132 an
1277 3075 1329 3129 in
1359 3074 1605 3129 omnibus
1649 3079 1867 3142 peccato

288 3178 376 3232 fuit
415 3175 706 3231 immunis?
747 3173 1004 3228 Futurum
1046 3170 1306 3224 incertum
1344 3173 1427 3222 est
1461 3184 1475 3220 :
1507 3175 1562 3219 et
1597 3163 1666 3219 de
1709 3163 1868 3218 rebus

289 3269 473 3323 futuris
501 3283 606 3337 qua
646 3265 851 3320 ratione
879 3259 1197 3316 afﬁrmatis?
1220 3259 1287 3313 Et
1308 3258 1455 3312 aiunt
1478 3273 1492 3312 :
1518 3255 1868 3323 Experimen-

289 3369 393 3412 tum
421 3373 489 3411 ex
523 3356 652 3425 ipsis
692 3355 850 3408 rebus
888 3350 1231 3419 sumpsimus.
1262 3347 1382 3401 Nisi
1408 3347 1459 3399 in
1487 3344 1718 3416 legitimis
1742 3385 1756 3410 ,
1783 3343 1868 3396 ἰηι-

289 3449 494 3517 quinnt,
525 3445 620 3498 Dei
640 3444 738 3506 sui,
772 3459 870 3495 non
895 3440 1195 3495 invenimus
1218 3436 1545 3492 occasionem.
1573 3434 1728 3502 Atqui
1753 3433 1870 3488 istic

190 3593 212 3614 ,
292 3541 455 3592 ιιιιιιιο
487 3537 656 3606 magis
685 3544 765 3589 est
800 3527 1304 3601 irreprebensibilis.
1335 3527 1723 3595 Tentationenr
1746 3540 1868 3594 per-

291 3631 446 3684 mittit
477 3630 616 3682 Deus
645 3624 711 3680 ad
741 3623 1126 3694 probationem.
1151 3619 1335 3674 Nonne
1361 3617 1500 3671 enim
1533 3625 1736 3684 poterat
1762 3615 1870 3670 illo-

295 3736 405 3773 rum
432 3717 688 3772 cohibere
717 3710 1012 3768 malitiam?
1035 3708 1236 3764 Verum
1263 3715 1318 3760 ut
1337 3721 1432 3776 per
1456 3706 1508 3760 id
1535 3706 1788 3770 disceres,
1817 3713 1872 3758 et

295 3811 430 3862 hunc
476 3806 782 3872 mirareris,
822 3817 928 3857 non
968 3801 1171 3855 invidet
1208 3797 1419 3852 famulis
1457 3798 1566 3850 suis
1594 3811 1867 3850 coronam.

296 3899 348 3954 6.
381 3918 399 3950 ι
433 3899 585 3952 Tunc
620 3896 956 3950 ordinatores
993 3901 1047 3946 et
1083 3900 1310 3959 satrapa:
1337 3888 1620 3942 astiterunt
1646 3887 1789 3956 regi,
1820 3895 1874 3940 et

297 3991 534 4045 dixerunt
564 3987 614 4042 ei
641 4005 655 4041 :
686 3987 806 4041 Dari
833 3999 947 4047 rex,
973 3981 1025 4036 in
1051 3991 1309 4036 :eternum
1335 3979 1472 4033 vive.
1501 3979 1556 4033 7.
1584 3978 1872 4032 Consilium

298 4084 528 4138 inierunt
555 4094 740 4135 omnes
769 4077 859 4148 qui
884 4090 1044 4146 super
1069 4088 1292 4144 regnum
1325 4080 1470 4126 tuum
1497 4070 1680 4135 duces,
1712 4077 1768 4123 et
1791 4085 1876 4122 sa-

365 4298 380 4329 ³
413 4295 747 4345 Theodoretus
775 4292 846 4341 sic
877 4290 1059 4339 habet:
1087 4287 1315 4347 Pietatem
1336 4284 1463 4347 enim
1483 4281 1737 4334 obseruat:
1761 4297 1879 4347 erga

304 4365 453 4408 Deum
474 4355 626 4406 multa
643 4367 780 4417 reges
803 4349 1121 4417 benevolentia
1143 4346 1557 4417 complectebatur.

365 4420 433 4480 (α)
464 4426 562 4467 Non
582 4409 734 4480 dicit;
762 4415 954 4463 Dabitur
976 4412 1125 4480 aulis
1145 4423 1203 4480 ac
1224 4409 1411 4480 mersis;
1446 4419 1571 4480 nec,
1599 4413 1768 4480 Datum
1792 4413 1879 4479 est

304 4467 608 4539 tiabonnido;
632 4467 748 4536 sed,
775 4481 950 4539 Datum
969 4479 1039 4539 est
1061 4469 1232 4539 nudis
1246 4482 1305 4520 ac
1327 4467 1580 4539 Persis,_ut
1600 4469 1664 4539 de
1699 4483 1757 4539 re
1784 4470 1883 4539 jam

305 4528 477 4602 futura;
504 4528 670 4590 errant
687 4528 835 4602 igitur
856 4537 945 4602 viri
967 4534 1092 4583 docti
1117 4534 1199 4602 qui
1218 4531 1608 4602 bocjatieinium
1632 4528 1884 4602 impletum

307 4605 441 4652 annis
592 4592 945 4663 septémdecim
966 4592 1278 4663 contendunt.
1318 4592 1492 4663 Eadem
1513 4593 1695 4663 quippe
1724 4598 1884 4663 nocte

511 4670 591 4712 θδῑ
613 4652 818 4728 βὲίιὲἓπ
837 4693 852 4717 ν
878 4665 931 4707 ει
952 4654 1157 4728 nihil?“
1180 4661 1493 4728 parum;
1507 4652 1787 4728 ξβθρβδίὲί
1802 4652 1884 4728 .¹9;

309 4737 394 4773 cus
417 4725 442 4787 1,
463 4712 580 4787 Reg.
606 4723 684 4778 15,
703 4721 783 4780 28,
802 4712 949 4787 quem
966 4712 1131 4787 objicit
1143 4712 1443 4787 clarissimus
1456 4715 1687 4787 fetavips
1705 4727 1717 4762 :
1737 4712 1886 4784 Scidit

312 4774 758 4845 Dmmtusvregnum
771 4774 930 4845 'lsrael
947 4793 984 4845 a_
993 4774 1042 4828 te
1059 4775 1218 4845 hodie,
1236 4783 1284 4845 et
1299 4774 1505 4845 tradidit
1522 4775 1646 4845 illud
1663 4774 1887 4845 proripio

313 4853 405 4905 tuo,
416 4845 600 4896 meliori
609 4837 675 4905 't'e.
692 4840 1046 4905 Intelligendus
1067 4839 1198 4888 enim
1216 4843 1294 4888 est
1308 4837 1379 4905 de
1387 4837 1670 4905 inductione
1679 4837 1883 4896 Davidis,

313 4898 417 4968 quae
440 4921 534 4956 non
557 4904 710 4954 multo
733 4898 941 4968 pqst_ést
964 4903 1102 4968 facta.
1126 4906 1244 4968 sunt
1265 4898 1431 4968 etalia
1453 4912 1558 4968 non
1572 4911 1723 4960 pauca
1745 4910 1886 4959 argu-

311 4960 498 5032 menta,
522 4969 719 5032 quibus
734 4960 897 5032 l‘abula
935 4964 1071 5032 D_arii
1090 4960 1359 5032 Nabonnidli‘
1372 4961 1623 5032 jugulatur
1642 4973 1658 5022 ;
1683 4972 1886 5022 quorum

317 5023 657 5086 nonnulla'nos,
681 5029 722 5076 si
745 5025 932 5075 occasio
954 5023 1108 5086 feret,
1133 5036 1228 5072 non
1250 5023 1544 5086 omittemus.

371 5092 439 5153 (ο)
472 5099 568 5139 Una
592 5081 807 5153 omnium
830 5083 1177 5153 verisimillima
1200 5085 1446 5153 sententia
1460 5089 1567 5153 est,
1594 5081 1887 5153 Baltasarem

315 5143 452 5202 fuisse
473 5153 622 5202 tilium
645 5148 1018 5200 Evilmerodacbi
1032 5181 1046 5202 ,
1071 5152 1300 5207 nepotem
1320 5157 1438 5207 vero
1459 5143 1887 5207 Nabuchodonoso-

316 5215 392 5276 ris,
414 5215 523 5276 quia
543 5211 831 5276 Jerem.__27,
857 5209 906 5276 7,
931 5205 1383 5276 gentesserviturze
1405 5205 1628 5276 dicuntur
1650 5205 1888 5276 sabucho-

316 5267 556 5332 dono'sori,
597 5281 651 5323 et
686 5271 784 5320 ﬁlio
823 5267 965 5331 ejus',
1005 5275 1055 5317 et
1087 5267 1184 5316 ﬁlio
1221 5267 1304 5315 ﬁlii
1337 5267 1460 5329 ejus.
1493 5268 1693 5315 Omnino
1725 5273 1892 5332 tamen

318 5327 553 5395 rejiciendi
579 5349 673 5384 non
709 5337 823 5382 sunt
846 5327 876 5378 ii
904 5333 1228 5395 interpretes,
1252 5327 1451 5378 veteres
1472 5341 1529 5377 ac
1550 5327 1854 5395 recentiores

317 5388 481 5456 quibus
501 5388 1107 5456 Nabuchodonosoruscst
1145 5388 1241 5456 vel_
1263 5401 1468 5451 proavus
1503 5388 1751 5456 Baltasaris
1767 5423 1781 5446 ,
1809 5403 1868 5456 v_e

320 5449 922 5564 giterzvilmerodachiac
943 5451 1188 5527 Baltasaris
1219 5449 1450 5511 fratrum;
1487 5449 1569 5500 vel
1603 5457 1737 5512 pater
1761 5450 1888 5498 unici

349 5515 392 5564 lu
416 5519 688 5564 binominis.
713 5523 768 5564 et
787 5527 870 5564 aut
896 5513 1035 5562 modo
1055 5511 1465 5561 hvrlmerodachus
1481 5545 1496 5564 .
1521 5511 1662 5560 modo
1685 5510 1888 5560 Baltasar

347 5515 392 5586 lii
416 5519 688 5578 binominis,
713 5523 775 5586 et_
787 5514 871 5576 qui
896 5513 1035 5586 modo
1055 5510 1498 5586 Evilmerodaehus,
1521 5510 1662 5560 modo
1685 5510 1890 5560 Baltasar

317 5580 375 5626 sit
395 5573 713 5643 nuncupatus.
749 5573 909 5634 Quare
949 5575 1256 5643 temerarium
1295 5573 1704 5643 heterodoxorum
1739 5585 1889 5643 sacrze

318 5635 566 5702 {scripturae
595 5642 922 5702 interpretum
953 5635 1201 5702 consilium
1237 5635 1425 5702 probari
1459 5646 1555 5683 non
1585 5640 1780 5697 potest,
1805 5636 1889 5700 qui

319 5697 577 5765 boe'eaptte
601 5703 651 5752 iu
676 5697 838 5749 locum
862 5697 1030 5760 patris,
1056 5708 1193 5745 avum
1216 5697 1526 5748 substituunt.

1635 276 1702 333 lN
1741 273 2111 331 DANIELEM.

3413 279 3520 340 226

1940 399 2124 460 trapze,
2147 391 2454 464 optimates,
2479 400 2533 448 et
2556 392 2844 463 toparchae,
2873 401 3108 451 statuere
3122 402 3329 452 statuto
3359 397 3529 468 regio,

1939 493 1994 539 et
2019 485 2334 540 conﬁrmare
2359 486 2798 540 constitutionem
2826 502 2840 539 :
2871 494 2928 540 ut
2949 487 3272 557 quicumque
3308 488 3524 558 petierit
3580 480 3590 486 ’

1941 575 2009 629 ab
2035 575 2144 629 ullo
2164 575 2268 630 deo
2296 575 2377 631 vel
2417 575 2636 632 homine
2665 577 2976 646 petitionem
3005 593 3171 648 usque
3197 579 3264 633 ad
3289 579 3404 635 dies
3431 580 3525 634 tri-

1941 667 2084 736 ginta
2108 670 2145 733 ί,
2176 667 2277 722 nisi
2301 683 2332 722 a
2361 677 2442 733 te,
2471 685 2568 724 rex
2588 710 2604 732 ,
2634 669 2876 723 mittatur
2911 670 2963 724 in
3004 668 3177 724 lacum
3209 671 3442 726 leonum.
3466 671 3521 727 8.

1891 785 1894 790 -
1941 757 2092 813 Nunc
2121 759 2296 829 igitur,
2328 775 2420 814 rex
2443 801 2459 826 ,
2489 767 2662 814 statue
2700 760 3132 816 constitutionem
3153 803 3167 824 ,
3201 771 3255 815 et
3288 777 3526 832 propone

1943 851 2280 920 scripturam,
2313 859 2500 905 utnon
2534 853 2842 906 immutetur
2868 851 3141 906 decretum
3170 852 3440 906 Medorum
3472 862 3527 908 et

1949 941 2228 996 Persarum
2260 939 2356 1011 (a),
2380 952 2439 996 ut
2463 957 2530 997 ne
2553 941 2678 1010 quid
2705 941 3080 1010 praescribatur
3101 943 3353 997 adversus
3375 942 3524 996 illud.

1949 1033 2004 1089 9.
2033 1033 2182 1087 'l‘unc
2212 1048 2304 1088 rex
2334 1034 2523 1087 Darius
2553 1034 2799 1102 praecepit
2829 1034 2988 1088 scribi
3016 1035 3310 1089 decretum.
3340 1053 3360 1087 ι
3392 1035 3527 1089 Vide

1947 1125 2072 1196 quid
2101 1134 2286 1194 agant,
2313 1132 2477 1194 utque
2506 1125 2862 1179 inconsultum
2891 1126 3119 1180 edictum
3148 1135 3381 1180 statuere
3408 1135 3524 1180 stu-

1945 1217 2128 1273 deant.
2157 1217 2222 1272 Et
2243 1217 2430 1286 cupide
2460 1216 2562 1270 hoc
2591 1225 2792 1285 petunt.
2820 1216 2950 1270 Nam
2977 1218 3154 1272 dicere
3177 1234 3190 1271 :
3217 1217 3530 1286 Quicumque

1949 1308 2143 1379 petierit
2173 1307 2233 1361 ab
2265 1307 2496 1372 nomine,
2525 1306 2777 1361 habuitne
2801 1307 3053 1360 causam?
3087 1306 3191 1362 Sed
3216 1307 3532 1362 videbantur

1949 1399 2208 1454 rationem
2258 1397 2526 1468 petitionis
2567 1413 2662 1466 per
2704 1398 3014 1452 brevitatem
3055 1399 3306 1466 temporis
3341 1397 3532 1452 callide

1949 1491 2236 1546 occultare.
2265 1490 2447 1558 Qualis
2465 1498 2547 1544 est
2575 1490 2675 1544 iste
2702 1488 3030 1557 praetextus?
3054 1504 3219 1557 quare
3242 1489 3292 1542 id
3314 1488 3532 1542 dixisti?

1954 1583 2134 1638 Visum
2157 1593 2258 1647 est,
2283 1582 2484 1652 inquit;
2505 1596 2690 1636 omnes
2708 1582 3084 1636 convenientes
3107 1581 3158 1636 id
3187 1581 3534 1643 ﬁrmavimus,

1953 1683 2013 1732 ut
2051 1675 2188 1727 intra
2233 1672 2442 1742 triginta
2471 1671 2589 1727 dies
2619 1686 2652 1726 a
2682 1681 2734 1726 te
2766 1671 2882 1725 solo
2911 1681 3107 1740 petant.
3131 1670 3175 1725 Ο
3203 1670 3536 1725 barbaricam

1954 1764 2262 1835 petitionem
2288 1763 2302 1816 Ξ
2332 1777 2366 1816 ο
2395 1762 2572 1816 multa:
2601 1760 3062 1817 inconsiderantia:
3094 1761 3305 1830 plenum
3337 1759 3538 1815 beneﬁ-

1951 1859 2116 1917 cium,
2139 1871 2260 1910 cum
2284 1855 2371 1923 qui
2395 1854 2642 1908 honorari
2665 1853 2872 1907 videtur
2890 1852 3128 1907 afﬁciens
3155 1851 3379 1920 probro!
3403 1850 3535 1905 Nam

1954 1948 2000 2002 si
2027 1963 2112 2002 res
2137 1947 2357 2000 honesta
2377 1954 2512 2010 erat,
2533 1945 2810 2014 oportebat
2833 1949 3139 2014 perpetuam
3162 1957 3280 1997 esse
3306 1958 3319 1994 :
3345 1943 3389 1995 si
3409 1957 3538 1997 vero

1956 2041 2216 2109 improha,
2243 2054 2310 2092 ne
2329 2038 2539 2107 quidem
2557 2037 2622 2090 ad
2645 2037 2856 2106 triginta
2877 2035 2991 2089 dies
3011 2035 3222 2086 durare.
3248 2032 3474 2097 Rursus,
3492 2032 3538 2086 si

1957 2131 2093 2184 bona
2115 2172 2129 2194 ,
2160 2144 2258 2182 cur
2297 2126 2688 2182 multitudinem
2729 2123 3052 2179 obtenditis?
3080 2123 3288 2177 Etenim
3328 2121 3443 2176 sine
3474 2136 3539 2175 ea

1958 2234 2195 2272 anuuere
2229 2217 2465 2287 oportuit
2493 2233 2506 2269 :
2533 2217 2580 2270 si
2609 2229 2738 2270 vero
2773 2215 2908 2268 mala
2932 2253 2946 2277 ,
2987 2229 3086 2268 nec
3124 2213 3370 2267 universo
3405 2210 3540 2265 orbe

1956 2311 2173 2379 jubente
2214 2306 2688 2376 obteinperandum
2729 2317 2862 2360 erat.
2912 2304 3099 2358 Delum
3147 2317 3251 2356 non
3301 2299 3542 2370 pmvidit

1961 2418 2051 2456 rex
2083 2417 2097 2453 :
2125 2409 2179 2454 et
2207 2399 2306 2453 hoc
2330 2414 2394 2453 ex
2425 2398 2488 2452 iis
2505 2413 2622 2468 qua:
2641 2405 2821 2467 postea
2843 2397 3178 2464 contigerunt
3203 2391 3538 2446 manifestum

1959 2501 2063 2546 est.
2093 2488 2379 2544 Constituit
2405 2486 2570 2554 enim,
2597 2496 2650 2541 et
2675 2485 3106 2540 constitutionem
3131 2481 3352 2551 publicis
3372 2481 3540 2534 literis

1960 2584 2260 2646 ﬁrmarunt,
2293 2589 2350 2634 ut
2378 2593 2550 2648 neque
2575 2577 2772 2632 volenti
2803 2577 2910 2645 regi
2937 2585 3146 2643 tempus
3175 2571 3428 2628 renuendi
3454 2586 3542 2624 es-

1963 2681 2047 2727 set
2067 2673 2337 2741 deinceps.
2352 2669 2496 2738 Quid
2523 2669 2698 2737 itaque
2717 2667 2788 2721 ait
2811 2666 3013 2731 Daniel,
3040 2680 3158 2720 cum
3183 2666 3278 2742 ista
3306 2663 3543 2732 accepit?

1961 2762 2224 2817 Turbatus
2250 2777 2358 2815 non
2383 2770 2497 2826 est;
2524 2757 2758 2828 pristinae
2781 2755 3148 2811 consuetudini
3168 2754 3298 2810 nihil
3325 2752 3542 2820 adjecit,

1961 2847 2096 2906 nihil
2139 2851 2358 2906 ademit.
2403 2849 2596 2919 Aspice
2647 2849 2844 2903 virtute
2891 2846 3167 2916 prmditum
3216 2843 3546 2912 mq-uabilitcr

1964 2956 2178 3011 semper
2204 2940 2493 3006 viventem,
2514 2938 2693 2992 omnia
2715 2939 2858 2992 velut
2879 2943 3258 3006 praetereuntes
3283 2934 3464 2998 flores,
3485 2947 3550 2986 ac

1961 3036 2111 3089 velut
2139 3034 2192 3088 in
2221 3031 2420 3087 umbris
2451 3040 2559 3086 tum
2588 3030 2864 3085 commoda
2889 3040 3003 3082 tum
3035 3026 3202 3081 tristia
3233 3026 3544 3078 intuentem.

1963 3126 2097 3182 Nam
2123 3125 2168 3180 si
2194 3125 2262 3178 ab
2287 3122 2434 3177 initio
2466 3121 2602 3176 adeo
2639 3119 3028 3189 iperterritus
3067 3115 3348 3181 manebat,
3381 3113 3549 3167 multo

1963 3218 2136 3288 magis
2162 3230 2304 3270 nunc
2325 3257 2340 3280 ,
2371 3223 2492 3284 post
2520 3212 2870 3267 certaminum
2911 3208 3204 3280 periculum
3235 3216 3311 3261 tot
3335 3205 3551 3260 coronis

1965 3307 2262 3364 redimitus.
2285 3303 2394 3360 Cur
2417 3320 2522 3358 non
2543 3304 2766 3358 accessit
2786 3303 2808 3353 τ
2827 3317 2922 3356 cur
2943 3311 3160 3370 questus
3179 3313 3284 3352 non
3305 3306 3407 3363 est,
3428 3311 3550 3351 cum

1965 3407 2169 3454 tantam
2211 3395 2461 3466 loquendi
2508 3395 2810 3449 libertatem
2848 3392 2987 3464 apud
3024 3405 3204 3460 regem
3245 3389 3552 3444 obtineret?

1963 3491 2192 3552 ,Nolebat
2226 3489 2276 3543 id
2316 3501 2475 3558 agere
2510 3484 2688 3541 verbis
2711 3525 2724 3547 ,
2756 3485 2851 3540 sed
2889 3483 3070 3538 rebus.
3100 3481 3344 3551 Alioquin
3374 3488 3552 3534 autem

1968 3583 2164 3652 ultique
2190 3596 2311 3635 eum
2343 3577 2660 3642 invenimus,
2688 3592 2807 3631 cum
2835 3590 2961 3629 usus
2991 3584 3162 3638 vocat,
3199 3571 3442 3642 prosilire
3467 3580 3552 3624 at-

1970 3690 2074 3743 que
2101 3673 2375 3727 accedere.
2409 3670 2496 3725 10.
2531 3687 2550 3720 ι
2586 3667 2650 3722 Ει
2680 3666 2865 3721 Daniel
2890 3665 3102 3736 quando
3139 3663 3389 3735 cognovit
3422 3663 3559 3717 scri-

1975 3775 2118 3834 ptmn
2148 3779 2268 3818 esse
2295 3763 2572 3818 decretum
2591 3802 2606 3826 ,
2637 3761 2905 3828 ingressus
2929 3766 3010 3812 est
3044 3758 3093 3810 in
3121 3757 3337 3810 domum
3367 3769 3516 3808 suam
3538 3795 3555 3820 ,

1974 3868 2026 3910 et
2055 3857 2302 3908 fenestra:
2328 3862 2528 3921 aperta:
2558 3852 2610 3905 in
2635 3849 2906 3905 caenaculo
2933 3848 3047 3917 ejus
3076 3857 3258 3901 contra
3286 3845 3558 3916 Jerosoly-

1975 3963 2115 4001 mam
2147 3963 2160 3999 :
2189 3955 2243 3999 et
2283 3944 2452 3998 tribus
2487 3942 2814 4011 temporibus
2850 3940 2956 3996 diei
2993 3940 3235 3994 ﬂectebat
3265 3952 3434 4008 genua
3455 3977 3470 4000 ,
3501 3944 3560 3991 et

1977 4038 2162 4091 orabat
2187 4033 2287 4107 (b),
2313 4044 2366 4089 et
2393 4034 2744 4090 conﬁtebatur
2771 4047 2949 4087 coram
2992 4032 3103 4086 Deo
3141 4046 3271 4095 suo,
3312 4038 3370 4083 ut
3401 4039 3558 4082 antea

1975 4128 2162 4182 solitus
2179 4134 2293 4181 erat
2313 4111 2506 4180 facere.
2537 4142 2556 4174 ι
2579 4109 2870 4188 ρυεπεῖιιοε
2887 4120 3160 4173 admonuit
3180 4118 3554 4180 fenestrarum,

1979 4218 2118 4289 quod
2143 4227 2341 4286 aperta:
2377 4223 2556 4270 essent
2587 4228 2769 4267 versus
2788 4207 3212 4279 Jerosolymam?
3236 4208 3364 4272 Quia
3387 4201 3560 4261 Judaei

1979 4307 2278 4365 vehementi
2331 4305 2476 4361 urbis
2527 4305 2667 4358 illius
2713 4300 2946 4356 visenda:
2994 4300 3306 4354 tenebantur
3347 4296 3561 4352 deside-

1986 4403 2086 4457 rio.
2117 4400 2264 4456 Sicut
2305 4400 2462 4467 igitur
2487 4398 2576 4466 qui
2607 4403 2832 4448 amatam
2863 4393 3022 4446 habet
3044 4391 3319 4445 absentem
3341 4429 3354 4452 ,
3393 4389 3554 4443 etiam

1983 4495 2171 4549 itinera
2197 4507 2262 4546 eo
2286 4489 2530 4545 ducentia
2569 4488 2740 4558 diligit
2768 4503 2782 4540 :
2813 4487 2880 4539 ita
2912 4499 3042 4539 sane
3071 4493 3126 4536 et
3151 4483 3269 4536 iste.
3299 4481 3400 4536 Alii
3431 4495 3561 4536 vero

1983 4582 2359 4639 desiderabant
2406 4579 2591 4634 urbem
2635 4585 2852 4648 propter
2903 4589 2992 4629 res
3035 4572 3340 4641 corporales
3393 4588 3408 4625 :
3453 4585 3558 4624 non

1985 4682 2162 4728 autem
2191 4671 2311 4737 hic,
2358 4678 2412 4724 at
2455 4677 2673 4740 propter
2711 4665 2932 4737 gloriam
2979 4664 3095 4719 Dei.
3126 4661 3562 4729 Quandoquidem

1986 4765 2037 4820 id
2065 4766 2135 4820 ita
2165 4779 2223 4819 se
2254 4763 2450 4818 habere
2473 4761 2595 4815 inde
2624 4756 2962 4813 manifestum
2989 4765 3069 4810 est
3093 4793 3108 4818 ,
3149 4752 3291 4822 quod
3339 4751 3568 4808 noluerit

2049 4962 2066 4992 ι
2103 4959 2160 5009 ln
2195 4964 2323 5006 Orat.
2357 4956 2511 5019 prima
2532 4953 2597 5002 de
2622 4951 2903 5019 Precatione
2937 4960 3184 5019 numerus.
3209 4946 3453 4997 ternarias
3487 4960 3575 5019 pro

1987 5023 2172 5071 triceno
2207 5009 2446 5077 habetur,
2486 5022 2648 5065 errato
2685 5013 2912 5062 nimirum
2941 5009 3246 5072 scriptionis,
3285 5021 3377 5057 seu
3413 5011 3575 5070 potius

1985 5095 2250 5132 memoriae.
2457 5123 2460 5126 .

2161 5129 2337 5191 confer
2374 5150 2484 5188 cum
2518 5137 2732 5205 Fstherte
2767 5133 2829 5205 1.
2871 5132 2957 5204 1.9,
3001 5138 3054 5181 et
3096 5129 3575 5205 intelligesnparium

1985 5191 2176 5254 Medt'un
2199 5205 2467 5264 imperasse
2507 5199 2652 5246 Medis
2681 5209 2738 5245 ac
2769 5191 2962 5264 Fersis,
3001 5207 3102 5264 non
3136 5191 3302 5264 autem
3335 5191 3577 5242 Chaldaeis

1988 5266 2130 5322 solis;
2149 5254 2450 5326 proindeque
2467 5273 2560 5308 non
2583 5271 2694 5306 esse
2710 5256 3056 5326 Nabonnidum.
3079 5254 3197 5314 Quid
3222 5256 3371 5326 enim,
3389 5265 3574 5326 (priuso,

1989 5314 2047 5376 ad
2075 5314 2384 5386 Babylonium
2403 5333 2594 5380 regem,
2611 5318 2866 5386 ‘Medorum
2886 5331 2944 5386 ac
2970 5326 3220 5386 Ijersarum
3243 5314 3446 5386 leges?‘
3486 5325 3491 5330 ί

2053 5371 2275 5448 (lii-Elide
2297 5385 2430 5432 horae
2453 5371 2842 5448 canonic’geapud
2882 5377 3177 5448 Qbristianos
3196 5409 3210 5434 ,
3237 5371 3576 5448 jamdinjdeJa-b

1989 5433 2278 5510 Aliostolicis
2299 5443 2612 5510 temporibus.
2635 5433 2781 5503 Cujus
2798 5439 3066 5510 traditionis
3082 5433 3294 5510 rationes
3307 5433 3576 5510 [ξςυςιξηξιιξτ

1990 5491 2661 5560 a-Ele‘men—t‘e'Alexandrino
2691 5491 2958 5551 stromaton
2997 5499 3080 5560 lib.
3106 5500 3154 5560 7,
3183 5503 3235 5544 et
3257 5507 3284 5541 a
3405 5491 3578 5560 _Bas_ilio

1990 5552 2380 5630 Sc‘i'iiéiéii'ynu,
2404 5552 2810 5616 Tertullianusde
2827 5561 3031 5630 Jejuniis
3045 5552 3234 5630 decimo
3243 5552 3578 5630 ΞΜ

1990 5619 2161 5684 suadet
2188 5619 2602 5690 mitielisgquoque
2625 5619 2958 5690 argumentum
2979 5625 3052 5668 ter
3077 5619 3157 5690 die
3177 5619 3393 5690 orantis;
3417 5619 3580 5690 utique

1993 5673 2625 5758 i‘é‘.‘-'dru;i&ii&iiVibi-trium
2652 5673 3018 5747 ci'ceptioncm;
3051 5689 3143 5726 non
3175 5673 3387 5726 altarum
3417 5682 3581 5724 autem
