3952 6200
434 253 541 313 227

436 369 611 423 redire
634 408 648 429 ,
676 380 796 421 eum
819 361 997 419 evenit
1029 359 1169 432 quod
1207 359 1490 428 expetebat
1523 357 1623 429 (a).
1654 357 1877 426 Propter
1915 355 2017 411 hoc

436 475 643 523 etnos,
682 462 817 513 sicut
843 464 1017 525 patres
1046 452 1199 507 nobis
1224 450 1553 505 tradiderunt
1594 449 1700 523 (b),
1743 449 1808 503 ad
1840 449 2015 503 orien-

439 564 544 607 tem
576 550 892 619 aspicientes
933 559 1214 615 precamur
1243 560 1256 597 :
1288 543 1556 596 civitatem
1586 556 1796 611 quoque
1826 554 1923 594 nos
1951 553 2016 593 ae

436 644 660 714 patriam
705 640 976 709 antiquam
1016 636 1338 707 requirimtts
1382 635 1620 690 :etcnim
1654 648 1840 688 revera
1867 647 2016 702 qua:-

354 714 361 725 l
434 741 539 793 situ
578 738 736 807 digna
767 750 858 791 res
886 744 985 789 est.
1012 733 1134 801 Quo
1161 741 1314 803 pacto
1333 771 1348 797 ,
1381 745 1503 785 cum
1532 730 1671 784 Dens
1696 727 1892 797 ubique
1920 725 2009 789 sit,

433 845 659 899 rumque
683 829 943 899 propheta
987 826 1130 880 dicat
1160 843 1172 877 ε
1204 823 1272 878 Ει
1315 824 1401 893 qui
1439 821 1664 876 ascendit
1700 837 1849 889 super
1869 833 2019 875 occa-

433 938 539 975 sum
565 962 579 984 ,
612 920 858 973 Dominus
882 933 1062 971 nomen
1086 915 1165 969 illi
1189 913 1358 986 (Psaf.
1389 914 1478 967 67.
1505 913 1559 974 5)
1582 954 1597 977 ,
1627 920 1803 965 tamen
1829 908 1897 963 ad
1931 925 2020 961 or-

431 1022 543 1067 tum
581 1010 875 1066 vertimur?
902 1009 1105 1077 Nempe
1134 1006 1203 1061 ibi
1231 1004 1376 1060 velut
1421 1003 1609 1057 medici
1640 999 1856 1054 ofﬁcina
1901 1006 2018 1051 erat

431 1105 577 1157 olim.
602 1103 669 1156 At
693 1102 832 1155 illius
858 1116 962 1154 non
989 1097 1176 1168 cepisti
1201 1091 1661 1165 experimentum?
1680 1089 1785 1145 Sed
1812 1102 2015 1159 quaere.

433 1192 486 1246 In
516 1192 824 1261 captivitate
857 1199 913 1245 et
947 1204 1047 1244 nos
1084 1184 1485 1240 habitabamus:
1506 1193 1692 1234 verum
1736 1188 2019 1248 antequam

434 1285 668 1339 venisset
696 1282 958 1338 Christus.
985 1280 1096 1334 Cur
1119 1286 1299 1331 autem
1322 1275 1490 1330 tribus
1515 1280 1717 1326 tantum
1745 1269 1852 1325 diei
1882 1279 2017 1325 tem-

436 1375 654 1445 poribus
683 1372 930 1427 ﬂectebat
964 1367 1173 1439 genua?
1198 1365 1337 1433 Quid
1363 1363 1548 1418 enim?
1575 1376 1753 1418 nonne
1780 1362 1882 1416 hoc
1908 1360 2013 1415 mi-

437 1464 644 1519 rabile?
667 1463 836 1517 llomo
854 1469 931 1513 tot
961 1459 1226 1527 tantisque
1249 1453 1605 1510 circumdatus
1630 1452 1791 1515 curis,
1819 1452 2021 1521 quique

436 1572 505 1610 ne
559 1555 775 1625 paulum
821 1551 1035 1622 quidem
1073 1548 1337 1618 respirare
1386 1538 1631 1601 habebat.
1667 1544 1799 1599 Vide
1838 1552 2019 1599 autem

435 1657 490 1701 et
536 1646 742 1715 impleri
792 1643 921 1698 illud
975 1640 1201 1711 apostoli
1242 1637 1352 1693 ειη
1381 1639 1517 1691 omni
1551 1635 1682 1702 loco,
1726 1635 1914 1705 inquit,
1947 1634 2018 1688 le-

435 1745 605 1790 vantes
635 1751 790 1805 puras
830 1749 1010 1786 manus
1038 1730 1127 1803 (1.
1176 1728 1310 1782 Tim.
1340 1727 1403 1781 ﬁ.
1452 1725 1530 1798 8).
1564 1726 1633 1780 Et
1672 1725 1813 1796 quod
1861 1723 2017 1779 Chri-

434 1836 548 1882 stus
584 1826 779 1896 jussit,
814 1825 915 1878 hoc
960 1821 1313 1891 complebant.
1364 1818 1434 1872 Et
1487 1817 1764 1886 claudens,
1808 1815 2013 1885 inquit,

431 1920 616 1974 ostium
658 1927 797 1969 tuum
821 1956 837 1982 ,
864 1930 956 1967 ora
1002 1912 1210 1966 Patrem
1259 1920 1400 1964 tuum
1439 1907 1650 1979 (Matth.
1682 1907 1735 1962 6.
1767 1904 1864 1977 ϐ).
1927 1906 2015 1961 15.

442 2029 461 2060 ε
498 2008 649 2063 Tunc
697 2005 1123 2075 responderunt,
1167 2008 1221 2057 et
1262 2000 1444 2059 dicunt
1484 2013 1666 2053 coram
1719 2012 1886 2067 rege:
1917 1996 2019 2051 Da-

433 2098 558 2160 niel,
590 2097 678 2167 qui
716 2096 784 2151 de
812 2094 935 2149 filiis
961 2092 1282 2163 captivitatis
1307 2088 1527 2155 Judzeaa,
1559 2103 1666 2143 non
1690 2086 1924 2143 subdidit
1957 2102 2017 2143 se

433 2193 652 2247 decreto
682 2198 772 2244 tuo
800 2196 854 2243 et
881 2184 1243 2243 constitutioni
1273 2197 1431 2253 quam
1458 2180 1693 2235 statuisti
1723 2197 1738 2235 :
1767 2187 1822 2234 et
1850 2179 2017 2234 tribus

429 2284 538 2339 dici
569 2280 898 2352 temporibus
928 2278 1058 2348 petit
1082 2291 1111 2330 a
1139 2276 1250 2330 Deo
1278 2288 1377 2329 suo
1415 2272 1720 2343 petitiones.
1746 2270 1833 2327 14.
1864 2270 2016 2326 Tunc

433 2393 532 2432 rex
554 2419 569 2443 ,
599 2384 661 2430 ut
697 2373 915 2429 verbum
942 2369 1162 2433 audivit,
1192 2367 1420 2423 multum
1443 2364 1786 2420 contristatus
1812 2371 1895 2418 est
1921 2377 2015 2417 su-

430 2483 525 2538 per
550 2480 654 2521 eo:
685 2474 741 2520 et
767 2479 861 2534 pro
895 2460 1114 2517 Daniele
1150 2455 1458 2523 contendit,
1480 2462 1540 2509 ut
1558 2453 1809 2509 liberaret
1833 2466 1957 2509 eum
1993 2471 2006 2508 :

429 2568 483 2612 et
512 2570 682 2629 usque
707 2554 775 2609 ad
802 2566 1050 2610 occasum
1072 2548 1200 2605 solis
1224 2547 1518 2611 dimicavit,
1546 2552 1833 2600 uterueret
1857 2559 2004 2612 eum,

429 2657 482 2702 et
510 2645 783 2717 satagebat
814 2659 910 2714 pro
936 2643 1045 2697 illo.
1074 2641 1161 2696 15.
1191 2639 1341 2694 Tunc
1362 2638 1459 2693 viri
1491 2636 1569 2692 illi
1592 2636 2013 2692 observaverunt

429 2738 481 2791 in
502 2752 701 2807 regem,
719 2744 775 2790 et
796 2733 978 2788 dicunt
997 2731 1107 2802 regi
1128 2749 1141 2785 :
1162 2729 1328 2797 Scito,
1346 2744 1461 2792 rex,
1485 2727 1609 2799 quia
1630 2727 1901 2783 decretum
1929 2737 2014 2784 est

433 2827 599 2882 Medis
623 2836 677 2881 et
706 2824 906 2889 Persis,
937 2836 1151 2877 omnem
1177 2820 1612 2876 constitutionem
1645 2828 1699 2874 et
1725 2826 2009 2886 statutum,

427 2917 569 2989 quod
592 2932 689 2972 rex
715 2915 979 2978 statuerit,
1030 2912 1289 2981 abrogare
1312 2924 1418 2965 non
1438 2920 1702 2979 Oportere.
1734 2908 1821 2964 16.
1860 2907 2012 2965 Tunc

427 3006 521 3066 rex
547 3009 705 3080 jussit
735 3024 750 3061 :
774 3015 826 3062 et
852 3004 1185 3061 abduxerunt
1206 3001 1501 3067 Danielem,
1529 3010 1585 3056 et
1609 2999 1871 3055 miserunt
1885 3014 2009 3056 eum

327 3159 337 3166 _
429 3102 484 3154 in
509 3102 679 3155 lacum
702 3099 938 3152 leonum.
977 3113 996 3148 ι
1020 3092 1227 3149 Forsan
1257 3090 1499 3146 nonnulli
1524 3098 1761 3145 vestrum
1789 3088 2007 3144 dicunt:

423 3189 613 3247 Nonne
648 3186 817 3258 potuit
839 3201 934 3241 rex
962 3183 1193 3239 liberare
1220 3181 1378 3238 eum?
1420 3179 1649 3235 Maxime
1677 3179 1890 3250 quidem
1916 3194 2011 3250 po-

427 3281 527 3333 tuit
547 3279 685 3332 Deus
716 3290 894 3346 regem
919 3274 1092 3328 facere
1115 3272 1489 3343 potentiorem,
1521 3270 1615 3325 sed
1637 3269 1705 3324 ad
1728 3279 2003 3326 certamen

430 3369 687 3423 athletam
727 3367 894 3421 ducit.
939 3364 1169 3419 Noverat
1199 3361 1359 3416 linem
1393 3402 1408 3428 ,
1439 3377 1545 3415 non
1596 3360 1876 3431 ignorabat
1910 3375 2006 3415 ex-

433 3463 591 3515 itum.
620 3460 688 3513 At
714 3473 806 3513 rex
836 3457 879 3512 si
916 3456 1074 3510 linem
1102 3454 1242 3508 hunc
1267 3453 1511 3508 scivisset
1533 3460 1870 3516 eventurum,
1901 3466 2008 3505 non

433 3553 726 3608 laborasset
764 3550 983 3620 utique:
1010 3547 1104 3603 sed
1134 3560 1240 3601 non
1262 3546 1450 3616 potuit.
1483 3544 1788 3599 Laudabilis
1818 3553 1901 3599 est
1930 3543 2002 3599 ob

426 3642 681 3709 studium,
702 3641 854 3696 venia
886 3636 1075 3709 dignus
1100 3638 1171 3692 ob
1200 3634 1574 3707 ignorantiam.
1603 3633 1755 3689 Adeo
1781 3644 2006 3704 exopta-

428 3744 513 3789 tus
538 3748 601 3789 ac
626 3730 872 3787 amabilis
907 3740 1024 3785 erat
1053 3727 1235 3783 Daniel
1271 3745 1286 3782 :
1330 3726 1425 3782 sed
1455 3725 1650 3781 invidia
1678 3741 1745 3781 ne
1789 3725 2008 3797 pulchra

425 3826 640 3897 quidem
664 3823 854 3879 intueri
885 3822 1013 3878 sinit
1044 3838 1058 3875 :
1086 3821 1195 3876 imo
1220 3818 1414 3874 intueri
1455 3817 1671 3889 quidem
1723 3817 2004 3888 permittit,

429 3927 485 3971 at
529 3930 636 3971 non
673 3913 862 3969 iisdem
904 3912 1095 3989 oculis.
1140 3910 1253 3966 Non
1281 3918 1529 3980 oportet,
1562 3908 1806 3980 inquiunt
1829 3950 1845 3975 ,
1875 3907 2010 3963 adeo

435 4004 740 4076 languidam
762 4018 882 4060 esse
908 4017 1089 4058 rerum
1110 4000 1644 4066 administrationem,
1673 4014 1845 4069 neque
1866 3999 2010 4068 leges

430 4105 643 4151 nostras
669 4093 944 4149 instabiles
970 4106 1113 4147 esse.
1143 4090 1276 4146 Tota
1299 4103 1430 4161 gens
1467 4089 1793 4144 contumelia
1832 4087 2006 4142 affici-

430 4197 537 4242 tur.
574 4185 873 4241 ltnmittunt
897 4183 1173 4239 Danielem
1202 4183 1256 4237 in
1287 4182 1485 4237 fossam
1516 4200 1531 4236 :
1571 4182 1846 4264 imponunt
1872 4177 2009 4249 lapi-

425 4310 568 4360 quam
597 4294 911 4360 insigniorum
929 4332 943 4353 ,
971 4291 1798 4360 exindeuapostolicuram,_tertia‘_,
1822 4294 2007 4360 sextce,

423 4352 579 4408 nume.
605 4352 877 4419 Magistrum
899 4352 1118 4418 sequitur
1140 4352 1403 4418 discipulus
1426 4353 1548 4401 libro
1567 4353 1632 4419 de
1652 4352 1892 4419 Qratioue,
1918 4352 2011 4419 nisi

428 4419 557 4482 quod
580 4412 829 4482 memoriae
850 4412 1009 4482 lapsu_
1026 4424 1131 4466 tres
1169 4412 1352 4482 pueros
1382 4428 1492 4482 cum
1516 4412 1719 4482 _I)_anie_le
1749 4414 2008 4482 consociat.

426 4474 613 4528 nollem
646 4474 954 4529 Constantino
989 4474 1306 4537 Imperatori,
1340 4476 1481 4524 istam
1516 4475 1761 4537 historiam
1790 4474 2011 4537 oratione

426 4542 486 4589 ad
511 4546 783 4588 sanctorum
820 4544 997 4586 coetum
1046 4535 1318 4593 referenti,
1364 4543 1460 4585 tam
1499 4535 1645 4583 multa
1691 4535 2007 4584 excidissent.

429 4601 645 4649 Videnda
671 4606 746 4649 est
768 4597 1005 4650 Catholica
1028 4596 1351 4658 apostolorum
1374 4596 1590 4658 doctrina
1612 4598 1658 4645 in
1683 4594 1840 4658 lih.‘7,
1858 4607 1903 4644 ο.
1926 4595 2007 4646 25.

492 4662 563 4723 (a)
597 4661 717 4713 Cum
753 4659 928 4723 Judteis
948 4658 1007 4706 ad
1032 4654 1228 4720 patriam
1259 4657 1494 4723 redeundi
1515 4654 1889 4723 potestasfacta
1913 4662 2008 4723 est.

428 4715 524 4774 Cur
546 4715 710 4772 autem
728 4722 852 4783 apud
877 4715 1077 4783 exteros
1099 4720 1333 4783 manserit
1348 4715 1564 4783 Daniel,
1588 4718 1826 4783 rationem
1850 4717 2012 4783 reddit

428 4778 770 4834 Theodoretus
785 4781 871 4832 lib.
899 4782 959 4832 10
981 4780 1321 4832 Commentarii
1346 4779 1396 4827 in
1416 4779 1543 4827 hunc
1562 4778 1867 4841 prophetam,
1885 4779 2010 4829 circa

430 4846 635 4895 initium.
1100 4882 1107 4889 .

492 4905 563 4968 (b)
589 4913 728 4969 [iane
738 4917 936 4969 quoque
968 4905 1095 4969 inter
1126 4914 1221 4951 non
1253 4902 1467 4969 scriptas
1475 4899 2012 4969 traditionesrecenset

427 4974 473 5015 s.
499 4963 694 5028 {nisibus
717 4963 801 5014 lib.
824 4963 888 5016 d'e
910 4967 1085 5028 Spiritu
1108 4970 1291 5027 sancto,
1314 4976 1418 5024 cap.
1443 4965 1502 5011 27
1523 4976 1537 5023 ;
1560 4975 1705 5028 quam
1729 4967 1783 5028 et
1803 4963 1866 5011 ab
1897 4974 2012 5028 apo-

427 5026 565 5089 stolis
585 5039 805 5089 manasse
826 5024 1001 5076 asserit
1029 5028 1111 5089 qui
1137 5024 1277 5089 inter'
1301 5037 1450 5089 Opera
1489 5032 1544 5089 ιι.
1576 5025 1748 5072 Justini
1785 5024 2011 5089 martyris

429 5088 608 5151 legitur
647 5086 774 5135 liber
812 5089 869 5136 ad
901 5086 1203 5151 Qrthoiloxos
1228 5087 1307 5151 _de
1339 5086 1625 5149 quibusdam
1662 5086 2012 5147 qumstionibus

431 5149 837 5212 scriptus,_nesp.
862 5149 919 5197 ad
943 5158 1115 5212 quiest.
1157 5149 1280 5212 118,
1314 5161 1410 5197 nec
1441 5162 1535 5197 non
1566 5155 1610 5195 5.
1640 5153 1904 5212 Germanus
1926 5158 2012 5208 pa-

430 5206 1228 5271 triarcha’(‘onstantinopolitanus
1265 5211 1315 5259 in
1361 5216 1532 5259 uerum
1579 5206 2011 5271 ecclesiasticarum

429 5272 854 5333 contemplatione.
890 5270 1432 5333 Auentiueruntﬂetiam
1464 5270 1803 5333 iantiqmsstmi
1848 5275 2015 5333 Patres

428 5330 661 5384 Clemens
681 5331 1040 5381 Alexandrinus
1054 5340 1225 5380 Strom.
1245 5332 1294 5387 '7,
1313 5330 1635 5381 'I‘ertullianu’s
1651 5330 1910 5392 Apologet.
1935 5331 2010 5388 16,

433 5403 485 5444 et
506 5398 746 5458 Origenes
766 5393 965 5458 Humilia
989 5394 1019 5442 5
1041 5394 1362 5458 innumeros,
1389 5400 1439 5458 et
1464 5394 1593 5441 inter
1613 5394 1838 5458 0rig_cnis
1857 5400 2014 5458 _0pe_ra

428 5452 613 5509 Auctor
632 5457 877 5505 Librorum
918 5456 966 5503 in
990 5455 1077 5503 Job
1101 5454 1185 5502 lib.
1207 5455 1252 5503 1.
1270 5453 1357 5502 Δόί
1382 5454 1687 5503 Clementem
1702 5452 2015 5503 Constitutio-

431 5530 544 5566 num
569 5518 654 5567 lib.
677 5518 727 5575 2,
747 5531 851 5580 cap.
871 5518 938 5580 _57
958 5554 971 5580 ,
1006 5523 1059 5565 et
1082 5514 1168 5564 lib.
1192 5516 1221 5564 7
1239 5551 1253 5574 ,
1278 5528 1384 5576 cap.
1403 5515 1471 5580 46
1489 5549 1504 5572 ,
1529 5516 1804 5580 Dionysium
1827 5510 2009 5580 Ecclus.

430 5580 560 5629 Hier.
592 5592 700 5638 cap.
724 5580 748 5628 1
777 5575 830 5629 et
860 5578 921 5638 2,
946 5578 1208 5628 Auctorem
1240 5575 1563 5638 Quaistionum
1595 5575 1662 5638 ad“
1690 5575 1980 5624 Antiochum
1997 5607 2014 5634 ,

430 5649 601 5704 quast.
627 5637 686 5691 5‘7
701 5674 718 5701 ,
742 5648 793 5691 et
814 5650 1097 5704 Symeonem
1118 5637 1601 5704 'I’hcssiloniceuscm
1623 5637 1688 5686 de
1710 5644 2015 5686 Sacramenta

430 5702 619 5753 ordinis
639 5699 774 5765 caj-p.
803 5699 974 5764 tet-tio,
999 5709 1160 5764 sexto,
1188 5699 1458 5752 undecimo.

1173 247 1227 304 S.
1270 243 1546 301 JOANNIS
1584 240 2056 299 CHRYSOSTOMI
2087 241 2401 299 ARClllEP.
2435 240 2961 298 CONSTANTINOP.

3573 250 3667 310 228

2129 356 2268 410 dem.
2310 375 2330 408 ι
2360 356 2425 411 Ει
2449 355 2583 411 dixit
2608 373 2698 412 rex
2730 358 2930 413 Danieli
2956 377 2969 413 :
2999 358 3159 426 Deus,
3188 361 3269 415 cui
3294 370 3345 416 tu
3368 365 3525 421 servis
3547 385 3664 426 con-

2128 448 2292 512 tinue,
2325 448 2436 517 ipse
2481 447 2727 503 liberabit
2765 459 2836 505 te.
2883 450 2970 504 17.
3029 449 3099 505 Ει
3142 452 3422 509 attulerunt
3459 456 3663 526 lapidem

2124 555 2287 593 unum
2311 580 2328 605 ,
2360 550 2414 594 et
2442 539 2810 609 imposuerunt
2854 556 3018 611 super
3041 556 3104 597 os
3143 543 3239 598 laci
3267 562 3280 599 :
3309 553 3362 599 et
3386 545 3662 618 obsignavit

2125 645 2220 685 rex
2251 630 2451 686 annulo
2485 645 2616 697 suo,
2658 641 2713 686 et
2741 632 2943 688 annulo
2985 633 3299 702 optimatum
3350 650 3592 693 suorum:
3620 653 3668 696 ut

2125 720 2258 775 nihil
2280 730 2577 776 mutaretur
2594 722 2647 775 in
2672 722 2908 778 Daniele.
2942 723 3031 779 18.
3055 724 3125 779 Ει
3149 725 3279 779 abiit
3294 742 3385 781 rex
3400 727 3447 782 in
3474 728 3669 786 donnnn

2123 827 2296 879 suam,
2320 823 2373 868 et
2401 815 2587 869 cubuit
2611 816 2929 882 incmnatus,
2955 825 3010 872 et
3028 816 3179 871 cibos
3208 833 3311 873 non
3339 834 3672 890 apposuerunt

2126 904 2195 970 ei,
2224 913 2284 959 et
2305 919 2527 960 somnus
2571 907 2796 961 recessit
2824 907 2891 961 ab
2916 920 3004 961 eo.
3038 924 3058 961 ι
3090 907 3391 964 Recordare
3416 910 3541 965 mihi
3570 929 3670 967 mo-

2126 1007 2438 1051 numentum
2468 996 2707 1064 Christi,
2737 998 2828 1053 ubi
2875 997 3049 1054 ιιιᾶωί
3094 998 3263 1069 sigilla
3312 1000 3669 1070 imposuerunt,

2121 1089 2371 1160 Alioquin
2399 1090 2542 1145 enim
2570 1090 2831 1147 dixissent
2858 1106 2973 1146 rem
3006 1106 3102 1160 per
3124 1091 3360 1147 fraudem
3386 1108 3447 1147 ac
3483 1096 3665 1162 paesti-

2119 1181 2232 1251 gias
2261 1196 2380 1237 esse
2402 1182 2613 1237 fact-tm.
2640 1181 2747 1237 Sed
2775 1182 2973 1252 ubique
2996 1197 3116 1251 qua:
3141 1181 3208 1236 ab
3237 1183 3462 1239 inimicis
3496 1186 3671 1239 nostris

2123 1280 2416 1340 patrantur,
2449 1274 2546 1344 pro
2573 1274 2726 1329 nobis
2753 1283 2897 1329 sunt.
2928 1273 3061 1330 Nam
3089 1283 3147 1329 ut
3168 1274 3490 1331 delatoribus
3515 1278 3670 1333 omnis

2121 1362 2389 1418 auferatur
2418 1375 2722 1434 prietextus,
2746 1366 2798 1421 id
2823 1367 3002 1420 evenit
3027 1381 3043 1420 :
3072 1374 3127 1422 et
3155 1381 3251 1422 rex
3274 1367 3573 1438 pouitsigna
3592 1411 3606 1434 ,
3624 1378 3673 1423 ut

2122 1454 2229 1510 illis
2254 1454 2477 1511 facultas
2503 1472 2607 1511 non
2637 1466 2783 1513 esset
2820 1457 3107 1528 quidquam
3154 1457 3413 1524 faciendi,
3440 1459 3518 1514 vel
3543 1458 3671 1514 illum

2120 1548 2469 1614 extrahendi,
2500 1557 2556 1605 et
2582 1550 2767 1606 leones
2793 1551 3045 1606 causandi
3087 1569 3101 1605 :
3130 1551 3205 1605 illi
3248 1566 3376 1606 vero
3412 1552 3562 1606 etiam
3588 1554 3673 1607 im-

2120 1650 2323 1711 ponunt
2347 1641 2518 1710 signa,
2546 1652 2598 1695 ut
2627 1655 2733 1696 non
2764 1641 2946 1697 liceret
2974 1641 3085 1711 regi
3109 1640 3337 1697 liberare
3365 1657 3503 1709 eum,
3527 1652 3668 1713 atque

2120 1734 2198 1787 sic
2240 1733 2295 1787 in
2338 1742 2451 1788 tuto
2477 1733 2748 1789 decretum
2774 1744 2940 1789 esset.
2969 1734 3038 1789 Et
3075 1747 3177 1789 n0n
3204 1735 3463 1802 ctenavit,
3492 1736 3669 1806 inquit,

2120 1838 2245 1888 rex,
2278 1839 2450 1894 neque
2488 1824 2725 1879 dormiit.
2782 1824 2913 1879 Vide
2941 1835 3136 1895 quanta
3183 1825 3267 1878 vis
3291 1825 3364 1879 sit
3389 1826 3592 1879 amoris.
3618 1827 3673 1880 Et

2118 1914 2285 1985 quid?
2312 1914 2549 1970 Primum
2589 1915 2802 1985 quidem
2849 1915 2985 1970 bene
3027 1930 3250 1984 sperare
3272 1915 3423 1986 jubet
3448 1916 3616 1972 dicens
3656 1936 3671 1972 :

2120 2004 2257 2060 Deus
2279 2046 2295 2071 ,
2332 2006 2416 2059 cui
2445 2015 2499 2059 tu
2538 2006 2692 2060 servis
2716 2006 2976 2060 continue.
3014 2005 3209 2060 lterum
3243 2020 3451 2062 causam
3500 2008 3672 2075 justam

2121 2097 2286 2167 ponit,
2314 2112 2433 2167 quae
2458 2097 2627 2166 possit
2654 2096 2792 2150 illius
2813 2096 3048 2150 animum
3066 2096 3299 2166 erigere.
3325 2096 3519 2151 Forsan
3546 2097 3671 2152 enim

2120 2188 2389 2243 Danielem
2433 2188 2693 2244 audierat.
2733 2187 2934 2243 Deinde
2977 2187 3185 2244 accedit
3229 2189 3477 2261 hymnum
3516 2189 3670 2259 profeo

2119 2292 2262 2334 rens.
2286 2278 2379 2334 25.
2409 2297 2428 2331 t
2449 2278 2597 2334 Tunc
2622 2293 2715 2334 rex
2745 2279 2966 2334 multum
2990 2278 3205 2350 gavisus
3228 2288 3312 2335 est
3338 2296 3491 2350 super
3509 2294 3599 2335 eo:
3627 2290 3674 2335 et

2117 2370 2370 2441 praecepit
2410 2378 2471 2425 ut
2494 2369 2763 2425 Danielem
2808 2370 3099 2425 educerent
3127 2370 3193 2425 de
3226 2371 3365 2425 lacu.
3391 2370 3456 2425 Et
3477 2369 3672 2425 eductus

2116 2469 2199 2515 est
2226 2460 2409 2517 Daniel
2435 2459 2504 2515 de
2547 2461 2688 2527 lacu,
2718 2470 2772 2516 et
2796 2461 2939 2515 nulla
2966 2461 3117 2516 laesio
3145 2462 3361 2516 inventa
3398 2471 3474 2516 est
3501 2462 3547 2516 in
3573 2461 3669 2525 illo,

2116 2552 2239 2622 quia
2278 2551 2506 2606 credidit
2537 2552 2647 2606 Deo
2676 2566 2792 2606 suo.
2819 2550 2911 2606 24.
2942 2551 3009 2606 Ει
3036 2550 3169 2606 dixit
3214 2566 3310 2608 rex
3335 2594 3350 2617 ,
3379 2561 3432 2607 et
3457 2552 3669 2607 adduxc-
3762 2600 3763 2603 η

2115 2651 2243 2697 runt
2268 2643 2411 2698 viros
2435 2642 2526 2712 qui
2552 2650 2932 2697 accusaverant
2971 2641 3248 2698 Danielem
3283 2661 3296 2697 :
3330 2653 3385 2699 et
3421 2645 3472 2698 in
3517 2643 3669 2697 lacum

2113 2734 2325 2789 leonum
2349 2720 2527 2804 injecti
2555 2743 2680 2789 sunt
2708 2734 2829 2803 ipsi,
2859 2742 2911 2788 et
2934 2733 3028 2787 lilii
3055 2747 3273 2800 eorum,
3303 2744 3357 2790 et
3386 2749 3567 2789 uxores
3589 2748 3670 2789 eo-

2114 2843 2231 2882 rum
2261 2844 2275 2880 :
2306 2836 2359 2883 et
2389 2842 2492 2882 non
2520 2834 2875 2897 pervenerant
2905 2806 2988 2880 ad.
3012 2826 3375 2896 pavimentum
3409 2828 3500 2881 laci
3521 2869 3535 2891 ,
3558 2840 3666 2880 cum

2113 2916 2369 2973 dominati
2406 2926 2527 2971 sunt
2559 2931 2745 2972 eorum
2788 2916 2968 2971 leones
2990 2958 3005 2981 ,
3052 2925 3108 2972 et
3143 2918 3327 2971 omnia
3363 2932 3480 2973 ossa
3506 2932 3669 2973 eorum

2112 3010 2557 3065 comminuerunt.
2590 3027 2609 3061 ι
2637 3008 2748 3076 Qua
2795 3007 2865 3064 de
2906 3022 3065 3063 causa
3113 3008 3208 3063 lilii
3240 3020 3297 3064 et
3338 3024 3525 3065 uxores
3563 3025 3669 3078 pcr-

2112 3108 2240 3155 eunt
2265 3098 2385 3171 (a)?
2421 3099 2547 3170 quid
2585 3108 2943 3170 peccaverunt
2973 3099 3095 3154 isti?
3118 3099 3371 3156 Fortasse
3391 3102 3461 3156 illi
3483 3117 3671 3171 quoque

2111 3190 2349 3245 criminis
2372 3190 2660 3261 participes
2692 3200 2862 3246 erant.
2905 3189 3063 3245 Vides
3091 3190 3460 3260 improborum
3494 3191 3675 3261 suppli-

2111 3283 2292 3339 cium?
2321 3282 2470 3338 vides
2490 3283 2754 3353 justorttm
2782 3283 3031 3354 praemia?
3053 3283 3245 3355 Undiqt
3264 3301 3313 3340 te
3340 3284 3559 3349 erudire,
3591 3300 3678 3337 un-

2110 3374 2271 3444 dique
2307 3372 2595 3429 :edificare.
2626 3372 2786 3429 Vides
2827 3374 2968 3444 quod
3008 3376 3259 3445 quamvis
3292 3378 3429 3444 Deus
3470 3376 3675 3440 deserat,

2111 3467 2178 3522 ad
2203 3467 2480 3521 utilitatem
2520 3474 2757 3521 nostram
2788 3465 2841 3520 id
2869 3465 3014 3521 facit.
3046 3465 3341 3536 Superavit
3371 3468 3537 3537 ignem
3564 3483 3576 3530 ;
3601 3480 3679 3519 su—

2111 3559 2318 3631 peravit
2351 3557 2507 3613 feras.
2550 3557 2626 3612 Ne
2663 3556 2914 3627 deinceps
2939 3556 3198 3626 inquiras,
3231 3558 3308 3611 ad
3338 3557 3460 3628 quid
3488 3557 3669 3620 leones,

2114 3661 2170 3706 et
2196 3648 2369 3721 pardi,
2396 3660 2451 3705 et
2468 3649 2687 3720 reliqua:
2715 3646 2867 3703 ferte.
2894 3647 3032 3703 Sunt
3051 3646 3194 3702 enim
3212 3648 3385 3702 veluti
3410 3646 3669 3702 carnifices

2111 3743 2325 3814 quidam
2354 3740 2421 3795 ad
2462 3741 2624 3796 latera
2662 3739 2898 3795 Danielis
2943 3748 3167 3806 stantes,
3220 3747 3491 3810 tamquam
3533 3737 3580 3791 in
3607 3734 3678 3789 di-

2113 3842 2237 3890 vtno
2278 3831 2506 3903 quodam
2557 3845 2622 3885 ac
2667 3829 2936 3885 horrendo
2971 3829 3216 3885 tribunali
3248 3830 3304 3885 id
3344 3838 3591 3901 agentes:
3619 3822 3677 3879 ad

2116 3926 2256 3980 hunc
2282 3922 2497 3978 modum
2521 3936 2629 3976 non
2652 3920 2766 3975 ausi
2786 3930 2904 3975 sunt
2929 3919 3208 3991 perfodere
3230 3920 3399 3976 latera
3425 3919 3546 3990 justi
3565 3916 3673 3972 viri.

2112 4015 2226 4070 Non
2268 4015 2410 4071 enim
2452 4018 2770 4083 acceperant
2800 4011 2994 4079 judicis
3020 4010 3353 4067 mandatum.
3412 4012 3677 4080 Postquam

2116 4121 2241 4162 vero
2264 4105 2352 4160 alii
2381 4105 2431 4158 in
2462 4104 2635 4158 lacum
2666 4101 2814 4157 missi
2838 4110 2981 4168 sunt,
3010 4101 3120 4157 Deo
3140 4101 3387 4171 jubente,
3416 4116 3506 4157 eos
3524 4102 3675 4155 inter-

2115 4197 2376 4262 fecerunt,
2407 4193 2475 4248 Et
2504 4210 2619 4248 ossa
2656 4209 2854 4260 eorum,
2878 4192 3051 4263 inquit
3073 4232 3089 4260 ,
3116 4194 3533 4247 comminuerunt.
3563 4188 3678 4256 Quis

2114 4289 2352 4345 frenabat
2380 4286 2616 4357 ipsorum
2645 4284 2778 4338 ora?
2825 4284 2944 4354 quis
2983 4285 3235 4353 praecepit
3282 4284 3523 4355 apposito
3558 4280 3669 4334 cibo

2113 4380 2418 4438 abstinere?
2474 4378 2594 4450 quis
2649 4376 3000 4447 philosophus
3048 4377 3183 4433 adeo
3243 4387 3577 4447 temperans,
3627 4378 3679 4424 ut

2114 4487 2334 4544 pressus
2360 4470 2520 4535 fame,
2551 4467 2817 4523 solutione
2857 4477 3032 4523 autem
3061 4468 3214 4522 famis
3243 4477 3529 4538 praesente,
3557 4461 3678 4516 nolit

2114 4581 2177 4621 se
2211 4565 2279 4620 ab
2303 4578 2369 4618 eo
2397 4561 2538 4616 malo
2567 4559 2833 4616 liberare?
2860 4560 3063 4614 Rursus
3101 4558 3296 4624 edicta,
3340 4572 3521 4613 rursus
3552 4551 3678 4607 divi-
3716 4582 3725 4587 -

2116 4669 2239 4712 num
2283 4652 2606 4725 przeconium
2631 4690 2649 4718 ,
2696 4664 2879 4706 rursus
2917 4650 3273 4706 testimonium
3304 4665 3401 4719 per
3424 4662 3508 4703 res
3534 4646 3678 4714 ipsas.

2718 4804 2943 4861 CAPUT
2986 4803 3096 4860 VII.

2188 4948 2280 5002 Lt
2309 4944 2366 4999 ln
2410 4942 2583 5012 primo
2630 4953 2773 4995 anno
2821 4938 3108 4993 Baltasaris
3150 4936 3293 5008 regis
3320 4934 3677 4991 Chaldaeorum

2120 5035 2303 5092 Daniel
2334 5033 2598 5090 somnium
2627 5030 2760 5087 vidit
2789 5048 2803 5085 :
2828 5038 2883 5085 et
2912 5028 3145 5083 visiones
3167 5026 3357 5097 capitis
3386 5026 3501 5096 ejus
3526 5024 3576 5078 in
3601 5036 3691 5075 cu-

2117 5129 2209 5185 bili
2239 5128 2356 5197 ejus
2380 5145 2393 5182 :
2423 5135 2477 5182 et
2499 5126 2765 5181 somnium
2790 5120 3025 5190 scripsit.
3046 5120 3366 5189 Principium
3395 5128 3685 5173 sermonum

2118 5222 2252 5290 ejus.
2294 5220 2359 5274 Et
2396 5216 2729 5288 reSpondens
2755 5214 2889 5268 dixit
2912 5231 2926 5266 :
2947 5212 3006 5267 ‘2.
3034 5211 3146 5282 Ego
3173 5210 3357 5265 Daniel
3382 5205 3687 5279 aspiciebam

2121 5316 2172 5371 in
2203 5328 2318 5370 mea
2347 5312 2583 5378 visione,
2609 5317 2767 5365 nocte
2795 5326 2809 5361 :
2837 5315 2892 5362 ct
2912 5321 3037 5362 ecce
3066 5314 3291 5375 quatuor
3310 5303 3461 5358 venti
3487 5298 3597 5355 ρευιί
3623 5298 3689 5349 ir-

2183 5448 2255 5509 (a)
2287 5444 2418 5509 V_era
2451 5454 2595 5492 causa
2629 5440 2868 5509 barbarus
2903 5442 3211 5509 tyrannorum
3239 5436 3473 5509 omnium,
3492 5426 3693 5509 mosi?

2126 5492 2273 5559 etiam
2299 5492 2644 5569 plerarumque
2667 5504 2889 5569 gentium
2926 5492 3086 5569 leges.
3126 5492 3354 5569 Exempla
3371 5494 3692 5569 Δρίιδείμιιιρίιέρξ

2122 5558 2647 5634 peditabuuthiswrize
2663 5558 2815 5634 libri
2840 5558 3037 5634 Regum,
3060 5558 3693 5634 Judi‘tbze,:§sth_cr§3_fggj

3476 5606 3696 5664 Marcelli-

2127 5707 2237 5743 nus.
2263 5708 2292 5743 c
2347 5727 2360 5742 .

2127 5707 2237 5752 nus,
2263 5707 2360 5743 υιο.
