4104 6214
396 316 505 373 227

398 432 559 500 ἡμεῖς
590 427 684 481 καὶ
711 426 942 500 πατρίδα
964 424 1194 497 ἀρχαίαν
1225 419 1491 490 ζητοῦμεν
1511 434 1523 447 ’
1558 415 1651 470 καὶ
1672 413 1780 484 γὰρ
1808 414 1975 472 ὅντως

402 519 552 585 ἀξιον
583 518 837 588 ζητῆσαι.
876 517 1019 580 Πῶς,
1048 511 1323 584 πανταχοῦ
1364 509 1458 563 τοῦ
1493 506 1629 561 Θεοῦ
1668 505 1840 566 ὄντος,
1882 501 1978 554 καὶ⁵

401 611 651 679 λέγοντος
699 609 793 662 τοῦ
834 611 1146 680 προφήτου·
1199 602 1284 671 Τῷ
1332 598 1702 664 ἐπιϐεϐηκότι
1746 594 1842 649 ἐπὶ
1873 593 1977 646 δυ-

402 699 595 769 σμῶν,
638 698 853 767 Κύριος
876 698 1065 766 ὄνομα
1087 693 1279 760 αὐτῷ’
1317 691 1451 764 πρὸς
1510 687 1775 750 ἀνατολάς
1815 687 1978 754 ἐσμεν

402 788 803 862 τετραμμένοις
837 786 981 841 Ἐκεῖ
1025 786 1215 857 ὥσπερ
1261 787 1491 855 ἰατρεῖον
1529 777 1597 852 ἦν
1629 779 1689 833 τὸ
1732 779 1976 849 ἀρχαῖον.

414 880 554 934 Ἀλλ’
570 881 671 933 οὐκ
684 880 874 944 ἔλαϐες
888 878 1050 932 αὐτοῦ
1066 880 1260 948 πεῖραν
1280 893 1294 940 ;
1312 874 1469 928 Ἀλλά
1490 874 1659 942 ζήτει.
1677 871 1766 923 Ἐν
1781 870 1983 937 αἱχμαε

406 973 576 1044 λωσίᾳ
604 973 697 1026 καὶ
725 974 883 1043 ἡμεῖς
916 970 1186 1042 ᾠκοῦμεν,
1210 966 1344 1023 ἀλλά
1369 967 1498 1036 πρὶν
1527 962 1701 1017 ἐλθεῖν
1733 960 1824 1013 τὸν
1850 960 1982 1029 Χρι-

410 1064 552 1117 στόν.
568 1064 722 1126 Τίνος
743 1063 788 1116 δ’
807 1063 992 1116 ἕνεκεν
1017 1062 1165 1131 τρεῖς
1195 1059 1388 1130 μόνους
1409 1054 1633 1125 καιροὺς
1651 1052 1748 1120 τῆς
1770 1048 1980 1119 ἡμέρας

406 1151 476 1225 ἦν
504 1155 768 1225 κάμπτων
798 1153 892 1206 ἐπὶ
916 1152 984 1205 τὰ
1010 1152 1210 1221 γόνατα
1233 1146 1435 1212 αὐτοῦ;
1467 1144 1694 1215 Τί.γάρ;
1726 1140 1884 1193 τοῦτο
1918 1139 1979 1191 οὐ

410 1244 716 1315 θαυμαστόν
741 1260 756 1309 ;
781 1243 1098 1314 Ἀνθρωπος
1125 1238 1413 1300 τοσαύταις
1439 1235 1806 1304 κυκλούμενος
1827 1247 1983 1301 φρον-

409 1337 537 1401 τίσι,
561 1336 655 1389 καὶ
692 1336 814 1389 οὐδὲ
851 1334 1049 1407 μικρὸν
1076 1330 1411 1387 ἀναπνεῦσαι
1441 1328 1599 1399 ἔχων.
1633 1326 1778 1396 Ὅρα
1808 1323 1864 1376 δέ
1890 1321 1984 1375 καὶ

410 1425 470 1480 τὸ
505 1425 859 1481 ἀποστολικὸν
893 1427 1068 1477 ἐκεῖνο
1098 1420 1502 1493 ’πληρούμενον⁹
1536 1411 1851 1471 Ἦν·παντὶ
1891 1413 1984 1464 τό·

412 1533 522 1584 πῳ,
558 1519 714 1589 φησὶ,
756 1518 1107 1586 ἐπαίροντες
1147 1513 1358 1579 όσίους
1396 1510 1616 1581 χεῖρας.
1650 1506 1762 1562 Καὶ
1794 1506 1928 1573 ὅπερ
1956 1503 1985 1554 6

412 1604 648 1678 Χριστὸς
689 1607 976 1670 ἐκέλευσε,
1025 1603 1182 1657 τοῦτο
1225 1601 1513 1672 ἐπλήρουν.
1559 1595 1667 1651 Καὶ
1710 1596 1983 1656 κλείσας,

415 1698 567 1773 φησι,
592 1696 708 1764 τὴν
750 1697 937 1763 θύραν
964 1710 1100 1758 σου,
1135 1690 1464 1761 πρόσευξαι
1503 1686 1583 1753 τῷ
1621 1683 1772 1757 [255]
1803 1681 1988 1773 ῌατρί

413 1787 551 1841 σου.
585 1788 723 1840 Τότε
764 1786 1210 1853 ἀπεκρίθησαν,
1264 1780 1362 1835 καὶ
1404 1779 1694 1849 λέγουσιν
1732 1772 1988 1827 ἐνώπιον

412 1874 521 1929 τοῦ
533 1876 842 1942 ,βασιλέως
861 1891 874 1904 ·
891 1875 1135 1940 Δανιὴλ,
1155 1877 1186 1928 ό
1206 1873 1323 1952 ἀπὸ
1348 1871 1468 1925 τῶν
1490 1869 1632 1925 υίῶν
1652 1866 1761 1936 τῆς
1779 1868 1988 1935 αἰχμα-

415 1967 645 2031 λωσίας
678 1964 784 2033 τῆς
825 1964 1131 2032 Ἰουδαίας,
1165 1966 1277 2032 οὐχ
1320 1962 1584 2031 ὑπετάγη
1627 1958 1706 2023 τῷ
1744 1955 1989 2030 δόγματι

417 2068 557 2117 σου,
579 2053 678 2106 καὶ
700 2052 831 2121 περὶ
854 2053 960 2107 τοῦ
989 2052 1259 2123 ὁρισμοῦ,
1277 2047 1347 2106 οὗ
1366 2049 1584 2113 ἔταξας
1601 2066 1614 2080 ·
1637 2047 1730 2102 καὶ
1749 2045 1990 2113 καιροὺς

421 2143 578 2211 τρεῖς
609 2145 831 2214 ἡμέρας
850 2144 1000 2200 αἰτεῖ
1027 2146 1185 2213 παρὰ
1208 2144 1314 2198 τοῦ
1346 2143 1494 2197 Θεοῦ
1515 2124 1699 2195 αὐτοῦ
1726 2139 1797 2193 τὰ
1826 2138 1989 2203 αἰτή-

414 2231 593 2301 ματα.
628 2234 761 2287 Τότε
790 2237 825 2289 ό
844 2233 1166 2300 βασιλεὺς,
1183 2233 1265 2297 ὡς
1283 2232 1350 2286 τὸ
1368 2232 1534 2300 ῥῆμα
1556 2230 1805 2298 ἤκουσε,
1831 2228 1990 2281 πολὺ

416 2322 689 2389 ἐλυπήθη
734 2322 825 2376 ἐπ’
866 2323 1047 2387 αὐτῷ,
1073 2322 1331 2390 καὶπερὶ
1372 2321 1478 2375 τοῦ
1507 2320 1732 2387 Δανιὴλ
1773 2319 1988 2387 ἠγωνί-

413 2423 567 2463 σατο
592 2409 699 2464 τοῦ
725 2409 1036 2474 ἐξελέσθαι
1064 2411 1251 2464 αὐτόν
1269 2428 1283 2442 ο
1320 2410 1418 2464 καί
1441 2410 1553 2476 ἕως
1578 2409 1726 2478 πρὸς
1754 2406 1989 2477 δυσμὰς

413 2495 594 2562 ἡλίου
608 2495 943 2563 ἠγωνίσατο
959 2497 1062 2551 τοῦ
1082 2496 1392 2561 ἐξελέσθαι
1410 2498 1614 2561 αὑτὸν,
1628 2496 1725 2550 καὶ
1744 2494 1823 2568 ἦν
1842 2496 1989 2567 ἀγω-

413 2582 718 2654 νιζόμενος
749 2587 881 2654 περὶ
910 2588 1116 2642 αὐτοῦ.
1139 2589 1273 2643 Τότε
1287 2593 1340 2643 οί
1362 2590 1577 2658 ἄνδρες
1601 2590 1812 2644 ἐκεῖνοι
1843 2606 1989 2658 παρ-

415 2670 787 2740 ετηρήσαντο
817 2686 843 2714 ει
873 2674 971 2728 ἐπὶ
1016 2674 1124 2729 τὸν
1160 2678 1458 2742 βασιλέα,
1486 2680 1585 2733 καὶ
1623 2678 1871 2750 λέγουσι
1912 2678 1991 2744 τῷ

416 2763 686 2827 βασιλεῖ·
715 2762 930 2845 Γνῶθι,
958 2765 1244 2835 βασιλεῦ,
1276 2767 1364 2821 ὅτι
1399 2767 1467 2822 τὸ
1495 2769 1690 2839 δόγμα
1720 2770 1841 2836 τοῖς
1868 2769 1993 2838 Μή-

427 2854 547 2919 δοις
570 2854 665 2908 καὶ
692 2855 971 2925 Πέρσαις,
995 2857 1100 2911 τοῦ
1129 2857 1324 2914 πάντα
1358 2862 1609 2931 ὁρισμὸν
1631 2861 1728 2916 καὶ
1748 2860 1988 2928 στάσιν,

432 2944 509 3011 ἦν
539 2946 610 2999 ἂν
646 2946 1012 3013 ἀβασιλεὺς
1041 2947 1265 3017 στήσῃ,
1296 2952 1368 3005 οὐ
1403 2950 1499 3005 δεῖ
1521 2951 1549 2991 ι)
1589 2952 1988 3021 παραγράψω.

436 3032 565 3089 Τότε
592 3038 624 3089 ό
666 3034 968 3101 ,βασιλεὺς
1001 3030 1161 3101 εἷπε,
1202 3036 1300 3090 καὶ
1346 3036 1575 3108 ἤγαγον
1606 3037 1712 3091 τὸν
1744 3037 1991 3105 Δανιὴλ,

424 3124 522 3178 καὶ
547 3124 730 3178 ἐνέϐα.
739 3128 836 3178 ιον
866 3125 1053 3179 αὐτὸν
1074 3126 1163 3189 είς
1183 3125 1288 3179 τὸν
1312 3124 1544 3180 λάκκον
1567 3125 1687 3181 τῶν
1707 3128 1989 3181 λεόντων.

424 3214 573 3285 Τάχα
618 3215 759 3278 τινές
801 3213 958 3285 ὑμῶν
997 3213 1263 3283 λέγουσιν,
1298 3215 1380 3269 δτι
1414 3217 1528 3271 Οὐκ
1570 3215 1789 3286 ἴσχυσεν
1833 3216 1993 3270 αὐτὸν

420 3304 699 3370 ἐξελέσθαι
719 3323 733 3371 ;
756 3306 1007 3369 ,Μάλιστα
1043 3307 1142 3377 μὲν
1165 3306 1396 3377 ἠδύνατο
1426 3310 1455 3362 6
1486 3308 1618 3372 Θεὸς
1645 3309 1870 3380 ποιῆσαι
1902 3309 1993 3362 τὸν

425 3396 646 3468 βασιλέα
666 3397 1052 3471 δυνατώτερον,
1087 3398 1223 3453 ἀλλὰ
1257 3401 1349 3454 ἐπὶ
1383 3400 1446 3454 τὸ
1483 3400 1682 3472 κάμμα
1704 3412 1726 3440 ο
1758 3401 1879 3469 ἄγει
1904 3402 1995 3455 τὸν

423 3489 681 3562 ἀθλητήν.
710 3491 866 3560 ’ῌδει
895 3491 956 3543 τὸ
987 3490 1157 3554 τέλος,
1188 3492 1289 3545 οὐκ
1318 3492 1500 3562 ἠγνόει
1535 3492 1595 3545 τὸ
1635 3492 1828 3564 πέρας.
1862 3492 1995 3545 Οὐδὲ

423 3582 453 3634 6
477 3580 727 3651 βασιλεὺς
758 3583 806 3635 εί
836 3581 995 3636 τοῦτο
1028 3583 1143 3654 ᾔδει
1170 3584 1229 3636 τὸ
1259 3584 1411 3648 τέλος
1441 3583 1828 3656 ἐκϐησόμενον,
1852 3586 1997 3654 ἠγω-

425 3672 612 3727 νίσατο
641 3674 706 3728 ἀν
727 3689 739 3700 '
769 3674 882 3727 ἀλλ’
906 3675 1006 3728 οὐκ
1041 3676 1283 3746 ἴσχυσεν.
1317 3676 1637 3741 Ἀπόδεκτος
1665 3679 1763 3748 τῆς
1798 3678 1988 3751 προθυι

429 3765 579 3835 μίας,
617 3766 959 3834 συγγνωστὸς
991 3768 1090 3839 τῆς
1133 3767 1390 3836 ἀγωνίας.
1412 3768 1568 3823 Οὕτω
1603 3770 1845 3835 ποθεινὸς
1875 3768 1942 3842 ἦν
1970 3774 1999 3825 6

426 3858 658 3927 Δανιήλο
695 3858 809 3914 ἀλλ’
842 3860 871 3911 6
897 3858 1089 3929 φθόνος
1123 3859 1243 3912 οὐδὲ
1266 3858 1335 3913 τά
1368 3860 1510 3914 καλά
1534 3861 1728 3932 ἀφίησι
1761 3863 1998 3933 βλέπειν,

431 3944 631 4014 μᾶλλον
655 3946 958 4017 δέβλέπειν
984 3947 1082 4017 μὲν
1116 3941 1351 4011 αὐτὰ,ού
1386 3951 1498 4012 τοῖς
1526 3950 1708 4013 αὐτοῖς
1725 3951 1781 4004 δὲ
1802 3952 2001 4020 ὀφθαλ-

435 4039 573 4105 μοῖς.
598 4038 674 4090 Οὑ
699 4037 797 4101 δεῖ,
817 4037 1188 4106 φασ“ιν,οῦτως
1214 4022 1410 4093 ἔκλυτα
1429 4035 1565 4093 εἶναι
1584 4041 1653 4093 τὰ
1681 4041 2000 4113 πράγματα,

430 4128 551 4180 οὐδὲ
572 4128 863 4193 ἀϐεϐαίους
887 4130 1012 4194 τοὺς
1041 4129 1238 4200 νόμους
1260 4130 1387 4194 τοὺς
1420 4131 1550 4202 παρ’
1569 4133 1722 4202 ἡμῖν.
1752 4133 1827 4185 Τὸ
1855 4133 2004 4196 ἔθνος

430 4219 552 4274 ὅλον
574 4220 872 4292 ὑϐρίζεται.
915 4223 1305 4294 Ἐμὸάλλουσιν
1334 4225 1416 4287 είς
1442 4222 1531 4278 τὸν
1563 4223 1764 4278 λάκκον
1783 4239 1799 4254 ο
1831 4227 2006 4279 ἐπιτι-

330 4380 353 4393 α
433 4310 587 4364 θέασι
612 4311 775 4393 λίθον.
817 4313 925 4368 Kal
953 4310 1122 4369 εἶπεν
1152 4317 1184 4369 ὁ
1204 4314 1507 4381 ,βασιλεὺς
1539 4316 1619 4381 τῷ
1644 4314 1868 4382 Δανιήλ
1888 4332 1901 4347 ·
1944 4316 2008 4370 '0

435 4398 599 4466 Θεὸς,
628 4392 679 4466 ᾧ
710 4399 791 4454 σὺ
810 4403 1117 4470 λατρεύεις
1141 4402 1491 4473 ἐνδελεχῶς,
1514 4405 1697 4471 αὐτὸς
1719 4405 2010 4477 ἐξελεῖταί

430 4504 531 4544 σε.
557 4490 666 4545 Καὶ
705 4490 969 4561 ἤνεγκαν
998 4495 1175 4550 λίθον
1204 4494 1331 4559 ἕνα,
1360 4496 1456 4549 καὶ
1489 4498 1793 4566 ἐπέθηκαν
1822 4499 1918 4553 ἐπὶ
1944 4500 2009 4554 τὸ

392 4616 403 4623 -
434 4582 627 4651 στόμα
656 4582 761 4637 τοῦ
789 4583 1021 4637 λάκκου
1042 4600 1054 4612 ’
1095 4585 1194 4641 καὶ
1218 4587 1625 4658 ἑσφραγίσατο
1659 4591 1692 4643 ὀ
1711 4590 2011 4657 ,βασιλεὺς

439 4673 522 4738 τῷ
557 4672 859 4741 δακτυλίῳ
906 4676 1113 4741 αὐτοῦ,
1154 4677 1252 4732 καὶ
1295 4678 1376 4744 τῷ
1412 4680 1731 4747 δακτυλίῳ,
1755 4681 1874 4736 τῶν
1904 4700 2011 4752 με·

435 4764 736 4831 γιστάνων
780 4766 986 4834 αὐτοῦ,
1025 4767 1185 4835 ὅπως
1209 4769 1297 4839 μὴ
1323 4771 1624 4841 ἀλλοιωθῇ
1662 4773 1905 4844 πρᾶγμα
1943 4775 2013 4829 ἐν

387 5003 395 5011 ’
494 5009 919 5085 ξῐῖεειὶιιιεηᾱιιιιι
941 5010 1151 5085 εεῐηιιοο
1175 5007 1379 5085 γετθυω
1404 5011 1455 5059 in
1495 5010 1763 5073 Theodon,
1788 5012 1872 5063 ubi
1899 5030 2017 5078 παρ-

431 5074 669 5133 ῃτήσαντο
689 5078 916 5132 corrupte
945 5073 1145 5133 legitur.
1281 5078 1294 5090 ‘

494 5143 523 5183 b
549 5144 744 5191 Rectius
764 5141 816 5190 in
839 5140 1153 5191 Theodorelo
1177 5140 1288 5190 δεῖν.

497 5217 522 5246 °
549 5215 662 5262 Scio
678 5226 884 5262 coronas
907 5212 1269 5274 Olympicorum
1292 5193 1706 5273 agonumlérrreas
1726 5211 1903 5262 fuisse:
1922 5213 2024 5262 He-

433 5276 653 5335 sychium
678 5281 843 5324 autem
867 5271 1103 5336 scribere.
1124 5271 1370 5334 κάμματᾶ,
1394 5274 1545 5336 φύλλα
1560 5274 1732 5336 δάφνης
1754 5275 1801 5323 ἐν
1823 5276 1890 5331 οῖς
1909 5276 2025 5323 σκέ-

434 5334 578 5386 πουσι
595 5337 656 5384 τὰ
679 5337 874 5399 ψαιστά*
897 5335 1072 5399 ὁμοίως
1091 5337 1170 5383 καὶ
1193 5338 1240 5382 αἱ
1277 5334 1586 5399 καμματίδαι.
1617 5334 1798 5399 Verum
1832 5338 1940 5399 haec
1960 5350 2020 5385 ex
2054 5356 2063 5359 Α

436 5399 663 5448 Athenaei
689 5397 772 5447 lib.
808 5398 855 5454 4,
891 5397 1021 5445 unde
1041 5397 1297 5456 desumpta
1314 5400 1445 5453 sunt,
1479 5398 1552 5444 sic
1571 5397 1874 5446 emendanda
1905 5410 2025 5445 cen-

434 5472 559 5509 seo:
601 5459 911 5520 καμματίδαι,
950 5470 1039 5506 seu
1083 5459 1272 5520 polius,
1309 5457 1622 5520 καμματίδες,
1662 5459 1813 5514 φύλλα
1853 5459 2025 5520 δάφνης

438 5521 488 5570 ἐν
512 5521 598 5582 οἷς
621 5517 856 5582 σκέπουσι
894 5517 954 5567 τὰ
990 5517 1384 5582 ὁμοίως
1422 5519 1595 5582 καὶ-τά
1632 5520 1878 5582 κάμματα,
1897 5517 2025 5582 -ψαι-

440 5581 553 5630 στα.
579 5580 738 5629 anus
777 5578 1014 5630 Athenai'
1044 5578 1218 5628 obvius
1242 5578 1353 5637 εει,
1376 5591 1469 5627 nec
1496 5579 1663 5629 debuit
1687 5578 1713 5630 ai
1738 5578 2025 5632 'Casaub'ouo

440 5638 715 5706 sollipieari.
740 5640 836 5706 Hic
855 5643 1021 5703 itaque
1040 5639 1203 5706 scribe
1228 5639 1448 5706 σκάμμα,
1477 5654 1589 5706 (μιᾳ)
1621 5655 1713 5692 vox
1736 5643 2024 5706 Chrysoslo-

439 5716 519 5753 mo
549 5703 796 5762 familaris,
820 5707 874 5752 ut
896 5700 1252 5765 eimelaphora
1272 5700 1371 5763 qua
1390 5702 1469 5751 hic
1492 5700 1666 5752 ulitur.
1832 5700 1847 5706 ⁷
1917 5732 1923 5737 -

1760 299 1823 352 IN
1864 293 2230 351 DANIELEM.

3547 283 3653 338 228

2084 407 2164 475 τῷ
2182 408 2422 475 Δανιὴλ.
2445 408 2550 462 Kal
2577 406 2851 475 ἀπῆλθεν
2875 407 2907 459 ό
2922 403 3220 469 βασιλεὺς
3240 403 3327 468 εἰς
3350 402 3457 456 τὸν
3485 395 3657 455 οἷκον

2082 502 2290 566 αὐτοῦ,
2321 500 2420 554 καὶ
2450 499 2733 569 ἐκοιμήθη
2766 497 3066 562 ἄδειπνος,
3094 494 3191 549 καὶ
3220 494 3516 563 ἐδέσματα
3541 494 3654 545 οὐκ

2082 593 2443 661 εἰσήνεγκαν
2461 589 2641 656 αὐτῷ,
2663 589 2761 643 καί
2781 592 2814 643 ὁ
2840 589 3033 653 ὕπνος
3060 584 3291 652 ἀπέστη
3320 570 3418 637 ἀπ’
3447 581 3653 636 αὑτοῦ.

2096 683 2492 755 Ἀναμνήσθητί
2527 699 2618 753 μοι
2668 680 2761 734 τοῦ
2800 678 3062 751 μνημείου
3098 675 3191 729 τοῦ
3227 671 3486 745 Χριστοῦ,
3528 671 3655 724 ἔνθα

2083 776 2152 831 τὰ
2186 777 2471 846 σήμαντρα
2503 773 2782 843 ἐπέθηκαν
2804 771 2853 825 ol
2883 768 3142 822 Ἰουδαῖοι.
3167 765 3231 819 El
3265 765 3370 836 γὰρ
3400 762 3473 834 μὴ
3502 761 3657 815 τοῦτο

2040 885 2044 889 ’
2084 863 2174 939 ἦν,
2198 864 2356 921 εἶπαν
2384 866 2472 932 ἂν,
2503 867 2584 919 ὅτι
2611 866 2753 919 κατὰ
2780 862 3031 933 γοητείαν
3065 858 3124 912 τὸ
3157 859 3389 930 πρᾶγμα
3412 855 3654 924 γέγονεν.

2097 959 2259 1013 Ἀλλά
2288 958 2567 1028 πανταχοῦ
2590 957 2658 1010 τὰ
2686 974 2758 1009 πα
2768 955 2834 1027 ρὰ
2856 953 2964 1006 τῶν
2984 950 3193 1023 ἐχθρῶν
3218 948 3497 1019 γινόμενα,
3519 945 3658 1016 ὑπὲρ

2086 1052 2242 1124 ἡμῶν
2285 1053 2454 1104 ἐστιν.
2489 1052 2605 1102 Ἵνα
2639 1049 2747 1116 γὰρ
2793 1048 2972 1099 πᾶσαν
3017 1044 3198 1106 αὐτοῖς
3238 1040 3401 1111 ἀνέλῃ
3444 1037 3657 1109 πρόφα-

2089 1162 2194 1209 σιν,
2228 1144 2383 1198 τοῦτο
2401 1143 2636 1212 γίνεται·
2668 1143 2761 1195 καὶ
2783 1142 2811 1193 6
2843 1137 3093 1213 βασιλεὺς
3118 1134 3535 1205 τίθησισημεῖα,
3570 1130 3659 1184 ἵνα

2087 1239 2315 1300 ἐκείνοις
2351 1235 2424 1307 μὴ
2456 1233 2742 1303 ἐκγένηταί
2768 1250 2821 1284 τι
2851 1230 3094 1299 ποιῆσαι,
3123 1227 3155 1298 ἢ
3180 1225 3400 1292 ἐξελεῖν,
3424 1223 3661 1284 καὶτοὺς

2088 1328 2309 1391 λέοντας
2342 1325 2725 1381 αἰτιάσασθαι·
2771 1324 3011 1377 κάκεῖνοι
3049 1321 3105 1373 δὲ
3143 1318 3423 1379 τιθέασιν,
3463 1315 3548 1368 ἵνα
3586 1313 3661 1384 μὴ

2090 1420 2182 1492 ἐξῇ
2207 1420 2283 1489 τῷ
2312 1419 2519 1489 βασιλεῖ
2546 1417 2807 1489 ῥύσασθαι
2829 1414 3008 1477 αὐτὸν,
3034 1412 3148 1466 ἀλλ’
3170 1409 3340 1473 οὕτως
3368 1407 3661 1463 ἀδέκαστον

2088 1510 2342 1581 γενέσθαι
2363 1509 2459 1580 τὴν
2485 1509 2680 1580 ψῆφον.
2700 1507 2811 1561 Καὶ
2831 1506 2929 1559 οὐκ
2959 1503 3265 1573 ἐδείπνησε,
3291 1499 3445 1570 φησὶ,
3469 1499 3497 1551 6
3520 1496 3664 1567 βασι-

2091 1602 2239 1668 λεὺς,
2281 1601 2401 1655 ούδέ
2430 1599 2811 1669 ἐκαθεύδησεν.
2849 1600 2990 1667 Ὅρα
3025 1598 3189 1650 πόσον
3227 1594 3372 1646 ποιεῖ
3419 1590 3659 1664 φίλτρον.

2092 1692 2202 1746 Καὶ
2231 1691 2283 1745 τί
2306 1709 2320 1754 ;
2342 1690 2563 1761 Πρῶτον
2598 1689 2698 1760 μὲν
2736 1687 3146 1759 παρεθάρσυνεν
3174 1684 3333 1738 αὐτὸν
3357 1681 3532 1750 λέγων
3550 1696 3566 1713 ⁸
3607 1681 3662 1732 Ὀ

2096 1782 2239 1850 Θεὸς
2266 1774 2315 1849 ᾧ
2339 1780 2419 1836 σὺ
2443 1781 2752 1849 λατρεύεις
2777 1776 3130 1846 ἐνδελεχῶς.
3175 1775 3343 1830 Πάλιν
3373 1773 3548 1828 αἰτίαν
3579 1772 3666 1826 τί-

2094 1877 2220 1944 θησι
2255 1875 2487 1938 δικαίαν,
2507 1872 2810 1943 δυναμένην
2839 1869 3003 1924 αὐτοῦ
3025 1870 3323 1940 ἀναστῆσαι
3346 1867 3444 1936 τὴν
3465 1866 3663 1937 ψυχήν.

2094 1969 2207 2023 Καὶ
2233 1967 2343 2038 γὰρ
2382 1961 2449 2036 ἦν
2481 1966 2611 2029 ἴσως
2636 1962 2910 2033 ἀκηκοὼς.
2951 1958 3083 2015 Εἶτα
3115 1958 3472 2030 παραγίνεται
3501 1955 3668 2025 ὕμνον

2096 2057 2401 2126 ἀναφέρων.
2450 2059 2587 2109 Τότε
2623 2057 2656 2108 ό
2693 2052 2992 2119 βασιλεὺς
3038 2048 3194 2103 πολὺ
3230 2047 3533 2117 ἠγαθύνθη
3575 2043 3670 2098 ἐπ’

2095 2147 2256 2214 αὐτῷ
2276 2164 2290 2178 ·
2337 2147 2435 2202 καὶ
2479 2147 2581 2200 τὸν
2616 2143 2842 2212 Δανιὴλ
2876 2139 3044 2197 εἶπεν
3087 2138 3430 2209 ἀνενεγκεῖν
3461 2138 3530 2192 ἐκ
3561 2135 3673 2191 τοῦ

2093 2239 2344 2294 λάκκου.
2374 2237 2483 2292 Kal
2514 2236 2815 2305 ἀνηνέχθη
2842 2234 2994 2307 [-256]
3024 2232 3247 2299 Δανιὴλ
3286 2232 3354 2285 ἐκ
3382 2229 3490 2284 τοῦ
3525 2228 3673 2284 λάκ-

2096 2350 2229 2395 κου,
2255 2331 2351 2385 καὶ
2392 2329 2558 2385 πᾶσα
2586 2328 2872 2399 διαφθορὰ
2899 2329 3009 2394 οὐχ
3037 2325 3248 2393 εὑρέθη
3281 2324 3350 2377 ἐν
3373 2321 3551 2388 αὐτῷ,
3581 2319 3672 2374 ὅτι

2094 2423 2421 2477 ἐπίστευσε
2456 2422 2537 2487 τῷ
2568 2419 2689 2486 Θεῷ
2721 2419 2928 2474 αὐτοῦ.
2954 2417 3064 2471 Καὶ
3096 2413 3263 2470 εἶπεν
3293 2418 3325 2470 ό
3350 2412 3669 2479 βασιλεὺς,

2095 2510 2193 2565 καὶ
2227 2510 2456 2581 ἤγαγον
2496 2510 2637 2576 τοὺς
2673 2509 2896 2575 ἄνδρας
2929 2507 3072 2571 τοὺς
3101 2505 3536 2568 διαϐάλλοντας
3568 2502 3675 2556 τὸν

2095 2601 2319 2668 Δανιήλ
2339 2619 2351 2632 ⁸
2377 2601 2475 2657 καὶ
2499 2603 2586 2667 είς
2608 2601 2714 2654 τὸν
2735 2599 2965 2654 λάκκον
2991 2596 3110 2651 τῶν
3131 2597 3396 2652 λεόντων
3424 2591 3672 2660 ἐνεϐλή-

2095 2697 2293 2761 θησαν
2323 2691 2510 2754 αὐτοὶ,
2546 2691 2641 2746 καὶ
2675 2694 2728 2745 οί
2770 2689 2885 2744 υἱοὶ
2918 2688 3135 2750 αὐτῶν,
3165 2685 3262 2741 καὶ
3298 2688 3358 2740 al
3396 2683 3674 2755 γυναῖκες

2096 2784 2324 2840 αὐτῶν
2380 2783 2479 2838 καί
2530 2785 2642 2837 οὐκ
2694 2782 2967 2851 ἔφθασαν
3015 2782 3103 2846 είς
3151 2778 3215 2832 τὸ
3279 2776 3503 2845 ἔδαφος
3565 2773 3673 2828 τοῦ

2096 2874 2365 2939 λάκκου,
2399 2872 2509 2938 ἕως
2551 2867 2621 2927 οὗ
2660 2872 3023 2939 ἐκυρίευσαν
3051 2866 3249 2923 αὐτῶν
3294 2870 3348 2920 οί
3391 2865 3672 2929 λέοντες,

2098 2964 2196 3019 καὶ
2229 2964 2425 3017 πάντα
2444 2961 2515 3016 τὰ
2546 2962 2697 3017 ὀστᾶ
2718 2954 2915 3016 ᾰὺτῶν
2935 2960 3292 3016 ὲλέπτυναν.
3314 2958 3470 3019 Τίνος
3489 2956 3675 3009 ἕνεκεν

2099 3056 2286 3120 παῖδες
2320 3055 2413 3110 καὶ
2442 3058 2695 3124 γυναῖκες
2734 3055 3096 3119 ἀπόλλυνται;
3129 3052 3182 3105 τί
3211 3052 3455 3122 ἥμαρτον
3495 3043 3673 3111 οῦτοις

2102 3149 2262 3209 Ἴσως
2305 3149 2400 3201 καὶ
2434 3150 2586 3201 αὐτοὶ
2624 3149 2738 3210 τοῖς
2768 3146 2950 3209 αὐτοῖς
2989 3143 3326 3198 ἐκοινώνουν.
3368 3138 3522 3205 Εἶδες
3568 3139 3679 3193 τῶν

2099 3240 2349 3310 πονηρῶν
2374 3240 2470 3310 τὴν
2490 3240 2758 3311 τιμωρίαν
2778 3257 2791 3305 ;
2811 3234 2947 3302 εἶδες
2972 3238 3080 3291 τῶν
3105 3236 3328 3290 δικαίων
3348 3235 3416 3289 τὰ
3439 3232 3675 3299 amem;

2099 3334 2369 3388 Πάντοθεν
2407 3333 2661 3387 παιδεύου
2683 3373 2698 3394 .
2753 3331 3014 3387 πάντοθεν
3054 3328 3357 3400 οίκοδομοῦ.
3408 3325 3561 3389 Εἶδες
3595 3328 3678 3381 ὅτι

2100 3426 2205 3478 κᾶν
2236 3425 2512 3499 καταλίπῃ
2538 3425 2687 3490 Θεὸς,
2722 3424 2814 3477 ἐπὶ
2845 3422 3098 3495 χρησίμῳ
3124 3422 3283 3476 τοῦτο
3317 3424 3478 3476 ποιεῖ.
3514 3422 3681 3492 Περι-

2101 3517 2314 3584 εγὲνετο
2342 3516 2546 3588 πυρός⁶
2584 3516 2930 3587 περιεγένετο
2972 3514 3195 3587 θηρίων.
3239 3513 3453 3583 Μηκέτι
3493 3512 3679 3565 λοιπὸν

2101 3609 2381 3681 ἐξετάσῃς,
2403 3608 2492 3662 διὰ
2515 3608 2568 3661 τί
2594 3607 2825 3670 λέοντες,
2850 3607 2945 3659 καὶ
2967 3605 3277 3677 παρδάλεις,
3304 3605 3397 3658 καὶ
3425 3603 3494 3657 τά
3517 3603 3681 3658 λοιπά

2104 3699 2266 3770 θηρία
2290 3716 2304 3764 ;
2337 3698 2602 3768 Καθάπερ
2624 3697 2732 3768 γάρ
2759 3695 2943 3767 δήμιοί
2970 3712 3113 3758 τινες
3135 3694 3287 3765 παρά
3315 3693 3414 3758 τὰς
3441 3693 3681 3765 πλευρὰς

2105 3791 2336 3854 ἑστῶτες
2363 3790 2457 3843 τοῦ
2480 3788 2699 3859 Δανιὴλ,
2726 3788 2917 3859 ὥσπερ
2949 3789 3007 3839 ἐν
3031 3786 3159 3857 θείῳ
3196 3785 3302 3840 τινὶ
3344 3786 3438 3840 καὶ
3467 3785 3681 3857 φρικτῷ

2104 3882 2437 3953 δικαστηρίῳ
2472 3880 2630 3933 τοῦτο
2676 3879 2955 3941 ποιοῦντες
2982 3894 2995 3908 ’
3030 3876 3201 3941 οὕτως
3234 3878 3334 3931 οὐκ
3378 3878 3680 3948 ἐτόλμησαν

2107 3974 2348 4045 διορύξαι
2386 3973 2483 4034 τὰς
2514 3971 2749 4042 πλευρὰς
2779 3970 2872 4023 τοῦ
2919 3970 3149 4025 δικαίου.
3188 3970 3262 4022 Οὐ
3308 3969 3417 4039 γὰρ
3445 3970 3684 4037 ἥκουσαν

2109 4066 2479 4135 ἐπιτάγματος
2524 4061 2800 4117 δικαστοῦ.
2838 4061 3059 4131 Ἐπειδὴ
3089 4060 3144 4113 δὲ
3172 4060 3297 4122 τοὺς
3335 4059 3525 4121 ἄλλους
3556 4058 3685 4111 ἐϐα-

2109 4159 2222 4221 λον,
2253 4155 2605 4221 ἐπιτάξαντος
2634 4154 2726 4207 τοῦ
2752 4152 2909 4214 Θεοῦ,
2942 4151 3273 4222 διέφθειραν,
3299 4149 3407 4203 Καὶ
3435 4149 3508 4202 τὰ
3536 4149 3689 4204 ὀστᾶ

2111 4250 2327 4315 αὐτῶν,
2363 4248 2517 4319 φησὶ,
2564 4246 2924 4300 ὲλέπτυναν,
2968 4241 3065 4306 Τίς
3107 4240 3352 4313 ἐχαλίνου
3397 4239 3575 4294 αὐτῶν
3619 4238 3690 4292 τὰ

2115 4343 2391 4412 στόματα;
2422 4342 2504 4405 τίς
2531 4339 2737 4410 τροφῆς
2772 4334 3184 4408 παρακειμένης
3204 4331 3539 4405 ἀποσχέσθαι
3567 4332 3689 4386 ἐκέ-

2114 4434 2334 4497 λευσεν;
2380 4433 2528 4494 ποῖος
2561 4428 2704 4482 οὕτω
2737 4427 3024 4498 φιλόσοφος
3060 4424 3366 4497 ἐγκρατὴς,
3400 4423 3477 4488 ὡς
3526 4421 3701 4494 λιμοῦ

2116 4523 2447 4587 κελεύοντος,
2484 4522 2578 4575 καὶ
2609 4521 2709 4587 τῆς
2731 4520 2937 4583 λύσεως
2957 4518 3051 4572 τοῦ
3086 4515 3247 4590 λιμοῦ
3273 4516 3574 4589 παρούσης,
3612 4516 3689 4587 μὴ

2119 4612 2186 4668 ἂν
2212 4612 2435 4684 θελῆσαι
2491 4611 2650 4665 λῦσαι
2694 4611 2756 4665 τὸ
2786 4610 2990 4675 δεινόν;
3040 4609 3208 4663 Πάλιν
3255 4606 3687 4678 διαγράμματα,

2118 4705 2278 4760 πάλιν
2316 4706 2574 4776 κήρυγμα
2602 4703 2766 4767 θεῖον,
2802 4702 2962 4757 πάλιν
2996 4702 3031 4772 ἡ
3069 4699 3157 4754 διὰ
3193 4699 3303 4752 τῶν
3335 4698 3512 4770 ἔργων
3551 4712 3692 4767 μαρ-

2118 4798 2298 4867 τυρξα.

2721 4969 2973 5023 ΚΕΦΑΛ.
3017 4964 3091 5020 Z'.

2207 5146 2304 5198 Ἐν
2334 5141 2414 5207 τῷ
2441 5139 2647 5208 πρώτῳ
2679 5136 2800 5191 ἔτει
2827 5133 3169 5202 Βαλτάσαρ,
3189 5133 3495 5202 ,βασιλέως
3535 5137 3694 5190 Xal-

2125 5236 2330 5299 δαίων,
2355 5231 2579 5300 Δανιὴλ
2602 5230 2887 5284 ἐνύπνιον
2909 5223 3089 5282 εἶδεν·
3118 5226 3215 5280 καί
3240 5228 3299 5282 al
3316 5226 3555 5296 ὁράσεις
3583 5225 3694 5293 τῆς

2128 5321 2400 5394 κεφαλῆς
2439 5319 2625 5375 αὑτοῦ
2654 5317 2753 5373 ἐπὶ
2782 5317 2892 5387 τῆς
2919 5319 3123 5386 κοίτης
3145 5316 3351 5380 αὐτοῦ,
3380 5316 3477 5368 καί
3504 5314 3568 5366 τὸ
3600 5313 3698 5365 ἐνο

2126 5418 2347 5472 ύπνιον
2385 5414 2668 5483 ἔγραψεν.
2715 5409 2888 5479 Ἀρχὴ
2917 5412 3114 5480 λόγων
3155 5409 3362 5464 αὐτοῦ.
3403 5404 3514 5463 Kal
3550 5405 3700 5458 ἀπο·

2134 5506 2354 5577 κριθεὶς
2376 5501 2566 5560 εἶπεν
2595 5501 2741 5575 Ἐγὼ
2755 5500 2969 5570 Δανιὴλ
2984 5500 3276 5569 ἐθεώρουν
3303 5498 3371 5550 ἐν
3390 5496 3466 5564 τῇ
3490 5492 3698 5561 ὁράσει

2128 5617 2247 5671 μου
2269 5596 2382 5668 τῆς
2401 5595 2621 5660 νυκτός
2638 5610 2652 5625 ο
2685 5593 2783 5648 καὶ
2811 5593 2938 5648 ιδοὺ
2961 5594 3015 5647 οὶ
3051 5590 3345 5656 τέσσαρες
3365 5583 3569 5653 ἄνεμοι
3594 5581 3700 5637 τοῦ

2138 5685 2399 5757 οὐρανοῦ
2429 5683 2703 5755 προσέϐα
2712 5687 2851 5739 ιλον
2879 5685 2967 5748 είς
2990 5680 3104 5748 τὴν
3126 5679 3450 5735 θάλασσαν
3469 5674 3583 5746 τὴν
3597 5691 3702 5747 μευ
