4104 6214
423 298 532 356 2‘29

423 411 644 482 γάλην.
677 405 788 461 Kal
817 405 1084 472 τέσσαρα
1128 406 1305 473 θηρία
1327 402 1563 475 μεγάλα
1596 401 1911 457 ἀνέϐαινεν
1934 401 2005 455 ἐκ

422 491 537 560 τῆς
559 489 896 556 θαλάσσης,
921 487 1283 558 διαφέροντα
1312 485 1624 552 ἀλλήλων.
1658 484 1728 538 Τό
1747 482 2005 553 πρῶτον,

425 574 569 628 ὡσεί
591 571 821 631 λέαινα,
847 568 945 623 zeal
970 570 1154 637 πτερὰ
1182 568 1375 638 αὐτῆς
1410 567 1553 621 ὡσεὶ
1578 565 1776 622 ἀετοῦ.
1809 564 2011 619 Ἐθεώ-

418 673 577 728 ρουν
602 655 713 719 ἕως
736 646 807 706 οὗ
847 652 1195 717 ἐξετίλαντο
1217 652 1290 707 τὰ
1317 653 1507 719 πτερὰ
1535 649 1748 717 αὐτῆς,
1778 650 1875 703 καὶ
1904 648 2006 714 ἐξ-

425 738 578 806 ήρθη
601 736 719 790 άπὸ
740 732 852 803 τῆς
869 732 999 803 γῆς,
1022 734 1121 787 zeal
1144 734 1243 787 ἐπὶ
1276 733 1480 788 ποδῶν
1497 731 1809 801 ἀνθρώπου
1827 730 1996 786 ἑστά-

427 825 533 888 θη,
574 817 674 872 zeal
706 816 919 885 καρδία
949 816 1262 885 ἀνθρώπου
1311 816 1487 884 ἐδόθη
1516 815 1691 884 αὐτῇ.
1727 814 1838 868 Kal
1878 813 2007 868 ίδοὺ

427 902 640 971 θηρίον
663 900 869 969 ἕτερον
884 899 1090 969 ὅμοιον
1113 900 1295 969 άρκῳ,
1314 900 1412 953 zeal
1440 901 1527 965 είς
1545 899 1721 968 μέρος
1741 897 1810 951 ἐν
1830 895 1981 951 έστά
1994 927 2008 936 -

429 989 533 1053 θη*
563 984 659 1038 zeal
706 983 837 1050 τρία
871 982 1103 1050 πλευρὰ
1141 982 1210 1036 ἐν
1237 980 1318 1047 τῷ
1350 982 1604 1050 στόματι
1647 978 1857 1046 αὐτῆς,
1890 978 2009 1034 ἀνὰ

352 1057 359 1060 ”
422 1067 619 1138 μέσον
662 1067 783 1121 τῶν
828 1066 1093 1120 ὀδόντων
1130 1064 1340 1132 αὐτῆς.
1387 1067 1497 1119 Kal
1544 1065 1734 1132 οὕτως
1791 1066 2009 1134 ἔλεγον

429 1149 586 1219 αὑτῇ
609 1166 625 1182 ο
656 1148 940 1214 Ἀνάστα,
983 1148 1137 1219 φάγε
1190 1148 1424 1217 σάρκας
1478 1148 1735 1215 πολλάς.
1793 1149 2007 1203 Ὀπίσω

427 1233 643 1288 τούτου
680 1230 999 1300 ἐθεώρουν,
1046 1232 1146 1285 zeal
1190 1231 1320 1285 ίδοὺ
1360 1230 1567 1298 ἓτερον
1616 1230 1825 1299 θηρίον
1863 1230 2007 1285 ὡσεὶ

429 1314 725 1384 πάρδαλις
742 1329 756 1343 ο
813 1313 912 1368 zeal
960 1312 1114 1381 αὐτῇ
1176 1316 1361 1382 πτερὰ
1403 1312 1673 1380 τέσσαρα
1729 1311 2005 1367 πετεινοῦ

428 1396 705 1467 ὑπεράνω
726 1396 937 1463 αὐτῆς,
971 1398 1068 1451 zeal
1098 1395 1390 1465 τέσσαρες
1420 1397 1676 1465 κεφαλαὶ
1705 1395 1785 1460 τῷ
1804 1394 2003 1463 θηρίῳ,

430 1479 529 1533 καὶ
548 1479 800 1544 ἐξουσία
828 1478 1005 1547 ἐδόθη
1029 1477 1210 1545 αὐτῷ.
1229 1479 1442 1532 Ὀπίσω
1467 1480 1681 1533 τούτου
1714 1476 2007 1546 ἐθεώρουν

429 1562 500 1615 ἐν
525 1559 771 1629 ὁράματι
795 1558 901 1629 τῆς
922 1561 1162 1628 νυκτὸς,
1185 1561 1281 1614 zeal
1311 1560 1441 1615 ίδοὺ
1468 1560 1675 1629 θηρίον
1700 1559 2003 1628 τέταρτον,

430 1643 704 1714 φοϐερόν,
736 1642 834 1696 zeal
870 1643 1188 1712 ἕκθαμϐον,
1233 1642 1332 1697 zeal
1374 1641 1629 1713 ἰσχυρόν
1669 1639 1966 1711 περισσῶς
1987 1656 2011 1676 ὀ

432 1725 531 1780 zeal
555 1727 610 1780 οι
631 1724 873 1791 ὀδόντες
894 1724 1080 1780 αὑτοῦ
1099 1723 1344 1794 σιδηροῖ
1358 1724 1456 1778 καὶ
1481 1723 1754 1795 μεγάλου
1773 1724 2004 1786 ἐσθίον,

431 1808 532 1862 zeal
558 1808 898 1862 λεπτῦνον·
940 1806 1039 1861 zeal
1078 1808 1152 1862 τὰ
1185 1800 1473 1862 ἐπίλοιπα
1502 1806 1628 1873 τοῖς
1670 1805 1817 1860 ποσὶ
1857 1818 2007 1859 συν-

432 1890 639 1944 επάτει
657 1906 673 1921 ·
694 1890 793 1944 καὶ
819 1890 966 1944 αὐτὸ
994 1889 1279 1961 διαφέρον
1300 1888 1605 1958 περισσῶς
1622 1889 1791 1958 παρά
1809 1887 2009 1941 πάντα

430 1974 506 2027 τὰ
528 1973 700 2042 θηρία
723 1973 797 2027 τὰ
828 1973 1169 2043 ἔμπροσθεν
1193 1973 1382 2028 αὑτοῦ
1401 1987 1417 2004 ν
1451 1971 1551 2027 zeal
1578 1972 1796 2040 κέρατα
1819 1970 2006 2025 αὐτοῦ

432 2056 603 2110 δέκα.
633 2056 1016 2124 Προσενόουν
1047 2058 1175 2123 τοῖς
1199 2056 1450 2125 κέρασιν
1476 2055 1663 2111 αὑτοῦ
1682 2071 1697 2085 ⁸
1728 2056 1828 2109 zeal
1876 2054 2005 2109 ίδοὺ

430 2138 617 2205 κέρας
643 2138 847 2206 ἕτερον
875 2137 1092 2207 μικρὸν
1137 2138 1451 2193 ἀνέϐαινεν
1481 2138 1552 2192 ἐν
1578 2138 1658 2204 τῷ
1690 2138 1859 2208 μέσῳ
1903 2139 2008 2190 αὺ-

430 2221 562 2285 τοῦ,
594 2221 693 2274 καὶ
742 2221 875 2288 τρία
912 2219 1129 2289 κέρατα
1163 2218 1282 2275 τῶν
1316 2214 1657 2291 ἔμπροσθεν
1689 2220 1877 2274 αὑτοῦ
1912 2218 2008 2283 ἐξ·

432 2302 707 2372 εῤῥιζώθη
741 2304 860 2356 ἀπὸ
890 2301 1214 2370 προσώπου
1248 2302 1458 2357 αὑτοῦ.
1484 2302 1596 2357 Kal
1626 2302 1757 2357 ίδοὺ
1787 2303 2009 2372 ὀφθαλ-

427 2387 555 2457 μοὶ,
589 2384 739 2458 [⁵257]
763 2385 907 2439 ὡσεὶ
944 2385 1238 2456 ὀφθαλμοὶ
1269 2382 1584 2453 ἀνθρώπου
1606 2386 1677 2439 ἐν
1695 2383 1776 2450 τῷ
1807 2383 2007 2452 κέρατι

432 2469 622 2531 τούτῳ
645 2507 661 2530 ,
700 2467 801 2521 zeal
839 2469 1033 2536 στόμα
1061 2466 1298 2521 λαλοῦν
1329 2466 1583 2537 μεγάλα.
1622 2466 1780 2530 Τίνος
1822 2466 2007 2518 ἕνεκεν

431 2553 554 2622 οὐχὶ
578 2553 839 2621 γυναῖκας
872 2546 1024 2603 εἶπεν
1063 2550 1146 2602 ὅτι
1179 2544 1359 2616 εἶδενς
1400 2548 1539 2602 Ἀλλ’
1571 2550 1660 2603 ὅτε
1707 2549 1806 2620 μὲν
1850 2549 2008 2620 δίκην

432 2634 697 2706 καὶ¹ἁρὰν
726 2634 833 2686 ἔδει
859 2633 1229 2704 παραστῆσαι.
1260 2635 1522 2701 γυναῖκας
1549 2635 1892 2704 παρήγαγεψ
1917 2632 2005 2686 ὅτε

428 2718 489 2772 δὲ
544 2716 850 2787 βασιλείας,
896 2715 1081 2786 θηρία.
1132 2715 1375 2788 Πρᾶγμά
1422 2719 1615 2770 ὲστινι
1656 2718 1691 2787 ἡ
1726 2714 2004 2786 βασιλεία,

434 2799 801 2870 σωματοποιεί
826 2793 918 2852 οὖν
956 2797 1108 2852 αὐτό.
1156 2800 1269 2853 οὐκ
1292 2795 1387 2853 οὖν
1413 2801 1617 2872 ὲχρῆν;
1659 2800 1771 2854 Kal
1803 2799 2003 2863 καλῶς.

445 2882 583 2937 Ἀλλ’
607 2882 792 2952 ἐπειδὴ
822 2883 880 2935 αἱ
902 2881 1184 2953 ποιότητες
1215 2883 1397 2937 αὐτῶν
1425 2883 1660 2954 μάλιστα
1690 2883 1750 2936 ἐν
1777 2885 1890 2947 τοῖς
1914 2882 2007 2953 θη-

435 2965 573 3037 ρίοις
599 2965 724 3031 εἰσὶ,
751 2964 843 3017 διά
867 2963 1028 3017 τοῦτο
1051 2965 1230 3020 αὐτῶν
1257 2966 1474 3037 ἐδεήθη.
1513 2964 1814 3036 Ἐϐουλήθη
1837 2963 2007 3029 δεῖξαι

429 3049 493 3102 τὸ
537 3051 597 3102 ὲν
646 3048 928 3121 ἀγριότητι
977 3047 1174 3120 ἀϐρὸν,
1229 3048 1323 3101 καὶ
1382 3048 1597 3102 λέαιναν
1664 3049 2003 3119 παρήγαγεν.

443 3131 742 3204 Ἐϐουλήθη
792 3131 962 3197 δεῖξαι
990 3130 1051 3185 τὸ
1094 3130 1285 3195 νωθὲς,
1333 3132 1427 3185 zeal
1468 3130 1636 3202 ἄρκον
1665 3131 2004 3202 παρήγαγεν.

445 3213 740 3286 Ἐσουλήθη
781 3214 953 3279 δεῖξαι
998 3213 1060 3268 τὸ
1098 3214 1236 3284 ταχὺ
1275 3213 1372 3267 zeal
1411 3213 1634 3283 κοῦφον,
1681 3214 1777 3267 καὶ
1821 3213 2007 3284 ἐπειδὴ

431 3296 689 3369 πολέμοις
718 3297 1020 3351 κατέλυσαν
1043 3297 1282 3363 ἀπαντες
1298 3297 1327 3337 ι’
1349 3295 1447 3360 τὰς
1466 3296 1640 3367 ἀρχάς
1657 3312 1670 3325 ·
1685 3296 1781 3349 zeal
1800 3297 2007 3368 πάρδα-

432 3380 516 3434 λιν
556 3381 866 3451 παρήγαγε.
915 3379 1028 3432 Kal
1057 3378 1161 3450 ὅρα
1204 3379 1351 3441 ὅπως
1383 3378 1563 3443 καλῶς
1599 3377 1871 3450 ἐθεώρησε
1908 3379 2008 3450 τὴν

429 3462 706 3516 θάλασσαν
735 3460 969 3532 πρῶτον,
1000 3461 1183 3515 πᾶσαν
1211 3460 1310 3531 τὴν
1342 3461 1687 3531 οἰκουμένην.
1727 3459 2008 3533 Τοσαύτης

430 3546 539 3619 γάρ
569 3546 731 3616 γέμει
756 3545 1035 3615 ταραχῆς,
1070 3545 1166 3597 zeal
1197 3543 1341 3598 οὕτω
1369 3545 1593 3615 φέρεται
1617 3585 1634 3610 ,
1678 3544 1754 3608 ὡς
1788 3543 2005 3615 ἰχθύων,

429 3630 551 3700 οὐχὶ
580 3626 884 3699 ἀνθρώπων
923 3626 1350 3698 πεπληρωμένη.
1381 3627 1553 3681 Τοῦτο
1588 3626 1685 3680 zeal
1721 3629 1751 3680 δ
1775 3626 2009 3699 Χριστὸς

426 3711 600 3784 δηλοῖ,
632 3710 716 3764 ὅτι
749 3708 994 3764 θάλασσα
1012 3710 1042 3763 ὁ
1066 3708 1257 3781 παρὼν
1283 3709 1401 3782 βίος
1426 3709 1593 3772 ἐστὶν,
1623 3710 1682 3762 ὲν
1702 3707 1779 3779 τῷ
1804 3708 2005 3777 λέγειν’

443 3791 723 3863 Ὡμοιώθη
751 3793 792 3861 ἠ
811 3792 1104 3857 ,βασιλεία
1121 3791 1242 3846 τῶν
1268 3789 1544 3862 οὐρανῶν
1576 3790 1820 3861 σαγήνῃ
1847 3792 2010 3859 ,ϐλη-

427 3877 603 3945 θείση
635 3876 725 3942 είς
756 3875 873 3943 τὴν
908 3874 1251 3937 θάλασσαν.
1278 3875 1378 3929 zeal
1420 3875 1492 3929 ἐκ
1527 3873 1754 3940 παντὸς
1795 3874 2012 3944 γένους

429 3958 810 4028 συνατούσῃ.
833 3957 947 4011 Kal
987 3956 1140 4023 ιδοὺ,
1187 3958 1324 4030 φησι
1346 3996 1362 4022 ,
1389 3959 1446 4012 0l
1477 3956 1772 4027 τέσσαρες
1802 3956 2009 4027 ἄνεμοι

430 4040 537 4096 τοῦ
571 4038 833 4110 οὐρανοῦ
852 4039 1277 4108 προσέϐαλλον
1300 4042 1390 4107 είς
1417 4039 1532 4110 τὴν
1551 4039 1875 4098 θάλασσαν
1893 4038 2010 4109 τὴν

428 4121 720 4193 μεγάλην.
759 4121 922 4194 Δηλοί
956 4122 1039 4175 ὅτι
1066 4122 1276 4176 ἐκεῖθεν
1296 4123 1368 4176 τὰ
1389 4121 1575 4196 θηρία,
1606 4122 1748 4196 [zeal]
1784 4123 1845 4177 τὸ
1868 4123 2007 4194 ταχὺ

429 4207 527 4279 τῆς
549 4205 641 4260 τοῦ
671 4204 808 4260 Θεοῦ
838 4205 1114 4276 προνοίας.
1169 4206 1280 4260 Kal
1321 4207 1430 4279 γὰρ
1472 4210 1634 4278 ἡμεῖς
1666 4208 1759 4260 ἐπὶ
1786 4206 1885 4277 τῆς
1912 4223 2009 4261 τα-

427 4290 661 4360 χυτῆτος
690 4289 817 4353 τοὺς
852 4289 1091 4361 ἀνέμους
1122 4290 1445 4362 παράγομεν
1472 4293 1554 4355 είς
1586 4291 1768 4362 μέσον.
1786 4290 2008 4345 Ἐνέπε-

429 4389 531 4425 σαν
577 4374 659 4435 τις
684 4372 784 4444 τὴν
825 4370 1131 4426 θάλασσαν’
1185 4373 1279 4427 καὶ
1322 4373 1503 4440 ἀνέδυ,
1547 4374 1700 4446 φησι,
1742 4372 1813 4428 τά
1845 4374 2009 4446 θηρία

427 4452 540 4507 ἀπὸ
583 4452 684 4524 τῆς
735 4453 1029 4524 θαλάσσης.
1063 4455 1174 4510 Kal
1216 4456 1327 4528 γὰρ
1369 4455 1479 4510 ἀπὸ
1517 4457 1618 4528 τῆς
1662 4456 1877 4526 φύσεως
1908 4458 2007 4528 τῆς

427 4534 702 4606 ἡμετέρας
731 4535 781 4589 ol
834 4536 1095 4607 ἄρχοντες
1124 4536 1300 4607 ἡμῶν.
1337 4536 1497 4591 οὕτω
1529 4540 1622 4593 zeal
1651 4540 1746 4593 τὸν
1783 4539 2008 4611 βασιλέα

427 4617 618 4673 λέοντα
657 4618 814 4673 καλεῖ
848 4618 1143 4686 πολλάκις,
1187 4620 1250 4673 τὸ
1294 4620 1566 4691 βασιλικὸν
1594 4622 1730 4694 ὁμοῦ
1773 4625 1870 4678 zeal
1903 4625 2005 4696 θη-

426 4710 622 4782 ριῶδες
648 4710 817 4778 δεῖξαι
858 4710 1200 4782 βουλόμενος.
1229 4711 1303 4765 Ἦ
1334 4710 1524 4783 ἐπειδὴ
1554 4712 1584 4764 ὁ
1618 4712 1717 4784 μὲν
1747 4713 1995 4767 ἀνατολι-

427 4793 688 4866 κώτερος,
718 4796 748 4848 ὁ
771 4795 828 4848 δὲ
857 4794 916 4862 ἐξ
944 4794 1170 4865 ἄρκτου,
1196 4795 1226 4848 δ
1256 4794 1312 4847 δὲ
1334 4793 1445 4847 ἀπὸ
1468 4794 1641 4849 νότου.
1660 4795 1747 4859 Ὧς
1768 4794 1836 4849 ἂν
1862 4797 2005 4850 εῐποι

427 4894 531 4940 τις.
555 4878 948 4954 Ἀνέτρεψετὴν
964 4878 1255 4944 θάλασσαν,
1291 4881 1309 4895 ⁹
1331 4876 1669 4946 ἀνετάραξαν
1698 4880 1764 4931 ὲκ
1788 4876 1882 4932 τοῦ
1909 4879 2003 4932 ού-

430 4957 592 5029 ρανδῦ
693 4961 1051 5031 Διαφέροντα
1095 4961 1403 5029 ἀλλήλων.
1460 4959 1533 5015 Τὸ
1574 4960 1809 5029 πρῶτον
1860 4962 2010 5017 ὡσεί.

426 5038 661 5098 λέαινα.
684 5044 951 5113 Καθάπερ
982 5046 1040 5099 ἐν
1067 5044 1260 5117 ὀνείρῳ
1278 5060 1294 5074 ο
1333 5044 1396 5097 οὐ
1423 5043 1533 5114 γὰρ
1555 5043 1695 5115 αὔτη
1726 5044 1837 5098 τῶν
1868 5062 2005 5118 πρα-

425 5122 653 5193 γμάτων
676 5125 711 5194 ή
745 5125 908 5193 φύσις
938 5122 1027 5198 ἦν.
1057 5127 1157 5181 Διά
1192 5127 1286 5180 δύο
1315 5126 1597 5197 συμϐόλων
1625 5126 1687 5180 τὸ
1725 5126 2004 5198 βασιλικὸν

426 5205 778 5261 ἐνδείκνυται.
809 5208 965 5273 Τινὲς
988 5208 1046 5263 δέ
1076 5227 1261 5279 φασιν,
1285 5211 1367 5264 ὅτι
1401 5209 1492 5264 τὸν
1524 5209 1810 5281 Ἀσσύριον
1832 5211 2002 5283 ὲκρά-

396 5304 586 5359 κτησε,
634 5288 722 5343 διὰ
748 5288 906 5343 τοῦτο
937 5290 1050 5346 δύο.
1081 5292 1191 5346 Kal
1237 5292 1531 5362 ἐθεώρουν
1560 5293 1673 5360 ἕως
1707 5289 1779 5350 οὗ
1812 5293 2001 5360 ἐξετί-

423 5374 614 5426 λαντο
642 5371 717 5427 τὰ
744 5373 1158 5453 πτεράγαὺτῆς,
1186 5377 1435 5433 τουτέστι
1457 5380 1491 5451 ή
1517 5378 1691 5452 ἀρχὴ,
1722 5379 1820 5435 zeal
1849 5379 2001 5450 ἤρθη

484 5636 510 5704 ξ
534 5635 721 5704 Deest;
743 5639 948 5704 mnjicio
965 5638 1239 5704 ἀσώματον.

491 5696 519 5737 h
534 5701 611 5747 An
627 5696 848 5760 ἁπάσαςῗ

1115 293 1174 349 S.
1214 287 1497 346 JOANNIS
1533 284 2021 344 CIIRYSOS’I‘Olll
2062 283 2382 342 ARCHIEP.
2425 284 2973 343 CONSTANTINOP.

3569 287 3682 343 230

2107 400 2228 455 άπὸ
2257 398 2370 468 τῆς
2397 398 2533 471 τῆς,
2571 399 2673 453 καὶ
2698 398 2799 453 ἂπι
2836 397 3041 453 ποδῶν
3072 394 3385 465 ἀνθρώπου
3412 393 3644 466 ἐστάθη
3666 414 3682 432 ο

2107 486 2206 538 zeal
2236 484 2450 552 καρδία
2480 482 2797 550 ἀνθρώπου
2814 481 2995 549 ἐδόθη
3021 478 3195 548 αὐτῇ.
3211 479 3416 552 Γοργδν
3440 480 3505 534 τδ
3523 479 3683 545 ζῶον.

2116 566 2488 639 Ἐκατέρωθεν
2529 561 2643 637 εἶχε
2669 565 2770 636 τὴν
2796 566 2961 636 ἰσχὺν
2983 565 3313 635 ταχυτῆτος,
3333 562 3545 619 ἀνωθεν
3582 563 3687 636 μιν

2105 649 2215 703 ἀπὸ
2260 647 2369 702 τῶν
2411 648 2667 727 πτερῶν,χ
2691 647 2937 702 κάτωθεν
2958 646 3017 700 δὲ
3046 648 3159 702 ἀπὸ
3180 646 3297 701 τῶν
3325 645 3534 701 ποδῶν·
3568 646 3688 701 ἀλλ’

2105 733 2344 806 ἑκατέρα
2369 732 2404 804 ἠ
2431 732 2665 804 ταχυτὴς
2685 729 2947 803 ἀνῃρέθη,
2977 730 3204 784 ἐκείνων
3223 729 3329 802 μὲν
3351 729 3687 785 “tam

2103 818 2186 898 μ.
2221 816 2392 872 ὲκτιλ.
2417 815 2436 887 )
2462 856 2478 882 ,
2529 817 2626 871 zeal
2665 816 2798 889 μηδὲ
2833 815 3107 885 φανέντων
3137 814 3356 877 λοιπὸν,

2110 896 2526 972 μεταπεσόντων
2557 902 2651 954 ἐπὶ
2681 900 2808 963 τοὺς
2840 898 3282 966 ἀσθενεστέρους,
3315 897 3444 960 τοὺς
3468 896 3691 969 ἀνθρώ-

2107 1000 2239 1047 πους
2257 994 2306 1039 α.
2349 984 2460 1037 Kal
2486 983 2700 1051 καρδία
2728 980 3042 1050 ἀνθρώπου
3076 980 3254 1048 ἐδόθη
3298 979 3473 1048 αὐτῇ.
3516 980 3690 1035 Τοῦτο

2109 1064 2219 1135 γὰρ
2245 1066 2306 1118 ὲν
2333 1064 2528 1136 ἐκείνῳ
2558 1063 2637 1135 τῷ
2662 1063 2810 1136 ζώῳ,
2852 1064 2915 1117 τὸ
2942 1062 3166 1136 γαῦρον.
3215 1062 3505 1125 Ταπεινδς,
3530 1061 3685 1134 φησι,

2106 1149 2331 1220 ἥμερος,
2361 1148 2650 1220 χειροήθης
2674 1149 2888 1216 ἐγένετο
2919 1150 2947 1202 ὁ
2971 1147 3243 1218 βασιλεύς.
3272 1147 3382 1203 Kal
3415 1146 3544 1201 ίδοὺ
3580 1150 3687 1216 θη-

2098 1231 2239 1300 ρίον
2257 1231 2464 1303 ἕτερον
2485 1229 2690 1299 ὅμοιον
2708 1230 2889 1299 άρκῳ,
2913 1230 3014 1285 zeal
3035 1232 3122 1297 είς
3149 1229 3327 1300 μέρος
3346 1228 3418 1283 ἐν
3434 1228 3686 1296 ἐστάθη,

2107 1314 2362 1385 καὶιτρία
2388 1313 2620 1383 πλευρὰ
2644 1314 2714 1368 ἐν
2750 1312 2830 1380 τῷ
2855 1314 3107 1383 στόματι
3132 1311 3323 1381 αὐτῆς
3343 1311 3461 1367 άνὰ
3488 1311 3688 1382 μέσον

2106 1398 2228 1453 τῶν
2267 1398 2531 1453 ὀδόντων
2568 1397 2777 1465 αὐτῆς.
2826 1396 2937 1452 Kal
2997 1397 3184 1462 οὕτως
3230 1396 3445 1463 ἄλετον
3492 1392 3683 1463 αὐτῇ⁶

2122 1480 2455 1548 Ἀνάστηθι,
2480 1478 2626 1549 φάγε
2655 1478 2887 1548 σάρκας
2909 1478 3165 1544 πολλάς.
3185 1478 3307 1531 Ἐπὶ
3331 1477 3442 1531 τῶν
3457 1477 3685 1541 Περσῶν

2108 1563 2322 1632 ἐγένετο
2358 1561 2419 1615 τὸ
2457 1562 2623 1634 βραδὺ
2648 1561 2755 1615 τῶν
2783 1560 3104 1628 ἀνθρώπων.
3152 1560 3274 1614 Ἐπὶ
3303 1560 3501 1631 Μήδων
3531 1557 3682 1630 [258]

2107 1646 2201 1699 zeal
2225 1643 2450 1718 Περσῶν
2477 1644 2605 1716 τρία
2633 1642 2863 1716 πλευρά,
2906 1643 3023 1715 ἦτοι
3047 1637 3332 1713 τόπους,’ῆ
3382 1642 3481 1704 τὰς
3528 1643 3684 1711 βασι-

2106 1726 2291 1793 λείας,
2343 1726 2410 1791 ἀς
2478 1727 2737 1781 συνεῖλεν.
2785 1729 3035 1795 Ἔλεγον
3080 1724 3277 1791 αὐτῷ·
3338 1723 3681 1792 Ἀνάστηθι,

2105 1811 2258 1879 φάγε
2285 1808 2516 1877 σάρκας
2548 1807 2805 1875 πολλάς.
2846 1801 3005 1862 Οὗτοι
3038 1806 3147 1879 γάρ
3177 1802 3325 1860 εἶλον
3372 1808 3466 1861 zeal
3508 1807 3684 1860 Βαϐυ-

2106 1891 2268 1956 λῶνα,
2302 1891 2518 1956 καὶτὰς
2541 1890 2739 1955 πολλὰς
2761 1891 3081 1961 εἰργάσαντο
3115 1890 3423 1961 συμφοράς.
3465 1889 3683 1943 Ὀπίσω

2105 1975 2322 2028 τούτου
2350 1974 2641 2042 ἐθεώρουν
2658 1989 2673 2004 ’
2719 1972 2819 2026 zeal
2852 1972 2982 2027 ίδοὺ
3029 1972 3234 2040 ἕτερον
3271 1972 3500 2041 θηρίον,
3536 1969 3684 2025 ώσει

2107 2055 2403 2124 πάρδαλις
2419 2074 2435 2090 ο
2479 2055 2580 2113 zeal
2630 2053 2786 2124 αὐτῇ
2837 2058 3023 2124 πτερὰ
3090 2055 3360 2124 τέσσαρα
3407 2053 3682 2109 πετεινοῦ

2106 2138 2382 2208 ὑπεράνω
2406 2138 2618 2206 αὐτῆς,
2645 2140 2744 2193 zeal
2770 2139 3064 2208 τέσσαρες
3085 2138 3341 2208 κεφαλαὶ
3371 2137 3452 2204 τῷ
3473 2138 3679 2206 θηρίφο

2107 2222 2203 2277 καὶ
2237 2222 2492 2287 ἐξουσία
2525 2222 2702 2289 ἐδόθη
2730 2220 2910 2286 αὐτῷ.
2952 2217 3118 2285 Εἶτα,
3154 2221 3317 2292 φησὶ,
3349 2219 3679 2288 πάρδαλις·

2121 2305 2466 2377 Ἀλέξανδρος
2491 2306 2521 2358 ὁ
2556 2305 2662 2358 τῶν
2695 2304 3018 2358 Μακεδόνων
3052 2304 3320 2375 βασιλεὺς,
3360 2307 3542 2357 πᾶσαν
3565 2303 3682 2357 δια-

2108 2388 2248 2453 πτὰς
2275 2389 2373 2460 τὴν
2402 2388 2745 2459 οἰκουμένην.
2773 2387 2938 2443 Οὐδὲν
2970 2388 3076 2461 γάρ
3107 2388 3296 2442 τούτου
3329 2386 3680 2458 γοργότερον,

2106 2472 2226 2525 οὐδὲ
2250 2471 2501 2541 ὀξύτερον
2526 2470 2766 2539 γέγονεν,
2794 2470 2929 2525 ἀλλά
2959 2471 3185 2541 σφοδρός
3216 2487 3300 2534 τις
3327 2465 3396 2541 ἦν
3418 2469 3511 2522 zeal
3529 2467 3679 2535 ὀξὺς,

2107 2554 2362 2625 καθάπερ
2389 2553 2545 2608 τοῦτο
2586 2554 2647 2607 τὸ
2683 2553 2889 2626 θηρίον.
2945 2554 3236 2621 Τέσσαρα,
3289 2553 3445 2622 φησὶ,
3494 2550 3682 2618 πτερὰ

2106 2638 2381 2694 πετεινοῦ
2400 2637 2674 2707 ὑπεράνω
2696 2637 2907 2706 αὐτῆς.
2932 2636 3241 2706 Τουτέσυν,
3271 2637 3489 2689 ἃπασαν
3512 2650 3682 2706 προσ-

2109 2721 2268 2774 έλαϐε
2295 2721 2395 2791 τὴν
2430 2720 2602 2792 ἰσχύν.
2642 2720 2859 2792 Πέρσας
2904 2719 3014 2792 γὰρ
3062 2722 3143 2784 είς
3178 2720 3308 2773 δέκα
3345 2721 3495 2790 τρεῖς
3536 2716 3701 2788 βασιο.

2106 2804 2256 2868 λείας
2276 2802 2464 2858 διελὼν
2477 2802 2527 2869 δ,
2561 2803 2806 2868 ἅπαντας
2830 2803 3183 2876 ἐχειρώσατο.
3206 2801 3357 2866 Εἶδες
3386 2799 3554 2855 αὑτοῦ
3579 2800 3681 2870 τὴν

2105 2887 2382 2958 ταχυτῆτα
2399 2904 2423 2955 ;Δ
2441 2887 2553 2941 Kal
2579 2885 2693 2947 ἀπὸ,
2712 2889 2811 2957 τῆς
2851 2885 3064 2955 φύσεως
3091 2880 3186 2939 τοῦ
3216 2884 3428 2957 θηρίου,
3454 2883 3551 2937 zeal
3571 2883 3681 2936 ἀπὸ

2107 2969 2214 3024 τῶν
2257 2968 2493 3041 πτερῶν.
2540 2970 2729 3023 Πᾶσαν
2761 2968 3016 3040 διέδραμε
3047 2967 3146 3040 τὴν
3187 2964 3531 3039 οἰκουμένην.
3569 2964 3683 3019 Kal

2107 3052 2361 3120 κεφαλαὶ
2382 3090 2398 3114 ,
2430 3051 2597 3121 φησὶ,
2638 3050 2934 3120 τέσσαρες
2967 3049 3048 3116 τῷ
3070 3051 3269 3118 θηρίῳ.
3298 3047 3410 3106 Kal
3434 3049 3475 3116 ἡ
3500 3048 3682 3112 ,ϐασι-

2105 3135 2243 3189 λεία
2277 3134 2375 3188 zeal
2413 3135 2453 3202 η
2495 3133 2749 3199 ἐξουσία
2790 3134 2967 3201 ἐδόθη
2996 3127 3350 3198 αὐτῷ.Ἐῐτα
3376 3131 3522 3200 λέγει
3552 3129 3684 3184 ταύο

2105 3233 2207 3286 της
2227 3227 2251 3256 ο
2292 3216 2391 3287 τὴν
2414 3216 2739 3288 παρουσίαν,
2772 3217 2872 3286 τὴν
2905 3216 3163 3285 ποικίλην
3191 3216 3289 3271 καὶ
3330 3214 3642 3286 παντοδαπῆ
3661 3253 3680 3279 ,

2107 3299 2202 3352 zeal
2233 3298 2333 3351 οὐκ
2363 3297 2474 3369 ἔχει
2501 3298 2684 3353 εἰκόνα
2713 3301 2886 3354 εἰπεῖν
2905 3314 2921 3331 ο
2952 3297 3124 3364 οὕτως
3166 3297 3488 3363 ὲξαλλάττον
3528 3314 3581 3351 τι
3618 3297 3685 3350 τὸ

2109 3381 2296 3454 θηρίον
2321 3378 2409 3454 ἦν.
2439 3383 2626 3448 nam
2650 3382 2756 3453 γάρ
2787 3383 3002 3445 ὲκείνας
3026 3384 3264 3452 ἐνίκησε.
3295 3382 3431 3444 Ταῖς
3463 3380 3561 3453 μὲν
3588 3380 3684 3433 ἀλ-

2106 3465 2247 3532 λαις,
2275 3465 2385 3519 ἀπὸ
2412 3464 2504 3519 τοῦ
2535 3466 2731 3535 τάχους
2761 3461 2829 3537 ἦν
2857 3467 2890 3537 ἡ
2920 3464 3072 3536 ἰσχύς
3092 3481 3107 3496 ’
3139 3464 3330 3519 τούτου
3354 3465 3411 3517 δὲ
3432 3463 3540 3518 ἀπὸ
3570 3462 3684 3515 τῶν

2106 3548 2333 3602 ὀδόντων
2352 3564 2366 3580 -
2403 3547 2614 3619 σιδηροῖ
2657 3549 2817 3619 ἦσαν.
2846 3548 2958 3603 Kal
2983 3546 3058 3602 τὰ
3094 3547 3380 3602 ἐπίλοιπα
3411 3545 3538 3612 τοῖς
3573 3559 3685 3600 ποο

2107 3633 2214 3686 σίν
2230 3631 2418 3686 αὑτοῦ
2437 3630 2784 3686 συνεπάτει.
2807 3631 2946 3695 Τοὺς
2970 3630 3196 3695 πολλοὺς
3217 3629 3364 3700 λέγει
3389 3630 3681 3700 πολέμους.

2108 3715 2264 3778 Τίνες
2288 3714 2339 3767 οἱ
2371 3712 2504 3766 δέκα
2534 3711 2801 3783 βασιλείς;
2829 3713 2883 3766 τί
2908 3712 2970 3767 τὸ
2999 3713 3194 3784 μικρὸν
3212 3712 3377 3784 κέρας
3397 3730 3413 3778 ;
3430 3711 3571 3780 Ἐγὼ
3590 3711 3686 3766 τδν

2120 3796 2484 3869 Ἀντίχριστόν
2535 3812 2675 3867 φημι
2731 3795 2933 3868 μεταξύ
2979 3813 3141 3850 τινων
3198 3793 3483 3866 φαίνεσθαι
3528 3793 3686 3865 βασι-

2108 3880 2265 3934 λέων.
2294 3878 2403 3935 Kal
2425 3878 2739 3949 ὀφθαλμοὶ,
2759 3879 2839 3945 ὡς
2865 3877 3156 3948 ὀφθαλμοί
3176 3878 3491 3948 ἀνθρώπου
3512 3878 3583 3932 ἐν
3600 3876 3686 3943 τῷ

2109 3961 2307 4032 κέρατι
2328 3962 2541 4030 τούτῳ,
2567 3960 2667 4016 zeal
2706 3962 2902 4031 στόμα
2936 3961 3173 4017 λαλοῦν
3188 3962 3443 4031 μεγάλα.
3475 3961 3541 4016 Τί
3572 3960 3685 4032 γὰρ

2109 4045 2320 4100 ἑκείνου
2365 4044 2462 4100 τοῦ
2506 4046 2776 4118 στόματος
2816 4045 3001 4116 μεῖζον
3037 4043 3237 4114 γένοιτ’
3273 4044 3341 4100 ἂν
3368 4044 3462 4099 τοῦ
3492 4044 3683 4113 λέγον-

2108 4146 2199 4193 τος
2216 4167 2233 4195 ,
2297 4128 2431 4184 Ἐπὶ
2485 4127 2684 4183 πάντα
2727 4129 3056 4199 λεγόμενον
3119 4127 3261 4183 θεὸν
3300 4128 3341 4198 ἢ
3383 4128 3681 4197 σέϐασμα,

2109 4210 2268 4268 ὥστε
2302 4211 2492 4267 αὐτὸν
2511 4213 2599 4278 είς
2622 4211 2731 4266 τὸν
2760 4209 2910 4265 ναὸν
2931 4210 3039 4266 τοῦ
3064 4211 3213 4267 Θεοῦ
3230 4211 3505 4274 malvae;
3531 4210 3593 4264 El
3624 4210 3685 4265 δὲ

2108 4293 2380 4365 ὀφθαλμοὶ
2412 4292 2724 4366 ἀνθρώπου,
2767 4293 2843 4364 μὴ
2869 4293 3155 4367 θαυμάσῃς
3174 4310 3190 4326 ο
3218 4294 3313 4347 zeal
3331 4294 3440 4365 γὰρ
3460 4292 3687 4349 τοιαῦτα

2113 4376 2430 4447 φθέγγεται.
2461 4375 2593 4429 ⁸Ἀνθ
2605 4376 2784 4446 ρωπός
2813 4377 2951 4442 ἔστι,
2976 4377 3129 4447 φησί.
3164 4375 3265 4430 Διά
3290 4375 3344 4429 τί
3383 4376 3440 4430 δὲ
3465 4375 3684 4448 μικρὸν,

2107 4457 2203 4512 zeal
2235 4458 2335 4511 οὐκ
2363 4456 2423 4522 ἐξ
2459 4457 2639 4530 ἀρχῆς
2669 4458 2812 4529 μέγα
2840 4458 3123 4528 φαίνεται;
3152 4458 3297 4531 ξΑλΥ
3331 4457 3558 4528 ὕστερον
3584 4456 3685 4511 αύ-

2110 4539 2400 4611 ξηθήσεται
2422 4580 2440 4603 ,
2492 4541 2588 4595 zeal
2621 4542 2884 4612 κρατήσει
2928 4541 3092 4597 τινῶν
3124 4540 3406 4614 βασιλέων.
3452 4540 3518 4594 Τί
3551 4535 3683 4608 οὗνς

2106 4623 2304 4677 Οὐκέτι
2333 4622 2577 4693 βασιλεία
2594 4622 2898 4693 διαδέχεται
2917 4623 3126 4690 τοῦτον,
3150 4623 3267 4677 ἀλλ’
3290 4623 3454 4687 αὐτὸς
3490 4625 3520 4677 ὁ
3551 4622 3685 4684 Θεὸς

2106 4704 2385 4760 καταλύει.
2448 4704 2803 4775 Ἐθεώρουν,
2847 4706 2960 4773 ἕως
3000 4702 3073 4763 οὗ
3128 4706 3328 4779 θρόνοι
3365 4705 3685 4773 ἐτέθησαν,

2107 4788 2212 4842 zeal
2233 4788 2500 4855 Παλαιὸς
2540 4789 2778 4858 ἡμερῶν
2803 4790 3060 4860 ἐκάθητο
3077 4807 3091 4823 ο
3116 4790 3213 4844 zeal
3239 4789 3307 4843 τὸ
3328 4788 3558 4859 ἔνδυμα
3578 4789 3688 4842 αὑ·-

2105 4870 2213 4926 τοῦ
2261 4870 2488 4925 λευκὸν
2515 4871 2658 4926 ὡσεὶ
2689 4869 2868 4942 χιών·
2894 4872 2993 4926 zeal
3026 4873 3066 4941 ἡ
3113 4870 3243 4940 θρὶξ
3269 4870 3382 4941 τῆς
3412 4867 3687 4941 κεφαλῆς

2105 4953 2292 5009 αὑτοῦ
2319 4954 2462 5008 ὡσεὶ
2481 4953 2647 5023 ἔριον
2679 4957 2941 5025 καθαρόν
2959 4973 2976 4990 ·
3004 4959 3038 5012 ό
3058 4958 3271 5026 θρόνος
3301 4955 3487 5011 αὑτοῦ
3521 4954 3685 5024 φλὸξ

2105 5038 2297 5106 πυρός
2316 5052 2335 5069 ο
2387 5040 2443 5092 οἱ
2497 5037 2700 5109 τροχοὶ
2733 5039 2921 5094 αὐτοῦ
2957 5033 3080 5112 πῦρ
3120 5039 3379 5113 φλέγον.
3410 5036 3686 5107 Ποταμὸς

2170 5283 2193 5349 ‘f
2215 5276 2511 5349 Yetigimijis
2526 5280 2805 5349 expendath
2813 5283 3142 5349 ἀνθρωτηίους,
3153 5285 3233 5349 30!
3245 5285 3409 5349 ponus
3418 5284 3685 5349 ἀνθρώπου.

2164 5341 2193 5382 d
2216 5342 2413 5413 Διελώγ.
2437 5341 2542 5413 ll_n_o
2564 5340 2857 5413 διῃρῃμένας.
2878 5340 2972 5413 ΔιἸΙιι
2994 5340 3371 5413 εηὶιιιῬέὡίάὶα
3394 5348 3454 5413 ἱρ-
3480 5340 3683 5413 l‘rmfin-

2102 5406 2203 5472 gas
2245 5402 2420 5471 djvisio
2457 5402 2743 5472 A_lex_ah’dfo
2775 5409 2945 5472 multa
2993 5410 3373 5472 gsluan‘tiquior.
3415 5406 3686 5472 Xenpphoe;

2104 5464 2424 5530 ﬂistogiaruen
2445 5464 2527 5530 _dp
2549 5464 2885 5530 _lnsiilutione
2908 5466 3021 5526 Cyri
3060 5467 3143 5520 lib.
3170 5468 3187 5517 Ι
3224 5464 3245 5518 ἱ
3262 5470 3450 5518 δώδεκα
3486 5464 3575 5530 γὰρ
3605 5468 3688 5516 καὶ

2102 5526 2305 5594 Περσῶν
2321 5524 2463 5594 φυλαὶ
2489 5526 2752 5594 διῄρηνται.
2769 5524 3060 5594 ‘Herodjzlus
3091 5533 3139 5581 in
3164 5530 3333 5581 Thalia
3361 5548 3377 5590 ;
3400 5524 3691 5594 ἀρχάςαατ-

2105 5586 2623 5655 εστήρατοςίοαιιίιίιι·
2659 5589 2738 5655 de_
2766 5591 2914 5641 Dario
2937 5591 3192 5655 Hystaspis
3231 5586 3565 5653 ιὶιιογτίἰίόσι,
3600 5590 3692 5652 τὰς

2104 5648 2482 5713 αὐτοὶ-καλέουσι
2504 5650 2813 5713 σατραπηίας,
2982 5648 2995 5651 ’
3116 5648 3131 5655 ’
3338 5648 3348 5653 ”
3436 5660 3437 5663 ‘

2178 5721 2215 5779 ε,
2232 5707 2505 5771 Sequenti:
2519 5707 2791 5765 ostenduan
2805 5713 3141 5779 reponendum
3175 5727 3291 5767 esse
3315 5715 3554 5779 τετάρτης.
