4038 6204
305 300 415 357 229

305 415 535 470 ruebant
561 412 614 468 in
640 427 789 470 mare
818 428 1086 486 magnum.
1112 413 1164 469 5.
1190 413 1255 468 Et
1273 421 1502 484 quatuor
1529 411 1714 466 bestite
1737 425 1893 481 gran-

303 506 407 560 des
434 504 792 560 ascendebant
819 505 886 560 de
911 506 1066 570 mari,
1094 505 1319 560 diversa:
1353 504 1495 559 inter
1518 519 1598 560 se.
1630 504 1683 559 4.
1719 503 1894 557 Prima

301 598 502 652 similis
530 597 744 661 lezenze,
775 605 828 651 et
857 597 954 650 alm
971 597 1093 666 ejus
1116 597 1258 650 velut
1285 596 1383 651 alte
1411 595 1620 666 aquilte.
1653 593 1896 665 Aspicie-

302 691 432 746 bam
458 731 473 756 ,
501 689 672 745 donec
700 689 897 745 evulsa:
923 699 1046 744 sunt
1071 689 1170 744 ala:
1209 689 1324 759 ejus
1348 706 1364 744 :
1404 697 1458 744 et
1491 687 1695 742 sublata
1723 687 1894 742 estde

304 793 474 844 tem,
525 788 582 835 et
629 782 682 834 in
727 780 950 850 pedibus
990 779 1218 834 hominis
1253 779 1422 846 stetit,
1464 787 1519 834 et
1543 792 1637 832 cor
1665 777 1895 832 hominis

261 866 264 868 ’
299 876 490 932 datum
518 884 600 930 est
623 876 694 930 ei.
723 875 776 930 5.
815 876 882 930 Et
908 889 1032 929 ecce
1063 873 1230 928 bestia
1271 873 1374 928 alia
1423 871 1612 928 similis
1657 885 1816 935 urso,
1840 877 1896 926 et

301 973 361 1026 in
392 980 592 1041 partem
621 983 777 1024 unam
804 969 972 1033 stetit,
994 978 1048 1023 et
1077 968 1175 1021 tria
1206 965 1369 1021 latera
1401 965 1452 1020 in
1476 980 1569 1020 ore
1594 965 1730 1032 ejus,
1755 964 1896 1018 inter

298 1063 498 1119 dentes
528 1063 713 1132 ipsius.
743 1061 813 1116 Et
836 1062 913 1116 sic
931 1060 1177 1116 dicebant
1203 1059 1251 1116 ei
1280 1078 1294 1115 :
1325 1059 1513 1129 Surge,
1531 1058 1752 1114 comede
1779 1072 1896 1111 car-

211 1153 226 1166 ’
301 1168 406 1208 nes
432 1153 644 1206 multas.
676 1151 730 1206 6.
765 1152 891 1206 Post
919 1152 1018 1206 hoc
1043 1149 1366 1220 aSpiciebam
1389 1191 1404 1218 ,
1435 1159 1491 1205 et
1527 1163 1653 1204 ecce
1676 1147 1778 1202 alia
1801 1147 1894 1203 be-

299 1245 408 1298 stia
441 1253 708 1314 tamquam
740 1243 975 1314 pardalis
1004 1251 1097 1302 :et
1124 1243 1222 1312 ipsi
1266 1242 1363 1296 alte
1401 1249 1628 1313 quatuor
1657 1241 1892 1296 volueris

297 1349 472 1403 super
495 1350 611 1389 eam
632 1375 645 1396 ,
675 1342 729 1388 et
751 1342 980 1404 quatuor
1004 1333 1176 1405 capita
1206 1332 1411 1398 bestite,
1441 1341 1493 1386 et
1517 1342 1748 1403 potestas
1769 1332 1891 1387 data

299 1436 392 1479 cst
420 1425 515 1479 illi.
557 1426 610 1479 7.
642 1425 769 1480 Post
800 1427 900 1480 hoc
939 1423 1260 1495 aspiciebam
1290 1423 1342 1478 in
1369 1423 1573 1478 visione
1603 1423 1776 1478 noctis
1797 1464 1812 1488 ,
1837 1431 1892 1477 ct

296 1532 433 1572 ecce
472 1517 639 1573 bestia
683 1526 889 1588 quarta,
927 1516 1196 1583 terribilis,
1223 1524 1278 1571 et
1317 1513 1574 1585 stupenda
1599 1553 1615 1580 ,
1647 1522 1700 1568 et
1738 1513 1891 1568 fortis

301 1610 469 1664 nimis
503 1627 516 1664 :
556 1619 610 1665 et
647 1610 836 1664 dentes
861 1609 974 1678 ejus
1001 1607 1156 1664 ferrei
1208 1616 1262 1662 et
1289 1608 1464 1678 magni
1489 1623 1505 1673 ;
1529 1605 1816 1662 comedens
1837 1615 1892 1661 et

296 1701 674 1755 eomminuens
707 1717 722 1764 ;
753 1708 810 1755 et
848 1699 1058 1770 reliqua
1098 1698 1322 1768 pedibus
1356 1697 1467 1753 suis
1492 1696 1841 1752 conculcabat
1871 1714 1885 1750 :

301 1803 368 1848 et
394 1795 507 1864 ipsa
538 1793 748 1848 diversa
777 1791 934 1848 valde
972 1807 1082 1862 pra:
1106 1791 1355 1846 omnibus
1381 1789 1570 1846 bestiis
1605 1805 1724 1860 qua:
1765 1798 1889 1843 ante

295 1899 424 1937 eam
450 1902 464 1937 :
495 1893 548 1937 et
578 1898 776 1938 cornua
795 1881 912 1953 ejus
945 1882 1150 1937 decem.
1176 1881 1229 1936 8.
1250 1879 1661 1935 Considerabam
1687 1895 1885 1935 cornua

297 1976 505 2042 cjus,et
534 1989 660 2030 ecce
689 1990 857 2029 cornu
898 1973 1042 2028 aliud
1077 1987 1298 2042 parvum
1340 1970 1662 2027 ascendebat
1688 1971 1740 2025 in
1770 1986 1885 2026 me-

295 2064 395 2118 dio
422 2079 629 2130 eorum,
652 2074 706 2120 et
729 2065 826 2118 tria
853 2079 1050 2119 cornua
1077 2063 1214 2132 ejus.
1243 2063 1311 2118 de
1335 2063 1399 2116 iis
1426 2077 1545 2132 qua:
1563 2070 1738 2126 antea,
1762 2075 1883 2116 era-

297 2158 476 2212 dieata
510 2167 635 2212 sunt
664 2172 693 2211 a
720 2157 853 2212 facie
879 2156 1015 2226 ejus.
1062 2155 1130 2210 Et
1175 2169 1302 2210 ecce
1348 2155 1508 2219 oculi,
1549 2153 1700 2225 quasi
1746 2153 1883 2207 oculi

297 2249 533 2304 hominis
566 2253 618 2305 in
647 2265 812 2305 cornu
843 2250 979 2315 isto,
1021 2258 1073 2303 et
1098 2263 1161 2304 os
1189 2248 1414 2317 loquens
1441 2245 1681 2316 grandia.
1724 2264 1743 2298 ι
1778 2246 1885 2300 Cur

294 2359 409 2398 non
454 2344 584 2398 dixit
629 2359 688 2399 se
716 2343 914 2398 vidisse
955 2341 1250 2397 mulieres?
1277 2342 1345 2395 At
1373 2339 1585 2410 qnidem
1615 2353 1735 2393 cum
1767 2353 1880 2407 pte-

293 2452 426 2491 uam
469 2447 525 2492 et
565 2435 994 2491 maledictionem
1037 2432 1276 2503 oportuit
1317 2430 1592 2494 exhibere,
1632 2429 1882 2484 mulieres

291 2527 522 2582 adduxit
545 2527 818 2596 Scriptura
847 2544 861 2580 :
893 2540 1012 2580 cum
1044 2533 1221 2578 autem
1248 2537 1412 2593 regna
1442 2521 1760 2592 exprimere,
1786 2520 1880 2575 be-

291 2621 430 2676 stias
455 2620 691 2691 protulit.
716 2619 1032 2688 lncorporea
1062 2631 1152 2672 res
1179 2626 1262 2671 est
1287 2630 1536 2687 regnum:
1562 2629 1755 2682 corpus
1782 2613 1881 2683 igi-

293 2723 388 2767 tur
407 2713 483 2766 illi
510 2711 710 2766 tribuit.
737 2711 818 2765 An
848 2725 952 2764 non
983 2707 1294 2778 Oportebat?
1316 2707 1382 2761 Et
1405 2713 1570 2788 recte.
1592 2703 1722 2777 Nam
1745 2717 1880 2774 quo-

237 2793 250 2798 ’
293 2806 444 2859 niam
493 2818 776 2874 regnorum
824 2802 1107 2872 qualitates
1155 2801 1420 2870 prmcipue
1460 2799 1509 2852 in
1547 2797 1730 2852 bestiis
1765 2796 1881 2851 istis

291 2896 594 2960 exsistunt;
622 2893 743 2949 ideo
760 2895 824 2948 iis
847 2907 981 2962 opus
1001 2890 1201 2946 habuit.
1223 2889 1519 2946 Ostendere
1545 2888 1714 2943 voluit
1733 2887 1877 2942 illam

291 2988 353 3041 in
385 2986 595 3041 feritate
631 2984 936 3056 superbiam
964 2993 1122 3053 atque
1147 2982 1408 3038 luxuriam
1436 2979 1535 3051 (a),
1569 2989 1622 3035 et
1647 2977 1876 3035 leaenam

293 3077 570 3148 produxit.
597 3075 782 3131 Voluit
807 3075 1090 3131 ostendere
1119 3072 1421 3129 tarditatem
1446 3114 1462 3140 ,
1487 3081 1542 3128 et
1569 3086 1748 3126 ursum
1779 3070 1876 3125 ad-

290 3169 470 3234 duxit.
516 3168 694 3223 Voluit
729 3167 1010 3238 designare
1034 3166 1372 3222 velocitatem
1404 3175 1458 3220 et
1486 3163 1875 3235 pernicitatem,

288 3259 518 3330 etquod
557 3259 710 3314 bellis
743 3258 921 3314 omnia
960 3256 1184 3327 imperia
1210 3257 1536 3312 everterint:
1564 3264 1722 3325 atque
1753 3269 1875 3324 par-

289 3352 458 3407 dalim
489 3352 726 3423 protulit.
749 3352 942 3422 Aspice
973 3360 1031 3405 ut
1062 3349 1207 3420 prius
1237 3348 1458 3420 pulchre
1480 3347 1676 3403 viderit
1704 3362 1873 3413 mare,

289 3443 440 3513 quod
481 3452 830 3513 reprazsentat
868 3442 1177 3497 universum
1215 3440 1400 3496 urbem
1450 3450 1733 3495 terrarum.
1767 3439 1875 3494 To-

291 3537 459 3589 tidem
497 3538 640 3590 enim
699 3535 885 3604 plenus
929 3541 1011 3590 est
1049 3532 1382 3598 tumultibus,
1415 3539 1472 3586 et
1494 3531 1685 3587 eodem
1716 3529 1875 3586 modo

291 3629 550 3696 agitatur,
579 3626 725 3697 quasi
761 3626 994 3696 piscibus
1014 3667 1030 3692 ,
1056 3641 1165 3681 non
1193 3624 1498 3680 hominibus
1520 3624 1754 3695 repletus
1776 3624 1872 3694 (b).

293 3716 350 3770 ld
376 3718 540 3772 etiam
559 3715 801 3772 Christus
829 3717 1101 3784 declarat,
1131 3727 1449 3786 prrescntem
1489 3731 1682 3786 nempe
1712 3716 1873 3769 vitam

291 3829 447 3867 mare
474 3828 628 3878 esse,
656 3811 781 3866 dum
812 3811 941 3867 dicit
969 3831 982 3865 :
1018 3829 1038 3863 ι
1072 3811 1256 3866 Simile
1295 3809 1490 3865 factum
1536 3818 1619 3864 est
1651 3824 1874 3880 regnum

292 3904 550 3958 αιιιοι-ιιηι
577 3917 788 3972 sagenze
816 3903 991 3956 missm
1018 3902 1070 3956 in
1106 3917 1254 3958 mare
1277 3941 1293 3968 ,
1331 3909 1385 3956 et
1407 3915 1474 3957 ex
1501 3900 1645 3954 omni
1678 3913 1876 3971 genere

293 3992 668 4062 congreganti.
701 4011 720 4043 ι
765 3991 973 4062 (Matth.
1007 3993 1093 4047 l5.
1123 3990 1236 4061 4'7.)
1288 4010 1307 4042 ι
1336 3989 1403 4046 Et
1441 4005 1592 4055 ecce,
1619 4008 1639 4042 ι
1673 3989 1872 4060 inquit,

299 4101 319 4133 ι
347 4091 585 4152 quatuor
614 4083 762 4138 venti
814 4083 929 4138 caeli
968 4083 1248 4138 irruebant
1281 4083 1336 4136 in
1371 4096 1521 4136 mare
1550 4096 1824 4152 magnum.
1851 4098 1869 4132 ι

294 4174 547 4228 Declarat
566 4175 772 4230 bestias
790 4175 908 4230 illas
923 4175 1048 4231 inde
1073 4174 1368 4246 prodiisse:
1391 4173 1595 4228 indicat
1611 4172 1772 4228 etiam
1794 4187 1879 4227 ce-

292 4264 566 4320 leritatem
583 4265 777 4320 divina-
793 4266 1162 4337 providentite.
1181 4265 1392 4322 Etenim
1409 4281 1530 4330 nos,
1553 4280 1678 4320 cum
1705 4264 1772 4320 de
1788 4277 1880 4319 ve-

293 4358 516 4412 locitate
558 4372 737 4416 sermo
765 4368 871 4424 est,
911 4367 1103 4415 ventos
1131 4359 1188 4414 in
1226 4358 1465 4414 medium
1504 4355 1876 4428 producimus.

292 4447 581 4501 lrruerunt
609 4448 663 4502 in
690 4463 870 4515 mare;
905 4457 962 4505 et
988 4457 1351 4511 emerserunt,
1386 4447 1583 4518 inquit,
1623 4443 1812 4502 bestia:
1851 4464 1885 4507 θ

297 4535 456 4589 mari.
502 4534 632 4589 Nam
669 4545 870 4591 natura:
901 4545 1098 4590 nostra:
1136 4537 1423 4606 participes
1455 4545 1580 4592 sunt
1610 4536 1877 4607 principes

298 4628 494 4680 nostri.
535 4627 624 4683 Sic
651 4629 808 4683 etiam
843 4642 1022 4698 regem
1049 4626 1257 4682 leonem
1279 4641 1421 4697 saepe
1452 4636 1640 4696 vocat,
1674 4627 1876 4698 regiam

297 4719 619 4789 dignitatem
665 4728 719 4774 et
769 4720 968 4774 lcriuos
1012 4733 1191 4773 mores
1237 4719 1472 4775 indicare
1512 4721 1753 4791 cupiens.
1781 4719 1878 4775 Vel

296 4810 423 4878 quia
445 4819 726 4864 ventorum
749 4809 837 4866 ille
861 4807 1074 4878 quidem
1104 4809 1380 4865 orientalis
1405 4818 1509 4876 est,
1541 4809 1627 4865 hic
1653 4824 1780 4866 vero
1805 4824 1875 4866 ex

359 4963 435 5034 (tt)
471 4961 527 5011 ln
548 4970 712 5013 Gneo
730 4976 890 5034 ειεξιτ.
917 4966 1196 5034 Pot-mineo
1226 4979 1318 5016 vox
1340 5001 1354 5023 ,
1378 4973 1508 5016 teste
1539 4965 1676 5016 Suida
1696 5001 1713 5034 ρ
1737 4979 1880 5016 arro-

296 5027 513 5084 gantituu
549 5034 700 5091 atque
731 5027 930 5077 delicias
960 5027 1208 5088 signiﬁcat.
1233 5037 1388 5086 Quare
1412 5029 1880 5091 utrumqueinyer-

297 5100 434 5134 simne
452 5089 818 5153 juuxi,_d_uctus
839 5091 1121 5153 auctoritate
1153 5099 1196 5138 δ.
1229 5091 1500 5153 Hieronymi
1519 5125 1534 5148 ,
1557 5089 1722 5153 quiin
1745 5089 1883 5140 Com-

299 5151 541 5214 mentario
579 5150 639 5196 ad
677 5149 803 5198 hunc
842 5149 996 5200 locum
1033 5165 1190 5213 regno
1207 5149 1473 5214 Lnabylptiio
1507 5149 1844 5201 crudelitatem
1863 5189 1878 5210 ,

302 5207 542 5275 luxerunt
570 5219 620 5258 et
642 5214 918 5275 superbiam
941 5207 1176 5275 attribuit.
1200 5207 1508 5264 Crudelitatis
1522 5215 1772 5275 specimen
1795 5207 1881 5261 da;

303 5272 371 5317 bit
394 5281 536 5338 att-ut
571 5274 887 5338 "metiens;
926 5275 1128 5338 luxuria:
1167 5274 1292 5338 liber
1329 5272 1566 5334 Juditbte',
1610 5278 1883 5338 praesertim

301 5345 405 5402 9P:
433 5333 511 5388 13.
529 5347 668 5402 ,τυτδι
691 5334 749 5402 21
773 5337 1072 5402 {superbiam
1098 5344 1151 5387 ut
1172 5335 1264 5386 alia
1286 5341 1520 5398 omittam,
1543 5333 1636 5387 rei
1658 5335 1884 5400 ASsyrius

302 5394 488 5456 meier
509 5395 666 5444 dictus
691 5394 751 5444 is.
781 5398 856 5456 14,
872 5394 957 5447 l2.

364 5455 436 5516 (ιι)
472 5457 685 5505 Piscibus
707 5472 762 5506 se
788 5455 994 5508 invicem
1015 5459 1359 5510 devorantibus
1395 5459 1640 5516 improbos
1659 5458 1885 5509 homines

305 5527 578 5576 ωιιψαηιιι
595 5553 610 5575 ,
637 5526 744 5583 post
768 5524 1064 5583 ttabaeucmn
1098 5522 1379 5583 prophetam
1398 5559 1412 5580 ,
1439 5522 1776 5583 Athenagoras
1799 5528 1884 5570 Le-

304 5586 514 5648 gauoue
526 5592 614 5640 pro
637 5581 934 5648 Christianis,
955 5589 1002 5629 Β.
1023 5581 1248 5648 transitis
1269 5582 1351 5633 lib.
1377 5587 1432 5648 5,
1457 5598 1563 5648 cap.
1587 5581 1676 5638 ΞΕ,
1703 5591 1755 5632 et
1777 5596 1885 5631 oru-

305 5639 832 5711 nium__elegantissiine
865 5651 908 5692 s.
934 5642 1130 5691 Basilius
1152 5651 1284 5711 item.
1309 5639 1585 5711 septima'iu
1608 5652 1883 5695 Hexaeme-

303 5712 408 5750 ται.
431 5707 602 5751 manu
625 5710 703 5752 est
723 5715 781 5752 ea
803 5706 866 5753 de
894 5718 951 5754 re
975 5706 1296 5766 proverbium.

1716 293 1780 349 IN
1821 293 2184 354 DANIELEM.

3468 326 3572 387 250

2003 413 2385 504 septentrione,
2416 415 2551 472 alter
2573 434 2702 475 vero
2731 421 2796 476 ab
2816 433 3019 482 austro.
3049 427 3116 485 Ut
3145 431 3190 486 si
3219 433 3340 504 quis
3360 437 3578 494 dixerit:

2003 502 2204 559 Evertit
2243 521 2390 563 mare
2419 525 2433 572 ;
2475 511 2606 564 illud
2634 513 2701 567 de
2735 516 2866 570 cado
2895 508 3180 585 agitarent.
3207 502 3432 582 Diversa:
3445 532 3579 584 inter

1999 609 2073 646 se.
2119 594 2315 662 Prima,
2359 602 2502 669 quasi
2542 601 2719 657 leazna.
2753 606 3210 670 Quemadmodum
3235 613 3293 669 in
3319 617 3573 674 somnio:

1983 701 2106 788 anon
2137 688 2278 743 enim
2306 689 2421 748 lucc
2451 710 2627 750 rerum
2657 709 2842 752 natura
2864 711 2997 756 erat.
3027 703 3132 761 Per
3150 706 3259 763 duo
3281 722 3431 781 Signa
3453 725 3576 764 ma-

1993 783 2171 875 ]estas
2205 783 2348 875 regia
2395 787 2712 843 ostenditur.
2740 789 2964 858 Quidam
3005 810 3134 851 vero
3177 799 3381 869 dicunt,
3429 806 3574 875 quod

1997 870 2119 939 quia
2145 871 2418 943 Assyrium
2450 881 2737 947 superavit,
2779 882 2900 939 idco
2933 901 3050 942 cum
3088 889 3297 950 duobus
3322 870 3568 953 animali-

1999 959 2095 1014 bns
2133 962 2423 1020 confertur.
2470 967 2534 1021 Et
2571 971 2899 1040 aspiciebam,
2929 977 3088 1033 donec
3127 983 3310 1038 evulsa;-
3335 999 3450 1042 sunt
3475 992 3572 1045 ohe

1997 1051 2106 1121 ejus
2125 1093 2139 1116 ,
2165 1053 2214 1106 id
2241 1063 2354 1122 est,
2388 1056 2668 1127 imperium
2687 1103 2702 1128 ,
2731 1073 2780 1116 et
2807 1067 3005 1121 sublata
3044 1080 3116 1124 est
3153 1074 3217 1129 de
3236 1083 3368 1130 terra
3398 1095 3418 1133 :
3446 1093 3492 1135 et
3519 1086 3572 1138 in

1998 1141 2206 1208 pedibus
2232 1145 2446 1202 hominis
2473 1151 2605 1203 stetit
2627 1167 2645 1205 .'
2672 1161 2720 1206 et
2742 1171 2826 1207 cor
2854 1158 3068 1215 hominis
3095 1163 3270 1220 datum
3298 1179 3368 1224 est
3387 1173 3452 1228 ei.
3473 1173 3569 1230 1ιέ-
3588 1143 3600 1153 υ

1997 1247 2091 1287 rox
2121 1237 2336 1291 animal.
2369 1239 2626 1311 Utrinque
2671 1245 2902 1306 habebat
2941 1253 3233 1313 celeritatis
3271 1263 3377 1317 vim
3411 1283 3426 1320 :
3475 1281 3567 1322 su-

1997 1341 2161 1395 perne
2202 1331 2416 1399 quidem
2457 1335 2525 1390 ab
2552 1335 2650 1392 alis
2673 1379 2688 1404 ,
2723 1339 2928 1397 inferne
2957 1359 3084 1400 vero
3120 1364 3150 1403 a
3181 1352 3402 1420 pedibus
3431 1375 3446 1414 :
3475 1361 3567 1414 sed

1997 1430 2216 1492 utraque
2239 1425 2498 1482 velocitas
2527 1428 2701 1485 ablata
2733 1444 2835 1497 est,
2868 1435 2966 1491 alis
2995 1440 3209 1508 quidem
3230 1448 3445 1514 evulsis,
3473 1466 3568 1509 nec

1993 1514 2221 1605 amplius
2260 1521 2670 1588 apparentibus,
2709 1525 2932 1593 pedibus
2970 1545 3096 1585 vero
3123 1532 3571 1605 degenerantibns

1995 1604 2046 1658 in
2073 1604 2377 1676 debiliores,
2410 1611 2670 1668 humanos
2699 1617 2920 1673 scilicet.
2955 1619 3028 1692 Et~
3047 1639 3134 1677 cor
3163 1604 3378 1684 hominis
3395 1632 3570 1690 datum

1993 1704 2064 1791 est
2183 1697 2350 1791 Tanta
2379 1699 2430 1754 in
2459 1695 2551 1756 illo
2575 1704 2791 1760 animali
2814 1707 2987 1764 fuerat
3015 1715 3284 1784 superbia.
3316 1720 3564 1791 llmnilis,

1993 1785 2193 1857 inquit,
2218 1790 2359 1845 mitis
2388 1801 2443 1846 et
2476 1804 2782 1852 mansuetus
2809 1797 2980 1856 factus
3002 1812 3085 1860 est
3106 1815 3228 1862 rex.
3259 1808 3328 1863 Et
3350 1829 3462 1868 ecce
3481 1785 3561 1871 be:

1990 1879 2086 1932 stia
2112 1880 2214 1932 alia
2241 1881 2422 1936 similis
2447 1901 2565 1940 urso
2592 1902 2612 1940 :
2636 1897 2683 1942 et
2704 1889 2757 1942 in
2786 1903 2976 1959 portent
3002 1910 3155 1950 unam
3187 1900 3322 1954 stetit
3349 1912 3368 1951 :
3395 1909 3446 1952 et
3465 1905 3568 1960 tria

1990 1969 2151 2023 latera
2170 1971 2220 2023 in
2244 1988 2330 2026 ore
2350 1975 2478 2042 ejus,
2501 1976 2630 2030 inter
2654 1985 2824 2034 dentes
2844 1982 3020 2051 ipsius.
3053 1985 3122 2040 Et
3145 1989 3218 2042 sic
3236 1990 3463 2048 diceba‘nt
3489 2007 3560 2059 ei;

1990 2060 2175 2133 Surge,
2206 2074 2408 2119 comede
2431 2084 2604 2123 carnes
2624 2072 2826 2126 multas.
2850 2074 2962 2130 Sub
2991 2077 3169 2135 Persis
3191 2080 3432 2141 homines
3451 2085 3551 2142 fue-

1988 2163 2112 2207 runt
2143 2159 2277 2210 tardi
2305 2172 2367 2212 ac
2391 2173 2604 2229 segnes.
2628 2161 2738 2217 Sub
2768 2163 2937 2220 Medis
2965 2177 3019 2222 et
3041 2167 3218 2228 Persis
3247 2177 3563 2238 exstiterunt

1991 2245 2088 2298 tria
2111 2247 2276 2302 latera
2302 2267 2314 2302 :
2343 2249 2394 2304 id
2423 2262 2530 2318 est,
2565 2255 2648 2308 vel
2678 2256 2822 2320 loca,
2850 2259 2929 2314 vel
2958 2275 3150 2332 regna,
3173 2280 3292 2335 qua:
3319 2268 3370 2322 in
3399 2285 3558 2324 unum

1989 2337 2061 2392 illi
2093 2349 2494 2398 contraxerunt.
2542 2343 2786 2403 Dicebant
2821 2352 2868 2404 ei
2890 2367 2909 2406 :
2943 2352 3126 2426 Surge,
3166 2364 3369 2416 comede
3387 2378 3564 2418 carnrs

1988 2430 2190 2486 multas.
2214 2432 2279 2487 lli
2319 2435 2461 2490 enim
2499 2449 2752 2507 ceperunt
2795 2452 2850 2496 et
2893 2444 3234 2517 Babylonem,
3272 2461 3326 2505 et
3366 2455 3562 2510 multas

1985 2524 2312 2582 calamitates
2339 2528 2648 2586 intulerunt.
2675 2551 2693 2584 ι
2719 2532 2841 2589 Post
2868 2535 2968 2592 hoc
2992 2541 3332 2610 aspiciebam;
3355 2554 3408 2600 et
3435 2562 3562 2604 ecce

1985 2613 2087 2669 alia
2105 2615 2291 2684 bestia,
2308 2621 2458 2690 quasi
2475 2623 2707 2692 pardalis
2727 2641 2740 2678 :
2768 2634 2822 2682 et
2849 2627 2946 2697 ipsi
2972 2628 3068 2685 ala:
3089 2641 3315 2702 quatuor
3329 2635 3562 2694 volucris

1985 2721 2149 2776 super
2168 2726 2306 2772 eam.
2326 2725 2378 2768 et
2401 2716 2572 2786 capita
2603 2727 2830 2789 quatuor
2853 2721 3037 2779 bestia:
3059 2744 3073 2780 :
3096 2736 3150 2781 et
3177 2739 3411 2798 potestas
3437 2733 3559 2790 data

1983 2808 2065 2854 est
2085 2801 2178 2856 illi.
2214 2821 2234 2856 ι
2268 2803 2486 2876 Deinde,
2516 2809 2702 2880 inquit,
2747 2814 2973 2881 pardalis
2999 2833 3018 2871 :
3051 2817 3351 2876 Alexander
3387 2799 3562 2881 Maca?

2210 2910 2324 2960 rex,
2349 2899 2440 2967 qni
2471 2909 2638 2956 totum
2666 2903 2847 2960 orbem
2867 2909 3178 2976 pervolavit.
3198 2911 3336 2968 Nihil
3361 2917 3562 2988 quippe

1982 2982 2076 3040 illo
2105 2984 2202 3042 fuit
2233 2989 2536 3059 terribilius,
2556 3008 2655 3050 nec
2678 2997 2942 3054 velocius:
2971 3011 3024 3055 at
3051 3002 3340 3061 vehemens
3361 2982 3474 3062 erai
3493 2982 3558 3065 ac

1982 3075 2146 3144 celer,
2160 3080 2315 3135 sicuti
2334 3081 2448 3137 haec
2461 3083 2648 3140 bestia.
2663 3087 2912 3157 Quatuor,
2933 3090 3117 3162 inquit,
3138 3096 3236 3150 ala:
3250 3097 3464 3153 volueris
3477 3117 3557 3154 su-

1968 3186 2071 3242 per
2089 3188 2220 3226 eam.
2243 3173 2348 3229 Hoc
2363 3184 2465 3242 est,
2484 3191 2695 3233 omnem
2719 3182 3007 3250 potentiam
3025 3185 3125 3239 sibi
3146 3186 3404 3257 adjunxit.
3430 3191 3560 3247 Per-

1980 3275 2069 3316 sas
2094 3263 2234 3318 enim
2265 3265 2314 3319 in
2338 3266 2589 3323 tredecim
2625 3285 2786 3341 regna
2811 3272 2879 3328 ab
2906 3287 2966 3328 se
2991 3273 3191 3330 divisus
3215 3279 3560 3351 sibirsubjecit

1980 3354 2444 3412 universos.Vides
2468 3358 2606 3415 illius
2633 3360 2996 3418 celeritatem?
3019 3365 3083 3419 Et
3102 3381 3166 3420 ex
3187 3366 3370 3424 bestiae
3395 3381 3555 3428 natu-

1979 3463 2059 3515 ra,
2087 3457 2140 3503 et
2164 3464 2230 3504 ex
2257 3449 2375 3505 alis.
2404 3449 2724 3508 Universum
2746 3455 2928 3510 orbem
2963 3460 3242 3527 percurrit.
3274 3460 3338 3515 Et
3365 3465 3559 3534 capita,

1978 3538 2165 3610 inquit,
2181 3551 2397 3610 quatuor
2417 3543 2599 3597 bestiae.
2618 3543 2682 3598 Et
2700 3561 2908 3617 regnum
2937 3557 2983 3601 et
3010 3560 3227 3618 potestas
3251 3553 3370 3606 data
3393 3564 3465 3608 est
3489 3557 3556 3610 ei.

1981 3631 2182 3686 Dehinc
2219 3643 2394 3687 narrat
2424 3643 2628 3705 quarta:
2656 3634 2843 3692 bestia:
2867 3630 3150 3696 adventum
3177 3642 3556 3700 multiformem

1978 3731 2033 3776 et
2063 3723 2424 3793 omnigenum,
2460 3735 2514 3780 et
2543 3741 2648 3781 non
2679 3737 2854 3797 potest
2889 3729 3080 3786 all'erre
3107 3733 3506 3791 similitudinem
3539 3756 3554 3792 :

1977 3812 2111 3869 adeo
2138 3813 2305 3869 bestia
2324 3815 2410 3869 illa
2435 3816 2650 3872 varians
2665 3828 2800 3874 erat.
2827 3820 2941 3875 Alia
2961 3822 3152 3892 quippe
3167 3826 3343 3879 omnia
3364 3828 3560 3883 devicit

1985 3919 2166 3974 regna.
2207 3903 2430 3961 Caueris
2472 3907 2686 3978 quidem
2726 3911 2966 3980 imperiis
2993 3929 3023 3967 a
3061 3915 3340 3972 velocitate
3386 3919 3558 3975 inerat

1978 3995 2061 4050 vis
2088 4013 2102 4050 :
2127 3994 2285 4065 hujus
2307 4010 2436 4050 vero
2458 3998 2704 4054 animalis
2731 4001 2873 4055 vires
2893 4003 2946 4058 in
2972 4001 3218 4060 dentibus
3240 4047 3254 4072 ,
3287 4008 3374 4078 qui
3398 4009 3558 4066 ferrei

1979 4095 2157 4142 erant.
2179 4085 2249 4140 Et
2271 4088 2462 4157 reliquo
2488 4090 2696 4158 pedibus
2719 4092 2825 4146 suis
2853 4095 3194 4150 conculcabat.
3219 4097 3378 4152 Multa
3403 4099 3560 4156 intel-

1977 4177 2092 4250 ligit
2119 4177 2275 4235 bella.
2315 4179 2538 4247 Quinam
2569 4189 2693 4236 sunt
2717 4181 2899 4238 decem
2927 4198 3081 4254 reges
3107 4186 3132 4240 ?
3164 4187 3307 4256 quod
3337 4203 3556 4258 parvqu

1977 4269 2187 4326 cornu?
2212 4269 2326 4341 Ego
2347 4270 2432 4325 aio
2462 4272 2847 4328 Antichristum
2885 4274 3027 4332 inter
3049 4277 3254 4350 aliquot
3277 4295 3430 4352 reges
3457 4298 3557 4354 ap-

1979 4381 2188 4437 parere.
2213 4365 2282 4421 Et
2309 4367 2448 4422 oculi
2467 4410 2482 4433 ,
2510 4369 2658 4440 quasi
2682 4370 2816 4424 oculi
2835 4371 3052 4427 hominis
3069 4412 3086 4439 ,
3114 4374 3166 4429 in
3189 4390 3346 4430 cornu
3370 4378 3486 4446 isto,
3511 4389 3559 4433 et

1979 4475 2035 4514 os
2047 4461 2253 4532 loquens
2269 4459 2504 4532 grandia.
2522 4459 2657 4528 Quid
2677 4460 2819 4516 enim
2842 4460 2933 4518 illo
2953 4478 3046 4518 ore
3060 4463 3314 4534 grandius
3328 4481 3447 4524 esse
3464 4483 3560 4540 po-

1981 4557 2086 4606 test
2111 4550 2252 4621 quod
2281 4551 2512 4621 loquitur
2529 4591 2544 4618 ,
2577 4550 2751 4622 Supra
2777 4553 3024 4623 quidquid
3053 4555 3240 4610 dicitur
3266 4555 3402 4613 Deus
3422 4599 3436 4622 ,
3472 4569 3562 4613 aut

1981 4657 2188 4708 numen,
2213 4643 2342 4696 adeo
2365 4649 2420 4696 ut
2442 4643 2495 4697 in
2524 4644 2710 4714 tempto
2735 4642 2833 4698 Dei
2856 4645 3026 4700 sedeat
3046 4646 3125 4718 (2.
3154 4647 3332 4703 Thess.
3364 4648 3422 4704 2.
3457 4651 3512 4721 4)
3537 4652 3562 4706 ?

1980 4731 2035 4788 Si
2078 4742 2254 4787 autem
2308 4732 2448 4788 oculi
2492 4733 2743 4797 hominis,
2795 4750 2863 4790 ne
2901 4736 3150 4791 mireris:
3190 4738 3388 4792 etenim
3435 4739 3562 4795 talia

1984 4826 2238 4898 loquitur.
2265 4826 2437 4882 llomo
2479 4835 2563 4881 est
2602 4826 2680 4896 (2.
2705 4824 2883 4882 Thess.
2913 4827 2970 4883 2.
2994 4829 3074 4900 3),
3102 4828 3291 4899 inquit.
3325 4830 3432 4886 Cur
3461 4846 3562 4887 au-

1985 4925 2090 4971 tem
2113 4932 2278 4972 cornu
2310 4932 2528 4987 parvum
2548 4957 2564 4980 ,
2605 4924 2661 4972 et
2694 4931 2800 4971 non
2829 4917 2897 4972 ab
2927 4917 3080 4973 initio
3109 4934 3357 4989 magnum
3395 4936 3564 4994 appa-

1983 5008 2430 5078 ret?Atposthac
2450 5016 2683 5074 crescet,
2714 5016 2770 5063 et
2793 5008 3144 5078 quorumdam
3173 5025 3358 5081 regum
3386 5012 3565 5070 domi-

1984 5099 2214 5155 nabitur.
2259 5100 2394 5168 Quid
2427 5100 2628 5171 igitur?
2659 5099 2872 5155 Nullum
2909 5115 3127 5172 regnum
3157 5105 3388 5177 excipiet
3423 5105 3568 5162 hunc

1984 5209 2164 5264 regem
2199 5211 2212 5249 :
2241 5193 2334 5248 sed
2362 5193 2508 5248 illum
2535 5193 2674 5248 Deus
2699 5191 3196 5264 ipsemetdissolvet
3217 5212 3281 5254 ac
3304 5198 3566 5256 destruet.

1985 5289 2040 5344 9.
2075 5306 2095 5340 α
2123 5286 2482 5358 Aspiciebam,
2505 5286 2677 5341 donec
2703 5285 2879 5342 throni
2900 5287 3057 5358 positi
3081 5301 3224 5359 sunt,
3247 5300 3296 5345 et
3319 5293 3572 5363 antiquus

1986 5379 2191 5434 dierum
2209 5378 2366 5433 sedit:
2385 5387 2439 5434 et
2458 5377 2833 5434 vestimentum
2857 5381 2975 5449 ejus
2993 5381 3278 5436 candidum
3295 5383 3433 5438 sicut
3455 5383 3570 5436 nix:

1986 5479 2041 5526 et
2067 5469 2292 5540 capillus
2328 5470 2524 5540 capitis
2550 5467 2670 5540 ejus
2707 5471 2856 5540 quasi
2902 5470 3024 5526 lana
3067 5470 3261 5524 munda
3297 5487 3312 5524 :
3348 5471 3573 5525 thronus

1988 5561 2104 5633 ejus
2129 5561 2338 5616 ﬂamma
2367 5561 2502 5630 ignis
2534 5577 2549 5615 :
2588 5569 2721 5615 rota:
2755 5559 2872 5630 ejus
2913 5560 3048 5631 igan
3085 5558 3300 5616 ardens.
3330 5559 3418 5616 50.
3448 5558 3572 5615 Flu-

1989 5659 2108 5716 vius
2150 5655 2286 5726 ignis
2316 5654 2564 5710 manabat
2591 5651 2869 5724 egrediens
2891 5665 2924 5707 a
2947 5653 3238 5716 conspectu
3262 5647 3400 5720 ejus.
3431 5649 3573 5707 Mille
