4038 6204
555 309 655 365 251

556 419 721 477 millia
747 411 1118 471 ministrabant
1145 408 1192 465 ei
1219 450 1233 473 ,
1261 418 1311 463 et
1329 407 1466 462 dena
1496 404 1657 459 millia
1686 401 1884 457 denum
1911 398 2136 454 millium

560 509 880 566 assistebant
912 515 1035 559 ante
1063 517 1207 558 eum.
1236 499 1500 556 Iudicium
1527 495 1702 556 sedit,
1736 502 1790 547 et
1815 492 1936 546 libri
1969 489 2138 559 aperti

559 609 704 655 sunt.
767 617 786 651 ι
833 593 1232 650 Contendamus
1278 590 1479 653 animo,
1521 585 1802 642 carissimi.
1839 581 1957 637 Non
1996 580 2178 658 enim.

557 690 736 765 parvis
762 689 829 744 de
857 688 1016 743 rebus
1041 686 1233 754 agitur.
1264 680 1483 745 Throni,
1515 677 1719 748 inquit,
1744 674 1897 744 positi
1922 680 2069 737 sunt,
2096 680 2142 724 et

558 783 797 853 antiquus
825 778 1022 833 dierum
1055 774 1203 830 sedit.
1233 772 1367 839 Quis
1392 779 1473 826 est
1502 768 1647 823 iste?
1679 765 1846 822 Sicuti
1886 777 2007 818 cum
2045 776 2142 815 au-

560 873 704 930 diiin
733 883 910 924 ursum
935 909 951 933 ,
983 881 1088 921 non
1116 865 1183 919 de
1209 878 1332 918 urso
1365 861 1645 931 cogitasti,
1673 867 1868 913 etcum
1896 855 2140 918 leaenam,

563 981 668 1021 non
714 963 765 1018 id
795 959 992 1016 animal
1029 956 1409 1027 suspicabaris,
1442 951 1536 1008 sed
1557 966 1718 1021 regna
1748 966 1763 1015 ;
1793 957 1847 1003 ct
1875 962 1995 1003 cum
2024 960 2142 999 uta-

560 1074 653 1125 rc,
682 1072 787 1111 non
816 1050 961 1108 mare
987 1092 1001 1116 ,
1027 1050 1121 1106 sed
1146 1049 1330 1104 orbem
1360 1055 1656 1108 terrarum,
1687 1043 1741 1096 in
1770 1040 1889 1095 aliis
1915 1039 2017 1093 alia
2046 1052 2144 1125 co-

560 1120 735 1218 gitans
768 1163 781 1200 :
813 1146 883 1199 ita
914 1153 969 1198 et
994 1157 1155 1197 mine.
1183 1140 1447 1207 Antiquus
1475 1135 1681 1190 dierum
1709 1133 1831 1203 quid
1862 1140 1944 1185 est
1970 1130 1994 1184 ?
2020 1120 2144 1184 seni

563 1239 772 1294 cuidam
797 1235 985 1290 similis
1007 1240 1142 1288 erat.
1162 1230 1292 1285 Nam
1310 1228 1376 1282 ad
1399 1241 1525 1281 usus
1553 1240 1754 1286 rerum,
1777 1231 1996 1293 propter
2015 1234 2148 1290 quas

564 1335 806 1399 apparet,
837 1325 1070 1395 seipsum
1113 1319 1306 1374 format
1334 1335 1349 1375 :
1376 1325 1534 1386 atque
1560 1315 1645 1369 hic
1661 1312 1894 1369 ostendit
1930 1311 2148 1365 senibus

562 1419 755 1491 judicia
778 1431 895 1472 esse
918 1409 1314 1468 committenda.
1342 1408 1495 1464 Sicut
1512 1406 1653 1461 enim
1681 1419 1801 1459 cum
1831 1401 1981 1457 audis
2004 1399 2150 1455 thro-

566 1490 690 1566 num
712 1550 727 1576 ,
755 1525 858 1563 non
885 1504 1188 1561 cathedram
1217 1500 1466 1569 intelligis
1497 1516 1510 1552 :
1544 1510 1732 1553 verum
1757 1494 1876 1565 quis
1908 1491 2041 1548 adco
2065 1490 2147 1545 vi-

566 1603 670 1657 lem
696 1614 759 1654 ac
786 1598 1055 1668 vulgarem
1084 1606 1299 1650 sensum
1321 1590 1603 1661 arriperet,
1630 1600 1751 1640 cum
1782 1593 1836 1640 et
1862 1582 1985 1637 alibi
2010 1582 2149 1635 Dens

566 1699 803 1747 armatus
848 1687 1108 1750 videatur,
1139 1693 1193 1739 et
1243 1682 1366 1736 alibi
1408 1686 1719 1736 cruentatus
1763 1676 1780 1745 (
1811 1675 1942 1742 Sap.
1972 1673 2027 1728 5.
2057 1672 2145 1726 18.

567 1783 694 1839 Isai.
713 1781 802 1837 65.
825 1778 1047 1851 5)?Hoc
1077 1777 1253 1846 itaque
1284 1772 1519 1828 indicare
1546 1770 1656 1824 vult
1675 1810 1689 1832 ,
1718 1775 1932 1836 tempus
1967 1761 2149 1834 judicii

566 1889 708 1929 esse.
742 1871 1101 1925 Vestimentum
1145 1867 1278 1938 ejus,
1306 1863 1451 1934 quasi
1476 1862 1586 1926 nix,
1625 1857 1916 1914 candidum.
1941 1853 2152 1923 Quare?

568 1965 829 2034 Quoniam
858 1977 963 2017 non
1001 1959 1161 2016 modo
1200 1969 1409 2028 tempus
1432 1963 1514 2011 est
1538 1951 1722 2024 judicii
1748 1992 1765 2018 ,
1793 1948 1888 2005 sed
1923 1947 2155 2004 retribu-

569 2057 730 2112 tionis
758 2068 966 2126 quoque
991 2070 1005 2107 :
1032 2049 1281 2121 quoniam
1310 2055 1530 2105 cunctos
1554 2043 1654 2115 ipsi
1682 2041 1895 2096 adstare
1920 2045 2150 2109 oportet:

569 2147 816 2218 quoniam
856 2143 1116 2199 Iudicium
1150 2140 1320 2205 illius,
1364 2136 1567 2207 inquit,
1594 2134 1738 2205 quasi
1763 2132 1855 2187 lux
1880 2130 2156 2203 egredietur

575 2240 741 2312 (Osee
767 2239 816 2294 6.
844 2238 877 2293 5
905 2238 944 2307 ).
976 2232 1176 2290 Deinde
1204 2230 1401 2287 Tltroni
1423 2227 1572 2300 positi
1598 2235 1735 2281 sunt.
1763 2224 1951 2280 Nonne
1976 2220 2155 2278 throni

571 2333 625 2388 in
673 2331 864 2402 quibus
907 2326 1175 2391 Sedebitis,
1221 2323 1418 2394 inquit,
1447 2337 1598 2391 super
1647 2318 1911 2374 duodecim
1951 2317 2157 2371 thronos

576 2423 816 2493 (Mutth
829 2421 881 2475 9.
898 2419 1015 2489 28)?
1031 2417 1092 2471 Et
1103 2415 1317 2487 capillus
1331 2414 1510 2480 capitis
1523 2413 1631 2484 ejus
1650 2411 1793 2482 quasi
1810 2410 1929 2464 lana
1945 2406 2153 2462 munda.

574 2513 716 2583 Ignis
737 2511 868 2566 nihil
890 2507 1254 2571 consumebat,
1289 2502 1717 2574 quandoquidem
1740 2499 1877 2556 lenis
1905 2507 2040 2555 erat.
2059 2497 2156 2553 Vi-

575 2604 671 2659 des
696 2602 881 2658 faciem
908 2608 961 2656 et
982 2599 1217 2654 habitum
1236 2596 1443 2651 civilem
1462 2608 1523 2648 ac
1541 2592 1890 2663 popularem?
1908 2590 2158 2644 Thronus

578 2693 828 2758 torrebat,
847 2690 986 2761 quod
1009 2691 1130 2759 igne
1144 2686 1470 2750 abundaret;
1489 2694 1543 2739 et
1563 2696 1666 2739 non
1686 2683 1803 2752 igne
1822 2679 2156 2750 simpliciter,

582 2786 671 2842 sed
701 2787 819 2855 igne
842 2784 1081 2838 ardente.
1110 2779 1241 2835 Nam
1264 2794 1332 2834 ne
1348 2777 1711 2836 existimares.
1735 2790 1829 2845 per
1854 2770 2156 2829 similitudi-

578 2894 699 2931 nem
718 2880 904 2930 tactam
922 2889 1041 2929 esse
1061 2872 1531 2942 comparationem,
1549 2868 1750 2924 addidit
1766 2867 1903 2939 ignis
1923 2866 2064 2921 illius
2080 2863 2162 2921 ef-

579 2969 812 3022 ficaciam
822 3008 835 3030 ,
851 2981 956 3020 non
970 2966 1142 3020 solum
1158 2964 1332 3035 ignem
1346 2962 1549 3028 dicens,
1562 2961 1658 3017 sed
1675 2961 1848 3030 ignem
1861 2959 2156 3015 ardentem.

579 3058 788 3113 Flavius
803 3056 932 3128 ignis
951 3054 1184 3110 manabat
1200 3070 1231 3107 a
1246 3062 1511 3123 conspectu
1526 3053 1654 3123 ejus.
1673 3051 1818 3105 Mille
1832 3050 1993 3105 millia
2004 3050 2159 3105 mini-

578 3149 801 3204 strabant
830 3148 910 3214 ei,
941 3156 988 3201 et
1025 3146 1156 3201 dena
1193 3146 1356 3199 millia
1392 3144 1576 3198 denum
1614 3142 1831 3197 millium
1862 3140 2157 3196 assistebant

580 3251 696 3296 ante
723 3257 836 3295 eum
996 3237 1258 3292 Iudicium
1283 3235 1430 3290 sedit.
1475 3234 1586 3289 Hoc
1611 3241 1731 3298 est,
1762 3232 1884 3288 ideo
1912 3231 2161 3299 advenit,

582 3342 640 3387 ut
661 3316 916 3404 jmiuium
941 3329 1173 3385 daretur.
1199 3328 1263 3383 Et
1287 3327 1400 3382 libri
1423 3326 1585 3397 aperti
1606 3334 1723 3380 sunt
1748 3323 1909 3394 (Dan.
1933 3324 2021 3380 1‘5.
2044 3321 2160 3395 is).

587 3423 721 3492 Quid
754 3421 870 3476 ais?
901 3420 1049 3476 libris
1089 3420 1230 3475 Deus
1257 3418 1486 3488 indiget,
1522 3418 1623 3483 Qui
1650 3416 1822 3471 omnia
1861 3414 1995 3470 novit
2023 3424 2165 3469 ante-

583 3513 924 3583 quamﬁant?
950 3512 1049 3578 Qui
1074 3511 1218 3580 ﬁnxit
1237 3510 1495 3581 stgillatim
1516 3508 1671 3562 corda
1691 3524 1862 3562 eorum
1885 3506 2051 3579 (Psal.
2070 3505 2161 3563 52.

588 3605 715 3674 15)?
744 3604 846 3659 Sed
871 3603 1020 3673 juxta
1049 3600 1486 3657 consuetudinem
1519 3600 1921 3670 magistratuum
1951 3608 2166 3654 nostro-

587 3713 701 3750 rum
732 3695 994 3765 loquitur;
1030 3704 1084 3749 et
1110 3694 1189 3747 sic
1212 3701 1330 3747 acta
1356 3691 1485 3745 fiunt
1513 3689 1650 3759 apud
1682 3703 1801 3745 nos.
1846 3689 1994 3746 Sicut
2020 3690 2165 3745 enim

585 3796 701 3841 acta
732 3802 835 3839 non
866 3785 984 3838 ideo
1014 3784 1279 3855 leguntur,
1308 3791 1365 3837 ut
1390 3782 1726 3853 magistratus
1750 3781 1921 3837 solum
1945 3780 2169 3837 edocea-

591 3890 706 3939 tur,
739 3877 831 3931 sed
860 3876 1017 3930 etiam
1044 3884 1100 3930 ut
1123 3882 1374 3945 appareat
1395 3874 1595 3944 justum
1625 3872 2016 3943 essejudicium
2049 3890 2063 3926 :
2097 3872 2169 3927 ita

590 3978 644 4023 et
673 3978 795 4022 tunc
818 3967 1014 4022 evenit.
1048 3966 1176 4020 Nam
1204 3965 1328 4021 licet
1354 3966 1494 4021 Deus
1517 3964 1650 4020 sciat
1669 3979 1729 4020 se
1746 3964 1889 4035 juste
1909 3964 2168 4034 judicare,

590 4070 820 4117 attamen
850 4060 1016 4114 libros
1043 4059 1233 4129 aperit.
1265 4057 1428 4130 Cujus
1456 4058 1536 4114 rei
1563 4058 1771 4129 gratia?
1813 4057 1948 4125 Quid
1973 4059 2086 4123 ais,
2117 4065 2173 4113 et

592 4154 718 4224 quid
742 4154 832 4208 tibi
857 4152 970 4208 vis?
996 4152 1104 4208 Cur
1123 4168 1227 4206 non
1251 4152 1467 4222 praemia
1490 4168 1699 4223 quoque
1720 4151 1889 4206 dixit?
1910 4154 1978 4206 At
2002 4151 2170 4206 dixit:

596 4244 787 4300 Tltroni
804 4244 950 4315 positi
966 4252 1081 4298 sunt
1095 4259 1115 4308 ;
1128 4241 1553 4313 quandoquidem
1572 4242 1712 4297 Deus
1727 4252 1777 4297 ct
1798 4242 1884 4295 illa
1903 4241 2171 4297 definivit:

593 4345 871 4405 postquam
898 4350 1025 4390 vero
1052 4348 1150 4387 nos
1173 4348 1277 4388 non
1307 4334 1597 4399 audiimus,
1621 4341 1747 4388 tunc
1765 4333 2094 4404 punitionem
2122 4340 2177 4389 et

658 4488 730 4549 (ιι)
762 4494 997 4549 Numerus
1018 4493 1183 4536 certus
1204 4488 1516 4549 propincerto.
1543 4482 1698 4546 Quare
1730 4488 1835 4538 haec
1868 4489 2019 4537 verba
2044 4489 2175 4538 varie

595 4547 904 4599 ab'E'cclesia:
938 4547 1220 4609 doctoribus
1250 4547 1391 4597 allata
1429 4550 1684 4608 invenies,
1710 4557 1755 4597 s.
1782 4549 1970 4600 Irenaeo
1993 4548 2076 4598 lib.
2112 4552 2176 4609 2,

596 4609 757 4683 ca_p.__6
776 4645 790 4667 ,
812 4608 1104 4683 't'ertulliano
1125 4609 1359 4683 adversus
1380 4618 1614 4683 maneam
1629 4624 1732 4683 cap.
1758 4612 1806 4669 5,
1832 4609 2040 4683 Auctore
2066 4608 2177 4660 libri

597 4672 657 4721 ad
697 4672 1001 4736 Novatiaumn
1038 4671 1356 4736 intcrUOpcra
1395 4677 1441 4719 s.
1466 4671 1699 4736 ‘Cypriani
1718 4705 1733 4731 ,
1757 4673 1963 4721 Eusebio
1999 4678 2174 4736 Evaug2

599 4742 808 4797 I’t‘mpatt'.
830 4732 911 4781 lib.
937 4734 986 4791 7,
1007 4744 1112 4792 cap.
1141 4731 1213 4788 15,
1238 4730 1387 4797 atque
1412 4730 1561 4797 etiam
1580 4739 1624 4797 β.
1644 4730 2181 4797 Cltrysostomoﬂomfti

597 4793 763 4845 contra
785 4794 1071 4851 Anomteos;
1096 4805 1187 4843 nec
1210 4807 1303 4842 non
1337 4795 1386 4842 in
1407 4793 1794 4844 Ordinationibns
1826 4796 2175 4845 Maronitarum.

599 4857 663 4906 At
686 4858 927 4919 Editiones
956 4864 1002 4906 s.
1041 4856 1313 4919 Hieronymi
1350 4855 1579 4919 adhunc
1609 4854 1767 4919 locum
1804 4856 2005 4919 vitiosae,
2025 4863 2176 4919 sunt:

602 4917 796 4981 Duplea:
827 4924 986 4981 autem
1006 4913 1285 4981 angt’loru'm
1305 4913 1515 4981 ofﬁcium
1534 4921 1605 4981 est
1623 4928 1643 4966 :
1678 4916 1886 4966 aliorum
1921 4916 2005 4981 qui
2029 4917 2181 4981 justis

601 4977 803 5039 praemia
824 4979 1036 5029 tribuunt
1050 4977 1291 5041 {aliorum
1313 4977 1398 5041 diti
1418 4977 1619 5041 singulis
1628 4985 1851 5041 prensum
1867 4977 2177 5031 a'ttciatibus.

600 5038 748 5087 Nemo
772 5053 869 5104 non
893 5041 1027 5090 videt
1051 5038 1374 5104 scribendum
1395 5038 1523 5101 esse,
1545 5038 1808 5104 civitatibus
1823 5079 1837 5104 ,
1862 5047 1916 5090 ut
1938 5047 1990 5089 et
2011 5048 2180 5104 postea

599 5102 815 5164 comperi
839 5100 1320 5168 legere_s_.__'rhomam
1344 5103 1395 5168 in
1417 5100 1727 5168 Expo$ttione
1745 5103 1808 5168 in_
1821 5103 1948 5151 hunc
1967 5100 2182 5168 prophe-

600 5162 723 5226 tam:
743 5169 885 5211 Porro
898 5162 1133 5226 notabilis
1167 5164 1404 5226 imprimis
1437 5162 1761 5226 discrepantia
1797 5165 1926 5214 inter
1948 5162 1997 5211 Β.
2022 5162 2181 5215 'l‘beo-

600 5222 829 5288 doretum
853 5230 905 5288 et
938 5230 983 5288 s_.
1010 5222 1272 5288 Thomam,
1291 5239 1382 5275 seu
1400 5227 1561 5288 potius
1596 5222 1642 5275 Β.
1679 5228 1964 5288 Dionysium,
1990 5227 2039 5274 in
2062 5228 2183 5276 assi-

601 5284 793 5357 gnanda
842 5283 1078 5395 diggitate
1132 5283 1449 5360 angelorum,
1504 5289 1588 5351 qui
1642 5283 1947 5359 ministrant,
2005 5296 2056 5337 et
2098 5290 2182 5351 qui

601 5352 848 5395 assistunt.
990 5352 1200 5395 utroaue
1234 5346 1458 5395 dissentit
1490 5355 1535 5395 s.
1572 5355 1832 5395 Gregorius
1867 5356 2021 5395 Pana:
2046 5350 2182 5395 cuius

600 5346 960 5412 assistunt._Ab
990 5346 1458 5412 utroque__dissentit
1490 5346 1535 5398 SI
1572 5349 2021 5412 Gregoriusgpapa;
2046 5346 2185 5412 cujus

599 5408 815 5481 opinioni
852 5404 1163 5481 favet'yetlzus
1192 5404 1420 5481 Clemens
1451 5404 1695 5481 Romau‘ns'
1706 5404 1981 5481 in_Epi_sto'_la
2005 5404 2063 5459 ad
2088 5404 2180 5462 Co-

602 5465 807 5535 rinthios
826 5465 1311 5535 ;___I’settdo-Clemens
1345 5475 1523 5535 autem
1543 5472 1594 5520 in
1615 5465 2047 5535 Constitutionibus
2066 5485 2185 5535 apo-

598 5528 920 5589 stolicis,lib.
952 5530 1011 5589 8,
1044 5541 1150 5592 cap.
1185 5528 1246 5592 12
1263 5565 1276 5590 ,
1304 5541 1331 5577 a
1362 5530 1667 5592 Theodorcto
1689 5541 1820 5583 stat:
1846 5533 1934 5583 sed
1956 5532 2021 5583 de
2043 5528 2188 5586 variis

597 5593 726 5656 circa
746 5592 950 5656 angelos
979 5591 1239 5656 sententiis
1271 5591 1504 5653 prteclare
1534 5593 1732 5656 disserit
1755 5602 1963 5645 Joannes
1980 5597 2188 5648 ltoﬁnus

599 5653 658 5760 oud
680 5653 1014 5761 mutationes
1047 5654 1276 5719 Syriacas.
1318 5659 1447 5717 Lege
1477 5655 1735 5718 Origeuem
1764 5657 1824 5706 ad
1852 5669 1958 5720 cap.
1983 5658 2015 5707 ii
2036 5660 2184 5722 Epist.

713 5727 810 5764 om.

1263 294 1321 351 S.
1362 290 1639 349 JO.\NNlS
1676 283 2149 346 CIIRYSOSTOMI
2187 282 2502 339 AllCllllCP.
2545 279 3074 336 CONSTANTlNOP.

3674 285 3760 343 95⁷1

2248 394 2565 465 supplicium
2596 394 2827 450 minatus
2852 403 2956 473 est.
2988 395 3053 450 Et
3077 410 3253 450 nonne
3274 395 3418 451 nobis
3436 398 3559 453 hanc
3577 400 3764 468 primam

2249 502 2435 541 vocem
2458 485 2674 540 emisit?
2701 484 2902 541 Exinde
2923 487 3091 557 cmpit,
3116 487 3303 557 inquit,
3326 488 3580 557 praedicare
3594 509 3765 562 regnum

2247 574 2488 629 caelorum
2516 573 2727 645 (Matth.
2759 576 2813 630 4.
2855 576 2963 645 17).
2990 575 3133 631 Nihil
3162 591 3467 647 corporeum
3490 581 3736 649 suspiceris
3755 624 3768 646 ,

2249 665 2461 731 dilecte,
2489 680 2589 721 nec
2616 666 2887 723 existimes
2913 668 3074 722 Deum
3092 709 3108 733 ,
3135 669 3225 739 qui
3256 669 3530 726 immensus
3549 680 3640 739 est,
3663 677 3771 730 solo

2250 772 2370 812 esse
2396 750 2674 813 inclusum.
2718 757 2851 813 Nam
2892 759 2938 815 si
2976 758 3044 814 In
3069 776 3223 814 manu
3248 761 3354 832 ejus
3379 771 3489 816 sunt
3521 765 3631 828 (inet
3655 774 3775 820 terra

2252 846 2424 917 (Psal.
2454 848 2544 905 94.
2562 847 2618 921 ι)
2641 865 2656 902 :
2680 849 2725 904 si
2754 847 2810 902 ,11
2815 861 2956 904 ontes
2981 850 3154 904 statuit
3178 860 3360 904 statera
3380 867 3401 906 :
3421 852 3464 906 si
3491 851 3656 908 Omnes
3672 872 3776 922 gen-

2254 947 2326 992 tes
2353 940 2499 1008 quasi
2521 941 2680 995 saliva
2707 941 2761 995 in
2789 949 3055 1012 conspectu
3092 943 3201 1013 ejus
3242 952 3480 1013 reputatae
3513 953 3648 1009 sunt,
3672 956 3719 1003 et
3745 947 3777 1000 si

2232 1026 2432 1084 Cuncta
2469 1031 2596 1085 sicut
2636 1032 2799 1101 pulvis
2834 1050 3008 1088 coram
3049 1050 3106 1089 eo
3148 1033 3317 1103 (lsai.
3347 1034 3695 1106 40.12.15),
3736 1047 3780 1091 ut

2254 1122 2366 1191 ipse
2394 1122 2467 1175 ait
2492 1139 2507 1175 :
2537 1123 2655 1192 quis
2683 1123 2829 1178 locus
2856 1133 3025 1180 totum
3061 1125 3217 1180 simul
3244 1124 3671 1194 comprehendere
3705 1142 3781 1194 po-

2254 1213 2415 1268 terit?
2442 1212 2547 1269 Sed
2578 1214 2746 1285 quid?
2772 1214 2877 1270 Res
2904 1232 3010 1270 non
3037 1216 3108 1271 ita
3130 1231 3189 1270 se
3215 1215 3372 1270 liabet
3401 1233 3413 1269 :
3442 1216 3568 1271 solio
3594 1231 3688 1271 non
3712 1216 3776 1271 in-

2253 1305 2484 1360 cluditur
2512 1305 2670 1360 Deus.
2700 1305 2756 1361 Si
2795 1318 2970 1362 autem
3010 1306 3384 1362 vestimentum
3412 1304 3651 1369 habebat,
3675 1320 3778 1376 quoo

2254 1395 2413 1450 modo
2460 1395 2595 1466 ignis
2640 1396 2772 1452 illud
2817 1412 2925 1452 non
2972 1398 3344 1468 consumpsit?
3387 1406 3440 1452 et
3476 1411 3574 1467 qua
3614 1397 3785 1453 ratione

2251 1490 2519 1560 Antiquus
2534 1487 2742 1563 dierum
2765 1488 2960 1545 dicitur
2986 1489 3077 1546 ille
3099 1529 3116 1557 ,
3148 1490 3239 1559 qui
3276 1497 3401 1545 ante
3436 1487 3600 1544 omnia
3625 1489 3788 1545 sa'cula

2254 1592 2316 1632 ex
2325 1577 2492 1633 stitit?
2510 1593 2616 1651 quo
2632 1586 2788 1648 pacto
2802 1588 2977 1635 autem
2992 1587 3047 1635 et
3064 1579 3348 1648 antiquus?
3366 1577 3445 1633 Tu
3462 1580 3613 1646 enim,
3630 1581 3787 1651 inquit,

2253 1667 2385 1722 idem
2407 1668 2515 1739 ipse
2537 1685 2589 1724 es
2609 1667 2782 1740 (Psal.
2813 1670 2935 1726 101.
2959 1670 3075 1740 28).
3104 1668 3213 1725 Cur
3240 1670 3398 1741 igitur
3418 1672 3665 1742 antiquus,
3689 1686 3787 1727 cum

2254 1757 2465 1816 dicatur
2492 1757 2600 1814 :Et
2637 1761 2761 1814 anni
2801 1761 2875 1814 tui
2914 1777 3015 1816 non
3040 1761 3271 1831 deﬁcient
3302 1760 3525 1833 (Ibid.)?
3561 1761 3653 1830 Qui
3685 1776 3790 1817 vero

2256 1850 2627 1905 vestimentum
2647 1866 2858 1923 quoque
2881 1850 3041 1907 fuerit
3064 1853 3203 1909 circa
3230 1853 3541 1909 immensum
3563 1868 3622 1908 ac
3647 1853 3792 1908 incor-

2254 1943 2518 2012 poreum?
2538 1942 2741 1999 Etenim
2760 1945 3123 2016 magnitudinis
3142 1948 3271 2018 ejus,
3299 1947 3485 2017 inquit,
3508 1962 3603 2000 non
3619 1957 3681 1999 est
3696 1946 3791 2015 ﬁnis

2257 2032 2431 2104 (Psal.
2461 2034 2583 2092 144.
2614 2034 2694 2106 5).
2726 2035 2796 2091 Et
2819 2051 3003 2093 rursus
3031 2054 3045 2091 :
3076 2036 3138 2093 Si
3165 2039 3438 2093 ascendero
3462 2040 3512 2092 in
3534 2040 3694 2094 calum
3713 2080 3726 2103 ,
3751 2052 3792 2093 ut

2255 2127 2364 2181 illic
2391 2144 2478 2194 es;
2503 2129 2548 2183 si
2571 2128 2871 2184 descendero
2895 2131 2950 2185 in
2972 2131 3242 2201 infernum.
3260 2132 3393 2189 ades
3413 2130 3572 2204 (Psal.
3599 2133 3704 2188 151.
3728 2132 3791 2201 8).

2257 2220 2538 2289 Quomodo
2558 2221 2718 2292 igitur
2737 2230 2885 2278 veste
2909 2222 3449 2279 circumscribebatur
3471 2223 3697 2285 humana,
3716 2238 3795 2276 nec

2260 2311 2403 2366 illam
2442 2311 2833 2367 consumebat?
2873 2311 2940 2366 At
2985 2327 3113 2369 vero
3148 2320 3204 2368 et
3241 2314 3350 2369 alia
3378 2314 3624 2384 ejusmodi
3659 2314 3795 2367 multa

2261 2401 2446 2458 videre
2471 2417 2534 2458 ac
2563 2402 2740 2474 legere
2777 2412 2985 2473 poterat
3023 2402 3305 2475 propheta.
3353 2404 3618 2474 Quomodo
3649 2416 3797 2460 autem

2260 2492 2438 2563 capilli
2468 2493 2520 2548 in
2551 2493 2671 2564 igne
2700 2509 2804 2550 non
2831 2496 3284 2551 absumebantur?
3319 2497 3535 2567 Propter
3556 2497 3646 2552 hoc
3662 2497 3797 2567 siqui-

2260 2585 2381 2641 dem
2407 2586 2629 2655 subjecit
2651 2605 2666 2642 :
2691 2586 2925 2644 Thronus
2946 2590 3057 2660 ejus
3076 2589 3207 2660 ignis
3227 2590 3432 2645 ardens.
3464 2590 3526 2644 Et
3549 2590 3655 2645 libri
3667 2598 3799 2659 aperti

2261 2685 2397 2733 sunt.
2430 2676 2502 2734 Ut
2527 2677 2616 2734 ille
2643 2679 2735 2750 qui
2762 2678 3075 2746 damnatur,
3103 2696 3202 2737 suo
3224 2680 3331 2736 sibi
3349 2680 3546 2751 judicio
3585 2680 3799 2738 condem-

2263 2777 2442 2823 netur.
2473 2768 2561 2824 11.
2596 2787 2617 2822 ι
2645 2770 2977 2840 Aspiciebam
3004 2779 3129 2826 tunc
3152 2785 3183 2825 a
3202 2786 3341 2829 voce
3364 2786 3653 2828 sermonum
3673 2784 3801 2841 gran-

2262 2862 2429 2925 dium,
2458 2878 2594 2934 quos
2620 2878 2786 2919 cornu
2813 2863 2944 2919 illud
2973 2863 3312 2935 loquebatur.
3339 2866 3638 2936 Spectaham
3659 2863 3801 2918 donec

2265 2952 2541 3009 interfecta
2557 2963 2637 3009 est
2649 2955 2813 3010 bestia
2827 2955 2935 3020 illa,
2953 2958 3008 3005 et
3021 2952 3201 3022 periit.
3214 2955 3317 3011 iob
3330 2956 3800 3027 magniloquentiam.

2264 3043 2597 3116 Quamquam
2637 3045 2939 3101 Alexander
2979 3046 3146 3102 Deum
3191 3046 3456 3103 adoravit.
3503 3067 3523 3100 ι
3557 3047 3619 3102 Ει
3642 3060 3803 3117 corpus

2265 3136 2382 3206 ejus
2400 3136 2581 3191 datum
2602 3146 2685 3193 est
2703 3136 2755 3192 in
2778 3136 3199 3193 combustionem
3228 3137 3392 3209 ignis.
3425 3137 3507 3192 12.
3533 3137 3594 3193 Et
3609 3136 3804 3206 reliqua-

2266 3244 2386 3285 rum
2407 3230 2694 3286 bestiarum
2717 3220 3003 3286 translatus
3022 3240 3106 3286 est
3125 3230 3454 3302 principatus
3476 3250 3490 3288 :
3507 3241 3559 3287 et
3576 3229 3806 3301 longitudo

2267 3323 2391 3377 vita:
2412 3322 2534 3377 data
2559 3330 2641 3377 est
2660 3322 2736 3378 eis
2761 3336 2927 3392 usque
2953 3320 3021 3376 ad
3046 3329 3255 3392 tempus
3277 3331 3338 3379 et
3357 3332 3580 3393 tempus.
3607 3340 3624 3373 ι
3646 3320 3807 3388 Quant-

2269 3416 2350 3471 vis
2369 3415 2526 3471 tinem
2548 3415 2844 3482 habuerint,
2863 3424 3097 3472 attamen
3114 3415 3217 3472 hoc
3229 3415 3431 3472 factum
3449 3426 3547 3471 εει.
3565 3411 3628 3468 Et
3640 3412 3810 3468 combu-

2267 3517 2347 3563 sta
2367 3517 2437 3563 est
2466 3508 2695 3573 bestia,et
2709 3523 2889 3578 corpus
2909 3508 3047 3562 illius
3066 3508 3182 3579 igne
3206 3507 3551 3578 absumptum.
3592 3503 3810 3560 Funditus

2269 3601 2495 3672 periisse
2516 3600 2772 3656 declarat.
2805 3601 2892 3656 15.
2924 3600 3240 3671 Aspiciebam
3276 3602 3335 3656 in
3368 3602 3552 3656 visione
3576 3598 3744 3662 noctis,
3776 3601 3813 3647 et

2269 3710 2386 3750 ecce
2421 3710 2536 3749 cum
2578 3692 2789 3748 nubibus
2829 3694 2941 3748 casti
2975 3694 3118 3764 quasi
3159 3691 3336 3748 Filius
3375 3691 3585 3747 hominis
3606 3687 3808 3744 veniebat.

2272 3786 2402 3854 Quis
2427 3786 2542 3841 lucc
2566 3785 2813 3857 ignorat?
2839 3786 2958 3856 quis
2982 3785 3288 3857 perspicere
3316 3785 3548 3856 poterit?
3568 3796 3681 3838 num
3698 3778 3815 3834 enim

2272 3880 2463 3936 Petrus
2490 3886 2575 3934 est
2604 3879 2695 3950 qui
2724 3879 2822 3951 ista
2852 3877 3013 3941 dicit,
3053 3892 3085 3933 ο
3112 3876 3344 3932 Judzee?
3383 3892 3507 3932 num
3531 3870 3740 3930 Paulus?
3762 3866 3816 3920 Et

2272 3987 2405 4036 ecce,
2430 3970 2619 4041 inquit,
2649 3968 2793 4039 quasi
2828 3967 2995 4023 Filius
3020 3968 3236 4023 hominis
3262 3967 3511 4035 veniebat,
3538 3974 3582 4020 et
3605 3978 3741 4032 usque
3762 3958 3818 4011 ad

2274 4063 2538 4129 antiquum
2560 4060 2754 4115 dierum
2774 4061 3013 4129 pervenit.
3046 4059 3185 4115 Ecce
3208 4068 3263 4117 et
3293 4075 3393 4131 par
3415 4058 3633 4129 dignitas
3656 4053 3819 4108 utrius-

2276 4168 2399 4224 quc.
2428 4151 2497 4206 Et
2521 4154 2573 4206 in
2603 4160 2872 4221 conspectu
2896 4153 3004 4221 ejus
3031 4150 3227 4205 oblatus
3250 4161 3327 4206 est
3350 4152 3448 4206 illi.
3478 4149 3544 4206 Ut
3569 4162 3678 4203 cum
3698 4143 3819 4198 vidc-

2277 4247 2353 4301 ris
2381 4246 2479 4316 ipsi
2506 4260 2726 4316 regnum
2755 4243 2910 4311 tradi,
2940 4243 3092 4310 illud,
3124 4243 3284 4308 tradi,
3311 4243 3544 4299 humano
3568 4239 3711 4296 modo
3733 4250 3817 4290 non

2278 4352 2500 4394 censeas
2540 4335 2926 4406 accipiendum.
2970 4334 3104 4390 Nam
3135 4335 3178 4388 A
3206 4335 3425 4390 nubibus
3463 4334 3606 4399 caeli,
3628 4330 3819 4401 inquit:

2280 4429 2452 4484 nubes
2490 4438 2666 4484 autem
2706 4442 2804 4498 pro
2844 4427 2976 4483 caalo
3018 4442 3232 4483 sumere
3267 4428 3409 4483 solet
3436 4425 3710 4495 Scriptura.
3749 4418 3820 4472 ll.

2285 4538 2305 4572 ι
2338 4521 2405 4575 Ει
2432 4521 2531 4591 ipsi
2559 4519 2712 4576 datus
2733 4526 2816 4574 est
2842 4518 3187 4589 principatus,
3217 4527 3273 4574 et
3301 4517 3495 4582 honor,
3520 4524 3574 4572 et
3597 4523 3821 4583 regnum:

2280 4621 2334 4668 et
2361 4625 2549 4666 omnes
2579 4610 2796 4681 populi,
2823 4610 2995 4665 tribus
3017 4648 3034 4675 ,
3063 4609 3257 4680 lingua:
3286 4609 3390 4678 ipsi
3423 4608 3662 4665 servient.
3690 4602 3823 4657 Pote-

2281 4711 2390 4758 stas
2420 4704 2536 4772 ejus
2564 4710 2801 4773 potestas
2827 4710 3028 4757 zeterna
3051 4743 3068 4768 ,
3112 4716 3231 4771 qua:
3266 4717 3376 4756 non
3406 4696 3751 4770 pertransibit,
3783 4697 3825 4745 cl

2280 4810 2505 4866 regnum
2548 4794 2665 4866 ejus
2692 4810 2799 4850 non
2836 4803 3227 4865 corrumpetur.
3264 4813 3285 4848 ι
3319 4794 3459 4862 Quid
3484 4836 3500 4859 ,
3535 4804 3734 4864 qua-so,
3759 4784 3825 4836 his

2280 4887 2458 4944 verbis
2496 4886 2865 4943 manifestius?
2905 4884 2976 4939 Et
3013 4901 3184 4940 omnes
3222 4886 3424 4956 populi,
3455 4884 3636 4954 inquit,
3664 4876 3824 4934 uibus.

2204 5028 2214 5039 ,
2283 4978 2473 5049 lingua:
2515 4978 2616 5047 ipsi
2657 4982 2889 5031 servient.
2932 4975 3068 5032 Vide
3109 4984 3168 5030 nt
3212 4990 3429 5030 omnem
3469 4973 3610 5027 orbis
3645 4975 3824 5039 gentm

2282 5071 2595 5138 complexus
2619 5069 2706 5124 sit.
2736 5068 2870 5124 Vide
2893 5076 2952 5124 ut
2976 5076 3032 5124 et
3047 5066 3242 5137 jndicis
3263 5065 3534 5135 acceperit
3557 5055 3755 5117 tribunal
3776 5065 3827 5105 ac

2285 5169 2621 5232 potestatem.
2648 5158 2725 5215 Ne
2748 5161 2891 5215 enim
2921 5159 2972 5213 id
3001 5172 3122 5213 esse
3153 5157 3534 5226 temporarium
3563 5149 3823 5207 existimes.

2284 5252 2360 5306 ait
2389 5270 2402 5306 :
2435 5251 2563 5319 Qua:
2598 5267 2699 5305 non
2737 5249 3059 5319 pertransibit
3096 5264 3117 5304 .'
3155 5258 3200 5303 et
3226 5263 3440 5318 regnum
3470 5245 3600 5299 illius
3625 5255 3713 5294 non
3734 5249 3825 5288 coro

2284 5352 2548 5415 rumpetur
2573 5358 2593 5398 :
2616 5341 2711 5398 sed
2738 5350 2842 5397 stat
2867 5356 2931 5397 ac
2959 5348 3159 5396 manet.
3192 5339 3343 5406 Quod
3376 5339 3421 5392 si
3454 5337 3605 5391 fidem
3634 5345 3722 5385 non
3747 5326 3825 5379 ha-

2286 5435 2382 5492 bes
2402 5479 2418 5499 ,
2447 5451 2475 5489 a
2502 5435 2662 5491 rebus
2690 5434 3034 5505 persuadere.
3064 5433 3223 5489 Vides
3256 5430 3609 5501 mqualitatem
3642 5415 3824 5478 honoris

2285 5544 2407 5586 cum
2438 5528 2634 5583 Patre?
2673 5526 2805 5582 Nam
2833 5527 2955 5597 quia
2992 5526 3160 5581 Filius
3196 5531 3315 5594 post
3346 5523 3553 5576 Patrem
3583 5509 3788 5585 apparuit
3809 5543 3823 5568 ς

2287 5631 2504 5693 propter
2531 5620 2633 5675 hoc
2661 5620 2734 5674 ait
2761 5634 2882 5675 eum
2911 5618 3119 5673 venisse
3148 5630 3265 5671 cum
3296 5613 3543 5668 nubibus.
3588 5602 3722 5675 Quod
3746 5614 3825 5652 au-

2294 5723 2401 5767 tem
2432 5710 2685 5767 existeret
2710 5718 2763 5765 et
2791 5718 2969 5778 antea,
2995 5709 3190 5766 clarum
3218 5716 3301 5760 est
3329 5719 3396 5760 ex
3439 5698 3566 5774 ipsis
3592 5693 3817 5755 nubibus:
