4104 6214
478 338 590 396 235

487 449 653 523 μηδὲν
692 448 1028 521 ἀνθρώπινον
1059 446 1434 521 ὑποπτεύσῃς,
1481 447 1613 519 μηδὲ
1646 445 1895 500 ταπεινὸν
1933 444 2061 515 περὶ

484 543 578 597 τοῦ
598 543 749 597 Υίοῦ.
769 542 979 613 Ὠσπερ
1003 541 1112 613 γὰρ
1135 541 1481 614 γεγηρακότα
1505 541 1665 612 ὀρῶν,
1690 539 1810 610 οὐχὶ
1833 538 2062 610 γέροντα

484 633 829 701 ὑποπτεύεις,
867 632 1008 688 οὓτω
1044 636 1137 687 καὶ
1180 634 1248 687 τὰ
1286 631 1465 687 λοιπά.
1508 631 1599 703 Μὴ
1633 631 1740 703 γὰρ
1781 630 1931 701 ζήτει
1963 629 2062 700 τὴν

485 726 780 797 σαφήνειαν
807 726 867 780 ὲν
889 728 1008 791 ταῖς
1040 725 1412 797 προφητείαις,
1440 724 1567 778 ἔνθα
1599 724 1748 778 σκιαὶ
1774 722 1867 776 καλ
1891 722 2065 791 αἰνίγ-

486 834 634 888 ματα
664 834 679 850 ⁸
721 817 910 889 ὥσπερ
938 818 1030 871 ἐπὶ
1066 817 1168 887 τῆς
1195 817 1477 889 ἀστραπῆς
1505 817 1564 870 οὐ
1600 816 1782 888 ζητεῖς
1820 816 2062 887 διηνεκὲς

479 911 622 979 φῶς,
653 910 787 964 ἀλλὰ
807 912 966 984 ἀρκεῖ
989 909 1220 981 φανῆναι
1250 910 1428 981 μόνον.
1456 908 1699 979 Ἐφριξε
1729 907 1794 962 τὸ
1828 908 2066 979 πνεῦμά

478 1020 620 1071 μου,
655 1000 770 1072 ἐγὼ
802 1000 1027 1069 Δανιὴλ
1051 1002 1122 1067 ἐν
1149 1000 1223 1071 τῇ
1248 1002 1369 1066 ἕξει
1394 1019 1513 1071 μου
1537 1016 1551 1030 ⁶
1584 1000 1685 1056 καὶ
1720 1002 1784 1054 al
1822 1000 2064 1069 ὁράσεις

485 1092 595 1161 τῆς
623 1091 892 1161 κεφαλῆς
914 1109 1033 1161 μου
1064 1092 1406 1161 ἐτάρασσόν
1428 1110 1525 1162 με.
1560 1092 1798 1157 Εἰκότως
1833 1092 1936 1146 ὑπὸ
1962 1094 2060 1162 τῆς

484 1183 660 1252 ὅψεως
683 1183 788 1237 τῶν
809 1184 1117 1255 ὁρωμένων.
1138 1184 1356 1255 Πατέρα
1375 1184 1467 1237 καὶ
1483 1184 1611 1239 Υίδν
1632 1179 1784 1247 οὗτος
1804 1184 1897 1237 καὶ
1911 1183 2061 1256 πρῶ-

481 1294 575 1341 τος
605 1278 699 1332 καὶ
730 1276 888 1347 μόνος
916 1278 1037 1349 ὁρᾷ,
1061 1276 1138 1340 ὡς
1164 1277 1221 1329 ὲν
1246 1276 1387 1347 δψει.
1423 1277 1488 1330 Τί
1521 1277 1587 1331 ἂν
1622 1277 1795 1347 ἔχοιεν
1817 1277 2060 1332 Ἰουδαῖοι

484 1366 622 1439 πρὸς
662 1366 821 1421 τοῦτο
854 1369 1063 1433 εἰπεϊν;
1106 1367 1422 1439 Μελλούσης
1466 1368 1575 1441 γὰρ
1621 1369 1720 1438 τῆς
1758 1369 2062 1441 παρουσίας

482 1460 648 1514 αὑτοῦ
685 1461 869 1514 λοιπὸν
906 1459 1184 1532 ἐγγυτέρω
1220 1455 1380 1528 εἶναι,
1432 1462 1656 1526 εἰκότως
1688 1463 1783 1517 καὶ
1819 1462 1877 1516 al
1909 1460 2060 1532 ὄψεις

481 1551 797 1622 θαυμασταὶ
851 1551 1150 1621 φαίνονται.
1209 1550 1320 1606 Kal
1388 1551 1739 1621 προσῆλθον
1796 1552 1885 1606 ἐνί
1942 1540 2103 1607 τῶνν

482 1639 844 1706 ἑστηκότων,
884 1640 981 1693 καὶ
1024 1641 1140 1709 τὴν
1172 1642 1477 1709 ἀκρίϐειαν
1519 1639 1768 1707 ἐζήτουν
1791 1639 1928 1708 παρ’
1949 1641 2057 1695 αὑ-

480 1725 591 1787 τοῦ
625 1732 838 1801 μαθεῖν
877 1734 1009 1801 περὶ
1059 1735 1284 1788 τούτων
1336 1734 1596 1789 πάντων.
1640 1735 1747 1789 Kal
1793 1730 1924 1789 ειπέ
1958 1751 2059 1805 μοι

482 1823 598 1893 τὴν
645 1824 951 1892 ἀλήθειαν,
999 1826 1099 1880 καί
1160 1827 1280 1881 τῶν
1335 1828 1534 1898 λόγων
1581 1826 1696 1896 τὴν
1738 1826 2061 1897 σύγκρισιν

480 1915 765 1986 ἐγνώρισέ
802 1916 1152 1991 μοι.⁹Ερωτᾷ
1180 1920 1233 1973 τί
1271 1920 1399 1973 ποτέ
1436 1921 1550 1974 ἐστι
1600 1919 1666 1973 τὰ
1719 1919 2057 1991 φαινόμενα⁶

482 2010 576 2063 καὶ
617 2010 874 2081 μανθάνει
925 2011 1056 2083 περὶ
1096 2011 1190 2065 τοῦ
1237 2013 1623 2084 Ἀντιχρίστου,
1657 2012 1751 2066 καὶ
1798 2012 2060 2083 μανθάνει

466 2094 759 2173 ’βασιλείαν
781 2102 929 2167 τέλος
960 2104 1058 2157 οὐκ
1085 2104 1333 2175 ἔχουσαν.
1370 2105 1580 2171 Ταῦτα,
1608 2105 1762 2178 φησὶ,
1786 2104 1859 2160 τὰ
1885 2106 2061 2175 θηρία

482 2191 555 2246 τὰ
596 2192 849 2264 μεγάλα,
886 2193 1180 2265 τέσσαρες
1220 2196 1530 2261 βασιλεῖαι
1585 2196 2057 2267 ἀναστήσονται.

482 2284 593 2338 Kal
618 2283 1076 2354 παραλήψονται
1099 2286 1213 2355 τὴν
1230 2287 1558 2353 βασιλείαν
1575 2287 1730 2358 ἅγιοι
1754 2288 2059 2357 Ὑψίστου,

482 2376 582 2430 καί
621 2376 983 2442 καθέξουσιν
1009 2378 1203 2447 αὑτὴν
1222 2378 1333 2447 ἕως
1352 2379 1583 2447 αἰῶνος,
1602 2380 1699 2434 καί
1718 2380 1830 2446 ἕως
1846 2378 2064 2448 αιῶνος

481 2464 728 2522 αἰώνων.
772 2468 882 2522 Kal
921 2467 1169 2536 ἐζήτουν
1212 2471 1465 2540 ἀκριϐῶς
1512 2473 1642 2541 περὶ
1692 2474 1799 2528 τοῦ
1852 2476 2059 2543 θηρίου

482 2551 588 2613 τοῦ
621 2559 921 2629 τετάρτου,
957 2562 1044 2617 ὅτι
1076 2554 1153 2634 ἦν
1183 2561 1465 2633 διαφέρον
1490 2564 1648 2633 παρὰ
1679 2563 1803 2620 πᾶν
1829 2566 2057 2636 θηρίον,

480 2651 582 2706 καί
608 2654 863 2721 φοϐερὸν
882 2654 1186 2723 περισσῶς
1204 2672 1218 2686 ·
1252 2658 1307 2710 οί
1330 2656 1571 2724 ὀδόντες
1589 2657 1776 2713 αὑτοῦ
1801 2658 2056 2729 σιδηροῖ,

476 2746 538 2801 ol
578 2744 795 2815 ὄνυχες
844 2746 1032 2801 αὑτοῦ
1071 2748 1316 2818 χαλκοῖο
1352 2749 1562 2806 ἐσθίον
1588 2749 1689 2804 καί
1733 2749 2058 2819 λεπτῦνον,

483 2836 582 2892 καί
628 2837 705 2893 τὰ
745 2838 1028 2895 ἐπίλοιπα
1076 2841 1203 2907 τοῖς
1248 2842 1434 2898 ποσίν
1479 2844 1666 2899 αὐτοῦ
1711 2845 2054 2902 συνεπάτει.

483 2927 591 2983 Kal
617 2929 749 2997 περὶ
776 2930 897 2984 τῶν
918 2930 1180 3001 κεράτων
1205 2934 1393 2988 αὑτοῦ
1418 2933 1541 2990 τῶν
1563 2934 1727 2999 δέκα,
1752 2935 1873 2991 τῶν
1888 2936 1960 2991 ἐν
1982 2935 2059 3008 τῇ

482 3018 719 3090 κεφαλῇ
753 3021 961 3085 αὑτοῦ,
1002 3022 1100 3077 καί
1136 3021 1246 3079 τοῦ
1294 3024 1497 3094 ἐτέρου
1545 3025 1653 3081 τοῦ
1704 3026 2057 3095 ἀναϐάντος,

481 3111 580 3166 καὶ
624 3111 1047 3183 έκιῑνάξαντος
1069 3116 1189 3171 τῶν
1216 3118 1517 3188 προτέρων
1543 3120 1675 3189 τρία
1697 3136 1711 3152 ⁸
1739 3121 1839 3177 καί
1871 3124 1941 3176 τὸ
1962 3122 2059 3177 κέ-

473 3220 592 3270 ρας
614 3200 830 3267 ἐκεῖνο,
856 3198 907 3273 ᾧ
938 3207 1229 3279 ὀφθαλμοί
1256 3209 1437 3278 αὐτῷ,
1463 3210 1562 3265 καί
1596 3214 1791 3283 στόμα
1824 3215 2061 3269 λαλοῦν

476 3294 731 3364 μεγάλα,
759 3298 858 3352 καὶ
893 3298 933 3366 ή
963 3299 1173 3368 ὅρασις
1202 3302 1388 3356 αὑτοῦ
1411 3302 1624 3373 μείζων
1662 3304 1779 3359 τῶν
1809 3305 2055 3361 λοιπῶν.

494 3387 830 3457 Ἐθεώρουν,
860 3390 957 3444 καὶ
989 3390 1062 3446 τὸ
1101 3391 1278 3461 κέρας
1321 3394 1516 3449 έκεῖνο
1552 3396 1741 3451 ἐποίει
1790 3399 2061 3467 πόλεμον

476 3479 627 3548 μετά
648 3480 766 3534 τῶν
794 3482 996 3551 άγίων,
1032 3484 1129 3538 καὶ
1160 3486 1382 3555 ἵσχυσε
1409 3488 1558 3556 πρὸς
1583 3488 1823 3555 αὐτοὺς,
1854 3489 1964 3555 ἕως
1985 3484 2057 3546 οὗ

480 3567 669 3643 ἦλθεν
700 3575 733 3627 ό
764 3574 1025 3641 Παλαιὸς
1052 3574 1171 3629 τῶν
1200 3578 1450 3647 ἡμερῶν,
1486 3580 1583 3633 καί
1624 3580 1689 3634 τὸ
1715 3580 1891 3650 κρῖμα
1917 3581 2059 3636 ἔδω-

480 3682 589 3741 κεν
615 3666 821 3741 ἁγίοις
846 3667 1160 3741 Ὑψίστου·
1196 3671 1294 3724 καὶ
1339 3674 1372 3725 ὁ
1409 3671 1623 3739 ’καιρὸς
1661 3673 1907 3741 ἔφθασε,
1959 3673 2057 3728 καὶ

481 3735 599 3803 τὴν
636 3735 964 3801 ,ϐασιλείαν
992 3738 1295 3809 κατέσχον
1335 3745 1389 3795 οί
1417 3735 1732 3812 (minimi:
1765 3740 1934 3798 εἶπεν
1961 3744 2061 3799 οὒ-

480 3838 623 3892 τως·
673 3827 743 3881 Τὸ
791 3827 999 3895 θηρίον
1042 3827 1110 3882 τὸ
1152 3828 1434 3900 τέταρτον
1474 3832 1766 3896 ,βασιλεία
1811 3832 2057 3903 τετάρτη

479 3918 649 3971 ἔσται
675 3917 747 3970 ἐν
780 3916 855 3987 τῇ
896 3918 992 3988 γῇ,
1022 3918 1155 3987 ἥτις
1182 3921 1456 3990 ὑπερέξει
1488 3920 1691 3990 πάσας
1731 3925 1841 3991 τὰς
1873 3925 2060 3990 ,βασι-

480 4008 670 4074 λείας,
700 4007 798 4063 καὶ
826 4007 1225 4081 καταφάγεται
1251 4009 1459 4067 πᾶσαν
1475 4013 1589 4082 τὴν
1614 4013 1752 4085 γῆν,
1781 4015 1878 4070 καί
1905 4030 2061 4087 συμ-

480 4105 737 4174 πατήσει
781 4107 997 4177 αὐτὴν.
1045 4110 1144 4165 καί
1189 4112 1514 4181 κατακόψει
1564 4112 1779 4179 αὑτήν.
1831 4113 1942 4167 Kal
1987 4113 2061 4168 τὰ

480 4197 869 4267 δέκα’κέριιτα
890 4199 1075 4255 αὑτοῦ
1098 4199 1244 4255 δέκα
1260 4199 1545 4268 βασιλεῖς
1569 4202 2022 4271 ἀναστήσονται
2039 4220 2055 4235 ο

481 4288 579 4343 καὶ
621 4289 811 4344 ὀπίσω
842 4290 1041 4344 αὐτῶν
1071 4291 1479 4360 ἀναστήσεται
1516 4292 1735 4363 ἔτερος,
1770 4294 1838 4360 ὃς
1873 4297 2058 4362 ὑπερ-

481 4382 634 4436 οίσει
670 4381 877 4448 κακοῖς
915 4382 1148 4449 πάντας
1190 4383 1331 4450 τοὺς
1362 4384 1721 4454 ἔμπροσθεν,
1761 4385 1859 4439 καὶ
1903 4385 2061 4455 τρεῖς

477 4472 758 4540 ,ϐασιλεῖς
789 4474 1162 4529 ταπεινώσει.
1187 4476 1297 4529 Kal
1327 4478 1549 4546 λόγους
1575 4475 1726 4546 πρὸς
1761 4476 1869 4532 τὸν
1889 4478 2058 4548 ’Ὑψι-

482 4576 633 4615 ator
655 4560 935 4629 λαλήσει,
968 4562 1066 4615 καὶ
1094 4561 1236 4628 τοὺς
1260 4563 1469 4632 ἁγίους
1499 4565 1781 4634 Ὑψίστου
1802 4567 2060 4622 παλαιῶ-

481 4666 598 4717 σει,
633 4651 733 4708 καὶ
765 4651 1098 4720 ὑπονοήσει
1146 4653 1253 4709 τοῦ
1299 4654 1629 4710 ἀλλοιῶσαι
1673 4657 1917 4725 καιροὺς
1960 4659 2062 4714 καί

481 4746 670 4815 νόμον
686 4758 702 4773 '
722 4744 822 4800 καὶ
844 4744 1161 4812 δοθήσεται
1185 4745 1256 4799 ἐν
1279 4744 1430 4816 χειρί
1456 4746 1643 4801 αὑτοῦ
1663 4746 1775 4813 ἕως
1793 4747 1999 4816 καιροῦ
2018 4751 2057 4800 ⁸.

484 4834 589 4889 Kal
612 4834 681 4891 τὸ
712 4835 1014 4906 κριτήριον
1046 4836 1288 4890 ἐκάθισε
1307 4853 1320 4868 ·
1352 4835 1453 4891 καί
1488 4835 1603 4905 τὴν
1634 4837 1833 4907 ἀρχὴν
1873 4837 2060 4893 αὑτοῦ

477 4926 956 4996 μεταστήσουσι,
1004 4926 1112 4982 τοῦ
1160 4926 1451 4997 ἀφανίσαι
1480 4926 1579 4982 καί
1618 4927 1915 4983 ἀπολέσαι
1947 4930 2061 4997 ἕως

481 5014 717 5082 τέλους.
745 5017 857 5073 Kal
882 5020 920 5087 ἠ
944 5018 1252 5086 βασιλεία,
1280 5018 1379 5073 καί
1410 5020 1449 5088 ἡ
1479 5019 1753 5086 ἐξουσία,
1778 5020 1876 5076 καί
1899 5023 1938 5090 ιή
1954 5038 2060 5091 με·

486 5107 803 5176 γιιλωσύνη
844 5107 965 5163 τῶν
1003 5110 1317 5173 ,βασιλέων
1357 5109 1478 5164 τῶν
1514 5110 1793 5167 ὑποκάτω
1832 5112 2060 5180 παντὸς

480 5198 588 5255 τοῦ
612 5198 872 5268 οὐρανοῦ
902 5199 1078 5269 ἐδόθη
1106 5201 1299 5272 ἁγίοις
1330 5202 1612 5273 Ὑψίστου
1631 5219 1648 5236 ⁶
1686 5206 1784 5259 καὶ
1818 5208 1855 5274 η
1878 5207 2060 5271 ,ϐασι-

481 5293 616 5348 λεία
645 5292 853 5358 αὑτοῦ,
882 5293 1174 5359 ,βασιλεία
1203 5292 1440 5362 αίώνιος
1457 5314 1471 5328 ο
1500 5297 1599 5351 καὶ
1642 5296 1832 5353 πᾶσαι
1861 5302 1920 5352 al
1953 5299 2057 5367 ἀρ·⁹
2095 5364 2099 5368 _

483 5384 582 5456 καί
620 5385 781 5453 αὑτῷ
821 5385 1228 5443 δουλεύσουσι
1276 5388 1373 5443 καὶ
1413 5392 1884 5447 ὑπακούσονται.
1908 5393 2059 5457 Ἕως

540 5691 569 5723 ⁸
607 5688 811 5764 kasa
826 5693 943 5738 sunt
964 5702 1108 5739 voces
1126 5693 1506 5754 sequentes,mi
1530 5695 1725 5759 καιρῶν,
1736 5694 1819 5744 καί
1838 5712 1890 5757 γε
1913 5697 2062 5759 ἥμισυ

485 5766 670 5813 καιρον,

1168 332 1227 391 S.
1266 330 1546 388 JOANNIS
1582 324 2071 385 CHRYSOSTOMI
2110 324 2430 386 ARCIIIEP.
2471 330 3018 389 CONSTANTINOP.

3635 335 3743 392 εει

2164 436 2280 498 ὧδε
2312 445 2379 499 τό
2406 446 2591 515 πέρας
2615 446 2723 501 τοῦ
2749 449 2955 517 λόγου.
2973 447 3121 518 Ἐγὼ
3150 447 3401 518 Δανιήλ·
3444 449 3496 501 οι
3544 446 3744 503 διαλο-

2161 535 2364 605 γισμοί
2392 553 2512 606 μου
2547 535 2645 590 ἐπὶ
2678 536 2890 591 πλεῖον
2932 536 3397 607 συνετάρασσόν
3436 552 3536 606 με,
3569 534 3668 589 καὶ
3701 537 3740 606 ἡ

2155 627 2356 698 μορφή
2381 645 2500 699 μου
2537 628 2856 696 ἠλλοιώθη,
2883 629 2981 683 καὶ
3017 629 3083 683 τὸ
3114 629 3284 700 ῥῆμα
3323 629 3394 684 ἐν
3424 626 3501 698 τῇ
3529 627 3743 696 καρδίᾳ

2156 740 2275 791 μου
2319 720 2723 792 συνετήρησα.
2754 723 2863 776 Kal
2889 721 3033 787 τίνος
3057 723 3243 778 ἕνεκεν
3290 724 3391 777 οὐκ
3435 718 3607 787 εῖπες,
3647 722 3743 776 ἀνι

2161 814 2378 886 θρωπε;
2417 816 2539 869 Ὀτι
2564 815 2715 870 οὐδὲν
2746 815 2882 886 πρὸς
2910 816 3195 881 Ἰουδαίους
3218 813 3288 889 ἦν
3307 833 3321 846 ’
3355 816 3492 871 ἀλλὰ
3520 806 3744 871 τούναν-

2158 906 2271 959 τίον
2300 908 2356 960 ὲν
2385 906 2483 977 μὲν
2510 908 2622 972 τοῖς
2654 906 2860 978 ῥήμασι
2888 907 2977 961 διὰ
3020 908 3118 980 τῆς
3146 908 3413 979 ἀσαφείας
3443 906 3584 962 αὐτὰ
3612 923 3743 963 συν-

2158 996 2479 1064 εκάλυπτεν,
2507 998 2565 1052 ἐν
2588 996 2645 1051 δὲ
2673 997 2752 1070 τῷ
2776 1000 3027 1072 προφήτῃ
3046 1000 3239 1071 συνετὴ
3247 1017 3413 1073 ρησεν
3438 1001 3496 1052 ὲν
3514 1002 3578 1071 τῇ
3600 1015 3740 1069 καρ-

2158 1088 2266 1160 δίᾳ.
2298 1090 2408 1144 Kal
2435 1090 2542 1159 γὰρ
2575 1091 2710 1163 πρὸς
2750 1090 2828 1162 τῷ
2868 1091 3007 1145 τέλει
3042 1092 3235 1163 φησίν
3279 1091 3435 1148 Ἰδοὺ
3481 1094 3536 1145 οι
3566 1092 3737 1161 λόγοι

2159 1181 2651 1253 ἐσφραγισμένοι·
2685 1182 2784 1238 καὶ
2818 1184 3109 1247 βούλεται
3155 1184 3377 1249 αὐτοὺς
3406 1182 3556 1256 [242]
3584 1183 3739 1236 ἀσα-

2158 1272 2292 1342 φεῖς
2318 1268 2492 1328 εἶναι.
2518 1273 2690 1330 Τοῦτο
2722 1278 2865 1329 ποιεῖ
2890 1275 2985 1330 καὶ
3005 1276 3165 1341 αὐτὸς
3191 1275 3281 1331 διὰ
3307 1275 3629 1348 παραϐολῶν
3655 1274 3741 1329 λέ-

2158 1366 2443 1439 γων.Ὄρα
2470 1366 2744 1438 πανταχοῦ
2789 1367 2908 1432 πῶς
2937 1367 3037 1440 τὴν
3075 1368 3352 1439 βασιλείαν
3382 1369 3618 1441 ἐπαίρει,
3648 1369 3740 1423 ἴνα

2162 1458 2327 1529 μηδὲν
2354 1458 2689 1531 ἀνθρώπινον
2712 1460 3079 1535 ὑποπτεύσῃς.
3103 1462 3166 1515 El
3191 1462 3300 1534 γὰρ
3320 1462 3415 1516 καὶ
3436 1463 3617 1516 πᾶσαν
3636 1462 3738 1533 τὴν

2158 1549 2264 1619 γῆν
2306 1552 2571 1620 κατέσχον
2616 1552 2667 1605 ol
2715 1551 3010 1625 ἄνθρωποι,
3054 1553 3294 1608 ἀλλὀὐκ
3343 1553 3451 1620 ἀεὶ,
3492 1553 3611 1608 οὐδὲ
3655 1554 3737 1618 είς

2158 1642 2383 1714 ἄπειρον
2426 1643 2615 1698 αίῶνα.
2647 1646 2756 1699 Kal
2792 1647 2867 1717 μή
2904 1663 2995 1718 μοι
3019 1646 3223 1716 λεγέτω
3266 1664 3370 1713 τις,
3400 1647 3484 1701 ὅτι
3529 1646 3737 1719 βραχὺν

2159 1734 2348 1805 χρόνον
2392 1734 2562 1803 λέγει.
2588 1734 2661 1789 Τὸ
2690 1736 2798 1808 γὰρ
2811 1772 2828 1799 ,
2846 1741 2928 1793 Οὐ
2964 1740 3413 1808 παρελεύσεται,
3442 1738 3497 1791 τί
3543 1741 3731 1806 ἐστ-ως

2159 1828 2302 1883 οὐδὲ
2333 1828 2489 1883 ἔθνει
2515 1827 2692 1896 ἐτέρῳ
2716 1829 3063 1897 δοθήσεται;
3111 1829 3215 1885 Καὶ
3239 1830 3340 1902 ὅρα
3367 1829 3437 1883 τὰ
3462 1829 3602 1884 κατὰ
3630 1832 3732 1884 Δα-

2163 1925 2303 1992 ρεῖον
2335 1922 2428 1976 καὶ
2470 1924 2808 1987 Μακεδόνας.
2845 1922 3002 1987 Τίνος
3031 1922 3217 1976 ἕνεκεν
3244 1921 3452 1988 ταῦτα;
3481 1921 3580 1976 Διά
3606 1921 3735 1985 τοὺς

2173 2013 2475 2079 Ἰουδαίους.
2502 2014 2601 2069 Διά
2637 2014 2795 2069 τοῦτο
2839 2015 2931 2069 καὶ
2972 2013 3316 2086 Ἀλέξανδρος
3359 2014 3734 2086 προσεκύνησε

2159 2107 2249 2163 τδν
2277 2107 2422 2173 ναὸν,
2452 2108 2529 2173 ὥς
2551 2123 2704 2178 φασι,
2732 2106 2793 2161 τὸ
2820 2107 3019 2179 βιϐλίον
3049 2108 3203 2161 τοῦτο
3232 2104 3353 2160 ἰδών
3381 2124 3394 2136 ·
3422 2106 3517 2160 καὶ
3535 2102 3733 2175 ’Έλλη-

2159 2217 2248 2265 νες
2297 2199 2613 2271 ἐθαύμασαν
2655 2198 2820 2253 αὐτοῦ
2864 2199 2962 2272 τὴν
3009 2200 3161 2270 ἰσχὺν
3206 2199 3308 2270 τῆς
3351 2199 3730 2271 προρρήσεως.

2160 2293 2296 2365 Περὶ
2317 2291 2521 2346 τούτων
2554 2292 2727 2357 οὐδεὶς
2759 2287 2931 2360 εἶπεν,
2958 2292 3073 2348 ἀλλ’
3100 2293 3133 2365 ἦ
3161 2286 3314 2358 οὗτος
3341 2292 3520 2365 μόνος.

2755 2429 3009 2483 ΚΕΦΛΛ.
3050 2430 3132 2483 Η’.

2241 2538 2344 2593 Ἐν
2367 2536 2482 2592 ἐτει
2504 2539 2677 2608 τρίτῳ
2704 2539 2815 2608 τῆς
2836 2540 3159 2607 βασιλείας
3178 2539 3498 2609 Βαλτάσαρ
3526 2537 3739 2608 ὅρασις

2159 2630 2323 2701 ὤφθη
2362 2633 2512 2702 πρός
2551 2649 2649 2702 με.
2684 2631 2799 2702 ἐγὼ
2829 2632 3075 2699 Δανιὴλ,
3106 2633 3256 2703 μετά
3295 2631 3409 2701 τὴν
3447 2633 3739 2702 ὀφθεῖσαν

2154 2742 2255 2795 μοι
2281 2724 2350 2779 ἐν
2377 2723 2452 2792 τῇ
2476 2723 2654 2793 ἀρχῇ.
2683 2724 2792 2780 Kal
2820 2722 2985 2781 εἶδον
3019 2724 3089 2780 ἐν
3119 2724 3194 2795 τῇ
3221 2724 3427 2793 ὁράσει
3450 2739 3464 2753 °
3495 2724 3593 2779 καί
3618 2725 3741 2795 ἐγέ-

2159 2832 2295 2872 νετο
2318 2816 2389 2870 ἐν
2410 2815 2489 2883 τῷ
2510 2815 2655 2871 ίδεῖν
2675 2834 2771 2888 με,
2808 2818 2906 2872 καί
2945 2817 3108 2889 ἤμην
3146 2818 3216 2872 ἐν
3243 2819 3499 2885 Σούσοις
3521 2817 3597 2887 τῇ
3617 2818 3738 2882 ,Βά-

2150 2924 2267 2976 ρει,
2292 2907 2331 2976 ἤ
2352 2908 2523 2962 ἐστιν
2550 2909 2621 2963 ἐν
2640 2908 2800 2979 χώρᾳ
2834 2910 3033 2980 Ἐλάμ.
3056 2910 3166 2966 Kal
3191 2905 3354 2991 εἶδον
3373 2910 3443 2964 ἐν
3469 2909 3736 2981 δράματι,

2159 2998 2257 3053 καὶ
2281 2998 2441 3067 ἥμην
2466 2998 2564 3053 ἐπὶ
2583 2999 2688 3054 τοῦ
2716 2999 2934 3056 Οὑϐάλ.
2958 3000 3066 3055 Kal
3086 2997 3201 3071 ἦρα
3227 3001 3368 3068 τοὺς
3396 3003 3740 3072 ὀφθαλμούς

2153 3108 2294 3162 μου,
2323 3090 2421 3145 καὶ
2448 3087 2613 3146 εἶδον
2632 3109 2644 3122 ι
2688 3090 2788 3146 καί
2831 3091 2962 3146 ίδοὺ
2990 3092 3153 3163 κριὸς
3185 3088 3276 3159 εἷς
3314 3094 3585 3162 ἑστηκὼς
3620 3094 3739 3164 πρὸ

2157 3182 2266 3238 τοῦ
2302 3183 2520 3239 Οὑϐάλ·
2539 3183 2638 3238 καὶ
2665 3181 2825 3250 αὐτῷ
2857 3184 3093 3253 κέρατα,
3118 3186 3216 3240 καί
3241 3186 3313 3240 τὰ
3339 3184 3556 3256 κέρατα
3577 3189 3741 3255 ὑψηο

2156 3273 2271 3329 λά’
2329 3274 2429 3329 καί
2471 3273 2537 3329 τὸ
2582 3273 2653 3328 ἐν
2683 3276 3061 3345 ὑψηλότερον
3102 3276 3207 3331 τοῦ
3251 3275 3480 3345 ἐτέρου,
3526 3276 3623 3330 καί
3670 3278 3739 3331 τὸ

2158 3367 2536 3435 ὑψηλότερον
2595 3364 2906 3422 ἀνέϐαινεν
2962 3366 3054 3421 ἐπ’
3083 3366 3377 3438 ἐσχάτων.
3419 3367 3529 3423 Kal
3572 3364 3742 3422 εἶδον

2158 3461 2266 3514 τὸν
2304 3460 2474 3528 κριὸν
2502 3457 2875 3530 κερατίζοντα
2910 3458 3062 3513 κατὰ
3105 3460 3446 3528 θάλασσαν,
3473 3459 3572 3513 καὶ
3591 3461 3743 3528 ,βοί-

2150 3549 2290 3619 ῥιῖν,
2317 3550 2415 3604 καὶ
2446 3549 2648 3615 νότον,
2684 3550 2785 3608 καὶ
2813 3551 2953 3605 λίϐα
2971 3567 2985 3581 ·
3028 3550 3126 3605 καὶ
3155 3551 3353 3606 πάντα
3372 3550 3444 3605 τὰ
3462 3552 3637 3620 θηρία
3665 3553 3741 3606 οὑ

2157 3643 2487 3711 στήσονται
2518 3642 2773 3698 ἐνώπιον
2798 3643 3005 3707 αὑτοῦ,
3035 3644 3132 3698 καί
3160 3646 3274 3699 οὐκ
3301 3639 3383 3715 ἦν
3405 3647 3439 3699 ό
3469 3644 3741 3713 ἐξαιρού-

2154 3752 2339 3805 μενος
2367 3734 2435 3788 ἐκ
2464 3733 2662 3803 χειρὸς
2686 3734 2872 3789 αὑτοῦ
2891 3751 2905 3767 ’
2935 3734 3034 3789 καί
3059 3734 3311 3803 ἐποίησε
3337 3736 3487 3789 κατά
3508 3734 3742 3804 θέλημα

2157 3825 2366 3889 αὑτοῦ,
2401 3826 2498 3880 καὶ
2528 3827 2922 3896 ἐμεγαλὺνθη.
2966 3825 3074 3880 Kal
3111 3826 3227 3896 ἐγὼ
3265 3825 3429 3896 ἤμην
3468 3827 3736 3881 συνιὼνο

2159 3919 2257 3975 καὶ
2301 3919 2430 3974 ἰδοὺ
2485 3918 2700 3989 τράγος
2758 3918 2942 3989 αἰγῶν
2987 3917 3205 3987 ἤρχετο
3260 3918 3380 3974 ἀπὸ
3422 3920 3591 3985 λιϐὸς
3639 3919 3739 3973 ἐπι

2159 4006 2482 4075 πρόσωπον
2507 4004 2711 4075 πάσης
2734 4004 2844 4075 τῆς
2860 4004 2970 4076 γῆς
2985 4022 3001 4038 ’
3036 4007 3133 4061 καί
3167 4009 3278 4062 οὑκ
3304 4003 3383 4079 ἦν
3408 4009 3740 4078 ἁπτόμενος

2159 4095 2270 4163 τῆς
2299 4094 2441 4166 γῆς·
2481 4095 2579 4150 καὶ
2618 4094 2700 4162 τῷ
2739 4096 2933 4168 τράγῳ
2972 4097 3182 4162 ἐκείνῳ
3220 4096 3401 4167 κέρας
3444 4098 3741 4167 θεωρητόν

2158 4185 2276 4240 ἀνὰ
2302 4185 2500 4256 μέσον
2547 4185 2667 4240 τῶν
2706 4186 3031 4258 ὀφθαλμῶν
3077 4187 3284 4244 αὑτοῦ.
3332 4188 3444 4243 Kal
3480 4183 3670 4259 ἦλθεν
3704 4192 3741 4246 ό

2158 4277 2378 4348 τράγος
2405 4277 2516 4345 ἕως
2541 4278 2650 4333 τοῦ
2682 4278 2850 4347 κριοῦ
2885 4279 2989 4335 τοῦ
3029 4281 3102 4334 τὰ
3126 4279 3343 4349 κέρατα
3374 4280 3643 4352 ἔχοντος,
3667 4282 3741 4337 ὃν

2159 4365 2323 4423 εἶδον
2365 4368 2595 4424 ἐστῶτα
2631 4368 2888 4425 ἐνώπιον
2933 4371 3039 4426 τοῦ
3087 4371 3286 4427 οὑϐάλ
3308 4388 3322 4402 ⁸
3372 4372 3471 4425 καί
3521 4373 3741 4443 έδραμε

2160 4460 2309 4529 πρὸς
2336 4460 2522 4515 αὑτὸν
2551 4461 2621 4514 ὲν
2656 4459 2802 4530 ὀργῇ
2820 4472 2845 4502 ι
2878 4460 2986 4529 τῆς
3016 4463 3229 4531 ισχύος
3251 4462 3459 4519 αὑτοῦ.
3504 4464 3613 4517 Kal
3655 4462 3740 4518 εί-

2160 4550 2269 4606 δον
2283 4550 2469 4605 αὐτὸν
2486 4550 2802 4620 φθάσαντα
2821 4550 2930 4618 ἕως
2952 4552 3056 4607 τοῦ
3076 4552 3267 4622 κριοῦ,
3292 4552 3389 4607 καὶ
3410 4552 3738 4624 ἐξηγριώθη

2160 4643 2310 4713 πρὸς
2334 4643 2539 4708 αὑτὸν,
2569 4642 2666 4697 καὶ
2686 4643 2897 4698 ἔπαισε
2918 4643 3024 4698 τὸν
3042 4645 3229 4714 κριόν,
3255 4645 3353 4699 καί
3376 4646 3740 4716 συνέτριψεν

2159 4737 2463 4807 ἀμφότερα
2486 4735 2559 4790 τὰ
2597 4735 2813 4804 κέρατα
2836 4736 3048 4791 αὐτοῦ’
3077 4736 3173 4792 καί
3197 4740 3307 4792 οὐκ
3337 4734 3415 4808 ἦν
3447 4739 3627 4807 ίσχὺς
3658 4739 3740 4806 τῷ

2162 4826 2303 4896 κριῷ
2333 4826 2438 4881 τοῦ
2466 4824 2685 4897 στῆναι
2702 4825 2957 4882 ἐνώπιον
2986 4829 3190 4884 αὑτοῦ.
3221 4829 3331 4883 Kal
3362 4830 3610 4899 ἔρριψεν
3631 4833 3740 4885 αὑ-

2161 4917 2269 4972 τὸν
2299 4916 2395 4971 ἐπὶ
2434 4916 2549 4985 τὴν
2590 4917 2727 4990 γῆν.
2776 4918 2877 4973 καί
2917 4920 3346 4988 συνεπάτησεν
3382 4923 3588 4985 αὑτὸν,
3641 4922 3741 4976 καί

2161 5008 2272 5062 οὐκ
2303 5003 2380 5077 ἦν
2408 5009 2440 5061 ὀ
2466 5006 2885 5077 ἐξαιρούμενος
2904 5008 3010 5062 τὸν
3030 5011 3199 5076 κριὸν
3218 5009 3287 5062 ἐκ
3310 5009 3510 5077 χειρὸς
3527 5009 3737 5063 αὑτοῦ.

2161 5095 2270 5151 Kal
2293 5098 2326 5151 ό
2360 5095 2571 5165 τράγος
2598 5094 2716 5150 τῶν
2744 5094 2929 5166 αἰγῶν
2951 5094 3326 5166 ἐμεγαλύνθη
3350 5097 3459 5165 ἕως
3480 5097 3737 5168 σφόδρα.

2160 5184 2271 5242 Kal
2312 5187 2382 5239 ἐν
2422 5185 2500 5253 τῷ
2539 5187 2791 5257 ίσχῦσαι
2833 5187 3038 5254 αὑτὸν,
3085 5189 3410 5258 συνετρίϐη
3451 5189 3519 5243 τὸ
3561 5189 3742 5259 κέρας

2160 5278 2347 5331 αὑτοῦ
2379 5277 2442 5331 τὸ
2468 5277 2622 5347 μέγα
2641 5295 2653 5307 ’
2687 5278 2785 5332 καὶ
2826 5279 3010 5347 ἀνέϐη
3041 5279 3308 5349 τέσσαρα
3342 5280 3563 5349 κέρατα
3589 5281 3741 5335 ὑπο-

2163 5371 2426 5425 κάτωθεν
2466 5370 2653 5426 αῠτοῦ
2699 5374 2787 5439 είς
2819 5371 2962 5440 τοὺς
2994 5373 3294 5442 τέσσαρας
3332 5372 3592 5445 ἀνέμους
3632 5371 3742 5427 τοῦ

2229 5635 2255 5666 ⁸
2282 5635 2350 5685 Ita
2371 5636 2419 5684 in
2440 5634 2661 5684 Hebraeo
2688 5635 2751 5683 At
2775 5649 2901 5684 nunc
2926 5638 2973 5685 in
3001 5634 3331 5688 Theodotione
3366 5650 3423 5689 ac
3444 5640 3493 5689 in
3517 5637 3748 5688 Theodo»

2166 5704 2276 5746 telo
2299 5695 2507 5760 legimus
2524 5701 2663 5760 ὁρμῇ.
2694 5697 3003 5760 Ρτεψιρηιετ
3023 5713 3085 5750 ex
3110 5702 3221 5751 istis
3239 5701 3430 5751 duobus
3464 5699 3743 5750 nominibus

2170 5772 2319 5808 unum
2341 5772 2428 5821 pro
2449 5758 2543 5809 alio
2557 5757 2777 5810 ictibum
2799 5757 2998 5811 librarii.
