4038 6204
252 301 355 364 :33

249 421 510 495 siquidem
538 423 592 477 in
620 422 684 477 iis
712 422 875 476 venit.
909 419 975 475 Et
999 418 1073 475 illi
1103 415 1298 474 detaut:
1326 428 1401 475 est
1428 417 1605 472 Itonor.
1652 414 1822 481 Quem

250 515 477 571 habebat
504 513 727 570 scilicet.
752 513 817 567 Et
842 513 1035 584 populi,
1060 510 1237 591 tribus,
1263 510 1450 581 lingua:
1473 509 1569 580 ipsi
1590 508 1821 562 sentient.

248 604 609 676 Principatum
650 604 846 660 etenim
878 604 1106 660 habebat
1146 602 1301 657 antea
1324 641 1341 668 ,
1372 610 1498 656 tunc
1520 614 1649 655 vero
1676 599 1825 654 illum

245 697 418 768 ipsum
445 708 606 767 quem
634 695 906 752 obtinebat
931 694 1151 765 accepit.
1180 690 1309 748 Nam
1336 693 1473 748 'sicut
1493 693 1546 746 in
1571 691 1726 746 Patre
1747 691 1829 746 in-

245 788 438 859 telligis
463 788 706 859 capillos,
735 798 787 844 et
814 787 1012 857 reliqua
1041 804 1054 839 :
1078 780 1154 841 ita
1180 794 1235 841 et
1260 783 1403 841 istud
1431 783 1822 853 accipiendum.

242 878 376 933 Cum
396 887 579 934 autem
608 878 789 945 audis,
821 876 1010 932 Datum
1036 885 1138 943 est,
1161 883 1225 931 ’et
1242 876 1351 931 alia
1382 876 1431 930 id
1461 888 1629 945 genus
1649 916 1663 940 ,
1694 874 1826 929 nihil

240 969 536 1024 humanum
564 968 873 1039 suspiceris,
904 982 1003 1024 nec
1028 968 1226 1023 humile
1250 967 1316 1022 de
1335 964 1488 1021 Filio.
1508 966 1659 1022 Sicut
1682 964 1822 1021 enim

240 1061 431 1115 videns
455 1070 579 1115 eum
607 1061 698 1130 qui
736 1060 910 1115 senuit
929 1100 944 1122 ,
977 1060 1083 1114 nan
1121 1074 1305 1115 senem
1334 1058 1607 1114 arbitraris
1631 1077 1645 1113 :
1676 1059 1745 1114 ita
1772 1068 1826 1114 et

238 1161 460 1206 cetera.
483 1150 599 1205 Noli
619 1152 816 1221 quippe
837 1151 1263 1221 perspicuitatem
1284 1149 1343 1204 in
1365 1149 1654 1220 prophetiis
1675 1166 1821 1221 qua:—

240 1256 364 1295 rere
389 1282 405 1305 ,
435 1240 525 1295 ubi
555 1241 758 1295 umbra:
786 1250 909 1294 sunt
930 1247 996 1295 ac
1020 1241 1302 1310 mnigmata
1332 1257 1345 1293 :
1377 1240 1825 1310 quemadmodum

241 1333 295 1386 in
323 1332 536 1402 fulgure
558 1348 664 1385 non
690 1327 927 1402 exquiris
948 1331 1129 1386 iumen
1156 1332 1485 1401 perpetuum,
1514 1331 1606 1386 sed
1633 1332 1827 1386 sufficit

238 1424 282 1475 si
311 1422 477 1477 modo
502 1420 774 1493 appareat.
806 1424 893 1478 i5.
933 1420 1140 1476 Horruit
1166 1422 1373 1491 spiritus
1401 1438 1539 1476 meus
1559 1465 1573 1488 ,
1603 1438 1692 1494 ego
1721 1417 1824 1475 Da-

234 1513 340 1567 niel
368 1513 422 1567 in
445 1514 620 1567 habita
646 1526 754 1567 meo
776 1530 795 1566 :
810 1523 862 1567 et
880 1513 1096 1567 uisiones
1110 1511 1298 1582 capitis
1318 1513 1413 1565 mai
1434 1511 1705 1566 turbabant
1724 1528 1820 1566 me.

238 1602 432 1658 Merito
477 1603 580 1658 sub
615 1613 834 1673 aspectu
870 1614 1060 1658 eorum
1090 1614 1208 1672 qua:
1234 1602 1500 1658 videntur.
1535 1604 1742 1658 Patrem
1764 1606 1824 1660 et

236 1695 437 1750 Filium
484 1695 583 1750 iste
609 1704 665 1751 et
707 1695 909 1765 primus
933 1704 985 1749 et
1013 1695 1161 1748 solus
1185 1735 1201 1759 ,
1249 1702 1305 1748 ut
1348 1694 1401 1747 itt
1428 1693 1821 1766 visi‘o‘ne,videt.

235 1787 376 1857 Quid
399 1786 469 1843 ad
496 1787 605 1843 hoc
644 1787 1000 1857 respondeant
1026 1785 1240 1842 iudici?
1283 1784 1416 1841 Cum
1442 1785 1584 1842 enim
1617 1786 1822 1841 Domini

238 1877 506 1935 adventus
542 1877 797 1947 deinceps
838 1879 1057 1949 propior
1094 1876 1301 1933 iuturus
1333 1886 1509 1944 esset,
1540 1878 1733 1933 merito
1764 1876 1823 1934 ei

238 1973 477 2027 visiones
501 1971 773 2027 mirabiles
790 1980 1067 2042 apparent.
1098 1972 1182 2027 i6.
1208 1982 1233 2023 ἀ
1263 1972 1547 2026 Etaccessi
1571 1972 1636 2028 ad
1660 1972 1821 2028 unum

232 2064 623 2131 assistentium,
651 2074 706 2119 et
735 2064 1010 2119 veritatem
1039 2062 1107 2120 de
1139 2064 1221 2118 his
1244 2064 1492 2119 omnibus
1520 2065 1821 2136 quaerebam
1890 2112 1909 2126 .

238 2154 304 2208 ab
327 2168 396 2209 eo
424 2154 653 2210 discere.
684 2154 754 2210 Et
778 2154 913 2209 dixit
942 2153 1072 2209 mihi
1098 2155 1371 2209 veritatem
1391 2195 1407 2221 ,
1434 2165 1488 2211 et
1512 2159 1820 2212 se’rmotmm

235 2244 731 2315 interpretationem
756 2244 1009 2301 indicavit
1032 2245 1183 2301 mihi.
1213 2260 1234 2297 ι
1262 2246 1555 2317 interrogat
1577 2245 1821 2318 quaenam

118 2374 127 2381 ι
229 2335 455 2392 tandem
485 2346 669 2394 essent
692 2339 824 2408 ‘quae
859 2337 1187 2409 apparebant
1215 2356 1229 2393 :
1256 2348 1309 2395 et
1333 2338 1587 2395 edocetur
1612 2340 1681 2397 de
1706 2342 1821 2397 An-

232 2426 482 2481 tichristo
504 2468 520 2492 ,
571 2436 626 2483 et
653 2427 812 2483 discit
845 2428 1068 2499 regnum
1096 2429 1238 2500 quod
1269 2444 1373 2485 non
1417 2420 1577 2487 habet
1634 2431 1820 2489 linem.

232 2519 319 2573 i7.
352 2537 372 2571 t
408 2519 539 2585 Hae,
576 2538 603 2575 ι
635 2520 834 2592 inquit,
871 2540 892 2575 ι
923 2517 1106 2578 bestiae
1135 2534 1369 2593 magnae,
1402 2522 1630 2593 quatuor
1657 2529 1820 2595 regna

229 2624 579 2684 constt-gent.
599 2614 688 2670 18.
712 2614 781 2670 Ει
796 2615 968 2672 sancti
989 2614 1244 2671 Aitissimi
1266 2616 1557 2686 suscipient
1571 2621 1814 2688 regnum,

228 2714 284 2760 et
322 2705 646 2761 obtinebunt
678 2706 807 2762 illud
840 2706 1012 2778 usque
1047 2708 1102 2763 in
1146 2708 1425 2777 sacculum,
1461 2710 1521 2764 et
1562 2724 1728 2780 usque
1765 2710 1817 2765 in

228 2797 487 2853 szecuium
522 2797 861 2853 saeuiorum.
894 2798 982 2855 i9.
1026 2800 1091 2854 Et
1117 2798 1420 2870 quaerebam
1446 2799 1728 2872 diligenter
1755 2801 1820 2857 de

230 2890 399 2947 bestia
434 2898 624 2962 quarta
646 2932 663 2959 ,
695 2893 816 2964 quia
844 2900 963 2948 erat
996 2892 1208 2949 diversa
1246 2894 1317 2949 ab
1355 2895 1500 2950 omni
1527 2882 1691 2950 bestia
1717 2937 1732 2961 ,
1764 2899 1819 2951 et

228 2982 487 3038 terribilis
532 2982 689 3039 valde
733 3000 749 3038 :
795 2984 984 3040 dentes
1034 2984 1152 3054 ejus
1199 2983 1353 3041 ferrei
1382 3026 1396 3051 ,
1453 2983 1656 3056 ungues
1702 2986 1819 3056 ejus

228 3073 365 3128 aenei
397 3090 413 3127 :
445 3073 739 3130 comedens
762 3084 816 3130 et
840 3076 1210 3130 comminuens
1234 3117 1248 3142 ,
1278 3082 1331 3130 et
1359 3076 1558 3147 reliqua
1590 3072 1814 3148 pedibus

228 3165 339 3220 suis
377 3164 749 3220 conc'uicabat.
796 3165 887 3222 20.
931 3165 1000 3221 Et
1041 3165 1109 3221 de
1134 3165 1385 3221 cornibus
1427 3166 1543 3237 ejus
1585 3166 1770 3224 decem
1794 3208 1812 3235 ,

227 3271 343 3326 qute
374 3256 432 3311 in
461 3256 639 3326 capite
663 3256 837 3324 illius;
861 3256 1008 3314 etde
1026 3246 1136 3313 alio
1159 3298 1175 3323 ,
1206 3256 1349 3329 quod
1378 3257 1731 3327 ascenderat,
1759 3267 1815 3315 et

228 3345 799 3417 excusseratpriorum
829 3349 930 3404 tria
958 3365 972 3402 :
1001 3358 1056 3405 et
1081 3362 1247 3405 cornu
1271 3388 1287 3414 ,
1326 3349 1411 3404 cui
1446 3357 1601 3405 erant
1640 3348 1811 3417 oculi,

229 3444 282 3490 et
298 3450 362 3492 os
385 3437 612 3507 loquens
637 3438 877 3509 grandia,
904 3438 959 3493 et
979 3440 1228 3509 aspectus
1250 3438 1367 3509 ejus
1392 3439 1563 3510 major
1581 3440 1810 3496 etete‘ris.

228 3525 315 3583 2i.
337 3528 678 3598 Aspiciebam
699 3569 716 3596 ,
745 3536 801 3584 et
835 3544 1002 3585 cornu
1041 3530 1171 3586 illud
1209 3530 1436 3586 iaciebat
1461 3531 1658 3587 bellum
1688 3547 1810 3588 cum

228 3620 463 3686 sanctis,
495 3627 554 3674 et
595 3620 871 3690 praevaluit
909 3621 1166 3677 adversus
1207 3636 1321 3689 eos,
1350 3621 1441 3676 22.
1471 3621 1641 3679 donec
1664 3625 1811 3679 venit

226 3709 478 3779 antiquus
501 3709 734 3778 dierum,
762 3720 815 3767 et
839 3710 1096 3782 judicium
1123 3711 1269 3767 dedit
1292 3712 1491 3767 sanctis
1510 3712 1767 3770 Altissimi
1792 3731 1806 3766 :

226 3811 278 3856 et
306 3811 523 3873 tempus
550 3802 789 3871 advenit,
821 3812 876 3858 et
901 3817 1129 3874 regnum
1155 3803 1495 3859 obtinuerunt
1522 3804 1712 3860 sancti.
1745 3805 1811 3860 Et

228 3891 358 3949 dixit
390 3895 476 3950 sic
503 3912 520 3948 :
546 3894 638 3952 23.
668 3894 844 3951 Bestia
883 3904 1072 3967 quarta
1100 3908 1321 3967 regnum
1350 3898 1599 3967 quartum
1625 3898 1726 3953 erit
1756 3898 1807 3953 in

228 3993 405 4051 terra,
456 3984 603 4056 quod
645 3986 917 4057 superabit
961 3987 1138 4041 omnia
1183 4002 1379 4058 regna,
1434 3995 1490 4043 et
1534 3986 1810 4044 devorabit

229 4091 439 4133 omnem
466 4085 690 4145 terram,
715 4082 768 4134 et
786 4079 1120 4135 conculcabit
1145 4092 1286 4148 eam,
1319 4090 1371 4135 et
1398 4080 1643 4137 concidet
1665 4097 1805 4138 eam.

227 4167 313 4226 ιι.
343 4171 415 4226 Et
439 4170 630 4227 decem
656 4186 853 4227 cornua
881 4172 1045 4244 ipsius
1068 4173 1254 4228 decem
1282 4189 1435 4244 reges
1454 4183 1806 4245 consurgent;

228 4272 283 4317 et
298 4272 422 4334 post
438 4278 537 4319 eos
555 4273 841 4335 consurget
858 4265 1016 4331 alius,
1041 4265 1130 4335 qui
1156 4265 1430 4335 superabit
1449 4266 1604 4321 malis
1623 4280 1809 4323 omnes

231 4356 466 4425 priores,
497 4363 556 4410 et
595 4363 707 4411 tres
745 4360 901 4426 reges
938 4352 1255 4412 humiliabit.
1295 4356 1388 4412 25.
1436 4356 1504 4412 Et
1531 4372 1809 4414 sermones

232 4456 410 4503 eoum
438 4448 773 4503 Altissimum
803 4449 1051 4519 loquetur
1072 4490 1087 4511 ,
1118 4454 1174 4504 et
1199 4456 1413 4504 sanctos
1440 4449 1696 4504 Altissimi
1723 4450 1808 4505 in-

235 4539 488 4595 veterabit
508 4578 527 4605 ,
558 4542 617 4595 et
648 4540 902 4610 cogitabit
932 4546 1139 4595 mutare
1170 4542 1408 4610 tempora
1439 4548 1493 4595 et
1521 4540 1723 4611 legem;
1756 4546 1811 4595 et

235 4627 469 4685 tradetur
508 4629 563 4683 iu
594 4645 753 4685 manu
782 4630 901 4701 ejus
928 4638 1095 4700 utique
1134 4630 1199 4686 ad
1234 4641 1444 4702 tempus
1480 4630 1576 4702 (α).
1618 4631 1708 4687 26.
1741 4630 1810 4687 Et

238 4717 486 4786 judicium
520 4722 691 4788 sedit;
730 4732 785 4778 et
819 4722 1171 4794 principatum
1208 4724 1326 4793 ejus
1362 4722 1711 4790 transferent,
1751 4734 1811 4781 ut

238 4808 436 4867 videant
453 4820 510 4868 et
541 4812 854 4883 disperdant
878 4828 1047 4884 usque
1065 4815 1119 4870 in
1142 4814 1323 4871 linem.
1350 4815 1439 4870 27.
1470 4816 1535 4871 Et
1556 4832 1805 4889 regnum,

238 4910 287 4956 et
311 4912 568 4973 potestas,
591 4914 646 4960 et
671 4906 978 4977 magnitudo
1000 4918 1182 4979 regum
1206 4905 1299 4978 qui
1320 4906 1505 4964 subter
1522 4923 1680 4964 omne
1704 4924 1811 4964 cte-

240 4990 354 5061 lII,
385 4994 508 5052 data
536 5006 664 5053 sunt
685 4999 884 5055 aattctis
909 4999 1168 5056 Altissimi
1196 5017 1210 5053 :
1233 5010 1288 5055 et
1313 5015 1534 5070 regnum
1561 5001 1695 5071 ejus,
1722 5017 1808 5058 re-

239 5096 387 5151 num
430 5089 818 5159 sempiternum
846 5107 860 5143 :
891 5096 946 5144 et
983 5101 1171 5145 omnes
1212 5090 1539 5160 principatus
1578 5093 1811 5150 servient

242 5171 333 5240 ἱοά
356 5191 417 5233 ac
440 5177 716 5234 obedient.
751 5179 843 5235 9.8.
872 5179 988 5235 iluc
1015 5195 1183 5252 usque
1211 5181 1331 5236 linis
1363 5182 1527 5237 verbi.
1563 5181 1674 5255 Ego
1706 5185 1806 5240 Da-

246 5262 339 5320 niel
364 5281 380 5321 :
403 5268 753 5339 cogitationes
781 5285 915 5324 mese
949 5272 1172 5325 multum
1203 5271 1658 5330 conturbaverunt
1682 5290 1768 5331 me
1790 5282 1837 5345 ,‘

247 5360 294 5405 et
324 5354 484 5412 iortna
515 5374 636 5416 mea
674 5364 875 5415 mutata
915 5370 998 5417 est
1031 5375 1047 5415 :
1074 5371 1129 5417 et
1156 5363 1375 5419 verbum
1417 5364 1470 5420 in
1499 5366 1661 5423 conde
1688 5384 1809 5424 meo

246 5450 562 5506 Mvavi.
598 5469 620 5505 ι
650 5450 720 5506 Et
755 5464 924 5523 quare
950 5453 1170 5508 verbum
1212 5455 1341 5510 illud
1383 5471 1489 5512 non
1528 5457 1750 5526 dixisti,
1776 5476 1810 5516 ο

249 5533 425 5596 δουοῖ
448 5542 582 5611 Quia
609 5543 678 5598 ad
706 5543 923 5601 Judteos
953 5546 1100 5601 nullo
1130 5547 1288 5602 modo
1314 5549 1627 5619 spectabat:
1656 5551 1750 5610 sed
1779 5570 1810 5613 ο

302 5670 374 5736 (ι)
404 5672 592 5726 incuria
625 5678 937 5740 exsaiptorls
969 5677 1142 5745 factum
1177 5678 1368 5745 videtur
1386 5718 1401 5745 ,
1425 5690 1479 5735 ut
1500 5687 1691 5740 omissae
1714 5692 1811 5744 sint

254 5740 381 5788 me:
398 5744 688 5803 σαιοαιιει,
712 5745 760 5790 et
775 5745 988 5801 taspora
1007 5746 1054 5792 at
1074 5741 1328 5796 dimittam:

1670 5903 1701 5911 α..

1623 295 1695 355 ιη
1736 288 2098 357 DANIELEii.

3404 302 3510 359 εει

1940 416 2205 468 contrario
2231 414 2282 469 in
2304 412 2479 471 verbis
2498 416 2710 487 quidem
2735 430 2798 473 ea
2826 432 2920 488 per
2939 415 3312 475 obscuritatem
3333 414 3511 476 occub-

1936 506 2114 574 tabat,
2144 508 2194 562 in
2240 508 2497 579 praphcta
2526 519 2702 565 autem
2733 512 3068 566 conservavit
3103 512 3156 567 in
3186 511 3366 590 corde.
3407 511 3509 568 Elo-

1932 599 2073 653 enim
2101 599 2200 653 sub
2222 600 2377 655 linem
2401 601 2507 655 ait:
2530 600 2663 656 Ecce
2681 604 2933 659 sermones
2951 604 3137 674 signati
3153 600 3406 675 (Damiﬁ.
3422 606 3508 676 9);

1934 699 1988 745 et
2026 692 2135 746 vult
2177 692 2302 748 illos
2344 693 2600 748 obscuros
2624 708 2765 750 esse.
2812 695 2866 749 id
2913 694 3035 750 facit
3078 698 3236 751 etiam
3283 697 3397 767 ipse
3436 680 3511 769 (tt)

1934 781 2112 851 (Jcsus
2139 783 2403 855 Christus)
2432 799 2527 855 per
2551 785 2830 856 parabolas
2859 787 3102 857 loquens.
3132 786 3263 844 Vide
3290 786 3514 858 quamo-

1933 874 2001 925 do
2042 873 2235 943 ubique
2263 884 2483 945 regnum
2524 876 2742 931 extollat
2778 877 2996 945 Daniel,
3026 886 3086 933 ut
3124 877 3255 934 nihil
3288 877 3508 934 humani

1933 965 2239 1032 suspiceris.
2290 964 2405 1021 Etsi
2436 968 2581 1022 enim
2628 968 2930 1024 universum
2968 964 3152 1025 orbem
3185 970 3511 1026 obtinuerint

1933 1051 2205 1117 homines;
2228 1065 2281 1111 at
2304 1072 2406 1112 non
2429 1074 2659 1129 semper,
2682 1076 2851 1131 neque
2868 1063 2921 1116 in
2946 1062 3209 1117 inﬁnitum
3232 1062 3506 1117 szcculutn.

1931 1144 2039 1201 Nec
2075 1146 2205 1202 mihi
2235 1149 2514 1220 quisquam
2541 1150 2714 1216 dicat,
2748 1152 2912 1209 breve
2953 1164 3159 1225 tempus
3194 1154 3506 1211 memorari.

1924 1237 2069 1319 Quid
2108 1241 2249 1297 enim
2285 1241 2387 1298 sibi
2426 1245 2540 1299 vult
2578 1244 2709 1300 illud
2748 1264 2761 1299 :
2803 1244 2923 1301 Non
2965 1248 3277 1317 pertransibt't
3301 1288 3316 1313 ,
3354 1252 3512 1316 neque

1925 1333 2065 1403 genti
2092 1334 2239 1387 alteri
2266 1334 2493 1389 tradetur
2515 1334 2535 1407 (
2554 1334 2693 1391 Dan.
2723 1336 2777 1390 2'.
2805 1336 2874 1391 Η
2894 1334 2955 1408 )?
2997 1337 3061 1391 Et
3083 1337 3203 1391 vide
3228 1353 3346 1408 qum
3369 1330 3511 1392 inter

1933 1422 2148 1477 Darium
2192 1433 2246 1479 et
2282 1423 2596 1481 Macedonas
2633 1429 2780 1496 gesta
2811 1429 2952 1482 sunt.
2994 1426 3166 1494 ‘Qt’t'am
3196 1428 3265 1483 ob
3292 1426 3508 1484 causam

1928 1511 2083 1568 inec?
2123 1514 2352 1584 Propter
2390 1514 2623 1571 Judteos.
2665 1516 2794 1572 ideo
2836 1527 2891 1574 et
2930 1518 3231 1575 Alexander
3271 1509 3513 1574 adoravi

1926 1603 2185 1674 templum
2215 1604 2310 1676 (ὁ),
2343 1614 2401 1660 ut
2424 1607 2592 1675 aiunt,
2622 1606 2745 1663 cum
2773 1608 2914 1665 hunc
2940 1610 3171 1666 Dattielis
3202 1610 3396 1666 librum
3425 1612 3509 1665 itt-

1918 1694 2192 1763 ‘spexissei
2233 1713 2248 1750 :
2280 1707 2334 1750 et
2359 1696 2527 1751 Graeci
2560 1700 2661 1753 vim
2694 1700 3096 1769 prtedictiouum
3143 1700 3307 1770 ipsius
3334 1701 3508 1756 admi-

1925 1787 2027 1840 rati
2072 1796 2213 1842 sunt.
2256 1776 2423 1846 Porro
2461 1791 2527 1847 de
2571 1792 2684 1846 istis
2724 1793 2881 1847 rebus
2923 1809 3078 1849 nemo
3107 1792 3362 1864 loquutus
3390 1805 3505 1858 est,

1929 1879 2028 1933 nisi
2057 1879 2146 1937 hic
2176 1882 2340 1937 solus.

2504 2016 2737 2076 CAPUT
2777 2015 2910 2076 Vili.

2000 2149 2051 2204 i.
2078 2167 2104 2202 τ
2148 2150 2204 2206 ιιι
2242 2165 2383 2207 anno
2423 2152 2577 2208 tertio
2602 2150 2749 2224 regni
2789 2152 3077 2210 Baitasaris
3108 2155 3237 2210 visio
3264 2157 3506 2228 apparuit

1923 2230 2148 2314 miiil‘(c)
2171 2282 2185 2307 ,
2206 2253 2309 2313 ‘ego
2340 2242 2519 2298 Daniel
2539 2285 2555 2308 ,
2590 2252 2708 2313 post
2735 2246 2854 2298 eam
2888 2258 3006 2315 qum
3033 2244 3165 2301 mihi
3189 2254 3504 2317 apparuerat

1926 2331 1979 2386 in
2010 2331 2284 2402 principio.
2319 2333 2374 2388 2.
2408 2332 2469 2388 Et
2496 2333 2603 2389 vidi
2628 2335 2677 2388 in
2704 2333 2905 2390 visione
2932 2352 2944 2387 :
2967 2345 3021 2390 et
3044 2333 3241 2391 factum
3274 2346 3357 2392 est
3379 2352 3503 2393 cum

1922 2420 2027 2493 ego
2049 2422 2282 2478 viderem
2300 2464 2314 2486 ,
2344 2432 2399 2479 et
2419 2434 2562 2480 eram
2594 2425 2644 2478 in
2666 2424 2817 2480 Susis
2844 2426 2985 2496 regia
3019 2422 3117 2497 (tl),
3147 2443 3263 2498 quae
3298 2428 3353 2482 in
3382 2443 3504 2499 pro-

1926 2513 2096 2568 Vincia
2137 2509 2415 2569 Eiamitide
2440 2516 2541 2569 sita
2566 2524 2663 2571 est.
2694 2512 2762 2571 Et
2787 2515 2893 2572 vidi
2932 2518 2982 2571 in
3014 2519 3247 2584 visione,
3275 2531 3330 2575 et
3354 2516 3502 2576 eram

1920 2600 2088 2673 super
2126 2603 2283 2660 Ubai.
2324 2606 2377 2660 3.
2421 2594 2489 2660 Et
2525 2606 2692 2661 levavi
2734 2607 2916 2664 oculos
2950 2624 3120 2676 meos,
3169 2618 3222 2666 et
3271 2612 3374 2668 vidi
3406 2631 3420 2668 :
3448 2610 3502 2668 rt

1922 2688 2053 2751 ecce
2089 2696 2229 2751 aries
2258 2708 2394 2752 unus
2435 2705 2584 2752 stans
2626 2708 2751 2754 ante
2783 2688 2912 2755 Ubal
2941 2715 2956 2753 :
2992 2709 3048 2756 et.
3076 2701 3175 2772 ipsi
3200 2711 3351 2758 erant
3376 2716 3498 2759 cor-

1924 2794 2049 2853 nua,
2085 2796 2139 2842 ct
2163 2800 2367 2844 cornua
2394 2788 2604 2844 excelsa
2631 2807 2649 2844 ε
2679 2798 2733 2844 et
2761 2806 2923 2846 unum
2944 2794 3208 2848 excelsius
3237 2794 3423 2861 altero,
3447 2790 3500 2851 et

1923 2872 2184 2933 excelsius
2216 2877 2534 2934 aScendebat
2554 2880 2604 2935 in
2635 2881 2912 2936 extremis.
2942 2883 2994 2937 ι.
3026 2882 3090 2937 Et
3126 2884 3233 2939 vidi
3278 2884 3500 2942 arietem

1922 2982 2090 3033 cornu
2131 2977 2400 3040 petentem
2443 2980 2629 3027 contra
2676 2982 2922 3040 marc,et
2955 2973 3277 3044 aquﬂouem,
3309 2986 3363 3031 et
3405 2992 3499 3032 ana

1920 3062 2091 3118 'strum
2126 3072 2181 3119 et
2217 3062 2440 3119 africum
2474 3082 2489 3117 :
2518 3073 2571 3121 et
2595 3080 2784 3121 omnes
2809 3065 2992 3122 bestiae
3021 3070 3123 3122 non
3151 3068 3367 3124 stabunt
3405 3085 3497 3126 co-

1919 3156 2035 3211 ram
2074 3170 2141 3212 eo
2174 3175 2188 3211 :
2219 3166 2273 3213 et
2298 3168 2407 3212 non
2434 3164 2550 3213 erat
2587 3160 2674 3231 qui
2712 3170 2926 3216 erueret
2952 3160 3017 3217 de
3045 3162 3203 3216 manu
3243 3163 3359 3233 ejus
3399 3162 3415 3220 ἐ
3444 3158 3498 3222 et

1920 3245 2044 3301 fecit
2062 3245 2352 3303 secundum
2378 3248 2701 3305 voluntatem
2732 3254 2903 3319 suam,
2926 3261 2980 3308 et
3004 3252 3380 3324 magniﬁcatus
3392 3266 3493 3311 est.

1918 3334 1973 3395 5.
2004 3338 2073 3394 Et
2092 3354 2195 3411 ego
2228 3354 2377 3397 eram
2403 3338 2702 3415 intelligetis
2732 3354 2823 3399 :et
2857 3348 2982 3401 ccc'e
3008 3344 3187 3401 hircus
3218 3363 3493 3418 caprarum

1917 3429 2164 3486 veniebat
2191 3431 2259 3488 ab
2283 3430 2449 3488 airico
2474 3444 2636 3506 super
2665 3436 2852 3491 faciem
2894 3438 3052 3492 totius
3079 3430 3237 3493 terra:
3265 3457 3277 3493 :
3306 3452 3359 3495 et
3382 3434 3492 3496 nun

1917 3522 2170 3594 tangebat
2209 3532 2407 3580 terram
2452 3542 2467 3579 :
2503 3534 2564 3583 et
2600 3526 2749 3583 hirco
2793 3527 2868 3583 illi
2909 3532 3073 3584 cornu
3117 3528 3403 3600 spectabile
3442 3534 3493 3588 in

1915 3612 2093 3668 medio
2136 3613 2412 3670 oculorum
2458 3615 2593 3687 ejus.
2623 3604 2677 3672 6.
2716 3617 2782 3672 Et
2826 3618 2969 3675 venit
2994 3616 3175 3676 hircus
3223 3636 3389 3694 usque
3427 3622 3493 3678 ad

1913 3700 2139 3759 arietem
2162 3704 2315 3759 illum
2344 3704 2628 3762 habentem
2652 3718 2872 3776 cornua,
2904 3726 3065 3780 quem
3088 3711 3321 3768 videram
3343 3724 3493 3769 stan-

1917 3796 2025 3846 tem
2064 3804 2248 3847 coram
2270 3783 2406 3850 Ubal
2433 3803 2524 3852 :et
2546 3800 2779 3853 cucun'it
2803 3799 2871 3854 ad
2897 3814 3018 3855 eum
3045 3801 3201 3857 inira
3228 3800 3494 3859 fortitudis

1914 3881 1998 3936 nis
2023 3896 2152 3938 suae.
2182 3883 2234 3936 7.
2258 3882 2326 3939 Et
2353 3884 2461 3941 vidi
2484 3899 2607 3943 eum
2624 3890 2931 3959 pervenisse
2952 3896 3120 3963 usque
3144 3892 3211 3949 ad
3239 3894 3491 3953 arietemt

1912 3980 1970 4029 et
1991 3968 2243 4031 odoratus
2263 3982 2347 4031 est
2364 3964 2418 4032 in
2446 3986 2592 4046 eum,
2617 3981 2985 4053 percustsitqu
3012 3980 3254 4051 arietem,
3284 3993 3338 4039 et
3358 4000 3491 4040 con.

1914 4064 2061 4120 trivit
2082 4074 2305 4137 utraque
2328 4080 2529 4124 cornua
2557 4068 2711 4139 ejus:
2747 4077 2801 4127 et
2823 4070 2931 4127 non
2963 4074 3079 4127 erat
3115 4073 3280 4129 robur
3312 4068 3490 4141 arieti,

1913 4164 1972 4212 ut
2006 4165 2174 4213 staret
2204 4172 2387 4214 coram
2416 4172 2500 4215 eo.
2534 4152 2604 4216 Et
2637 4160 2859 4231 proiecit
2898 4162 3069 4231 ipsum
3099 4163 3152 4219 in
3182 4162 3374 4220 terram
3398 4209 3412 4233 ,
3437 4176 3493 4225 et

1912 4247 2246 4304 conculcavit
2272 4248 2443 4320 ipsum
2464 4291 2479 4315 ,
2506 4248 2561 4306 et
2590 4260 2695 4307 non
2725 4259 2839 4307 erat
2874 4252 2963 4324 qui
2992 4254 3241 4312 liberaret
3269 4252 3491 4316 arietem

1910 4339 1981 4397 de
2020 4355 2180 4397 manu
2212 4340 2351 4413 ejus.
2388 4341 2443 4398 8.
2469 4340 2539 4398 Et
2576 4341 2761 4400 hircus
2802 4359 3080 4416 caprarum
3126 4332 3491 4420 magniﬁcatus

1911 4442 1995 4490 est
2018 4433 2212 4488 mirum
2234 4432 2289 4489 in
2314 4432 2553 4490 modum.
2582 4435 2649 4492 Et
2666 4436 3154 4507 cuminvaiesceret
3182 4439 3298 4510 ip‘se
3316 4483 3333 4509 ,
3359 4436 3489 4498 con-

1972 4542 2406 4625 'ﬂﬂiﬁhﬁfta
2433 4548 2515 4625 hic
2553 4550 2769 4612 ἀποίων»
2804 4548 2908 4625 ire
2945 4550 3063 4625 fecit
3103 4552 3480 4625 tamensed»

1910 4614 2003 4677 Ροζ
2024 4606 2243 4670 0“in
2275 4612 2631 4672 emphaticam,
2669 4606 2767 4676 qua
2799 4606 3067 4665 utebantur
3087 4606 3209 4665 olim
3232 4606 3483 4679 Pythagol

1908 4681 2015 4735 rei,
2029 4668 2099 4735 de
2119 4683 2210 4721 suo
2227 4671 2430 4731 doctore
2456 4667 2685 4726 dicentes
2707 4689 2719 4724 :
2748 4677 2898 4733 Αὐτὸς
2920 4677 3049 4735 ἔφη..

1973 4730 2044 4793 (ο)
2067 4726 2383 4803 S_upfa_djxit
2411 4748 2425 4783 :
2461 4735 2738 4803 item”
2765 4726 3007 4789 adoratii't'
3028 4738 3179 4803 Deum
3216 4739 3483 4803 (προσριῦι

1907 4806 2028 4864 unus
2040 4794 2136 4864 sev
2157 4796 2299 4857 Θιόν)
2315 4834 2340 4864 ,_
2359 4800 2604 4864 quomodo
2620 4796 2702 4849 hic
2725 4810 2925 4864 quoque
2958 4802 3059 4864 legi
3095 4794 3294 4864 deb‘ere'
3304 4799 3482 4864 nullus

1909 4852 2395 4933 dubitoinec‘euim
2424 4852 2901 4933 Macedotempltfm
2924 4852 3162 4933 adoravit.
3181 4863 3273 4933 sed
3300 4860 3479 4933 Deum,

1908 4928 2208 5001 seu‘gomen
2237 4924 2699 5001 tetraggtmrnatgn,
2727 4922 2859 4988 quod
2888 4926 2938 5001 in
2958 4922 3150 5001 lamina
3179 4923 3482 5001 iqscplptpm

1907 4976 2127 5047 pputii‘ex
2147 4978 2311 5030 fronte
2335 4976 2576 5044 géstabat.
2610 4976 2936 5034 Rein‘narrat
2957 4982 3153 5036 Graecus
3184 4976 3358 5035 Livilts'
3384 4976 3483 5038 Ana

1906 5041 2138 5109 yq.__._iud.
2167 5041 2252 5092 lib.
2280 5040 2356 5101 il,
2376 5053 2486 5107 cap.
2513 5042 2706 5107 ultimo,
2731 5058 2790 5096 ac
2823 5051 2937 5109 post
2968 5046 3112 5097 illum
3145 5046 3394 5100 Eusebius
3428 5057 3484 5100 et.

1905 5099 2475 5285 ῗῶιὲἶεῖἓὲἔιωδὲξὲριιᾳε
2495 5163 2545 5212 in
2565 5157 2665 5213 line
2685 5152 2797 5213 lib'n
2817 5164 2994 5214 decimi
3017 5164 3171 5245 refert
3190 5165 3283 5217 hoc
3305 5169 3462 5217 visum
3476 5206 3490 5225 ,

2023 5222 2255 5285 confuse,
2271 5237 2355 5283 ac,
2375 5231 2446 5285 uti
2469 5222 2624 5283 solet.
2648 5238 2814 5285 parum
2834 5234 3076 5277 accurate.
3103 5236 3202 5278 non
3223 5236 3364 5279 extra
3386 5241 3490 5277 rem

2023 5222 2222 5287 confuse
2234 5260 2257 5287 ,Α
2271 5222 2446 5287 ac,'uti
2469 5222 2624 5283 solet.
2648 5238 2814 5287 parum
2834 5234 3076 5277 accurate.
3103 5232 3202 5278 Non
3223 5236 3364 5279 extra
3386 5222 3493 5277 rem

1914 5281 2221 5371 sum
2236 5281 2963 5371 'tmlssesstosreawé

1914 5346 2224 5410 (nuncfrom.
2247 5346 2558 5410 i)_adversus
2578 5346 2795 5408 iudices,
2818 5346 2883 5398 αι’
2896 5360 2962 5400 ex
2984 5346 3259 5409 collatione,
3284 5348 3489 5406 mendis,

1913 5407 2045 5474 Quod
2066 5408 2191 5474 iactu
2213 5407 2463 5470 perfacile,
2486 5410 2797 5472 repurgetur.

1976 5468 2055 5533 (α)
2088 5468 2144 5519 in
2164 5468 2343 5536 Greco,
2368 5481 2406 5520 ιν
2426 5468 2571 5528 actam}
2591 5468 2776 5535 η’μμ.
2801 5468 2909 5523 Vox
2925 5506 2942 5532 ,
2964 5475 3102 5536 rm,
3126 5469 3257 5521 unde
3280 5482 3379 5532 ράρις
3402 5468 3492 5520 ὁθε-

1913 5538 2121 5603 ducitur,
2164 5535 2403 5603 signiﬁcat
2442 5537 2647 5603 plurima
2688 5542 2737 5591 iu
2774 5535 3179 5603 sqipturisguio
3198 5545 3362 5589 autem
3383 5577 3397 5597 ,
3440 5540 3494 5603 ut

1916 5596 2175 5659 existimo,
2209 5596 2267 5649 re
2305 5600 2316 5610 '
2432 5596 2649 5652 deuolat.
2686 5596 2895 5666 Josepbo
2929 5615 2987 5654 ac
3019 5598 3322 5671 ψωαοτειο
3345 5596 3393 5651 a
3429 5600 3495 5649 ne

1917 5663 2065 5713 etiam
2087 5669 2254 5713 Nostro
2266 5611 2559 5713 mni-sus
2577 5662 2783 5713 audeas.
2812 5660 3079 5713 itetronolrs
3099 5666 3356 5712 Persarum
3376 5608 3495 5712 ἔξω.

1917 5608 2143 5651 existimo
2161 5638 2175 5659 ,
2212 5612 2267 5649 re
2307 5608 2315 5610 '
2432 5608 2649 5652 denotat.
2686 5608 2895 5666 Josepno
2929 5615 2987 5654 ac
3019 5608 3322 5650 Tueoaoreto
3345 5608 3373 5651 a
3429 5608 3495 5649 ue

1917 5663 2065 5713 etiam
2087 5669 2254 5713 Nostro
2266 5611 2559 5714 mni-sus
2577 5662 2783 5722 audeas,
2812 5658 3079 5722 Aletropolr's
3099 5666 3356 5722 Persarum
3376 5608 3496 5712 ἔξω.

1918 5719 2790 5786 ωτιλεοωδιΝωθεὶιιωι-πε,
2815 5720 2865 5785 a,
2890 5719 3154 5785 eta,t,t.
