3952 6200
424 329 454 357 α

426 444 607 496 tritum
640 448 721 492 cst
740 451 902 493 cornu
934 433 1070 486 illitis
1101 442 1347 498 magnum
1379 434 1466 481 :et
1495 422 1848 479 ascenderunt
1872 437 1999 491 qua-

432 543 552 586 tuor
580 542 777 583 cornua
820 523 1005 579 subter
1036 507 1187 587 illud,
1219 518 1271 571 in
1299 525 1523 587 quatuor
1562 523 1749 569 ventos
1789 512 1924 566 carli.
1955 510 2022 565 9.‘

431 623 492 676 rit
538 636 604 675 ex
641 633 744 671 uno
780 628 964 671 eorum
985 624 1259 681 egressum
1287 618 1372 663 est
1394 620 1576 660 cornu
1621 617 1782 657 unum
1807 599 1943 655 forte
1971 599 2011 665 ¹,

432 722 486 767 et
515 710 710 766 factum
735 715 818 762 est
840 702 1041 775 grande
1077 700 1257 762 nimis,
1284 698 1349 752 ad
1370 706 1606 751 austrum
1628 736 1642 761 ,
1670 703 1721 749 et
1748 692 1816 747 ad
1838 691 2016 753 orien-

424 815 565 871 tem,
612 809 667 855 et
710 797 777 853 ad
827 794 1178 851 occidentem.
1229 790 1318 847 1'0.
1350 786 1435 851 ,Et
1491 786 1884 857 magnificatum
1938 791 2018 836 Bal

441 908 607 964 usque
629 890 695 946 ad
727 890 975 944 virtutem
1019 885 1134 941 caeli
1162 902 1174 937 :
1199 891 1252 940 et
1276 879 1472 951 dejecit
1510 879 1561 933 in
1594 889 1788 932 terram
1814 873 1882 929 de
1911 873 2021 927 vir-

434 996 557 1041 tute
600 982 739 1048 cmli,
782 991 837 1037 et
878 978 947 1036 de
995 976 1187 1043 stellis,
1218 985 1271 1029 et
1314 970 1647 1029 conculcavit
1682 968 1912 1025 eas.11.
1955 965 2022 1020 Et

437 1092 607 1149 usque
635 1075 700 1130 ad
731 1070 1021 1144 principem
1048 1066 1258 1123 virtutis
1292 1063 1685 1135 magnificatum
1716 1066 1797 1114 est
1820 1056 1894 1128 (a)
1923 1073 1937 1109 :
1970 1064 2025 1108 et

438 1184 537 1238 per
564 1168 736 1238 ipsum
766 1160 1084 1220 sacrificium
1131 1156 1396 1212 turbatum
1441 1162 1563 1208 est:
1602 1160 1655 1205 et
1699 1150 1893 1204 factum
1918 1154 2020 1210 est,

441 1237 495 1315 et
524 1237 782 1329 prospere
819 1250 1077 1308 successit
1101 1249 1171 1305 ei.
1204 1244 1290 1301 1‘2.
1320 1246 1387 1301 Et
1418 1241 1775 1299 sanctuarium
1809 1237 2022 1295 desola-

435 1350 584 1405 bitur
613 1366 627 1401 :
654 1358 705 1402 et
730 1346 915 1401 datum
954 1355 1036 1398 est
1074 1354 1237 1409 super
1279 1335 1594 1391 sacrificium
1641 1337 1946 1403 peccatum,
1973 1334 2028 1381 et

445 1441 680 1515 projecta
720 1446 811 1493 est
838 1434 1005 1490 'hum'r
1027 1431 1252 1503 justitia.
1284 1430 1350 1484 Et
1388 1427 1546 1491 fecit,
1588 1435 1642 1481 et
1688 1436 1939 1495 prospere
1977 1420 2027 1475 ei

445 1511 562 1587 iuit.
597 1530 685 1586 15.
706 1528 776 1583 Et
802 1525 977 1582 audivi
1002 1538 1165 1580 unum
1194 1530 1434 1576 sanctum
1458 1519 1760 1589 loquentem
1780 1532 1798 1566 :
1823 1522 1877 1568 et
1895 1511 2030 1567 dixit

448 1636 585 1677 unus
628 1628 845 1675 sanctus
882 1614 1159 1672 Phelmoni
1209 1609 1447 1682 loquenti
1501 1626 1514 1663 :
1564 1606 1853 1676 Usquequo
1898 1602 2030 1658 visio

447 1714 630 1779 stabit,
668 1722 721 1766 et
748 1707 1066 1764 sacrificium
1108 1704 1364 1767 ablatum,
1405 1711 1459 1756 et
1505 1706 1779 1770 peceatmn
1821 1695 2033 1750 desola-
2072 1718 2083 1723 -

449 1806 607 1860 tionis
637 1804 838 1865 datum,
887 1808 941 1855 et
978 1808 1242 1863 sanetum,
1281 1803 1338 1851 et
1390 1793 1558 1847 virtus
1603 1786 2033 1845 conculcabitur?

451 1899 539 1953 14.
577 1895 640 1950 Ει
680 1893 818 1948 dixit
852 1892 899 1947 ei
933 1870 953 1947 τ’
978 1888 1159 1958 Usque
1201 1886 1266 1941 ad
1312 1898 1587 1953 veSperam
1632 1890 1683 1937 ct
1723 1895 1883 1934 mane
1918 1877 2035 1932 dies

450 1988 533 2043 bis
576 1986 719 2042 mille
763 2000 837 2063 ac.
872 1980 1133 2044 trecenti,
1176 1988 1230 2033 et
1273 1975 1615 2031 mundabitur
1655 1970 2033 2027 sanctuarium.

453 2078 541 2135 15.
569 2077 635 2133 Et
659 2060 854 2131 factum
885 2080 968 2128 est
991 2071 1117 2126 dum
1151 2068 1388 2123 viderem
1415 2080 1514 2136 ego
1541 2063 1721 2119 Daniel
1752 2060 2033 2126 visionem,

451 2180 506 2225 et
533 2182 834 2241 qurererem
875 2162 1298 2235 intelligentiam.
1334 2159 1401 2214 Et
1449 2172 1576 2213 ecce
1615 2155 1765 2210 stetit
1811 2154 1862 2208 in
1904 2167 2037 2208 con-

456 2269 641 2331 spectu
676 2274 817 2313 meo.
852 2257 918 2311 Et
953 2256 1087 2310 visio
1111 2253 1208 2307 viri
1240 2252 1380 2307 inter
1408 2248 1563 2305 Ubal.
1594 2247 1681 2303 16.
1713 2246 1780 2301 Et
1808 2243 2038 2311 vocavit,

456 2364 511 2409 et
536 2351 668 2408 dixit
695 2370 707 2406 :
736 2348 951 2406 Gabriel
974 2390 990 2414 ,
1024 2349 1102 2403 fac
1131 2347 1288 2400 istum
1318 2342 1615 2412 intelligere
1637 2341 1915 2394 visionem.
1946 2337 2034 2392 17.

457 2444 526 2500 Et
554 2444 715 2507 venit,
741 2452 795 2496 et
818 2441 965 2496 stetit
989 2439 1135 2509 juxta
1174 2438 1454 2491 stationem
1487 2447 1681 2487 meam.
1713 2430 1926 2485 Etcum
1952 2427 2043 2483 ille

460 2536 682 2598 veniret,
730 2532 948 2588 territus
986 2544 1136 2594 sum,
1167 2537 1220 2581 et
1256 2525 1392 2581 cado
1432 2525 1483 2579 in
1528 2523 1712 2578 faciem
1754 2535 1949 2576 meam.
1978 2519 2043 2574 Et

460 2627 594 2682 dixit
633 2625 698 2680 ad
725 2641 811 2679 me
842 2640 857 2681 :
887 2619 1255 2692 Intelligerfili
1284 2616 1548 2683 hominis;
1597 2614 1773 2668 adhuc
1802 2613 1945 2667 enim
1992 2612 2043 2667 in

462 2717 718 2788 temporis
763 2717 920 2769 linem
964 2712 1118 2766 visio.
1163 2709 1250 2765 18.
1294 2708 1530 2778 Cumque
1578 2705 1884 2776 loqueretur
1933 2703 2047 2771 ipse

463 2822 693 2871 mecum,
721 2803 855 2860 cado
883 2804 934 2858 in
967 2802 1153 2857 faciem
1194 2816 1366 2856 meam
1393 2814 1552 2870 super
1579 2807 1774 2853 terram
1805 2813 1818 2849 :
1849 2804 1903 2850 et
1928 2793 2049 2849 teti-

465 2901 543 2974 git
572 2914 677 2963 me,
705 2905 761 2953 et
784 2894 968 2950 statuit
994 2909 1079 2949 me
1100 2908 1259 2962 super
1288 2889 1450 2961 pedes
1473 2902 1641 2944 meos.
1672 2886 1753 2942 19.
1787 2886 1854 2941 Et
1879 2885 2045 2940 dixit:

464 2993 621 3051 Ecce
645 3005 744 3061 ego
775 2988 950 3044 indico
994 2987 1087 3042 tibi
1126 3002 1242 3054 qum
1277 2984 1455 3038 futura
1492 2992 1618 3036 sunt
1656 2982 1709 3035 in
1751 2978 2050 3035 novissimis

467 3087 562 3142 iraa
591 3102 604 3139 :
638 3082 812 3139 adhuc
837 3081 978 3135 enim
1008 3078 1061 3133 in
1095 3076 1351 3147 temporis
1383 3074 1566 3129 linem.
1592 3070 1683 3128 20.
1715 3072 1866 3127 Aries
1892 3084 2050 3142 quem

469 3178 671 3245 vidisti,
698 3175 789 3247 qui
830 3172 1058 3228 habebat
1089 3185 1288 3226 cornua
1308 3210 1323 3234 ,
1356 3182 1449 3223 rex
1481 3166 1753 3221 Medorum
1784 3175 1865 3219 est
1893 3173 2054 3233 atque

471 3270 776 3326 Persarum.
802 3264 900 3320 21.
933 3263 997 3319 Et
1026 3264 1204 3318 hircus
1227 3275 1544 3331 caprarum,
1588 3273 1680 3313 rex
1720 3256 2050 3314 Grazcorum.

472 3360 540 3415 Et
566 3373 731 3414 cornu
766 3369 1034 3427 magnum,
1062 3352 1200 3422 quod
1236 3361 1350 3406 erat
1385 3352 1523 3404 inter
1560 3349 1743 3403 oculos
1773 3347 1910 3418 ejus,
1943 3346 2057 3415 ipse

479 3460 572 3507 est
585 3465 678 3505 rex
705 3449 924 3519 primus.
963 3443 1054 3500 2‘2.
1091 3444 1157 3499 Et
1176 3444 1314 3515 quod
1342 3443 1628 3498 contritum
1659 3450 1770 3505 est,
1801 3449 1857 3494 et
1882 3453 2062 3494 surre-

477 3547 672 3597 xerunt
715 3546 943 3610 quatuor
976 3549 1176 3592 cornua
1202 3533 1386 3590 subter
1422 3533 1625 3602 ipsum;
1656 3539 1882 3600 quatuor
1908 3544 2061 3600 reges

477 3639 804 3703 consurgent
829 3628 899 3685 de
923 3637 1081 3699 gente
1107 3627 1243 3697 ejus,
1267 3634 1323 3681 et
1349 3641 1453 3679 nun
1479 3625 1529 3678 in
1563 3621 1869 3677 fortitudine
1897 3621 2057 3676 illius.

480 3724 574 3782 25.
601 3724 677 3781 Et
698 3724 748 3777 in
779 3720 1035 3778 extremis
1063 3718 1208 3789 regni
1236 3718 1502 3787 ipsormn,
1531 3713 1810 3784 completis
1835 3713 2064 3783 peccatis

479 3831 687 3880 eorum,
715 3820 1002 3882 consurget
1027 3825 1118 3865 rex
1159 3807 1439 3878 impudens
1465 3804 1622 3873 faeie,
1661 3814 1717 3861 et
1763 3803 2065 3874 intelligens

386 3949 397 3963 .
481 3900 955 3978 problemata.‘2l.
988 3901 1055 3956 Et
1083 3899 1298 3955 robusta
1339 3897 1591 3953 fortitudo
1627 3896 1776 3966 ejus,
1800 3903 1856 3950 et
1882 3910 1985 3949 non
2011 3894 2065 3949 in

480 3997 683 4053 viribus
725 3994 880 4051 suis:
916 4000 970 4048 et
1008 3990 1322 4047 mirabiliter
1364 3996 1667 4058 pervertet,
1706 3997 1760 4042 et
1808 3984 1984 4050 faciet,
2013 3994 2068 4039 et

481 4097 788 4157 corrumpet
813 4086 997 4152 fortes,
1030 4092 1085 4139 et
1105 4082 1354 4155 populum
1380 4088 1644 4136 sanctum.
1673 4078 1767 4133 25.
1800 4077 1864 4131 Et
1880 4076 2065 4148 jngum

483 4192 686 4241 catena:
705 4181 822 4251 ejus
842 4179 1117 4249 dirigetur.
1145 4175 1307 4231 Dolus
1333 4175 1385 4229 in
1412 4189 1570 4229 manu
1594 4172 1731 4242 ejus,
1755 4180 1809 4227 et
1831 4171 1882 4225 in
1903 4168 2069 4225 corde

483 4290 581 4331 suo
606 4269 1044 4344 magnifleabitur,
1069 4278 1124 4325 et
1149 4266 1271 4324 dolo
1292 4266 1534 4323 destruet
1557 4264 1773 4330 multos,
1797 4261 1922 4318 etin
1952 4276 2072 4331 pcr-

487 4366 690 4421 tlitione
719 4363 1008 4418 multorum
1030 4360 1212 4426 stabit,
1236 4369 1290 4415 et
1308 4359 1468 4429 quasi
1499 4372 1601 4413 ova
1621 4357 1672 4411 in
1705 4363 2070 4429 mannconte-

485 4466 570 4513 ret
595 4469 707 4512 cos.
748 4454 838 4509 26.
874 4452 1098 4508 Etvisio
1121 4449 1408 4521 chpertini
1448 4464 1512 4504 ac
1551 4448 1792 4502 matutini
1818 4445 2071 4516 temporis

489 4543 781 4618 supradicti
829 4556 954 4597 vera
996 4550 1101 4596 est.
1132 4539 1203 4594 Et
1246 4550 1300 4593 tu
1337 4538 1487 4608 signa
1529 4538 1827 4602 visionem,
1870 4536 1990 4606 quia
2018 4535 2068 4590 itt

488 4642 605 4697 dies
633 4638 832 4695 multos
850 4635 982 4692 erit.
1026 4653 1044 4687 ι
1078 4632 1142 4687 Ει
1169 4630 1531 4701 dixit,.inquit,
1554 4629 1659 4684 ‘Illi
1682 4629 1930 4683 visionem
1958 4643 2068 4680 tna-

488 4734 693 4804 nifesta,
743 4727 967 4786 Gabriel.
1002 4724 1197 4794 Aspice
1232 4722 1381 4793 iussa
1427 4721 1736 4804 angelorum
1768 4728 1819 4773 et
1847 4717 2073 4773 areban-

488 4802 750 4899 gelorum.
772 4821 1017 4892 Majorne
1038 4827 1135 4874 est
1159 4825 1402 4887 potestas
1428 4802 1569 4868 alia?
1598 4811 1663 4866 Et
1694 4811 1844 4877 venit,
1876 4811 2068 4880 inquit,

488 4930 533 4973 et
562 4916 763 4972 territus
788 4929 919 4968 sunt.
946 4909 1013 4966 Et
1037 4912 1166 4964 stetit
1180 4909 1345 4978 juxta
1363 4906 1624 4960 stationem
1653 4919 1836 4957 manu.
1868 4900 1932 4955 Et
1960 4918 2073 4955 cum

490 5011 576 5065 ille
596 5008 805 5072 veniret,
851 5004 1051 5060 territus
1082 5017 1213 5057 sum.
1246 4998 1470 5055 Ubinam
1515 4997 1673 5067 igitur
1698 5005 1822 5052 sunt
1850 4995 1944 5065 qui
1973 5010 2073 5048 an-

436 5138 447 5145 ι
493 5101 642 5171 gelos
676 5094 971 5152 maledictis
1012 5090 1443 5163 prostqttttntur?
1482 5087 1598 5144 Non
1644 5104 1672 5141 a
1702 5088 1879 5157 seipse
1916 5087 2074 5157 quid-

492 5205 653 5262 quam
696 5188 821 5245 fecit
860 5186 1018 5241 Deus.
1058 5183 1217 5239 Vides
1243 5192 1297 5237 et
1335 5182 1450 5236 illos
1497 5181 1549 5235 in
1595 5180 1813 5236 ordines
1857 5179 2071 5246 multos,

494 5281 826 5346 formas,“
861 5276 1248 5346 descriptiones
1290 5288 1410 5330 esse
1455 5272 1780 5343 dispositos?
1822 5271 1876 5325 In
1907 5270 2073 5341 prima

559 5448 576 5478 ι
608 5440 807 5492 Veritas
834 5439 1071 5489 Hebraica
1106 5432 1588 5500 postularevidetur
1622 5437 1679 5500 ut
1717 5430 1942 5500 legatur,
1979 5440 2074 5500 non
2104 5433 2117 5441 ‘

500 5510 648 5572 forte,
659 5491 975 5572 _pro.,‘1tnum
1001 5491 1127 5572 forte
1138 5502 1167 5572 _(
1185 5498 1277 5572 Gr;
1299 5495 1576 5572 ἀνὶσχνροχ,
1603 5492 1738 5572 pro,
1754 5491 1806 5572 sit
1827 5491 2071 5572 lmpo'x):

565 5519 648 5564 τε,
720 5519 801 5564 το,
826 5519 975 5554 unum
1001 5519 1127 5563 parte
1153 5519 1269 5560 tur.
1299 5519 1576 5559 ανισχγρον,
1605 5519 1720 5555 μιυ,
1755 5519 1802 5541 ον
1829 5519 2071 5553 cupavo”.

565 5519 775 5631 (aldine
795 5565 1007 5631 (διξερε,
1026 5561 1227 5631 ξοεὶέως
1248 5559 1474 5631 ἀρκογτος
1494 5550 2075 5631 τῆξ.δνγεέιξξξιὲεῇὲρ⁶ἕέη2

503 5614 887 5678 noii'baben‘tur
920 5625 970 5673 in
994 5614 1004 5622 ’
1025 5614 1254 5673 Editione
1284 5614 1495 5681 'v'ulgata
1541 5614 2078 5681 'l'heodotionls;_qua

503 5674 727 5749 iiiis};
746 5674 807 5749 ex
832 5684 1166 5749 Theodoreto,
1188 5679 1346 5744 magis
1370 5674 1538 5730 a'utem
1568 5692 1629 5728 ex
1654 5674 1882 5735 Hebraeo.
1904 5675 2078 5724 viden-

505 5757 586 5800 tur
618 5747 911 5814 adjicienda.

431 329 528 381 25“,
1192 313 1248 368 S.
1289 311 1566 369 JOANNIS
1602 305 2070 366 CHRYSOS'I‘OMI
2113 298 2422 371 ARCIIIEP.
2466 303 2995 361 CONSTANTINOP.

3555 313 3644 370 2313

2122 418 2348 484 visione,
2389 417 2606 482 Accessi,
2650 417 2838 488 inquit,
2879 427 2926 470 et
2967 417 3261 487 interrogavi
3295 418 3444 488 (Dan.
3475 424 3520 476 7.
3554 426 3645 493 16).

2124 506 2217 562 liic
2244 525 2348 562 non
2385 507 2533 563 item.
2565 506 2634 561 Et
2661 507 2831 562 audivi
2857 524 3011 561 unum
3035 516 3261 563 sanctum
3293 508 3564 579 loquentem.
3596 517 3652 571 Et

2120 599 2254 655 alius
2277 598 2621 669 interrogavit
2652 616 2666 653 :
2695 613 2791 654 seu
2822 599 3099 669 ignorans,
3128 606 3188 653 ut
3229 599 3400 656 Daniel
3435 603 3653 661 disceret.

2124 689 2189 744 Et
2217 690 2491 759 respondit,
2535 690 2723 760 inquit.
2760 688 2827 743 Et
2851 690 2904 744 in
2932 690 3214 744 novissimis
3248 693 3402 762 regni,
3429 695 3656 765 completis

2123 784 2338 850 peccatis
2358 798 2552 848 eorum,
2580 791 2852 853 consurget
2888 798 2978 836 rex
3006 782 3269 853 impudens
3289 784 3428 854 facie.
3458 786 3579 844 Vide
3606 800 3659 845 ut

2123 871 2325 929 Judaeis
2352 873 2634 941 ostendat,
2677 873 2821 943 ipsos
2847 888 2969 929 esse
3004 881 3251 931 auctores
3294 874 3500 933 istarum
3533 880 3656 934 cala-

2127 965 2390 1018 mitatum.
2418 962 2544 1019 ltleo
2567 972 2750 1019 autem
2777 978 2884 1019 non
2921 962 3172 1034 patefecit
3195 978 3457 1022 sermones
3473 1007 3490 1034 ,
3514 983 3574 1023 ne
3599 969 3660 1025 illi

2126 1056 2195 1111 de
2225 1056 2480 1111 industria
2512 1057 2563 1110 in
2600 1056 2796 1112 malitia
2823 1070 2918 1112 sua
2955 1071 3018 1113 ac
3048 1056 3254 1128 ignavia
3286 1068 3566 1128 perstarent
3589 1078 3602 1116 :
3623 1063 3661 1117 si

2128 1151 2291 1213 enim,
2319 1165 2441 1205 cum
2470 1150 2599 1205 nihil
2623 1150 2815 1206 horum
2841 1150 3039 1207 dictum
3056 1150 3244 1227 fuerit,
3276 1162 3440 1207 tamen
3465 1152 3533 1207 illi
3556 1169 3663 1224 per-

2129 1249 2440 1296 manserunt
2464 1258 2475 1294 :
2497 1240 2664 1295 multo
2687 1241 2854 1314 magis
2874 1242 2920 1298 si
2947 1256 3010 1298 ea
3026 1240 3353 1299 manifestata
3373 1241 3600 1309 fuissent;
3620 1253 3668 1300 et

2131 1343 2187 1386 ut
2214 1331 2479 1402 intelligas
2517 1331 2774 1402 Spiritum
2818 1332 3012 1403 ubique
3053 1333 3159 1387 vim
3200 1332 3413 1401 habere,
3436 1345 3487 1389 et
3526 1334 3667 1389 Deum

2131 1424 2308 1478 omnia
2336 1422 2653 1493 prmvidere,
2694 1432 2751 1479 et
2787 1438 2908 1478 cum
2947 1424 3109 1479 sciret
3135 1422 3345 1480 Judteos
3371 1436 3667 1497 peccatum,

2134 1524 2310 1571 tamen
2348 1530 2455 1572 eos
2497 1517 2549 1571 in
2591 1517 2813 1587 patriam
2859 1517 3151 1574 reduxisse.
3205 1518 3270 1573 Et
3307 1518 3440 1585 vide,
3489 1519 3597 1589 quia
3633 1519 3674 1574 si

2135 1609 2359 1665 dixisset
2384 1624 2586 1674 annos,
2619 1609 2884 1666 modicum
2917 1620 3125 1682 tempus
3154 1612 3322 1667 visum
3350 1611 3547 1675 fuisset,
3572 1613 3672 1667 ideo

2135 1702 2188 1758 in
2220 1702 2427 1759 dierum
2455 1718 2733 1757 numerum
2774 1704 3012 1771 resolvit,
3045 1713 3102 1759 ut
3123 1704 3449 1760 multitudine
3483 1714 3672 1772 terreat,

2137 1811 2244 1850 non
2275 1795 2390 1851 dies
2415 1805 2637 1859 tantum,
2665 1797 2759 1851 sed
2782 1807 2833 1853 et
2850 1806 3038 1852 noctes
3064 1798 3410 1853 numerando.
3435 1800 3495 1853 Et
3514 1801 3678 1853 immo-

2139 1896 2290 1940 ratur
2320 1887 2532 1955 tragicae
2558 1886 2885 1952 calamitati,
2911 1903 3031 1957 quae
3060 1903 3159 1957 per
3182 1888 3492 1943 Antiochum
3529 1888 3677 1943 conti-

2138 1978 2248 2048 git;
2293 1987 2354 2031 ut
2398 1978 2481 2035 vel
2519 1979 2598 2032 sic
2637 1968 2894 2033 tet‘rorcm
2940 1979 3179 2034 incutiat.
3212 1978 3281 2034 Ut
3316 1997 3412 2034 non
3453 1982 3502 2034 in
3523 1980 3682 2033 viribus

2138 2067 2265 2137 suis.
2295 2067 2350 2122 ld
2377 2076 2480 2133 est,
2508 2076 2717 2138 poterat
2753 2068 2891 2125 Deus
2914 2069 3060 2123 illum
3099 2070 3432 2140 reprimere:
3459 2070 3544 2125 sed
3580 2084 3683 2139 per-

2143 2159 2289 2214 misit
2317 2157 2387 2213 ob
2412 2168 2629 2229 peccata
2649 2198 2665 2225 ,
2694 2169 2749 2213 et
2774 2174 2879 2213 non
2918 2175 3103 2215 eorum
3128 2162 3220 2231 qui
3263 2161 3559 2231 simpliciter
3581 2175 3686 2229 pec-

2143 2261 2377 2318 cassent,
2409 2251 2503 2307 sed
2541 2262 2821 2322 postquam
2861 2253 3127 2324 completa
3148 2263 3279 2309 sunt
3302 2263 3526 2324 peccata.
3552 2253 3691 2324 Igitur

2145 2344 2465 2401 delictorum
2500 2344 2677 2415 aliqua
2706 2360 2954 2400 mensura
3000 2346 3122 2401 est?
3161 2344 3410 2401 Nondum
3442 2346 3591 2412 enim,
3628 2345 3694 2398 in-

2146 2435 2278 2507 quit,
2310 2435 2558 2506 complete
2585 2445 2728 2489 erant
2765 2444 2972 2506 peccata
3010 2436 3424 2492 Amorrha’orutn
3459 2434 3692 2509 (Gen.15.

2149 2530 2260 2601 16).
2288 2528 2356 2584 Ει
2383 2528 2621 2596 adverte,
2652 2528 2887 2583 nondum
2931 2528 3109 2599 itaque
3141 2529 3474 2595 incendium,
3496 2528 3580 2584 sed
3605 2542 3696 2582 cte-

2147 2621 2294 2678 dium
2316 2620 2637 2677 occisiones.
2658 2620 2789 2675 Nam
2812 2635 2934 2677 cum
2960 2620 3174 2691 quidam
3201 2620 3369 2676 futuri
3390 2628 3556 2677 essent
3573 2618 3694 2681 boni,

2148 2722 2205 2769 et
2230 2713 2469 2783 patribus
2516 2712 2948 2783 praestantiores,
2977 2712 3234 2783 supplicia
3286 2726 3490 2784 quoque
3523 2710 3699 2765 minora

2152 2803 2323 2860 fuere.
2363 2804 2492 2860 Haec
2527 2811 2705 2859 autem
2741 2803 3023 2870 dicuntur,
3064 2818 3133 2860 ne
3168 2804 3430 2870 victoriis,
3462 2816 3583 2873 quas
3619 2799 3703 2853 sub

2152 2895 2479 2952 Zorobabele
2517 2895 2838 2966 reportaturi
2891 2903 3063 2960 erant,
3114 2894 3271 2963 elati,
3312 2908 3498 2966 segnes
3518 2892 3702 2947 fierem.

2155 2987 2222 3042 Et
2248 2987 2370 3044 vide
2417 2997 2477 3042 ut
2512 2985 2790 3057 splendida
2833 2986 3082 3058 quwdam
3125 3000 3232 3040 non
3285 2993 3444 3056 ponat
3469 2984 3576 3047 hic,
3603 2987 3705 3051 post

2158 3080 2245 3135 illa
2267 3094 2387 3151 quae
2413 3079 2478 3134 ad
2507 3078 2831 3134 Antiochum
2856 3078 3145 3149 pertinent,
3173 3076 3275 3134 sed
3299 3078 3561 3133 dumtaxat
3587 3071 3709 3127 solu-

2160 3171 2357 3227 tionem
2407 3186 2438 3224 a
2495 3170 2927 3235 calamitatibus,
2971 3179 3027 3227 et
3079 3180 3295 3242 tempus
3331 3169 3468 3242 quod
3513 3165 3710 3223 obtinuit

2159 3262 2317 3318 dicat.
2362 3262 2498 3331 Quid
2543 3262 2738 3333 igitur?
2779 3261 3007 3330 hujusne
3054 3263 3320 3331 temporis
3357 3277 3460 3317 non
3497 3257 3713 3331 prmdixit

2160 3354 2554 3423 captivitatem?
2579 3354 2720 3410 Sane
2742 3354 3004 3425 praidixit,
3030 3354 3126 3409 sed
3148 3355 3306 3411 valde
3328 3356 3561 3411 obscure.
3588 3350 3715 3403 Ideo-

2161 3463 2265 3517 que
2290 3446 2532 3502 Christus
2571 3447 2644 3501 ait
2683 3463 2696 3500 :
2733 3446 2861 3502 Cum
2886 3447 3110 3501 videritis
3148 3447 3564 3501 abominationem
3587 3442 3714 3496 deso-

2163 3535 2388 3602 lationis,
2427 3538 2514 3604 qni
2551 3538 2671 3607 legit
2711 3537 2958 3606 intelligat
2986 3535 3197 3609 (Matth.
3232 3538 3329 3593 24.
3364 3535 3473 3607 15).
3499 3533 3713 3592 Vcnient,

2166 3629 2367 3699 inquit,
2399 3631 2549 3700 quasi
2596 3631 2709 3699 ipse
2753 3645 2856 3684 non
2900 3630 3220 3684 vaticinatus
3268 3628 3475 3685 fuisset.
3517 3626 3716 3681 Etnon-

2168 3721 2297 3776 nulli
2322 3721 2538 3791 quidem
2564 3721 2785 3786 dicunt,
2814 3721 3004 3776 merito
3032 3722 3131 3775 ista
3155 3736 3266 3775 non
3297 3736 3417 3776 esse
3447 3715 3675 3790 prmdicla
3703 3727 3717 3763 :

2167 3812 2418 3883 quoniam
2460 3813 2574 3867 lucc
2611 3813 2889 3881 captivitas
2933 3821 3141 3881 tempus
3177 3826 3242 3866 ac
3270 3812 3428 3866 finem
3468 3813 3721 3875 acceptura

2170 3920 2276 3959 non
2309 3910 2452 3959 crat.
2478 3902 2628 3958 Dabo
2655 3904 2788 3977 enim
2808 3944 2823 3970 ,
2857 3902 3059 3972 inquit,
3091 3912 3137 3956 et
3167 3902 3426 3972 improbos
3456 3902 3544 3969 pro
3573 3892 3722 3964 sepul-

2170 4007 2285 4051 tura
2309 3997 2437 4067 ejns,
2463 4004 2509 4049 et
2528 3996 2711 4049 divites
2729 4011 2823 4065 pro
2846 4005 3004 4049 morte
3024 3995 3154 4063 eius.
3176 3994 3243 4048 Et
3269 4006 3324 4048 tu
3348 3992 3493 4064 signa
3514 3989 3723 4044 visionem

2172 4090 2302 4142 hanc
2323 4130 2337 4155 ,
2377 4088 2497 4156 quia
2538 4088 2591 4141 in
2633 4087 2739 4141 dies
2768 4086 2951 4140 inultos
2978 4086 3069 4140 erit
3100 4084 3258 4155 (lsai.
3289 4086 3377 4142 53.
3408 4084 3485 4155 9).
3513 4081 3616 4136 Hoc
3636 4085 3723 4139 ρει,

2170 4179 2410 4246 Custodi,
2441 4192 2718 4240 conserva,
2750 4193 2818 4232 ne
2839 4174 3189 4232 diuturnitate
3220 4174 3478 4244 temporis
3510 4181 3726 4226 corrum-

2174 4283 2348 4342 patnr.
2376 4271 2509 4326 Vide
2536 4271 2700 4325 Deum
2729 4268 2927 4338 ubique
2957 4267 3062 4321 illis
3090 4281 3333 4338 parcere.
3361 4260 3731 4319 Descenderam

2175 4366 2227 4418 in
2256 4362 2563 4434 Egyptum,
2595 4360 2820 4431 improbi
2848 4358 3165 4426 evaserunt;
3194 4373 3302 4413 non
3331 4354 3615 4416 abscessit,
3640 4347 3729 4402 du~

2174 4454 2251 4510 xit
2275 4468 2369 4508 eos
2404 4455 2454 4507 in
2500 4452 2795 4507 desertum.
2828 4451 3245 4506 Permanserunt
3285 4450 3341 4505 in
3382 4446 3612 4509 malitia;
3642 4454 3731 4495 non

2176 4546 2399 4610 abstitit,
2434 4542 2725 4599 introduxit
2759 4557 2855 4598 eos
2886 4543 2939 4598 in
2971 4551 3167 4598 terram
3190 4539 3586 4612 promissionis.
3611 4532 3733 4587 Rm-

2176 4652 2267 4693 sns
2294 4638 2409 4692 illus
2434 4635 2639 4692 reduxit
2673 4635 2774 4691 sub
2812 4635 3110 4701 Antiocho;
3140 4633 3318 4691 adhuc
3353 4632 3513 4689 iidem
3544 4637 3736 4684 mense-

2177 4738 2319 4785 runt.
2356 4727 2622 4798 Tempore
2660 4726 2854 4783 Christi
2904 4726 3079 4782 adhuc
3127 4725 3284 4783 iidem
3319 4733 3419 4780 :et
3469 4732 3630 4791 neque
3669 4713 3737 4768 sic

2178 4822 2456 4891 abscessit,
2482 4820 2582 4876 sed
2612 4836 2825 4891 semper
2853 4835 3036 4875 eorum
3076 4834 3258 4875 curam
3286 4818 3447 4889 gerit.
3479 4815 3546 4870 Et
3568 4823 3739 4882 quem.

2178 4915 2462 4972 admodum
2498 4914 2777 4980 naturalia,
2805 4928 3030 4984 quaeque
3072 4928 3105 4968 ι
3145 4921 3331 4967 natura
3364 4907 3518 4965 nobis
3555 4905 3735 4962 insunt.

2179 5026 2464 5082 numquam
2511 5006 2904 5071 abscesserint,
2953 5005 3209 5077 quidquid
3253 5003 3510 5060 eveniat:
3540 4997 3609 5053 ita
3653 5004 3740 5048 nec

2181 5103 2354 5165 Deus;
2384 5101 2489 5154 imo
2524 5098 2648 5152 ﬁeri
2690 5095 2905 5167 quidem
2935 5104 3113 5165 potest
3157 5105 3213 5149 ut
3259 5094 3341 5148 illa
3385 5089 3628 5146 deficiant
3656 5100 3668 5135 :
3697 5089 3742 5135 at

2184 5192 2275 5246 Dei
2304 5188 2687 5260 providentiam
2718 5201 2780 5240 ac
2809 5200 2991 5240 curam
3020 5186 3274 5241 recedere
3295 5178 3624 5252 impossibile
3642 5183 3738 5229 est.

2184 5282 2324 5337 Nam
2349 5282 2412 5347 si,
2443 5280 2630 5350 inquit,
2660 5290 2706 5333 et
2730 5277 2888 5333 oblita
2917 5279 3067 5349 fuerit
3108 5279 3288 5332 mulier
3319 5274 3545 5329 misereri
3567 5270 3743 5340 {etum

2181 5374 2310 5429 uteri
2335 5374 2433 5435 sui,
2455 5373 2544 5426 sed
2566 5388 2657 5442 ego
2685 5387 2787 5425 non
2816 5368 3081 5423 obliviscar
3102 5369 3177 5423 tui
3203 5367 3353 5440 (Isai,
3384 5364 3475 5421 49.
3508 5362 3615 5433 15).
3642 5355 3742 5413 Sic-

2184 5476 2242 5522 ut
2268 5465 2408 5520 enim
2442 5471 2609 5518 mater
2647 5477 2750 5516 non
2803 5462 3024 5532 respicit
3048 5460 3116 5516 ad
3165 5459 3457 5514 liberorum
3486 5454 3743 5509 virtutem,

2183 5557 2275 5615 sed
2294 5566 2505 5611 natura:
2535 5554 2706 5626 legem
2734 5553 2917 5624 implet
2945 5570 2959 5606 :
2994 5553 3086 5617 ita,
3106 5559 3171 5607 .et
3195 5550 3358 5606 multo
3380 5546 3576 5618 magis,
3614 5540 3747 5596 Deus

2183 5665 2395 5719 semper
2443 5663 2625 5704 curam
2654 5647 2808 5719 gerit,
2841 5661 2942 5702 nec
2988 5661 3250 5717 umquam.
3279 5642 3522 5706 destitit;
3551 5646 3746 5704 semper

2185 5742 2427 5799 eamdem
2460 5753 2764 5795 mensuram
2795 5737 3031 5796 exhibet.
3062 5736 3152 5793 27.
3181 5736 3246 5793 Et
3263 5727 3575 5807 egebant!
3607 5726 3746 5780 decu-
