4038 6204
154 245 246 304 ἳ41

157 363 342 417 urbem
362 372 466 413 non
485 355 762 425 remigi-at,
786 361 842 409 ιιι
861 362 1016 410 antea
1038 352 1136 425 (a).
1165 351 1296 422 Quis
1318 359 1495 408 autem
1517 351 1735 406 omnino

158 454 217 507 de
247 452 419 508 reditu
448 450 479 504 ιι
501 456 700 520 quutus
728 447 849 504 est?
876 447 1065 503 Nemo.

813 583 966 640 CAP.
1007 582 1075 638 Χ.

230 721 251 774 1
319 736 337 770 ι
374 717 428 772 In
452 731 594 774 anno
623 716 781 773 tertio
801 715 921 787 Cyri
943 715 1082 786 regis
1107 714 1388 770 Persarum
1417 711 1491 785 (ὁ)
1522 711 1737 768 verbum

161 811 450 868 revelatum
479 821 559 864 cet
589 808 812 874 Danieli,
839 808 928 878 qui
954 808 1257 862 nominatus
1276 815 1356 861 est
1385 806 1641 860 Baltasar.
1676 804 1743 858 Et

161 919 342 961 verum
368 912 483 958 erat
510 902 730 956 verbum
757 917 770 965 ;
804 909 858 956 et
880 900 1116 971 polentia
1143 913 1329 967 magna
1357 907 1411 953 et
1439 897 1744 966 intelligen-

160 1002 224 1053 tia
249 998 373 1054 data
401 1006 482 1052 est
503 997 552 1051 ei
585 997 635 1050 in
659 995 884 1049 visione.
912 993 965 1048 2.
998 993 1054 1048 In
1075 992 1262 1047 diebus
1291 992 1394 1044 illis
1423 1006 1521 1060 ego
1551 989 1734 1045 Daniel

161 1092 207 1155 in
230 1091 374 1144 luctu
405 1103 549 1144 cram
582 1096 688 1142 tres
716 1084 1096 1141 hebdomadas.
1121 1085 1174 1138 5.
1216 1083 1411 1137 Panem
1446 1081 1742 1136 desiderio-

160 1200 272 1238 rum
302 1198 410 1238 non
441 1179 680 1244 comedi,
708 1190 764 1234 et
797 1192 986 1234 carnes
1013 1192 1075 1232 ac
1096 1176 1274 1230 vinum
1297 1190 1401 1230 non
1426 1175 1746 1229 introierunt

162 1278 212 1330 iu
251 1293 314 1330 os
342 1291 521 1331 meum
553 1315 568 1340 ,
600 1284 654 1328 et
685 1279 953 1343 unguento
991 1285 1097 1325 non
1127 1277 1316 1324 unctus
1343 1282 1460 1322 smn
1493 1281 1657 1336 usque
1679 1265 1744 1318 ad

162 1378 265 1428 tres
297 1363 666 1423 hebdomadas
696 1362 902 1418 dierum
942 1379 961 1413 ι
997 1360 1093 1431 (c).
1123 1359 1300 1426 Quare
1336 1357 1529 1411 iterum
1557 1355 1748 1426 luget?

163 1459 287 1514 Nam
330 1459 379 1513 si
411 1458 612 1527 primus
642 1472 816 1510 annus
849 1455 970 1527 (Syri
1013 1453 1336 1518 advenerat,
1367 1465 1462 1506 cur
1490 1449 1632 1519 luget
1652 1449 1676 1502 ?
1696 1455 1751 1502 et

166 1567 349 1606 omnes
376 1551 490 1605 dies
512 1593 527 1615 ,
559 1565 678 1604 cum
716 1564 878 1602 unum
914 1547 1186 1600 dumtaxat
1219 1545 1399 1613 lugere
1439 1539 1750 1596 debuisset?

168 1643 372 1698 Rursus
403 1640 532 1694 nihil
562 1639 707 1693 audit
730 1638 800 1692 de
820 1638 884 1691 iis
909 1637 1088 1701 rebus,
1125 1649 1222 1704 pro
1251 1633 1441 1703 quibus
1463 1639 1596 1686 orat.
1620 1629 1749 1683 Mihi

169 1735 378 1789 videtur
415 1731 556 1802 quod
593 1746 687 1799 pro
726 1729 990 1783 solutione
1023 1725 1381 1781 calamitatum
1408 1720 1750 1793 prmsentium

173 1835 434 1896 precatur.
466 1825 532 1879 At
555 1823 692 1879 Deus
716 1820 846 1874 nihil
877 1820 1002 1885 tale,
1035 1817 1130 1873 sed
1156 1817 1384 1886 idipsum
1413 1812 1552 1884 quod
1569 1826 1748 1881 supra,

172 1929 327 1986 atque
355 1917 589 1987 apertius
614 1917 760 1970 dicit.
790 1914 896 1966 imo
919 1921 974 1965 ut
995 1924 1184 1965 omnes
1211 1907 1430 1963 redeant
1450 1949 1463 1968 ,
1493 1913 1612 1959 orat
1645 1904 1753 1957 Da-

177 2010 301 2064 niel.
356 2009 498 2062 Licet
538 2007 680 2075 enim
710 2019 900 2074 magna
929 2008 1110 2056 essent
1154 2001 1290 2054 mala
1315 2039 1328 2061 ,
1360 1997 1550 2068 quibus
1582 1993 1753 2049 λιιιιωί

179 2101 552 2172 premebantur
583 2139 598 2164 ,
661 2113 770 2164 non
825 2106 1000 2151 tamen
1073 2093 1196 2148 ideo
1255 2089 1464 2145 volebat
1525 2087 1753 2159 patriam

175 2199 436 2250 amittere.
481 2193 583 2248 Iste
625 2200 803 2246 autem
847 2188 1066 2258 angelus
1109 2185 1303 2240 clarius
1339 2199 1401 2237 ac
1431 2181 1668 2236 exactius
1702 2178 1755 2234 id

173 2286 318 2340 dicit.
350 2284 483 2339 Vide
506 2292 686 2342 autem
715 2280 910 2351 ubique
933 2276 1204 2333 Danielem
1232 2290 1336 2330 non
1363 2273 1673 2342 simpliciter
1692 2284 1757 2325 ac

173 2380 285 2432 sine
312 2376 504 2431 labore
520 2375 762 2430 obtinere
785 2371 1037 2434 visiones,
1067 2367 1161 2424 sed
1178 2365 1550 2436 cumjejuniis.
1575 2363 1758 2432 Quan-

171 2469 238 2522 do
275 2467 523 2537 0portuit
567 2465 836 2522 somnium
881 2462 1128 2525 discere,
1169 2458 1427 2528 jejunium
1459 2455 1753 2527 prmcessit.

172 2560 304 2616 Cum
321 2558 543 2615 Gabriel
569 2556 837 2626 apparuit,
856 2553 1118 2623 jejunium
1155 2551 1346 2606 iterum
1372 2590 1388 2615 ,
1426 2558 1480 2603 et
1507 2547 1641 2604 cinis
1659 2588 1672 2611 ,
1704 2554 1760 2602 et

173 2667 363 2714 saccus
394 2670 408 2705 :
433 2666 558 2706 cum
589 2651 688 2705 iste
715 2647 1041 2718 conSpicitur
1064 2685 1079 2710 ,
1119 2653 1173 2699 et
1191 2643 1459 2714 jejunium
1481 2652 1536 2697 et
1561 2641 1754 2696 oratio.

172 2746 270 2802 Sed
297 2745 426 2800 vide
451 2743 698 2813 angelum
738 2757 799 2796 se
839 2737 1224 2810 propemodum
1251 2749 1506 2792 excusare
1533 2734 1755 2790 Danicli.

173 2839 222 2893 4.
250 2856 270 2889 ι
310 2838 377 2892 Ει
400 2837 454 2890 in
485 2835 572 2890 die
600 2834 850 2904 vigesima
875 2841 1061 2902 quarta
1090 2830 1288 2885 mensis
1313 2829 1466 2899 primi
1493 2844 1589 2900 ego
1611 2843 1757 2884 eram

170 2929 315 2996 juxta
356 2927 575 2982 fluvium
607 2939 853 2992 magnum
875 2965 890 2988 ,
926 2923 1011 2978 hic
1040 2933 1124 2977 est
1153 2921 1344 2989 Tigris.
1386 2920 1440 2975 5.
1485 2921 1549 2974 Et
1591 2919 1758 2974 levavi

176 3022 362 3077 (ICIIIOS
389 3033 542 3074 meos
561 3059 576 3083 ,
603 3026 656 3072 et
679 3015 782 3070 vidi
811 3032 824 3070 :
857 3025 911 3078 et
951 3029 1078 3076 ecce
1106 3013 1187 3067 vir
1207 3011 1422 3068 indutus
1447 3011 1629 3066 Badim
1659 3053 1673 3076 ,
1707 3019 1763 3067 et

174 3113 390 3170 lumbus
411 3111 529 3180 ejus
552 3109 864 3180 prmcinctus
882 3121 1013 3162 auro
1036 3106 1232 3176 ()phaz,
1256 3105 1308 3161 6.
1338 3113 1391 3160 et
1407 3119 1600 3174 corpus
1621 3103 1758 3174 ejus,

176 3207 325 3275 quasi
357 3203 603 3267 Tharsis,
632 3211 683 3256 et
713 3201 873 3268 facies
894 3201 1009 3268 ejus
1031 3240 1046 3262 ,
1071 3208 1128 3251 ut
1151 3207 1398 3267 aspectus
1421 3195 1640 3268 fulguris
1660 3235 1678 3263 ,
1707 3203 1762 3251 et

175 3298 308 3350 oculi
357 3295 511 3364 ejus,
545 3295 689 3350 velut
727 3293 996 3362 lampades
1024 3291 1195 3362 ignis,
1225 3299 1280 3345 et
1307 3289 1521 3344 brachia
1552 3289 1669 3358 ejus
1696 3304 1761 3345 ac

172 3381 356 3454 crura,
379 3388 518 3442 sicut
548 3386 681 3440 visio
705 3385 826 3439 a'ris
851 3383 1179 3439 coruscantis
1203 3425 1218 3450 ,
1240 3391 1292 3438 et
1321 3398 1422 3438 vox
1453 3398 1759 3437 sermonum

176 3483 312 3550 ejus,
347 3479 500 3550 quasi
525 3494 624 3532 vox
654 3478 840 3532 turbte.
871 3477 922 3530 7.
951 3478 1015 3531 Et
1042 3476 1145 3530 vidi
1173 3491 1272 3547 ego
1303 3477 1484 3531 Daniel
1506 3477 1652 3532 solus
1683 3477 1761 3531 vi-

176 3575 383 3628 sionem
407 3614 422 3636 ,
459 3581 515 3627 et
552 3571 649 3625 viri
675 3573 764 3642 qui
797 3579 951 3625 erant
985 3585 1193 3625 mecum
1234 3569 1489 3625 visionem
1532 3587 1638 3626 non
1681 3571 1763 3625 vi-

177 3665 394 3728 derunt,
426 3661 524 3717 sed
549 3673 719 3716 terror
743 3663 918 3743 gravis
943 3662 1094 3716 irruit
1115 3676 1277 3730 super
1297 3675 1411 3727 eos,
1439 3671 1495 3717 et
1516 3662 1763 3733 fugerunt

177 3759 225 3812 in
253 3758 475 3814 timore.
497 3757 551 3811 8.
588 3755 651 3810 Et
681 3770 781 3826 ego
802 3756 1017 3810 relictus
1040 3769 1157 3809 sum
1179 3755 1348 3822 solus,
1371 3766 1425 3810 et
1451 3754 1558 3809 vidi
1587 3754 1722 3810 visio
1737 3785 1758 3795 -

177 3866 302 3904 nem
338 3864 581 3920 magnam
607 3849 762 3914 hanc,
791 3857 844 3903 et
873 3863 986 3920 non.
1003 3847 1260 3902 remansit
1289 3847 1340 3902 in
1371 3862 1456 3901 me
1484 3847 1758 3915 fortitudo,

177 3951 228 3996 et
255 3939 434 4012 gloria
481 3955 598 3996 mea
624 3953 881 3994 conversa
910 3948 992 3995 est
1021 3940 1074 3994 in
1111 3938 1506 4008 corruptionem
1532 3979 1547 4002 ,
1575 3947 1628 3994 et
1653 3954 1760 3994 non

179 4032 381 4087 retinui.
405 4031 590 4086 robur.
615 4031 669 4087 9.
695 4030 763 4085 Et
781 4030 958 4086 audivi
979 4044 1164 4086 vocem
1190 4043 1498 4085 sermonum
1527 4027 1678 4097 ejus:
1708 4038 1764 4085 et

178 4140 306 4179 cum
332 4139 438 4194 ego.
469 4123 709 4178 audirem
741 4163 758 4189 ,
795 4138 940 4180 eram
981 4130 1332 4192 compunctus
1370 4135 1531 4191 super
1573 4120 1761 4177 faciem

180 4232 358 4272 meam
380 4258 396 4282 ,
425 4226 484 4272 et
515 4214 679 4272 facies
705 4230 820 4271 mea
847 4203 1008 4285 super
1035 4223 1252 4268 terram.
1283 4212 1370 4268 10.
1401 4213 1465 4267 Et
1489 4227 1614 4268 ecce
1643 4227 1760 4268 ma-

184 4324 282 4365 nus
308 4308 476 4378 tetigit
510 4322 619 4373 me,
645 4321 710 4362 ac
735 4306 910 4364 erexit
931 4321 1024 4362 me.
1041 4319 1200 4374 super
1226 4319 1398 4374 genua
1420 4319 1562 4369 mea,
1587 4313 1640 4359 et
1665 4319 1761 4358 su-

184 4415 276 4474 per
322 4398 544 4470 vestigia
587 4398 786 4468 pedum
831 4412 1070 4452 meorum
1103 4397 1143 4448 ί.
1167 4396 1255 4450 11.
1288 4395 1354 4451 Ει
1378 4394 1512 4450 dixit
1535 4394 1602 4450 ad
1631 4410 1759 4452 me:

187 4491 406 4557 Daniel,
453 4490 538 4546 vir
563 4487 952 4545 desideriorum
981 4527 997 4553 ,
1045 4487 1279 4557 intellige
1325 4485 1377 4541 in
1425 4486 1763 4542 sermonibus

185 4599 318 4654 quos
349 4599 454 4656 ego
481 4582 672 4654 loquor
709 4579 776 4636 ad
809 4589 890 4641 te.
921 4591 977 4636 et
1011 4588 1090 4635 sta
1126 4579 1180 4635 in
1225 4580 1454 4634 statione
1485 4587 1608 4644 tua,
1636 4578 1761 4650 quia

245 4765 260 4795 ¹
303 4761 639 4813 Tbeodoretus
658 4758 800 4824 legit,
817 4762 1048 4812 manuum
1063 4768 1298 4815 mearum,
1311 4767 1418 4818 pro,
1439 4753 1616 4819 pedum
1633 4767 1762 4806 meo-

189 4836 308 4873 non.

246 4888 317 4947 (u)
349 4884 720 4935 lnterdixerant
739 4883 924 4945 quippe
961 4881 1150 4930 Romani
1179 4877 1372 4947 Judazis,
1419 4890 1484 4926 ne
1519 4877 1761 4947 iterosoly-

192 4937 313 4996 mam
345 4937 960 5009 ingrederentur."restes
987 4950 1103 5009 sunt
1140 4937 1381 4998 Justinus,
1420 4937 1758 5000 Tertullianu's,

193 5004 432 5066 msebius',
455 5007 678 5067 Hilarius,
701 5007 960 5068 Gregorius
991 5004 1326 5063 ﬁaziauzenns,
1367 5009 1577 5051 Severus
1613 5009 1763 5065 atque

193 5071 512 5118 Itieronvmus.

254 5085 620 5194 δῖ”ιῖἓηῗέῃυτ
643 5136 861 5192 tempore
885 5127 934 5178 in
950 5133 1171 5194 extrema
1183 5124 1761 5194 senectuteeratnnanicl.

191 5195 238 5240 Π
262 5185 414 5255 tamen
439 5185 889 5255 s.'Cltr.vsostornus,
919 5193 1064 5239 tertio
1085 5190 1150 5255 de
1182 5185 1651 5255 incomprehensibili
1680 5188 1762 5235 Dei

194 5262 367 5310 natura.
382 5249 622 5317 juvenem
637 5255 760 5304 t'acit.
787 5253 996 5313 (Nempe
1025 5259 1073 5301 Τ.
1102 5252 1147 5322 1,.
1175 5255 1229 5300 Αι
1263 5249 1623 5359 (‘harlbjes‘oslomus
1645 5262 1761 5310 par-

194 5325 309 5359 m-
331 5324 373 5359 ιι
394 5330 527 5359 seu:
550 5313 733 5359 nullam
755 5320 1020 5359 temoorum
1043 5320 1275 5359 rationem
1295 5310 1326 5359 It
1439 5310 1476 5359 .i

192 5325 309 5379 uti.
331 5310 527 5379 et'acpe
550 5310 1020 5379 miltmurtemmrian
1043 5312 1275 5379 rationem
1295 5310 1476 5379 habet.)

249 5370 315 5437 (ι’)
343 5370 679 5427 Tbedtkrretus
700 5377 795 5434 hic,
812 5370 860 5424 SI
879 5374 1077 5424 Basilius
1090 5373 1288 5437 Homilia
1310 5373 1459 5437 prima
1469 5371 1535 5419 de
1556 5370 1761 5437 Jejunio,

194 5445 244 5507 gl
260 5433 421 5490 ‘m
444 5440 660 5489 secunda
682 5433 1077 5507 contra‘Jndasos.
1099 5435 1203 5485 cibo
1234 5433 1429 5507 penitus
1451 5440 1506 5506 et
1521 5440 1638 5507 potu
1655 5433 1761 5506 abs-

192 5497 400 5551 li'naltem
451 5514 540 5566 per
584 5508 688 5550 tres
735 5496 1329 5566 hebdomadasmansisse
1371 5496 1755 5566 Danielent__opi-

197 5571 355 5612 mur
380 5577 393 5612 :
421 5556 476 5612 n't
497 5562 562 5610 de
587 5568 713 5610 Ilose
735 5559 915 5619 legitur
938 5560 1084 5608 Exodi
1106 5560 1184 5618 54,
1210 5560 1288 5609 28.
1317 5558 1446 5618 Quod
1469 5570 1579 5607 cum
1600 5556 1762 5606 divino

197 5624 705 5690 qmtextuigadvcrsari
731 5621 966 5683 videatur,
993 5622 1042 5671 in
1072 5623 1364 5676 sententiam
1399 5630 1444 5672 s.
1483 5621 1759 5683 Hieronymi

199 5682 381 5739 ἀέρων
405 5688 583 5743 liberta,

1537 234 1603 291 IN
1643 235 1871 292 DANIEI
1885 235 1988 291 ,ΕΜ

3322 237 3426 295 2i?

1851 367 1991 406 nunc
2021 365 2120 416 ego
2145 349 2340 406 missus
2368 367 2483 405 smn
2512 351 2578 406 ad
2609 359 2679 406 te.
2710 351 2952 420 Cumque
2987 351 3295 424 loqueretur
3321 355 3435 424 ipse

1844 442 1910 497 ad
1939 458 2025 498 tne
2045 457 2351 497 sermonem
2383 442 2565 506 istum,
2593 443 2805 498 surrexi
2829 451 3081 498 tremens.
3140 444 3225 498 1‘2.
3259 444 3324 499 Et
3352 447 3433 499 di-

1849 533 1926 588 xit
1953 533 2019 587 ad
2043 548 2127 587 me
2153 551 2166 588 :
2196 533 2275 588 Ne
2303 534 2506 598 timeas,
2553 535 2754 597 Daniel,
2782 536 2906 604 quia
2933 549 2963 589 a
2985 534 3071 589 die
3093 535 3261 604 prima
3284 575 3298 601 ,
3328 552 3431 605 qua

1848 625 2041 680 dedisti
2071 641 2169 681 cor
2191 633 2337 678 tuum
2365 625 2430 678 ad
2465 625 2888 694 intelligendum,
2922 633 2974 680 et
3003 625 3066 680 ad
3098 625 3435 695 affligcndum

1854 728 1905 772 te
1927 732 2108 772 coram
2146 719 2368 772 Domino
2401 718 2510 772 Deo
2543 727 2633 770 tuo
2653 759 2666 783 ,
2699 717 2876 771 audita
2899 727 3022 772 sunt
3050 717 3208 771 verba
3242 730 3348 782 tua,
3383 730 3438 771 et

1852 826 1952 882 ego
1972 811 2092 866 veni
2118 811 2170 865 in
2190 811 2368 866 verbis
2403 811 2526 865 tuis.
2560 828 2580 861 ι
2612 810 2775 864 Vides
2803 810 2942 880 quod
2973 810 3082 864 dixi
3105 851 3119 876 ,
3155 812 3294 865 hunc
3317 823 3434 864 tan-

1852 913 1961 958 tum
1983 919 2088 958 non
2129 919 2190 958 se
2226 918 2481 958 excusare
2513 902 2712 956 Danieli
2742 903 2765 955 ?
2799 901 2838 956 Α
2870 902 3033 973 prima
3061 903 3142 954 die
3165 944 3180 969 ,
3227 903 3436 972 inquit,

1852 997 2034 1050 missus
2058 1011 2188 1050 sum.
2218 995 2392 1060 Quare
2422 1010 2549 1064 ergo
2577 1002 2814 1048 moratus
2842 995 2943 1048 es?
2977 995 3056 1048 15.
3087 992 3157 1047 Et
3197 995 3432 1064 princeps

1852 1089 1994 1159 regni
2023 1087 2295 1141 Persarum
2335 1087 2469 1140 stetit
2517 1103 2578 1140 ea:
2616 1085 2828 1139 adverso
2858 1086 2955 1140 mei
2997 1103 3153 1139 unum
3191 1096 3236 1140 ct
3261 1086 3438 1156 viginti

1854 1179 1981 1233 dies.
2002 1178 2208 1232 Audisti
2243 1177 2394 1244 illud,
2431 1177 2607 1231 Posuit
2654 1179 2889 1232 terminos
2916 1179 3137 1248 gentium
3165 1179 3438 1232 secundum

1855 1287 2119 1324 numerum
2136 1272 2432 1340 angelorum
2449 1285 2652 1324 suorum
2677 1269 2850 1341 (Deut.
2875 1269 2964 1324 '52.
2989 1267 3082 1341 8)?
3105 1270 3170 1324 Et
3196 1285 3440 1340 unaquze-

1856 1377 1960 1432 que
1987 1378 2116 1432 gens
2138 1361 2444 1431 prmfectum
2474 1360 2634 1416 habet
2670 1361 2914 1430 angelum
2940 1402 2954 1424 ,
2993 1361 3079 1430 qui
3114 1359 3222 1413 vult
3252 1369 3440 1429 poten-

1858 1458 1960 1512 tior
1985 1473 2109 1511 esse
2137 1456 2372 1526 reliquis.
2397 1455 2460 1509 Et
2483 1455 2810 1525 intelligentia
2842 1454 2960 1507 data
2986 1464 3057 1507 est
3084 1455 3129 1506 ei
3153 1456 3204 1506 in
3232 1453 3438 1508 visione.

1857 1548 1970 1604 Non
2018 1548 2160 1603 enim
2215 1547 2514 1601 sufﬁciebat
2558 1546 2807 1600 docuisse
2850 1561 2911 1600 ea
2951 1561 3071 1616 qua:
3109 1545 3432 1623 dicebantur.

1858 1641 2044 1698 Cernis
2071 1643 2226 1696 aliter
2253 1641 2450 1695 institui
2497 1639 2826 1709 prophetas?
2860 1637 2926 1691 Et
2961 1640 3118 1692 virtus
3152 1655 3337 1709 magna
3361 1639 3441 1691 vi-

1860 1736 2046 1791 sionis.
2072 1735 2212 1792 Vere
2238 1735 2379 1789 enim
2403 1749 2607 1804 magn-.e
2639 1733 2919 1804 potestatis
2947 1730 3060 1797 fuit,
3090 1731 3230 1801 quod
3259 1731 3432 1784 homi-

1861 1843 1956 1883 nes
1981 1828 2178 1888 inlirmi
2209 1826 2433 1881 vicerint
2464 1826 2613 1880 illum
2658 1822 3017 1888 Antiochum,
3050 1823 3140 1891 qui
3165 1831 3238 1875 tot
3265 1832 3440 1875 tauta-

1860 1935 1966 1990 qne
2006 1925 2369 1988 superaverat.
2415 1917 2489 1970 Et
2521 1933 2691 1970 verum
2735 1914 2959 1968 verbum.
3002 1911 3440 1980 Quandoquidem

1864 2009 2103 2065 nonnulli
2134 2009 2387 2064 credituri
2429 2023 2533 2062 non
2563 2015 2739 2062 erant.
2780 2003 2939 2075 Cujus
2967 2020 3148 2058 nomen
3182 2002 3440 2056 Baltasar.

1861 2105 2259 2160 Commemorat
2288 2101 2378 2156 tibi
2421 2101 2631 2171 priora,
2679 2108 2737 2154 ut
2780 2099 2884 2153 fide
2927 2098 3121 2168 dignus
3162 2096 3441 2151 habeatur.

1865 2198 1946 2253 En
1992 2207 2048 2253 ct
2100 2198 2303 2252 Pascha
2345 2195 2510 2250 solvit
2555 2193 2654 2268 (a).
2711 2191 2844 2248 Nam
2901 2191 3106 2247 Pascha
3164 2190 3216 2244 in
3272 2187 3442 2259 primo

1863 2288 2166 2344 celebratur
2192 2300 2375 2342 mense
2400 2302 2416 2352 ;
2443 2287 2544 2340 iSte
2573 2298 2700 2340 vero
2721 2298 2890 2360 usque
2920 2282 2984 2336 ad
3013 2291 3256 2352 quartam
3289 2288 3344 2334 ct
3369 2280 3446 2334 vi-

1863 2381 2118 2438 cesimam
2157 2380 2357 2434 mensis
2376 2376 2658 2448 jejunavit.
2691 2375 2879 2430 Incidit
2900 2382 3076 2429 autem
3105 2374 3156 2428 in
3182 2373 3445 2426 decimam

1863 2481 2105 2544 quartam
2131 2470 2391 2541 jejunium
2422 2469 2561 2522 illius
2581 2508 2594 2530 ,
2623 2474 2679 2521 et
2703 2481 2733 2519 a
2759 2463 2966 2519 decima
2991 2473 3179 2534 quarta
3207 2461 3270 2514 ad
3299 2461 3446 2516 vice-

1864 2566 2056 2621 simam
2079 2565 2323 2634 primam,
2351 2571 2404 2616 et
2425 2560 2557 2615 duos
2588 2559 2720 2613 alios
2749 2557 2866 2613 dies
2891 2556 3062 2611 durat.
3097 2554 3229 2609 Vide
3253 2553 3443 2622 legalia

1860 2659 1968 2728 jam
1987 2667 2114 2713 tunc
2139 2656 2299 2711 fuisse
2327 2654 2599 2724 abrogata.
2628 2651 2816 2706 Nonne
2844 2665 2951 2720 pra:
2973 2647 3255 2702 formidine
3279 2647 3330 2699 in
3362 2645 3446 2699 fu-

1864 2767 1982 2822 gam
2005 2762 2296 2806 conversus
2320 2762 2398 2810 es,
2425 2761 2458 2800 ο
2490 2743 2704 2800 Daniel?
2734 2741 2967 2805 Minime,
2995 2739 3182 2810 inquit.
3215 2737 3449 2792 Atlverte

1866 2857 1973 2912 quo
2001 2840 2104 2896 loci
2131 2839 2302 2892 visum
2330 2835 2508 2892 videat
2546 2853 2559 2888 :
2594 2834 2646 2888 in
2676 2832 2894 2888 deserto
2918 2873 2934 2897 ,
2963 2831 3103 2884 sicut
3135 2837 3189 2883 et
3216 2827 3448 2897 Moyses.

1871 2932 2040 2989 Urbes
2059 2946 2288 3000 namque
2309 2927 2624 2983 tumultibus
2649 2933 2703 2980 et
2726 2923 3122 2992 perturbatione
3147 2919 3313 2988 plena‘
3327 2926 3452 2971 sunt

1868 3022 1990 3096 (ὁ).
2021 3023 2112 3079 Sic
2136 3022 2296 3076 etiam
2325 3017 2570 3073 Christus
2600 3017 2653 3071 in
2685 3023 2866 3070 monte
2897 3010 3327 3081 lrmsfiguratur.
3361 3009 3446 3063 15.

1874 3136 1892 3172 ι
1931 3118 2000 3172 Ει
2034 3131 2164 3171 ecce
2198 3112 2429 3169 Michael.
2459 3126 2598 3167 unus
2625 3110 2692 3165 de
2733 3106 3065 3180 principibus
3094 3103 3280 3174 primis
3306 3101 3451 3155 venit

1867 3209 1933 3264 ad
1971 3207 2336 3263 auxiliandum
2372 3203 2500 3259 mihi
2533 3211 2628 3258 :et
2667 3216 2753 3256 me
2799 3200 3131 3268 reliquerunt
3165 3195 3236 3250 ibi
3279 3194 3292 3224 '
3323 3208 3443 3247 cum

1867 3302 2108 3372 principe
2133 3299 2273 3369 regis
2293 3297 2597 3352 Persarum.
2637 3294 2724 3349 ll.
2761 3292 2828 3346 Et
2860 3291 2980 3345 veni
3018 3297 3076 3343 ut
3117 3287 3368 3342 docerem
3397 3295 3450 3339 te.

1867 3406 2216 3464 qnzecumque
2254 3399 2508 3446 eventura
2551 3394 2676 3441 sunt
2707 3383 2902 3455 populo
2937 3391 3028 3435 tuo
3057 3381 3110 3434 in
3149 3377 3451 3434 novissimis

1867 3487 2056 3544 diebus
2075 3529 2091 3553 ,
2117 3486 2237 3554 quia
2264 3498 2389 3539 ecce
2417 3482 2550 3536 visio
2583 3481 2634 3534 in
2666 3479 2802 3532 dies.
2830 3476 2918 3530 15.
2954 3475 3019 3529 Et
3042 3489 3162 3530 cum
3192 3473 3442 3542 loquere-

1869 3589 1954 3634 tur
1976 3579 2088 3647 ipse
2110 3591 2317 3631 mecum
2345 3574 2523 3630 omnia
2551 3570 2710 3625 verba
2740 3567 2872 3632 hrec,
2908 3564 3029 3620 dedi
3058 3563 3246 3618 faciem
3274 3577 3446 3616 meam

1866 3684 2026 3739 super
2054 3678 2270 3728 terram,
2303 3676 2356 3720 et
2379 3669 2733 3732 compunctus
2759 3674 2896 3713 sum.
2932 3657 3019 3711 16.
3053 3655 3122 3709 Et
3147 3668 3274 3709 ecce
3299 3653 3448 3722 quasi

1867 3758 2159 3816 similitudo
2189 3758 2278 3810 filii
2304 3755 2534 3808 hominis
2561 3753 2730 3820 tetigit
2763 3749 2898 3803 labia
2931 3763 3070 3800 inea.
3105 3746 3164 3800 Et
3189 3744 3451 3812 aperuios

1866 3851 2128 3907 meum,et
2139 3842 2394 3910 loquutus
2406 3844 2608 3900 sum,et
2621 3833 2728 3891 dixi
2745 3832 2812 3887 ad
2827 3847 2952 3886 eum
2969 3830 3059 3901 qui
3074 3831 3252 3885 stabat
3263 3846 3446 3886 coram

1866 3951 1952 3991 me
1972 3953 1984 3986 :
2006 3932 2251 3996 Domine,
2286 3930 2343 3984 in
2371 3927 2584 3984 visione
2617 3934 2706 3979 tua
2732 3937 2996 3978 conversa
3027 3930 3155 3975 sunt
3186 3921 3440 3976 interiora

1867 4043 1986 4084 mea
2011 4027 2067 4080 in
2093 4039 2200 4086 me,
2235 4029 2292 4078 et
2323 4034 2450 4077 ecce
2476 4033 2587 4073 non
2625 4015 2798 4071 habeo
2829 4013 3224 4068 fortitudinem.
3260 4012 3346 4066 17.
3376 4010 3443 4067 Et

1867 4121 2137 4196 quomodo
2165 4117 2358 4190 poterit
2379 4128 2566 4172 servus
2587 4120 2728 4176 tuus,
2755 4108 2996 4170 Domine,
3024 4105 3167 4175 loqui
3190 4119 3310 4157 cum
3342 4102 3448 4154 Do-

1869 4191 2014 4271 miuo
2030 4228 2150 4268 meo
2179 4209 2318 4266 isto?
2341 4208 2407 4262 Et
2433 4221 2498 4260 ex
2525 4217 2665 4258 nunc
2682 4216 2786 4255 non
2808 4197 2968 4254 stabit
2989 4197 3040 4252 in
3063 4211 3148 4250 me
3175 4191 3463 4257 fortitudo,

1867 4316 1926 4364 et
1945 4307 2144 4361 halitus
2171 4308 2385 4367 nonest
2409 4298 2628 4354 relictus
2667 4295 2719 4350 in
2760 4308 2864 4348 me.
2894 4291 2984 4348 18.
3027 4289 3095 4344 Et
3134 4286 3370 4353 addidit,
3398 4294 3460 4340 et.

1869 4400 2041 4471 tetigit
2066 4413 2152 4452 me
2179 4393 2330 4466 quasi
2358 4391 2496 4447 visio
2530 4387 2762 4445 hominis
2794 4427 2810 4452 ,
2847 4393 2903 4440 et
2930 4380 3298 4439 corroboravit
3339 4394 3446 4434 me.

1876 4496 1957 4553 l9.
1993 4495 2057 4550 Et
2075 4493 2210 4548 dixit
2236 4489 2399 4548 mihi:
2423 4486 2501 4543 Ne
2532 4486 2741 4548 timeas,
2773 4482 2855 4537 vir
2880 4479 3268 4536 desideriorum
3296 4518 3312 4544 ,
3342 4492 3448 4548 pax

1871 4588 1962 4644 tibi
1994 4627 2010 4652 ,
2050 4584 2272 4640 viriliter
2299 4595 2418 4653 age,
2456 4595 2521 4636 ac
2547 4586 2667 4634 esto
2694 4575 2865 4631 fortis.
2899 4572 2966 4628 Et
2990 4561 3118 4627 cum
3141 4571 3466 4640 loqueretur-

1870 4680 1984 4750 ipse
2013 4690 2222 4733 mecum
2247 4715 2263 4740 ,
2293 4671 2674 4729 corroboratus
2703 4683 2821 4723 sum
2856 4706 2870 4729 ,
2901 4673 2956 4720 et
2979 4664 3088 4719 dixi
3122 4679 3136 4715 :
3177 4660 3466 4729 Loquatur

1873 4769 2129 4826 Dominus
2156 4780 2308 4822 meus
2334 4806 2349 4831 ,
2383 4763 2506 4835 quia
2543 4757 2902 4817 corroborasti
2929 4770 3034 4809 me.
3060 4752 3154 4809 20.
3184 4751 3252 4806 Et
3268 4751 3401 4805 dixit
3432 4769 3445 4806 :

1869 4861 1951 4918 An
1980 4861 2118 4916 nosti
2145 4874 2241 4914 cur
2259 4856 2380 4912 veni
2408 4854 2474 4910 ad
2503 4853 2591 4909 te?
2616 4852 2681 4906 Et
2710 4863 2851 4904 nunc
2869 4855 3131 4910 revertar,
3161 4853 3215 4898 ut
3236 4844 3464 4913 pra‘lier.

1869 4971 1990 5010 eum
2018 4950 2258 5022 principe
2285 4950 2587 5004 Persarum.
2617 4947 2789 5013 Atque
2813 4940 3162 5012 egrediebar;
3198 4938 3441 5009 princeps

1871 5062 2000 5103 vero
2021 5045 2330 5102 Graecorum
2347 5038 2608 5096 veniebat.
2623 5037 2685 5090 2|
2700 5075 2713 5089 .
2734 5033 3106 5089 Verumtamen
3121 5030 3466 5087 annuntiabo.

1932 5183 1947 5214 ¹
1987 5179 2040 5229 lu
2061 5180 2266 5228 Hebraeo
2288 5183 2338 5226 et
2362 5175 2408 5224 in
2432 5171 2636 5237 Vulgata
2661 5169 2860 5237 legitur,
2883 5175 2930 5220 et
2950 5181 3037 5231 ego
3057 5166 3274 5237 remansi

1931 5244 2004 5301 ta)
2039 5229 2861 5304 tlujusargumentiinterpretatio
2890 5229 3103 5304 petenda
3127 5239 3203 5304 est
3226 5244 3298 5304 ex,
3316 5229 3462 5304 libris.

1868 5292 2326 5359 adversus'tudmds,
2353 5298 2601 5360 inquibus
2624 5292 2711 5360 ista
2733 5292 3066 5360 omniaifuzlius
3082 5299 3364 5360 tractantur.

1930 5349 2006 5427 ('6)-
2017 5349 2244 5414 -ίιῖδὶίιηιί
2265 5349 2504 5427 νιιίῐηιιμῖιε
2539 5372 2596 5427 ac
2634 5357 2934 5427 iacetnmwa
2978 5354 3330 5427 pereleganter
3343 5349 3449 5427 Ade-

1867 5409 2248 5491 sciiéu'éi
2269 5409 2512 5491 coloribus
2532 5422 2724 5484 depicta
2749 5420 2902 5491 habes
2921 5409 3046 5491 aliud
3068 5409 3447 5491 ξηιξλξξξςρςιξξξξζ

1869 5476 1982 5538 lam‘
2001 5489 2285 5550 Gregorium
2313 5476 2916 5550 saaamuuh!__0ra.lione
2953 5476 3044 5550 ξδ’
3079 5476 3458 5550 Ch.",l§ll‘!“2¥f!¥

1869 5539 2243 5601 Demostlfénem
2269 5547 2487 5596 Basilium
2518 5542 2716 5594 ltomilia
2754 5543 2818 5592 de
2845 5539 3014 5590 Gordio
3037 5544 3274 5601 martyre;
3300 5543 3450 5601 aujne

1869 5592 2808 5675 EﬁiiﬁIEiiliéiaii""”sacﬁs"miscenda
2847 5608 2984 5660 sunt,
3002 5597 3127 5659 apud
3163 5592 3451 5645 iuvenalem

1869 5683 1970 5732 sat.
1989 5679 2043 5728 3.,
