4104 6214
336 254 447 312 245
994 286 999 293 ~

336 365 557 435 δρίζου.
585 360 698 416 Kal
727 358 879 427 ἔστη.
921 352 1075 419 Εἶδες
1107 357 1160 411 τί
1204 357 1352 411 ἐστιν
1376 354 1497 426 ὄψις
1532 353 1797 424 ἀγγέλους
1827 354 1921 427 Μὴ

335 454 571 527 νομίσῃς
608 451 807 525 χαλκὸν
832 444 974 505 εἶναι
996 449 1056 503 τὸ
1075 450 1372 522 ὁρώμενον,
1407 448 1541 519 μηδὲ
1567 446 1807 519 χρυσίον.
1826 448 1922 511 Τίς

335 546 449 617 γὰρ
473 545 575 598 οὐκ
604 543 672 596 ἂν
693 542 906 610 ἐνέγκοι
938 538 1141 594 τούτων
1170 538 1271 611 τὴν
1302 537 1427 608 ὄψιν
1452 557 1467 604 ;
1491 536 1776 607 Πανταχοῦ
1814 537 1923 609 γάρ

334 634 400 688 τὸ
436 632 553 700 φῶς
578 633 776 684 κεῖται.
809 628 966 682 Ἐπεὶ
1000 627 1180 681 τοίνυν
1207 626 1539 697 ἀπεστάλην,
1567 625 1926 697 προσημαίνω

331 722 498 776 τοῦτο
525 720 707 792 μόνον,
731 718 886 789 φησὶ,
918 716 993 789 μὴ
1018 715 1339 790 διαφθείρῃς
1371 716 1470 788 τὴν
1509 715 1692 787 χάριν.
1730 716 1925 770 Ἠκού-

333 818 586 883 σθησαν
605 814 660 866 οί
673 814 841 881 λίγοι
862 825 1001 874 σου,
1019 808 1118 862 καί
1140 806 1255 879 ἐγὼ
1278 804 1554 878 ἦλθονὲν
1572 805 1697 872 τοῖς
1720 807 1924 876 λόγοις

333 920 479 959 σου.
506 902 573 956 Τί
600 900 709 973 γάρ
737 898 1057 973 παρεκάλει,
1091 899 1187 953 καὶ
1216 900 1270 952 τί
1303 898 1503 964 ἐδεῖτο;
1538 898 1649 951 Kal
1677 898 1784 969 μὴν
1802 897 1923 968 οὺχὶ

332 995 514 1050 ταῦτα
533 993 681 1063 αὺτῷ
711 991 910 1061 λέγεις,
944 990 1067 1045 οὐδὲ
1096 988 1337 1045 τοιοῦτον
1373 989 1545 1043 οὐδέν.
1582 988 1737 1058 Τάχα
1762 988 1915 1043 ἐϐούο

333 1074 464 1140 λετο
492 1085 683 1157 μαθεῖν
708 1081 951 1154 ἀκριϐῶς
976 1080 1069 1157 τὸν
1094 1082 1305 1153 χρόνον,
1330 1081 1425 1134 καὶ
1458 1080 1521 1133 τὸ
1555 1079 1694 1152 μετά
1723 1079 1919 1136 ταῦτα.

333 1179 448 1236 Kal
467 1181 500 1233 ό
519 1176 720 1246 ἅρχων
732 1176 843 1245 τῆς
862 1176 1207 1241 βασιλείας,
1227 1173 1380 1244 φησὶ,
1400 1170 1647 1241 Περσῶν
1660 1172 1922 1240 εἱστήκει

335 1270 411 1336 ἐξ
438 1268 715 1334 ἐναντίας
734 1285 872 1337 μου.
895 1262 1042 1337 1’Λρα
1073 1266 1159 1338 μὴ
1173 1266 1265 1319 τὸν
1289 1264 1396 1319 τῶν
1417 1264 1513 1318 ἀνθ
1523 1263 1719 1336 ρώπων
1746 1264 1920 1334 λέγων

336 1363 581 1435 ἄρχοντα
599 1380 614 1428 ;
630 1360 914 1432 Οὐδαμῶς.
938 1359 1047 1414 Kal
1067 1359 1177 1431 γὰρ
1197 1359 1431 1429 ἀλλαχοῦ
1449 1358 1615 1428 λέγει·
1648 1360 1709 1411 '0
1724 1357 1924 1428 ἅρχων

336 1455 461 1510 τῶν
494 1446 799 1520 Ἑλλήνων
826 1451 1101 1521 ἐξῆλθεν.
1138 1452 1289 1521 Ἐμοὶ
1316 1452 1463 1504 δοκεῖ
1485 1446 1635 1515 οὗτος
1657 1452 1755 1505 οὐκ
1785 1448 1922 1505 εἶναι

336 1543 451 1597 τῶν
473 1543 769 1613 ἀρχόντων,
799 1541 921 1594 οὐδὲ
951 1540 1063 1594 τῶν
1101 1541 1548 1611 ἐπιτεταγμένων
1579 1541 1753 1605 ἔθνος,
1785 1541 1921 1596 ἀλλά

338 1633 451 1688 τῶν
488 1634 600 1688 ἀνω
619 1633 920 1704 δυνάμεων.
955 1628 1087 1686 Εἶτα
1108 1614 1327 1685 ἐπειδᾶν
1349 1634 1451 1686 οὐκ
1477 1632 1659 1704 ἴσχυον
1682 1635 1730 1687 οἱ
1754 1634 1920 1703 ἀγγε-

339 1732 426 1785 λοι
456 1732 604 1785 ἄλλοι
654 1732 972 1801 ἀντιστῆναι
1002 1729 1185 1800 αὐτῷ,
1218 1729 1392 1799 τούτῳ
1423 1728 1660 1796 λέγεται.
1701 1728 1921 1784 Ἀπελύ-

342 1826 539 1899 θησαν,
566 1824 729 1896 φησί’
754 1825 806 1879 τί
838 1823 1001 1879 πάλιν
1032 1822 1245 1895 (utsic;
1279 1822 1390 1876 Kal
1426 1823 1555 1878 ίδοὺ
1581 1823 1824 1894 Μιχαὴλ
1838 1821 1926 1892 εἷς

341 1921 467 1976 τῶν
486 1922 796 1990 ἀρχόντων
836 1918 951 1973 τῶν
974 1917 1226 1989 πρώτων
1258 1916 1409 1991 ἦλθε
1437 1920 1750 1989 ,βοηθῆσαί
1772 1937 1877 1990 μοι
1908 1937 1921 1952 ·

346 2017 446 2071 καί
471 2017 658 2070 αὑτὸν
672 2013 995 2069 κατέλιπον
1023 2013 1154 2068 ἐκεῖ
1172 2015 1323 2084 μετὰ
1353 2018 1460 2070 τοῦ
1493 2015 1784 2085 ἄρχοντος
1807 2016 1925 2081 βα-

349 2114 569 2180 σιλέως
619 2112 884 2182 Περσῶν.
935 2113 1041 2167 Kal
1091 2108 1283 2182 ἦλθον
1320 2112 1638 2166 συνετίσαι
1689 2127 1762 2166 σε
1809 2111 1927 2166 ὅσα

344 2210 756 2279 ἀπαντήσεται
776 2208 856 2274 τῷ
885 2207 1014 2273 λαῷ
1049 2223 1166 2262 σου
1209 2207 1303 2261 ἐπ’
1335 2206 1611 2276 ἐσχάτων
1630 2206 1750 2261 τῶν
1777 2208 1924 2278 ἠμε-

333 2304 482 2375 ρῶν,
518 2303 607 2356 ὅτι
651 2302 780 2357 ίδοὺ
813 2303 852 2371 ἡ
903 2302 1113 2370 ὅρασις
1140 2304 1227 2369 είς
1256 2302 1502 2372 ἡμέρας.
1555 2303 1712 2366 Τίνος
1738 2303 1925 2361 ἕνεκεν

340 2400 447 2473 πρὸ
475 2400 585 2454 τῶν
618 2398 790 2452 εἴκοσι
821 2397 1041 2470 ἡμερῶν
1077 2399 1176 2452 οὐκ
1204 2393 1367 2470 ἦλθεν
1397 2398 1427 2451 ὁ
1458 2398 1713 2470 Μιχαήλ;
1762 2399 1925 2471 Ἐμοὶ

338 2498 503 2560 δοκεῖ,
534 2494 707 2560 δεῖξαι
740 2494 987 2565 βούλεται
1017 2493 1095 2565 τῷ
1125 2495 1402 2567 προφήτῃ,
1440 2494 1522 2547 ὅτι
1567 2495 1924 2568 κεκωλυμένα

340 2594 645 2667 πράγματα
675 2594 817 2647 αἰτεῖ
845 2592 938 2646 καὶ
958 2592 1249 2664 παράνομα
1280 2594 1375 2646 καὶ
1400 2595 1922 2665 κατηναγκασμένα,

347 2689 624 2762 μονονουχὶ
652 2689 750 2743 καὶ
776 2691 890 2752 τοῖς
932 2687 1187 2757 ἀγγέλοις
1242 2687 1364 2759 βίαν
1416 2688 1607 2744 ποιῶν.
1635 2688 1736 2742 Διά
1766 2690 1926 2746 τοῦτο

346 2787 468 2840 οὐδὲ
498 2784 714 2856 Μιχαὴλ
750 2784 957 2848 εὐθέως
990 2785 1047 2837 ἐν
1076 2784 1218 2855 ἀρχῇ
1259 2781 1464 2854 βοηθεῖ,
1513 2782 1629 2837 ἀλλ’
1670 2783 1919 2858 ὕστερον,

353 2880 443 2935 ἵνα
482 2879 715 2951 μάθωσιν
752 2881 835 2935 ὅτι
867 2879 968 2933 οὔκ
1013 2873 1156 2949 ἦσαν
1190 2878 1331 2944 ἄξιοι
1381 2878 1624 2935 ἀνελθεῖν
1677 2881 1727 2933 οἱ
1785 2880 1924 2952 μετά

351 2976 540 3032 ταῦτα.
580 2975 910 3031 ’Δδικοῦνται
939 2978 988 3029 οί
1025 2976 1268 3046 ἄγγελοι.
1310 2977 1421 3031 Kal
1455 2976 1649 3031 αὐτὸν
1676 2975 1925 3047 ἀφῆκαν

348 3072 488 3139 ἐκεῖ,
518 3073 657 3127 ὥστε
699 3074 731 3146 ἢ
781 3074 988 3137 πεῖσαι,
1029 3072 1063 3143 ἢ
1117 3071 1378 3127 κωλῦσαι.
1420 3074 1532 3126 Καὶ
1567 3072 1652 3137 τίς
1691 3071 1923 3143 ἄγγελος

343 3169 613 3233 τοιοῦτος,
656 3169 731 3233 ὡς
776 3167 1015 3233 ἀκούσας
1047 3166 1141 3221 τοῦ
1194 3167 1330 3223 Θεοῦ
1375 3169 1555 3236 δόντος
1600 3169 1699 3242 τὴν
1727 3169 1921 3242 χάριν,

341 3264 693 3333 ἀντιστῆναι;
740 3264 1147 3336 Σωματοποιεῖ,
1183 3264 1259 3329 ὡς
1306 3261 1480 3337 οἶμαι,
1539 3266 1598 3320 τὸ
1649 3268 1921 3338 πρᾶγμα,

344 3360 535 3432 ὥσπερ
564 3362 681 3415 ἐκεῖ
707 3362 773 3435 [Ῑ.
815 3361 962 3433 ἐπεὶ]
1012 3359 1195 3430 ἐλεγε’
1233 3363 1327 3428 Τίς
1366 3362 1786 3430 ἐξελεύσεται,
1822 3363 1923 3418 καί

353 3460 653 3526 ἀπατήσει
673 3476 775 3529 μοι
805 3457 913 3512 τὸν
961 3456 1176 3527 Ἁχαάϐ
1192 3473 1211 3523 ;
1234 3457 1344 3511 Kal
1375 3459 1536 3514 πάλιν
1562 3475 1576 3490 ⁸
1614 3461 1799 3530 ’Ἄφες
1819 3477 1919 3530 με,

344 3555 444 3610 καὶ
482 3556 783 3624 ἐξαλείψω
826 3556 1068 3622 αὐτούς.
1124 3556 1200 3609 Οὐ
1250 3556 1578 3611 κωλύεταιὸ
1606 3556 1769 3622 Θεὸς,
1801 3557 1922 3611 οὐδὲ

344 3653 592 3723 ἀνάγκην
643 3653 875 3722 πάσχει,
916 3651 1278 3722 κατεχόμενος
1321 3651 1426 3705 ὑπὸ
1471 3651 1566 3706 τοῦ
1614 3656 1918 3725 προφήτου.

346 3752 506 3807 Οῦτω
553 3750 618 3823 δὴ
670 3749 1054 3805 καιένταῦθα.
1102 3749 1213 3803 Kal
1260 3750 1420 3805 πάλιν
1459 3750 1694 3821 ἀλλαχοῦ
1738 3768 1872 3822 φησι
1902 3768 1917 3783 ο

348 3847 532 3918 Ἄφες
549 3864 647 3918 με,
684 3847 772 3901 ὅτι
796 3847 980 3916 ἀνέϐη
1006 3850 1038 3902 ό
1064 3846 1292 3916 ὄρθρος.
1320 3843 1475 3918 [252]
1500 3846 1611 3899 Kal
1641 3846 1802 3900 πάλιν
1829 3847 1923 3901 ἐπὶ

344 3946 440 4001 τοῦ
477 3945 707 4014 ἀγγέλου
752 3946 846 3999 καὶ
878 3943 976 4015 τῆς
1016 3942 1170 3997 ὖνου·
1217 3944 1288 3996 El
1322 3940 1410 4012 μὴ
1447 3943 1772 4011 πρόσωπόν
1805 3956 1921 3998 σου

343 4044 586 4105 ἔλαϐον,
610 4041 790 4112 φησίν.
819 4041 932 4094 Οὐκ
959 4040 1068 4112 ἀρα
1105 4036 1265 4093 τοῦτο
1307 4037 1576 4091 δείκνυσιν
1602 4037 1763 4091 αὐτὸν
1796 4038 1924 4092 ἀνθ-

350 4139 635 4211 ιστάμενον
677 4137 756 4211 τῷ
802 4136 943 4209 Θεῷ,
982 4138 1098 4192 ἀλλ’
1124 4136 1183 4190 ἐν
1218 4136 1417 4207 μόνον,
1464 4135 1546 4189 ὅτι
1588 4134 1919 4192 ἀδικοῦνται.

346 4236 595 4292 Τοσαῦτα
625 4236 842 4308 ἴσχυσεν
866 4235 896 4289 ὁ
923 4234 1137 4307 Δανιήλ.
1167 4231 1482 4303 Κατῆλθον
1498 4232 1815 4288 συνετίσαι
1851 4247 1925 4287 σε

345 4332 465 4390 ὅσα
490 4332 898 4400 ἀπαντήσεται
912 4329 991 4397 τῷ
1013 4329 1141 4396 λαῷ
1171 4346 1308 4386 σου.
1326 4331 1468 4401 Ὅρα
1497 4329 1614 4394 πῶς
1629 4330 1926 4398 ἀναγκαῖον

348 4431 582 4502 πρᾶγμα
631 4429 789 4499 ἀφεὶς
812 4467 828 4493 ,
880 4426 1227 4496 ἀπολογεῖται
1281 4425 1362 4497 τῷ
1413 4426 1690 4500 προφήτῃ.
1754 4426 1923 4481 Πάλιν

345 4525 656 4592 ἐξίσταταιο
695 4525 857 4579 πάλιν
887 4525 1049 4579 αὑτὸν
1087 4525 1357 4596 ἀνίστησι,
1415 4525 1510 4579 καί
1567 4539 1732 4598 φησι’
1784 4519 1926 4597 Ἐγὼ

345 4624 669 4694 πορεύομαι
716 4622 824 4677 τοῦ
890 4621 1233 4691 πολεμῆσαι
1268 4621 1419 4692 μετὰ
1471 4622 1580 4678 τοῦ
1630 4622 1925 4692 ἄρχοντος

348 4718 615 4789 Περσῶν.
642 4719 753 4774 Kal
773 4718 887 4789 ἐγὼ
907 4717 1370 4788 έξεπορευόμην,
1411 4719 1511 4773 καὶ
1542 4721 1575 4773 ὁ
1591 4718 1791 4789 ἀρχων
1808 4720 1927 4775 τῶν

358 4815 673 4884 Ἑλλήνων
703 4808 941 4885 ἦρέετο.
985 4816 1146 4878 Ἴσως
1179 4815 1296 4880 ἐνὸς
1344 4815 1454 4869 τῶν
1498 4815 1926 4888 ἐναντιουμένων

347 4913 442 4968 ἐπὶ
496 4915 609 4976 τοῖς
655 4913 934 4985 ἐσομένοις
963 4952 977 4974 ,
1037 4910 1180 4964 ὥστε
1234 4913 1346 4974 τοῖς
1380 4910 1524 4965 κατά
1584 4912 1925 4967 Μακεδονίαν

347 5009 677 5080 πολεμῆσαι.
701 5010 811 5063 Kal
840 5006 995 5063 οῦπω
1013 5007 1282 5062 πείθεται.
1320 5006 1561 5079 Πόλεμος
1589 5009 1647 5061 ἐν
1673 5008 1927 5076 ἀγγέλοις

345 5107 484 5170 ἐστὶ,
522 5105 669 5177 μάχη
702 5106 831 5176 περὶ
865 5104 1202 5177 ἀνθρώπων;
1253 5105 1380 5159 Ναί.
1412 5105 1563 5161 Πάνυ
1603 5103 1711 5175 γάρ
1748 5105 1929 5159 αὐτῶν

347 5204 626 5277 κήδονται.
674 5201 842 5258 οὔπω
905 5202 1154 5275 ἐπείσθη.
1210 5203 1421 5272 Ὠσπερ
1473 5201 1541 5257 ἂν
1596 5203 1742 5257 εἴποι
1808 5220 1925 5268 τιςο

352 5304 753 5373 Ἀναγκάζομαι
766 5299 896 5372 τῷδε
932 5299 1328 5370 φιλονεικῆσαι.

912 5424 1161 5479 ΚΕΦΔΛ.
1188 5426 1294 5479 IA'.

420 5560 532 5615 Kal
545 5560 783 5630 ἐγένετο
804 5559 873 5614 έν
892 5560 1008 5614 ἑτει
1032 5559 1238 5628 πρώτῳ
1255 5558 1474 5627 Κύρου,
1491 5555 1606 5628 ἐγὼ
1625 5555 1813 5627 ἔστην
1841 5562 1928 5626 εἰς

348 5656 567 5727 κράτος
586 5656 683 5712 καί
699 5656 901 5725 ἰσχύν.
916 5655 1020 5712 Kal
1038 5656 1154 5711 νῦν
1174 5652 1485 5726 ἀναγγελῶ
1500 5670 1596 5711 σοι
1616 5654 1923 5725 ἀλήθειαν.

1728 244 1793 301 IN
1832 243 2201 313 DANlELEM.

3492 253 3600 311 ΞΒ
3650 298 3671 310 ς

2023 355 2136 410 Kal
2174 355 2315 425 τότε,
2366 357 2520 429 φησὶ,
2554 356 2733 422 σώσας
2764 357 2876 428 ἐγώ
2899 359 3036 430 είμι.
3076 360 3193 415 Ἵνα
3218 363 3327 437 γὰρ
3350 365 3425 438 μὴ
3458 368 3594 445 λέγῃ

2018 469 2134 517 τις’
2162 452 2229 507 Τί
2273 450 2367 508 οἷν
2403 456 2677 528 πολεμεῖς;
2709 457 2762 510 τί
2790 451 2904 524 οῦν,
2941 458 3009 512 ἂν
3038 459 3113 533 μὴ
3145 463 3401 537 νικήσῃς;
3436 468 3593 542 Οὐχὶ,

2020 553 2175 626 φησί.
2202 555 2314 609 Kal
2338 556 2460 611 τότε
2499 555 2612 626 ἐγὼ
2633 556 2816 613 αὐτῶν
2836 560 3127 632 προέστην.
3180 562 3290 616 Kal
3321 566 3432 619 οὐκ
3461 566 3595 623 ἐστι

2021 657 2152 726 γὰρ,
2185 656 2339 729 φησὶ,
2370 652 2461 726 εἷς
2478 658 2878 729 ἀντεχόμενός
2896 678 3001 731 μοι
3023 663 3155 733 περὶ
3191 667 3440 736 τούτων,
3456 669 3594 725 ἀλλ’

2019 755 2059 825 ἢ
2092 757 2337 828 Μιχαὴλ
2366 761 2401 814 d
2432 759 2634 829 ἅρχων
2663 759 2882 816 αὐτῶν.
2933 761 3117 818 Ταῦτα
3146 763 3293 835 λέγει
3319 767 3406 822 ἵνα
3430 769 3595 845 πείσῃ

2020 859 2218 928 αὐτὸν,
2259 860 2340 915 ὃτι
2373 860 2434 913 οὐ
2465 859 2725 933 πολέμιός
2776 862 2925 923 ἐστιν
2954 865 3102 937 αὐτῷ
3127 867 3220 920 καὶ
3256 868 3465 940 ἐχθρὸς,
3501 873 3596 923 καὶ

2020 962 2103 1017 ὃτι
2136 965 2438 1035 πράγματα
2491 967 2637 1019 αίτεῖ
2682 965 3057 1037 κεκωλυμένα.
3106 970 3218 1039 Οὐχ
3263 947 3596 1041 ὃτίβοηθῶν

2017 1066 2205 1120 δεῖται.
2245 1066 2368 1129 Πῶς
2398 1065 2548 1138 γάρ;
2589 1066 2874 1122 Δείκνυται
2913 1068 2996 1122 ὅτι
3049 1064 3201 1134 οὗτος
3243 1071 3343 1125 οὐκ
3378 1067 3446 1143 ἦν
3486 1074 3596 1127 τῶν

2017 1167 2309 1238 ἀρχόντων.
2329 1162 2462 1220 Εἶτα
2484 1168 2630 1237 λέγει
2657 1170 2833 1224 πάντα
2851 1169 2990 1241 μετὰ
3005 1171 3310 1243 ἀκριϐείας,
3334 1176 3426 1228 καὶ
3448 1175 3595 1244 λέγει

2015 1266 2180 1320 πόθεν
2205 1266 2259 1318 αἱ
2288 1260 2471 1336 ἧτται.
2521 1265 2655 1322 Εἶτα
2700 1269 2847 1339 λέγει
2875 1269 2975 1341 τὴν
3008 1272 3284 1342 σωτηρίαν
3331 1274 3424 1327 τοῦ
3463 1275 3594 1329 λαοῦ

2017 1365 2181 1418 αὑτοῦ
2213 1367 2270 1419 ἐν
2305 1370 2417 1449 τοῖς
2448 1368 2573 1439 ἐξῆς
2613 1370 2790 1424 καὶτὸ
2815 1371 3054 1442 δόκιμον.

2625 1536 2878 1592 ΚΕΦΛΛ.
2931 1539 3029 1594 IB'.

2102 1657 2205 1711 Ἐν
2241 1657 2320 1725 τῷ
2352 1660 2833 1732 συντελεσθῆναι
2872 1662 3353 1736 διασκορπισμόν
3395 1670 3596 1740 χειρὸς

2018 1759 2170 1813 λαοῦ
2194 1759 2581 1830 ἡγιασμένον,
2614 1760 2948 1832 γνώσονται
2969 1763 3159 1834 ἅγιον,
3189 1767 3285 1821 καὶ
3309 1775 3599 1826 συντελε-

2019 1858 2313 1928 σθήσεται
2337 1859 2524 1914 ταῦτα
2555 1860 2773 1916 πάντα.
2798 1862 2911 1915 Kal
2939 1862 3055 1933 ἐγὼ
3083 1862 3343 1933 ἤκουσα,
3376 1869 3475 1921 καί
3523 1872 3597 1923 οὐ

2020 1957 2286 2028 συνῆκα,
2316 1959 2414 2013 καί
2440 1955 2636 2014 εἷπον·
2667 1961 2867 2029 Κύριε,
2895 1963 2952 2016 τί
2986 1963 3057 2017 τὰ
3075 1963 3308 2033 ἔσχατα
3334 1967 3598 2035 totum;

2020 2061 2131 2113 Kal
2147 2054 2279 2114 εἷπε
2304 2076 2319 2091 ο
2343 2059 2549 2129 Δεῦρο,
2588 2059 2838 2130 Δανιὴλ,
2868 2060 2958 2114 ὅτι
2995 2063 3093 2115 καί
3124 2062 3600 2136 ἐμπεφραγμένοι

2020 2161 2075 2214 οι
2109 2161 2279 2230 λόγοι
2327 2160 2439 2227 ἕως
2484 2160 2692 2230 καιροῦ
2734 2160 3006 2231 πέρατος.
3050 2162 3206 2231 Ἕως
3242 2164 3597 2236 ἐκλεγῶσιν,

2020 2259 2115 2313 καί
2152 2260 2655 2329 ἐκλευκανθῶσιν,
2703 2262 2803 2316 καὶ
2848 2263 3161 2332 πτιρωθῶσι
3209 2268 3449 2333 πολλοὶ,
3500 2267 3600 2323 καὶ

2019 2361 2412 2431 ἀνομήσωσιν
2437 2363 2665 2432 ἄνομοι,
2722 2363 2821 2417 καί
2869 2367 2942 2419 οὐ
3006 2365 3325 2434 συνήσωσι
3376 2369 3598 2438 πάντες

2018 2464 2276 2532 ἀσεϐεῖς,
2326 2466 2425 2520 καί
2472 2468 2527 2520 οι
2577 2466 2875 2536 νοήμονες
2908 2467 3288 2535 συνήσωσιν.
3339 2473 3447 2527 Kal
3478 2474 3595 2528 ἀπὸ

2019 2566 2228 2635 καιροῦ
2249 2567 2683 2636 παραλλάξεως
2702 2569 2809 2624 τοῦ
2830 2569 3288 2642 ἐνδελεχισμοῦ,
3305 2574 3402 2627 καί
3421 2574 3599 2646 δοθῆ-

2020 2684 2122 2722 ναι
2164 2667 2484 2738 βδέλυγμα
2523 2670 2894 2739 ἐρημώσεως,
2926 2671 3134 2742 ἡμέραι
3170 2675 3358 2742 χίλιαι
3391 2676 3595 2730 διακό-

2022 2781 2151 2823 σιαι
2206 2767 2633 2837 ἐννενήκοντα.
2686 2772 2991 2841 Μακάριος
3045 2777 3079 2829 ό
3134 2775 3452 2845 ὑπομένων
3495 2780 3596 2832 καὶ

2019 2860 2261 2938 φθάσας
2315 2872 2403 2937 εὶς
2466 2870 2692 2940 ’ἡμέρας
2772 2876 2972 2943 χιλίας
3032 2879 3375 2944 τριακοσίας
3442 2896 3596 2948 τρια-

2019 2972 2407 3026 κονταπέντε.
2459 2970 2571 3025 Kal
2615 2972 2699 3026 σὺ
2741 2972 2940 3043 δεῦρο,
2977 2976 3073 3030 καὶ
3106 2978 3422 3033 ἀναπαύου
3447 2997 3460 3010 ·
3510 2979 3598 3034 ἔτι

2017 3069 2132 3140 γὰρ
2176 3071 2387 3140 ἡμέραι
2433 3075 2522 3140 εις
2573 3074 3009 3144 ἀναπλήρωσιν
3055 3079 3413 3143 συντελείας
3436 3093 3449 3106 ·
3498 3081 3597 3133 καὶ

2019 3172 2398 3239 ἀναπαύσεις
2430 3175 2537 3228 τὸν
2566 3178 2775 3244 καιρόν
2803 3194 2919 3233 σου
2947 3181 3034 3244 εἰς
3062 3178 3423 3235 συντέλειαν
3454 3181 3599 3250 τημε-

2010 3274 2158 3344 ρῶν.
2191 3277 2300 3330 Kal
2326 3278 2412 3341 σὺ,
2443 3279 2595 3349 φησὶ,
2624 3280 2876 3333 κάθισον·
2914 3282 3052 3351 μετὰ
3077 3282 3184 3354 γάρ
3216 3284 3405 3355 χρόνον
3429 3285 3599 3337 πολὺν

2017 3383 2193 3437 ταῦτά
2225 3385 2390 3438 ἐστιν.
2437 3387 2578 3457 ’Δρα
2605 3387 2666 3439 οὐ
2708 3387 2835 3459 περὶ
2875 3388 2974 3460 τῆς
3006 3390 3194 3444 ἀνόδου
3226 3390 3434 3464 θρηνεῖ,
3462 3393 3599 3447 ἀλλὰ

2020 3485 2159 3558 μετά
2195 3484 2255 3539 τὸ
2288 3485 2530 3540 ἀνελθεῖν
2559 3488 2686 3559 περὶ
2712 3488 2821 3542 τῶν
2858 3490 3207 3547 ἀνελθόντων.

2519 3604 2674 3680 [255]
2703 3607 2953 3662 ΚΕΦΑΛ.
2985 3609 3085 3664 ll".

2090 3724 2199 3779 Kal
2250 3726 2283 3778 ό
2332 3724 2634 3793 ,βασιλεὺς
2676 3727 3012 3798 Ἀστυάγης
3064 3728 3397 3798 προσετέθη
3448 3730 3600 3800 πρὸς

2020 3825 2162 3891 τοὺς
2201 3825 2459 3894 πατέρας
2508 3827 2695 3882 αὐτοῦ
2716 3845 2730 3858 '
2774 3828 2873 3882 καί
2938 3828 3280 3897 παρέλαϐεν
3319 3831 3514 3901 Κῦρος
3566 3836 3601 3888 ό

2020 3926 2259 3996 Πέρσης
2310 3927 2423 3997 τὴν
2464 3928 2794 3992 βασιλείαν
2841 3931 3050 3987 αὐτοῦ.
3085 3933 3193 3987 Kal
3253 3929 3333 4004 ἦν
3375 3934 3598 4004 Δανιὴλ

2022 4031 2360 4102 συμϐιώτης
2426 4031 2533 4087 τοῦ
2575 4034 2877 4102 ,ϐασιλέως
2904 4076 2920 4101 ,
2985 4037 3087 4091 καί
3138 4037 3390 4105 ἔνδοξος
3451 4042 3602 4109 ὑπὲρ

2023 4133 2255 4199 πάντας
2273 4134 2412 4200 τοὺς
2440 4134 2657 4204 φίλους
2695 4136 2903 4191 αὐτοῦ.
2934 4136 3016 4189 Ta
3039 4137 3181 4191 κατά
3204 4138 3297 4192 τὸν
3329 4138 3440 4212 Βὴλ
3468 4141 3600 4212 ἡμῖν

2022 4234 2329 4307 ἀνέγραψεν
2354 4234 2384 4288 ὁ
2405 4235 2628 4307 Δανιήλ.
2666 4238 2793 4306 Οὐχ
2823 4236 2990 4306 δρᾷς,
3039 4239 3193 4310 φησὶ,
3225 4239 3389 4295 πόσα
3412 4239 3602 4296 ἐσθίει

2023 4335 2123 4390 καί
2154 4337 2355 4400 πίνει;
2401 4335 2597 4402 Βαϐαῖ,
2628 4337 2814 4409 ἡλίκον
2844 4340 3147 4411 τεκμήριον
3174 4339 3318 4407 θεοῦ,
3347 4341 3441 4396 καὶ
3467 4341 3602 4412 γνὼ·

2027 4456 2219 4511 ρισμα,
2236 4440 2298 4494 τὸ
2324 4438 2493 4493 πολλά
2512 4438 2713 4493 ἐσθίειν
2732 4444 2824 4495 καὶ
2846 4442 3043 4496 πίνειν.
3062 4442 3120 4497 '0
3134 4442 3333 4516 Δανιὴλ
3361 4445 3460 4499 οὐκ
3479 4441 3598 4499 εἷπε

2023 4540 2180 4594 τοῦτο
2206 4552 2233 4582 ι
2260 4557 2276 4572 ·
2360 4539 2531 4595 Τοῦτο
2556 4537 2650 4596 οῦν
2686 4540 2837 4603 Θεὸς.
2867 4543 2988 4598 είπέ
3019 4560 3145 4616 μοι;
3238 4544 3469 4617 ἀσθενὴς
3492 4545 3600 4620 γὰρ

2023 4636 2092 4714 ἦν
2124 4642 2329 4708 ἐκεῖνος
2348 4660 2362 4674 ·
2417 4642 2534 4698 ἀλλ’
2563 4644 2627 4698 ἐκ
2660 4643 2976 4716 περιουσίας
3004 4644 3275 4717 ἐνίκησεν.
3319 4645 3462 4715 Ἐγώ
3517 4663 3601 4700 σοι

2024 4742 2116 4798 τὸν
2147 4743 2278 4798 Θεὸν
2321 4743 2454 4819 [τὸν]
2492 4745 2755 4800 κτίσαντα
2786 4748 2877 4801 τὸν
2915 4744 3146 4818 οὐρανὸν
3183 4745 3327 4814 λέγω
3380 4745 3473 4799 καὶ
3502 4747 3601 4816 τὴν

2025 4846 2165 4916 γῆνο
2197 4850 2261 4901 σὺ
2291 4847 2347 4901 δέ
2389 4865 2479 4919 μοι
2517 4848 2757 4919 γαστέρα
2815 4845 3151 4918 μαινομένην
3201 4844 3470 4918 παράγεις
3523 4849 3603 4910 εἰς

2032 4948 2193 5020 μέσον
2217 4966 2233 5018 ;
2256 4950 2426 5004 Τοῦτο
2460 4949 2694 5021 μάλιστα
2708 4949 2807 5001 οὐκ
2829 4946 2896 5000 ἀν
2915 4946 3003 5016 εἴη
3016 4945 3200 5025 κΘεοῦ’
3234 4945 3366 5010 Θεὸς
3397 4946 3505 5018 γὰρ
3539 4950 3600 5002 οὐ

2031 5049 2367 5114 πεινάςει,οὑ
2386 5050 2657 5103 κοπιάσει.
2675 5047 2815 5102 Ἀλλ’
2830 5049 2890 5101 οὐ
2916 5046 3162 5118 βούλεται
3176 5046 3282 5101 ἀπὸ
3303 5046 3599 5119 λογισμῶν,

2029 5152 2163 5208 ἀλλά
2195 5152 2302 5208 ἀπὸ
2352 5150 2691 5223 πραγμάτων
2722 5151 2897 5222 νικᾷν.
2945 5149 3055 5204 Kal
3095 5150 3365 5222 τιμωρίαν
3404 5150 3600 5223 ὥρισεν

2029 5252 2191 5316 αὐτὸς
2214 5252 2243 5303 ὁ
2272 5248 2541 5319 βασιλεύς.
2568 5248 2724 5313 Τίνος
2752 5249 2935 5304 ἐνεκεν
2959 5250 3082 5323 οὐχὶ
3108 5240 3390 5323 παρόντων
3410 5248 3598 5311 ἐσθίει,

2029 5352 2143 5407 ἀλλ’
2172 5353 2231 5406 ἐν
2245 5349 2399 5406 νυκτί
2416 5366 2430 5415 ;
2448 5350 2572 5415 Πῶς
2588 5351 2784 5406 ἐκεῖνοι
2802 5350 3028 5407 τοῦτοού
3050 5351 3306 5416 συνεῖδον,
3327 5349 3410 5405 ὅτι
3430 5345 3598 5419 ἠμελ-

2099 5667 2122 5695 ⁸
2148 5662 2319 5715 Τοῦτο.
2349 5661 2452 5715 Vox
2472 5660 2677 5719 inutilis,
2698 5660 2860 5710 forsan
2881 5657 3109 5708 delenda.
