4038 6204
608 268 716 334 ΞΠ
1315 264 1369 322 S.
1408 261 1685 321 JOANNIS
1708 254 2188 323 CHRYSOSTOS’A
2227 261 2545 320 ARCHIEP.
2584 260 3121 322 CONSTANTINOP.
3723 277 3801 336 ιω

1594 632 1972 709 SANCTI
2034 628 2429 703 PATRIS
2469 628 2613 702 ΝΟ
2627 628 2886 703 S'l‘RI

994 824 1853 981 JOANNIS
1947 815 3456 988 CHRYSOSTOMI,

611 1109 679 1157 τις
725 1108 944 1157 ιιΑσΝΑ
988 1105 1307 1158 Εοοικευ,
1354 1098 1485 1144 CUM
1527 1091 1730 1138 PAUCA
1772 1082 2114 1132 PREFATUS
2156 1080 2344 1125 ESSET
2386 1078 2741 1133 EPISCOPUS,
2787 1078 2854 1122 IN
2897 1078 3085 1123 ILLUD
3129 1082 3485 1132 EVANGELII,
3526 1083 3711 1130 FILIUS
3751 1087 3812 1130 ιχ

895 1209 973 1255 sn
1011 1206 1151 1252 trso
1194 1201 1373 1247 NIHIL
1412 1194 1623 1251 FACIT,
1668 1188 1792 1234 ms:
1833 1185 2004 1239 QUOD
2046 1180 2311 1228 vrnsnrr
2353 1179 2610 1223 PATRBM
2652 1178 3018 1223 mersurum
3065 1160 3279 1243 (Joan.
3325 1162 3385 1224 5.
3433 1164 3551 1248 19).

2036 1371 2438 1410 ’κηρυκι-έ-

683 1546 736 1603 I.
780 1543 828 1601 0
861 1537 1207 1598 violentiam!
1251 1550 1285 1590 ο
1315 1529 1687 1607 tyrannidem!
1731 1525 1931 1582 Doctor
1974 1527 2190 1583 noster,

609 1639 699 1709 qui
724 1644 852 1691 ante
878 1648 975 1688 nos
1017 1629 1265 1701 przefatus
1284 1635 1387 1690 est,
1417 1624 1626 1693 plenam
1652 1633 1774 1674 cum
1803 1614 2023 1670 haberet
2043 1609 2192 1681 phia-

611 1704 750 1792 lam,
780 1726 1002 1782 summis
1049 1732 1252 1778 tantum
1297 1718 1461 1774 labris
1505 1714 1754 1785 poculum
1803 1704 2189 1778 degustandum

611 1822 766 1878 nobis
789 1816 1123 1890 propinavit:
1152 1812 1205 1868 id
1227 1820 1404 1867 autem
1432 1808 1555 1864 fecit
1580 1820 1684 1861 non
1713 1803 1784 1859 ob
1809 1798 2066 1856 doctrina:
2092 1810 2191 1867 pe-

610 1914 853 1969 nuriam:
881 1923 1003 1965 nam
1030 1906 1190 1962 fontis
1211 1905 1376 1959 instar
1395 1899 1656 1957 scaturrire
1677 1895 1848 1960 solet;
1879 1891 1972 1948 sed
1998 1905 2188 1961 quem-

608 2003 895 2062 admodum
922 2001 1029 2057 dixi
1051 2041 1066 2065 ,
1099 2004 1156 2053 ut
1176 2006 1366 2053 vestra:
1388 1991 1623 2049 caritatis
1652 1985 1986 2061 tyrannidem
2014 1981 2189 2052 palam

608 2096 843 2159 faceret,
867 2082 1024 2162 quam
1044 2104 1169 2161 erga
1197 2087 1507 2143 tenuitatem
1538 2092 1776 2137 nostram
1821 2074 2076 2132 exhibere
2096 2086 2189 2127 so-

609 2190 765 2245 letis:
793 2202 855 2243 ea
879 2186 947 2241 de
962 2194 1123 2240 causa
1151 2182 1258 2237 cito
1289 2177 1451 2233 tacuit
1469 2183 1879 2240 sermonemque
1903 2162 2185 2228 conclusit,

608 2289 665 2335 ut
687 2288 866 2335 vestro
889 2275 1154 2332 desiderio
1174 2269 1593 2342 gratificaretur;
1621 2273 1675 2319 et
1700 2260 1795 2317 toti
1820 2255 2072 2315 solvendo
2097 2254 2192 2310 de-

608 2372 721 2427 bito
762 2383 862 2424 nos
896 2365 1155 2422 obnoxios
1180 2360 1473 2418 constituit.
1504 2357 1636 2425 Quia
1663 2354 1824 2424 igitur
1853 2359 1907 2405 et
1943 2348 1989 2404 is
2034 2344 2189 2402 nobis

609 2461 819 2520 dicendi
848 2460 964 2515 loco
992 2456 1191 2522 cessit,
1214 2462 1268 2509 et
1310 2466 1406 2507 vos
1433 2457 1616 2505 nostro
1643 2446 1710 2500 ab
1736 2458 1830 2498 ore
1851 2438 2084 2513 pendere
2110 2437 2191 2492 vi-

606 2554 730 2619 deo,
760 2565 980 2608 necesse
1019 2547 1230 2602 tandem
1268 2553 1350 2598 est
1386 2552 1444 2596 ut
1483 2539 1548 2593 ad
1587 2535 1878 2592 certamina
1906 2544 2004 2586 nos
2029 2544 2191 2585 exua-

609 2659 729 2700 mus
767 2661 780 2697 :
813 2658 907 2695 vos
930 2650 1106 2695 autem
1139 2636 1268 2691 milti
1298 2648 1453 2703 opem
1497 2630 1650 2689 ferte.
1679 2635 1733 2681 et
1771 2637 1986 2679 manum
2016 2619 2188 2691 porri-

608 2734 718 2803 gite
737 2774 753 2800 ,
795 2731 1043 2803 precibus
1074 2735 1311 2781 nostram
1338 2722 1630 2777 excitantes
1650 2717 1901 2786 linguam,
1930 2723 1984 2767 et
2011 2718 2186 2764 atten-

610 2828 755 2879 tione
776 2823 936 2877 animi
966 2820 1171 2875 facilem
1203 2824 1449 2887 parantes
1473 2810 1728 2868 doctrinae
1751 2808 1909 2861 viam.
1938 2800 2189 2872 Quando-

606 2915 821 2986 quidem
840 2911 1097 2983 pr0pheta
1117 2924 1220 2964 non
1239 2903 1603 2962 admirabilem
1624 2900 1780 2956 modo
1798 2893 2183 2958 consiliarium,

607 2983 702 3061 sed
733 3006 891 3061 etiam
918 3001 1232 3074 prudentem
1262 2998 1558 3053 auditorem
1584 2992 1812 3063 postulat
1841 2986 2000 3058 (lsat'.
2026 2985 2081 3040 5.
2104 2983 2183 3055 5).

606 3098 722 3153 Νοη
751 3096 892 3153 enim
941 3095 1056 3149 leve
1109 3092 1261 3147 nobis
1292 3099 1563 3146 certamen
1598 3084 1755 3139 hodie
1800 3089 2036 3152 paratum
2065 3085 2183 3141 est,

607 3190 703 3245 sed
735 3188 875 3258 quod
909 3186 1089 3241 multis
1109 3191 1262 3254 egeat
1288 3179 1563 3252 precibus,
1592 3176 1755 3230 multa
1781 3173 2082 3228 auditorum
2109 3168 2188 3222 vi-

606 3280 860 3352 gilantia,
895 3277 1060 3332 nmlta
1103 3272 1469 3331 concionantis
1516 3268 1816 3339 diligentia,
1865 3272 1920 3318 ut
1955 3278 2073 3333 quae
2099 3260 2187 3315 di-

606 3371 775 3428 cenda
800 3378 924 3425 sunt
944 3379 996 3423 et
1012 3375 1258 3423 accurate
1281 3364 1633 3436 proferantur,
1658 3370 1711 3414 et
1734 3367 1845 3436 tuto
1870 3357 1921 3410 in
1947 3352 2188 3409 caritatis

606 3470 802 3518 vestra:
816 3460 1009 3514 animis
1036 3459 1358 3513 inserantur.
1391 3453 1559 3521 Cupio
1586 3432 1936 3518 namquc‘vos
1961 3458 2065 3498 non
2095 3456 2187 3495 an-

606 3555 722 3609 dire
762 3561 965 3606 tantum
989 3592 1004 3616 ,
1048 3548 1141 3604 sed
1167 3547 1327 3603 etiam
1355 3540 1588 3607 institui;
1621 3556 1724 3595 non
1750 3539 1955 3593 discere
1992 3534 2183 3598 modo,

606 3643 703 3700 sed
726 3646 883 3698 etiam
913 3641 1142 3704 ducere;
1174 3653 1277 3692 non
1308 3635 1548 3703 accipere
1573 3631 1778 3695 solum,
1807 3627 1898 3682 sed
1941 3626 2100 3681 etiam
2133 3625 2185 3678 in

607 3737 740 3790 alios
769 3735 1147 3790 transmittere.
1167 3730 1256 3785 Sic
1278 3729 1418 3783 enim
1444 3736 1497 3779 et
1517 3722 1844 3794 Splendidius
1867 3719 2017 3775 nobis
2035 3718 2183 3773 thea-

610 3839 749 3883 trum
771 3866 785 3889 ,
817 3834 872 3880 et
912 3826 1082 3894 major
1125 3832 1296 3879 castus
1332 3820 1463 3885 erit,
1496 3814 1706 3887 quando
1733 3829 1826 3866 vos
1856 3824 1950 3882 per
1979 3825 2039 3865 ea
2068 3818 2187 3880 quae

611 3919 885 3973 audieritis
908 3958 923 3980 ,
966 3916 1099 3971 alios
1138 3916 1298 3969 etiam
1340 3910 1592 3966 inducere
1635 3904 1896 3975 poteritis.
1927 3903 1983 3958 In
2011 3903 2187 3971 priore

612 4013 789 4080 itaque
825 4007 1082 4063 concione
1102 4005 1205 4060 hoc
1233 4004 1375 4059 dicto
1416 3999 1719 4071 evangelica
1749 3996 1800 4050 in
1835 3995 2066 4050 medium
2086 3992 2183 4048 ad-

608 4106 769 4160 ducto
788 4145 803 4170 ,
834 4100 992 4155 Pater
1015 4115 1153 4153 meus
1176 4113 1331 4167 usque
1358 4095 1505 4149 modo
1529 4100 1785 4163 operatur,
1815 4099 1859 4145 et
1886 4104 1975 4159 ego
2005 4093 2187 4157 aperor

613 4192 796 4262 (Joan.
829 4192 882 4247 5.
914 4189 1004 4262 l7)
1029 4230 1044 4254 ,
1075 4203 1197 4244 cum
1245 4186 1370 4240 hinc
1397 4182 1748 4238 estendissem
1779 4178 1895 4247 ejus
1932 4192 2054 4231 cum
2084 4174 2189 4230 Ge-

609 4286 784 4340 nitore
832 4282 1187 4351 aequalitatem
1208 4319 1223 4343 ,
1253 4276 1390 4348 quod
1419 4284 1470 4330 et
1500 4288 1658 4343 supra
1700 4270 1936 4327 declarat
1959 4282 2190 4337 evange-

611 4377 732 4431 lista
761 4376 846 4430 his
874 4374 1081 4437 verbis,
1115 4371 1391 4441 Propterea
1412 4368 1570 4438 magis
1597 4363 2018 4436 persequebantur
2039 4374 2149 4415 eum
2170 4400 2187 4425 ,

611 4483 711 4520 non
735 4465 901 4519 solum
919 4464 1037 4532 quia
1064 4463 1279 4516 solvebat
1298 4461 1557 4514 sabbatum
1579 4498 1595 4522 ,
1622 4456 1710 4511 sed
1736 4464 1783 4509 et
1812 4455 2017 4508 Patrem
2044 4466 2191 4506 suum

611 4556 810 4610 dicebat
861 4553 1044 4619 Deum,
1075 4552 1317 4621 (aqualem
1340 4566 1394 4604 se
1413 4549 1601 4619 faciens
1638 4547 1747 4601 Deo
1777 4545 1960 4616 (Joan.
1991 4544 2045 4600 5.
2073 4542 2188 4610 18),

612 4652 684 4705 ita
727 4660 1031 4704 sermonem
1075 4643 1261 4698 clausi.
1316 4640 1481 4696 Hodie
1508 4649 1685 4694 autem
1716 4651 1852 4707 opus
1883 4647 1965 4691 est
1988 4650 2051 4690 ea
2090 4634 2192 4689 sol-

611 4757 736 4799 vere
754 4783 770 4809 ,
802 4754 923 4812 qum
941 4736 1198 4792 adversus
1231 4734 1345 4788 haec
1372 4732 1629 4802 objiciunt
1653 4730 1913 4784 hzeretici.
1941 4727 2192 4793 Quamvis

611 4835 754 4889 enim
786 4833 924 4888 inter
950 4831 1151 4884 amicos
1176 4835 1475 4885 certemus,
1516 4828 1657 4875 tanta
1690 4828 1864 4875 tamen
1894 4816 2190 4873 adhibenda

611 4925 883 4996 diligentia
914 4929 1031 4986 est,
1062 4929 1117 4975 ut
1145 4918 1376 4989 undique
1398 4932 1426 4968 a
1457 4914 1643 4969 fraude
1672 4921 1778 4966 tuta
1817 4920 1868 4967 et
1904 4911 2093 4966 invicta
2124 4912 2189 4962 si!

612 5017 786 5070 oratio
806 5054 822 5078 ,
851 5014 1059 5069 etiamsi
1101 5013 1153 5067 in
1180 5010 1370 5067 mediis
1402 5006 1642 5064 hostibus
1665 5015 1925 5061 versetur.
1955 5003 2020 5059 Ut
2050 5003 2190 5058 enim

614 5116 738 5162 ante
763 5105 1027 5170 dicebam,
1059 5120 1161 5157 non
1192 5104 1376 5159 audire
1398 5111 1599 5156 tantum
1623 5114 1718 5153 vos
1740 5098 1882 5162 volo,
1915 5096 2008 5153 sed
2033 5097 2191 5151 etiam

615 5198 747 5253 alios
775 5196 1069 5250 instituere.
1102 5193 1224 5249 ldeo
1268 5194 1495 5249 sollicite
1535 5191 1712 5247 studui
1762 5205 1859 5246 vos
1889 5189 2053 5245 armis
2081 5187 2193 5258 spi-

619 5287 903 5346 ritualibus
930 5285 1343 5340 circummunire
1367 5324 1383 5348 ,
1426 5293 1483 5339 ut
1508 5283 1709 5337 nullum
1753 5281 2050 5337 membrum
2096 5292 2194 5336 nu-

614 5383 746 5439 dum
778 5385 1053 5449 appareat,
1086 5374 1172 5430 vel
1204 5375 1348 5429 letali
1381 5376 1598 5429 vulnere
1622 5374 1972 5429 confodiatur.
2004 5374 2197 5426 Armo-

618 5488 736 5530 rum
763 5471 961 5542 quippe
991 5467 1109 5523 lneo
1137 5467 1289 5521 nobis
1318 5475 1400 5520 est
1430 5480 1627 5528 sermo,
1655 5465 1745 5535 qui
1770 5474 1980 5519 nostros
2002 5462 2194 5529 munit,

617 5577 673 5624 et
694 5567 876 5622 hostes
907 5563 1047 5628 ferit;
1076 5559 1226 5625 ferit,
1259 5560 1473 5629 inquam
1494 5597 1511 5621 ,
1544 5573 1647 5611 non
1676 5569 1730 5613 ut
1756 5557 1992 5626 dejiciat,
2021 5554 2115 5610 sed
2142 5563 2201 5609 ttt

618 5661 862 5729 jacentes
892 5656 1079 5725 erigat.
1113 5650 1422 5724 llujusmodi
1462 5651 1602 5704 enim
1645 5664 1832 5719 pugna:
1870 5663 2040 5719 genus
2077 5656 2194 5716 est,

627 5748 766 5815 quod
793 5749 846 5803 in
870 5747 1095 5804 salutem
1121 5753 1306 5799 contra
1337 5741 1680 5813 pugnantium
1716 5749 1975 5810 tropaeum
2004 5740 2193 5809 erigat.

2301 1513 2372 1569 Ut
2405 1514 2564 1584 igitur
2589 1514 2692 1569 bo‘c
2722 1513 2842 1581 fiat,
2868 1512 3069 1571 attento
3096 1502 3281 1572 adeste
3300 1501 3474 1573 animo
3493 1560 3508 1585 ,
3530 1521 3660 1574 omni
3688 1520 3817 1591 ejecta

2298 1603 2539 1659 saeculari
2564 1607 2692 1658 cura
2713 1606 2948 1660 animum
2972 1607 3218 1674 excitate,
3242 1617 3399 1664 acute
3418 1619 3702 1665 cernentem
3725 1612 3818 1666 ocu-

2297 1694 2405 1749 lum
2430 1694 2665 1764 prtehete
2691 1695 2843 1750 mihi.
2873 1696 3028 1752 Dives
3049 1713 3116 1752 ne
3142 1699 3386 1753 socordia
3407 1698 3603 1754 difﬂuat
3624 1719 3636 1754 :
3657 1710 3817 1771 pauper

2296 1800 2365 1841 ne
2391 1786 2642 1856 egestatis
2683 1786 2831 1842 curis
2873 1788 3231 1858 opprimatur;
3255 1788 3351 1844 sed
3393 1790 3550 1844 missa
3576 1792 3703 1846 omni
3726 1792 3821 1846 vita:

2296 1878 2687 1949 inaequalitate,
2736 1879 2959 1950 quisque
3001 1895 3061 1934 se
3106 1889 3348 1949 paratum
3392 1881 3672 1937 auditorem
3709 1899 3818 1952 prte-

2296 1967 2419 2025 beat
2452 1984 2466 2022 :
2498 1984 2670 2040 neque
2708 1969 2852 2025 enim
2894 1971 3040 2041 parvi
3069 1972 3221 2040 pretii
3262 1981 3418 2038 sunt,
3445 1988 3559 2043 qua:
3585 1989 3708 2028 nunc
3732 1982 3819 2027 tra-

2293 2068 2526 2115 ctantur.
2578 2060 2700 2115 Ideo
2744 2061 2864 2117 hate
2912 2060 3213 2132 frequenter
3257 2077 3452 2118 moneo
3482 2064 3639 2139 εμονί
3662 2065 3819 2133 quippe

2293 2166 2452 2223 quam
2475 2151 2738 2222 profundo
2759 2151 2810 2206 in
2834 2152 3020 2223 pelago
3040 2153 3369 2223 navigemus.
3403 2154 3475 2209 Ne
3499 2155 3708 2210 turheris
3726 2170 3821 2226 pro.

2294 2245 2515 2301 fundum
2563 2245 3055 2316 audiens:Spiritu
3104 2262 3336 2318 namque
3379 2248 3543 2315 duce,
3586 2266 3680 2303 non
3725 2261 3814 2306 sunt

2289 2352 2446 2409 aquae
2470 2337 2686 2409 caligini
2712 2338 2980 2404 obnoxiae,
3011 2339 3107 2395 sed
3132 2339 3392 2395 facillima
3416 2341 3519 2396 erit
3539 2342 3636 2406 via,
3663 2343 3700 2398 si
3720 2350 3811 2397 eam

2292 2429 2685 2496 tantummodo,
2723 2445 2884 2500 quam
2919 2431 3105 2500 jubeo,
3141 2432 3396 2486 teneatis.
3429 2431 3505 2487 Ne
3547 2434 3811 2497 turbemini,

2290 2536 2469 2592 neque
2490 2520 2834 2577 moveamini.
2855 2520 2987 2588 Quae
3007 2522 3151 2576 enim
3172 2523 3337 2579 hodie
3357 2525 3636 2595 agitantur,
3652 2525 3815 2579 audito-

2293 2625 2406 2666 rem
2434 2612 2587 2667 initio
2607 2612 2845 2678 turbant,
2868 2612 3033 2683 inque
3053 2613 3449 2671 dubitationem
3468 2616 3761 2685 conjiciunt:
3781 2616 3814 2669 si

2290 2714 2421 2757 vero
2450 2702 2611 2757 finem
2635 2713 2935 2772 exSpectet,
2960 2704 3051 2758 ubi
3081 2715 3503 2761 consentaneam
3538 2708 3814 2762 solutionem

2289 2792 2510 2860 videbit,
2538 2794 2775 2864 jucunda
2801 2793 3013 2849 fruetur
3047 2797 3458 2866 tranquillitate,
3483 2807 3537 2852 et
3564 2800 3615 2852 in
3640 2809 3817 2869 portum

2289 2885 2453 2941 nullis
2469 2886 2727 2957 agitatum
2743 2884 2999 2941 ﬂuctibus
3013 2887 3258 2942 animum
3277 2891 3545 2960 appellere
3560 2890 3751 2960 poterit.
3764 2887 3819 2942 Ut

2291 2991 2419 3048 ergo
2442 2977 2558 3033 haec
2589 2977 2660 3032 ita
2687 2993 2746 3032 se
2776 2977 3030 3043 habeant,
3066 2993 3135 3032 ne
3171 2980 3494 3046 turbemini,
3526 2997 3593 3035 ne
3619 2995 3818 3035 commo-

2290 3070 2548 3136 veamini,
2590 3070 2685 3125 sed
2716 3085 2838 3124 cum
2879 3070 3029 3124 omni
3077 3070 3342 3139 patientia
3380 3081 3437 3126 et
3466 3069 3819 3143 perseverantia

2290 3160 2431 3216 viam
2453 3161 2762 3231 sequimini,
2800 3176 2963 3231 quam
2992 3160 3144 3215 verbi
3173 3161 3425 3216 doctrina
3445 3163 3688 3217 ostendit.

2362 3254 2712 3310 Anomworum
2726 3254 2954 3326 objectio,
2975 3269 3088 3323 qua:
3105 3256 3282 3324 fucum
3305 3258 3471 3325 facere
3490 3261 3687 3322 poterat,
3707 3250 3826 3316 refe!-

2291 3350 2520 3404 litur.—
2545 3350 2675 3416 Quae
2701 3357 2824 3404 sunt
2842 3362 2969 3420 ergo
2993 3364 3110 3418 qua:
3137 3347 3294 3402 nobis
3315 3348 3383 3403 ab
3400 3347 3501 3402 illis
3523 3341 3824 3417 objiciuntur?

2291 3440 2444 3495 Nihil
2474 3449 2659 3510 potest,
2701 3440 2961 3511 inquiunt,
3002 3443 3169 3510 facere
3210 3437 3402 3503 Filius,
3436 3438 3533 3492 nisi
3558 3436 3717 3489 viderit
3746 3433 3827 3487 Ρα-

2290 3545 2417 3589 trem
2465 3533 2732 3603 facientem
2778 3531 2955 3604 (Joan.
2987 3532 3041 3587 5.
3086 3531 3200 3602 i9).
3248 3533 3413 3600 Atqui
3456 3528 3566 3584 hrcc
3604 3527 3827 3596 Scriptura

2289 3628 2442 3683 dixit.
2466 3626 2730 3695 Quorsum
2758 3640 2886 3695 ergo
2906 3624 3021 3679 haec
3043 3624 3196 3678 nobis
3218 3622 3510 3693 objiciunt?
3529 3620 3637 3676 Non
3657 3634 3715 3674 eo
3733 3630 3830 3671 sen-

2289 3734 2375 3786 sn,
2404 3732 2510 3788 quo
2532 3732 2565 3772 a
2591 3716 2862 3785 Scriptura
2885 3714 3024 3770 dicta
3042 3722 3186 3779 sunt,
3215 3713 3534 3769 all‘ernutur.
3556 3708 3681 3780 Quid
3713 3707 3826 3763 hinc.

2290 3809 2461 3876 aiunt,
2484 3807 2807 3863 concludere
2835 3806 3055 3861 volunt?
3084 3804 3249 3860 Vides
3274 3804 3542 3875 quomodo
3574 3801 3722 3857 Filius
3738 3797 3828 3857 Dei.

2291 3901 2555 3972 inquiunt.
2586 3900 2729 3955 illam
2752 3898 3072 3970 mqualitatis
3098 3898 3465 3968 suspicionem
3493 3890 3831 3960 auferat?Qais

2291 3997 2432 4052 enim
2459 3994 2629 4051 Judaai
2654 3993 2706 4049 id
2734 3993 3157 4064 suspicabantur,
3189 4008 3385 4061 nempe
3413 4008 3532 4047 eum
3560 3990 3662 4045 Deo
3683 3998 3829 4055 aqua.

2292 4087 2395 4143 lem
2427 4103 2486 4144 se
2513 4087 2708 4153 facere,
2731 4086 2851 4142 ideo
2888 4086 3064 4141 intulit
3092 4086 3174 4139 his
3198 4085 3404 4152 verbis,
3436 4083 3552 4139 Non
3579 4088 3721 4153 potest
3754 4074 3828 4130 1"!-

2293 4179 2393 4235 lius
2420 4196 2452 4233 a
2470 4181 2634 4249 seipse
2655 4183 2823 4251 facere
2844 4178 3143 4249 quidquam.

2362 4269 2419 4324 2.
2458 4269 2592 4324 Num
2623 4269 2819 4324 frustra
2861 4267 3124 4334 dicebam,
3174 4266 3292 4324 hsce
3338 4268 3500 4324 verba
3531 4280 3622 4321 vos
3658 4261 3831 4317 turbare

2294 4375 2473 4433 posse,
2500 4367 2659 4430 atque
2688 4360 2841 4414 initio
2867 4358 3166 4415 auditorem
3194 4360 3528 4430 percellere?
3556 4357 3731 4412 Verum
3754 4362 3830 4403 rx-

2295 4460 2549 4523 spectate,
2576 4458 2631 4507 et
2654 4450 2898 4507 videbitis
2916 4464 3010 4506 eos
3039 4450 3266 4520 propriis
3290 4449 3566 4506 confectos
3586 4447 3709 4502 telis.
3725 4442 3829 4496 Cum

2296 4544 2481 4614 primis
2504 4543 2646 4599 enim
2670 4540 3061 4601 observandum
3085 4541 3158 4609 id,
3180 4541 3326 4612 quod
3346 4541 3563 4606 dicitur,
3586 4552 3680 4592 non
3699 4526 3832 4589 fuisse

2295 4637 2595 4693 Judmorum
2639 4634 2994 4704 suspicionem
3020 4652 3033 4689 :
3059 4634 3200 4705 quod
3243 4634 3408 4690 etiam
3453 4634 3508 4687 in
3557 4621 3826 4701 przecedenli

2295 4730 2651 4803 diSputatione
2665 4744 2785 4784 cum
2803 4728 2948 4783 omni
2975 4727 3349 4799 perspicuitate
3374 4723 3693 4782 ostendimus
3706 4735 3719 4782 ;
3734 4727 3830 4786 ιιωΒ

2297 4840 2366 4880 ne
2386 4825 2575 4879 iterum
2594 4820 2880 4890 agitentur,
2899 4834 2964 4874 eo
2982 4817 3302 4874 remittimus
3328 4806 3638 4875 auditorem,
3658 4803 3827 4877 etquod

2298 4932 2437 4974 nunc
2463 4914 2714 4986 objicitur
2728 4913 2938 4968 solvere
2951 4910 3229 4965 conabimu
3241 4922 3283 4970 r,
3299 4908 3675 4976 ostendereque
3690 4904 3826 4973 ipsum

2298 5023 2404 5066 anu
2433 5015 2492 5062 ut
2515 5013 2778 5062 everteret
2804 5017 2986 5059 eorum
3017 5000 3376 5070 suspicionem
3406 4998 3521 5054 haec
3543 4996 3735 5054 dixisse,
3754 4983 3826 5040 sed

2298 5111 2353 5154 ut
2378 5114 2496 5154 eam
2522 5094 2919 5153 accuratissime
2946 5086 3186 5147 firmaret
3215 5104 3276 5145 ac
3306 5084 3585 5151 stabiliret,
3615 5074 3827 5145 nobisque

2299 5197 2669 5260 argumentum
2700 5184 2962 5255 praeberet
2981 5198 3090 5236 suae.
3115 5197 3236 5237 cum
3262 5180 3424 5236 Patre
3453 5165 3823 5249 propinquitatis,

2302 5255 2559 5336 naturalis
2585 5275 3001 5347 conjunctionis,
3045 5279 3205 5342 atque
3245 5270 3567 5326 concordire.
3610 5264 3673 5320 lla
3710 5255 3822 5313 enim

2305 5372 2427 5427 huic
2445 5370 2589 5425 dicto
2607 5344 2837 5432 conlldo,
2863 5375 2921 5420 ut
2949 5362 3040 5421 illo
3066 5364 3296 5421 maxime
3324 5363 3496 5419 dicam
3521 5344 3822 5414 demonstrari

2303 5464 2420 5534 ejus
2443 5477 2565 5516 cum
2597 5460 2752 5515 Patre
2788 5458 3237 5526 conjunctionem,
3267 5464 3324 5510 et
3348 5451 3647 5510 substantia:
3679 5442 3822 5501 unita-

2306 5562 2433 5608 tem.
2465 5551 2647 5622 Neque
2675 5548 3057 5619 perturbemini
3079 5563 3144 5602 ex
3169 5545 3459 5602 ratiociniis
3484 5540 3821 5598 hxcrcticorum.

2304 5646 2487 5717 Neque
2509 5646 2652 5699 enim
2673 5641 2830 5713 gladii
2862 5640 2914 5696 in
2942 5641 3107 5696 muris
3133 5640 3343 5710 depicti,
3375 5650 3543 5707 neque
3565 5633 3721 5688 hasta;
3747 5635 3822 5717 [ις’

2306 5712 2418 5809 que
2437 5734 2634 5805 spicula
2658 5712 2837 5789 hostes
2857 5732 3070 5789 turbare
3098 5737 3332 5805 possent,
3359 5737 3559 5783 torvum
3584 5733 3632 5779 et
3654 5712 3819 5776 terribi-
