  <div class='ocr_page' id='page_1' title='image "/cluster/home/n/w/nwhite01/storage/ocr_20150623/56/hvd.32044048208490/256.png"; bbox 0 0 4038 6204; ppageno 0'>
   <div class='ocr_carea' id='block_1_1' title="bbox 1176 217 3478 291">
    <p class='ocr_par' dir='ltr' id='par_1_1' title="bbox 1176 217 3478 291">
     <span class='ocr_line' id='line_1_1' title="bbox 1176 217 3478 291; baseline 0.007 -18"><span class='ocrx_word' id='word_1_1' title='bbox 1176 220 1242 274; x_wconf 84' lang='lat' dir='ltr'><strong>IN</strong></span> <span class='ocrx_word' id='word_1_2' title='bbox 1281 218 1503 287; x_wconf 80' lang='lat' dir='ltr'><strong>ILLUD,</strong></span> <span class='ocrx_word' id='word_1_3' title='bbox 1547 219 1766 276; x_wconf 75' lang='lat' dir='ltr'><strong>FILIUS</strong></span> <span class='ocrx_word' id='word_1_4' title='bbox 1805 217 1898 273; x_wconf 80' lang='lat' dir='ltr'><strong>EX</strong></span> <span class='ocrx_word' id='word_1_5' title='bbox 1935 219 2018 275; x_wconf 84' lang='lat' dir='ltr'><strong>SE</strong></span> <span class='ocrx_word' id='word_1_6' title='bbox 2058 220 2248 276; x_wconf 80' lang='lat' dir='ltr'><strong>NIHIL</strong></span> <span class='ocrx_word' id='word_1_7' title='bbox 2285 222 2508 283; x_wconf 83' lang='lat' dir='ltr'><strong>FACiT.</strong></span> <span class='ocrx_word' id='word_1_8' title='bbox 3376 239 3478 291; x_wconf 64' lang='lat'><strong>9.30</strong></span> 
     </span>
    </p>
   </div>
   <div class='ocr_carea' id='block_1_2' title="bbox 1907 326 3475 422">
    <p class='ocr_par' dir='ltr' id='par_1_2' title="bbox 1907 326 3475 422">
     <span class='ocr_line' id='line_1_2' title="bbox 1907 326 3475 422; baseline 0.014 -36"><span class='ocrx_word' id='word_1_9' title='bbox 1907 332 2033 386; x_wconf 91' lang='lat' dir='ltr'><strong>illud</strong></span> <span class='ocrx_word' id='word_1_10' title='bbox 2061 333 2152 389; x_wconf 87' lang='lat' dir='ltr'><strong>Dei</strong></span> <span class='ocrx_word' id='word_1_11' title='bbox 2182 336 2378 392; x_wconf 89' lang='lat' dir='ltr'><strong>auxilio</strong></span> <span class='ocrx_word' id='word_1_12' title='bbox 2405 341 2484 393; x_wconf 93' lang='lat' dir='ltr'><strong>usi</strong></span> <span class='ocrx_word' id='word_1_13' title='bbox 2513 351 2654 394; x_wconf 87' lang='lat' dir='ltr'><strong>sunt.</strong></span> <span class='ocrx_word' id='word_1_14' title='bbox 2687 342 2828 398; x_wconf 88' lang='lat' dir='ltr'><strong>Ecce</strong></span> <span class='ocrx_word' id='word_1_15' title='bbox 2858 326 2963 399; x_wconf 90' lang='lat' dir='ltr'><strong>duo</strong></span> <span class='ocrx_word' id='word_1_16' title='bbox 2990 347 3356 404; x_wconf 85' lang='lat' dir='ltr'><strong>cunuchorum</strong></span> <span class='ocrx_word' id='word_1_17' title='bbox 3383 368 3475 422; x_wconf 86' lang='lat' dir='ltr'><strong>ge-</strong></span> 
     </span>
    </p>
   </div>
   <div class='ocr_carea' id='block_1_3' title="bbox 1903 431 3476 508">
    <p class='ocr_par' dir='ltr' id='par_1_3' title="bbox 1903 431 3476 508">
     <span class='ocr_line' id='line_1_3' title="bbox 1903 431 3476 508; baseline 0.015 -32"><span class='ocrx_word' id='word_1_18' title='bbox 1903 439 2048 492; x_wconf 87' lang='lat' dir='ltr'><strong>nera,</strong></span> <span class='ocrx_word' id='word_1_19' title='bbox 2081 442 2304 496; x_wconf 90' lang='lat' dir='ltr'><strong>quorum</strong></span> <span class='ocrx_word' id='word_1_20' title='bbox 2349 431 2438 483; x_wconf 92' lang='lat' dir='ltr'><strong>alii</strong></span> <span class='ocrx_word' id='word_1_21' title='bbox 2481 434 2547 485; x_wconf 91' lang='lat' dir='ltr'><strong>ah</strong></span> <span class='ocrx_word' id='word_1_22' title='bbox 2593 433 2896 490; x_wconf 87' lang='lat' dir='ltr'><strong>hominibus</strong></span> <span class='ocrx_word' id='word_1_23' title='bbox 2940 441 3140 494; x_wconf 85' lang='lat' dir='ltr'><strong>exsccti</strong></span> <span class='ocrx_word' id='word_1_24' title='bbox 3190 455 3334 508; x_wconf 89' lang='lat' dir='ltr'><strong>sunt,</strong></span> <span class='ocrx_word' id='word_1_25' title='bbox 3385 445 3476 501; x_wconf 77' lang='lat' dir='ltr'><strong>alii</strong></span> 
     </span>
    </p>
   </div>
   <div class='ocr_carea' id='block_1_4' title="bbox 1902 515 3471 602">
    <p class='ocr_par' dir='ltr' id='par_1_4' title="bbox 1902 515 3471 602">
     <span class='ocr_line' id='line_1_4' title="bbox 1902 515 3471 602; baseline 0.013 -35"><span class='ocrx_word' id='word_1_26' title='bbox 1902 515 2092 584; x_wconf 90' lang='lat' dir='ltr'><strong>pietate</strong></span> <span class='ocrx_word' id='word_1_27' title='bbox 2146 520 2367 585; x_wconf 82' lang='lat' dir='ltr'><strong>permmi</strong></span> <span class='ocrx_word' id='word_1_28' title='bbox 2416 536 2633 590; x_wconf 79' lang='lat' dir='ltr'><strong>pravam</strong></span> <span class='ocrx_word' id='word_1_29' title='bbox 2681 527 3061 596; x_wconf 85' lang='lat' dir='ltr'><strong>cogitationem</strong></span> <span class='ocrx_word' id='word_1_30' title='bbox 3113 542 3471 602; x_wconf 86' lang='lat' dir='ltr'><strong>amputarunt.</strong></span> 
     </span>
    </p>
   </div>
   <div class='ocr_carea' id='block_1_5' title="bbox 1901 605 3475 689">
    <p class='ocr_par' dir='ltr' id='par_1_5' title="bbox 1901 605 3475 689">
     <span class='ocr_line' id='line_1_5' title="bbox 1901 605 3475 689; baseline 0.015 -31"><span class='ocrx_word' id='word_1_31' title='bbox 1901 605 2274 664; x_wconf 69' lang='lat' dir='ltr'><strong>Verumtamen</strong></span> <span class='ocrx_word' id='word_1_32' title='bbox 2306 613 2406 666; x_wconf 90' lang='lat' dir='ltr'><strong>etsi</strong></span> <span class='ocrx_word' id='word_1_33' title='bbox 2447 613 2659 669; x_wconf 88' lang='lat' dir='ltr'><strong>diverso</strong></span> <span class='ocrx_word' id='word_1_34' title='bbox 2689 617 2846 671; x_wconf 86' lang='lat' dir='ltr'><strong>modo</strong></span> <span class='ocrx_word' id='word_1_35' title='bbox 2879 623 3095 674; x_wconf 88' lang='lat' dir='ltr'><strong>castrati</strong></span> <span class='ocrx_word' id='word_1_36' title='bbox 3143 633 3287 689; x_wconf 89' lang='lat' dir='ltr'><strong>sunt,</strong></span> <span class='ocrx_word' id='word_1_37' title='bbox 3317 626 3475 681; x_wconf 89' lang='lat' dir='ltr'><strong>ambo</strong></span> 
     </span>
    </p>
   </div>
   <div class='ocr_carea' id='block_1_6' title="bbox 1899 701 3476 772">
    <p class='ocr_par' dir='ltr' id='par_1_6' title="bbox 1899 701 3476 772">
     <span class='ocr_line' id='line_1_6' title="bbox 1899 701 3476 772; baseline 0.014 -22"><span class='ocrx_word' id='word_1_38' title='bbox 1899 705 2072 753; x_wconf 89' lang='lat' dir='ltr'><strong>tamen</strong></span> <span class='ocrx_word' id='word_1_39' title='bbox 2100 701 2342 757; x_wconf 78' lang='lat' dir='ltr'><strong>similiter</strong></span> <span class='ocrx_word' id='word_1_40' title='bbox 2367 719 2397 756; x_wconf 91' lang='lat' dir='ltr'><strong>a</strong></span> <span class='ocrx_word' id='word_1_41' title='bbox 2426 706 2705 762; x_wconf 85' lang='lat' dir='ltr'><strong>mulierum</strong></span> <span class='ocrx_word' id='word_1_42' title='bbox 2746 711 3028 766; x_wconf 88' lang='lat' dir='ltr'><strong>concubitu</strong></span> <span class='ocrx_word' id='word_1_43' title='bbox 3071 711 3358 769; x_wconf 90' lang='lat' dir='ltr'><strong>abstinent.</strong></span> <span class='ocrx_word' id='word_1_44' title='bbox 3391 717 3476 772; x_wconf 84' lang='lat' dir='ltr'><strong>Si-</strong></span> 
     </span>
    </p>
   </div>
   <div class='ocr_carea' id='block_1_7' title="bbox 232 219 328 274">
    <p class='ocr_par' dir='ltr' id='par_1_7' title="bbox 232 219 328 274">
     <span class='ocr_line' id='line_1_7' title="bbox 232 219 328 274; baseline 0.021 -2"><span class='ocrx_word' id='word_1_45' title='bbox 232 219 328 274; x_wconf 63' lang='grc' dir='ltr'><strong>εἴθ</strong></span> 
     </span>
    </p>
   </div>
   <div class='ocr_carea' id='block_1_8' title="bbox 224 332 1788 406">
    <p class='ocr_par' dir='ltr' id='par_1_8' title="bbox 224 332 1788 406">
     <span class='ocr_line' id='line_1_8' title="bbox 224 332 1788 406; baseline -0.002 -17"><span class='ocrx_word' id='word_1_46' title='bbox 224 333 324 389; x_wconf 88' lang='lat' dir='ltr'><strong>lem</strong></span> <span class='ocrx_word' id='word_1_47' title='bbox 349 343 624 403; x_wconf 82' lang='lat' dir='ltr'><strong>aspectum</strong></span> <span class='ocrx_word' id='word_1_48' title='bbox 641 333 1006 406; x_wconf 61' lang='lat' dir='ltr'><strong>praeferentes.</strong></span> <span class='ocrx_word' id='word_1_49' title='bbox 1040 332 1301 403; x_wconf 87' lang='lat' dir='ltr'><strong>Quidquid</strong></span> <span class='ocrx_word' id='word_1_50' title='bbox 1327 334 1466 389; x_wconf 90' lang='lat' dir='ltr'><strong>enim</strong></span> <span class='ocrx_word' id='word_1_51' title='bbox 1490 332 1788 402; x_wconf 89' lang='lat' dir='ltr'><strong>hujusmodi</strong></span> 
     </span>
    </p>
   </div>
   <div class='ocr_carea' id='block_1_9' title="bbox 227 423 1791 494">
    <p class='ocr_par' dir='ltr' id='par_1_9' title="bbox 227 423 1791 494">
     <span class='ocr_line' id='line_1_9' title="bbox 227 423 1791 494; baseline 0.001 -20"><span class='ocrx_word' id='word_1_52' title='bbox 227 427 329 483; x_wconf 76' lang='lat' dir='ltr'><strong>est.</strong></span> <span class='ocrx_word' id='word_1_53' title='bbox 355 425 546 478; x_wconf 90' lang='lat' dir='ltr'><strong>umbra</strong></span> <span class='ocrx_word' id='word_1_54' title='bbox 566 424 812 493; x_wconf 55' lang='lat' dir='ltr'><strong>quaedam</strong></span> <span class='ocrx_word' id='word_1_55' title='bbox 829 435 882 481; x_wconf 92' lang='lat' dir='ltr'><strong>et</strong></span> <span class='ocrx_word' id='word_1_56' title='bbox 903 425 1080 494; x_wconf 80' lang='lat' dir='ltr'><strong>imago</strong></span> <span class='ocrx_word' id='word_1_57' title='bbox 1099 429 1203 488; x_wconf 87' lang='lat' dir='ltr'><strong>est,</strong></span> <span class='ocrx_word' id='word_1_58' title='bbox 1241 438 1346 478; x_wconf 91' lang='lat' dir='ltr'><strong>non</strong></span> <span class='ocrx_word' id='word_1_59' title='bbox 1369 439 1548 478; x_wconf 89' lang='lat' dir='ltr'><strong>rerum</strong></span> <span class='ocrx_word' id='word_1_60' title='bbox 1576 423 1791 477; x_wconf 88' lang='lat' dir='ltr'><strong>veritas.</strong></span> 
     </span>
    </p>
   </div>
   <div class='ocr_carea' id='block_1_10' title="bbox 220 511 1790 584">
    <p class='ocr_par' dir='ltr' id='par_1_10' title="bbox 220 511 1790 584">
     <span class='ocr_line' id='line_1_10' title="bbox 220 511 1790 584; baseline 0.002 -18"><span class='ocrx_word' id='word_1_61' title='bbox 220 511 364 566; x_wconf 80' lang='lat' dir='ltr'><strong>Talia</strong></span> <span class='ocrx_word' id='word_1_62' title='bbox 381 528 512 568; x_wconf 80' lang='lat' dir='ltr'><strong>sum</strong></span> <span class='ocrx_word' id='word_1_63' title='bbox 534 513 904 571; x_wconf 68' lang='lat' dir='ltr'><strong>hmrrtieorum</strong></span> <span class='ocrx_word' id='word_1_64' title='bbox 931 515 1201 569; x_wconf 85' lang='lat' dir='ltr'><strong>ratiocinia</strong></span> <span class='ocrx_word' id='word_1_65' title='bbox 1225 535 1237 568; x_wconf 92' lang='lat'>:</span> <span class='ocrx_word' id='word_1_66' title='bbox 1258 531 1376 584; x_wconf 72' lang='lat' dir='ltr'><strong>quae</strong></span> <span class='ocrx_word' id='word_1_67' title='bbox 1399 526 1454 569; x_wconf 89' lang='lat' dir='ltr'><strong>ut</strong></span> <span class='ocrx_word' id='word_1_68' title='bbox 1480 515 1790 578; x_wconf 85' lang='lat' dir='ltr'><strong>refutemus,</strong></span> 
     </span>
    </p>
   </div>
   <div class='ocr_carea' id='block_1_11' title="bbox 218 605 1788 675">
    <p class='ocr_par' dir='ltr' id='par_1_11' title="bbox 218 605 1788 675">
     <span class='ocr_line' id='line_1_11' title="bbox 218 605 1788 675; baseline 0.003 -17"><span class='ocrx_word' id='word_1_69' title='bbox 218 605 429 659; x_wconf 89' lang='lat' dir='ltr'><strong>dictise</strong></span> <span class='ocrx_word' id='word_1_70' title='bbox 459 606 682 675; x_wconf 83' lang='lat' dir='ltr'><strong>vestigio</strong></span> <span class='ocrx_word' id='word_1_71' title='bbox 727 607 1044 674; x_wconf 67' lang='lat' dir='ltr'><strong>hrcreamus,</strong></span> <span class='ocrx_word' id='word_1_72' title='bbox 1093 607 1303 662; x_wconf 88' lang='lat' dir='ltr'><strong>assidue</strong></span> <span class='ocrx_word' id='word_1_73' title='bbox 1343 608 1428 661; x_wconf 91' lang='lat' dir='ltr'><strong>illa</strong></span> <span class='ocrx_word' id='word_1_74' title='bbox 1471 616 1788 663; x_wconf 85' lang='lat' dir='ltr'><strong>versantes:</strong></span> 
     </span>
    </p>
   </div>
   <div class='ocr_carea' id='block_1_12' title="bbox 216 695 1791 768">
    <p class='ocr_par' dir='ltr' id='par_1_12' title="bbox 216 695 1791 768">
     <span class='ocr_line' id='line_1_12' title="bbox 216 695 1791 768; baseline 0.003 -18"><span class='ocrx_word' id='word_1_75' title='bbox 216 695 538 765; x_wconf 83' lang='lat' dir='ltr'><strong>interimque</strong></span> <span class='ocrx_word' id='word_1_76' title='bbox 564 698 632 751; x_wconf 88' lang='lat' dir='ltr'><strong>ab</strong></span> <span class='ocrx_word' id='word_1_77' title='bbox 661 698 765 752; x_wconf 89' lang='lat' dir='ltr'><strong>illis</strong></span> <span class='ocrx_word' id='word_1_78' title='bbox 791 712 1112 768; x_wconf 67' lang='lat' dir='ltr'><strong>quaeramus,</strong></span> <span class='ocrx_word' id='word_1_79' title='bbox 1140 698 1406 766; x_wconf 89' lang='lat' dir='ltr'><strong>quomodo</strong></span> <span class='ocrx_word' id='word_1_80' title='bbox 1446 700 1611 752; x_wconf 91' lang='lat' dir='ltr'><strong>velint</strong></span> <span class='ocrx_word' id='word_1_81' title='bbox 1653 699 1791 755; x_wconf 90' lang='lat' dir='ltr'><strong>hunc</strong></span> 
     </span>
    </p>
   </div>
   <div class='ocr_carea' id='block_1_13' title="bbox 219 788 1787 856">
    <p class='ocr_par' dir='ltr' id='par_1_13' title="bbox 219 788 1787 856">
     <span class='ocr_line' id='line_1_13' title="bbox 219 788 1787 856; baseline 0 -16"><span class='ocrx_word' id='word_1_82' title='bbox 219 788 390 841; x_wconf 83' lang='lat' dir='ltr'><strong>locum</strong></span> <span class='ocrx_word' id='word_1_83' title='bbox 420 789 781 856; x_wconf 88' lang='lat' dir='ltr'><strong>interpretari.</strong></span> <span class='ocrx_word' id='word_1_84' title='bbox 813 788 992 856; x_wconf 84' lang='lat' dir='ltr'><strong>Neque</strong></span> <span class='ocrx_word' id='word_1_85' title='bbox 1035 790 1175 843; x_wconf 90' lang='lat' dir='ltr'><strong>enim</strong></span> <span class='ocrx_word' id='word_1_86' title='bbox 1223 791 1332 842; x_wconf 77' lang='lat' dir='ltr'><strong>Sula</strong></span> <span class='ocrx_word' id='word_1_87' title='bbox 1385 790 1542 844; x_wconf 86' lang='lat' dir='ltr'><strong>lectio</strong></span> <span class='ocrx_word' id='word_1_88' title='bbox 1571 790 1787 844; x_wconf 91' lang='lat' dir='ltr'><strong>sufficit.</strong></span> 
     </span>
    </p>
   </div>
   <div class='ocr_carea' id='block_1_14' title="bbox 215 877 1794 950">
    <p class='ocr_par' dir='ltr' id='par_1_14' title="bbox 215 877 1794 950">
     <span class='ocr_line' id='line_1_14' title="bbox 215 877 1794 950; baseline 0.002 -18"><span class='ocrx_word' id='word_1_89' title='bbox 215 877 341 932; x_wconf 84' lang='lat' dir='ltr'><strong>Nam</strong></span> <span class='ocrx_word' id='word_1_90' title='bbox 370 879 415 933; x_wconf 92' lang='lat' dir='ltr'><strong>si</strong></span> <span class='ocrx_word' id='word_1_91' title='bbox 447 879 604 933; x_wconf 84' lang='lat' dir='ltr'><strong>lectio</strong></span> <span class='ocrx_word' id='word_1_92' title='bbox 632 878 920 942; x_wconf 89' lang='lat' dir='ltr'><strong>sufficeret,</strong></span> <span class='ocrx_word' id='word_1_93' title='bbox 954 895 1050 931; x_wconf 90' lang='lat' dir='ltr'><strong>cur</strong></span> <span class='ocrx_word' id='word_1_94' title='bbox 1076 879 1347 950; x_wconf 84' lang='lat' dir='ltr'><strong>Philippus</strong></span> <span class='ocrx_word' id='word_1_95' title='bbox 1375 879 1621 934; x_wconf 83' lang='lat' dir='ltr'><strong>eunucho</strong></span> <span class='ocrx_word' id='word_1_96' title='bbox 1647 879 1794 935; x_wconf 73' lang='lat' dir='ltr'><strong>(lice-</strong></span> 
     </span>
    </p>
   </div>
   <div class='ocr_carea' id='block_1_15' title="bbox 213 967 1790 1040">
    <p class='ocr_par' dir='ltr' id='par_1_15' title="bbox 213 967 1790 1040">
     <span class='ocr_line' id='line_1_15' title="bbox 213 967 1790 1040; baseline 0.003 -19"><span class='ocrx_word' id='word_1_97' title='bbox 213 968 320 1029; x_wconf 84' lang='lat' dir='ltr'><strong>hat.</strong></span> <span class='ocrx_word' id='word_1_98' title='bbox 348 967 491 1022; x_wconf 77' lang='lat' dir='ltr'><strong>Num</strong></span> <span class='ocrx_word' id='word_1_99' title='bbox 511 970 746 1038; x_wconf 83' lang='lat' dir='ltr'><strong>intelligis</strong></span> <span class='ocrx_word' id='word_1_100' title='bbox 770 986 879 1035; x_wconf 75' lang='lat' dir='ltr'><strong>qua:</strong></span> <span class='ocrx_word' id='word_1_101' title='bbox 903 971 1024 1040; x_wconf 84' lang='lat' dir='ltr'><strong>legis</strong></span> <span class='ocrx_word' id='word_1_102' title='bbox 1049 971 1184 1037; x_wconf 78' lang='lat' dir='ltr'><strong>(Act.</strong></span> <span class='ocrx_word' id='word_1_103' title='bbox 1213 971 1265 1025; x_wconf 86' lang='lat'><strong>8.</strong></span> <span class='ocrx_word' id='word_1_104' title='bbox 1298 970 1420 1039; x_wconf 83' lang='lat'><strong>50)?</strong></span> <span class='ocrx_word' id='word_1_105' title='bbox 1450 970 1600 1025; x_wconf 88' lang='lat' dir='ltr'><strong>Unde</strong></span> <span class='ocrx_word' id='word_1_106' title='bbox 1627 971 1790 1039; x_wconf 91' lang='lat' dir='ltr'><strong>liquet</strong></span> 
     </span>
    </p>
   </div>
   <div class='ocr_carea' id='block_1_16' title="bbox 212 1060 1790 1130">
    <p class='ocr_par' dir='ltr' id='par_1_16' title="bbox 212 1060 1790 1130">
     <span class='ocr_line' id='line_1_16' title="bbox 212 1060 1790 1130; baseline 0 -15"><span class='ocrx_word' id='word_1_107' title='bbox 212 1074 331 1116; x_wconf 87' lang='lat' dir='ltr'><strong>cum</strong></span> <span class='ocrx_word' id='word_1_108' title='bbox 364 1061 466 1114; x_wconf 95' lang='lat' dir='ltr'><strong>etsi</strong></span> <span class='ocrx_word' id='word_1_109' title='bbox 493 1060 717 1129; x_wconf 78' lang='lat' dir='ltr'><strong>legeret,</strong></span> <span class='ocrx_word' id='word_1_110' title='bbox 749 1061 874 1114; x_wconf 91' lang='lat' dir='ltr'><strong>nihil</strong></span> <span class='ocrx_word' id='word_1_111' title='bbox 903 1078 964 1115; x_wconf 74' lang='lat' dir='ltr'><strong>ex</strong></span> <span class='ocrx_word' id='word_1_112' title='bbox 1007 1062 1216 1130; x_wconf 86' lang='lat' dir='ltr'><strong>scriptis</strong></span> <span class='ocrx_word' id='word_1_113' title='bbox 1261 1062 1614 1117; x_wconf 81' lang='lat' dir='ltr'><strong>intellexisse:</strong></span> <span class='ocrx_word' id='word_1_114' title='bbox 1646 1063 1790 1118; x_wconf 90' lang='lat' dir='ltr'><strong>ideo-</strong></span> 
     </span>
    </p>
   </div>
   <div class='ocr_carea' id='block_1_17' title="bbox 210 1152 1788 1224">
    <p class='ocr_par' dir='ltr' id='par_1_17' title="bbox 210 1152 1788 1224">
     <span class='ocr_line' id='line_1_17' title="bbox 210 1152 1788 1224; baseline 0.003 -21"><span class='ocrx_word' id='word_1_115' title='bbox 210 1167 310 1221; x_wconf 86' lang='lat' dir='ltr'><strong>que</strong></span> <span class='ocrx_word' id='word_1_116' title='bbox 335 1152 584 1208; x_wconf 77' lang='lat' dir='ltr'><strong>diccbat:</strong></span> <span class='ocrx_word' id='word_1_117' title='bbox 613 1153 691 1206; x_wconf 82' lang='lat' dir='ltr'><strong>De</strong></span> <span class='ocrx_word' id='word_1_118' title='bbox 716 1171 832 1220; x_wconf 85' lang='lat' dir='ltr'><strong>quo,</strong></span> <span class='ocrx_word' id='word_1_119' title='bbox 861 1170 1048 1224; x_wconf 65' lang='lat' dir='ltr'><strong>quaaso,</strong></span> <span class='ocrx_word' id='word_1_120' title='bbox 1083 1155 1300 1223; x_wconf 79' lang='lat' dir='ltr'><strong>loquitur</strong></span> <span class='ocrx_word' id='word_1_121' title='bbox 1327 1158 1593 1224; x_wconf 83' lang='lat' dir='ltr'><strong>propheta,</strong></span> <span class='ocrx_word' id='word_1_122' title='bbox 1614 1155 1677 1208; x_wconf 88' lang='lat' dir='ltr'><strong>de</strong></span> <span class='ocrx_word' id='word_1_123' title='bbox 1709 1172 1788 1208; x_wconf 85' lang='lat' dir='ltr'><strong>se-</strong></span> 
     </span>
    </p>
   </div>
   <div class='ocr_carea' id='block_1_18' title="bbox 208 1241 1788 1313">
    <p class='ocr_par' dir='ltr' id='par_1_18' title="bbox 208 1241 1788 1313">
     <span class='ocr_line' id='line_1_18' title="bbox 208 1241 1788 1313; baseline 0.003 -20"><span class='ocrx_word' id='word_1_124' title='bbox 208 1243 342 1311; x_wconf 79' lang='lat' dir='ltr'><strong>ipso,</strong></span> <span class='ocrx_word' id='word_1_125' title='bbox 370 1259 437 1294; x_wconf 87' lang='lat' dir='ltr'><strong>an</strong></span> <span class='ocrx_word' id='word_1_126' title='bbox 460 1243 526 1295; x_wconf 84' lang='lat' dir='ltr'><strong>de</strong></span> <span class='ocrx_word' id='word_1_127' title='bbox 547 1245 649 1297; x_wconf 89' lang='lat' dir='ltr'><strong>alio</strong></span> <span class='ocrx_word' id='word_1_128' title='bbox 671 1241 831 1312; x_wconf 83' lang='lat' dir='ltr'><strong>(Ibid.</strong></span> <span class='ocrx_word' id='word_1_129' title='bbox 856 1260 901 1297; x_wconf 80' lang='grc' dir='ltr'><strong>υ.</strong></span> <span class='ocrx_word' id='word_1_130' title='bbox 927 1243 1052 1313; x_wconf 66' lang='lat'><strong>&#39;54)?</strong></span> <span class='ocrx_word' id='word_1_131' title='bbox 1069 1244 1123 1297; x_wconf 88' lang='lat' dir='ltr'><strong>Si</strong></span> <span class='ocrx_word' id='word_1_132' title='bbox 1153 1244 1308 1298; x_wconf 86' lang='lat' dir='ltr'><strong>lectio</strong></span> <span class='ocrx_word' id='word_1_133' title='bbox 1327 1243 1640 1310; x_wconf 89' lang='lat' dir='ltr'><strong>sufficiebat,</strong></span> <span class='ocrx_word' id='word_1_134' title='bbox 1657 1258 1788 1312; x_wconf 90' lang='lat' dir='ltr'><strong>quo-</strong></span> 
     </span>
    </p>
   </div>
   <div class='ocr_carea' id='block_1_19' title="bbox 207 1334 1784 1406">
    <p class='ocr_par' dir='ltr' id='par_1_19' title="bbox 207 1334 1784 1406">
     <span class='ocr_line' id='line_1_19' title="bbox 207 1334 1784 1406; baseline 0.002 -18"><span class='ocrx_word' id='word_1_135' title='bbox 207 1334 370 1388; x_wconf 85' lang='lat' dir='ltr'><strong>modo</strong></span> <span class='ocrx_word' id='word_1_136' title='bbox 391 1335 562 1388; x_wconf 68' lang='lat' dir='ltr'><strong>Judmi</strong></span> <span class='ocrx_word' id='word_1_137' title='bbox 591 1334 716 1388; x_wconf 87' lang='lat' dir='ltr'><strong>dum</strong></span> <span class='ocrx_word' id='word_1_138' title='bbox 742 1335 906 1390; x_wconf 79' lang='lat' dir='ltr'><strong>Vetus</strong></span> <span class='ocrx_word' id='word_1_139' title='bbox 931 1335 1327 1391; x_wconf 90' lang='lat' dir='ltr'><strong>Testamentum</strong></span> <span class='ocrx_word' id='word_1_140' title='bbox 1360 1337 1558 1406; x_wconf 85' lang='lat' dir='ltr'><strong>legunt,</strong></span> <span class='ocrx_word' id='word_1_141' title='bbox 1591 1351 1650 1390; x_wconf 91' lang='lat' dir='ltr'><strong>ea</strong></span> <span class='ocrx_word' id='word_1_142' title='bbox 1667 1351 1784 1406; x_wconf 65' lang='lat' dir='ltr'><strong>quae</strong></span> 
     </span>
    </p>
   </div>
   <div class='ocr_carea' id='block_1_20' title="bbox 206 1424 1780 1496">
    <p class='ocr_par' dir='ltr' id='par_1_20' title="bbox 206 1424 1780 1496">
     <span class='ocr_line' id='line_1_20' title="bbox 206 1424 1780 1496; baseline 0.003 -18"><span class='ocrx_word' id='word_1_143' title='bbox 206 1424 274 1480; x_wconf 88' lang='lat' dir='ltr'><strong>de</strong></span> <span class='ocrx_word' id='word_1_144' title='bbox 303 1424 501 1480; x_wconf 84' lang='lat' dir='ltr'><strong>Christi</strong></span> <span class='ocrx_word' id='word_1_145' title='bbox 530 1427 815 1490; x_wconf 84' lang='lat' dir='ltr'><strong>natalibus,</strong></span> <span class='ocrx_word' id='word_1_146' title='bbox 838 1427 903 1481; x_wconf 90' lang='lat' dir='ltr'><strong>de</strong></span> <span class='ocrx_word' id='word_1_147' title='bbox 930 1427 1115 1496; x_wconf 81' lang='lat' dir='ltr'><strong>signis,</strong></span> <span class='ocrx_word' id='word_1_148' title='bbox 1144 1429 1210 1482; x_wconf 89' lang='lat' dir='ltr'><strong>de</strong></span> <span class='ocrx_word' id='word_1_149' title='bbox 1239 1428 1524 1494; x_wconf 89' lang='lat' dir='ltr'><strong>miraculis,</strong></span> <span class='ocrx_word' id='word_1_150' title='bbox 1555 1427 1621 1482; x_wconf 91' lang='lat' dir='ltr'><strong>de</strong></span> <span class='ocrx_word' id='word_1_151' title='bbox 1640 1429 1780 1494; x_wconf 94' lang='lat' dir='ltr'><strong>loco,</strong></span> 
     </span>
    </p>
   </div>
   <div class='ocr_carea' id='block_1_21' title="bbox 205 1516 1779 1588">
    <p class='ocr_par' dir='ltr' id='par_1_21' title="bbox 205 1516 1779 1588">
     <span class='ocr_line' id='line_1_21' title="bbox 205 1516 1779 1588; baseline 0.003 -18"><span class='ocrx_word' id='word_1_152' title='bbox 205 1516 272 1571; x_wconf 90' lang='lat' dir='ltr'><strong>de</strong></span> <span class='ocrx_word' id='word_1_153' title='bbox 299 1526 564 1586; x_wconf 90' lang='lat' dir='ltr'><strong>tempore,</strong></span> <span class='ocrx_word' id='word_1_154' title='bbox 587 1518 653 1572; x_wconf 92' lang='lat' dir='ltr'><strong>de</strong></span> <span class='ocrx_word' id='word_1_155' title='bbox 673 1533 849 1586; x_wconf 90' lang='lat' dir='ltr'><strong>cruce,</strong></span> <span class='ocrx_word' id='word_1_156' title='bbox 873 1519 939 1573; x_wconf 91' lang='lat' dir='ltr'><strong>de</strong></span> <span class='ocrx_word' id='word_1_157' title='bbox 959 1519 1248 1588; x_wconf 86' lang='lat' dir='ltr'><strong>sepultura,</strong></span> <span class='ocrx_word' id='word_1_158' title='bbox 1278 1519 1344 1572; x_wconf 92' lang='lat' dir='ltr'><strong>de</strong></span> <span class='ocrx_word' id='word_1_159' title='bbox 1371 1519 1779 1584; x_wconf 87' lang='lat' dir='ltr'><strong>resurrectione,</strong></span> 
     </span>
    </p>
   </div>
   <div class='ocr_carea' id='block_1_22' title="bbox 204 1607 1781 1681">
    <p class='ocr_par' dir='ltr' id='par_1_22' title="bbox 204 1607 1781 1681">
     <span class='ocr_line' id='line_1_22' title="bbox 204 1607 1781 1681; baseline 0.004 -20"><span class='ocrx_word' id='word_1_160' title='bbox 204 1607 270 1663; x_wconf 90' lang='lat' dir='ltr'><strong>de</strong></span> <span class='ocrx_word' id='word_1_161' title='bbox 298 1610 690 1678; x_wconf 81' lang='lat' dir='ltr'><strong>assumptione,</strong></span> <span class='ocrx_word' id='word_1_162' title='bbox 734 1610 802 1664; x_wconf 91' lang='lat' dir='ltr'><strong>de</strong></span> <span class='ocrx_word' id='word_1_163' title='bbox 849 1611 1087 1664; x_wconf 87' lang='lat' dir='ltr'><strong>sessione</strong></span> <span class='ocrx_word' id='word_1_164' title='bbox 1125 1626 1154 1664; x_wconf 91' lang='lat' dir='ltr'><strong>a</strong></span> <span class='ocrx_word' id='word_1_165' title='bbox 1182 1610 1434 1675; x_wconf 83' lang='lat' dir='ltr'><strong>dexteris,</strong></span> <span class='ocrx_word' id='word_1_166' title='bbox 1465 1610 1532 1665; x_wconf 91' lang='lat' dir='ltr'><strong>de</strong></span> <span class='ocrx_word' id='word_1_167' title='bbox 1555 1611 1781 1681; x_wconf 90' lang='lat' dir='ltr'><strong>Spiritus</strong></span> 
     </span>
    </p>
   </div>
   <div class='ocr_carea' id='block_1_23' title="bbox 204 1699 1777 1771">
    <p class='ocr_par' dir='ltr' id='par_1_23' title="bbox 204 1699 1777 1771">
     <span class='ocr_line' id='line_1_23' title="bbox 204 1699 1777 1771; baseline 0.004 -19"><span class='ocrx_word' id='word_1_168' title='bbox 204 1700 370 1753; x_wconf 82' lang='lat' dir='ltr'><strong>sancti</strong></span> <span class='ocrx_word' id='word_1_169' title='bbox 399 1700 680 1766; x_wconf 88' lang='lat' dir='ltr'><strong>descensu,</strong></span> <span class='ocrx_word' id='word_1_170' title='bbox 703 1699 767 1754; x_wconf 91' lang='lat' dir='ltr'><strong>de</strong></span> <span class='ocrx_word' id='word_1_171' title='bbox 795 1702 1154 1770; x_wconf 89' lang='lat' dir='ltr'><strong>apostolorum</strong></span> <span class='ocrx_word' id='word_1_172' title='bbox 1185 1708 1333 1756; x_wconf 81' lang='lat' dir='ltr'><strong>exitu</strong></span> <span class='ocrx_word' id='word_1_173' title='bbox 1365 1719 1457 1771; x_wconf 91' lang='lat' dir='ltr'><strong>per</strong></span> <span class='ocrx_word' id='word_1_174' title='bbox 1481 1703 1777 1758; x_wconf 84' lang='lat' dir='ltr'><strong>universam</strong></span> 
     </span>
    </p>
   </div>
   <div class='ocr_carea' id='block_1_24' title="bbox 205 1789 1778 1862">
    <p class='ocr_par' dir='ltr' id='par_1_24' title="bbox 205 1789 1778 1862">
     <span class='ocr_line' id='line_1_24' title="bbox 205 1789 1778 1862; baseline 0.006 -22"><span class='ocrx_word' id='word_1_175' title='bbox 205 1795 425 1850; x_wconf 87' lang='lat' dir='ltr'><strong>terram,</strong></span> <span class='ocrx_word' id='word_1_176' title='bbox 448 1789 517 1844; x_wconf 87' lang='lat' dir='ltr'><strong>de</strong></span> <span class='ocrx_word' id='word_1_177' title='bbox 540 1791 800 1859; x_wconf 88' lang='lat' dir='ltr'><strong>ejectione</strong></span> <span class='ocrx_word' id='word_1_178' title='bbox 819 1807 1118 1862; x_wconf 78' lang='lat' dir='ltr'><strong>synagogzn,</strong></span> <span class='ocrx_word' id='word_1_179' title='bbox 1148 1791 1216 1846; x_wconf 89' lang='lat' dir='ltr'><strong>de</strong></span> <span class='ocrx_word' id='word_1_180' title='bbox 1236 1792 1486 1848; x_wconf 79' lang='lat' dir='ltr'><strong>Ecclesia:</strong></span> <span class='ocrx_word' id='word_1_181' title='bbox 1509 1793 1778 1849; x_wconf 88' lang='lat' dir='ltr'><strong>nobilitate</strong></span> 
     </span>
    </p>
   </div>
   <div class='ocr_carea' id='block_1_25' title="bbox 202 1877 1780 1954">
    <p class='ocr_par' dir='ltr' id='par_1_25' title="bbox 202 1877 1780 1954">
     <span class='ocr_line' id='line_1_25' title="bbox 202 1877 1780 1954; baseline 0.005 -24"><span class='ocrx_word' id='word_1_182' title='bbox 202 1877 475 1946; x_wconf 86' lang='lat' dir='ltr'><strong>dicuntur,</strong></span> <span class='ocrx_word' id='word_1_183' title='bbox 503 1881 734 1934; x_wconf 90' lang='lat' dir='ltr'><strong>nondum</strong></span> <span class='ocrx_word' id='word_1_184' title='bbox 761 1881 917 1936; x_wconf 88' lang='lat' dir='ltr'><strong>hodie</strong></span> <span class='ocrx_word' id='word_1_185' title='bbox 944 1882 1314 1937; x_wconf 88' lang='lat' dir='ltr'><strong>crediderunt?</strong></span> <span class='ocrx_word' id='word_1_186' title='bbox 1342 1882 1458 1940; x_wconf 90' lang='lat' dir='ltr'><strong>Non</strong></span> <span class='ocrx_word' id='word_1_187' title='bbox 1483 1899 1607 1954; x_wconf 88' lang='lat' dir='ltr'><strong>ergo</strong></span> <span class='ocrx_word' id='word_1_188' title='bbox 1632 1883 1780 1938; x_wconf 83' lang='lat' dir='ltr'><strong>suffi-</strong></span> 
     </span>
    </p>
   </div>
   <div class='ocr_carea' id='block_1_26' title="bbox 201 1972 1774 2043">
    <p class='ocr_par' dir='ltr' id='par_1_26' title="bbox 201 1972 1774 2043">
     <span class='ocr_line' id='line_1_26' title="bbox 201 1972 1774 2043; baseline 0.006 -20"><span class='ocrx_word' id='word_1_189' title='bbox 201 1972 273 2024; x_wconf 91' lang='lat' dir='ltr'><strong>cit</strong></span> <span class='ocrx_word' id='word_1_190' title='bbox 302 1972 483 2034; x_wconf 86' lang='lat' dir='ltr'><strong>lectio,</strong></span> <span class='ocrx_word' id='word_1_191' title='bbox 515 1973 614 2025; x_wconf 90' lang='lat' dir='ltr'><strong>nisi</strong></span> <span class='ocrx_word' id='word_1_192' title='bbox 641 1973 780 2027; x_wconf 88' lang='lat' dir='ltr'><strong>adsit</strong></span> <span class='ocrx_word' id='word_1_193' title='bbox 807 1984 858 2028; x_wconf 87' lang='lat' dir='ltr'><strong>et</strong></span> <span class='ocrx_word' id='word_1_194' title='bbox 880 1975 1132 2043; x_wconf 80' lang='lat' dir='ltr'><strong>cognitio.</strong></span> <span class='ocrx_word' id='word_1_195' title='bbox 1163 1974 1616 2042; x_wconf 86' lang='lat' dir='ltr'><strong>Quemadmodum</strong></span> <span class='ocrx_word' id='word_1_196' title='bbox 1634 1977 1774 2032; x_wconf 88' lang='lat' dir='ltr'><strong>enim</strong></span> 
     </span>
    </p>
   </div>
   <div class='ocr_carea' id='block_1_27' title="bbox 203 2062 1773 2137">
    <p class='ocr_par' dir='ltr' id='par_1_27' title="bbox 203 2062 1773 2137">
     <span class='ocr_line' id='line_1_27' title="bbox 203 2062 1773 2137; baseline 0.003 -19"><span class='ocrx_word' id='word_1_197' title='bbox 203 2062 248 2118; x_wconf 82' lang='lat' dir='ltr'><strong>si</strong></span> <span class='ocrx_word' id='word_1_198' title='bbox 277 2063 398 2132; x_wconf 89' lang='lat' dir='ltr'><strong>quis</strong></span> <span class='ocrx_word' id='word_1_199' title='bbox 422 2063 541 2116; x_wconf 91' lang='lat' dir='ltr'><strong>edat</strong></span> <span class='ocrx_word' id='word_1_200' title='bbox 584 2065 820 2132; x_wconf 87' lang='lat' dir='ltr'><strong>quidem,</strong></span> <span class='ocrx_word' id='word_1_201' title='bbox 854 2065 946 2119; x_wconf 90' lang='lat' dir='ltr'><strong>sed</strong></span> <span class='ocrx_word' id='word_1_202' title='bbox 977 2065 1154 2120; x_wconf 91' lang='lat' dir='ltr'><strong>cibum</strong></span> <span class='ocrx_word' id='word_1_203' title='bbox 1192 2081 1300 2121; x_wconf 92' lang='lat' dir='ltr'><strong>non</strong></span> <span class='ocrx_word' id='word_1_204' title='bbox 1339 2075 1551 2137; x_wconf 89' lang='lat' dir='ltr'><strong>coquat,</strong></span> <span class='ocrx_word' id='word_1_205' title='bbox 1594 2067 1640 2121; x_wconf 89' lang='lat' dir='ltr'><strong>is</strong></span> <span class='ocrx_word' id='word_1_206' title='bbox 1667 2083 1773 2122; x_wconf 92' lang='lat' dir='ltr'><strong>non</strong></span> 
     </span>
    </p>
   </div>
   <div class='ocr_carea' id='block_1_28' title="bbox 205 2152 1768 2228">
    <p class='ocr_par' dir='ltr' id='par_1_28' title="bbox 205 2152 1768 2228">
     <span class='ocr_line' id='line_1_28' title="bbox 205 2152 1768 2228; baseline 0.005 -23"><span class='ocrx_word' id='word_1_207' title='bbox 205 2153 384 2208; x_wconf 80' lang='lat' dir='ltr'><strong>vivet:</strong></span> <span class='ocrx_word' id='word_1_208' title='bbox 413 2155 486 2208; x_wconf 87' lang='lat' dir='ltr'><strong>sic</strong></span> <span class='ocrx_word' id='word_1_209' title='bbox 510 2155 552 2208; x_wconf 90' lang='lat' dir='ltr'><strong>si</strong></span> <span class='ocrx_word' id='word_1_210' title='bbox 582 2155 706 2222; x_wconf 92' lang='lat' dir='ltr'><strong>quis</strong></span> <span class='ocrx_word' id='word_1_211' title='bbox 724 2155 884 2226; x_wconf 84' lang='lat' dir='ltr'><strong>legat,</strong></span> <span class='ocrx_word' id='word_1_212' title='bbox 903 2152 1035 2208; x_wconf 89' lang='lat' dir='ltr'><strong>nihil</strong></span> <span class='ocrx_word' id='word_1_213' title='bbox 1052 2168 1175 2211; x_wconf 90' lang='lat' dir='ltr'><strong>vero</strong></span> <span class='ocrx_word' id='word_1_214' title='bbox 1205 2157 1462 2212; x_wconf 90' lang='lat' dir='ltr'><strong>dictorum</strong></span> <span class='ocrx_word' id='word_1_215' title='bbox 1495 2157 1768 2228; x_wconf 82' lang='lat' dir='ltr'><strong>intelligat,</strong></span> 
     </span>
    </p>
   </div>
   <div class='ocr_carea' id='block_1_29' title="bbox 201 2243 1768 2319">
    <p class='ocr_par' dir='ltr' id='par_1_29' title="bbox 201 2243 1768 2319">
     <span class='ocr_line' id='line_1_29' title="bbox 201 2243 1768 2319; baseline 0.006 -23"><span class='ocrx_word' id='word_1_216' title='bbox 201 2243 248 2297; x_wconf 88' lang='lat' dir='ltr'><strong>is</strong></span> <span class='ocrx_word' id='word_1_217' title='bbox 275 2243 353 2297; x_wconf 80' lang='lat' dir='ltr'><strong>rei</strong></span> <span class='ocrx_word' id='word_1_218' title='bbox 396 2245 662 2298; x_wconf 87' lang='lat' dir='ltr'><strong>veritatem</strong></span> <span class='ocrx_word' id='word_1_219' title='bbox 691 2261 796 2300; x_wconf 90' lang='lat' dir='ltr'><strong>non</strong></span> <span class='ocrx_word' id='word_1_220' title='bbox 830 2247 1102 2317; x_wconf 88' lang='lat' dir='ltr'><strong>percipiet.</strong></span> <span class='ocrx_word' id='word_1_221' title='bbox 1133 2247 1210 2302; x_wconf 89' lang='lat' dir='ltr'><strong>Ne</strong></span> <span class='ocrx_word' id='word_1_222' title='bbox 1250 2249 1378 2303; x_wconf 90' lang='lat' dir='ltr'><strong>mihi</strong></span> <span class='ocrx_word' id='word_1_223' title='bbox 1421 2264 1550 2319; x_wconf 81' lang='lat' dir='ltr'><strong>ergo</strong></span> <span class='ocrx_word' id='word_1_224' title='bbox 1596 2250 1768 2307; x_wconf 91' lang='lat' dir='ltr'><strong>locum</strong></span> 
     </span>
    </p>
   </div>
   <div class='ocr_carea' id='block_1_30' title="bbox 197 2337 1770 2412">
    <p class='ocr_par' dir='ltr' id='par_1_30' title="bbox 197 2337 1770 2412">
     <span class='ocr_line' id='line_1_30' title="bbox 197 2337 1770 2412; baseline 0.005 -22"><span class='ocrx_word' id='word_1_225' title='bbox 197 2337 560 2406; x_wconf 77' lang='lat' dir='ltr'><strong>evangelicum</strong></span> <span class='ocrx_word' id='word_1_226' title='bbox 594 2339 871 2407; x_wconf 90' lang='lat' dir='ltr'><strong>proponite</strong></span> <span class='ocrx_word' id='word_1_227' title='bbox 899 2347 1123 2405; x_wconf 89' lang='lat' dir='ltr'><strong>tantum,</strong></span> <span class='ocrx_word' id='word_1_228' title='bbox 1154 2341 1246 2395; x_wconf 87' lang='lat' dir='ltr'><strong>sed</strong></span> <span class='ocrx_word' id='word_1_229' title='bbox 1273 2341 1418 2395; x_wconf 93' lang='lat' dir='ltr'><strong>illum</strong></span> <span class='ocrx_word' id='word_1_230' title='bbox 1454 2341 1770 2412; x_wconf 84' lang='lat' dir='ltr'><strong>interprete-</strong></span> 
     </span>
    </p>
   </div>
   <div class='ocr_carea' id='block_1_31' title="bbox 191 2430 1770 2504">
    <p class='ocr_par' dir='ltr' id='par_1_31' title="bbox 191 2430 1770 2504">
     <span class='ocr_line' id='line_1_31' title="bbox 191 2430 1770 2504; baseline 0.005 -22"><span class='ocrx_word' id='word_1_231' title='bbox 191 2431 343 2482; x_wconf 90' lang='lat' dir='ltr'><strong>mini.</strong></span> <span class='ocrx_word' id='word_1_232' title='bbox 381 2430 493 2484; x_wconf 93' lang='lat' dir='ltr'><strong>lloc</strong></span> <span class='ocrx_word' id='word_1_233' title='bbox 515 2440 688 2486; x_wconf 90' lang='lat' dir='ltr'><strong>autem</strong></span> <span class='ocrx_word' id='word_1_234' title='bbox 714 2431 780 2486; x_wconf 92' lang='lat' dir='ltr'><strong>ab</strong></span> <span class='ocrx_word' id='word_1_235' title='bbox 810 2431 937 2501; x_wconf 88' lang='lat' dir='ltr'><strong>ipsis</strong></span> <span class='ocrx_word' id='word_1_236' title='bbox 967 2433 1200 2502; x_wconf 90' lang='lat' dir='ltr'><strong>postulo,</strong></span> <span class='ocrx_word' id='word_1_237' title='bbox 1230 2443 1285 2488; x_wconf 93' lang='lat' dir='ltr'><strong>ut</strong></span> <span class='ocrx_word' id='word_1_238' title='bbox 1311 2449 1431 2489; x_wconf 94' lang='lat' dir='ltr'><strong>cum</strong></span> <span class='ocrx_word' id='word_1_239' title='bbox 1461 2449 1649 2504; x_wconf 88' lang='lat' dir='ltr'><strong>pravas</strong></span> <span class='ocrx_word' id='word_1_240' title='bbox 1678 2451 1770 2491; x_wconf 90' lang='lat' dir='ltr'><strong>eo-</strong></span> 
     </span>
    </p>
   </div>
   <div class='ocr_carea' id='block_1_32' title="bbox 188 2521 1764 2590">
    <p class='ocr_par' dir='ltr' id='par_1_32' title="bbox 188 2521 1764 2590">
     <span class='ocr_line' id='line_1_32' title="bbox 188 2521 1764 2590; baseline 0.006 -17"><span class='ocrx_word' id='word_1_241' title='bbox 188 2536 304 2574; x_wconf 88' lang='lat' dir='ltr'><strong>rum</strong></span> <span class='ocrx_word' id='word_1_242' title='bbox 329 2521 720 2590; x_wconf 79' lang='lat' dir='ltr'><strong>explicationes</strong></span> <span class='ocrx_word' id='word_1_243' title='bbox 747 2524 1110 2590; x_wconf 89' lang='lat' dir='ltr'><strong>confutavero,</strong></span> <span class='ocrx_word' id='word_1_244' title='bbox 1143 2533 1251 2578; x_wconf 92' lang='lat' dir='ltr'><strong>tum</strong></span> <span class='ocrx_word' id='word_1_245' title='bbox 1291 2525 1531 2582; x_wconf 87' lang='lat' dir='ltr'><strong>veritatis</strong></span> <span class='ocrx_word' id='word_1_246' title='bbox 1573 2527 1764 2582; x_wconf 86' lang='lat' dir='ltr'><strong>funda-</strong></span> 
     </span>
    </p>
   </div>
   <div class='ocr_carea' id='block_1_33' title="bbox 186 2613 1763 2682">
    <p class='ocr_par' dir='ltr' id='par_1_33' title="bbox 186 2613 1763 2682">
     <span class='ocr_line' id='line_1_33' title="bbox 186 2613 1763 2682; baseline 0.006 -18"><span class='ocrx_word' id='word_1_247' title='bbox 186 2621 430 2666; x_wconf 87' lang='lat' dir='ltr'><strong>mentum</strong></span> <span class='ocrx_word' id='word_1_248' title='bbox 476 2613 688 2682; x_wconf 86' lang='lat' dir='ltr'><strong>jaciam.</strong></span> <span class='ocrx_word' id='word_1_249' title='bbox 737 2614 826 2670; x_wconf 91' lang='lat' dir='ltr'><strong>Sic</strong></span> <span class='ocrx_word' id='word_1_250' title='bbox 868 2616 1026 2669; x_wconf 87' lang='lat' dir='ltr'><strong>etiam</strong></span> <span class='ocrx_word' id='word_1_251' title='bbox 1074 2616 1354 2672; x_wconf 89' lang='lat' dir='ltr'><strong>architecti</strong></span> <span class='ocrx_word' id='word_1_252' title='bbox 1402 2618 1617 2682; x_wconf 84' lang='lat' dir='ltr'><strong>faciunt,</strong></span> <span class='ocrx_word' id='word_1_253' title='bbox 1658 2634 1763 2674; x_wconf 93' lang='lat' dir='ltr'><strong>non</strong></span> 
     </span>
    </p>
   </div>
   <div class='ocr_carea' id='block_1_34' title="bbox 186 2704 1763 2778">
    <p class='ocr_par' dir='ltr' id='par_1_34' title="bbox 186 2704 1763 2778">
     <span class='ocr_line' id='line_1_34' title="bbox 186 2704 1763 2778; baseline 0.004 -22"><span class='ocrx_word' id='word_1_254' title='bbox 186 2706 335 2771; x_wconf 87' lang='lat' dir='ltr'><strong>prius</strong></span> <span class='ocrx_word' id='word_1_255' title='bbox 381 2704 734 2759; x_wconf 67' lang='lat' dir='ltr'><strong>auliliciorum</strong></span> <span class='ocrx_word' id='word_1_256' title='bbox 782 2704 1124 2761; x_wconf 89' lang='lat' dir='ltr'><strong>fundamenta</strong></span> <span class='ocrx_word' id='word_1_257' title='bbox 1167 2707 1396 2775; x_wconf 73' lang='lat' dir='ltr'><strong>iaciunt,</strong></span> <span class='ocrx_word' id='word_1_258' title='bbox 1444 2724 1601 2778; x_wconf 91' lang='lat' dir='ltr'><strong>quam</strong></span> <span class='ocrx_word' id='word_1_259' title='bbox 1643 2724 1763 2763; x_wconf 91' lang='lat' dir='ltr'><strong>sor-</strong></span> 
     </span>
    </p>
   </div>
   <div class='ocr_carea' id='block_1_35' title="bbox 183 2783 1763 2871">
    <p class='ocr_par' dir='ltr' id='par_1_35' title="bbox 183 2783 1763 2871">
     <span class='ocr_line' id='line_1_35' title="bbox 183 2783 1763 2871; baseline 0.006 -25"><span class='ocrx_word' id='word_1_260' title='bbox 183 2795 274 2848; x_wconf 89' lang='lat' dir='ltr'><strong>des</strong></span> <span class='ocrx_word' id='word_1_261' title='bbox 302 2795 591 2863; x_wconf 89' lang='lat' dir='ltr'><strong>ejecerint,</strong></span> <span class='ocrx_word' id='word_1_262' title='bbox 620 2804 676 2850; x_wconf 92' lang='lat' dir='ltr'><strong>ut</strong></span> <span class='ocrx_word' id='word_1_263' title='bbox 706 2803 818 2851; x_wconf 93' lang='lat' dir='ltr'><strong>tuto</strong></span> <span class='ocrx_word' id='word_1_264' title='bbox 847 2796 1130 2852; x_wconf 66' lang='lat' dir='ltr'><strong>aedificent.</strong></span> <span class='ocrx_word' id='word_1_265' title='bbox 1178 2798 1286 2853; x_wconf 93' lang='lat' dir='ltr'><strong>llos</strong></span> <span class='ocrx_word' id='word_1_266' title='bbox 1323 2806 1380 2854; x_wconf 90' lang='lat' dir='ltr'><strong>et</strong></span> <span class='ocrx_word' id='word_1_267' title='bbox 1419 2783 1516 2854; x_wconf 86' lang='lat' dir='ltr'><strong>nos</strong></span> <span class='ocrx_word' id='word_1_268' title='bbox 1554 2816 1763 2871; x_wconf 70' lang='lat' dir='ltr'><strong>quoque</strong></span> 
     </span>
    </p>
   </div>
   <div class='ocr_carea' id='block_1_36' title="bbox 182 2888 481 2941">
    <p class='ocr_par' dir='ltr' id='par_1_36' title="bbox 182 2888 481 2941">
     <span class='ocr_line' id='line_1_36' title="bbox 182 2888 481 2941; baseline -0.003 0"><span class='ocrx_word' id='word_1_269' title='bbox 182 2888 481 2941; x_wconf 87' lang='lat' dir='ltr'><strong>imitemur.</strong></span> 
     </span>
    </p>
   </div>
   <div class='ocr_carea' id='block_1_37' title="bbox 249 2981 1754 3056">
    <p class='ocr_par' dir='ltr' id='par_1_37' title="bbox 249 2981 1754 3056">
     <span class='ocr_line' id='line_1_37' title="bbox 249 2981 1754 3056; baseline 0.003 -21"><span class='ocrx_word' id='word_1_270' title='bbox 249 2981 543 3052; x_wconf 71' lang='lat' dir='ltr'><strong>Responsio</strong></span> <span class='ocrx_word' id='word_1_271' title='bbox 565 2981 905 3055; x_wconf 78' lang='lat' dir='ltr'><strong>Chrysostomi</strong></span> <span class='ocrx_word' id='word_1_272' title='bbox 932 2984 999 3038; x_wconf 85' lang='lat' dir='ltr'><strong>ad</strong></span> <span class='ocrx_word' id='word_1_273' title='bbox 1022 2985 1365 3039; x_wconf 64' lang='lat' dir='ltr'><strong>hereticorum</strong></span> <span class='ocrx_word' id='word_1_274' title='bbox 1390 2996 1754 3056; x_wconf 82' lang='lat' dir='ltr'><strong>argumentum.</strong></span> 
     </span>
    </p>
   </div>
   <div class='ocr_carea' id='block_1_38' title="bbox 180 3073 1761 3145">
    <p class='ocr_par' dir='ltr' id='par_1_38' title="bbox 180 3073 1761 3145">
     <span class='ocr_line' id='line_1_38' title="bbox 180 3073 1761 3145; baseline 0.002 -18"><span class='ocrx_word' id='word_1_275' title='bbox 180 3101 245 3113; x_wconf 91' lang='lat'><strong>-—</strong></span> <span class='ocrx_word' id='word_1_276' title='bbox 267 3073 370 3128; x_wconf 89' lang='lat' dir='ltr'><strong>Dic</strong></span> <span class='ocrx_word' id='word_1_277' title='bbox 396 3089 548 3142; x_wconf 80' lang='lat' dir='ltr'><strong>ergo,</strong></span> <span class='ocrx_word' id='word_1_278' title='bbox 575 3074 778 3128; x_wconf 89' lang='lat' dir='ltr'><strong>nihilne</strong></span> <span class='ocrx_word' id='word_1_279' title='bbox 807 3082 981 3142; x_wconf 90' lang='lat' dir='ltr'><strong>potest</strong></span> <span class='ocrx_word' id='word_1_280' title='bbox 1008 3075 1180 3130; x_wconf 88' lang='lat' dir='ltr'><strong>Filius</strong></span> <span class='ocrx_word' id='word_1_281' title='bbox 1208 3091 1237 3130; x_wconf 89' lang='lat' dir='ltr'><strong>a</strong></span> <span class='ocrx_word' id='word_1_282' title='bbox 1263 3076 1439 3145; x_wconf 88' lang='lat' dir='ltr'><strong>seipso</strong></span> <span class='ocrx_word' id='word_1_283' title='bbox 1465 3075 1658 3142; x_wconf 90' lang='lat' dir='ltr'><strong>facere,</strong></span> <span class='ocrx_word' id='word_1_284' title='bbox 1680 3076 1761 3130; x_wconf 91' lang='lat' dir='ltr'><strong>ni-</strong></span> 
     </span>
    </p>
   </div>
   <div class='ocr_carea' id='block_1_39' title="bbox 177 3162 1751 3237">
    <p class='ocr_par' dir='ltr' id='par_1_39' title="bbox 177 3162 1751 3237">
     <span class='ocr_line' id='line_1_39' title="bbox 177 3162 1751 3237; baseline 0.004 -22"><span class='ocrx_word' id='word_1_285' title='bbox 177 3162 320 3219; x_wconf 84' lang='lat' dir='ltr'><strong>hilne</strong></span> <span class='ocrx_word' id='word_1_286' title='bbox 354 3163 608 3234; x_wconf 89' lang='lat' dir='ltr'><strong>prorsus?</strong></span> <span class='ocrx_word' id='word_1_287' title='bbox 646 3163 828 3233; x_wconf 86' lang='lat' dir='ltr'><strong>Neque</strong></span> <span class='ocrx_word' id='word_1_288' title='bbox 854 3165 996 3219; x_wconf 90' lang='lat' dir='ltr'><strong>enim</strong></span> <span class='ocrx_word' id='word_1_289' title='bbox 1038 3163 1191 3232; x_wconf 82' lang='lat' dir='ltr'><strong>dixit,</strong></span> <span class='ocrx_word' id='word_1_290' title='bbox 1238 3180 1297 3220; x_wconf 91' lang='lat' dir='ltr'><strong>se</strong></span> <span class='ocrx_word' id='word_1_291' title='bbox 1343 3165 1554 3236; x_wconf 87' lang='lat' dir='ltr'><strong>quidem</strong></span> <span class='ocrx_word' id='word_1_292' title='bbox 1595 3182 1751 3237; x_wconf 88' lang='lat' dir='ltr'><strong>posse</strong></span> 
     </span>
    </p>
   </div>
   <div class='ocr_carea' id='block_1_40' title="bbox 179 3252 1758 3327">
    <p class='ocr_par' dir='ltr' id='par_1_40' title="bbox 179 3252 1758 3327">
     <span class='ocr_line' id='line_1_40' title="bbox 179 3252 1758 3327; baseline 0.004 -22"><span class='ocrx_word' id='word_1_293' title='bbox 179 3255 428 3309; x_wconf 80' lang='lat' dir='ltr'><strong>homines</strong></span> <span class='ocrx_word' id='word_1_294' title='bbox 457 3252 653 3318; x_wconf 84' lang='lat' dir='ltr'><strong>facere,</strong></span> <span class='ocrx_word' id='word_1_295' title='bbox 682 3254 775 3308; x_wconf 92' lang='lat' dir='ltr'><strong>sed</strong></span> <span class='ocrx_word' id='word_1_296' title='bbox 805 3255 1022 3323; x_wconf 83' lang='lat' dir='ltr'><strong>angelos</strong></span> <span class='ocrx_word' id='word_1_297' title='bbox 1051 3270 1155 3308; x_wconf 88' lang='lat' dir='ltr'><strong>non</strong></span> <span class='ocrx_word' id='word_1_298' title='bbox 1189 3270 1372 3324; x_wconf 88' lang='lat' dir='ltr'><strong>posse;</strong></span> <span class='ocrx_word' id='word_1_299' title='bbox 1403 3271 1573 3326; x_wconf 91' lang='lat' dir='ltr'><strong>neque</strong></span> <span class='ocrx_word' id='word_1_300' title='bbox 1598 3272 1758 3327; x_wconf 88' lang='lat' dir='ltr'><strong>ange-</strong></span> 
     </span>
    </p>
   </div>
   <div class='ocr_carea' id='block_1_41' title="bbox 177 3344 1755 3416">
    <p class='ocr_par' dir='ltr' id='par_1_41' title="bbox 177 3344 1755 3416">
     <span class='ocr_line' id='line_1_41' title="bbox 177 3344 1755 3416; baseline 0.003 -18"><span class='ocrx_word' id='word_1_301' title='bbox 177 3344 252 3399; x_wconf 87' lang='lat' dir='ltr'><strong>los</strong></span> <span class='ocrx_word' id='word_1_302' title='bbox 278 3360 471 3415; x_wconf 87' lang='lat' dir='ltr'><strong>posse,</strong></span> <span class='ocrx_word' id='word_1_303' title='bbox 501 3345 593 3400; x_wconf 83' lang='lat' dir='ltr'><strong>sed</strong></span> <span class='ocrx_word' id='word_1_304' title='bbox 617 3345 960 3416; x_wconf 83' lang='lat' dir='ltr'><strong>archangelos</strong></span> <span class='ocrx_word' id='word_1_305' title='bbox 987 3361 1090 3399; x_wconf 94' lang='lat' dir='ltr'><strong>non</strong></span> <span class='ocrx_word' id='word_1_306' title='bbox 1123 3361 1306 3415; x_wconf 90' lang='lat' dir='ltr'><strong>posse;</strong></span> <span class='ocrx_word' id='word_1_307' title='bbox 1330 3362 1511 3402; x_wconf 87' lang='lat' dir='ltr'><strong>verum</strong></span> <span class='ocrx_word' id='word_1_308' title='bbox 1538 3350 1755 3404; x_wconf 90' lang='lat' dir='ltr'><strong>omnino</strong></span> 
     </span>
    </p>
   </div>
   <div class='ocr_carea' id='block_1_42' title="bbox 176 3435 1754 3513">
    <p class='ocr_par' dir='ltr' id='par_1_42' title="bbox 176 3435 1754 3513">
     <span class='ocr_line' id='line_1_42' title="bbox 176 3435 1754 3513; baseline 0.004 -23"><span class='ocrx_word' id='word_1_309' title='bbox 176 3437 327 3492; x_wconf 82' lang='lat' dir='ltr'><strong>nihil.</strong></span> <span class='ocrx_word' id='word_1_310' title='bbox 365 3437 788 3492; x_wconf 88' lang='lat' dir='ltr'><strong>lmbecillitatem</strong></span> <span class='ocrx_word' id='word_1_311' title='bbox 838 3453 965 3508; x_wconf 82' lang='lat' dir='ltr'><strong>ergo</strong></span> <span class='ocrx_word' id='word_1_312' title='bbox 1010 3437 1114 3513; x_wconf 78' lang='lat' dir='ltr'><strong>hoc</strong></span> <span class='ocrx_word' id='word_1_313' title='bbox 1148 3437 1346 3493; x_wconf 89' lang='lat' dir='ltr'><strong>dictmn</strong></span> <span class='ocrx_word' id='word_1_314' title='bbox 1406 3435 1754 3496; x_wconf 86' lang='lat' dir='ltr'><strong>testificatur?</strong></span> 
     </span>
    </p>
   </div>
   <div class='ocr_carea' id='block_1_43' title="bbox 173 3529 1752 3601">
    <p class='ocr_par' dir='ltr' id='par_1_43' title="bbox 173 3529 1752 3601">
     <span class='ocr_line' id='line_1_43' title="bbox 173 3529 1752 3601; baseline 0.001 -17"><span class='ocrx_word' id='word_1_315' title='bbox 173 3533 212 3584; x_wconf 88' lang='lat' dir='ltr'><strong>si</strong></span> <span class='ocrx_word' id='word_1_316' title='bbox 237 3531 466 3601; x_wconf 87' lang='lat' dir='ltr'><strong>quidem</strong></span> <span class='ocrx_word' id='word_1_317' title='bbox 500 3529 790 3583; x_wconf 80' lang='lat' dir='ltr'><strong>secundum</strong></span> <span class='ocrx_word' id='word_1_318' title='bbox 821 3529 1125 3599; x_wconf 79' lang='lat' dir='ltr'><strong>Opinionem</strong></span> <span class='ocrx_word' id='word_1_319' title='bbox 1159 3539 1300 3584; x_wconf 90' lang='lat' dir='ltr'><strong>tuam</strong></span> <span class='ocrx_word' id='word_1_320' title='bbox 1342 3545 1444 3585; x_wconf 92' lang='lat' dir='ltr'><strong>non</strong></span> <span class='ocrx_word' id='word_1_321' title='bbox 1477 3540 1669 3600; x_wconf 90' lang='lat' dir='ltr'><strong>potest,</strong></span> <span class='ocrx_word' id='word_1_322' title='bbox 1702 3533 1752 3587; x_wconf 85' lang='lat' dir='ltr'><strong>vi</strong></span> 
     </span>
    </p>
   </div>
   <div class='ocr_carea' id='block_1_44' title="bbox 171 3622 1750 3693">
    <p class='ocr_par' dir='ltr' id='par_1_44' title="bbox 171 3622 1750 3693">
     <span class='ocr_line' id='line_1_44' title="bbox 171 3622 1750 3693; baseline 0.002 -18"><span class='ocrx_word' id='word_1_323' title='bbox 171 3633 220 3675; x_wconf 85' lang='lat' dir='ltr'><strong>et</strong></span> <span class='ocrx_word' id='word_1_324' title='bbox 246 3623 582 3676; x_wconf 69' lang='lat' dir='ltr'><strong>neceSsitate</strong></span> <span class='ocrx_word' id='word_1_325' title='bbox 610 3622 902 3685; x_wconf 89' lang='lat' dir='ltr'><strong>cohibitus;</strong></span> <span class='ocrx_word' id='word_1_326' title='bbox 935 3623 978 3677; x_wconf 90' lang='lat' dir='ltr'><strong>si</strong></span> <span class='ocrx_word' id='word_1_327' title='bbox 1024 3637 1216 3692; x_wconf 90' lang='lat' dir='ltr'><strong>nempe</strong></span> <span class='ocrx_word' id='word_1_328' title='bbox 1241 3637 1271 3676; x_wconf 86' lang='lat' dir='ltr'><strong>a</strong></span> <span class='ocrx_word' id='word_1_329' title='bbox 1309 3624 1484 3693; x_wconf 90' lang='lat' dir='ltr'><strong>seipso</strong></span> <span class='ocrx_word' id='word_1_330' title='bbox 1515 3624 1645 3678; x_wconf 87' lang='lat' dir='ltr'><strong>nihil</strong></span> <span class='ocrx_word' id='word_1_331' title='bbox 1671 3625 1750 3678; x_wconf 32' lang='lat' dir='ltr'><strong>fas</strong></span> 
     </span>
    </p>
   </div>
   <div class='ocr_carea' id='block_1_45' title="bbox 169 3711 1750 3786">
    <p class='ocr_par' dir='ltr' id='par_1_45' title="bbox 169 3711 1750 3786">
     <span class='ocr_line' id='line_1_45' title="bbox 169 3711 1750 3786; baseline 0.004 -22"><span class='ocrx_word' id='word_1_332' title='bbox 169 3712 257 3773; x_wconf 85' lang='lat' dir='ltr'><strong>cit,</strong></span> <span class='ocrx_word' id='word_1_333' title='bbox 291 3713 404 3767; x_wconf 89' lang='lat' dir='ltr'><strong>nisi</strong></span> <span class='ocrx_word' id='word_1_334' title='bbox 433 3725 555 3780; x_wconf 68' lang='lat' dir='ltr'><strong>qum</strong></span> <span class='ocrx_word' id='word_1_335' title='bbox 584 3711 777 3766; x_wconf 87' lang='lat' dir='ltr'><strong>viderit</strong></span> <span class='ocrx_word' id='word_1_336' title='bbox 804 3712 1012 3767; x_wconf 87' lang='lat' dir='ltr'><strong>Patrem</strong></span> <span class='ocrx_word' id='word_1_337' title='bbox 1042 3712 1342 3768; x_wconf 82' lang='lat' dir='ltr'><strong>facientem.</strong></span> <span class='ocrx_word' id='word_1_338' title='bbox 1375 3714 1449 3769; x_wconf 87' lang='lat' dir='ltr'><strong>En</strong></span> <span class='ocrx_word' id='word_1_339' title='bbox 1474 3715 1570 3770; x_wconf 90' lang='lat' dir='ltr'><strong>hac</strong></span> <span class='ocrx_word' id='word_1_340' title='bbox 1604 3726 1750 3786; x_wconf 88' lang='lat' dir='ltr'><strong>post-</strong></span> 
     </span>
    </p>
   </div>
   <div class='ocr_carea' id='block_1_46' title="bbox 167 3803 1748 3872">
    <p class='ocr_par' dir='ltr' id='par_1_46' title="bbox 167 3803 1748 3872">
     <span class='ocr_line' id='line_1_46' title="bbox 167 3803 1748 3872; baseline 0.003 -15"><span class='ocrx_word' id='word_1_341' title='bbox 167 3804 392 3857; x_wconf 86' lang='lat' dir='ltr'><strong>modum</strong></span> <span class='ocrx_word' id='word_1_342' title='bbox 433 3813 648 3872; x_wconf 89' lang='lat' dir='ltr'><strong>reperta</strong></span> <span class='ocrx_word' id='word_1_343' title='bbox 691 3803 952 3870; x_wconf 89' lang='lat' dir='ltr'><strong>doctrina,</strong></span> <span class='ocrx_word' id='word_1_344' title='bbox 995 3819 1114 3872; x_wconf 76' lang='lat' dir='ltr'><strong>ane</strong></span> <span class='ocrx_word' id='word_1_345' title='bbox 1161 3811 1333 3858; x_wconf 92' lang='lat' dir='ltr'><strong>tamen</strong></span> <span class='ocrx_word' id='word_1_346' title='bbox 1363 3805 1542 3858; x_wconf 92' lang='lat' dir='ltr'><strong>omnia</strong></span> <span class='ocrx_word' id='word_1_347' title='bbox 1573 3808 1748 3862; x_wconf 73' lang='lat' dir='ltr'><strong>aliena</strong></span> 
     </span>
    </p>
   </div>
   <div class='ocr_carea' id='block_1_47' title="bbox 167 3893 1752 3961">
    <p class='ocr_par' dir='ltr' id='par_1_47' title="bbox 167 3893 1752 3961">
     <span class='ocr_line' id='line_1_47' title="bbox 167 3893 1752 3961; baseline 0.003 -15"><span class='ocrx_word' id='word_1_348' title='bbox 167 3904 285 3947; x_wconf 85' lang='lat' dir='ltr'><strong>sunt</strong></span> <span class='ocrx_word' id='word_1_349' title='bbox 315 3893 398 3946; x_wconf 81' lang='lat' dir='ltr'><strong>ab</strong></span> <span class='ocrx_word' id='word_1_350' title='bbox 424 3895 736 3947; x_wconf 88' lang='lat' dir='ltr'><strong>intemerata</strong></span> <span class='ocrx_word' id='word_1_351' title='bbox 762 3893 867 3958; x_wconf 92' lang='lat' dir='ltr'><strong>illa,</strong></span> <span class='ocrx_word' id='word_1_352' title='bbox 901 3894 1205 3961; x_wconf 88' lang='lat' dir='ltr'><strong>immOrtali,</strong></span> <span class='ocrx_word' id='word_1_353' title='bbox 1238 3895 1592 3960; x_wconf 69' lang='lat' dir='ltr'><strong>inenarrabili,</strong></span> <span class='ocrx_word' id='word_1_354' title='bbox 1619 3896 1752 3950; x_wconf 90' lang='lat' dir='ltr'><strong>inef-</strong></span> 
     </span>
    </p>
   </div>
   <div class='ocr_carea' id='block_1_48' title="bbox 166 3983 1748 4057">
    <p class='ocr_par' dir='ltr' id='par_1_48' title="bbox 166 3983 1748 4057">
     <span class='ocr_line' id='line_1_48' title="bbox 166 3983 1748 4057; baseline 0.004 -21"><span class='ocrx_word' id='word_1_355' title='bbox 166 3986 328 4049; x_wconf 81' lang='lat' dir='ltr'><strong>fabili,</strong></span> <span class='ocrx_word' id='word_1_356' title='bbox 387 3994 442 4039; x_wconf 93' lang='lat' dir='ltr'><strong>et</strong></span> <span class='ocrx_word' id='word_1_357' title='bbox 486 3983 1004 4053; x_wconf 89' lang='lat' dir='ltr'><strong>incomprehensibili</strong></span> <span class='ocrx_word' id='word_1_358' title='bbox 1049 3983 1362 4040; x_wconf 89' lang='lat' dir='ltr'><strong>substantia.</strong></span> <span class='ocrx_word' id='word_1_359' title='bbox 1407 3986 1470 4038; x_wconf 84' lang='lat' dir='ltr'><strong>Et</strong></span> <span class='ocrx_word' id='word_1_360' title='bbox 1513 3987 1636 4057; x_wconf 90' lang='lat' dir='ltr'><strong>quid</strong></span> <span class='ocrx_word' id='word_1_361' title='bbox 1682 3988 1748 4044; x_wconf 92' lang='lat' dir='ltr'><strong>de</strong></span> 
     </span>
    </p>
   </div>
   <div class='ocr_carea' id='block_1_49' title="bbox 165 4074 1743 4146">
    <p class='ocr_par' dir='ltr' id='par_1_49' title="bbox 165 4074 1743 4146">
     <span class='ocr_line' id='line_1_49' title="bbox 165 4074 1743 4146; baseline 0.001 -17"><span class='ocrx_word' id='word_1_362' title='bbox 165 4075 380 4130; x_wconf 84' lang='lat' dir='ltr'><strong>Christo</strong></span> <span class='ocrx_word' id='word_1_363' title='bbox 412 4074 639 4145; x_wconf 62' lang='lat' dir='ltr'><strong>loquor?</strong></span> <span class='ocrx_word' id='word_1_364' title='bbox 667 4075 846 4144; x_wconf 84' lang='lat' dir='ltr'><strong>Neque</strong></span> <span class='ocrx_word' id='word_1_365' title='bbox 886 4077 1026 4130; x_wconf 90' lang='lat' dir='ltr'><strong>enim</strong></span> <span class='ocrx_word' id='word_1_366' title='bbox 1053 4077 1120 4131; x_wconf 92' lang='lat' dir='ltr'><strong>de</strong></span> <span class='ocrx_word' id='word_1_367' title='bbox 1166 4077 1370 4146; x_wconf 90' lang='lat' dir='ltr'><strong>meipso</strong></span> <span class='ocrx_word' id='word_1_368' title='bbox 1400 4076 1598 4144; x_wconf 87' lang='lat' dir='ltr'><strong>infimo,</strong></span> <span class='ocrx_word' id='word_1_369' title='bbox 1633 4078 1743 4143; x_wconf 83' lang='lat' dir='ltr'><strong>vili,</strong></span> 
     </span>
    </p>
   </div>
   <div class='ocr_carea' id='block_1_50' title="bbox 169 4166 1750 4238">
    <p class='ocr_par' dir='ltr' id='par_1_50' title="bbox 169 4166 1750 4238">
     <span class='ocr_line' id='line_1_50' title="bbox 169 4166 1750 4238; baseline -0.001 -15"><span class='ocrx_word' id='word_1_370' title='bbox 169 4178 388 4223; x_wconf 85' lang='lat' dir='ltr'><strong>terreno</strong></span> <span class='ocrx_word' id='word_1_371' title='bbox 417 4166 536 4221; x_wconf 73' lang='lat' dir='ltr'><strong>lucc</strong></span> <span class='ocrx_word' id='word_1_372' title='bbox 557 4166 678 4220; x_wconf 90' lang='lat' dir='ltr'><strong>licet</strong></span> <span class='ocrx_word' id='word_1_373' title='bbox 704 4166 870 4231; x_wconf 81' lang='lat' dir='ltr'><strong>effari,</strong></span> <span class='ocrx_word' id='word_1_374' title='bbox 900 4183 1002 4221; x_wconf 91' lang='lat' dir='ltr'><strong>non</strong></span> <span class='ocrx_word' id='word_1_375' title='bbox 1031 4182 1186 4238; x_wconf 90' lang='lat' dir='ltr'><strong>posse</strong></span> <span class='ocrx_word' id='word_1_376' title='bbox 1215 4183 1299 4222; x_wconf 91' lang='lat' dir='ltr'><strong>me</strong></span> <span class='ocrx_word' id='word_1_377' title='bbox 1318 4183 1346 4220; x_wconf 92' lang='lat' dir='ltr'><strong>a</strong></span> <span class='ocrx_word' id='word_1_378' title='bbox 1375 4169 1578 4236; x_wconf 91' lang='lat' dir='ltr'><strong>meipso</strong></span> <span class='ocrx_word' id='word_1_379' title='bbox 1598 4169 1750 4238; x_wconf 91' lang='lat' dir='ltr'><strong>quid-</strong></span> 
     </span>
    </p>
   </div>
   <div class='ocr_carea' id='block_1_51' title="bbox 164 4257 1746 4328">
    <p class='ocr_par' dir='ltr' id='par_1_51' title="bbox 164 4257 1746 4328">
     <span class='ocr_line' id='line_1_51' title="bbox 164 4257 1746 4328; baseline 0.001 -16"><span class='ocrx_word' id='word_1_380' title='bbox 164 4274 318 4327; x_wconf 86' lang='lat' dir='ltr'><strong>quam</strong></span> <span class='ocrx_word' id='word_1_381' title='bbox 363 4259 580 4312; x_wconf 84' lang='lat' dir='ltr'><strong>facere:</strong></span> <span class='ocrx_word' id='word_1_382' title='bbox 609 4271 705 4310; x_wconf 89' lang='lat' dir='ltr'><strong>nec</strong></span> <span class='ocrx_word' id='word_1_383' title='bbox 732 4257 798 4311; x_wconf 92' lang='lat' dir='ltr'><strong>de</strong></span> <span class='ocrx_word' id='word_1_384' title='bbox 829 4267 879 4312; x_wconf 91' lang='lat' dir='ltr'><strong>te</strong></span> <span class='ocrx_word' id='word_1_385' title='bbox 923 4257 1023 4312; x_wconf 91' lang='lat' dir='ltr'><strong>hoc</strong></span> <span class='ocrx_word' id='word_1_386' title='bbox 1054 4257 1158 4311; x_wconf 91' lang='lat' dir='ltr'><strong>diei</strong></span> <span class='ocrx_word' id='word_1_387' title='bbox 1199 4265 1392 4328; x_wconf 82' lang='lat' dir='ltr'><strong>potest,</strong></span> <span class='ocrx_word' id='word_1_388' title='bbox 1427 4273 1523 4312; x_wconf 89' lang='lat' dir='ltr'><strong>nec</strong></span> <span class='ocrx_word' id='word_1_389' title='bbox 1551 4257 1617 4312; x_wconf 91' lang='lat' dir='ltr'><strong>de</strong></span> <span class='ocrx_word' id='word_1_390' title='bbox 1643 4259 1746 4314; x_wconf 69' lang='lat' dir='ltr'><strong>alio</strong></span> 
     </span>
    </p>
   </div>
   <div class='ocr_carea' id='block_1_52' title="bbox 166 4347 1744 4419">
    <p class='ocr_par' dir='ltr' id='par_1_52' title="bbox 166 4347 1744 4419">
     <span class='ocr_line' id='line_1_52' title="bbox 166 4347 1744 4419; baseline 0.004 -21"><span class='ocrx_word' id='word_1_391' title='bbox 166 4350 414 4419; x_wconf 83' lang='lat' dir='ltr'><strong>quopiam</strong></span> <span class='ocrx_word' id='word_1_392' title='bbox 453 4347 748 4402; x_wconf 91' lang='lat' dir='ltr'><strong>hominum.</strong></span> <span class='ocrx_word' id='word_1_393' title='bbox 790 4347 918 4402; x_wconf 91' lang='lat' dir='ltr'><strong>Nam</strong></span> <span class='ocrx_word' id='word_1_394' title='bbox 949 4347 992 4402; x_wconf 90' lang='lat' dir='ltr'><strong>si</strong></span> <span class='ocrx_word' id='word_1_395' title='bbox 1034 4347 1134 4402; x_wconf 92' lang='lat' dir='ltr'><strong>hoc</strong></span> <span class='ocrx_word' id='word_1_396' title='bbox 1178 4364 1360 4403; x_wconf 91' lang='lat' dir='ltr'><strong>verum</strong></span> <span class='ocrx_word' id='word_1_397' title='bbox 1404 4359 1504 4412; x_wconf 90' lang='lat' dir='ltr'><strong>est,</strong></span> <span class='ocrx_word' id='word_1_398' title='bbox 1552 4351 1744 4404; x_wconf 81' lang='lat' dir='ltr'><strong>frustra</strong></span> 
     </span>
    </p>
   </div>
   <div class='ocr_carea' id='block_1_53' title="bbox 167 4440 1748 4511">
    <p class='ocr_par' dir='ltr' id='par_1_53' title="bbox 167 4440 1748 4511">
     <span class='ocr_line' id='line_1_53' title="bbox 167 4440 1748 4511; baseline 0.003 -19"><span class='ocrx_word' id='word_1_399' title='bbox 167 4442 406 4508; x_wconf 75' lang='lat' dir='ltr'><strong>gehenna</strong></span> <span class='ocrx_word' id='word_1_400' title='bbox 441 4448 496 4494; x_wconf 84' lang='lat' dir='ltr'><strong>et</strong></span> <span class='ocrx_word' id='word_1_401' title='bbox 525 4440 837 4509; x_wconf 89' lang='lat' dir='ltr'><strong>supplicium</strong></span> <span class='ocrx_word' id='word_1_402' title='bbox 855 4449 906 4494; x_wconf 89' lang='lat' dir='ltr'><strong>et</strong></span> <span class='ocrx_word' id='word_1_403' title='bbox 934 4455 1118 4509; x_wconf 73' lang='lat' dir='ltr'><strong>pmna;</strong></span> <span class='ocrx_word' id='word_1_404' title='bbox 1141 4440 1333 4494; x_wconf 90' lang='lat' dir='ltr'><strong>frustra</strong></span> <span class='ocrx_word' id='word_1_405' title='bbox 1354 4457 1587 4507; x_wconf 74' lang='lat' dir='ltr'><strong>coronze,</strong></span> <span class='ocrx_word' id='word_1_406' title='bbox 1611 4458 1748 4511; x_wconf 70' lang='lat' dir='ltr'><strong>prte-</strong></span> 
     </span>
    </p>
   </div>
   <div class='ocr_carea' id='block_1_54' title="bbox 169 4530 1746 4602">
    <p class='ocr_par' dir='ltr' id='par_1_54' title="bbox 169 4530 1746 4602">
     <span class='ocr_line' id='line_1_54' title="bbox 169 4530 1746 4602; baseline 0.003 -18"><span class='ocrx_word' id='word_1_407' title='bbox 169 4534 285 4595; x_wconf 85' lang='lat' dir='ltr'><strong>mia,</strong></span> <span class='ocrx_word' id='word_1_408' title='bbox 320 4533 492 4585; x_wconf 88' lang='lat' dir='ltr'><strong>bona.</strong></span> <span class='ocrx_word' id='word_1_409' title='bbox 523 4530 704 4601; x_wconf 82' lang='lat' dir='ltr'><strong>Neque</strong></span> <span class='ocrx_word' id='word_1_410' title='bbox 739 4533 878 4586; x_wconf 91' lang='lat' dir='ltr'><strong>enim</strong></span> <span class='ocrx_word' id='word_1_411' title='bbox 931 4532 1016 4586; x_wconf 91' lang='lat' dir='ltr'><strong>illa</strong></span> <span class='ocrx_word' id='word_1_412' title='bbox 1059 4533 1457 4595; x_wconf 87' lang='lat' dir='ltr'><strong>sustinebimus,</strong></span> <span class='ocrx_word' id='word_1_413' title='bbox 1487 4533 1530 4586; x_wconf 88' lang='lat' dir='ltr'><strong>si</strong></span> <span class='ocrx_word' id='word_1_414' title='bbox 1562 4549 1746 4602; x_wconf 91' lang='lat' dir='ltr'><strong>pecce-</strong></span> 
     </span>
    </p>
   </div>
   <div class='ocr_carea' id='block_1_55' title="bbox 168 4623 1740 4694">
    <p class='ocr_par' dir='ltr' id='par_1_55' title="bbox 168 4623 1740 4694">
     <span class='ocr_line' id='line_1_55' title="bbox 168 4623 1740 4694; baseline 0.004 -19"><span class='ocrx_word' id='word_1_415' title='bbox 168 4637 310 4687; x_wconf 83' lang='lat' dir='ltr'><strong>mus;</strong></span> <span class='ocrx_word' id='word_1_416' title='bbox 342 4639 528 4692; x_wconf 91' lang='lat' dir='ltr'><strong>neque</strong></span> <span class='ocrx_word' id='word_1_417' title='bbox 557 4623 636 4677; x_wconf 92' lang='lat' dir='ltr'><strong>his</strong></span> <span class='ocrx_word' id='word_1_418' title='bbox 665 4624 919 4688; x_wconf 90' lang='lat' dir='ltr'><strong>fruemur,</strong></span> <span class='ocrx_word' id='word_1_419' title='bbox 944 4624 986 4677; x_wconf 94' lang='lat' dir='ltr'><strong>si</strong></span> <span class='ocrx_word' id='word_1_420' title='bbox 1017 4634 1160 4679; x_wconf 89' lang='lat' dir='ltr'><strong>recte</strong></span> <span class='ocrx_word' id='word_1_421' title='bbox 1177 4626 1459 4694; x_wconf 86' lang='lat' dir='ltr'><strong>egerimus,</strong></span> <span class='ocrx_word' id='word_1_422' title='bbox 1482 4625 1740 4694; x_wconf 90' lang='lat' dir='ltr'><strong>siquidem</strong></span> 
     </span>
    </p>
   </div>
   <div class='ocr_carea' id='block_1_56' title="bbox 168 4714 1742 4786">
    <p class='ocr_par' dir='ltr' id='par_1_56' title="bbox 168 4714 1742 4786">
     <span class='ocr_line' id='line_1_56' title="bbox 168 4714 1742 4786; baseline 0.004 -21"><span class='ocrx_word' id='word_1_423' title='bbox 168 4728 194 4765; x_wconf 89' lang='lat' dir='ltr'><strong>a</strong></span> <span class='ocrx_word' id='word_1_424' title='bbox 211 4716 362 4770; x_wconf 83' lang='lat' dir='ltr'><strong>nobis</strong></span> <span class='ocrx_word' id='word_1_425' title='bbox 383 4716 518 4784; x_wconf 81' lang='lat' dir='ltr'><strong>ipsis</strong></span> <span class='ocrx_word' id='word_1_426' title='bbox 547 4714 675 4768; x_wconf 90' lang='lat' dir='ltr'><strong>nihil</strong></span> <span class='ocrx_word' id='word_1_427' title='bbox 698 4715 936 4769; x_wconf 87' lang='lat' dir='ltr'><strong>facimus.</strong></span> <span class='ocrx_word' id='word_1_428' title='bbox 964 4714 1182 4768; x_wconf 64' lang='lat' dir='ltr'><strong>Praemia</strong></span> <span class='ocrx_word' id='word_1_429' title='bbox 1207 4716 1348 4769; x_wconf 90' lang='lat' dir='ltr'><strong>enim</strong></span> <span class='ocrx_word' id='word_1_430' title='bbox 1373 4732 1475 4770; x_wconf 91' lang='lat' dir='ltr'><strong>non</strong></span> <span class='ocrx_word' id='word_1_431' title='bbox 1495 4717 1742 4786; x_wconf 89' lang='lat' dir='ltr'><strong>operibus</strong></span> 
     </span>
    </p>
   </div>
   <div class='ocr_carea' id='block_1_57' title="bbox 169 4807 1737 4877">
    <p class='ocr_par' dir='ltr' id='par_1_57' title="bbox 169 4807 1737 4877">
     <span class='ocr_line' id='line_1_57' title="bbox 169 4807 1737 4877; baseline 0.004 -19"><span class='ocrx_word' id='word_1_432' title='bbox 169 4810 400 4876; x_wconf 79' lang='lat' dir='ltr'><strong>proprie,</strong></span> <span class='ocrx_word' id='word_1_433' title='bbox 437 4807 532 4860; x_wconf 90' lang='lat' dir='ltr'><strong>sed</strong></span> <span class='ocrx_word' id='word_1_434' title='bbox 553 4807 807 4860; x_wconf 81' lang='lat' dir='ltr'><strong>voluntati</strong></span> <span class='ocrx_word' id='word_1_435' title='bbox 829 4807 1054 4876; x_wconf 90' lang='lat' dir='ltr'><strong>reposita</strong></span> <span class='ocrx_word' id='word_1_436' title='bbox 1086 4818 1229 4861; x_wconf 90' lang='lat' dir='ltr'><strong>sunt.</strong></span> <span class='ocrx_word' id='word_1_437' title='bbox 1267 4807 1505 4877; x_wconf 79' lang='lat' dir='ltr'><strong>Exempli</strong></span> <span class='ocrx_word' id='word_1_438' title='bbox 1536 4823 1691 4863; x_wconf 89' lang='lat' dir='ltr'><strong>causa</strong></span> <span class='ocrx_word' id='word_1_439' title='bbox 1723 4827 1737 4864; x_wconf 91' lang='lat'><strong>:</strong></span> 
     </span>
    </p>
   </div>
   <div class='ocr_carea' id='block_1_58' title="bbox 170 4883 1742 4967">
    <p class='ocr_par' dir='ltr' id='par_1_58' title="bbox 170 4883 1742 4967">
     <span class='ocr_line' id='line_1_58' title="bbox 170 4883 1742 4967; baseline 0.006 -22"><span class='ocrx_word' id='word_1_440' title='bbox 170 4910 280 4950; x_wconf 84' lang='lat' dir='ltr'><strong>cum</strong></span> <span class='ocrx_word' id='word_1_441' title='bbox 306 4898 434 4966; x_wconf 83' lang='lat' dir='ltr'><strong>quis</strong></span> <span class='ocrx_word' id='word_1_442' title='bbox 459 4913 487 4950; x_wconf 87' lang='lat' dir='ltr'><strong>a</strong></span> <span class='ocrx_word' id='word_1_443' title='bbox 519 4897 695 4966; x_wconf 91' lang='lat' dir='ltr'><strong>seipso</strong></span> <span class='ocrx_word' id='word_1_444' title='bbox 723 4883 917 4950; x_wconf 85' lang='lat' dir='ltr'><strong>bonum</strong></span> <span class='ocrx_word' id='word_1_445' title='bbox 936 4909 1204 4967; x_wconf 89' lang='lat' dir='ltr'><strong>operatur,</strong></span> <span class='ocrx_word' id='word_1_446' title='bbox 1235 4907 1356 4952; x_wconf 91' lang='lat' dir='ltr'><strong>tunc</strong></span> <span class='ocrx_word' id='word_1_447' title='bbox 1382 4907 1667 4954; x_wconf 88' lang='lat' dir='ltr'><strong>coronatur</strong></span> <span class='ocrx_word' id='word_1_448' title='bbox 1681 4916 1742 4955; x_wconf 86' lang='lat' dir='ltr'><strong>ac</strong></span> 
     </span>
    </p>
   </div>
   <div class='ocr_carea' id='block_1_59' title="bbox 172 4987 1740 5058">
    <p class='ocr_par' dir='ltr' id='par_1_59' title="bbox 172 4987 1740 5058">
     <span class='ocr_line' id='line_1_59' title="bbox 172 4987 1740 5058; baseline 0.003 -20"><span class='ocrx_word' id='word_1_449' title='bbox 172 4987 506 5052; x_wconf 83' lang='lat' dir='ltr'><strong>celebratur;</strong></span> <span class='ocrx_word' id='word_1_450' title='bbox 548 5003 652 5040; x_wconf 89' lang='lat' dir='ltr'><strong>non</strong></span> <span class='ocrx_word' id='word_1_451' title='bbox 693 4999 812 5040; x_wconf 88' lang='lat' dir='ltr'><strong>cum</strong></span> <span class='ocrx_word' id='word_1_452' title='bbox 844 4987 1009 5055; x_wconf 84' lang='lat' dir='ltr'><strong>egerit</strong></span> <span class='ocrx_word' id='word_1_453' title='bbox 1037 4987 1366 5056; x_wconf 87' lang='lat' dir='ltr'><strong>simpliciter,</strong></span> <span class='ocrx_word' id='word_1_454' title='bbox 1407 4987 1500 5042; x_wconf 90' lang='lat' dir='ltr'><strong>sed</strong></span> <span class='ocrx_word' id='word_1_455' title='bbox 1531 4989 1740 5058; x_wconf 84' lang='lat' dir='ltr'><strong>quando</strong></span> 
     </span>
    </p>
   </div>
   <div class='ocr_carea' id='block_1_60' title="bbox 171 5078 1741 5147">
    <p class='ocr_par' dir='ltr' id='par_1_60' title="bbox 171 5078 1741 5147">
     <span class='ocr_line' id='line_1_60' title="bbox 171 5078 1741 5147; baseline 0.006 -20"><span class='ocrx_word' id='word_1_456' title='bbox 171 5092 281 5128; x_wconf 78' lang='lat' dir='ltr'><strong>cum</strong></span> <span class='ocrx_word' id='word_1_457' title='bbox 311 5078 589 5132; x_wconf 81' lang='lat' dir='ltr'><strong>voluntate</strong></span> <span class='ocrx_word' id='word_1_458' title='bbox 614 5086 667 5131; x_wconf 90' lang='lat' dir='ltr'><strong>et</strong></span> <span class='ocrx_word' id='word_1_459' title='bbox 699 5078 992 5147; x_wconf 90' lang='lat' dir='ltr'><strong>proposito.</strong></span> <span class='ocrx_word' id='word_1_460' title='bbox 1025 5079 1196 5147; x_wconf 84' lang='lat' dir='ltr'><strong>Atque</strong></span> <span class='ocrx_word' id='word_1_461' title='bbox 1227 5086 1283 5131; x_wconf 91' lang='lat' dir='ltr'><strong>ut</strong></span> <span class='ocrx_word' id='word_1_462' title='bbox 1330 5079 1443 5133; x_wconf 66' lang='lat' dir='ltr'><strong>hmc</strong></span> <span class='ocrx_word' id='word_1_463' title='bbox 1469 5093 1590 5132; x_wconf 92' lang='lat' dir='ltr'><strong>vera</strong></span> <span class='ocrx_word' id='word_1_464' title='bbox 1621 5091 1741 5136; x_wconf 76' lang='lat' dir='ltr'><strong>eSse</strong></span> 
     </span>
    </p>
   </div>
   <div class='ocr_carea' id='block_1_61' title="bbox 172 5165 1740 5239">
    <p class='ocr_par' dir='ltr' id='par_1_61' title="bbox 172 5165 1740 5239">
     <span class='ocr_line' id='line_1_61' title="bbox 172 5165 1740 5239; baseline 0.004 -22"><span class='ocrx_word' id='word_1_465' title='bbox 172 5165 384 5221; x_wconf 79' lang='lat' dir='ltr'><strong>diseatis</strong></span> <span class='ocrx_word' id='word_1_466' title='bbox 405 5187 420 5221; x_wconf 73' lang='grc' dir='ltr'>ε</span> <span class='ocrx_word' id='word_1_467' title='bbox 445 5167 580 5223; x_wconf 85' lang='lat' dir='ltr'><strong>Sunt</strong></span> <span class='ocrx_word' id='word_1_468' title='bbox 609 5170 842 5234; x_wconf 78' lang='lat' dir='ltr'><strong>eunuchi,</strong></span> <span class='ocrx_word' id='word_1_469' title='bbox 871 5170 1058 5239; x_wconf 92' lang='lat' dir='ltr'><strong>inquit,</strong></span> <span class='ocrx_word' id='word_1_470' title='bbox 1089 5171 1170 5238; x_wconf 83' lang='lat' dir='ltr'><strong>qui</strong></span> <span class='ocrx_word' id='word_1_471' title='bbox 1191 5170 1398 5223; x_wconf 79' lang='lat' dir='ltr'><strong>castrati</strong></span> <span class='ocrx_word' id='word_1_472' title='bbox 1419 5179 1536 5222; x_wconf 86' lang='lat' dir='ltr'><strong>sunt</strong></span> <span class='ocrx_word' id='word_1_473' title='bbox 1560 5170 1621 5223; x_wconf 83' lang='lat' dir='ltr'><strong>ab</strong></span> <span class='ocrx_word' id='word_1_474' title='bbox 1649 5171 1740 5224; x_wconf 84' lang='lat' dir='ltr'><strong>ho-</strong></span> 
     </span>
    </p>
   </div>
   <div class='ocr_carea' id='block_1_62' title="bbox 175 5260 1740 5332">
    <p class='ocr_par' dir='ltr' id='par_1_62' title="bbox 175 5260 1740 5332">
     <span class='ocr_line' id='line_1_62' title="bbox 175 5260 1740 5332; baseline 0.003 -22"><span class='ocrx_word' id='word_1_475' title='bbox 175 5260 417 5321; x_wconf 69' lang='lat' dir='ltr'><strong>minibus;</strong></span> <span class='ocrx_word' id='word_1_476' title='bbox 442 5268 490 5312; x_wconf 83' lang='lat' dir='ltr'><strong>et</strong></span> <span class='ocrx_word' id='word_1_477' title='bbox 515 5269 631 5313; x_wconf 82' lang='lat' dir='ltr'><strong>sunt</strong></span> <span class='ocrx_word' id='word_1_478' title='bbox 656 5261 886 5321; x_wconf 77' lang='lat' dir='ltr'><strong>eunuchi.</strong></span> <span class='ocrx_word' id='word_1_479' title='bbox 916 5261 1002 5330; x_wconf 87' lang='lat' dir='ltr'><strong>qui</strong></span> <span class='ocrx_word' id='word_1_480' title='bbox 1028 5261 1215 5330; x_wconf 76' lang='lat' dir='ltr'><strong>seipsos</strong></span> <span class='ocrx_word' id='word_1_481' title='bbox 1244 5269 1584 5313; x_wconf 81' lang='lat' dir='ltr'><strong>castravertmt</strong></span> <span class='ocrx_word' id='word_1_482' title='bbox 1617 5277 1740 5332; x_wconf 85' lang='lat' dir='ltr'><strong>pro-</strong></span> 
     </span>
    </p>
   </div>
   <div class='ocr_carea' id='block_1_63' title="bbox 173 5349 1740 5421">
    <p class='ocr_par' dir='ltr' id='par_1_63' title="bbox 173 5349 1740 5421">
     <span class='ocr_line' id='line_1_63' title="bbox 173 5349 1740 5421; baseline 0.003 -19"><span class='ocrx_word' id='word_1_483' title='bbox 173 5359 272 5416; x_wconf 68' lang='lat' dir='ltr'><strong>pter</strong></span> <span class='ocrx_word' id='word_1_484' title='bbox 298 5367 513 5421; x_wconf 77' lang='lat' dir='ltr'><strong>regnum</strong></span> <span class='ocrx_word' id='word_1_485' title='bbox 551 5350 784 5404; x_wconf 67' lang='lat' dir='ltr'><strong>calorum</strong></span> <span class='ocrx_word' id='word_1_486' title='bbox 824 5349 1034 5420; x_wconf 71' lang='lat' dir='ltr'><strong>(Matth.</strong></span> <span class='ocrx_word' id='word_1_487' title='bbox 1074 5351 1159 5406; x_wconf 83' lang='lat' dir='ltr'><strong>l9.</strong></span> <span class='ocrx_word' id='word_1_488' title='bbox 1206 5350 1315 5413; x_wconf 71' lang='grc'><strong>12).</strong></span> <span class='ocrx_word' id='word_1_489' title='bbox 1349 5349 1632 5404; x_wconf 82' lang='lat' dir='ltr'><strong>Eunuchos</strong></span> <span class='ocrx_word' id='word_1_490' title='bbox 1655 5350 1740 5406; x_wconf 90' lang='lat' dir='ltr'><strong>hic</strong></span> 
     </span>
    </p>
   </div>
   <div class='ocr_carea' id='block_1_64' title="bbox 175 5441 1738 5513">
    <p class='ocr_par' dir='ltr' id='par_1_64' title="bbox 175 5441 1738 5513">
     <span class='ocr_line' id='line_1_64' title="bbox 175 5441 1738 5513; baseline 0.003 -20"><span class='ocrx_word' id='word_1_491' title='bbox 175 5453 316 5494; x_wconf 63' lang='lat' dir='ltr'><strong>vocat</strong></span> <span class='ocrx_word' id='word_1_492' title='bbox 347 5458 453 5496; x_wconf 81' lang='lat' dir='ltr'><strong>non</strong></span> <span class='ocrx_word' id='word_1_493' title='bbox 482 5457 576 5497; x_wconf 91' lang='lat' dir='ltr'><strong>eos</strong></span> <span class='ocrx_word' id='word_1_494' title='bbox 601 5443 687 5511; x_wconf 91' lang='lat' dir='ltr'><strong>qui</strong></span> <span class='ocrx_word' id='word_1_495' title='bbox 716 5443 814 5497; x_wconf 89' lang='lat' dir='ltr'><strong>sibi</strong></span> <span class='ocrx_word' id='word_1_496' title='bbox 845 5443 1077 5497; x_wconf 85' lang='lat' dir='ltr'><strong>membra</strong></span> <span class='ocrx_word' id='word_1_497' title='bbox 1123 5441 1478 5506; x_wconf 85' lang='lat' dir='ltr'><strong>absciderunt,</strong></span> <span class='ocrx_word' id='word_1_498' title='bbox 1507 5443 1600 5497; x_wconf 88' lang='lat' dir='ltr'><strong>sed</strong></span> <span class='ocrx_word' id='word_1_499' title='bbox 1650 5443 1738 5513; x_wconf 87' lang='lat' dir='ltr'><strong>qui</strong></span> 
     </span>
    </p>
   </div>
   <div class='ocr_carea' id='block_1_65' title="bbox 173 5532 1735 5603">
    <p class='ocr_par' dir='ltr' id='par_1_65' title="bbox 173 5532 1735 5603">
     <span class='ocr_line' id='line_1_65' title="bbox 173 5532 1735 5603; baseline 0.002 -19"><span class='ocrx_word' id='word_1_500' title='bbox 173 5532 546 5600; x_wconf 73' lang='lat' dir='ltr'><strong>cogitationem</strong></span> <span class='ocrx_word' id='word_1_501' title='bbox 571 5548 783 5603; x_wconf 86' lang='lat' dir='ltr'><strong>pravam</strong></span> <span class='ocrx_word' id='word_1_502' title='bbox 807 5548 869 5588; x_wconf 87' lang='lat' dir='ltr'><strong>ac</strong></span> <span class='ocrx_word' id='word_1_503' title='bbox 899 5533 1115 5588; x_wconf 88' lang='lat' dir='ltr'><strong>libidine</strong></span> <span class='ocrx_word' id='word_1_504' title='bbox 1145 5533 1348 5602; x_wconf 86' lang='lat' dir='ltr'><strong>plenam</strong></span> <span class='ocrx_word' id='word_1_505' title='bbox 1376 5541 1735 5597; x_wconf 85' lang='lat' dir='ltr'><strong>resecuerunt,</strong></span> 
     </span>
    </p>
   </div>
   <div class='ocr_carea' id='block_1_66' title="bbox 177 5615 1733 5698">
    <p class='ocr_par' dir='ltr' id='par_1_66' title="bbox 177 5615 1733 5698">
     <span class='ocr_line' id='line_1_66' title="bbox 177 5615 1733 5698; baseline 0.002 -22"><span class='ocrx_word' id='word_1_506' title='bbox 177 5635 272 5676; x_wconf 79' lang='lat' dir='ltr'><strong>non</strong></span> <span class='ocrx_word' id='word_1_507' title='bbox 296 5623 480 5698; x_wconf 69' lang='lat' dir='ltr'><strong>gladio</strong></span> <span class='ocrx_word' id='word_1_508' title='bbox 506 5623 701 5693; x_wconf 86' lang='lat' dir='ltr'><strong>ferreo,</strong></span> <span class='ocrx_word' id='word_1_509' title='bbox 724 5622 816 5682; x_wconf 89' lang='lat' dir='ltr'><strong>sed</strong></span> <span class='ocrx_word' id='word_1_510' title='bbox 842 5623 1118 5681; x_wconf 86' lang='lat' dir='ltr'><strong>ratiocinio</strong></span> <span class='ocrx_word' id='word_1_511' title='bbox 1135 5632 1184 5677; x_wconf 89' lang='lat' dir='ltr'><strong>ct</strong></span> <span class='ocrx_word' id='word_1_512' title='bbox 1211 5615 1568 5695; x_wconf 60' lang='lat' dir='ltr'><strong>philosolihia,</strong></span> <span class='ocrx_word' id='word_1_513' title='bbox 1589 5632 1640 5678; x_wconf 89' lang='lat' dir='ltr'><strong>et</strong></span> <span class='ocrx_word' id='word_1_514' title='bbox 1667 5622 1733 5679; x_wconf 89' lang='lat' dir='ltr'><strong>ad</strong></span> 
     </span>
    </p>
   </div>
   <div class='ocr_carea' id='block_1_67' title="bbox 1896 790 3468 874">
    <p class='ocr_par' dir='ltr' id='par_1_67' title="bbox 1896 790 3468 874">
     <span class='ocr_line' id='line_1_67' title="bbox 1896 790 3468 874; baseline 0.013 -31"><span class='ocrx_word' id='word_1_515' title='bbox 1896 790 2093 847; x_wconf 89' lang='lat' dir='ltr'><strong>militer</strong></span> <span class='ocrx_word' id='word_1_516' title='bbox 2137 794 2268 862; x_wconf 81' lang='lat' dir='ltr'><strong>dixi,</strong></span> <span class='ocrx_word' id='word_1_517' title='bbox 2319 811 2422 850; x_wconf 92' lang='lat' dir='ltr'><strong>non</strong></span> <span class='ocrx_word' id='word_1_518' title='bbox 2472 799 2759 853; x_wconf 91' lang='lat' dir='ltr'><strong>secundum</strong></span> <span class='ocrx_word' id='word_1_519' title='bbox 2793 804 3120 872; x_wconf 87' lang='lat' dir='ltr'><strong>pr0positum</strong></span> <span class='ocrx_word' id='word_1_520' title='bbox 3161 806 3468 874; x_wconf 89' lang='lat' dir='ltr'><strong>voluntatis,</strong></span> 
     </span>
    </p>
   </div>
   <div class='ocr_carea' id='block_1_68' title="bbox 1894 881 3469 961">
    <p class='ocr_par' dir='ltr' id='par_1_68' title="bbox 1894 881 3469 961">
     <span class='ocr_line' id='line_1_68' title="bbox 1894 881 3469 961; baseline 0.015 -28"><span class='ocrx_word' id='word_1_521' title='bbox 1894 881 1985 935; x_wconf 87' lang='lat' dir='ltr'><strong>sed</strong></span> <span class='ocrx_word' id='word_1_522' title='bbox 2009 884 2295 939; x_wconf 91' lang='lat' dir='ltr'><strong>secundum</strong></span> <span class='ocrx_word' id='word_1_523' title='bbox 2323 887 2396 942; x_wconf 91' lang='lat' dir='ltr'><strong>rei</strong></span> <span class='ocrx_word' id='word_1_524' title='bbox 2417 899 2678 944; x_wconf 81' lang='lat' dir='ltr'><strong>naturam.</strong></span> <span class='ocrx_word' id='word_1_525' title='bbox 2699 891 2879 961; x_wconf 88' lang='lat' dir='ltr'><strong>Neque</strong></span> <span class='ocrx_word' id='word_1_526' title='bbox 2901 895 3040 948; x_wconf 91' lang='lat' dir='ltr'><strong>enim</strong></span> <span class='ocrx_word' id='word_1_527' title='bbox 3059 897 3330 953; x_wconf 90' lang='lat' dir='ltr'><strong>eunuchus</strong></span> <span class='ocrx_word' id='word_1_528' title='bbox 3349 915 3469 956; x_wconf 90' lang='lat' dir='ltr'><strong>cum</strong></span> 
     </span>
    </p>
   </div>
   <div class='ocr_carea' id='block_1_69' title="bbox 1895 974 3467 1062">
    <p class='ocr_par' dir='ltr' id='par_1_69' title="bbox 1895 974 3467 1062">
     <span class='ocr_line' id='line_1_69' title="bbox 1895 974 3467 1062; baseline 0.013 -36"><span class='ocrx_word' id='word_1_529' title='bbox 1895 974 2118 1030; x_wconf 90' lang='lat' dir='ltr'><strong>muliere</strong></span> <span class='ocrx_word' id='word_1_530' title='bbox 2163 993 2276 1032; x_wconf 89' lang='lat' dir='ltr'><strong>rem</strong></span> <span class='ocrx_word' id='word_1_531' title='bbox 2321 979 2516 1034; x_wconf 90' lang='lat' dir='ltr'><strong>habere</strong></span> <span class='ocrx_word' id='word_1_532' title='bbox 2559 984 2746 1051; x_wconf 90' lang='lat' dir='ltr'><strong>possit,</strong></span> <span class='ocrx_word' id='word_1_533' title='bbox 2797 1001 2969 1054; x_wconf 91' lang='lat' dir='ltr'><strong>neque</strong></span> <span class='ocrx_word' id='word_1_534' title='bbox 3016 989 3329 1056; x_wconf 90' lang='lat' dir='ltr'><strong>monachus,</strong></span> <span class='ocrx_word' id='word_1_535' title='bbox 3377 993 3467 1062; x_wconf 91' lang='lat' dir='ltr'><strong>qui</strong></span> 
     </span>
    </p>
   </div>
   <div class='ocr_carea' id='block_1_70' title="bbox 1893 1067 3466 1151">
    <p class='ocr_par' dir='ltr' id='par_1_70' title="bbox 1893 1067 3466 1151">
     <span class='ocr_line' id='line_1_70' title="bbox 1893 1067 3466 1151; baseline 0.013 -32"><span class='ocrx_word' id='word_1_536' title='bbox 1893 1067 1966 1120; x_wconf 88' lang='lat' dir='ltr'><strong>sei</strong></span> <span class='ocrx_word' id='word_1_537' title='bbox 1975 1082 2125 1136; x_wconf 90' lang='lat' dir='ltr'><strong>psum</strong></span> <span class='ocrx_word' id='word_1_538' title='bbox 2151 1072 2420 1128; x_wconf 64' lang='lat' dir='ltr'><strong>casisavit.</strong></span> <span class='ocrx_word' id='word_1_539' title='bbox 2442 1073 2547 1127; x_wconf 78' lang='lat' dir='ltr'><strong>Res</strong></span> <span class='ocrx_word' id='word_1_540' title='bbox 2567 1075 2776 1144; x_wconf 90' lang='lat' dir='ltr'><strong>quidem</strong></span> <span class='ocrx_word' id='word_1_541' title='bbox 2802 1092 2902 1130; x_wconf 89' lang='lat' dir='ltr'><strong>una</strong></span> <span class='ocrx_word' id='word_1_542' title='bbox 2921 1078 3211 1151; x_wconf 91' lang='lat' dir='ltr'><strong>eademque</strong></span> <span class='ocrx_word' id='word_1_543' title='bbox 3235 1090 3336 1149; x_wconf 89' lang='lat' dir='ltr'><strong>est,</strong></span> <span class='ocrx_word' id='word_1_544' title='bbox 3361 1099 3466 1140; x_wconf 92' lang='lat' dir='ltr'><strong>non</strong></span> 
     </span>
    </p>
   </div>
   <div class='ocr_carea' id='block_1_71' title="bbox 1892 1158 3464 1241">
    <p class='ocr_par' dir='ltr' id='par_1_71' title="bbox 1892 1158 3464 1241">
     <span class='ocr_line' id='line_1_71' title="bbox 1892 1158 3464 1241; baseline 0.011 -30"><span class='ocrx_word' id='word_1_545' title='bbox 1892 1158 2015 1213; x_wconf 92' lang='lat' dir='ltr'><strong>item</strong></span> <span class='ocrx_word' id='word_1_546' title='bbox 2049 1161 2186 1216; x_wconf 91' lang='lat' dir='ltr'><strong>finis.</strong></span> <span class='ocrx_word' id='word_1_547' title='bbox 2238 1162 2359 1216; x_wconf 89' lang='lat' dir='ltr'><strong>Ideo</strong></span> <span class='ocrx_word' id='word_1_548' title='bbox 2404 1179 2525 1218; x_wconf 93' lang='lat' dir='ltr'><strong>cum</strong></span> <span class='ocrx_word' id='word_1_549' title='bbox 2565 1166 2631 1219; x_wconf 90' lang='lat' dir='ltr'><strong>de</strong></span> <span class='ocrx_word' id='word_1_550' title='bbox 2675 1168 2779 1221; x_wconf 90' lang='lat' dir='ltr'><strong>illis</strong></span> <span class='ocrx_word' id='word_1_551' title='bbox 2807 1168 3048 1235; x_wconf 84' lang='lat' dir='ltr'><strong>dixisset,</strong></span> <span class='ocrx_word' id='word_1_552' title='bbox 3080 1171 3218 1241; x_wconf 90' lang='lat' dir='ltr'><strong>quod</strong></span> <span class='ocrx_word' id='word_1_553' title='bbox 3249 1177 3464 1229; x_wconf 82' lang='lat' dir='ltr'><strong>castrati</strong></span> 
     </span>
    </p>
   </div>
   <div class='ocr_carea' id='block_1_72' title="bbox 1891 1250 3462 1336">
    <p class='ocr_par' dir='ltr' id='par_1_72' title="bbox 1891 1250 3462 1336">
     <span class='ocr_line' id='line_1_72' title="bbox 1891 1250 3462 1336; baseline 0.013 -34"><span class='ocrx_word' id='word_1_554' title='bbox 1891 1250 1997 1304; x_wconf 91' lang='lat' dir='ltr'><strong>sint</strong></span> <span class='ocrx_word' id='word_1_555' title='bbox 2034 1253 2101 1308; x_wconf 89' lang='lat' dir='ltr'><strong>ab</strong></span> <span class='ocrx_word' id='word_1_556' title='bbox 2132 1252 2453 1319; x_wconf 92' lang='lat' dir='ltr'><strong>hominibus,</strong></span> <span class='ocrx_word' id='word_1_557' title='bbox 2503 1258 2705 1312; x_wconf 91' lang='lat' dir='ltr'><strong>nullum</strong></span> <span class='ocrx_word' id='word_1_558' title='bbox 2751 1259 2820 1314; x_wconf 93' lang='lat' dir='ltr'><strong>ob</strong></span> <span class='ocrx_word' id='word_1_559' title='bbox 2851 1260 2901 1314; x_wconf 93' lang='lat' dir='ltr'><strong>id</strong></span> <span class='ocrx_word' id='word_1_560' title='bbox 2933 1261 3062 1330; x_wconf 88' lang='lat' dir='ltr'><strong>ipsis</strong></span> <span class='ocrx_word' id='word_1_561' title='bbox 3090 1263 3296 1321; x_wconf 89' lang='lat' dir='ltr'><strong>addidit</strong></span> <span class='ocrx_word' id='word_1_562' title='bbox 3324 1282 3462 1336; x_wconf 66' lang='lat' dir='ltr'><strong>pra:-</strong></span> 
     </span>
    </p>
   </div>
   <div class='ocr_carea' id='block_1_73' title="bbox 1890 1339 3464 1415">
    <p class='ocr_par' dir='ltr' id='par_1_73' title="bbox 1890 1339 3464 1415">
     <span class='ocr_line' id='line_1_73' title="bbox 1890 1339 3464 1415; baseline 0.015 -25"><span class='ocrx_word' id='word_1_563' title='bbox 1890 1339 2085 1395; x_wconf 91' lang='lat' dir='ltr'><strong>mium:</strong></span> <span class='ocrx_word' id='word_1_564' title='bbox 2119 1353 2321 1399; x_wconf 73' lang='lat' dir='ltr'><strong>natura:</strong></span> <span class='ocrx_word' id='word_1_565' title='bbox 2350 1345 2564 1415; x_wconf 90' lang='lat' dir='ltr'><strong>quippe,</strong></span> <span class='ocrx_word' id='word_1_566' title='bbox 2613 1364 2717 1401; x_wconf 89' lang='lat' dir='ltr'><strong>non</strong></span> <span class='ocrx_word' id='word_1_567' title='bbox 2758 1351 3150 1407; x_wconf 82' lang='lat' dir='ltr'><strong>exercitationis</strong></span> <span class='ocrx_word' id='word_1_568' title='bbox 3193 1355 3324 1410; x_wconf 85' lang='lat' dir='ltr'><strong>illud</strong></span> <span class='ocrx_word' id='word_1_569' title='bbox 3351 1367 3464 1412; x_wconf 87' lang='lat' dir='ltr'><strong>erat</strong></span> 
     </span>
    </p>
   </div>
   <div class='ocr_carea' id='block_1_74' title="bbox 1887 1430 3460 1512">
    <p class='ocr_par' dir='ltr' id='par_1_74' title="bbox 1887 1430 3460 1512">
     <span class='ocr_line' id='line_1_74' title="bbox 1887 1430 3460 1512; baseline 0.012 -30"><span class='ocrx_word' id='word_1_570' title='bbox 1887 1444 2044 1498; x_wconf 82' lang='lat' dir='ltr'><strong>Opus.</strong></span> <span class='ocrx_word' id='word_1_571' title='bbox 2071 1430 2178 1486; x_wconf 77' lang='lat' dir='ltr'><strong>llos</strong></span> <span class='ocrx_word' id='word_1_572' title='bbox 2204 1444 2378 1489; x_wconf 91' lang='lat' dir='ltr'><strong>autem</strong></span> <span class='ocrx_word' id='word_1_573' title='bbox 2406 1436 2458 1489; x_wconf 92' lang='lat' dir='ltr'><strong>in</strong></span> <span class='ocrx_word' id='word_1_574' title='bbox 2488 1436 2721 1491; x_wconf 87' lang='lat' dir='ltr'><strong>medium</strong></span> <span class='ocrx_word' id='word_1_575' title='bbox 2742 1438 2998 1494; x_wconf 88' lang='lat' dir='ltr'><strong>adductos</strong></span> <span class='ocrx_word' id='word_1_576' title='bbox 3026 1457 3190 1512; x_wconf 83' lang='lat' dir='ltr'><strong>regno</strong></span> <span class='ocrx_word' id='word_1_577' title='bbox 3210 1445 3460 1501; x_wconf 68' lang='lat' dir='ltr'><strong>caelorum</strong></span> 
     </span>
    </p>
   </div>
   <div class='ocr_carea' id='block_1_75' title="bbox 1886 1524 3464 1605">
    <p class='ocr_par' dir='ltr' id='par_1_75' title="bbox 1886 1524 3464 1605">
     <span class='ocr_line' id='line_1_75' title="bbox 1886 1524 3464 1605; baseline 0.011 -32"><span class='ocrx_word' id='word_1_578' title='bbox 1886 1524 2176 1588; x_wconf 87' lang='lat' dir='ltr'><strong>coronavit,</strong></span> <span class='ocrx_word' id='word_1_579' title='bbox 2202 1525 2405 1593; x_wconf 87' lang='lat' dir='ltr'><strong>dicens,</strong></span> <span class='ocrx_word' id='word_1_580' title='bbox 2435 1526 2648 1598; x_wconf 64' lang='lat' dir='ltr'><strong>Propter</strong></span> <span class='ocrx_word' id='word_1_581' title='bbox 2673 1546 2880 1600; x_wconf 76' lang='lat' dir='ltr'><strong>regnum</strong></span> <span class='ocrx_word' id='word_1_582' title='bbox 2901 1533 3157 1586; x_wconf 63' lang='lat' dir='ltr'><strong>caelorum.</strong></span> <span class='ocrx_word' id='word_1_583' title='bbox 3186 1535 3345 1605; x_wconf 87' lang='lat' dir='ltr'><strong>Atqui</strong></span> <span class='ocrx_word' id='word_1_584' title='bbox 3371 1553 3464 1591; x_wconf 87' lang='lat' dir='ltr'><strong>ne-</strong></span> 
     </span>
    </p>
   </div>
   <div class='ocr_carea' id='block_1_76' title="bbox 1883 1613 3456 1685">
    <p class='ocr_par' dir='ltr' id='par_1_76' title="bbox 1883 1613 3456 1685">
     <span class='ocr_line' id='line_1_76' title="bbox 1883 1613 3456 1685; baseline 0.009 -19"><span class='ocrx_word' id='word_1_585' title='bbox 1883 1628 1987 1683; x_wconf 90' lang='lat' dir='ltr'><strong>que</strong></span> <span class='ocrx_word' id='word_1_586' title='bbox 2015 1613 2120 1679; x_wconf 90' lang='lat' dir='ltr'><strong>hic,</strong></span> <span class='ocrx_word' id='word_1_587' title='bbox 2147 1631 2316 1685; x_wconf 89' lang='lat' dir='ltr'><strong>neque</strong></span> <span class='ocrx_word' id='word_1_588' title='bbox 2345 1617 2431 1672; x_wconf 92' lang='lat' dir='ltr'><strong>ille</strong></span> <span class='ocrx_word' id='word_1_589' title='bbox 2457 1632 2575 1672; x_wconf 92' lang='lat' dir='ltr'><strong>cum</strong></span> <span class='ocrx_word' id='word_1_590' title='bbox 2601 1619 2821 1676; x_wconf 85' lang='lat' dir='ltr'><strong>muliere</strong></span> <span class='ocrx_word' id='word_1_591' title='bbox 2846 1638 2958 1676; x_wconf 87' lang='lat' dir='ltr'><strong>rem</strong></span> <span class='ocrx_word' id='word_1_592' title='bbox 2983 1623 3176 1679; x_wconf 89' lang='lat' dir='ltr'><strong>habet:</strong></span> <span class='ocrx_word' id='word_1_593' title='bbox 3203 1625 3298 1680; x_wconf 91' lang='lat' dir='ltr'><strong>sed</strong></span> <span class='ocrx_word' id='word_1_594' title='bbox 3319 1627 3456 1682; x_wconf 90' lang='lat' dir='ltr'><strong>alter</strong></span> 
     </span>
    </p>
   </div>
   <div class='ocr_carea' id='block_1_77' title="bbox 1884 1705 3460 1789">
    <p class='ocr_par' dir='ltr' id='par_1_77' title="bbox 1884 1705 3460 1789">
     <span class='ocr_line' id='line_1_77' title="bbox 1884 1705 3460 1789; baseline 0.009 -31"><span class='ocrx_word' id='word_1_595' title='bbox 1884 1705 2220 1774; x_wconf 90' lang='lat' dir='ltr'><strong>necessitate,</strong></span> <span class='ocrx_word' id='word_1_596' title='bbox 2244 1707 2382 1763; x_wconf 91' lang='lat' dir='ltr'><strong>alter</strong></span> <span class='ocrx_word' id='word_1_597' title='bbox 2401 1725 2528 1765; x_wconf 92' lang='lat' dir='ltr'><strong>vero</strong></span> <span class='ocrx_word' id='word_1_598' title='bbox 2549 1713 2820 1780; x_wconf 87' lang='lat' dir='ltr'><strong>proposito</strong></span> <span class='ocrx_word' id='word_1_599' title='bbox 2842 1725 2985 1770; x_wconf 89' lang='lat' dir='ltr'><strong>recte</strong></span> <span class='ocrx_word' id='word_1_600' title='bbox 3005 1716 3129 1785; x_wconf 85' lang='lat' dir='ltr'><strong>agit,</strong></span> <span class='ocrx_word' id='word_1_601' title='bbox 3155 1726 3210 1772; x_wconf 94' lang='lat' dir='ltr'><strong>et</strong></span> <span class='ocrx_word' id='word_1_602' title='bbox 3228 1733 3256 1770; x_wconf 91' lang='lat' dir='ltr'><strong>a</strong></span> <span class='ocrx_word' id='word_1_603' title='bbox 3282 1719 3460 1789; x_wconf 86' lang='lat' dir='ltr'><strong>seipso</strong></span> 
     </span>
    </p>
   </div>
   <div class='ocr_carea' id='block_1_78' title="bbox 1883 1795 3460 1879">
    <p class='ocr_par' dir='ltr' id='par_1_78' title="bbox 1883 1795 3460 1879">
     <span class='ocr_line' id='line_1_78' title="bbox 1883 1795 3460 1879; baseline 0.011 -31"><span class='ocrx_word' id='word_1_604' title='bbox 1883 1795 2006 1850; x_wconf 90' lang='lat' dir='ltr'><strong>illud</strong></span> <span class='ocrx_word' id='word_1_605' title='bbox 2029 1807 2261 1866; x_wconf 73' lang='lat' dir='ltr'><strong>prmstat.</strong></span> <span class='ocrx_word' id='word_1_606' title='bbox 2282 1799 2622 1867; x_wconf 88' lang='lat' dir='ltr'><strong>Hominesne,</strong></span> <span class='ocrx_word' id='word_1_607' title='bbox 2648 1803 2731 1857; x_wconf 89' lang='lat' dir='ltr'><strong>dic</strong></span> <span class='ocrx_word' id='word_1_608' title='bbox 2752 1803 2901 1870; x_wconf 91' lang='lat' dir='ltr'><strong>mihi,</strong></span> <span class='ocrx_word' id='word_1_609' title='bbox 2921 1820 2950 1857; x_wconf 90' lang='lat' dir='ltr'><strong>a</strong></span> <span class='ocrx_word' id='word_1_610' title='bbox 2972 1805 3162 1876; x_wconf 82' lang='lat' dir='ltr'><strong>seipsis</strong></span> <span class='ocrx_word' id='word_1_611' title='bbox 3181 1807 3283 1862; x_wconf 91' lang='lat' dir='ltr'><strong>hoc</strong></span> <span class='ocrx_word' id='word_1_612' title='bbox 3302 1823 3460 1879; x_wconf 81' lang='lat' dir='ltr'><strong>agere</strong></span> 
     </span>
    </p>
   </div>
   <div class='ocr_carea' id='block_1_79' title="bbox 1879 1889 3449 1966">
    <p class='ocr_par' dir='ltr' id='par_1_79' title="bbox 1879 1889 3449 1966">
     <span class='ocr_line' id='line_1_79' title="bbox 1879 1889 3449 1966; baseline 0.01 -27"><span class='ocrx_word' id='word_1_613' title='bbox 1879 1896 2122 1954; x_wconf 88' lang='lat' dir='ltr'><strong>possunt,</strong></span> <span class='ocrx_word' id='word_1_614' title='bbox 2163 1898 2219 1943; x_wconf 91' lang='lat' dir='ltr'><strong>et</strong></span> <span class='ocrx_word' id='word_1_615' title='bbox 2262 1889 2646 1960; x_wconf 83' lang='lat' dir='ltr'><strong>phil050phari,</strong></span> <span class='ocrx_word' id='word_1_616' title='bbox 2678 1903 2731 1949; x_wconf 88' lang='lat' dir='ltr'><strong>et</strong></span> <span class='ocrx_word' id='word_1_617' title='bbox 2761 1894 2924 1964; x_wconf 90' lang='lat' dir='ltr'><strong>loqui,</strong></span> <span class='ocrx_word' id='word_1_618' title='bbox 2970 1905 3324 1966; x_wconf 86' lang='lat' dir='ltr'><strong>sexcentaque</strong></span> <span class='ocrx_word' id='word_1_619' title='bbox 3348 1900 3449 1954; x_wconf 75' lang='lat' dir='ltr'><strong>al‘a</strong></span> 
     </span>
    </p>
   </div>
   <div class='ocr_carea' id='block_1_80' title="bbox 1879 1979 3456 2056">
    <p class='ocr_par' dir='ltr' id='par_1_80' title="bbox 1879 1979 3456 2056">
     <span class='ocr_line' id='line_1_80' title="bbox 1879 1979 3456 2056; baseline 0.008 -25"><span class='ocrx_word' id='word_1_620' title='bbox 1879 1979 2169 2046; x_wconf 75' lang='lat' dir='ltr'><strong>perficere:</strong></span> <span class='ocrx_word' id='word_1_621' title='bbox 2196 1981 2504 2050; x_wconf 85' lang='lat' dir='ltr'><strong>angelorum</strong></span> <span class='ocrx_word' id='word_1_622' title='bbox 2536 1999 2662 2039; x_wconf 91' lang='lat' dir='ltr'><strong>vero</strong></span> <span class='ocrx_word' id='word_1_623' title='bbox 2689 1985 2942 2040; x_wconf 91' lang='lat' dir='ltr'><strong>Dominus</strong></span> <span class='ocrx_word' id='word_1_624' title='bbox 2972 2002 3069 2042; x_wconf 91' lang='lat' dir='ltr'><strong>nec</strong></span> <span class='ocrx_word' id='word_1_625' title='bbox 3107 2003 3326 2056; x_wconf 87' lang='lat' dir='ltr'><strong>parvum</strong></span> <span class='ocrx_word' id='word_1_626' title='bbox 3355 2006 3456 2045; x_wconf 91' lang='lat' dir='ltr'><strong>nec</strong></span> 
     </span>
    </p>
   </div>
   <div class='ocr_carea' id='block_1_81' title="bbox 1877 2072 3452 2150">
    <p class='ocr_par' dir='ltr' id='par_1_81' title="bbox 1877 2072 3452 2150">
     <span class='ocr_line' id='line_1_81' title="bbox 1877 2072 3452 2150; baseline 0.008 -27"><span class='ocrx_word' id='word_1_627' title='bbox 1877 2085 2125 2139; x_wconf 88' lang='lat' dir='ltr'><strong>magnum</strong></span> <span class='ocrx_word' id='word_1_628' title='bbox 2156 2072 2280 2141; x_wconf 89' lang='lat' dir='ltr'><strong>quid</strong></span> <span class='ocrx_word' id='word_1_629' title='bbox 2302 2088 2330 2125; x_wconf 91' lang='lat' dir='ltr'><strong>a</strong></span> <span class='ocrx_word' id='word_1_630' title='bbox 2356 2074 2532 2143; x_wconf 86' lang='lat' dir='ltr'><strong>seipso</strong></span> <span class='ocrx_word' id='word_1_631' title='bbox 2559 2091 2717 2146; x_wconf 86' lang='lat' dir='ltr'><strong>agere</strong></span> <span class='ocrx_word' id='word_1_632' title='bbox 2743 2078 2973 2146; x_wconf 90' lang='lat' dir='ltr'><strong>poterit?</strong></span> <span class='ocrx_word' id='word_1_633' title='bbox 2997 2079 3060 2132; x_wconf 87' lang='lat' dir='ltr'><strong>Et</strong></span> <span class='ocrx_word' id='word_1_634' title='bbox 3086 2079 3204 2150; x_wconf 91' lang='lat' dir='ltr'><strong>quis</strong></span> <span class='ocrx_word' id='word_1_635' title='bbox 3237 2080 3349 2136; x_wconf 66' lang='lat' dir='ltr'><strong>haec</strong></span> <span class='ocrx_word' id='word_1_636' title='bbox 3371 2082 3452 2135; x_wconf 86' lang='lat' dir='ltr'><strong>fe-</strong></span> 
     </span>
    </p>
   </div>
   <div class='ocr_carea' id='block_1_82' title="bbox 1875 2162 3452 2240">
    <p class='ocr_par' dir='ltr' id='par_1_82' title="bbox 1875 2162 3452 2240">
     <span class='ocr_line' id='line_1_82' title="bbox 1875 2162 3452 2240; baseline 0.006 -25"><span class='ocrx_word' id='word_1_637' title='bbox 1875 2162 1996 2216; x_wconf 86' lang='lat' dir='ltr'><strong>rat?</strong></span> <span class='ocrx_word' id='word_1_638' title='bbox 2023 2162 2135 2216; x_wconf 90' lang='lat' dir='ltr'><strong>Non</strong></span> <span class='ocrx_word' id='word_1_639' title='bbox 2166 2163 2315 2218; x_wconf 92' lang='lat' dir='ltr'><strong>audis</strong></span> <span class='ocrx_word' id='word_1_640' title='bbox 2348 2165 2567 2220; x_wconf 87' lang='lat' dir='ltr'><strong>Paulum</strong></span> <span class='ocrx_word' id='word_1_641' title='bbox 2599 2167 2860 2222; x_wconf 88' lang='lat' dir='ltr'><strong>dicentem</strong></span> <span class='ocrx_word' id='word_1_642' title='bbox 2887 2185 2902 2222; x_wconf 87' lang='lat'><strong>:</strong></span> <span class='ocrx_word' id='word_1_643' title='bbox 2937 2187 2955 2220; x_wconf 86' lang='grc'><strong><em>‹</em></strong></span> <span class='ocrx_word' id='word_1_644' title='bbox 2989 2168 3044 2223; x_wconf 91' lang='lat' dir='ltr'><strong>ln</strong></span> <span class='ocrx_word' id='word_1_645' title='bbox 3076 2184 3262 2240; x_wconf 88' lang='lat' dir='ltr'><strong>magna</strong></span> <span class='ocrx_word' id='word_1_646' title='bbox 3291 2172 3452 2226; x_wconf 87' lang='lat' dir='ltr'><strong>domn</strong></span> 
     </span>
    </p>
   </div>
   <div class='ocr_carea' id='block_1_83' title="bbox 1875 2257 3447 2330">
    <p class='ocr_par' dir='ltr' id='par_1_83' title="bbox 1875 2257 3447 2330">
     <span class='ocr_line' id='line_1_83' title="bbox 1875 2257 3447 2330; baseline 0.004 -22"><span class='ocrx_word' id='word_1_647' title='bbox 1875 2269 1982 2309; x_wconf 90' lang='lat' dir='ltr'><strong>non</strong></span> <span class='ocrx_word' id='word_1_648' title='bbox 2009 2257 2180 2310; x_wconf 92' lang='lat' dir='ltr'><strong>solum</strong></span> <span class='ocrx_word' id='word_1_649' title='bbox 2211 2266 2335 2311; x_wconf 92' lang='lat' dir='ltr'><strong>sunt</strong></span> <span class='ocrx_word' id='word_1_650' title='bbox 2363 2273 2488 2313; x_wconf 88' lang='lat' dir='ltr'><strong>vasa</strong></span> <span class='ocrx_word' id='word_1_651' title='bbox 2507 2273 2667 2313; x_wconf 90' lang='lat' dir='ltr'><strong>aurea</strong></span> <span class='ocrx_word' id='word_1_652' title='bbox 2695 2268 2750 2314; x_wconf 91' lang='lat' dir='ltr'><strong>et</strong></span> <span class='ocrx_word' id='word_1_653' title='bbox 2777 2269 3047 2330; x_wconf 83' lang='lat' dir='ltr'><strong>argentea,</strong></span> <span class='ocrx_word' id='word_1_654' title='bbox 3082 2262 3174 2316; x_wconf 91' lang='lat' dir='ltr'><strong>sed</strong></span> <span class='ocrx_word' id='word_1_655' title='bbox 3199 2263 3358 2317; x_wconf 90' lang='lat' dir='ltr'><strong>etiam</strong></span> <span class='ocrx_word' id='word_1_656' title='bbox 3383 2265 3447 2316; x_wconf 80' lang='lat' dir='ltr'><strong>li-</strong></span> 
     </span>
    </p>
   </div>
   <div class='ocr_carea' id='block_1_84' title="bbox 1872 2347 3444 2422">
    <p class='ocr_par' dir='ltr' id='par_1_84' title="bbox 1872 2347 3444 2422">
     <span class='ocr_line' id='line_1_84' title="bbox 1872 2347 3444 2422; baseline 0.006 -23"><span class='ocrx_word' id='word_1_657' title='bbox 1872 2361 2004 2416; x_wconf 83' lang='lat' dir='ltr'><strong>gnea</strong></span> <span class='ocrx_word' id='word_1_658' title='bbox 2032 2354 2087 2401; x_wconf 89' lang='lat' dir='ltr'><strong>et</strong></span> <span class='ocrx_word' id='word_1_659' title='bbox 2108 2347 2306 2412; x_wconf 89' lang='lat' dir='ltr'><strong>fictilia,</strong></span> <span class='ocrx_word' id='word_1_660' title='bbox 2329 2348 2570 2419; x_wconf 68' lang='lat' dir='ltr'><strong>quaedam</strong></span> <span class='ocrx_word' id='word_1_661' title='bbox 2603 2351 2652 2403; x_wconf 92' lang='lat' dir='ltr'><strong>in</strong></span> <span class='ocrx_word' id='word_1_662' title='bbox 2683 2350 2961 2418; x_wconf 90' lang='lat' dir='ltr'><strong>honorem,</strong></span> <span class='ocrx_word' id='word_1_663' title='bbox 2985 2353 3226 2422; x_wconf 69' lang='lat' dir='ltr'><strong>quaedam</strong></span> <span class='ocrx_word' id='word_1_664' title='bbox 3269 2363 3444 2410; x_wconf 88' lang='lat' dir='ltr'><strong>autem</strong></span> 
     </span>
    </p>
   </div>
   <div class='ocr_carea' id='block_1_85' title="bbox 1872 2438 3442 2518">
    <p class='ocr_par' dir='ltr' id='par_1_85' title="bbox 1872 2438 3442 2518">
     <span class='ocr_line' id='line_1_85' title="bbox 1872 2438 3442 2518; baseline 0.006 -26"><span class='ocrx_word' id='word_1_665' title='bbox 1872 2438 1923 2492; x_wconf 93' lang='lat' dir='ltr'><strong>in</strong></span> <span class='ocrx_word' id='word_1_666' title='bbox 1952 2439 2343 2495; x_wconf 89' lang='lat' dir='ltr'><strong>contumeliam.</strong></span> <span class='ocrx_word' id='word_1_667' title='bbox 2372 2440 2426 2494; x_wconf 88' lang='lat' dir='ltr'><strong>Si</strong></span> <span class='ocrx_word' id='word_1_668' title='bbox 2455 2442 2571 2511; x_wconf 90' lang='lat' dir='ltr'><strong>quis</strong></span> <span class='ocrx_word' id='word_1_669' title='bbox 2591 2457 2716 2512; x_wconf 86' lang='lat' dir='ltr'><strong>ergo</strong></span> <span class='ocrx_word' id='word_1_670' title='bbox 2736 2443 3099 2500; x_wconf 90' lang='lat' dir='ltr'><strong>emundaverit</strong></span> <span class='ocrx_word' id='word_1_671' title='bbox 3126 2459 3184 2501; x_wconf 92' lang='lat' dir='ltr'><strong>se</strong></span> <span class='ocrx_word' id='word_1_672' title='bbox 3203 2447 3269 2500; x_wconf 92' lang='lat' dir='ltr'><strong>ab</strong></span> <span class='ocrx_word' id='word_1_673' title='bbox 3294 2449 3442 2518; x_wconf 84' lang='lat' dir='ltr'><strong>ipsis,</strong></span> 
     </span>
    </p>
   </div>
   <div class='ocr_carea' id='block_1_86' title="bbox 1869 2529 3441 2608">
    <p class='ocr_par' dir='ltr' id='par_1_86' title="bbox 1869 2529 3441 2608">
     <span class='ocr_line' id='line_1_86' title="bbox 1869 2529 3441 2608; baseline 0.008 -26"><span class='ocrx_word' id='word_1_674' title='bbox 1869 2529 1971 2583; x_wconf 90' lang='lat' dir='ltr'><strong>erit</strong></span> <span class='ocrx_word' id='word_1_675' title='bbox 1995 2543 2086 2584; x_wconf 88' lang='lat' dir='ltr'><strong>vas</strong></span> <span class='ocrx_word' id='word_1_676' title='bbox 2107 2533 2159 2584; x_wconf 89' lang='lat' dir='ltr'><strong>in</strong></span> <span class='ocrx_word' id='word_1_677' title='bbox 2186 2530 2462 2598; x_wconf 90' lang='lat' dir='ltr'><strong>honorem,</strong></span> <span class='ocrx_word' id='word_1_678' title='bbox 2493 2533 2873 2589; x_wconf 87' lang='lat' dir='ltr'><strong>sanctificatum</strong></span> <span class='ocrx_word' id='word_1_679' title='bbox 2891 2535 3116 2593; x_wconf 91' lang='lat' dir='ltr'><strong>Domino</strong></span> <span class='ocrx_word' id='word_1_680' title='bbox 3150 2556 3170 2591; x_wconf 73' lang='grc' dir='ltr'><strong>ο</strong></span> <span class='ocrx_word' id='word_1_681' title='bbox 3199 2539 3276 2608; x_wconf 75' lang='lat'><strong>(2.</strong></span> <span class='ocrx_word' id='word_1_682' title='bbox 3307 2539 3441 2596; x_wconf 83' lang='lat' dir='ltr'><strong>Tim.</strong></span> 
     </span>
    </p>
   </div>
   <div class='ocr_carea' id='block_1_87' title="bbox 1867 2621 2183 2694">
    <p class='ocr_par' dir='ltr' id='par_1_87' title="bbox 1867 2621 2183 2694">
     <span class='ocr_line' id='line_1_87' title="bbox 1867 2621 2183 2694; baseline 0 -18"><span class='ocrx_word' id='word_1_683' title='bbox 1867 2621 2183 2694; x_wconf 69' lang='lat'><strong>2.20.21).</strong></span> 
     </span>
    </p>
   </div>
   <div class='ocr_carea' id='block_1_88' title="bbox 1937 2712 3440 2786">
    <p class='ocr_par' dir='ltr' id='par_1_88' title="bbox 1937 2712 3440 2786">
     <span class='ocr_line' id='line_1_88' title="bbox 1937 2712 3440 2786; baseline 0.005 -17"><span class='ocrx_word' id='word_1_684' title='bbox 1937 2713 1989 2769; x_wconf 77' lang='grc'><strong>5.</strong></span> <span class='ocrx_word' id='word_1_685' title='bbox 2033 2712 2193 2768; x_wconf 88' lang='lat' dir='ltr'><strong>Vides</strong></span> <span class='ocrx_word' id='word_1_686' title='bbox 2218 2712 2314 2769; x_wconf 91' lang='lat' dir='ltr'><strong>hos</strong></span> <span class='ocrx_word' id='word_1_687' title='bbox 2337 2714 2494 2769; x_wconf 92' lang='lat' dir='ltr'><strong>etiam</strong></span> <span class='ocrx_word' id='word_1_688' title='bbox 2539 2730 2597 2772; x_wconf 92' lang='lat' dir='ltr'><strong>se</strong></span> <span class='ocrx_word' id='word_1_689' title='bbox 2621 2732 2686 2771; x_wconf 82' lang='lat' dir='ltr'><strong>ex</strong></span> <span class='ocrx_word' id='word_1_690' title='bbox 2729 2716 2917 2786; x_wconf 89' lang='lat' dir='ltr'><strong>seipsis</strong></span> <span class='ocrx_word' id='word_1_691' title='bbox 2944 2718 3266 2775; x_wconf 87' lang='lat' dir='ltr'><strong>emendare?</strong></span> <span class='ocrx_word' id='word_1_692' title='bbox 3307 2721 3440 2776; x_wconf 88' lang='lat' dir='ltr'><strong>Illud</strong></span> 
     </span>
    </p>
   </div>
   <div class='ocr_carea' id='block_1_89' title="bbox 1864 2803 3436 2877">
    <p class='ocr_par' dir='ltr' id='par_1_89' title="bbox 1864 2803 3436 2877">
     <span class='ocr_line' id='line_1_89' title="bbox 1864 2803 3436 2877; baseline 0.006 -20"><span class='ocrx_word' id='word_1_693' title='bbox 1864 2803 2007 2857; x_wconf 91' lang='lat' dir='ltr'><strong>enim</strong></span> <span class='ocrx_word' id='word_1_694' title='bbox 2052 2804 2352 2873; x_wconf 85' lang='lat' dir='ltr'><strong>significant</strong></span> <span class='ocrx_word' id='word_1_695' title='bbox 2398 2804 2632 2861; x_wconf 58' lang='grc' dir='ltr'><strong>δίδοι.ςὶ</strong></span> <span class='ocrx_word' id='word_1_696' title='bbox 2659 2807 2769 2877; x_wconf 85' lang='lat' dir='ltr'><strong>quis</strong></span> <span class='ocrx_word' id='word_1_697' title='bbox 2815 2808 3035 2876; x_wconf 81' lang='lat' dir='ltr'><strong>seipsum</strong></span> <span class='ocrx_word' id='word_1_698' title='bbox 3077 2811 3436 2866; x_wconf 81' lang='lat' dir='ltr'><strong>emundaverit.</strong></span> 
     </span>
    </p>
   </div>
   <div class='ocr_carea' id='block_1_90' title="bbox 1863 2891 3438 2966">
    <p class='ocr_par' dir='ltr' id='par_1_90' title="bbox 1863 2891 3438 2966">
     <span class='ocr_line' id='line_1_90' title="bbox 1863 2891 3438 2966; baseline 0.006 -20"><span class='ocrx_word' id='word_1_699' title='bbox 1863 2891 1998 2961; x_wconf 85' lang='lat' dir='ltr'><strong>Quid</strong></span> <span class='ocrx_word' id='word_1_700' title='bbox 2025 2908 2152 2964; x_wconf 80' lang='lat' dir='ltr'><strong>ergo</strong></span> <span class='ocrx_word' id='word_1_701' title='bbox 2179 2893 2308 2949; x_wconf 92' lang='lat' dir='ltr'><strong>illud</strong></span> <span class='ocrx_word' id='word_1_702' title='bbox 2339 2904 2421 2949; x_wconf 85' lang='lat' dir='ltr'><strong>est</strong></span> <span class='ocrx_word' id='word_1_703' title='bbox 2441 2895 2580 2966; x_wconf 91' lang='lat' dir='ltr'><strong>quod</strong></span> <span class='ocrx_word' id='word_1_704' title='bbox 2606 2895 2836 2952; x_wconf 89' lang='lat' dir='ltr'><strong>dicitur?</strong></span> <span class='ocrx_word' id='word_1_705' title='bbox 2856 2895 2910 2953; x_wconf 90' lang='lat' dir='ltr'><strong>Si</strong></span> <span class='ocrx_word' id='word_1_706' title='bbox 2941 2913 3060 2953; x_wconf 91' lang='lat' dir='ltr'><strong>cum</strong></span> <span class='ocrx_word' id='word_1_707' title='bbox 3090 2900 3438 2956; x_wconf 87' lang='lat' dir='ltr'><strong>familiaribus</strong></span> 
     </span>
    </p>
   </div>
   <div class='ocr_carea' id='block_1_91' title="bbox 1863 2987 3438 3059">
    <p class='ocr_par' dir='ltr' id='par_1_91' title="bbox 1863 2987 3438 3059">
     <span class='ocr_line' id='line_1_91' title="bbox 1863 2987 3438 3059; baseline 0.006 -20"><span class='ocrx_word' id='word_1_708' title='bbox 1863 2987 2067 3040; x_wconf 85' lang='lat' dir='ltr'><strong>tantum</strong></span> <span class='ocrx_word' id='word_1_709' title='bbox 2095 2994 2150 3040; x_wconf 92' lang='lat' dir='ltr'><strong>et</strong></span> <span class='ocrx_word' id='word_1_710' title='bbox 2188 2987 2370 3041; x_wconf 91' lang='lat' dir='ltr'><strong>amicis</strong></span> <span class='ocrx_word' id='word_1_711' title='bbox 2398 3001 2574 3042; x_wconf 89' lang='lat' dir='ltr'><strong>sermo</strong></span> <span class='ocrx_word' id='word_1_712' title='bbox 2603 2997 2766 3056; x_wconf 86' lang='lat' dir='ltr'><strong>esset,</strong></span> <span class='ocrx_word' id='word_1_713' title='bbox 2805 2993 2914 3059; x_wconf 87' lang='lat' dir='ltr'><strong>jam</strong></span> <span class='ocrx_word' id='word_1_714' title='bbox 2959 2992 3272 3047; x_wconf 89' lang='lat' dir='ltr'><strong>solutionem</strong></span> <span class='ocrx_word' id='word_1_715' title='bbox 3299 3003 3438 3048; x_wconf 83' lang='lat' dir='ltr'><strong>attu-</strong></span> 
     </span>
    </p>
   </div>
   <div class='ocr_carea' id='block_1_92' title="bbox 1861 3074 3436 3146">
    <p class='ocr_par' dir='ltr' id='par_1_92' title="bbox 1861 3074 3436 3146">
     <span class='ocr_line' id='line_1_92' title="bbox 1861 3074 3436 3146; baseline 0.008 -18"><span class='ocrx_word' id='word_1_716' title='bbox 1861 3074 2038 3129; x_wconf 90' lang='lat' dir='ltr'><strong>lissem</strong></span> <span class='ocrx_word' id='word_1_717' title='bbox 2061 3092 2074 3128; x_wconf 95' lang='lat'><strong>:</strong></span> <span class='ocrx_word' id='word_1_718' title='bbox 2097 3076 2217 3146; x_wconf 88' lang='lat' dir='ltr'><strong>quia</strong></span> <span class='ocrx_word' id='word_1_719' title='bbox 2243 3091 2369 3131; x_wconf 91' lang='lat' dir='ltr'><strong>vero</strong></span> <span class='ocrx_word' id='word_1_720' title='bbox 2389 3092 2512 3131; x_wconf 93' lang='lat' dir='ltr'><strong>cum</strong></span> <span class='ocrx_word' id='word_1_721' title='bbox 2543 3079 2770 3135; x_wconf 84' lang='lat' dir='ltr'><strong>inimicis</strong></span> <span class='ocrx_word' id='word_1_722' title='bbox 2809 3089 2862 3136; x_wconf 91' lang='lat' dir='ltr'><strong>et</strong></span> <span class='ocrx_word' id='word_1_723' title='bbox 2903 3080 3142 3137; x_wconf 87' lang='lat' dir='ltr'><strong>hostibus</strong></span> <span class='ocrx_word' id='word_1_724' title='bbox 3169 3098 3255 3137; x_wconf 90' lang='lat' dir='ltr'><strong>res</strong></span> <span class='ocrx_word' id='word_1_725' title='bbox 3285 3083 3436 3140; x_wconf 86' lang='lat' dir='ltr'><strong>nobis</strong></span> 
     </span>
    </p>
   </div>
   <div class='ocr_carea' id='block_1_93' title="bbox 1859 3171 3432 3241">
    <p class='ocr_par' dir='ltr' id='par_1_93' title="bbox 1859 3171 3432 3241">
     <span class='ocr_line' id='line_1_93' title="bbox 1859 3171 3432 3241; baseline 0.008 -23"><span class='ocrx_word' id='word_1_726' title='bbox 1859 3173 1960 3230; x_wconf 91' lang='lat' dir='ltr'><strong>est,</strong></span> <span class='ocrx_word' id='word_1_727' title='bbox 1993 3179 2175 3220; x_wconf 89' lang='lat' dir='ltr'><strong>eorum</strong></span> <span class='ocrx_word' id='word_1_728' title='bbox 2205 3181 2415 3237; x_wconf 90' lang='lat' dir='ltr'><strong>quoque</strong></span> <span class='ocrx_word' id='word_1_729' title='bbox 2456 3179 2762 3238; x_wconf 87' lang='lat' dir='ltr'><strong>argumenta</strong></span> <span class='ocrx_word' id='word_1_730' title='bbox 2805 3171 3127 3226; x_wconf 89' lang='lat' dir='ltr'><strong>confutanda</strong></span> <span class='ocrx_word' id='word_1_731' title='bbox 3163 3176 3432 3241; x_wconf 85' lang='lat' dir='ltr'><strong>suut,-ad-</strong></span> 
     </span>
    </p>
   </div>
   <div class='ocr_carea' id='block_1_94' title="bbox 1859 3254 3432 3335">
    <p class='ocr_par' dir='ltr' id='par_1_94' title="bbox 1859 3254 3432 3335">
     <span class='ocr_line' id='line_1_94' title="bbox 1859 3254 3432 3335; baseline 0.007 -26"><span class='ocrx_word' id='word_1_732' title='bbox 1859 3254 2014 3309; x_wconf 91' lang='lat' dir='ltr'><strong>ducta</strong></span> <span class='ocrx_word' id='word_1_733' title='bbox 2047 3254 2224 3310; x_wconf 92' lang='lat' dir='ltr'><strong>denuo</strong></span> <span class='ocrx_word' id='word_1_734' title='bbox 2250 3256 2302 3310; x_wconf 90' lang='lat' dir='ltr'><strong>in</strong></span> <span class='ocrx_word' id='word_1_735' title='bbox 2325 3257 2557 3312; x_wconf 90' lang='lat' dir='ltr'><strong>medium</strong></span> <span class='ocrx_word' id='word_1_736' title='bbox 2587 3259 2842 3326; x_wconf 91' lang='lat' dir='ltr'><strong>clausula,</strong></span> <span class='ocrx_word' id='word_1_737' title='bbox 2867 3270 2924 3315; x_wconf 96' lang='lat' dir='ltr'><strong>ut</strong></span> <span class='ocrx_word' id='word_1_738' title='bbox 2960 3275 3075 3317; x_wconf 90' lang='lat' dir='ltr'><strong>eam</strong></span> <span class='ocrx_word' id='word_1_739' title='bbox 3119 3265 3196 3318; x_wconf 91' lang='lat' dir='ltr'><strong>sic</strong></span> <span class='ocrx_word' id='word_1_740' title='bbox 3226 3267 3432 3335; x_wconf 77' lang='lat' dir='ltr'><strong>per-Spi-</strong></span> 
     </span>
    </p>
   </div>
   <div class='ocr_carea' id='block_1_95' title="bbox 1857 3347 3434 3426">
    <p class='ocr_par' dir='ltr' id='par_1_95' title="bbox 1857 3347 3434 3426">
     <span class='ocr_line' id='line_1_95' title="bbox 1857 3347 3434 3426; baseline 0.008 -26"><span class='ocrx_word' id='word_1_741' title='bbox 1857 3355 2009 3401; x_wconf 86' lang='lat' dir='ltr'><strong>cuam</strong></span> <span class='ocrx_word' id='word_1_742' title='bbox 2033 3347 2336 3402; x_wconf 90' lang='lat' dir='ltr'><strong>reddamus.</strong></span> <span class='ocrx_word' id='word_1_743' title='bbox 2368 3349 2520 3414; x_wconf 87' lang='lat' dir='ltr'><strong>Quod</strong></span> <span class='ocrx_word' id='word_1_744' title='bbox 2542 3351 2683 3404; x_wconf 90' lang='lat' dir='ltr'><strong>enim</strong></span> <span class='ocrx_word' id='word_1_745' title='bbox 2710 3353 2976 3421; x_wconf 88' lang='lat' dir='ltr'><strong>possimus</strong></span> <span class='ocrx_word' id='word_1_746' title='bbox 3013 3369 3076 3408; x_wconf 91' lang='lat' dir='ltr'><strong>ex</strong></span> <span class='ocrx_word' id='word_1_747' title='bbox 3117 3355 3270 3410; x_wconf 88' lang='lat' dir='ltr'><strong>nobis</strong></span> <span class='ocrx_word' id='word_1_748' title='bbox 3299 3357 3434 3426; x_wconf 87' lang='lat' dir='ltr'><strong>ipsis</strong></span> 
     </span>
    </p>
   </div>
   <div class='ocr_carea' id='block_1_96' title="bbox 1856 3436 3431 3504">
    <p class='ocr_par' dir='ltr' id='par_1_96' title="bbox 1856 3436 3431 3504">
     <span class='ocr_line' id='line_1_96' title="bbox 1856 3436 3431 3504; baseline 0.007 -14"><span class='ocrx_word' id='word_1_749' title='bbox 1856 3436 2030 3491; x_wconf 89' lang='lat' dir='ltr'><strong>facere</strong></span> <span class='ocrx_word' id='word_1_750' title='bbox 2051 3445 2105 3492; x_wconf 87' lang='lat' dir='ltr'><strong>et</strong></span> <span class='ocrx_word' id='word_1_751' title='bbox 2141 3437 2338 3504; x_wconf 92' lang='lat' dir='ltr'><strong>dicere,</strong></span> <span class='ocrx_word' id='word_1_752' title='bbox 2366 3438 2495 3494; x_wconf 90' lang='lat' dir='ltr'><strong>satis</strong></span> <span class='ocrx_word' id='word_1_753' title='bbox 2519 3451 2992 3497; x_wconf 89' lang='lat' dir='ltr'><strong>commonstratum</strong></span> <span class='ocrx_word' id='word_1_754' title='bbox 3020 3453 3120 3498; x_wconf 89' lang='lat' dir='ltr'><strong>est.</strong></span> <span class='ocrx_word' id='word_1_755' title='bbox 3149 3445 3260 3500; x_wconf 90' lang='lat' dir='ltr'><strong>Nisi</strong></span> <span class='ocrx_word' id='word_1_756' title='bbox 3289 3447 3431 3501; x_wconf 91' lang='lat' dir='ltr'><strong>enim</strong></span> 
     </span>
    </p>
   </div>
   <div class='ocr_carea' id='block_1_97' title="bbox 1856 3527 3430 3602">
    <p class='ocr_par' dir='ltr' id='par_1_97' title="bbox 1856 3527 3430 3602">
     <span class='ocr_line' id='line_1_97' title="bbox 1856 3527 3430 3602; baseline 0.006 -21"><span class='ocrx_word' id='word_1_757' title='bbox 1856 3527 1984 3582; x_wconf 91' lang='lat' dir='ltr'><strong>illud</strong></span> <span class='ocrx_word' id='word_1_758' title='bbox 2014 3537 2174 3592; x_wconf 88' lang='lat' dir='ltr'><strong>esset,</strong></span> <span class='ocrx_word' id='word_1_759' title='bbox 2198 3544 2528 3600; x_wconf 87' lang='lat' dir='ltr'><strong>nequaquam</strong></span> <span class='ocrx_word' id='word_1_760' title='bbox 2557 3545 2653 3600; x_wconf 88' lang='lat' dir='ltr'><strong>pro</strong></span> <span class='ocrx_word' id='word_1_761' title='bbox 2682 3530 2834 3587; x_wconf 92' lang='lat' dir='ltr'><strong>bonis</strong></span> <span class='ocrx_word' id='word_1_762' title='bbox 2868 3533 3116 3602; x_wconf 90' lang='lat' dir='ltr'><strong>operibus</strong></span> <span class='ocrx_word' id='word_1_763' title='bbox 3141 3549 3430 3590; x_wconf 60' lang='lat' dir='ltr'><strong>coronare-</strong></span> 
     </span>
    </p>
   </div>
   <div class='ocr_carea' id='block_1_98' title="bbox 1855 3618 3429 3690">
    <p class='ocr_par' dir='ltr' id='par_1_98' title="bbox 1855 3618 3429 3690">
     <span class='ocr_line' id='line_1_98' title="bbox 1855 3618 3429 3690; baseline 0.005 -19"><span class='ocrx_word' id='word_1_764' title='bbox 1855 3632 1991 3672; x_wconf 90' lang='lat' dir='ltr'><strong>mur.</strong></span> <span class='ocrx_word' id='word_1_765' title='bbox 2033 3618 2442 3689; x_wconf 87' lang='lat' dir='ltr'><strong>lnterrogandus</strong></span> <span class='ocrx_word' id='word_1_766' title='bbox 2483 3621 2672 3676; x_wconf 89' lang='lat' dir='ltr'><strong>iterum</strong></span> <span class='ocrx_word' id='word_1_767' title='bbox 2703 3632 2784 3676; x_wconf 90' lang='lat' dir='ltr'><strong>est</strong></span> <span class='ocrx_word' id='word_1_768' title='bbox 2812 3622 3286 3690; x_wconf 75' lang='lat' dir='ltr'><strong>htereticus:Quid</strong></span> <span class='ocrx_word' id='word_1_769' title='bbox 3327 3634 3429 3690; x_wconf 89' lang='lat' dir='ltr'><strong>est,</strong></span> 
     </span>
    </p>
   </div>
   <div class='ocr_carea' id='block_1_99' title="bbox 1855 3707 3430 3786">
    <p class='ocr_par' dir='ltr' id='par_1_99' title="bbox 1855 3707 3430 3786">
     <span class='ocr_line' id='line_1_99' title="bbox 1855 3707 3430 3786; baseline 0.004 -24"><span class='ocrx_word' id='word_1_770' title='bbox 1855 3707 1973 3763; x_wconf 84' lang='lat' dir='ltr'><strong>Nisi</strong></span> <span class='ocrx_word' id='word_1_771' title='bbox 1999 3710 2122 3778; x_wconf 85' lang='lat' dir='ltr'><strong>quid</strong></span> <span class='ocrx_word' id='word_1_772' title='bbox 2144 3711 2321 3765; x_wconf 81' lang='lat' dir='ltr'><strong>viderit</strong></span> <span class='ocrx_word' id='word_1_773' title='bbox 2349 3711 2554 3766; x_wconf 82' lang='lat' dir='ltr'><strong>Patrem</strong></span> <span class='ocrx_word' id='word_1_774' title='bbox 2595 3714 2877 3783; x_wconf 78' lang='lat' dir='ltr'><strong>facientem,</strong></span> <span class='ocrx_word' id='word_1_775' title='bbox 2909 3714 3037 3768; x_wconf 83' lang='lat' dir='ltr'><strong>nihil</strong></span> <span class='ocrx_word' id='word_1_776' title='bbox 3078 3731 3109 3768; x_wconf 90' lang='lat' dir='ltr'><strong>a</strong></span> <span class='ocrx_word' id='word_1_777' title='bbox 3151 3716 3316 3785; x_wconf 84' lang='lat' dir='ltr'><strong>seipso</strong></span> <span class='ocrx_word' id='word_1_778' title='bbox 3347 3719 3430 3786; x_wconf 82' lang='lat' dir='ltr'><strong>fa-</strong></span> 
     </span>
    </p>
   </div>
   <div class='ocr_carea' id='block_1_100' title="bbox 1853 3801 3430 3875">
    <p class='ocr_par' dir='ltr' id='par_1_100' title="bbox 1853 3801 3430 3875">
     <span class='ocr_line' id='line_1_100' title="bbox 1853 3801 3430 3875; baseline 0.006 -24"><span class='ocrx_word' id='word_1_779' title='bbox 1853 3815 1963 3852; x_wconf 83' lang='lat' dir='ltr'><strong>cere</strong></span> <span class='ocrx_word' id='word_1_780' title='bbox 1987 3801 2185 3869; x_wconf 81' lang='lat' dir='ltr'><strong>potest?</strong></span> <span class='ocrx_word' id='word_1_781' title='bbox 2208 3801 2290 3854; x_wconf 82' lang='lat' dir='ltr'><strong>Ab</strong></span> <span class='ocrx_word' id='word_1_782' title='bbox 2329 3802 2430 3856; x_wconf 87' lang='lat' dir='ltr'><strong>hoc</strong></span> <span class='ocrx_word' id='word_1_783' title='bbox 2454 3802 2595 3856; x_wconf 92' lang='lat' dir='ltr'><strong>enim</strong></span> <span class='ocrx_word' id='word_1_784' title='bbox 2635 3801 2799 3868; x_wconf 90' lang='lat' dir='ltr'><strong>dicto,</strong></span> <span class='ocrx_word' id='word_1_785' title='bbox 2825 3803 3059 3872; x_wconf 90' lang='lat' dir='ltr'><strong>inquam,</strong></span> <span class='ocrx_word' id='word_1_786' title='bbox 3084 3819 3191 3858; x_wconf 89' lang='lat' dir='ltr'><strong>non</strong></span> <span class='ocrx_word' id='word_1_787' title='bbox 3215 3805 3282 3859; x_wconf 86' lang='lat' dir='ltr'><strong>ab</strong></span> <span class='ocrx_word' id='word_1_788' title='bbox 3312 3805 3430 3875; x_wconf 85' lang='lat' dir='ltr'><strong>ejus</strong></span> 
     </span>
    </p>
   </div>
   <div class='ocr_carea' id='block_1_101' title="bbox 1854 3892 3428 3965">
    <p class='ocr_par' dir='ltr' id='par_1_101' title="bbox 1854 3892 3428 3965">
     <span class='ocr_line' id='line_1_101' title="bbox 1854 3892 3428 3965; baseline 0.004 -21"><span class='ocrx_word' id='word_1_789' title='bbox 1854 3892 2321 3959; x_wconf 87' lang='lat' dir='ltr'><strong>interpretatione;</strong></span> <span class='ocrx_word' id='word_1_790' title='bbox 2352 3893 2459 3946; x_wconf 91' lang='lat' dir='ltr'><strong>imo</strong></span> <span class='ocrx_word' id='word_1_791' title='bbox 2489 3893 2664 3961; x_wconf 91' lang='lat' dir='ltr'><strong>potius</strong></span> <span class='ocrx_word' id='word_1_792' title='bbox 2694 3908 2866 3963; x_wconf 89' lang='lat' dir='ltr'><strong>neque</strong></span> <span class='ocrx_word' id='word_1_793' title='bbox 2888 3909 2917 3948; x_wconf 89' lang='lat' dir='ltr'><strong>a</strong></span> <span class='ocrx_word' id='word_1_794' title='bbox 2943 3895 3106 3959; x_wconf 90' lang='lat' dir='ltr'><strong>dicto,</strong></span> <span class='ocrx_word' id='word_1_795' title='bbox 3130 3894 3225 3950; x_wconf 86' lang='lat' dir='ltr'><strong>sed</strong></span> <span class='ocrx_word' id='word_1_796' title='bbox 3252 3910 3280 3948; x_wconf 89' lang='lat' dir='ltr'><strong>a</strong></span> <span class='ocrx_word' id='word_1_797' title='bbox 3304 3911 3428 3965; x_wconf 85' lang='lat' dir='ltr'><strong>pra-</strong></span> 
     </span>
    </p>
   </div>
   <div class='ocr_carea' id='block_1_102' title="bbox 1852 3983 3428 4056">
    <p class='ocr_par' dir='ltr' id='par_1_102' title="bbox 1852 3983 3428 4056">
     <span class='ocr_line' id='line_1_102' title="bbox 1852 3983 3428 4056; baseline 0.004 -20"><span class='ocrx_word' id='word_1_798' title='bbox 1852 3999 1914 4036; x_wconf 82' lang='lat' dir='ltr'><strong>va</strong></span> <span class='ocrx_word' id='word_1_799' title='bbox 1959 3983 2330 4038; x_wconf 70' lang='lat' dir='ltr'><strong>btcreticorum</strong></span> <span class='ocrx_word' id='word_1_800' title='bbox 2373 3985 2830 4054; x_wconf 88' lang='lat' dir='ltr'><strong>interpretatione,</strong></span> <span class='ocrx_word' id='word_1_801' title='bbox 2877 3987 3072 4056; x_wconf 82' lang='lat' dir='ltr'><strong>duplex</strong></span> <span class='ocrx_word' id='word_1_802' title='bbox 3121 3991 3428 4044; x_wconf 88' lang='lat' dir='ltr'><strong>necessario</strong></span> 
     </span>
    </p>
   </div>
   <div class='ocr_carea' id='block_1_103' title="bbox 1850 4077 3428 4148">
    <p class='ocr_par' dir='ltr' id='par_1_103' title="bbox 1850 4077 3428 4148">
     <span class='ocr_line' id='line_1_103' title="bbox 1850 4077 3428 4148; baseline 0.002 -17"><span class='ocrx_word' id='word_1_803' title='bbox 1850 4077 2125 4131; x_wconf 86' lang='lat' dir='ltr'><strong>statuenda</strong></span> <span class='ocrx_word' id='word_1_804' title='bbox 2155 4077 2356 4132; x_wconf 87' lang='lat' dir='ltr'><strong>creatio</strong></span> <span class='ocrx_word' id='word_1_805' title='bbox 2384 4077 2509 4132; x_wconf 90' lang='lat' dir='ltr'><strong>erit.</strong></span> <span class='ocrx_word' id='word_1_806' title='bbox 2539 4077 2815 4144; x_wconf 90' lang='lat' dir='ltr'><strong>Quomodo</strong></span> <span class='ocrx_word' id='word_1_807' title='bbox 2845 4087 2899 4133; x_wconf 89' lang='lat' dir='ltr'><strong>et</strong></span> <span class='ocrx_word' id='word_1_808' title='bbox 2918 4093 3020 4148; x_wconf 85' lang='lat' dir='ltr'><strong>qua</strong></span> <span class='ocrx_word' id='word_1_809' title='bbox 3044 4079 3284 4134; x_wconf 82' lang='lat' dir='ltr'><strong>ratione?</strong></span> <span class='ocrx_word' id='word_1_810' title='bbox 3310 4080 3428 4134; x_wconf 80' lang='lat' dir='ltr'><strong>Nisi</strong></span> 
     </span>
    </p>
   </div>
   <div class='ocr_carea' id='block_1_104' title="bbox 1848 4167 3426 4240">
    <p class='ocr_par' dir='ltr' id='par_1_104' title="bbox 1848 4167 3426 4240">
     <span class='ocr_line' id='line_1_104' title="bbox 1848 4167 3426 4240; baseline 0.001 -18"><span class='ocrx_word' id='word_1_811' title='bbox 1848 4169 1970 4237; x_wconf 84' lang='lat' dir='ltr'><strong>quid</strong></span> <span class='ocrx_word' id='word_1_812' title='bbox 1989 4169 2188 4232; x_wconf 80' lang='lat' dir='ltr'><strong>viderit,</strong></span> <span class='ocrx_word' id='word_1_813' title='bbox 2217 4169 2406 4238; x_wconf 90' lang='lat' dir='ltr'><strong>inquit,</strong></span> <span class='ocrx_word' id='word_1_814' title='bbox 2435 4167 2640 4222; x_wconf 84' lang='lat' dir='ltr'><strong>Patrem</strong></span> <span class='ocrx_word' id='word_1_815' title='bbox 2666 4168 2950 4239; x_wconf 77' lang='lat' dir='ltr'><strong>facientem,</strong></span> <span class='ocrx_word' id='word_1_816' title='bbox 2977 4169 3106 4224; x_wconf 81' lang='lat' dir='ltr'><strong>nihil</strong></span> <span class='ocrx_word' id='word_1_817' title='bbox 3130 4174 3298 4240; x_wconf 80' lang='lat' dir='ltr'><strong>facere</strong></span> <span class='ocrx_word' id='word_1_818' title='bbox 3329 4188 3426 4240; x_wconf 84' lang='lat' dir='ltr'><strong>po-</strong></span> 
     </span>
    </p>
   </div>
   <div class='ocr_carea' id='block_1_105' title="bbox 1850 4258 3453 4329">
    <p class='ocr_par' dir='ltr' id='par_1_105' title="bbox 1850 4258 3453 4329">
     <span class='ocr_line' id='line_1_105' title="bbox 1850 4258 3453 4329; baseline 0.001 -17"><span class='ocrx_word' id='word_1_819' title='bbox 1850 4268 1961 4312; x_wconf 85' lang='lat' dir='ltr'><strong>test.</strong></span> <span class='ocrx_word' id='word_1_820' title='bbox 1989 4259 2130 4329; x_wconf 78' lang='lat' dir='ltr'><strong>Ergo</strong></span> <span class='ocrx_word' id='word_1_821' title='bbox 2155 4272 2376 4313; x_wconf 89' lang='lat' dir='ltr'><strong>necesse</strong></span> <span class='ocrx_word' id='word_1_822' title='bbox 2399 4271 2614 4328; x_wconf 90' lang='lat' dir='ltr'><strong>prorsus</strong></span> <span class='ocrx_word' id='word_1_823' title='bbox 2639 4259 2764 4324; x_wconf 90' lang='lat' dir='ltr'><strong>erit,</strong></span> <span class='ocrx_word' id='word_1_824' title='bbox 2783 4272 2906 4313; x_wconf 88' lang='lat' dir='ltr'><strong>esse</strong></span> <span class='ocrx_word' id='word_1_825' title='bbox 2928 4272 3089 4327; x_wconf 84' lang='lat' dir='ltr'><strong>opera</strong></span> <span class='ocrx_word' id='word_1_826' title='bbox 3112 4258 3283 4313; x_wconf 86' lang='lat' dir='ltr'><strong>Patris</strong></span> <span class='ocrx_word' id='word_1_827' title='bbox 3302 4274 3427 4328; x_wconf 81' lang='lat' dir='ltr'><strong>per-</strong></span> <span class='ocrx_word' id='word_1_828' title='bbox 3451 4289 3453 4291; x_wconf 61' lang='grc' dir='ltr'><strong><em>ι</em></strong></span> 
     </span>
    </p>
   </div>
   <div class='ocr_carea' id='block_1_106' title="bbox 1849 4347 3426 4418">
    <p class='ocr_par' dir='ltr' id='par_1_106' title="bbox 1849 4347 3426 4418">
     <span class='ocr_line' id='line_1_106' title="bbox 1849 4347 3426 4418; baseline 0.002 -16"><span class='ocrx_word' id='word_1_829' title='bbox 1849 4348 2016 4414; x_wconf 77' lang='lat' dir='ltr'><strong>lecta;</strong></span> <span class='ocrx_word' id='word_1_830' title='bbox 2039 4356 2230 4404; x_wconf 87' lang='lat' dir='ltr'><strong>etesse</strong></span> <span class='ocrx_word' id='word_1_831' title='bbox 2249 4349 2349 4402; x_wconf 86' lang='lat' dir='ltr'><strong>alia</strong></span> <span class='ocrx_word' id='word_1_832' title='bbox 2371 4347 2511 4414; x_wconf 82' lang='lat' dir='ltr'><strong>Filii,</strong></span> <span class='ocrx_word' id='word_1_833' title='bbox 2537 4363 2654 4418; x_wconf 73' lang='lat' dir='ltr'><strong>qua:</strong></span> <span class='ocrx_word' id='word_1_834' title='bbox 2677 4347 2788 4417; x_wconf 85' lang='lat' dir='ltr'><strong>ipse</strong></span> <span class='ocrx_word' id='word_1_835' title='bbox 2807 4349 2872 4403; x_wconf 86' lang='lat' dir='ltr'><strong>ad</strong></span> <span class='ocrx_word' id='word_1_836' title='bbox 2894 4357 3109 4417; x_wconf 83' lang='lat' dir='ltr'><strong>paterna</strong></span> <span class='ocrx_word' id='word_1_837' title='bbox 3132 4349 3426 4418; x_wconf 84' lang='lat' dir='ltr'><strong>respiciens</strong></span> 
     </span>
    </p>
   </div>
   <div class='ocr_carea' id='block_1_107' title="bbox 1850 4438 3419 4509">
    <p class='ocr_par' dir='ltr' id='par_1_107' title="bbox 1850 4438 3419 4509">
     <span class='ocr_line' id='line_1_107' title="bbox 1850 4438 3419 4509; baseline -0.001 -13"><span class='ocrx_word' id='word_1_838' title='bbox 1850 4440 2126 4496; x_wconf 88' lang='lat' dir='ltr'><strong>creaverit.</strong></span> <span class='ocrx_word' id='word_1_839' title='bbox 2157 4439 2268 4494; x_wconf 88' lang='lat' dir='ltr'><strong>Nisi</strong></span> <span class='ocrx_word' id='word_1_840' title='bbox 2311 4439 2602 4509; x_wconf 90' lang='lat' dir='ltr'><strong>quidpiam,</strong></span> <span class='ocrx_word' id='word_1_841' title='bbox 2649 4438 2838 4509; x_wconf 91' lang='lat' dir='ltr'><strong>inquit,</strong></span> <span class='ocrx_word' id='word_1_842' title='bbox 2878 4438 3158 4494; x_wconf 87' lang='lat' dir='ltr'><strong>facientem</strong></span> <span class='ocrx_word' id='word_1_843' title='bbox 3209 4440 3419 4505; x_wconf 89' lang='lat' dir='ltr'><strong>viderit,</strong></span> 
     </span>
    </p>
   </div>
   <div class='ocr_carea' id='block_1_108' title="bbox 1848 4529 3421 4600">
    <p class='ocr_par' dir='ltr' id='par_1_108' title="bbox 1848 4529 3421 4600">
     <span class='ocr_line' id='line_1_108' title="bbox 1848 4529 3421 4600; baseline -0.001 -14"><span class='ocrx_word' id='word_1_844' title='bbox 1848 4546 1955 4586; x_wconf 90' lang='lat' dir='ltr'><strong>non</strong></span> <span class='ocrx_word' id='word_1_845' title='bbox 1985 4529 2128 4586; x_wconf 86' lang='lat' dir='ltr'><strong>facit.</strong></span> <span class='ocrx_word' id='word_1_846' title='bbox 2151 4529 2221 4586; x_wconf 91' lang='lat' dir='ltr'><strong>Ut</strong></span> <span class='ocrx_word' id='word_1_847' title='bbox 2235 4545 2362 4600; x_wconf 79' lang='lat' dir='ltr'><strong>ergo</strong></span> <span class='ocrx_word' id='word_1_848' title='bbox 2382 4530 2577 4596; x_wconf 88' lang='lat' dir='ltr'><strong>videat,</strong></span> <span class='ocrx_word' id='word_1_849' title='bbox 2605 4544 2824 4584; x_wconf 89' lang='lat' dir='ltr'><strong>necesse</strong></span> <span class='ocrx_word' id='word_1_850' title='bbox 2837 4537 2921 4585; x_wconf 89' lang='lat' dir='ltr'><strong>est</strong></span> <span class='ocrx_word' id='word_1_851' title='bbox 2944 4544 3104 4600; x_wconf 88' lang='lat' dir='ltr'><strong>opera</strong></span> <span class='ocrx_word' id='word_1_852' title='bbox 3122 4544 3263 4585; x_wconf 87' lang='lat' dir='ltr'><strong>esse.</strong></span> <span class='ocrx_word' id='word_1_853' title='bbox 3286 4529 3421 4596; x_wconf 85' lang='lat' dir='ltr'><strong>Quid</strong></span> 
     </span>
    </p>
   </div>
   <div class='ocr_carea' id='block_1_109' title="bbox 1847 4621 3421 4694">
    <p class='ocr_par' dir='ltr' id='par_1_109' title="bbox 1847 4621 3421 4694">
     <span class='ocr_line' id='line_1_109' title="bbox 1847 4621 3421 4694; baseline -0.001 -15"><span class='ocrx_word' id='word_1_854' title='bbox 1847 4624 2012 4694; x_wconf 76' lang='lat' dir='ltr'><strong>ergo?</strong></span> <span class='ocrx_word' id='word_1_855' title='bbox 2035 4637 2215 4694; x_wconf 68' lang='lat' dir='ltr'><strong>quaeso</strong></span> <span class='ocrx_word' id='word_1_856' title='bbox 2232 4632 2315 4679; x_wconf 89' lang='lat' dir='ltr'><strong>te:</strong></span> <span class='ocrx_word' id='word_1_857' title='bbox 2341 4638 2501 4678; x_wconf 92' lang='lat' dir='ltr'><strong>unum</strong></span> <span class='ocrx_word' id='word_1_858' title='bbox 2524 4621 2762 4677; x_wconf 88' lang='lat' dir='ltr'><strong>videmus</strong></span> <span class='ocrx_word' id='word_1_859' title='bbox 2783 4623 2973 4688; x_wconf 86' lang='lat' dir='ltr'><strong>solem,</strong></span> <span class='ocrx_word' id='word_1_860' title='bbox 2998 4638 3124 4677; x_wconf 90' lang='lat' dir='ltr'><strong>num</strong></span> <span class='ocrx_word' id='word_1_861' title='bbox 3139 4622 3275 4676; x_wconf 89' lang='lat' dir='ltr'><strong>duos</strong></span> <span class='ocrx_word' id='word_1_862' title='bbox 3290 4623 3421 4677; x_wconf 90' lang='lat' dir='ltr'><strong>mihi</strong></span> 
     </span>
    </p>
   </div>
   <div class='ocr_carea' id='block_1_110' title="bbox 1846 4713 3417 4784">
    <p class='ocr_par' dir='ltr' id='par_1_110' title="bbox 1846 4713 3417 4784">
     <span class='ocr_line' id='line_1_110' title="bbox 1846 4713 3417 4784; baseline -0.002 -15"><span class='ocrx_word' id='word_1_863' title='bbox 1846 4723 2142 4770; x_wconf 87' lang='lat' dir='ltr'><strong>monstrare</strong></span> <span class='ocrx_word' id='word_1_864' title='bbox 2182 4723 2355 4784; x_wconf 90' lang='lat' dir='ltr'><strong>potes,</strong></span> <span class='ocrx_word' id='word_1_865' title='bbox 2397 4722 2452 4768; x_wconf 92' lang='lat' dir='ltr'><strong>ut</strong></span> <span class='ocrx_word' id='word_1_866' title='bbox 2489 4729 2650 4767; x_wconf 90' lang='lat' dir='ltr'><strong>unum</strong></span> <span class='ocrx_word' id='word_1_867' title='bbox 2678 4728 2707 4767; x_wconf 93' lang='lat' dir='ltr'><strong>a</strong></span> <span class='ocrx_word' id='word_1_868' title='bbox 2743 4713 2898 4768; x_wconf 88' lang='lat' dir='ltr'><strong>Patre</strong></span> <span class='ocrx_word' id='word_1_869' title='bbox 2943 4713 3156 4778; x_wconf 90' lang='lat' dir='ltr'><strong>factum,</strong></span> <span class='ocrx_word' id='word_1_870' title='bbox 3185 4713 3346 4766; x_wconf 87' lang='lat' dir='ltr'><strong>alium</strong></span> <span class='ocrx_word' id='word_1_871' title='bbox 3389 4729 3417 4766; x_wconf 90' lang='lat' dir='ltr'><strong>a</strong></span> 
     </span>
    </p>
   </div>
   <div class='ocr_carea' id='block_1_111' title="bbox 1845 4801 3418 4874">
    <p class='ocr_par' dir='ltr' id='par_1_111' title="bbox 1845 4801 3418 4874">
     <span class='ocr_line' id='line_1_111' title="bbox 1845 4801 3418 4874; baseline -0.001 -15"><span class='ocrx_word' id='word_1_872' title='bbox 1845 4804 1981 4859; x_wconf 88' lang='lat' dir='ltr'><strong>Filio</strong></span> <span class='ocrx_word' id='word_1_873' title='bbox 2017 4803 2290 4874; x_wconf 83' lang='lat' dir='ltr'><strong>suspicer?</strong></span> <span class='ocrx_word' id='word_1_874' title='bbox 2318 4819 2442 4858; x_wconf 91' lang='lat' dir='ltr'><strong>num</strong></span> <span class='ocrx_word' id='word_1_875' title='bbox 2470 4805 2603 4857; x_wconf 89' lang='lat' dir='ltr'><strong>duas</strong></span> <span class='ocrx_word' id='word_1_876' title='bbox 2644 4803 2818 4868; x_wconf 86' lang='lat' dir='ltr'><strong>lunas,</strong></span> <span class='ocrx_word' id='word_1_877' title='bbox 2857 4801 2942 4856; x_wconf 87' lang='lat' dir='ltr'><strong>vel</strong></span> <span class='ocrx_word' id='word_1_878' title='bbox 2983 4809 3175 4867; x_wconf 83' lang='lat' dir='ltr'><strong>terras,</strong></span> <span class='ocrx_word' id='word_1_879' title='bbox 3201 4801 3287 4857; x_wconf 89' lang='lat' dir='ltr'><strong>vel</strong></span> <span class='ocrx_word' id='word_1_880' title='bbox 3312 4801 3418 4857; x_wconf 90' lang='lat' dir='ltr'><strong>duo</strong></span> 
     </span>
    </p>
   </div>
   <div class='ocr_carea' id='block_1_112' title="bbox 1845 4893 3419 4953">
    <p class='ocr_par' dir='ltr' id='par_1_112' title="bbox 1845 4893 3419 4953">
     <span class='ocr_line' id='line_1_112' title="bbox 1845 4893 3419 4953; baseline -0.002 -2"><span class='ocrx_word' id='word_1_881' title='bbox 1845 4896 2048 4952; x_wconf 85' lang='lat' dir='ltr'><strong>maria?</strong></span> <span class='ocrx_word' id='word_1_882' title='bbox 2074 4907 2128 4953; x_wconf 91' lang='lat' dir='ltr'><strong>et</strong></span> <span class='ocrx_word' id='word_1_883' title='bbox 2157 4897 2235 4952; x_wconf 90' lang='lat' dir='ltr'><strong>sic</strong></span> <span class='ocrx_word' id='word_1_884' title='bbox 2261 4897 2328 4952; x_wconf 89' lang='lat' dir='ltr'><strong>de</strong></span> <span class='ocrx_word' id='word_1_885' title='bbox 2355 4897 2564 4951; x_wconf 66' lang='lat' dir='ltr'><strong>caeteris</strong></span> <span class='ocrx_word' id='word_1_886' title='bbox 2601 4893 2887 4950; x_wconf 89' lang='lat' dir='ltr'><strong>omnibus?</strong></span> <span class='ocrx_word' id='word_1_887' title='bbox 2917 4893 3107 4948; x_wconf 85' lang='lat' dir='ltr'><strong>Verum</strong></span> <span class='ocrx_word' id='word_1_888' title='bbox 3136 4893 3238 4948; x_wconf 89' lang='lat' dir='ltr'><strong>hoc</strong></span> <span class='ocrx_word' id='word_1_889' title='bbox 3265 4909 3419 4948; x_wconf 87' lang='lat' dir='ltr'><strong>num-</strong></span> 
     </span>
    </p>
   </div>
   <div class='ocr_carea' id='block_1_113' title="bbox 1843 4985 3418 5060">
    <p class='ocr_par' dir='ltr' id='par_1_113' title="bbox 1843 4985 3418 5060">
     <span class='ocr_line' id='line_1_113' title="bbox 1843 4985 3418 5060; baseline -0.002 -16"><span class='ocrx_word' id='word_1_890' title='bbox 1843 5005 1998 5060; x_wconf 88' lang='lat' dir='ltr'><strong>quam</strong></span> <span class='ocrx_word' id='word_1_891' title='bbox 2044 4988 2277 5044; x_wconf 89' lang='lat' dir='ltr'><strong>dixeris:</strong></span> <span class='ocrx_word' id='word_1_892' title='bbox 2299 5001 2436 5042; x_wconf 90' lang='lat' dir='ltr'><strong>unus</strong></span> <span class='ocrx_word' id='word_1_893' title='bbox 2473 4987 2669 5056; x_wconf 92' lang='lat' dir='ltr'><strong>quippe</strong></span> <span class='ocrx_word' id='word_1_894' title='bbox 2698 4985 2778 5040; x_wconf 91' lang='lat' dir='ltr'><strong>sol</strong></span> <span class='ocrx_word' id='word_1_895' title='bbox 2821 4993 2924 5040; x_wconf 87' lang='lat' dir='ltr'><strong>est.</strong></span> <span class='ocrx_word' id='word_1_896' title='bbox 2954 4985 3230 5051; x_wconf 82' lang='lat' dir='ltr'><strong>Quomodo</strong></span> <span class='ocrx_word' id='word_1_897' title='bbox 3260 4985 3418 5055; x_wconf 81' lang='lat' dir='ltr'><strong>igitur</strong></span> 
     </span>
    </p>
   </div>
   <div class='ocr_carea' id='block_1_114' title="bbox 1843 5074 3418 5146">
    <p class='ocr_par' dir='ltr' id='par_1_114' title="bbox 1843 5074 3418 5146">
     <span class='ocr_line' id='line_1_114' title="bbox 1843 5074 3418 5146; baseline -0.001 -12"><span class='ocrx_word' id='word_1_898' title='bbox 1843 5080 1971 5134; x_wconf 87' lang='lat' dir='ltr'><strong>nihil</strong></span> <span class='ocrx_word' id='word_1_899' title='bbox 2001 5079 2142 5143; x_wconf 88' lang='lat' dir='ltr'><strong>facit,</strong></span> <span class='ocrx_word' id='word_1_900' title='bbox 2171 5079 2268 5133; x_wconf 85' lang='lat' dir='ltr'><strong>nisi</strong></span> <span class='ocrx_word' id='word_1_901' title='bbox 2291 5077 2481 5132; x_wconf 90' lang='lat' dir='ltr'><strong>viderit</strong></span> <span class='ocrx_word' id='word_1_902' title='bbox 2499 5077 2709 5130; x_wconf 84' lang='lat' dir='ltr'><strong>Patrem</strong></span> <span class='ocrx_word' id='word_1_903' title='bbox 2737 5074 3050 5131; x_wconf 82' lang='lat' dir='ltr'><strong>facientem?</strong></span> <span class='ocrx_word' id='word_1_904' title='bbox 3069 5075 3246 5131; x_wconf 89' lang='lat' dir='ltr'><strong>Solem</strong></span> <span class='ocrx_word' id='word_1_905' title='bbox 3267 5076 3418 5146; x_wconf 86' lang='lat' dir='ltr'><strong>cujus</strong></span> 
     </span>
    </p>
   </div>
   <div class='ocr_carea' id='block_1_115' title="bbox 1844 5165 3414 5240">
    <p class='ocr_par' dir='ltr' id='par_1_115' title="bbox 1844 5165 3414 5240">
     <span class='ocr_line' id='line_1_115' title="bbox 1844 5165 3414 5240; baseline -0.001 -16"><span class='ocrx_word' id='word_1_906' title='bbox 1844 5185 1977 5240; x_wconf 90' lang='lat' dir='ltr'><strong>opus</strong></span> <span class='ocrx_word' id='word_1_907' title='bbox 2001 5184 2120 5226; x_wconf 90' lang='lat' dir='ltr'><strong>esse</strong></span> <span class='ocrx_word' id='word_1_908' title='bbox 2146 5169 2259 5223; x_wconf 92' lang='lat' dir='ltr'><strong>vis?</strong></span> <span class='ocrx_word' id='word_1_909' title='bbox 2284 5183 2352 5223; x_wconf 89' lang='lat' dir='ltr'><strong>an</strong></span> <span class='ocrx_word' id='word_1_910' title='bbox 2382 5167 2587 5221; x_wconf 81' lang='lat' dir='ltr'><strong>Patris?</strong></span> <span class='ocrx_word' id='word_1_911' title='bbox 2616 5165 2717 5221; x_wconf 89' lang='lat' dir='ltr'><strong>Ubi</strong></span> <span class='ocrx_word' id='word_1_912' title='bbox 2745 5181 2875 5236; x_wconf 79' lang='lat' dir='ltr'><strong>ergo</strong></span> <span class='ocrx_word' id='word_1_913' title='bbox 2909 5167 3028 5222; x_wconf 89' lang='lat' dir='ltr'><strong>Filii</strong></span> <span class='ocrx_word' id='word_1_914' title='bbox 3053 5167 3169 5221; x_wconf 85' lang='lat' dir='ltr'><strong>sol?</strong></span> <span class='ocrx_word' id='word_1_915' title='bbox 3211 5168 3293 5222; x_wconf 83' lang='lat' dir='ltr'><strong>An</strong></span> <span class='ocrx_word' id='word_1_916' title='bbox 3325 5168 3414 5222; x_wconf 83' lang='lat' dir='ltr'><strong>Fi-</strong></span> 
     </span>
    </p>
   </div>
   <div class='ocr_carea' id='block_1_116' title="bbox 1844 5255 3416 5328">
    <p class='ocr_par' dir='ltr' id='par_1_116' title="bbox 1844 5255 3416 5328">
     <span class='ocr_line' id='line_1_116' title="bbox 1844 5255 3416 5328; baseline -0.003 -15"><span class='ocrx_word' id='word_1_917' title='bbox 1844 5260 1933 5314; x_wconf 86' lang='lat' dir='ltr'><strong>lii?</strong></span> <span class='ocrx_word' id='word_1_918' title='bbox 1960 5259 2058 5315; x_wconf 92' lang='lat' dir='ltr'><strong>Ubi</strong></span> <span class='ocrx_word' id='word_1_919' title='bbox 2088 5273 2215 5328; x_wconf 89' lang='lat' dir='ltr'><strong>ergo</strong></span> <span class='ocrx_word' id='word_1_920' title='bbox 2239 5257 2317 5312; x_wconf 88' lang='lat' dir='ltr'><strong>sol</strong></span> <span class='ocrx_word' id='word_1_921' title='bbox 2343 5256 2535 5322; x_wconf 87' lang='lat' dir='ltr'><strong>Patris,</strong></span> <span class='ocrx_word' id='word_1_922' title='bbox 2557 5271 2713 5325; x_wconf 90' lang='lat' dir='ltr'><strong>quem</strong></span> <span class='ocrx_word' id='word_1_923' title='bbox 2743 5256 2927 5312; x_wconf 89' lang='lat' dir='ltr'><strong>videns</strong></span> <span class='ocrx_word' id='word_1_924' title='bbox 2947 5255 3134 5321; x_wconf 87' lang='lat' dir='ltr'><strong>Filius,</strong></span> <span class='ocrx_word' id='word_1_925' title='bbox 3165 5256 3328 5312; x_wconf 90' lang='lat' dir='ltr'><strong>alium</strong></span> <span class='ocrx_word' id='word_1_926' title='bbox 3345 5260 3416 5312; x_wconf 89' lang='lat' dir='ltr'><strong>si-</strong></span> 
     </span>
    </p>
   </div>
   <div class='ocr_carea' id='block_1_117' title="bbox 1843 5346 3412 5418">
    <p class='ocr_par' dir='ltr' id='par_1_117' title="bbox 1843 5346 3412 5418">
     <span class='ocr_line' id='line_1_117' title="bbox 1843 5346 3412 5418; baseline -0.003 -14"><span class='ocrx_word' id='word_1_927' title='bbox 1843 5351 2020 5405; x_wconf 90' lang='lat' dir='ltr'><strong>milem</strong></span> <span class='ocrx_word' id='word_1_928' title='bbox 2048 5348 2264 5404; x_wconf 85' lang='lat' dir='ltr'><strong>fecerit?</strong></span> <span class='ocrx_word' id='word_1_929' title='bbox 2284 5346 2559 5415; x_wconf 90' lang='lat' dir='ltr'><strong>Quomodo</strong></span> <span class='ocrx_word' id='word_1_930' title='bbox 2581 5347 2742 5401; x_wconf 89' lang='lat' dir='ltr'><strong>stabit</strong></span> <span class='ocrx_word' id='word_1_931' title='bbox 2761 5347 2910 5408; x_wconf 89' lang='lat' dir='ltr'><strong>illud,</strong></span> <span class='ocrx_word' id='word_1_932' title='bbox 2937 5346 3121 5402; x_wconf 84' lang='lat' dir='ltr'><strong>Omnia</strong></span> <span class='ocrx_word' id='word_1_933' title='bbox 3145 5364 3234 5417; x_wconf 81' lang='lat' dir='ltr'><strong>per</strong></span> <span class='ocrx_word' id='word_1_934' title='bbox 3249 5349 3412 5418; x_wconf 79' lang='lat' dir='ltr'><strong>ipsum</strong></span> 
     </span>
    </p>
   </div>
   <div class='ocr_carea' id='block_1_118' title="bbox 1844 5436 3411 5515">
    <p class='ocr_par' dir='ltr' id='par_1_118' title="bbox 1844 5436 3411 5515">
     <span class='ocr_line' id='line_1_118' title="bbox 1844 5436 3411 5515; baseline -0.005 -20"><span class='ocrx_word' id='word_1_935' title='bbox 1844 5446 1978 5515; x_wconf 77' lang='lat' dir='ltr'><strong>facta</strong></span> <span class='ocrx_word' id='word_1_936' title='bbox 2006 5449 2142 5506; x_wconf 83' lang='lat' dir='ltr'><strong>sunt,</strong></span> <span class='ocrx_word' id='word_1_937' title='bbox 2169 5451 2217 5496; x_wconf 78' lang='lat' dir='ltr'><strong>et</strong></span> <span class='ocrx_word' id='word_1_938' title='bbox 2235 5440 2341 5494; x_wconf 82' lang='lat' dir='ltr'><strong>sine</strong></span> <span class='ocrx_word' id='word_1_939' title='bbox 2357 5438 2469 5507; x_wconf 85' lang='lat' dir='ltr'><strong>ipso</strong></span> <span class='ocrx_word' id='word_1_940' title='bbox 2497 5442 2686 5510; x_wconf 79' lang='lat' dir='ltr'><strong>factum</strong></span> <span class='ocrx_word' id='word_1_941' title='bbox 2711 5448 2782 5494; x_wconf 83' lang='lat' dir='ltr'><strong>est</strong></span> <span class='ocrx_word' id='word_1_942' title='bbox 2807 5439 2936 5492; x_wconf 80' lang='lat' dir='ltr'><strong>nihil</strong></span> <span class='ocrx_word' id='word_1_943' title='bbox 2964 5437 3139 5508; x_wconf 81' lang='lat' dir='ltr'><strong>(Joan.</strong></span> <span class='ocrx_word' id='word_1_944' title='bbox 3166 5438 3216 5492; x_wconf 79' lang='grc' dir='ltr'><strong>Ι.</strong></span> <span class='ocrx_word' id='word_1_945' title='bbox 3245 5437 3336 5504; x_wconf 79' lang='lat'><strong>3)?</strong></span> <span class='ocrx_word' id='word_1_946' title='bbox 3355 5436 3411 5488; x_wconf 87' lang='lat' dir='ltr'><strong>Si</strong></span> 
     </span>
    </p>
   </div>
   <div class='ocr_carea' id='block_1_119' title="bbox 1844 5525 3412 5598">
    <p class='ocr_par' dir='ltr' id='par_1_119' title="bbox 1844 5525 3412 5598">
     <span class='ocr_line' id='line_1_119' title="bbox 1844 5525 3412 5598; baseline -0.006 -13"><span class='ocrx_word' id='word_1_947' title='bbox 1844 5531 1984 5586; x_wconf 90' lang='lat' dir='ltr'><strong>enim</strong></span> <span class='ocrx_word' id='word_1_948' title='bbox 2011 5532 2186 5585; x_wconf 88' lang='lat' dir='ltr'><strong>omnia</strong></span> <span class='ocrx_word' id='word_1_949' title='bbox 2216 5544 2308 5596; x_wconf 89' lang='lat' dir='ltr'><strong>per</strong></span> <span class='ocrx_word' id='word_1_950' title='bbox 2356 5529 2549 5598; x_wconf 91' lang='lat' dir='ltr'><strong>ipsum,</strong></span> <span class='ocrx_word' id='word_1_951' title='bbox 2579 5527 2716 5594; x_wconf 91' lang='lat' dir='ltr'><strong>quod</strong></span> <span class='ocrx_word' id='word_1_952' title='bbox 2745 5538 2954 5598; x_wconf 85' lang='lat' dir='ltr'><strong>tempus</strong></span> <span class='ocrx_word' id='word_1_953' title='bbox 2979 5525 3208 5582; x_wconf 86' lang='lat' dir='ltr'><strong>adscribi</strong></span> <span class='ocrx_word' id='word_1_954' title='bbox 3239 5533 3412 5594; x_wconf 83' lang='lat' dir='ltr'><strong>potest</strong></span> 
     </span>
    </p>
   </div>
   <div class='ocr_carea' id='block_1_120' title="bbox 1844 5612 3411 5685">
    <p class='ocr_par' dir='ltr' id='par_1_120' title="bbox 1844 5612 3411 5685">
     <span class='ocr_line' id='line_1_120' title="bbox 1844 5612 3411 5685; baseline -0.006 -8"><span class='ocrx_word' id='word_1_955' title='bbox 1844 5621 1967 5678; x_wconf 89' lang='lat' dir='ltr'><strong>huic</strong></span> <span class='ocrx_word' id='word_1_956' title='bbox 2022 5619 2317 5676; x_wconf 81' lang='lat' dir='ltr'><strong>divisioni?</strong></span> <span class='ocrx_word' id='word_1_957' title='bbox 2367 5617 2550 5674; x_wconf 75' lang='lat' dir='ltr'><strong>Viden‘</strong></span> <span class='ocrx_word' id='word_1_958' title='bbox 2594 5618 2917 5675; x_wconf 89' lang='lat' dir='ltr'><strong>ratiocinia?</strong></span> <span class='ocrx_word' id='word_1_959' title='bbox 2975 5612 3243 5685; x_wconf 89' lang='lat' dir='ltr'><strong>quomodo</strong></span> <span class='ocrx_word' id='word_1_960' title='bbox 3315 5624 3411 5667; x_wconf 81' lang='lat' dir='ltr'><strong>vos</strong></span> 
     </span>
    </p>
   </div>
  </div>
