3952 6200
544 276 645 331 T51

553 396 698 465 ipsos
732 383 1047 459 implicatis,
1090 392 1152 434 ac
1194 373 1528 431 mendacium
1574 370 1808 439 seipsum
1853 361 2123 433 coarguit?

624 481 777 538 Aliud
805 457 1151 549 argumentum
1188 478 1363 524 contra
1409 465 1694 519 Anomteos.
1745 458 1857 524 Quo
1898 457 1951 511 in
1995 462 2131 509 statu

554 578 684 633 orbis
705 572 856 645 fuerit
883 578 999 623 ante
1028 563 1213 620 Christi
1243 556 1657 615 incarnationem.
1685 582 1757 593 ——
1778 549 1919 605 Ecce
1948 561 2131 601 eorum

553 639 716 723 allata
754 657 1209 731 interpretatione,
1253 648 1520 722 quomodo
1548 639 2132 709 demonstr:tvi,ipsam

555 776 583 811 a
613 756 791 826 seipsa
817 750 1023 822 impeti.
1050 746 1154 804 Sed
1181 754 1235 801 et
1261 741 1388 798 illud
1410 740 1582 796 libens
1609 735 1781 792 adhuc
1805 745 2131 805 quatrerem:

555 851 684 920 Quis
732 861 945 903 carnem
995 849 1230 897 nostram
1278 832 1585 902 assumpsit,
1633 838 1687 886 et
1735 830 1786 884 in
1826 823 2135 896 virginalem

556 945 763 997 vulvam
789 934 1322 994 descendit?Paterne
1334 945 1401 983 an
1423 925 1624 982 Filius?
1640 922 1726 978 dic
1754 919 1903 975 mihi.
1926 914 2136 979 Nonne,

558 1045 616 1090 nt
644 1033 889 1088 omnibus
911 1030 1081 1098 palam
1108 1034 1209 1090 est,
1250 1022 1554 1092 unigenitus
1580 1017 1673 1071 Dei
1698 1012 1900 1069 Filius?
1928 1007 2138 1064 Etenim

559 1128 754 1181 Paulus
779 1124 856 1178 sic
880 1097 997 1175 ait:
1031 1138 1051 1171 ι
1089 1118 1203 1172 line
1234 1117 1426 1169 sentite
1474 1110 1525 1163 in
1570 1107 1750 1169 vobis,
1794 1098 1936 1173 quod
1983 1105 2038 1153 et
2088 1097 2140 1151 in

560 1219 774 1272 Clu-isto
818 1213 968 1277 Jesu,
999 1211 1088 1282 qui
1116 1224 1239 1263 cum
1275 1206 1326 1260 in
1356 1204 1520 1258 forma
1552 1199 1642 1254 Dei
1674 1204 1834 1256 esset,
1869 1206 1974 1248 non
2003 1187 2143 1259 rapi-

565 1326 687 1365 nam
712 1308 998 1363 arbitratus
1017 1311 1097 1356 est
1121 1314 1239 1355 esse
1263 1313 1321 1352 se
1353 1293 1608 1365 :rqnalem
1643 1290 1783 1353 Deo;
1829 1284 1921 1340 sed
1943 1290 2141 1336 semct-

566 1404 736 1471 ipsum
764 1395 1052 1453 exinanivit
1077 1394 1297 1446 fortnam
1327 1392 1464 1442 servi
1490 1383 1753 1452 accipiens
1783 1398 1801 1430 ι
1836 1375 2063 1447 (Plu'tip.
2085 1371 2140 1426 2.

566 1464 684 1546 5L7
703 1492 744 1562 ).
777 1490 863 1555 Et,
901 1507 919 1540 ι
951 1486 1083 1541 Misit
1108 1485 1249 1539 Deus
1271 1480 1457 1535 Filium
1489 1491 1640 1530 suum
1671 1470 2018 1542 unigenitum,
2069 1464 2148 1519 fa-

568 1553 714 1639 ctum
760 1553 1108 1639 ert-muliere,
1156 1575 1347 1628 factum
1394 1569 1493 1624 sub
1545 1567 1660 1636 lege
1694 1582 1712 1615 ι
1767 1560 1921 1634 (ϐαι.
1969 1553 2141 1622 4.4).

570 1675 857 1744 Omnisque
880 1670 1170 1740 Scriptura,
1202 1675 1310 1719 tum
1337 1670 1489 1715 vetus
1518 1670 1626 1713 tum
1655 1666 1811 1718 nova,
1844 1647 2147 1720 hujusmodi

573 1741 893 1823 tcsumoniis
914 1761 1067 1832 plena
1103 1767 1206 1821 est,
1235 1757 1454 1827 ipsaque
1484 1766 1643 1820 Opera
1672 1748 1923 1807 clamant,
1955 1741 2149 1811 Unigc-

573 1860 744 1914 nilum
784 1857 1114 1912 incarnatum
1156 1864 1296 1912 esse,
1353 1860 1456 1900 non
1486 1844 1713 1896 l‘atrent.
1770 1835 1957 1893 Utrum
1994 1832 2152 1902 igitur

573 1951 761 2014 Filius,
792 1952 908 2003 viso
934 1945 1086 2001 Patre
1106 1945 1376 1998 incarnato
1396 1938 1699 1991 incarnatus
1724 1941 1776 1986 et
1804 1931 1917 2000 ipse
1936 1938 2015 1982 est
2033 1931 2055 1979 ἰν
2073 1924 2145 1994 (α)

578 2042 598 2116 [
628 2043 807 2111 Neque
832 2040 973 2096 enim
1005 2038 1307 2092 incarnatus
1334 2028 1560 2102 fuisset],
1603 2025 1702 2081 nisi
1732 2023 1948 2078 vidisset
1981 2021 2151 2091 ipsum

577 2137 902 2188 incarnatum
936 2147 949 2183 :
976 2127 1234 2199 siquidem
1258 2122 1373 2178 Non
1405 2130 1562 2192 potest
1579 2136 1610 2171 (ι
1630 2118 1793 2187 seipso
1820 2115 1985 2184 facere
2009 2109 2157 2178 quid-

575 2240 748 2293 quam,
780 2221 878 2277 nisi
901 2219 1077 2274 viderit
1118 2216 1323 2270 Patrem
1352 2213 1636 2285 facientem.
1682 2204 2028 2275 Quandonam
2057 2201 2156 2254 hoc

581 2317 790 2371 Patrem
831 2312 1109 2367 facientem
1156 2306 1364 2371 viderit,
1421 2304 1602 2359 dicere
1654 2315 1760 2354 non
1808 2296 1998 2368 possis.
2047 2292 2156 2347 Nec

579 2421 707 2462 vero
752 2415 905 2476 putes
947 2414 1165 2474 parvum
1220 2397 1269 2452 id
1327 2411 1463 2461 esse,
1504 2392 1644 2464 quod
1675 2390 1869 2445 factum
1899 2395 1997 2443 est.
2026 2384 2154 2440 Nam

577 2509 735 2571 caput
757 2498 941 2555 salutis
967 2504 1160 2551 nostra:
1196 2490 1485 2547 incarnatio
1517 2484 1780 2557 Unigcniti
1810 2492 1911 2548 est,
1943 2488 1997 2536 et
2044 2478 2158 2548 ejus

577 2594 644 2648 ad
675 2607 773 2647 nos
796 2604 960 2660 usque
987 2586 1256 2643 demissio.
1304 2587 1596 2651 Antequam
1627 2578 1768 2634 enim
1794 2575 1954 2630 homo
1986 2574 2156 2636 ﬁeret,

582 2686 780 2741 malitia
803 2679 1136 2755 tyrannidem
1158 2674 1460 2742 exercebat,
1498 2682 1552 2728 et
1598 2668 2006 2743 profundissinta
2054 2679 2156 2719 nox

582 2776 758 2830 omnia
783 2772 1093 2843 occupabat.
1119 2780 1276 2840 atque
1307 2767 1501 2837 ubique
1543 2778 1650 2820 arte
1674 2771 1728 2818 et
1768 2759 1962 2830 templa
1995 2757 2163 2812 idolo-

584 2884 725 2935 rum,
753 2865 927 2929 uidor,
961 2863 1136 2918 i‘uums
1162 2871 1217 2916 et
1264 2868 1527 2914 torrentes
1548 2852 1839 2925 sanguinis,
1873 2866 1975 2906 non
2006 2849 2163 2904 modo

585 2959 760 3014 mium
784 2956 1070 3025 boumque,
1101 2951 1195 3008 sed
1231 2951 1387 3005 etiam
1411 2947 1706 3003 hominum.
1730 2944 1861 3000 Nam
1885 2942 2164 3010 Sacriﬁca-

586 3059 762 3107 ucrunt
792 3048 924 3118 ﬁlios
944 3062 1062 3101 suos
1104 3052 1153 3099 et
1197 3042 1332 3111 ﬁlias
1373 3055 1491 3095 snas
1519 3036 1778 3092 dwmoniis
1821 3034 1839 3104 (
1866 3033 2006 3088 Psal.
2040 3032 2163 3088 105.

586 3144 697 3216 57)
730 3158 743 3196 :
775 3151 826 3197 et
853 3139 967 3194 huic
992 3137 1231 3208 populus,
1274 3134 1362 3205 qni
1407 3132 1692 3203 prophetas
1731 3128 1960 3184 habebat
2008 3135 2167 3195 atque

588 3235 780 3305 legem,
811 3231 901 3303 qui
932 3230 1022 3285 Dei
1055 3228 1167 3282 visu
1208 3226 1500 3289 fruebatur,
1545 3223 1634 3294 qui
1689 3222 1740 3275 in
1781 3228 1860 3275 tot
1900 3216 2167 3273 miraculis

590 3327 874 3385 innutritus
920 3331 1053 3379 erat.
1108 3320 1259 3388 Quod
1300 3319 1343 3373 si
1387 3316 1440 3372 hi
1468 3316 1597 3371 tales
1623 3322 1795 3379 erant,
1836 3312 2006 3382 cogita
2038 3323 2171 3380 quo-

591 3421 750 3478 modo
777 3418 997 3488 reliqua:
1039 3415 1185 3471 orbis
1213 3422 1388 3483 partes
1413 3409 1617 3465 aliecta:
1642 3406 1860 3471 iuerint,
1909 3419 1937 3457 a
1966 3403 2168 3457 daemo-

593 3513 750 3567 nibus
773 3509 1069 3579 exagitatzr,
1119 3504 1219 3560 sub
1250 3501 1496 3572 nequitia?
1527 3497 1857 3571 tyrannidem
1910 3492 2170 3562 redactae,

594 3605 755 3663 animi
784 3601 985 3656 morbis
1003 3598 1249 3654 omnibus
1269 3596 1539 3666 SUbjCCltl’,
1565 3594 1703 3663 ligna
1733 3590 1988 3655 colentes,
2037 3587 2171 3657 lapi-

595 3697 690 3750 des
717 3694 1021 3755 adorantes,
1047 3698 1273 3755 montes,
1299 3688 1484 3754 colles,
1516 3685 1702 3751 saltus,
1733 3684 1971 3746 arbores,
2005 3682 2171 3748 lacus,

599 3790 788 3852 t‘ontes,
819 3786 1028 3842 ﬂuvios.
1077 3782 1274 3854 Ecquid
1303 3790 1493 3837 caetera
1521 3776 2044 3836 coinmemoremus?
2092 3775 2173 3830 Ex

601 3880 908 3935 Judaeorum
935 3877 1074 3932 enim
1101 3874 1253 3931 malis
1278 3882 1471 3943 quanta
1488 3880 1669 3927 essent
1698 3861 1922 3925 aliorum
1945 3866 2175 3924 facinora

600 3973 783 4027 videre
810 3981 911 4027 est.
951 3989 969 4022 ι
1009 3969 1137 4039 Equi
1183 3968 1419 4023 furentes
1464 3966 1515 4019 in
1560 3963 1783 4020 feminas
1807 3968 1978 4027 erant,
2012 3974 2177 4016 unus-

598 4064 821 4135 quisque
836 4062 901 4116 ad
924 4076 1144 4117 uxorem
1168 4058 1391 4131 proximi
1412 4056 1494 4112 sui
1520 4055 1786 4111 hinniebat
1808 4072 1827 4106 ι
1846 4051 1987 4126 (Jer.
2009 4052 2062 4108 5.
2083 4051 2177 4123 8).

609 4176 629 4210 ι
650 4155 914 4227 Cognovit
937 4154 1032 4209 bos
1064 4165 1426 4223 possessorem
1455 4163 1630 4215 suum,
1658 4156 1712 4202 et
1736 4148 1916 4201 asinus
1943 4157 2182 4214 praisepe

603 4248 803 4306 domini
834 4246 937 4312 sui,
964 4245 1125 4301 Israel
1148 4253 1323 4299 autem
1353 4258 1439 4298 me
1464 4258 1567 4297 non
1593 4239 1836 4310 cognovit
1871 4257 1889 4290 ι
1919 4235 2081 4311 (laci.
2126 4236 2179 4291 1.

605 4344 682 4413 5).
705 4361 732 4393 ι
748 4341 923 4395 Canes
948 4339 1100 4399 muti.
1122 4337 1212 4406 qui
1232 4351 1337 4392 non
1352 4343 1635 4405 potuerunt
1655 4332 1851 4388 latrare
1871 4348 1891 4382 ι
1913 4327 2066 4400 (irai.
2088 4325 2180 4384 56.

608 4435 680 4489 10
705 4434 745 4502 ).
773 4452 792 4484 ι
830 4432 1017 4487 Facies
1047 4429 1342 4484 meretricis
1385 4428 1523 4483 facta
1543 4434 1626 4482 est
1652 4424 1768 4489 tibi,
1818 4421 1956 4492 apud
2000 4434 2186 4476 omnes

611 4522 944 4593 impudenter
962 4520 1157 4589 agebas
1184 4537 1204 4571 ›
1237 4517 1382 4590 (Jer.
1412 4517 1465 4572 5.
1490 4519 1579 4587 5).
1617 4534 1637 4568 ι
1660 4514 1775 4571 Νοη
1791 4524 1874 4570 est
1892 4513 2188 4583 intelligens

607 4623 697 4668 aut
744 4611 1021 4683 requirens
1063 4610 1274 4666 Deum:
1314 4623 1500 4663 omnes
1546 4607 1963 4671 declinaverunt,
2030 4604 2188 4659 simul

596 4706 823 4762 inutiles
849 4703 971 4759 facti
1002 4712 1126 4759 sunt
1155 4721 1175 4755 ι
1207 4701 1227 4774 (
1252 4700 1399 4756 Psal.
1430 4702 1518 4756 15.
1548 4699 1603 4755 2.
1626 4701 1714 4771 5).
1751 4700 1981 4754 Rursum
2004 4698 2141 4753 alius
2171 4715 2188 4754 :

595 4819 635 4851 νε
675 4798 892 4854 Frustra
922 4793 1251 4867 argentarius
1277 4801 1554 4863 argentum
1580 4789 1773 4846 conﬁat
1800 4808 1816 4846 :
1857 4789 2071 4844 malitiae
2095 4802 2191 4843 eo-

613 4909 730 4947 rum
789 4906 893 4948 non
940 4898 1065 4946 sunt
1114 4895 1444 4958 consumpta:
1477 4904 1497 4937 ι
1535 4883 1679 4958 (Jer.
1727 4884 1782 4941 6.
1815 4882 1945 4955 29).
1995 4880 2193 4938 lterum

613 4984 792 5039 alius:
827 5004 844 5035 ι
882 4982 1211 5046 Exsecratio,
1260 4990 1317 5037 et
1358 4977 1712 5044 mendacium,
1769 4985 1826 5032 et
1869 4975 2089 5040 furtum,
2140 4982 2195 5031 et

614 5074 904 5139 aedesget
935 5072 1252 5128 adulterium
1281 5070 1445 5126 ell'usa
1490 5076 1616 5124 sunt
1660 5082 1824 5138 super
1866 5076 2058 5122 terram
2083 5107 2099 5130 ,
2142 5074 2197 5121 et

615 5164 926 5233 sanguinem
951 5163 1005 5217 in
1034 5158 1292 5234 sanguine
1327 5162 1553 5216 miscent
1580 5178 1601 5214 ι
1650 5159 1821 5230 (Osee
1859 5160 1910 5214 4.
1932 5158 2025 5227 2).
2060 5157 2199 5213 Rur-

618 5271 737 5311 sum
791 5254 929 5310 alius
960 5271 974 5308 :
1009 5253 1105 5311 «Si
1140 5253 1364 5310 mutabit
1380 5252 1631 5323 )Ethiops
1684 5252 1872 5322 pellem
1925 5266 2096 5315 suam,
2144 5258 2201 5303 et

623 5346 818 5418 pardus
856 5346 1095 5402 maculas
1123 5361 1267 5413 suas,
1289 5355 1344 5402 et
1364 5345 1590 5417 populus
1618 5344 1703 5400 hic
1731 5344 1928 5415 p0terit
1946 5343 2199 5413 judicium

621 5442 813 5509 facere,
831 5455 952 5498 cum
963 5439 1207 5496 didicerit
1220 5439 1355 5494 mala
1376 5459 1395 5492 ι
1418 5438 1552 5510 (Jer.
1571 5439 1657 5495 15.
1674 5437 1790 5509 25).
1811 5437 1957 5493 Alius
1974 5436 2162 5490 iterum
2184 5451 2198 5491 :

661 5620 759 5682 «(η)
773 5688 782 5692 _
792 5622 987 5692 pedm:
999 5615 1191 5692 inclusa
1215 5630 1279 5692 ex
1301 5618 1580 5682 conjectura
1594 5617 1911 5681 adjiciuntur;
1928 5620 2005 5673 his
2024 5617 2205 5683 quippe

620 5682 832 5746 diunptis
854 5695 948 5732 nou
970 5687 1066 5731 stat
1085 5691 1279 5732 senats.

1264 262 1325 313 S.
1356 253 1632 314 IOANNIS
1666 247 2147 308 (ιιιιιγευετυιιι
2178 240 2491 298 AliCHlEP.
2532 232 3068 292 CONSTANTINOP.

3650 230 3735 283 liii

2242 373 2262 407 ι
2302 354 2390 408 Vae
2419 351 2569 420 mihi,
2592 366 2625 405 ο
2654 349 2851 413 anima,
2891 346 3010 415 quia
3041 342 3187 418 periit
3219 340 3326 410 plus
3352 339 3413 395 de
3440 348 3645 404 terra,et
3668 349 3739 411 qni

2239 456 2384 503 recte
2412 444 2569 500 faciat
2585 443 2636 497 in
2655 439 2957 495 hominibus
2979 454 3081 490 non
3103 445 3177 488 est
3200 452 3211 484 ι
3230 447 3403 487 omnes
3421 433 3469 486 in
3482 434 3743 502 sanguinem

2234 540 2475 611 judicant
2505 555 2523 588 ι
2558 533 2756 607 (Miclt.
2787 533 2840 585 7.
2870 530 2963 598 2).
2995 529 3133 583 Deus
3159 527 3338 580 iterum
3365 542 3376 577 :
3405 542 3423 578 t
3454 524 3574 579 0dio
3597 525 3746 586 habui,

2246 631 2414 702 ropnli
2442 629 2758 685 festivitates
2804 633 3030 685 vestras,
3071 628 3125 675 et
3173 635 3272 674 non
3315 616 3557 672 odorabor
3584 614 3750 670 hostias

2245 725 2295 779 in
2324 720 2675 778 conventibus
2702 716 2893 773 veStris
2922 734 2940 768 ι
2970 715 2989 785 (
3013 714 3161 766 Amos
3190 711 3242 766 5.
3268 709 3329 764 2i
3353 708 3392 779 ).
3419 706 3550 763 Elias
3573 714 3752 761 autem:

2249 835 2267 868 ι
2303 816 2502 870 Altaria
2532 825 2619 867 tua
2636 811 3028 871 subvertcrunt,
3058 814 3110 860 et
3146 801 3416 873 prophetas
3454 808 3561 854 tuos
3580 798 3755 855 occide-

2245 916 2398 968 runt;
2431 913 2483 959 et
2502 918 2602 973 ego
2640 900 2858 956 relictus
2879 913 2995 954 sum
3020 895 3185 959 solus,
3229 901 3282 947 et
3320 899 3545 961 quzrrunt
3567 889 3758 943 animam

2247 1011 2418 1051 meam
2456 1014 2475 1048 ι
2512 995 2600 1064 (5.
2637 993 2761 1064 Reg.
2792 991 2880 1047 19.
2918 986 3042 1060 10).
3092 987 3318 1041 Rursum
3348 982 3510 1037 Deus:
3539 999 3557 1033 ι
3588 979 3760 1049 Reliqui

2245 1086 2462 1141 domum
2484 1100 2680 1150 meam,
2723 1080 2896 1137 dimisi
2930 1077 3275 1134 hereditatem
3303 1087 3485 1138 meam,
3510 1070 3619 1126 dedi
3656 1069 3762 1126 dile-

2248 1185 2385 1230 ctam
2407 1176 2639 1230 animam
2655 1188 2825 1228 meam
2846 1172 2897 1225 in
2924 1184 3110 1224 manus
3135 1167 3454 1221 inimicorum
3478 1163 3582 1232 ejus
3605 1180 3622 1214 ι
3648 1161 3762 1229 (Jer.

2251 1265 2337 1321 i2.
2369 1266 2462 1335 7).
2520 1264 2683 1319 David
2728 1264 2916 1318 iterum
2951 1277 2966 1316 :
3019 1278 3036 1311 ι
3062 1258 3463 1313 immolaverunt
3504 1253 3628 1308 illius
3664 1265 3765 1306 suos

2251 1367 2304 1412 et
2332 1358 2467 1411 lilias
2509 1370 2631 1409 suas
2657 1354 2955 1418 da‘moniis,
2979 1361 3032 1405 et
3071 1349 3367 1405 eli'uderunt
3388 1344 3666 1416 sanguinem
3700 1344 3765 1397 in-

2249 1457 2560 1513 nocentem,
2611 1447 2921 1516 sanguinem
2961 1444 3187 1498 ﬁliorum
3228 1454 3436 1497 suorum
3466 1436 3764 1494 etiiliarumt

2253 1539 2433 1610 (I’sal.
2459 1538 2579 1594 t06.
2609 1539 2697 1591 57.
2716 1537 2784 1592 58
2803 1541 2840 1605 ).

2328 1631 2382 1684 4.
2414 1629 2657 1683 Vidistin‘
2694 1626 2909 1681 malitiae
2941 1622 3314 1696 tyrannidem?
3340 1619 3506 1675 Canes
3530 1615 3711 1672 inerunt
3731 1625 3772 1671 et

2255 1723 2398 1793 equi,
2429 1731 2483 1777 et
2502 1722 2665 1775 asinis
2697 1719 3038 1789 stupidiores,
3077 1715 3346 1783 bobusque
3388 1708 3771 1770 insensibiliores.

2256 1812 2310 1867 in
2343 1813 2613 1882 ipsamque
2638 1821 2880 1866 naturam
2921 1807 3269 1862 insanierunt.
3290 1802 3393 1859 Sed
3439 1810 3549 1872 post
3573 1800 3773 1853 incarna-

2261 1906 2457 1960 tionem
2485 1903 2680 1959 Christi
2705 1902 2830 1973 quid
2858 1902 2931 1955 ait
2954 1897 3273 1968 Scriptura?
3298 1895 3448 1950 Pater
3465 1903 3634 1957 noster,
3652 1891 3721 1961 qui
3736 1906 3776 1943 et

2258 1998 2311 2051 in
2331 1998 2466 2051 cwtis
2507 1995 2735 2066 (Matth.
2767 1996 2820 2049 6.
2850 1994 2945 2066 9).
2996 1990 3238 2047 Antehac
3274 1987 3474 2043 dicebat
3502 1984 3732 2054 Scriptura
3764 1997 3775 2034 :

2272 2088 2493 2143 Vndead
2513 2088 2797 2159 formicam,
2824 2086 2965 2156 piger
2989 2084 3008 2154 (
3035 2081 3189 2136 Prov.
3228 2080 3280 2136 6.
3309 2077 3410 2151 6);
3437 2085 3547 2149 post
3564 2076 3663 2129 hazc
3681 2086 3778 2128 vero

2262 2181 2420 2235 etiam
2450 2179 2739 2250 adoptione
2779 2175 2975 2246 dignati
3026 2188 3233 2235 sumus,
3280 2180 3334 2226 et
3375 2169 3500 2225 caelo
3544 2163 3780 2232 adscripti,

2262 2289 2381 2329 cum
2403 2271 2605 2342 angelis
2624 2270 2817 2324 choros
2845 2268 3069 2339 agimus,
3098 2274 3151 2320 ct
3183 2265 3414 2335 ipsorum
3453 2266 3623 2315 cantus
3657 2255 3780 2326 parti-

2262 2365 2408 2435 cipes
2432 2377 2634 2428 sumus,
2657 2377 2721 2416 ac
2750 2376 2869 2416 cmn
2903 2357 3232 2428 incorporcis
3257 2352 3585 2426 potestatibus
3608 2361 3785 2403 cancer.

2266 2468 2459 2513 tamus.
2486 2456 2688 2513 Sublati
2718 2462 2840 2509 sunt
2874 2453 3059 2517 colles,
3090 2450 3266 2504 diruta
3295 2456 3415 2503 sunt
3444 2443 3639 2514 templa.
3662 2438 3786 2507 Lapis

2265 2564 2385 2606 esse
2410 2548 2544 2618 lapis
2565 2547 2707 2602 visus
2732 2555 2831 2611 est,
2863 2553 2918 2599 et
2948 2543 3145 2613 lignum
3174 2556 3299 2597 esse
3327 2540 3514 2609 lignum
3536 2531 3787 2606 deprehen-

2266 2657 2382 2699 Sum
2427 2649 2539 2707 est,
2591 2639 2917 2708 arboresque
2956 2636 3210 2701 arbores;
3261 2634 3429 2691 fontes
3473 2630 3589 2685 item
3631 2625 3785 2680 fontis.

2267 2734 2400 2802 Quia
2429 2734 2569 2789 enim
2619 2732 2711 2787 Sol
2756 2730 2977 2802 justitiae
3021 2729 3195 2784 illuxit
3242 2726 3409 2798 (Mal.
3437 2724 3490 2779 4.
3519 2722 3604 2793 2),
3648 2730 3789 2774 rerum

2267 2825 2498 2882 ostendit
2525 2838 2789 2891 naturam,
2812 2838 2968 2894 quam
2992 2823 3135 2892 prius
3162 2818 3538 2876 obtenebrabat
3559 2829 3649 2869 nox
3672 2824 3790 2866 erro-

2270 2921 2365 2986 ris,
2414 2927 2469 2973 et
2493 2918 2804 2989 ignorantiae
2832 2913 3089 2986 profunda
3140 2914 3353 2983 caligo,
3396 2925 3510 2982 qua;
3547 2921 3704 2962 eorum
3726 2901 3793 2971 qui

2270 3010 2476 3081 decepti
2506 3019 2660 3065 erant
2712 3007 2894 3061 oculos
2923 3004 3239 3060 nﬂ'uscabat.
3278 3001 3382 3060 Sed
3410 3008 3664 3071 postquam
3688 2993 3791 3047 den-

2273 3119 2386 3158 sam
2416 3100 2615 3158 erroris
2643 3099 2834 3155 nubem
2881 3097 3022 3155 Solis
3046 3096 3272 3169 jnstitim
3319 3093 3495 3149 radius
3541 3083 3793 3155 dissipavit.

2274 3196 2468 3267 ubique
2492 3194 2579 3248 lux
2606 3205 2689 3247 est
2711 3202 2762 3247 ct
2786 3190 2921 3257 dies,
2963 3190 3069 3245 imo
3097 3188 3375 3259 splendida
3411 3183 3690 3251 stabilisque
3730 3178 3794 3228 lux

2275 3287 2588 3343 meridiana.
2637 3284 2815 3339 Persa:
2851 3282 3033 3348 etiam,
3064 3281 3153 3351 qui
3189 3289 3390 3334 matres
3434 3290 3551 3332 suas
3577 3276 3623 3328 in
3647 3280 3798 3325 uxores

2274 3381 2573 3447 ducebant,
2629 3378 2980 3449 virginitatem
3026 3388 3164 3429 nunc
3209 3383 3479 3428 exercent.
3525 3368 3579 3423 Et
3607 3363 3797 3435 quiante

2279 3475 2416 3530 ﬁlios
2436 3487 2563 3529 suos
2590 3473 2742 3542 quasi
2761 3486 2865 3526 non
2893 3475 3245 3540 agnoscentes
3271 3465 3580 3524 mactabam,
3609 3457 3798 3513 onniiuin

2280 3565 2687 3621 mansuetissimi
2720 3572 2774 3617 et
2820 3560 3084 3617 mitissimi
3127 3569 3273 3613 sunt.
3308 3558 3436 3628 Lupi
3463 3555 3624 3609 ovium
3671 3551 3799 3602 instar

2280 3657 2541 3713 mansueti
2590 3662 2903 3720 evaserunt;
2950 3653 3056 3708 imo
3106 3650 3270 3706 etiam
3321 3649 3354 3703 ii
3404 3646 3492 3717 qui
3537 3641 3659 3713 lupis
3703 3634 3799 3708 ipsis

2281 3749 2622 3805 humaniores
2650 3757 2821 3804 erant.
2853 3746 3031 3816 Lupus
3057 3744 3197 3799 enim
3242 3750 3481 3798 naturam
3503 3753 3598 3791 non
3620 3736 3798 3804 ignorat.

2281 3842 2375 3898 sed
2397 3841 2633 3912 agnoscit
2662 3838 2827 3894 fetum
2864 3859 2876 3894 :
2911 3837 3154 3892 homines
3173 3845 3352 3890 autem
3389 3834 3543 3888 etiam
3579 3828 3671 3883 illis
3693 3824 3800 3878 iero-

2283 3937 2457 3992 ciores
2482 3942 2654 3989 erant.
2681 3931 2785 3988 Sed
2827 3939 2947 4001 post
2984 3928 3403 3984 incarnationem
3428 3919 3671 3994 Unigeniti
3696 3915 3802 3985 ejus-

2284 4042 2388 4099 que
2417 4023 2887 4097 dispensationem,
2913 4020 3082 4092 ejecta
3123 4018 3357 4086 l'eritate,
3397 4016 3461 4071 ad
3491 4014 3697 4086 priorem
3736 4019 3801 4060 re-

2286 4117 2426 4173 versi
2454 4124 2581 4172 sunt
2603 4114 2935 4171 nobilitatem
2960 4129 2976 4179 ;
3006 4111 3114 4166 imo
3159 4109 3228 4165 ad
3276 4108 3561 4182 angelicam
3604 4102 3803 4156 virtutem

2287 4209 2457 4265 evecti
2478 4217 2619 4263 sunt.
2646 4205 2715 4260 Et
2738 4203 2964 4260 antehac
2986 4201 3143 4258 urbes
3170 4199 3385 4272 quidem
3416 4204 3564 4255 erant
3585 4190 3805 4262 impietate

2290 4301 2463 4372 plena:
2512 4316 2526 4353 :
2574 4297 2733 4352 hodie
2772 4304 2949 4350 autem
2977 4293 3134 4349 etiam
3173 4291 3405 4348 solitudo
3430 4282 3805 4372 philosophatur.

2290 4404 2498 4446 necnon
2524 4388 2729 4458 tuguria
2760 4385 3142 4441 monachorum
3168 4382 3221 4438 in
3248 4381 3514 4438 montibus
3538 4385 3591 4433 et
3609 4368 3807 4430 saltibus,

2292 4480 2607 4538 imitantium
2654 4479 2821 4547 ipsam
2860 4475 3168 4548 angelorum
3202 4474 3386 4541 vitam,
3414 4478 3675 4544 postquam
3705 4472 3811 4532 pm

2291 4583 2491 4631 sentem
2518 4579 2796 4627 exuerunt.
2823 4569 2892 4623 At
2932 4565 3058 4639 quid
3083 4580 3217 4637 opus
3258 4574 3343 4622 est
3394 4562 3655 4621 verborum
3680 4562 3810 4622 appa-

2295 4674 2432 4731 ratu,
2459 4678 2582 4720 cum
2613 4676 2702 4717 res
2732 4660 2861 4732 ipsa:
2898 4660 3200 4730 loquantur,
3227 4666 3283 4713 et
3310 4656 3424 4712 sole
3452 4653 3632 4708 clarius
3666 4652 3813 4701 osten-

2294 4728 2428 4814 dant
2450 4754 2731 4821 beneﬁcia,
2753 4728 2873 4826 qua:
2898 4728 3018 4824 post
3051 4749 3419 4806 admirandum
3464 4746 3600 4800 illum
3644 4745 3693 4794 et
3732 4728 3817 4800 Spi—

2295 4847 2541 4904 ritualem
2585 4845 2804 4918 virginis
2853 4854 3061 4917 partum
3086 4883 3103 4908 ,
3155 4857 3219 4898 ac
3263 4849 3386 4912 post
3429 4829 3818 4908 dispensationem

2298 4937 2844 5010 incarnationemque,
2868 4945 3033 4992 totum
3050 4934 3234 4991 orbem
3253 4936 3571 5001 occuparunt
3583 4923 3605 4977 ἲ
3619 4925 3819 5010 Attatan

2301 5039 2502 5087 tantum
2534 4999 2757 5100 tamque
2773 4999 3083 5099 praclarum
3113 5040 3246 5096 opus
3265 5039 3295 5078 a
3322 4999 3499 5093 seipso
3545 5014 3680 5100 fecit.
3712 4999 3822 5076 ιιιιοιΙ

2300 5131 2355 5179 et
2378 5121 2571 5177 clamat
2598 5098 2792 5176 Paulus
2818 5117 3001 5173 dicens
3027 5134 3042 5170 :
3074 5115 3173 5184 Qui
3195 5131 3308 5170 cum
3327 5114 3380 5167 in
3401 5116 3562 5185 [arma
3592 5098 3682 5159 Dei
3707 5101 3822 5185 at“;

2301 5231 2404 5270 non
2440 5214 2675 5284 rapinam
2709 5210 2979 5265 arbitratus
3013 5182 3238 5263 estesse
3266 5221 3321 5260 se
3358 5182 3595 5275 aqualem
3629 5182 3826 5284 θέο-’ξι

2304 5277 2629 5373 semetipsum
2648 5299 2938 5365 exinaniuit,
2964 5299 3184 5369 formam
3210 5296 3341 5352 servi
3366 5293 3607 5364 accipiens
3632 5277 3827 5373 (Philip:

2302 5394 2359 5449 2.
2388 5392 2444 5449 ϐ.
2473 5361 2564 5463 ἦ).
2588 5390 2778 5459 Audis,
2802 5361 3070 5456 heretico,
3095 5386 3234 5461 quod
3251 5361 3486 5456 seipsum
3501 5361 3833 5437 exinanirent?

2308 5489 2389 5544 Ac
2411 5500 2599 5544 rursus
2619 5480 2781 5543 alibi:
2829 5503 2848 5539 ι
2883 5484 3032 5542 Sicut
3055 5490 3112 5539 et
3159 5479 3406 5538 Christus
3457 5470 3634 5531 dilexit
3669 5477 3769 5524 nos.
3792 5464 3837 5510 ει

2312 5577 2528 5635 tradidit
2554 5578 2897 5649 semetipsum
2930 5588 3026 5646 pro
3053 5571 3207 5628 nobis
3229 5567 3550 5625 oblationem
3577 5568 3627 5616 et
3648 5548 3835 5649 hostiam

2317 5671 2427 5727 Deo
2449 5668 2502 5725 in
2528 5642 3046 5725 odorem-suavitatis
3079 5681 3100 5718 ι
3134 5659 3359 5736 (Epiros.
3388 5658 3443 5713 5.
3469 5654 3559 5728 ἢ).
3586 5647 3677 5718 Qui
3705 5642 3833 5700 etiam
