4038 6204
268 294 376 349 253

265 428 297 465 ιι
317 414 496 483 aeipso
530 410 816 467 cruciﬁxus
838 421 890 466 et
917 428 947 467 a
977 414 1154 483 seipso
1180 412 1481 468 immolatus
1510 424 1591 467 est
1620 431 1633 466 :
1667 430 1854 484 quam-

263 504 451 557 obrem
472 502 585 571 ipse
600 498 812 557 dicebat
840 520 854 555 :
884 521 902 553 ι
932 502 1254 558 Potestatem
1290 503 1459 558 habeo
1489 505 1717 573 ponendi
1739 505 1852 558 ani-

262 612 409 651 mam
454 610 653 660 meam,
696 604 753 651 et
794 604 1110 664 potestatem
1155 594 1327 650 habeo
1369 596 1558 650 iterum
1611 594 1851 651 sumendi

262 702 410 741 eam.
457 684 628 741 Nemo
671 684 810 740 tollit
845 700 963 740 eam
994 700 1023 740 a
1063 700 1150 741 me
1183 703 1197 739 :
1230 701 1329 756 ego
1357 700 1499 756 pono
1523 702 1639 741 eam
1678 702 1706 740 a
1736 703 1844 741 mev

259 776 382 845 ipso
413 794 436 828 ι
482 775 670 847 (Joan.
720 776 807 831 1ο.
841 776 969 847 18
999 777 1134 845 Quid
1163 776 1248 832 hic
1276 778 1431 845 dicis,
1471 777 1738 842 hmretice,
1765 780 1851 847 qui

259 866 366 923 hoc
386 865 583 923 dictum
607 868 982 938 Evangelicum
1033 869 1352 939 detorqucs,
1405 868 1572 923 Filius
1614 886 1646 922 a
1687 871 1851 939 seipso

255 958 393 1012 nihil
422 968 581 1029 potest
599 957 626 1012 .’
649 958 786 1013 Ecce
817 959 930 1028 ipse
946 959 1038 1023 ait,
1071 957 1179 1029 Ego
1204 975 1334 1029 pono
1354 974 1463 1013 eam
1506 974 1537 1011 a
1573 959 1783 1029 meipso,
1805 968 1851 1013 et

252 1067 467 1106 assumo
495 1068 609 1106 eam
636 1069 667 1106 a
688 1053 898 1123 meipso.
941 1050 1123 1122 Neque
1150 1067 1277 1107 vero
1307 1052 1453 1120 parvi
1491 1052 1743 1106 momenti
1769 1061 1853 1108 est

255 1144 366 1200 hoc
408 1144 632 1209 dictum,
667 1144 763 1200 sed
808 1145 1045 1199 maximi.
1101 1144 1176 1199 De
1215 1144 1375 1200 Patre
1415 1159 1626 1214 quoque
1650 1144 1882 1212 dictum_

249 1242 361 1298 est,
388 1234 563 1304 ipsum
586 1233 783 1289 habere
807 1243 1122 1303 potestatem
1172 1234 1293 1288 vita!
1325 1242 1378 1288 et
1408 1234 1612 1287 mortis.
1664 1233 1850 1290 Viden’

249 1322 531 1393 quomodo
565 1325 618 1380 in
653 1326 784 1380 retia
813 1322 1237 1394 incidisti?Quid
1267 1326 1407 1380 enim
1430 1322 1493 1380 ad
1524 1325 1625 1381 hoc
1648 1323 1846 1380 dictum

250 1415 652 1485 reapondebis?
674 1413 789 1487 Ego
810 1432 946 1484 pono
972 1432 1083 1471 eam
1115 1432 1147 1470 a
1174 1417 1382 1487 meipso,
1413 1425 1459 1471 et
1506 1433 1709 1470 assumo
1738 1433 1847 1471 eam

246 1522 286 1558 α
314 1506 526 1577 meipso.
547 1505 660 1574 Qua
687 1520 816 1576 ergo
845 1505 1051 1561 ratione
1080 1505 1258 1561 dixisti
1282 1506 1452 1577 ipsum
1480 1505 1613 1561 nihil
1673 1508 1846 1562 facere

245 1612 280 1652 a
305 1596 526 1675 seipse?
558 1597 774 1665 Verum,
808 1607 865 1651 ut
892 1596 1171 1664 dicebam,
1214 1598 1260 1653 si
1294 1597 1504 1668 quidem
1531 1596 1597 1652 ad
1630 1596 1845 1653 haereti-

246 1705 348 1744 cos
376 1672 532 1746 nobis
556 1703 736 1744 sermo
761 1698 925 1752 esset,
951 1688 1078 1757 ipsis
1116 1688 1168 1742 in
1191 1689 1462 1758 angustias
1509 1696 1564 1742 et
1612 1688 1663 1742 in
1710 1687 1843 1743 retia

247 1780 538 1850 conjectis,
588 1780 667 1835 sic
717 1779 1048 1853 resiliissem,
1100 1779 1229 1834 satis
1269 1778 1541 1849 splendida
1575 1788 1841 1850 reportata

250 1872 500 1938 victoria,
522 1879 571 1927 et
606 1870 795 1941 insigni
830 1879 1012 1926 erecto
1060 1880 1284 1941 tropaeo,
1317 1871 1652 1941 maximoque
1680 1872 1842 1927 allato

251 1978 440 2018 eorum
481 1962 703 2018 insania:
748 1973 1096 2032 argumento;
1123 1972 1173 2016 at
1202 1962 1322 2032 quia
1348 1977 1451 2016 non
1483 1962 1642 2018 modo
1672 1958 1839 2017 hosti-

259 2053 362 2107 bus
386 2066 444 2106 os
461 2051 746 2107 occludere
773 2052 895 2106 volo
917 2091 933 2117 ,
983 2051 1078 2108 scd
1121 2053 1282 2107 etiam
1311 2067 1422 2118 eos,
1447 2053 1536 2122 qui
1566 2053 1841 2109 nobiscum

257 2157 402 2210 sunt,
427 2144 721 2210 instituere,
752 2142 1094 2213 membraque
1125 2154 1307 2199 nostra
1352 2146 1586 2213 erudire,
1619 2162 1722 2200 non
1756 2145 1841 2201 hic

250 2236 416 2291 linem
446 2236 656 2292 dicendi
686 2237 898 2304 faciam,
930 2238 1021 2292 sed
1053 2237 1279 2292 ulterius
1303 2237 1546 2307 progredi
1569 2241 1837 2306 conabor,

245 2329 397 2383 aliud
422 2327 599 2384 denuo
627 2344 762 2399 cpus
785 2329 835 2382 in
864 2328 1095 2383 medium
1123 2328 1412 2394 adducens,
1440 2330 1580 2400 quod
1624 2340 1839 2385 contra-

244 2416 550 2473 dicentium
592 2417 975 2488 impudentiam
1022 2429 1291 2489 coarguat.
1346 2417 1484 2485 Quid
1528 2418 1670 2474 enim
1722 2417 1839 2474 ait?

230 2508 416 2563 .Pater
432 2510 678 2564 neminem
689 2509 914 2580 judicat,
940 2508 1029 2564 sed
1049 2526 1222 2564 omnes
1247 2506 1412 2565 Filius
1440 2508 1619 2583 (Joan.
1641 2508 1696 2566 5.
1715 2496 1835 2582 22).

320 2603 376 2657 5.
399 2601 558 2656 Aliud
587 2610 767 2655 contra
796 2599 1066 2656 Anomteos
1092 2609 1482 2672 argumentum.
1510 2596 1704 2654 Christi
1735 2615 1832 2668 po-

238 2703 436 2749 testas.
467 2723 539 2733 —
581 2691 778 2759 Quaero
821 2693 983 2765 igitur
1030 2693 1100 2749 a'o
1142 2692 1398 2748 han-etico
1427 2709 1440 2745 :
1469 2688 1530 2744 Si
1562 2688 1836 2746 neminem

232 2787 461 2858 iudicat
504 2786 684 2848 Pater,
719 2789 814 2840 sed
843 2785 1264 2856 Filiusjudicat,
1296 2783 1569 2853 quomodo
1595 2780 1842 2853 iudicat?

240 2876 313 2930 Si
347 2876 498 2930 enim
537 2892 644 2930 non
674 2884 856 2947 potest
894 2874 1075 2931 facere
1113 2876 1410 2946 quidquam
1436 2890 1466 2928 a
1506 2873 1704 2944 seipso,
1736 2873 1842 2928 nisi

238 2968 454 3022 viderit
494 2966 708 3021 Patrem
745 2966 1057 3029 facientem,
1080 2976 1135 3023 et
1172 2967 1330 3021 Pater
1356 2982 1466 3021 non
1498 2966 1726 3036 judicat,
1749 2964 1846 3019 sed

240 3060 375 3127 ipse
422 3072 616 3113 omnes
662 3057 893 3127 judicat,
945 3057 1217 3128 quomodo
1278 3057 1330 3112 id
1369 3055 1513 3126 quod
1554 3071 1664 3109 non
1712 3053 1848 3109 vidit

245 3152 436 3206 facere
480 3151 698 3221 potest?
743 3149 823 3206 Ne
868 3166 999 3204 vero
1042 3148 1146 3203 hoc
1190 3148 1384 3203 leviter
1416 3154 1844 3218 praetercurras;

240 3259 434 3313 neque
467 3242 616 3298 enim
653 3244 757 3298 hoc
799 3258 1024 3313 parvum
1065 3250 1171 3307 est,
1201 3242 1295 3297 sed
1330 3242 1573 3296 maximae
1607 3238 1843 3294 virtutis.

242 3333 444 3405 Cogita
483 3345 746 3405 quantum
783 3335 853 3390 sit
893 3350 1083 3389 omnes
1121 3335 1211 3407 qui
1250 3335 1318 3389 ab
1353 3333 1560 3388 Adamo
1597 3332 1666 3387 ad
1712 3346 1848 3387 con-

244 3425 679 3481 summationem
722 3443 894 3498 usque
935 3428 1116 3483 srecnli
1151 3426 1404 3491 vixerint,
1449 3424 1702 3497 gentiles,
1746 3422 1847 3479 Ju-

245 3515 425 3582 dmos,
468 3517 781 3586 haereticos,
812 3536 1006 3576 omnes
1031 3522 1292 3591 denique,
1320 3519 1412 3590 qui
1447 3518 1516 3573 ab
1546 3516 1848 3572 orthodoxa

249 3606 365 3662 ﬁde
425 3608 787 3677 aberrarunt,
848 3612 936 3666 illa
986 3613 1075 3668 die
1130 3610 1434 3673 adducere,
1493 3608 1850 3676 omniumque

246 3712 457 3752 arcana
487 3698 541 3752 in
579 3701 819 3756 medium
858 3702 1073 3769 ell‘erre,
1121 3711 1291 3774 gesta,
1340 3700 1501 3764 dicta,
1538 3700 1712 3761 dolos.
1758 3696 1845 3751 in-

252 3787 445 3852 sidias,
473 3801 684 3847 secreta
715 3795 946 3862 mentis;
974 3810 1081 3849 non
1109 3793 1334 3866 prolatis
1366 3791 1706 3854 testimoniis,
1731 3804 1843 3843 non

250 3880 698 3949 probationibus,
753 3902 862 3939 non
922 3886 1268 3958 imaginibus,
1316 3899 1427 3939 non
1479 3881 1841 3944 documentis,

250 3986 368 4025 non
393 3972 514 4027 aliis
535 3974 876 4045 hujusmodi;
903 3979 998 4033 sed
1021 3979 1238 4050 propria
1256 3976 1334 4033 uti
1356 3982 1623 4048 potestate
1642 3973 1706 4027 ad
1727 3985 1847 4025 om-

212 4066 227 4073 ”
249 4077 356 4115 nes
394 4068 787 4136 coarguendos.
823 4070 1080 4124 Attamen
1128 4079 1339 4125 tantum
1372 4077 1589 4137 tamque
1622 4063 1846 4135 pnecla-

247 4162 369 4200 rum
395 4161 534 4214 opus
555 4160 669 4213 ipse
692 4149 944 4214 perficiet,
970 4146 1089 4201 licet
1105 4145 1316 4200 Patrem
1340 4145 1389 4198 id
1411 4154 1534 4199 ante
1556 4143 1837 4201 facientem

250 4252 362 4291 non
392 4237 605 4302 viderit,
636 4251 732 4291 nec
762 4237 910 4291 illum
937 4237 1003 4291 sit
1031 4238 1265 4291 imitatus
1302 4250 1315 4289 :
1346 4250 1467 4290 nam
1495 4228 1651 4290 Pater
1677 4238 1839 4291 nemi-

251 4344 368 4381 nem
402 4328 630 4397 judicat.
676 4327 806 4382 Vide
857 4338 1068 4397 quoque
1117 4327 1263 4381 illum
1315 4327 1439 4380 alibi
1493 4326 1669 4380 omnia
1717 4343 1841 4382 cum

252 4428 520 4488 potestate
540 4428 870 4487 operantem,
900 4419 949 4472 iu
975 4417 1266 4482 miraculis,
1291 4418 1341 4472 in
1367 4416 1593 4473 ferendis
1611 4419 1835 4489 legibus,

252 4509 484 4578 aliisque
508 4509 779 4563 omnibus.
811 4509 942 4562 Cum
976 4508 1116 4562 enim
1140 4509 1471 4564 ascendisset
1498 4511 1549 4564 in
1579 4520 1837 4578 montem,

258 4615 452 4654 novum
481 4608 862 4654 testamentum
902 4598 1122 4653 daturus
1143 4599 1218 4652 ait
1266 4617 1281 4653 :
1330 4618 1350 4650 σ
1410 4598 1662 4666 Audistis,
1715 4600 1839 4670 quia

255 4693 456 4747 dictum
476 4700 563 4746 est
589 4692 820 4758 antiquis
846 4709 857 4743 :
883 4688 999 4744 Non
1025 4690 1239 4744 occides
1266 4711 1282 4743 :
1313 4689 1401 4760 qui
1427 4698 1600 4744 autem
1631 4691 1840 4745 occide-

257 4786 345 4848 rit,
377 4796 505 4837 reus
530 4782 632 4835 erit
671 4782 902 4850 judicio;
935 4780 1025 4849 qui
1061 4791 1237 4834 autem
1270 4780 1481 4847 dixerit,
1502 4780 1687 4847 Fatue,
1717 4797 1841 4838 reus

259 4877 355 4930 erit
381 4874 644 4945 gehennae
674 4873 827 4943 ignis.
872 4872 948 4942 (α)
995 4873 1102 4941 ligo
1132 4884 1308 4927 autem
1354 4872 1474 4927 dico
1500 4874 1670 4936 vobis,
1698 4872 1842 4945 quod

260 4965 497 5035 quisquis
535 4965 783 5018 irascitur
807 4964 954 5017 fratri
975 4977 1075 5017 suo
1104 4967 1323 5027 temere,
1358 4978 1480 5018 reus
1504 4958 1835 5029 eritjudicio.

263 5058 495 5112 Audistis
519 5055 643 5126 quia
684 5055 884 5107 dictum
911 5064 1011 5119 εει,
1046 5053 1267 5107 Oculum
1308 5067 1403 5122 pro
1431 5054 1605 5118 oculo,
1634 5062 1687 5108 et
1706 5054 1839 5107 deu-

266 5157 365 5203 tem
396 5163 492 5216 pro
520 5146 681 5200 dente
715 5164 728 5198 :
755 5162 854 5213 ego
897 5154 1071 5198 autem
1114 5143 1234 5199 dico
1265 5143 1433 5209 vobis,
1461 5158 1566 5197 non
1592 5145 1841 5199 resistere

268 5237 423 5301 male,
442 5235 536 5290 sed
558 5236 604 5290 si
626 5237 743 5305 quis
761 5244 810 5289 te
834 5234 1154 5305 percu-serit
1173 5235 1223 5288 in
1256 5234 1523 5288 maxillam
1544 5233 1837 5302 dexteram,

270 5330 439 5398 [mehe
467 5329 541 5383 illi
564 5340 617 5382 et
643 5330 862 5381 alteram
884 5346 903 5378 ι
926 5326 1150 5397 (Matth.
1177 5327 1231 5381 5.
1249 5326 1338 5380 2|.
1356 5325 1444 5379 22.
1465 5326 1683 5397 58.59).
1704 5326 1839 5395 Quid

272 5419 365 5475 hoc
379 5420 495 5475 est?
510 5419 601 5489 qui
621 5419 749 5472 nihil
772 5435 805 5471 a
820 5417 1001 5488 seipso
1014 5417 1138 5471 facit
1153 5418 1312 5473 etiam
1330 5417 1504 5473 Patris
1519 5427 1712 5473 statuta
1729 5434 1843 5474 cor-

270 5510 407 5581 r'git,
437 5510 686 5579 etlegcm
711 5510 761 5561 in
789 5508 975 5563 melius
1000 5508 1278 5579 provehit?
1314 5508 1445 5566 Cum
1472 5518 1651 5565 autem
1681 5510 1801 5565 dico
1820 5552 1834 5573 ,

272 5601 501 5671 migit,
533 5614 599 5653 ne
627 5599 992 5669 bIaSphcmum
1016 5599 1140 5670 quid
1175 5600 1481 5672 suspiceris,
1509 5602 1658 5673 quasi
1687 5600 1842 5655 Pater

333 5711 409 5772 (ιι)
443 5712 530 5759 tot:
552 5713 718 5758 textas
739 5706 899 5756 ιιαηείι
914 5710 961 5757 in
983 5707 1099 5756 mn.
1124 5708 1309 5761 Beml.

1214 296 1281 353 lN
1317 298 1542 365 ILLUD,
1584 298 1807 355 FILlUS
1847 300 1940 355 EX
1976 302 2058 358 SE
2095 303 2281 359 NIHIL
2320 305 2542 361 FACIT.

3431 320 3538 374 2M

1963 417 2223 473 inlirmior
2250 420 2339 474 sit.
2361 419 2615 489 Quamvis
2641 423 2781 478 enim
2826 425 2908 481 lex
2937 428 3109 484 minor
3126 431 3228 496 sit,
3264 429 3314 487 id
3363 444 3536 492 tamen

1961 526 2063 564 non
2097 511 2227 575 Deo,
2254 512 2347 568 sed
2372 514 2750 583 recipientibus
2778 518 2946 588 legem
2967 520 3395 582 adscribendum.
3428 528 3539 587 llltO

1958 596 2123 653 etiam
2158 601 2323 659 Vetus
2371 604 2773 662 Testamentum
2804 609 3068 681 Unigeniti
3100 624 3201 680 est,
3245 625 3300 670 et
3332 617 3534 674 Novum

1961 688 2149 743 Patris.
2181 690 2465 759 Quomodo
2505 695 2683 766 igitur,
2715 715 2914 768 qua‘so,
2944 702 3075 756 nihil
3100 718 3129 757 a
3175 704 3351 776 seipse
3381 707 3536 775 facit,

1956 778 2045 846 qui
2069 781 2232 835 veteri
2258 782 2361 853 legi
2381 784 2594 854 adjecit,
2619 790 2707 858 qui
2728 797 2925 844 tantam
2952 792 3166 849 exhibet
3193 801 3539 865 potestatean

1961 867 2156 925 Verum
2183 873 2307 941 quid
2338 875 2600 933 ltmreticis
2632 880 2945 939 imbecillius
2968 885 3165 940 fuerit?
3188 887 3358 945 Judaei
3387 907 3540 947 natu-

1955 977 2058 1031 que
2086 966 2390 1034 stupebant,
2417 970 2560 1038 quod
2588 971 2700 1027 hare
2723 973 2938 1031 doceret
2965 993 3058 1033 eos
3105 979 3264 1046 Quasi
3311 992 3535 1057 potesta-

1956 1067 2055 1144 tem
2074 1056 2281 1125 habens,
2311 1072 2357 1113 et
2382 1077 2481 1115 non
2503 1064 2631 1116 sicut
2656 1066 2833 1119 scriba:
2856 1076 2904 1122 et
2946 1067 3195 1125 Phariswi
3225 1073 3243 1144 (
3268 1073 3454 1130 Matth.
3482 1056 3535 1132 7.

1954 1142 2056 1215 28)
2089 1145 2293 1202 :Judmi
2325 1160 2639 1219 potestatem
2670 1157 2785 1223 ejus
2825 1160 3206 1228 testificantur;
3236 1142 3306 1219 ἽΙιί
3353 1169 3540 1223 lestili-

1955 1244 2143 1327 cantur
2167 1237 2337 1307 ipsum
2365 1254 2394 1293 a
2442 1255 2501 1296 se
2537 1244 2668 1298 nihil
2717 1262 2892 1315 posse.
2926 1248 3105 1320 Neque
3150 1256 3396 1312 dixerunt
3425 1260 3532 1327 illi,

1954 1324 2112 1393 Quasi
2156 1337 2472 1398 poteSIatem
2531 1333 2828 1404 habiturus,
2865 1340 2980 1405 sed,
3038 1343 3195 1406 Quasi
3245 1324 3535 1417 potestatem

1952 1416 2158 1472 habens.
2181 1419 2296 1474 Non
2320 1422 2462 1477 enim
2485 1435 2666 1495 postea
2690 1426 2803 1484 hac
2824 1430 2896 1485 illi
2918 1443 3149 1500 potestas
3168 1441 3409 1507 accessit,
3442 1444 3534 1499 sed

1951 1506 2187 1576 perfecta
2226 1516 2456 1580 potentia
2496 1526 2615 1570 erat
2656 1519 2803 1573 nullo
2852 1537 3034 1590 egens.
3065 1506 3419 1591 Quamobrem
3468 1534 3535 1590 de

1950 1613 2114 1670 regno
2145 1600 2498 1673 interrogatus
2539 1595 2747 1663 dicebat
2783 1628 2796 1665 :
2837 1611 2947 1682 Ego
2995 1615 3047 1669 in
3090 1617 3184 1670 hoc
3226 1630 3374 1674 natus
3420 1640 3532 1677 sum

1950 1685 2260 1785 (Joan._l8.
2308 1687 2432 1765 57).
2465 1697 2692 1752 RurSttm
2720 1702 2926 1758 oblatus
2951 1714 3032 1760 est
3077 1709 3124 1762 ei
3177 1712 3528 1785 paralyticos,

1945 1786 2109 1853 atque
2122 1782 2431 1859 dixit,postq
2439 1806 2560 1846 nam
2577 1802 2794 1862 peccata
2807 1792 2923 1862 ejus
2936 1805 3215 1853 curaverat
3230 1817 3251 1853 :7
3270 1782 3335 1855 Ut
3365 1782 3529 1862 autem

1947 1871 2139 1938 sciatis,
2162 1874 2279 1943 quia
2301 1873 2466 1930 Filius
2486 1877 2703 1934 hominis
2745 1881 2891 1935 habet
2911 1897 3203 1955 potestatem
3247 1893 3530 1953 dimittendi

1946 1973 2151 2031 peccata
2180 1964 2232 2018 in
2260 1974 2412 2031 terra,
2445 1970 2516 2020 ait
2554 1970 2633 2023 illi
2672 1986 2692 2024 :
2725 1971 2865 2026 Tolle
2893 1974 3096 2042 lectum,
3132 1964 3179 2034 et
3207 1982 3333 2036 vade
3356 1985 3407 2038 in
3437 1986 3528 2040 do-

1944 2068 2079 2105 mum
2105 2062 2241 2108 tuam
2266 2053 2483 2125 (Matth.
2504 2058 2557 2112 9.
2586 2057 2675 2130 6).
2711 2062 3148 2135 Volgusdicebat,
3178 2069 3349 2140 ipsum
3374 2077 3526 2144 quasi

1946 2155 2265 2212 potestatem
2310 2147 2592 2204 habentem
2621 2154 2799 2207 omnia
2828 2155 3001 2211 facere
3034 2175 3048 2211 :
3076 2159 3189 2228 ipse
3235 2178 3382 2230 vero,
3430 2166 3525 2221 Fi-

1943 2233 2070 2327 lium
2101 2236 2334 2293 hominis
2380 2252 2692 2309 potestatem
2723 2245 2923 2302 habere
2970 2248 3269 2309 dimittendi
3312 2270 3524 2327 peccata

1945 2320 1997 2381 iu
2026 2339 2193 2393 terra;
2219 2338 2290 2394 et,
2324 2327 2628 2387 Potestatem
2656 2335 2815 2391 habeo
2836 2342 3053 2407 ponendi
3081 2345 3302 2399 annnam
3327 2367 3517 2419 meam,

1943 2427 1988 2511 et
2037 2429 2327 2489 potestatem
2368 2422 2525 2477 habeo
2571 2428 2801 2481 sumendi
2850 2446 2961 2483 eam
3007 2431 3198 2505 (Joan.
3251 2439 3339 2493 10.
3396 2442 3523 2511 18).

1943 2508 2113 2581 Leges
2157 2511 2261 2567 fert
2301 2528 2423 2569 cum
2467 2526 2753 2586 poteState,
2780 2530 2996 2589 peccata
3030 2525 3189 2582 SolviI
3214 2544 3335 2585 cum
3372 2508 3521 2601 pote-

1942 2612 2079 2657 State
2098 2645 2111 2664 ,
2140 2604 2327 2659 mortis
2355 2615 2409 2660 et
2439 2606 2561 2662 vita:
2602 2618 2916 2678 potestatem
2955 2615 3144 2682 habet,
3171 2629 3225 2674 et
3256 2625 3524 2691 quomodo

1942 2692 2288 2785 dicis,ipsum
2316 2712 2346 2751 a
2383 2699 2561 2769 seipse
2600 2701 2730 2755 nihil
2777 2698 3111 2764 facere?Hac
3136 2709 3355 2769 victoria
3396 2717 3523 2785 quid

1943 2780 2272 2840 manifestius
2287 2790 2312 2841 Υ

2018 2878 2073 2935 6.
2086 2880 2427 2954 Dii/leuitatis
2436 2883 2648 2949 solutio,
2664 2895 2712 2941 et
2723 2886 2849 2941 dicti
2862 2887 3147 2960 evangelici
3157 2888 3528 2956 explicatio.—

1949 2970 2058 3028 Sed
2086 2973 2132 3028 si
2154 2974 2334 3030 velitis
2361 2974 2638 3047 deinceps,
2670 2977 2739 3033 ab
2768 2978 3042 3035 haereticis
3072 2980 3329 3050 expediti,
3367 2981 3528 3041 dictis

1939 3061 2257 3118 solutionem
2286 3062 2609 3119 aderamus:
2644 3068 2976 3138 primumque
3017 3075 3324 3140 monemus,
3369 3074 3516 3140 illud,

1944 3152 2065 3208 Non
2107 3164 2283 3225 potest,
2314 3155 2383 3212 de
2423 3157 2531 3211 Deo
2572 3158 2794 3222 dictum,
2843 3175 2945 3214 non
2991 3161 3385 3230 imbecillitatis,
3427 3166 3520 3221 sed

1940 3248 2190 3316 potentia:
2218 3256 2586 3316 argumentum
2619 3263 2756 3303 esse.
2786 3249 2898 3305 Hoc
2928 3251 3051 3305 licet
3078 3269 3271 3309 novum
3298 3255 3523 3312 fortasse

1939 3335 2201 3400 videatur,
2240 3345 2296 3391 at
2323 3337 2471 3391 vobis
2509 3339 2706 3392 claram
2736 3340 2811 3394 rei
2855 3340 3359 3400 demonstrationem
3389 3346 3523 3401 affe-

1940 3443 2138 3482 remus.
2168 3425 2223 3483 Si
2253 3426 2457 3494 dixero,
2492 3429 2653 3484 Deum
2683 3446 2785 3484 non
2817 3445 2971 3501 posse
3002 3448 3244 3503 peccare,
3284 3451 3387 3489 non
3422 3436 3521 3491 im-

1939 3517 2242 3576 becillitatis
2280 3520 2427 3574 illum
2462 3537 2648 3592 arguo,
2687 3522 2780 3576 sed
2819 3525 3101 3579 maximam
3132 3527 3229 3594 ipsi
3271 3528 3527 3585 testiﬁcor

1941 3621 2280 3681 potestatem.
2303 3612 2361 3670 Si
2385 3614 2591 3682 dixero,
2623 3632 2729 3670 non
2759 3632 2915 3686 posse
2939 3619 3153 3674 mentiri
3188 3620 3374 3687 Deum,
3400 3632 3524 3677 tunc

1941 3703 2170 3774 idipsum
2210 3705 2538 3762 demonstro.
2567 3706 3024 3773 Quemadmodum
3055 3719 3111 3766 et.
3152 3711 3346 3769 Paulus
3374 3714 3522 3769 dice-

1941 3794 2032 3850 bat
2061 3812 2076 3855 ;
2107 3795 2169 3851 Si
2198 3798 2567 3866 sustinebimus,
2596 3808 2642 3852 et
2667 3802 3119 3871 conregnabimus;
3148 3802 3193 3856 si
3226 3821 3325 3858 non
3361 3806 3524 3859 credi-

1943 3902 2075 3953 mus,
2123 3886 2211 3941 ille
2247 3886 2412 3955 ﬁdelis
2452 3899 2753 3958 permanet:
2783 3907 2902 3944 nam
2944 3908 3125 3960 negare
3166 3894 3385 3963 seipsum
3424 3912 3525 3951 nou

1944 3987 2103 4050 potest
2132 3978 2225 4051 (Ξ.
2255 3977 2390 4033 Tim.
2423 3979 2479 4033 2.
2514 3977 2602 4035 12.
2636 3981 2763 4052 13).
2793 3981 2977 4036 Viden'
3004 3982 3156 4042 illud.
3192 3983 3312 4039 Non
3341 3995 3520 4056 potest,

1944 4069 2191 4140 potentiae
2233 4082 2352 4125 esse
2394 4069 2643 4140 signum?
2695 4070 2894 4140 Ecquid
2923 4072 3110 4141 loquor
3146 4073 3213 4128 de
3254 4075 3406 4130 Deo?
3450 4077 3524 4135 De

1944 4161 2128 4218 sensili
2168 4162 2311 4217 enim
2350 4161 2570 4217 materia
2609 4162 2913 4231 exemplum
2958 4177 3185 4217 sumam.
3224 4163 3280 4220 Si
3314 4165 3521 4237 dixero,

1944 4253 2279 4309 adamantem
2323 4268 2430 4307 non
2470 4268 2627 4323 posse
2663 4254 2858 4323 rumpi,
2900 4270 2965 4309 an
3008 4254 3341 4325 fragilitatem
3383 4259 3520 4328 ejus,

1944 4358 2012 4398 an
2052 4343 2216 4399 robur
2242 4343 2360 4414 ejus
2390 4344 2675 4399 maximum
2724 4344 3064 4414 depraedico?
3090 4345 3221 4402 Cum
3265 4363 3392 4420 ergo
3429 4365 3526 4404 au-

1945 4434 2129 4501 dieris,
2162 4450 2267 4489 non
2310 4449 2469 4504 posse
2499 4435 2664 4491 Deum
2694 4451 2932 4506 peccare,
2966 4453 3064 4493 nec
3092 4454 3249 4508 posse
3290 4442 3523 4507 mentiri,

1945 4541 2047 4580 nec
2072 4540 2229 4595 posse
2257 4526 2520 4596 abnegare
2540 4527 2795 4597 seipsum,
2829 4543 2896 4584 ne
2918 4537 3071 4599 putes
3096 4528 3221 4586 hinc
3246 4531 3525 4588 imbecilli-

1946 4624 2109 4672 tatem
2139 4617 2257 4687 ejus
2286 4617 2585 4686 pracdicari,
2617 4618 2709 4673 sed
2741 4633 2993 4690 perquam
3024 4621 3306 4675 maximam
3334 4632 3523 4692 polen-

1946 4707 2107 4772 tiam,
2150 4706 2271 4777 quia
2297 4705 2413 4776 ejus
2436 4705 2732 4762 substantia
2771 4708 2966 4762 nullam
3004 4708 3291 4780 nequitiam
3330 4712 3527 4769 admit-

1946 4806 2060 4852 tere
2103 4804 2299 4866 potest,
2348 4796 2488 4866 quod
2537 4797 2805 4852 inaccessa
2852 4797 2941 4864 sit,
2982 4814 3134 4868 pura,
3179 4809 3234 4854 et
3273 4815 3523 4871 superna.

1949 4887 2079 4955 Quia
2107 4902 2234 4957 ergo
2262 4887 2366 4942 hoc
2402 4898 2547 4943 recte
2574 4887 2869 4943 discussum
2901 4888 3018 4954 fuit,
3049 4906 3148 4962 age
3180 4893 3247 4947 ad
3280 4897 3524 4965 proposi-

1951 4987 2060 5031 tum
2102 4977 2367 5031 sermonis
2393 4978 2830 5033 exercitationem
2865 4993 3260 5039 convertamns.
3298 4984 3464 5041 Filius
3497 5005 3527 5042 o

1947 5067 2111 5136 seipso
2148 5083 2248 5120 non
2288 5075 2448 5138 potest
2477 5072 2643 5137 facere
2680 5069 2972 5139 quidquam.
3016 5074 3150 5141 Quid
3190 5073 3317 5131 illud
3349 5088 3454 5144 est,
3485 5079 3528 5131 Α

1946 5158 2148 5228 seipso?
2175 5158 2288 5214 Hoc
2315 5158 2361 5212 si
2390 5159 2555 5227 probe
2605 5159 2920 5229 didiceritis,
2949 5168 3244 5235 agnoscetis
3291 5169 3407 5239 ejus
3436 5185 3526 5224 ar-

1947 5260 2086 5305 ctam
2112 5265 2234 5304 cum
2260 5249 2511 5306 Genitore
2532 5253 2980 5322 conjunctiouem,
3013 5260 3207 5313 nullam
3251 5274 3369 5314 esse
3400 5262 3526 5316 sub-

1948 5342 2155 5396 stantia:
2181 5341 2596 5409 distinctionem,
2622 5344 2966 5418 ejusdemque
2990 5364 3111 5404 eum
3138 5364 3257 5404 esse
3278 5352 3521 5405 substan-

1950 5432 2036 5485 tiae
2077 5431 2230 5500 cujus
2267 5430 2443 5485 Pater.
2475 5431 2611 5499 Quid
2648 5434 2807 5504 igitur
2840 5437 2968 5491 illud
3005 5446 3108 5502 est,
3142 5436 3261 5490 Non
3307 5448 3463 5503 potest
3492 5456 3524 5492 a

1946 5522 2145 5593 αἰρωῖ
2179 5520 2294 5576 Non
2321 5532 2493 5593 potest
2524 5525 2786 5594 peculiare
2824 5528 2948 5597 quid
2977 5536 3168 5595 praeter
3206 5528 3414 5583 l‘atrcm
3441 5528 3522 5582 fa-

1947 5629 2091 5680 cere,
2124 5629 2228 5669 non
2256 5624 2430 5685 potest
2451 5617 2784 5686 peregrinum
2811 5619 2934 5688 quid
2960 5627 3015 5672 et
3032 5628 3336 5687 separatum
3365 5637 3395 5674 a
3418 5620 3519 5675 Pa-

1951 5714 2033 5763 tre
2058 5703 2257 5772 Iacere,
2288 5718 2459 5777 neque
2479 5705 2707 5761 alienum
2736 5706 2863 5779 quid
2888 5708 3086 5773 facere,
3113 5706 3197 5764 vel
3217 5709 3357 5767 aliud
3377 5706 3532 5780 quid-
