4038 6204
501 421 605 476 255

504 536 646 606 piam
677 535 816 606 quod
842 548 950 590 non
969 532 1125 588 faciat
1158 531 1350 587 Pater:
1380 547 1497 602 quin
1523 529 1664 585 enim
1697 528 1783 584 hic
1809 527 1950 592 facit,
1978 525 2090 580 lnrc

502 637 558 684 et
595 627 686 684 ille
724 625 867 681 facit.
913 625 1042 680 illud
1079 625 1256 696 igitur,
1288 624 1332 678 Α
1369 624 1532 695 seipso
1552 639 1652 676 non
1698 629 1855 692 potest
1895 619 2078 689 facere,

507 729 605 772 nec
631 717 952 779 libertatem,
984 730 1081 770 nec
1113 714 1399 784 potentiam
1433 713 1593 779 tollit,
1635 712 1728 766 sed
1750 709 2084 766 concordiam

500 807 854 872 demonstrat,
904 820 1246 871 consensum,
1292 815 1346 860 et
1389 813 1589 860 arctam
1634 802 2086 871 coniunctionem,

501 907 690 967 estque
714 896 925 952 unionis
947 895 1197 966 perfecta:
1227 895 1455 965 signum.
1485 893 1618 948 Cum
1641 893 1784 947 enim
1810 891 2086 945 sabbatum

501 989 754 1054 solveret,
796 996 850 1044 et
881 987 1330 1058 praevaricationis
1357 986 1505 1040 illum
1536 997 1868 1046 accusarent,
1902 983 2084 1039 dicen-

505 1093 586 1137 tes
613 1099 628 1136 :
661 1083 778 1136 Alia
809 1082 949 1137 Deus
997 1081 1268 1152 praecepit,
1299 1079 1403 1133 alia
1431 1087 1486 1133 ιιι
1524 1077 1688 1140 facis;
1736 1076 1872 1130 hanc
1901 1090 2084 1131 eorum

503 1174 884 1246 impudentiam
912 1174 1271 1243 comprimens
1320 1171 1410 1226 ille
1457 1170 1531 1225 ait
1563 1188 1576 1223 :
1603 1168 1718 1224 Non
1747 1167 1889 1223 aliud
1923 1184 1952 1221 a
1978 1183 2084 1234 me,

504 1281 661 1336 quam
690 1263 830 1336 quod
872 1279 900 1317 a
929 1264 1104 1330 Patre,
1137 1261 1329 1317 factum
1354 1269 1464 1328 est;
1497 1274 1666 1330 neque
1690 1260 1789 1329 ipsi
1815 1273 1931 1313 sum
1956 1273 2087 1314 con-

507 1360 701 1414 trarius
732 1357 818 1413 vel
859 1356 1052 1412 hostis.
1080 1355 1232 1422 Quod
1259 1355 1305 1409 si
1332 1369 1438 1410 non
1466 1353 1536 1408 ita
1579 1354 1825 1423 loquutus
1850 1359 1964 1414 est,
1992 1350 2087 1406 sed

509 1452 806 1506 humaniori
838 1460 891 1506 et
915 1449 1165 1504 crassiori
1205 1447 1362 1502 modo
1387 1461 1689 1501 sermonem
1719 1443 2051 1498 adumbravit
2071 1485 2085 1509 ,

503 1544 703 1614 cogites
721 1558 842 1598 eum
864 1557 982 1597 cum
1004 1539 1203 1596 Judaeis
1223 1552 1521 1594 sermonem
1545 1535 1811 1600 habuisse,
1831 1533 1920 1604 qui
1939 1533 2086 1588 illum

505 1637 616 1692 Deo
662 1635 986 1692 contrarium
1037 1648 1158 1688 esse
1202 1631 1476 1701 putabant.
1516 1627 1660 1694 ldeo,
1708 1641 1775 1681 ne
1814 1626 1932 1696 quis
1985 1624 2090 1679 tale

504 1727 774 1800 quidpiam
825 1726 1203 1796 suspicaretur,
1233 1721 1409 1778 statim
1447 1719 1648 1775 addidit
1677 1737 1690 1772 :
1722 1717 1890 1789 Opera
1933 1717 2084 1781 enim,

503 1834 616 1886 quin
651 1816 740 1872 ille
766 1816 904 1885 facit,
944 1824 989 1870 et
1017 1813 1062 1867 F
1064 1814 1182 1867 ilius
1203 1813 1432 1866 similiter
1460 1810 1581 1880 facit
1601 1807 1776 1880 (Joan.
1804 1808 1856 1863 5.
1893 1807 2002 1877 19).
2033 1805 2088 1861 Si

506 1924 638 1964 vero
660 1907 789 1962 nihil
819 1923 849 1960 a
875 1907 1050 1976 seipso
1073 1904 1215 1968 facit,
1244 1900 1510 1973 quomodo
1531 1899 1773 1954 similiter
1797 1897 1955 1952 facit?
1975 1897 2088 1951 Non

505 1999 646 2054 enim
678 1997 849 2052 facere
876 2011 1121 2066 magnum
1154 2002 1236 2049 est
1268 2011 1282 2048 :
1315 1992 1440 2046 illud
1472 1991 1612 2046 enim
1643 1989 1866 2060 agebant
1892 1996 1940 2043 et
1963 2002 2092 2056 apo-

506 2091 650 2159 stoli,
698 2100 936 2145 mortuos
961 2088 1283 2154 excitabant,
1332 2086 1571 2154 leprosos
1611 2081 1967 2146 mundabant;
1996 2079 2088 2135 sed

507 2198 612 2238 non
637 2182 882 2235 Similiter
904 2189 959 2234 ut
985 2181 1118 2249 ipse.
1143 2180 1210 2232 At
1237 2175 1504 2247 quomodo
1533 2173 1648 2228 illi?
1679 2172 1813 2240 Quid
1841 2171 1984 2225 nobis
2003 2180 2088 2224 at-

511 2272 734 2338 tenditis,
767 2271 916 2340 quasi
939 2270 1142 2339 propria
1186 2269 1366 2321 virtute
1406 2273 1494 2318 aut
1539 2272 1778 2334 iatestate
1827 2262 2092 2331 fecerimus

511 2365 645 2416 hunc
685 2360 944 2414 ambulare
971 2358 1102 2430 (Act.
1136 2359 1188 2411 5.
1223 2355 1348 2427 l2)?
1389 2353 1664 2421 Quomodo
1691 2361 1865 2408 autem
1902 2350 2094 2406 Jesus?

513 2451 582 2508 lit
611 2453 779 2506 sciatis
821 2451 937 2522 quin
977 2459 1264 2521 potestatem
1295 2446 1439 2500 habet
1476 2444 1640 2498 Filius
1669 2444 1885 2498 hominis
1924 2441 2092 2495 dimit-

510 2544 649 2598 tendi
684 2552 885 2614 peccata
910 2543 962 2596 in
1005 2552 1136 2594 terra
1187 2539 1373 2612 (Marc.
1412 2538 1467 2591 2.
1505 2537 1587 2592 10.
1621 2536 1747 2589 Luc.
1786 2537 1840 2591 5.
1887 2535 2001 2604 24);
2030 2549 2093 2590 ac

513 2651 723 2691 rursum
745 2635 812 2690 de
836 2632 1222 2688 resurrectione
1243 2639 1575 2684 mortuorum
1601 2646 1613 2680 :
1643 2628 1788 2683 Sicut
1811 2623 1972 2680 Pater
1991 2643 2092 2680 sus-

510 2727 630 2779 citat
670 2733 889 2778 mortuos
907 2765 922 2786 ,
953 2732 1001 2776 et
1030 2723 1265 2791 viviﬁcat,
1289 2721 1359 2774 ita
1381 2729 1427 2774 ct
1457 2717 1626 2773 Filius
1643 2735 1768 2790 quos
1797 2716 1901 2770 vult
1925 2716 2090 2785 viviﬁ-

511 2826 594 2871 ται
617 2816 795 2888 (Joan.
821 2815 875 2870 5.
901 2813 1015 2883 21).
1045 2813 1192 2868 Licet
1225 2811 1352 2866 satis
1382 2810 1568 2866 fuisset
1593 2810 1808 2873 dixisse,
1839 2807 1966 2872 Ita;
1999 2807 2092 2864 sed

509 2924 576 2964 cx
599 2906 908 2972 abundanti,
941 2913 998 2958 ut
1021 2903 1397 2974 impudentiam
1428 2902 1637 2958 illorum
1663 2900 1975 2956 retunderet
2002 2904 2088 2970 qui

508 2998 873 3056 contradicere
899 2997 1114 3062 vellent,
1153 2993 1280 3049 illud
1306 2993 1509 3048 addidit
1535 3008 1549 3046 :
1583 2991 1719 3058 Quos
1746 2990 1873 3057 vult,
1902 3005 2094 3062 nempe

509 3107 630 3147 cum
661 3089 804 3144 omni
839 3089 1091 3160 potentia.
1119 3085 1323 3141 Idcirco
1349 3085 1422 3138 ait
1447 3101 1460 3137 :
1493 3083 1660 3154 Opera
1688 3085 1840 3148 enim,
1869 3098 1981 3153 qua:
2005 3080 2095 3136 ille

511 3183 672 3256 facit:
712 3197 816 3236 non
845 3180 993 3246 dicit,
1019 3179 1222 3235 Similia
1252 3185 1305 3232 et
1338 3175 1504 3230 Filius
1548 3171 1704 3240 facit;
1750 3171 1864 3240 sed,
1893 3171 2093 3227 Eadem

511 3274 623 3342 ipsa
655 3271 823 3326 Filius
848 3271 991 3340 facit.
1022 3269 1208 3324 Omnia
1228 3270 1359 3323 enim
1391 3283 1478 3338 per
1504 3266 1669 3337 ipsum
1709 3265 1845 3334 facta
1883 3273 2020 3329 sunt,
2047 3273 2095 3316 et

511 3364 618 3418 sine
642 3363 749 3433 ipso
778 3365 968 3433 factum
993 3371 1064 3414 est
1083 3361 1210 3414 nihil
1238 3358 1418 3428 (Joan.
1447 3359 1498 3413 1.
1523 3358 1601 3428 3).
1630 3355 1792 3411 Vides
1818 3353 2090 3424 quomodo

512 3470 577 3511 co
607 3454 845 3510 intendat
873 3452 1188 3518 orationem,
1219 3461 1275 3506 ut
1323 3451 1520 3505 indicet
1560 3449 1910 3504 arctissimam
1940 3445 2093 3502 unio—

513 3562 656 3612 nem,
693 3546 1117 3616 coniunctionem
1165 3553 1220 3599 et
1243 3558 1584 3604 consensum,
1627 3556 1728 3594 non
1775 3538 1977 3594 Similia
2016 3537 2099 3592 di-

512 3656 660 3704 cens,
683 3639 800 3705 sed,
833 3638 910 3693 Ea
930 3639 1060 3708 ipsa,
1085 3645 1138 3692 et
1161 3635 1422 3702 Similiter,
1447 3643 1504 3687 ut
1530 3632 1726 3686 Pater?
1755 3630 1956 3684 Idcirco
1977 3643 2097 3684 sese

514 3743 876 3801 attemperans
897 3745 958 3784 ac
980 3729 1282 3791 demittens,
1305 3725 1410 3780 illic
1434 3725 1590 3780 etiam
1617 3737 1738 3777 cum
1766 3734 1954 3792 magna
1972 3733 2098 3774 cau-

514 3823 618 3879 tela
643 3823 786 3878 dicto
830 3820 1127 3892 huiusmodi
1156 3833 1281 3873 usus
1309 3825 1408 3872 est.
1453 3815 1571 3870 Non
1614 3814 1756 3867 enim
1792 3811 1944 3877 dixit,
1985 3810 2096 3864 Nisi

513 3915 781 3985 quidpiam
807 3913 1060 3968 doceatur
1083 3926 1110 3964 a
1140 3911 1316 3974 Patre,
1347 3922 1413 3962 ne
1444 3917 1498 3961 tu
1532 3905 1676 3958 illum
1699 3903 1991 3958 discentem
2019 3901 2098 3955 in-

514 4007 770 4071 duceres;
799 4019 970 4075 neque
989 4003 1141 4069 dixit,
1172 4001 1284 4057 Nisi
1307 3998 1430 4069 quid
1448 3997 1714 4067 iubeatur,
1743 4010 1812 4050 ne
1840 3994 1891 4047 in
1922 4009 2098 4047 servo-

513 4113 632 4154 rum
672 4096 858 4152 ordine
898 4095 1070 4165 ipsum
1099 4107 1217 4149 esse
1245 4089 1632 4161 suspicareris:
1664 4085 1782 4152 sed,
1823 4082 1940 4139 Nisi
1978 4083 2100 4153 quid

514 4189 692 4244 viderit
726 4187 928 4241 Patrem
956 4186 1238 4256 facientem.
1284 4182 1348 4236 Et
1385 4181 1487 4234 hoc
1515 4180 1674 4234 etiam
1704 4177 1791 4231 illo
1821 4173 1979 4230 modo
2015 4171 2101 4226 di-

514 4295 683 4348 ctum,
717 4297 958 4352 magnam
991 4279 1182 4333 indicat
1213 4292 1332 4330 cum
1373 4275 1527 4328 Patre
1565 4269 2012 4340 coniunctionem.
2045 4263 2100 4318 Si

517 4377 659 4430 cnim
693 4381 868 4441 potest
897 4371 1105 4424 Patrem
1128 4367 1310 4422 videre
1336 4373 1640 4434 operantem
1668 4401 1681 4423 ,
1711 4369 1765 4414 et
1793 4359 1932 4413 scire
1971 4369 2103 4424 qum

520 4462 680 4518 modo
706 4468 974 4530 operetur,
997 4458 1235 4526 eiusdem
1275 4464 1358 4509 est
1396 4453 1728 4508 substantizc.
1757 4448 1910 4517 Sa-pe
1952 4461 2102 4499 nam-

522 4566 626 4623 que
646 4547 971 4604 ostendimus
991 4556 1168 4612 antea,
1190 4544 1534 4598 substantiam
1555 4542 1645 4596 Dci
1665 4544 1926 4594 neminem
1949 4551 2101 4606 posse

519 4647 764 4696 accurate
788 4636 988 4704 videre,
1015 4651 1185 4707 neque
1207 4635 1349 4688 clare
1372 4646 1714 4702 cognoscere,
1741 4629 1839 4682 nisi
1863 4625 2103 4697 eiusdem

520 4734 589 4787 sit
617 4740 838 4788 naturae.
882 4729 1135 4802 Angelum
1168 4735 1311 4782 certe
1361 4724 1498 4778 nuda
1540 4721 1830 4777 substantia
1876 4734 2113 4789 praesen-

539 5247 1224 5264 “mm”

1243 417 1299 474 S.
1335 415 1612 474 JOANNIS
1648 410 2115 470 CHRYSOSTOMI
2154 412 2464 468 AliClllEl’.
2505 412 3037 469 CONSTANTINOP.

3628 423 3713 476 εει

2203 534 2305 578 tem
2339 524 2517 592 homo,
2560 526 2681 581 licet
2710 542 2896 598 magna
2936 528 3128 582 virtute
3168 537 3400 594 ornatus,
3443 529 3606 588 videre
3632 551 3718 591 non

2196 617 2386 684 potuit,
2434 630 2624 687 nempe
2668 618 2871 672 Daniel.
2916 616 3039 674 ldeo
3083 618 3217 674 hanc
3254 623 3396 690 quasi
3441 621 3718 694 singularem

2186 714 2394 762 naturae
2423 722 2534 762 sua:
2577 710 2977 778 praerogativam
3027 707 3301 776 elferebat,
3343 708 3518 766 dicens
3547 728 3560 771 :
3588 713 3723 769 Deam

2187 806 2340 846 nemo
2373 797 2496 850 vidit
2537 814 2809 868 umquam;
2836 801 3117 869 unigenitus
3157 800 3204 854 F
3207 802 3338 865 ilius,
3364 804 3445 872 qui
3469 813 3534 857 est
3563 805 3608 858 in
3631 808 3726 860 sinu

2197 885 2386 951 Patris,
2415 887 2521 958 ipse
2547 891 2797 942 enarravit
2839 889 3018 960 (Joan.
3044 892 3094 945 1.
3121 890 3230 960 18).
3258 891 3320 944 Ει
3364 909 3561 947 rursum
3585 912 3598 948 :
3630 895 3726 948 Non

2191 979 2326 1048 quod
2366 979 2573 1035 Patrem
2619 982 2794 1034 viderit
2821 983 3104 1052 quisquam,
3136 985 3231 1036 nisi
3275 984 3315 1037 is
3341 985 3422 1052 qui
3461 995 3528 1039 est
3553 1003 3582 1038 a
3621 985 3728 1052 Deo,

2192 1072 2280 1126 ille
2305 1072 2425 1125 vidit
2466 1071 2670 1127 Patrem
2712 1074 2888 1141 (Joan.
2917 1075 2968 1128 6.
2998 1075 3110 1144 46).
3152 1073 3262 1128 Etsi
3309 1075 3453 1129 multi
3495 1076 3594 1141 alii,
3625 1093 3729 1144 pro-

2196 1162 2387 1231 phetae,
2431 1163 2765 1233 patriarchae,
2800 1165 2925 1233 iusti
2955 1172 3009 1218 et
3037 1165 3209 1234 angeli
3257 1165 3476 1219 viderint
3506 1182 3519 1218 :
3545 1167 3630 1220 sed
3679 1169 3732 1220 de

2195 1253 2429 1323 perfecta
2464 1257 2762 1325 cognitione
2791 1256 3036 1326 loquitur.
3071 1255 3148 1312 Ne
3175 1257 3348 1326 itaque
3377 1257 3598 1311 dicamus
3631 1273 3732 1312 enm

2195 1353 2319 1400 tunc
2351 1346 2547 1414 facere,
2577 1363 2696 1403 cum
2728 1349 2872 1404 videt
2904 1365 3024 1404 eum
3072 1367 3086 1402 :
3122 1365 3243 1403 nam
3271 1364 3370 1419 qua
3398 1349 3590 1404 ratione
3629 1349 3732 1404 illud

2193 1447 2478 1505 constaret,
2525 1439 2707 1495 Omnia
2752 1458 2840 1510 per
2862 1441 3029 1511 ipsum
3066 1441 3205 1510 facta
3244 1452 3380 1506 sunt,
3430 1451 3473 1494 et
3505 1442 3604 1494 sine
3645 1442 3734 1511 ipso

2195 1530 2384 1599 factum
2409 1539 2480 1583 est
2510 1530 2639 1584 nihil
2665 1531 2838 1601 (Joan.
2871 1532 2921 1585 1.
2945 1530 3042 1599 5)?
3065 1546 3270 1586 necnon
3295 1529 3441 1594 illud,
3473 1529 3627 1600 Opera
3643 1547 3736 1599 qua

2193 1621 2278 1675 ille
2301 1622 2440 1692 facit,
2473 1621 2578 1676 haec
2621 1632 2665 1676 et
2713 1621 2880 1677 Filius
2907 1623 3139 1678 similiter
3178 1623 3301 1691 facit
3333 1620 3505 1692 (Joan.
3528 1622 3578 1677 5.
3618 1621 3733 1689 l9)?

2194 1715 2324 1770 Nam
2355 1716 2401 1770 si
2443 1716 2687 1770 similiter
2731 1717 2873 1781 facit,
2913 1715 3200 1786 quomodo,
3245 1730 3368 1768 cum
3400 1715 3537 1784 prius
3577 1713 3739 1768 viderit

2196 1805 2365 1870 illum,
2399 1813 2524 1860 tunc
2554 1805 2714 1860 facit?
2752 1805 2982 1861 Necesse
3006 1806 3150 1859 enim
3194 1805 3298 1861 erit
3334 1819 3399 1859 ex
3435 1803 3533 1857 hoc
3569 1813 3648 1857 tuo
3675 1804 3740 1856 di-

2194 1908 2281 1952 cto
2326 1898 2485 1952 etiam
2530 1898 2740 1953 Patrem
2765 1907 2906 1953 .tunc
2956 1898 3164 1968 Operari
3209 1912 3332 1951 cum
3379 1897 3565 1951 viderit
3604 1896 3739 1949 alium

2195 2000 2540 2060 operantem;
2583 1990 2632 2045 id
2672 1989 2810 2061 quod
2857 1999 3108 2046 extrema:
3136 1988 3418 2044 dementia:
3459 1987 3743 2056 insanimque

2196 2080 2374 2136 fuerit.

2267 2173 2322 2227 7.
2362 2172 2468 2229 Sed
2513 2188 2580 2228 ne
2628 2172 2743 2228 haec
2786 2172 3046 2227 imbecilla
3085 2180 3138 2226 et
3175 2170 3404 2225 absurda
3431 2168 3735 2224 confutantes

2196 2279 2497 2319 sermonem
2530 2264 2737 2334 longius
2763 2264 3140 2335 producamus,
3193 2262 3300 2317 hoc
3324 2261 3572 2316 addemus
3599 2277 3613 2315 :
3640 2260 3741 2330 quia

2195 2369 2314 2409 cum
2340 2354 2538 2409 Judzeis
2576 2369 2877 2409 sermonem
2908 2353 3155 2418 habebat,
3197 2355 3286 2422 qui
3329 2353 3474 2406 illum
3510 2351 3612 2406 Deo
3635 2367 3746 2406 cono

2199 2446 2418 2500 trarium
2457 2445 2743 2513 dicebant,
2790 2456 2844 2499 et
2884 2445 3172 2514 legislatori
3203 2443 3506 2506 inimicum,
3547 2441 3747 2512 quodex

2197 2537 2262 2592 iis
2303 2553 2421 2608 quae
2461 2537 2594 2591 facta
2623 2537 2833 2592 fuerant
2862 2537 2934 2590 illi
2965 2536 3320 2606 colligebant,
3353 2536 3430 2590 sic
3456 2535 3539 2588 ille
3566 2548 3746 2588 sermo-

2197 2643 2318 2684 nem
2373 2627 2684 2682 humaniore
2711 2634 2766 2682 et
2792 2627 3057 2682 crassiore
3086 2626 3242 2682 modo
3269 2625 3612 2689 concinnavit,
3646 2639 3750 2693 pru-

2196 2721 2340 2776 denti
2383 2719 2609 2774 auditori
2653 2719 2975 2789 reliuquens,
3010 2719 3077 2773 de
3107 2717 3189 2771 his
3217 2719 3289 2772 ita
3318 2718 3510 2771 sentire
3531 2759 3543 2780 ,
3582 2724 3633 2768 ut
3659 2714 3750 2767 Deo

2196 2823 2613 2869 consentaneum
2641 2823 2774 2880 erat,
2803 2822 2857 2868 et
2885 2829 2978 2868 eos
3007 2813 3095 2883 qui
3128 2813 3379 2866 crassiori
3428 2811 3575 2864 modo
3615 2807 3748 2862 intel-

2195 2907 2429 2979 ligebant
2451 2907 2756 2978 corrigens;
2802 2888 3144 2975 quamobrem
3174 2905 3390 2959 dicebat
3421 2921 3435 2956 :
3467 2903 3622 2972 Opera
3639 2900 3749 2954 enim

2195 3015 2306 3070 qua:
2328 2999 2413 3054 ille
2433 2999 2574 3070 facit,
2606 2999 2711 3051 hcce
2745 3007 2790 3051 et
2811 2997 2975 3051 Filius
2999 2996 3227 3051 similiter
3255 2996 3402 3066 facit.
3434 2993 3604 3064 Neque
3629 2993 3749 3046 enim

2197 3099 2492 3164 exspectat,
2523 3091 2694 3146 donec
2721 3090 2907 3145 viderit
2925 3089 3131 3143 Patrem
3161 3089 3464 3154 facientem,
3486 3098 3537 3139 ut
3560 3094 3671 3138 tunc
3691 3083 3751 3146 ia-

2198 3186 2323 3250 ciat,
2352 3198 2525 3254 neque
2551 3181 2827 3252 disciplina
2854 3194 2987 3250 opus
3014 3179 3171 3232 habet
3199 3195 3215 3233 :
3244 3178 3344 3232 sed
3368 3176 3509 3231 videt
3528 3175 3633 3244 eius
3649 3173 3752 3227 sub-

2198 3276 2472 3342 stantiam,
2503 3275 2775 3345 ipsamque
2801 3273 2944 3327 clarc
2972 3271 3117 3325 novit
3145 3287 3158 3323 :
3201 3269 3352 3324 Sicut
3374 3269 3514 3323 enim
3547 3266 3667 3319 novit
3690 3278 3753 3316 me

2199 3368 2376 3434 Pater,
2411 3377 2458 3421 et
2505 3383 2595 3437 ego
2623 3381 2839 3436 agnosco
2866 3363 3077 3417 Patrem
3115 3361 3296 3432 (Joan.
3327 3362 3412 3416 l0.
3446 3358 3530 3429 l5)
3557 3375 3570 3425 ;
3601 3357 3750 3412 omnia

2199 3469 2376 3514 autem
2406 3468 2656 3528 operatur
2676 3468 2731 3511 et
2759 3455 2918 3511 efficit
2958 3470 3078 3509 cum
3129 3463 3396 3524 potestate
3438 3452 3534 3522 ipsi
3577 3462 3749 3505 conve-

2202 3551 2388 3616 nienti,
2430 3563 2555 3603 cum
2601 3546 2947 3617 intelligentia
2995 3554 3050 3600 et
3091 3544 3356 3614 sapientia
3401 3543 3567 3612 ipsum
3611 3537 3752 3593 comi-

2202 3650 2374 3706 tante,
2407 3641 2490 3694 cui
2523 3637 2654 3692 nihil
2679 3647 2770 3691 aut
2794 3637 2998 3691 discere
3028 3644 3117 3690 aut
3146 3633 3330 3688 videre
3358 3648 3493 3702 opus
3525 3631 3606 3684 sit.
3631 3630 3753 3694 Quo-

2204 3731 2366 3787 modo
2395 3731 2534 3785 cnim
2561 3745 2694 3798 opus
2713 3727 2889 3793 fuerit,
2917 3741 3037 3780 eum
3060 3727 3128 3779 sit
3150 3724 3384 3794 perfecta
3401 3722 3566 3778 Patris
3585 3721 3751 3787 imago,

2201 3833 2256 3880 et
2279 3823 2477 3887 omnia,
2506 3835 2624 3891 quae
2655 3819 2766 3885 ille,
2796 3819 3042 3874 similiter
3069 3817 3228 3872 faciat
3250 3825 3306 3870 et
3329 3829 3450 3870 cum
3479 3811 3652 3867 eadem
3677 3822 3754 3877 po-

2203 3913 2430 3971 testate?
2475 3914 2548 3966 De
2595 3921 2858 3982 potestate
2887 3909 3028 3965 enim
3058 3909 3284 3978 loquens
3325 3908 3437 3960 haec
3462 3902 3710 3974 subiunxit
3738 3915 3748 3951 ε

2205 4005 2314 4078 Ego
2341 4015 2386 4059 et
2420 4002 2574 4058 Pater
2601 4019 2755 4056 unum
2792 4017 2963 4056 sumus
3004 3998 3182 4070 (Joan.
3216 3997 3307 4053 10.
3333 3998 3447 4067 50).
3481 3997 3596 4050 ihec
3621 3993 3752 4062 igitur

2203 4097 2417 4163 omnia,
2467 4111 2587 4165 qua:
2635 4094 2774 4148 dicta
2827 4101 2989 4157 sunt,
3041 4091 3270 4145 scientes
3305 4099 3360 4144 et
3397 4086 3750 4154 iiitelligentes,

2203 4202 2512 4243 aversemur
2543 4186 2909 4241 haereticorum
2931 4191 3122 4248 cmtus,
3152 4189 3421 4250 rectaeque
3445 4179 3562 4235 fidei
3589 4187 3752 4245 perpe-

2207 4291 2297 4336 tuo
2328 4282 2643 4346 hmreamus,
2674 4288 2728 4333 et
2772 4287 3070 4332 accuratam
3103 4289 3393 4344 paremque
3420 4269 3658 4325 doctrina:
3692 4261 3752 4313 vi-

2206 4383 2314 4430 tam
2346 4374 2699 4436 instituamus,
2743 4381 2800 4425 ut
2829 4370 2999 4423 futura
3029 4369 3166 4422 bona
3206 4377 3613 4435 consequamur,
3649 4371 3750 4426 gra-

2207 4467 2279 4520 tia
2308 4476 2363 4520 et
2391 4463 2815 4520 miseratioaibus
2849 4460 3056 4516 Domini
3086 4459 3252 4514 nostri
3282 4458 3410 4512 Jesu
3442 4450 3646 4514 Christi,
3684 4443 3750 4498 cui

2207 4559 2375 4630 gloria
2403 4567 2456 4612 e:
2481 4556 2780 4626 imperium,
2815 4569 2914 4608 una
2945 4569 3065 4608 cum
3098 4552 3251 4606 Patre
3280 4561 3336 4606 et
3359 4547 3558 4619 Spiritu
3577 4547 3752 4600 sancto.

2211 4665 2355 4707 nunc
2379 4657 2434 4706 et
2461 4663 2692 4718 semper,
2724 4655 2778 4702 et
2807 4647 2858 4702 in
2883 4645 3079 4701 saecula
3107 4642 3445 4698 saaculorum.
3482 4640 3660 4693 Anien.

1251 5212 3712 5249 “ww—AW

1229 5246 1650 5259 ..υ-*ᾑ-

1951 5371 2325 5432 MONITUM

600 5501 994 5576 llauc_quoquc
1041 5498 1318 5576 homiliam
1353 5501 1495 5553 eruit
1536 5498 1940 5576 laudatissimus
1974 5497 2054 5550 vir
2097 5497 2287 5576 Erieus
2321 5495 2605 5549 Benzelius
2642 5511 2706 5576 ex
2752 5495 3045 5576 deicibus
3080 5495 3390 5576 Anglicani?
3431 5502 3487 5550 ct
3526 5487 3723 5576 Upsalite

528 5556 847 5629 ediditaEst
883 5556 1064 5626 autem
1088 5609 1100 5632 ,
1136 5569 1277 5639 quod
1325 5579 1536 5636 spectat
1580 5570 1700 5637 eius
1732 5578 1941 5638 partem
1975 5567 2392 5639 noniniuimam
2414 5605 2430 5627 ,
2474 5565 2799 5639 praecedenti
2832 5581 2942 5620 non
2988 5556 3286 5639 dissimilis.
3314 5565 3466 5620 Licet
3505 5556 3634 5639 enim
3667 5556 3724 5639 tle

532 5627 926 5699 llclcliisedeco
950 5681 963 5702 ,
997 5650 1055 5695 ut
1086 5627 1191 5694 fert
1220 5627 1499 5708 inscriptio
1524 5679 1539 5702 ,
1571 5627 1778 5708 agatur,
1814 5653 1941 5708 non
1967 5632 2398 5708 ιηίειὶιιιειιιιιιιρη
2435 5627 2560 5708 pars
2598 5636 3056 5708 homiliagucontra
3096 5637 3387 5692 Anomaaos
3423 5642 3520 5689 est.
3550 5627 3724 5684 Deinde

530 5729 662 5767 vero
693 5721 882 5767 contra
919 5704 1742 5778 Melchisedecitas'disputatur,
1770 5708 1860 5778 qui
1893 5707 2144 5778 dicebant
2174 5705 2624 5778 Melchisedecum
2649 5704 2929 5778 esscﬂFAilio
2961 5706 3217 5774 maiorem
3245 5722 3258 5766 ;
3290 5705 3375 5758 alii
3399 5713 3567 5757 autem
3588 5705 3724 5778 puta-

531 5766 664 5851 ιηιη
692 5766 816 5837 esse
842 5766 1106 5851 Spiritum
1137 5790 1382 5851 sanctum
1409 5796 1430 5851 ;
1565 5766 1922 5851 docetetiani
1943 5777 2290 5851 Epiphanius
2332 5775 2527 5829 lla'rcsi
2554 5775 2642 5838 46,
2671 5776 2746 5828 al.
2778 5776 2869 5837 55,
2901 5766 3126 5851 quodin
3160 5775 3300 5829 notis
3327 5774 3564 5851 dicimus
3587 5766 3720 5851 infra.

533 5850 675 5906 Cave
697 5834 1060 5922 autemrputes
1083 5834 1220 5908 hanc
1253 5851 1305 5906 in
1334 5834 1786 5906 Me'lchiscdccum
1811 5834 2083 5901 homiliatn
2101 5861 2216 5900 eam
2241 5862 2382 5911 esse,
2407 5862 2568 5915 quam
2593 5834 2981 5902 commemorat
3014 5846 3425 5917 Chrysostomns
3453 5842 3502 5895 in
3526 5834 3725 5893 Homilia
