4104 6214
517 353 626 411 257

540 551 3496 590 Mm

1216 345 1275 403 S.
1308 343 1596 403 JOANNIS
1630 341 2087 401 CHRYSOSTOH

2190 343 2488 395 ιιιυιιιιιιι.
2527 334 3070 393 CUNSTANTINOP.

3643 324 3750 378 253

1632 899 1969 1017 ΤΟΥ
2072 893 2629 1012 ΑΥΤΟΥ

1800 1175 1903 1240 Ek
1938 1170 2045 1226 τὸν
2082 1167 2473 1239 Μελχισεδέκ.

1994 1439 2294 1452 .———.

492 1711 561 1757 α’.
614 1703 994 1772 Ἀποστολικὴν
1024 1704 1152 1773 ὑμῖν
1185 1703 1422 1774 σήμερον
1471 1703 1728 1776 βούλομαι
1760 1705 2084 1777 παραθεῖναι

419 1794 720 1867 τράπεζαν,
758 1793 851 1845 καὶ
885 1792 1023 1863 πρὸς
1054 1793 1116 1847 τὸ
1145 1792 1378 1861 πέλαγος
1411 1809 1512 1864 της
1536 1793 1748 1847 Παύλου
1768 1795 1950 1865 φωνῆς
1977 1797 2092 1848 δια-

420 1881 704 1934 τεῖναιτὺν
718 1879 874 1948 λόγον
907 1880 1418 1950 παρασκευάζομαι.
1445 1881 1606 1934 Ἀλλά
1622 1881 1884 1947 τίπάθω;
1917 1882 2090 1935 Ὀκνῶ

422 1970 516 2022 καὶ
540 1969 752 2021 δέδοικα
785 1969 994 2037 μήποτε
1018 1967 1108 2019 τὸν
1139 1967 1335 2036 λιμένα
1375 1967 1699 2033 ἐξελθόντες,
1733 1970 1828 2022 καὶ
1868 1973 2004 2040 πρὸς
2029 1969 2090 2022 τὸ

424 2051 586 2122 βάθος
617 2052 1058 2120 καταντήσαντες
1076 2049 1185 2102 τῶν
1210 2051 1580 2104 ἀποστολικῶν
1615 2048 1765 2124 [266]
1805 2053 2090 2123 νοημάτων

425 2139 836 2209 ίλιγγιάσωμεν,
855 2139 994 2210 ὅπερ
1025 2139 1324 2208 πάσχουσιν
1346 2141 1391 2192 σί
1417 2139 1525 2193 τῶν
1559 2140 1860 2214 πλωτήρων
1880 2141 2086 2212 ἀήθεις.

423 2228 533 2281 Καὶ
559 2227 669 2298 γάρ
699 2228 895 2278 ἐκεῖνοι
941 2226 1162 2278 ἐπειδάν
1193 2228 1291 2296 τὴν
1317 2228 1420 2298 γῆν
1467 2229 1716 2296 ἀφέντες,
1740 2230 1800 2294 ἐξ
1825 2231 2089 2299 ἐκατέρου

425 2311 489 2380 μέ
501 2327 625 2380 ρους
652 2310 751 2379 τῆς
779 2311 904 2379 νηὸς
929 2309 1162 2378 πέλαγος
1189 2309 1391 2374 ἴδωσιν,
1423 2313 1517 2363 καὶ
1545 2312 1694 2366 οὐδὲν
1717 2313 1902 2384 ἕτερον
1934 2313 1966 2384 ἢ
1994 2312 2092 2366 θά-

421 2398 624 2452 λατταν
654 2399 749 2451 καὶ
773 2396 1022 2469 οὐρανὸν,
1057 2397 1358 2468 σκοτοδινίᾳ
1379 2398 1721 2468 κατέχονται,
1749 2400 1842 2454 καὶ
1863 2399 2090 2470 περιφέ-

427 2483 618 2555 ρεσθαι
662 2486 848 2548 αὐτοῖς
875 2484 935 2537 τὸ
961 2484 1144 2536 πλοῖον
1169 2483 1354 2552 κύκλῳ
1384 2485 1664 2554 νομίζουσι
1710 2485 1846 2556 μετά
1870 2486 1967 2556 τῆς
1995 2485 2091 2538 θαο

421 2573 641 2642 λάττης.
689 2571 828 2625 Ἀλλ’
869 2571 928 2624 οὑ
960 2571 1111 2641 παρὰ
1144 2569 1244 2639 τήν
1283 2570 1444 2638 φύσιν
1482 2573 1580 2641 τῆς
1618 2572 1906 2638 Θαλάττης,
1955 2573 2090 2626 ἀλλά

425 2660 577 2728 παρά
607 2659 706 2728 τὴν
751 2657 1006 2723 ἀπειρίαν
1043 2657 1150 2710 τῶν
1186 2657 1462 2710 πλούντων
1499 2660 1549 2710 οἱ
1595 2658 1794 2728 ίλιγγοι
1828 2659 2087 2728 γίνονται.

423 2746 644 2815 Ἕτεροι
673 2740 767 2799 οὖν
800 2755 825 2784 ο
857 2743 965 2797 τῶν
994 2743 1208 2797 ναυτῶν
1237 2747 1462 2815 γυμνοῖς
1487 2748 1596 2810 τοῖς
1641 2745 1886 2816 σώμασιν
1929 2748 2090 2800 ἐκκυο

423 2831 654 2884 ϐιστῶσι
701 2831 843 2884 κατά
893 2829 1003 2884 τῶν
1047 2831 1327 2901 κυμάτων,
1377 2833 1471 2884 καὶ
1524 2831 1676 2885 οὐδὲν
1725 2832 1994 2903 πάσχουσί
2037 2850 2091 2886 τι

421 2917 662 2972 τοιοῦτον
685 2935 697 2947 ·
728 2918 864 2971 ἀλλά
891 2917 1028 2988 πρὸς
1057 2917 1118 2970 τὸ
1148 2917 1310 2986 βάθος
1337 2919 1673 2982 καταϐάντες
1701 2920 1855 2983 αὑτὸ,
1886 2919 1992 2973 τῶν
2032 2921 2090 2972 ἐν
2145 2927 2150 2934 ’

422 3007 612 3077 ἐδάφει
656 3006 984 3076 καθημένων
1021 3005 1426 3077 ἀσφαλέστερον
1473 3005 1829 3077 διατρίϐουσι,
1865 3008 1959 3061 καὶ
2012 3006 2092 3078 τῷ

425 3095 674 3164 στόματι,
727 3093 822 3148 καὶ
871 3096 984 3157 τοῖς
1036 3093 1356 3163 ὀφθαλμοῖς,
1407 3094 1502 3146 καὶ
1532 3096 1695 3149 παντὶ
1748 3094 1824 3165 τῷ
1877 3094 2090 3166 σώματι

422 3181 703 3250 δεχόμενοι
730 3180 832 3251 τὴν
857 3180 1057 3250 άλμην,
1085 3181 1148 3232 οὑ
1181 3179 1641 3250 δυσχεραίνουσιν.
1674 3181 1941 3235 Τοσοῦτόν
1975 3184 2090 3235 ἐστι

429 3267 630 3338 μᾶλλον
664 3268 759 3319 καὶ
787 3266 1029 3318 τοιοῦτον
1063 3266 1290 3337 ἀπειρία
1313 3266 1483 3320 κακόν
1511 3266 1559 3322 b.
1591 3265 1780 3331 Οὕτως
1826 3267 1964 3338 αὕτη
1997 3268 2091 3322 καὶ

423 3355 530 3408 τῶν
576 3352 826 3422 φοϐερῶν
863 3355 1223 3423 καταφρονεῖν
1273 3352 1485 3406 πείθει·
1546 3353 1731 3426 ἐκείνη
1775 3355 1831 3409 δέ
1883 3357 1977 3411 καὶ
2023 3356 2090 3409 τά

423 3441 640 3512 ἀσφαλῆ
695 3439 1026 3493 ὑποπτεύειν
1075 3440 1168 3493 καὶ
1206 3439 1501 3503 δεδοικέναι
1548 3442 1980 3512 παρασκευάζει.
2019 3444 2085 3497 Ol

425 3531 526 3603 μὲν
553 3530 661 3600 γάρ
690 3528 776 3596 ἐφ’
807 3528 1027 3598 ὑψηλῶν
1044 3528 1151 3581 τῶν
1177 3529 1364 3600 ἰκρίων
1389 3529 1683 3600 καθήμενοι
1710 3532 1808 3602 τῆς
1827 3532 1973 3602 νηὸς,
1995 3534 2090 3586 καί

423 3617 560 3687 πρὸς
577 3618 676 3688 τὴν
697 3615 824 3670 θέαν
857 3614 1180 3682 ίλιγγιῶσι),
1209 3617 1256 3668 οἱ
1278 3614 1334 3666 δὲ
1361 3617 1418 3668 ἐν
1445 3615 1629 3685 μέσοις
1649 3617 1710 3669 οὑ
1735 3615 2089 3688 θορυϐοῦνται

420 3709 535 3770 τοῖς
563 3704 822 3776 κύμασιν.
873 3703 1042 3756 Τοῦτο
1069 3702 1164 3755 καὶ
1193 3703 1286 3754 ἐπὶ
1333 3703 1432 3772 τῆς
1461 3703 1698 3767 διανοίας
1737 3705 1946 3771 γίνεται
1989 3708 2089 3776 τῆς

422 3795 718 3866 ἡμετέρας.
755 3792 866 3846 Καὶ
889 3791 998 3862 γὰρ
1031 3792 1124 3845 καὶ
1153 3789 1360 3867 ταύτην
1387 3790 1648 3856 πολλάκις
1679 3791 2088 3863 καταλαμϐάνει

422 3882 644 3952 κύματα
687 3879 894 3944 παθῶν,
941 3877 1241 3932 θαλαττίων
1285 3877 1615 3950 ἀγριώτερα,
1647 3875 1758 3933 οἷον
1800 3879 1958 3951 ζάλη,
1991 3880 2087 3933 θυ-

427 3970 524 4041 μὸν
551 3981 573 4008 ε
614 3967 858 4022 κάτωθεν
894 3967 1191 4039 στρέφοντα
1227 3965 1327 4038 τὴν
1357 3966 1604 4036 καρδίαν,
1637 3969 1924 4039 πνεύματα
1965 3970 2087 4022 ἐπι-

423 4052 624 4123 θυμίας
676 4051 938 4121 πονηρᾶς,
994 4048 1251 4102 ποιοῦντα
1297 4049 1497 4120 πολλὴν
1547 4051 1645 4121 τῆς
1701 4051 1940 4115 διανοίας
1987 4052 2087 4124 τὴν

424 4137 707 4209 σύγχυσιν.
752 4135 891 4190 Ἀλλ’
917 4138 944 4190 6
971 4135 1070 4207 μὲν
1095 4135 1320 4206 ἄπειρος
1351 4137 1445 4189 καὶ
1478 4137 1830 4207 ἀμελέτητος,
1859 4139 2088 4209 ἀρχομέ-

421 4243 515 4279 νου
539 4224 633 4277 τοῦ
661 4224 926 4294 χειμῶνος
951 4224 1050 4294 τῆς
1073 4223 1265 4293 ὀργῆς,
1300 4224 1504 4285 εὐθέως
1533 4225 1863 4296 θορυϐεῖται,
1893 4227 2090 4298 ταράτ-

420 4332 596 4376 τεται,
631 4314 932 4365 κλονεῖται·
994 4313 1094 4382 ὁρᾷ
1113 4313 1403 4382 γινομένην
1432 4312 1760 4383 ὑποϐρύχιον
1785 4314 1882 4385 τὴν
1909 4315 2088 4387 ψυχὴν

422 4401 528 4455 ὑπὸ
555 4399 664 4454 τῶν
690 4399 899 4460 παθῶν,
925 4395 1020 4452 καὶ
1047 4399 1304 4467 ναυάγιον
1336 4400 1712 4469 ὑπομένουσαν
1731 4417 1744 4431 ·
1769 4402 1867 4455 όδέ
1897 4403 2090 4473 ἔμπει-

423 4504 516 4554 ρος
539 4487 632 4539 καὶ
664 4484 1069 4556 μεμελετηκὼς,
1087 4485 1157 4537 τά
1173 4484 1397 4538 τοιαῦτα
1419 4486 1572 4556 φέρει
1589 4489 1849 4554 γενναίως
1873 4506 1887 4520 ·
1920 4489 2089 4545 καθά-

421 4593 527 4648 περ
570 4574 913 4644 κυϐερνήτης
953 4574 1046 4626 ἐπὶ
1081 4573 1189 4626 τῶν
1229 4575 1451 4638 οίάκων,
1495 4574 1668 4641 οὑτως
1707 4579 1797 4632 τὸν
1829 4579 2088 4653 λογισμὸν

421 4665 606 4716 ἐπάνω
653 4661 760 4714 τῶν
807 4660 997 4714 παθῶν
1049 4660 1313 4724 καθίσας,
1369 4662 1430 4714 οὐ
1477 4664 1743 4736 πρότερον
1792 4668 2086 4738 ἀφίσταται

423 4753 600 4805 πάντα
645 4749 836 4812 ποιῶν,
903 4749 1006 4812 ἕως
1042 4748 1107 4802 ἂν
1149 4747 1450 4821 κατευθύνῃ
1484 4749 1542 4802 τὸ
1577 4753 1782 4820 σκάφος
1818 4756 1952 4824 πρὸς
1996 4761 2088 4811 τὸν

420 4837 592 4890 εῦδιον
614 4837 712 4906 τῆς
738 4835 1055 4906 φιλοσοφίας
1079 4835 1291 4906 λιμένα.
1327 4836 1503 4908 Ὅπερ
1531 4832 1623 4891 οῦν
1653 4841 1744 4892 ἐπὶ
1764 4841 1860 4912 τῆς
1892 4843 2086 4900 θαλάτ-

419 4942 519 4994 της
551 4924 782 4991 γίνεται,
814 4925 910 4976 καὶ
941 4925 1034 4975 ἐπὶ
1061 4923 1161 4994 τῆς
1187 4923 1423 4986 διανοίας
1463 4924 1772 4996 συμϐαίνει,
1805 4929 1966 4983 τοῦτο
1994 4940 2088 4984 και

420 5012 477 5063 ἐν
511 5015 577 5081 τῇ
611 5011 867 5082 ἐξηγήσει
896 5011 1004 5064 τῶν
1032 5011 1264 5082 Γραφῶν
1286 5014 1619 5082 συμπίπτειν
1648 5016 1881 5088 ἀνάγκη,
1923 5018 2083 5090 Θορυ-

421 5098 655 5160 δεῖσθαι,
711 5099 1109 5169 ταράττεσθαι·
1147 5099 1369 5153 ἐπειδάν
1397 5100 1452 5153 δὲ
1483 5100 1510 5139 ἀ
1545 5102 1848 5174 ἐξέλθωμεν
1891 5107 1972 5170 είς
2025 5108 2084 5161 τὸ

421 5187 683 5254 πέλαγος·
715 5187 816 5238 οὑκ
846 5186 1031 5257 ἐπειδὴ
1071 5185 1130 5239 τὸ
1169 5186 1402 5256 πέλαγος
1446 5188 1693 5261 φοϐερὸν,
1739 5191 1853 5245 ἀλλ’
1897 5195 2083 5269 ἐπειδὴ

417 5276 580 5345 ἡμεῖς
608 5273 657 5325 oi
696 5272 946 5337 πλέοντες
965 5274 1200 5344 ἄπειροι.
1227 5275 1474 5347 Ὂτιγάρ
1499 5279 1896 5341 ἐστιν,εῦκολον
1924 5283 2082 5352 φύσει

481 5363 507 5390 ⁸
535 5360 732 5432 Οὖνλιιξο
754 5373 842 5422 pro
859 5361 948 5432 γάρ
970 5359 1325 5432 εοεὶρὶθηιίυηι,
1344 5369 1404 5432 ut
1443 5369 1730 5432 .sexeenties
1784 5369 1900 5418 alibi
1955 5375 2082 5432 apud

418 5421 814 5487 Cbry_s_ostomum
834 5421 992 5470 οὖνἐι
1010 5421 1123 5487 γοῦν
1141 5435 1254 5487 nam
1277 5425 1356 5487 vel
1377 5421 1501 5473 enim
1521 5428 1812 5487 signiﬁcant.

481 5484 508 5524 δ
535 5485 651 5532 limae
688 5484 906 5532 clausula
930 5484 1030 5532 est
1059 5485 1186 5532 haud
1224 5485 1373 5533 dubie
1425 5484 1590 5536 anteré
1613 5490 1834 5538 membro
1884 5494 2070 5544 mutila.

419 5545 676 5620 Ifostil'lud
701 5547 832 5620 enim
853 5544 1068 5620 τοιοῦτον
1086 5546 1275 5620 ἀπειρία
1331 5547 1495 5606 κακόν,
1552 5549 1812 5612 legebatur
1860 5552 2076 5605 τοιοῦτον

419 5607 634 5668 ἐμπειρία
656 5608 820 5664 καλὸν,
843 5607 920 5654 vel
945 5606 1064 5667 Quid
1094 5606 1273 5655 simi-le.
1604 5606 1630 5612 ’

451 5736 455 5737 ί
483 5671 504 5697 ε
529 5667 814 5737 Legendum
837 5668 1204 5737 vide_tul_'jw33,
1232 5668 1386 5737 θυμόν.
1401 5673 1564 5737 autem
1616 5671 1696 5737 hie
1749 5676 1885 5723 nuno
1935 5680 2077 5730 modo

419 5736 555 5800 stare
576 5733 768 5800 pptest:
800 5733 967 5790 posset
983 5729 1131 5800 etiam
1155 5728 1354 5800 furtasse
1376 5730 1474 5793 legi
1498 5731 1595 5778 olov
1617 5735 1728 5793 ζάλη
1751 5737 1915 5797 Θυμοῦ.

479 5785 509 5828 ὁ
527 5785 591 5837 Δέ
612 5787 692 5839 hic
715 5785 1097 5854 exﬁungendum
1122 5789 1331 5840 videtur.

2161 5629 2372 5700 Ὀὗτος
2414 5635 2526 5704 γὰρ
2563 5637 2595 5688 ό
2631 5633 3004 5703 Μελχισεδὲκ

2193 1707 2348 1778 λόγον
2376 1709 2524 1776 ὄντα,
2555 1711 2809 1768 δύσκολον
2849 1713 3101 1783 γενέσθαι
3144 1717 3294 1786 παρά
3333 1715 3432 1788 τὴν
3460 1719 3718 1793 ἀπειρίαν
3745 1721 3864 1778 τῶν

2191 1798 2518 1864 ἀκουόντων,
2551 1800 2761 1856 Παῦλον
2783 1803 2909 1874 ὑμῖν
2925 1805 3348 1875 παραστήσομαι
3373 1807 3644 1878 μάρτυρα.
3667 1809 3860 1862 Εἰπὼν

2190 1890 2317 1961 γάρ,
2349 1891 2428 1944 ὅτι
2473 1893 2501 1944 6
2533 1893 2764 1964 Χριστὸς
2799 1893 3015 1960 ἐγένετο
3052 1895 3342 1964 ἀρχιερεὺς
3377 1895 3516 1949 κατά
3555 1897 3652 1966 τὴν
3706 1898 3864 1963 τάξιν

2189 1975 2546 2046 Μελχισεδὲκ,
2587 1979 2681 2031 καὶ
2730 1977 2908 2050 ζητῶν
2935 1979 3016 2043 τίς
3062 1981 3208 2031 ἐστιν
3241 1974 3395 2043 οὗτος
3439 1983 3468 2034 6
3498 1982 3860 2052 Μελχισεδὲκ,

2191 2065 2467 2134 ἐπήγαγεν
2492 2084 2503 2095 ·
2533 2066 2669 2134 Περὶ
2691 2063 2763 2122 οὗ
2793 2065 2986 2133 πολὺς
3004 2066 3146 2135 ἡμῖν
3167 2070 3199 2120 ό
3225 2068 3407 2135 λόγος
3435 2070 3532 2122 καί
3560 2069 3862 2139 δυσερμή-

2189 2168 2421 2218 νευτος.
2457 2151 2522 2205 Τί
2542 2153 2740 2218 λέγεις,
2776 2149 3050 2219 ὧΠαῦλε;
3078 2156 3521 2224 Δυσερμήνευτός
3553 2175 3635 2210 σοι
3666 2159 3745 2228 τῷ
3764 2158 3864 2230 τὴν

2191 2240 2565 2310 πνευματικὴν
2605 2240 2779 2309 ἔχοντι
2796 2240 2985 2309 σοφίαν
3007 2239 3114 2311 ;τῷ
3135 2239 3202 2292 τὰ
3221 2241 3508 2312 ἀπόρρητα
3525 2243 3823 2296 ἀκούσαντι
3842 2267 3859 2308 ς

2188 2325 2265 2396 τῷ
2295 2327 2428 2397 πρὸς
2456 2327 2636 2397 τρίτον
2677 2329 2977 2398 άρπαγέντι
2998 2327 3252 2399 οὐρανόνς
3290 2327 3350 2380 El
3375 2329 3458 2380 σοὶ
3486 2328 3865 2400 δυσερμήνευ-

2188 2430 2301 2476 τος,
2345 2415 2449 2466 τίνι
2479 2416 2849 2485 καταληπτός;
2895 2417 3048 2486 Ἐμοὶ
3081 2417 3535 2486 δυσερμήνευτος,
3569 2419 3758 2487 φησιν,
3799 2417 3864 2470 ού

2193 2501 2346 2574 παρά
2373 2503 2470 2573 τὴν
2492 2504 2698 2557 οίκείαν
2729 2519 2829 2574 μου
2861 2503 3168 2568 ἀσθένειαν,
3206 2503 3342 2556 ἀλλά
3365 2504 3515 2576 παρά
3539 2504 3637 2574 τήν
3666 2505 3866 2558 δυσκο-

2189 2589 2307 2644 λίαν
2353 2590 2461 2643 τῶν
2487 2591 2836 2644 Δκουόντων.
2883 2591 3068 2644 Είπὼν
3115 2589 3284 2660 γοῦν,
3334 2592 3862 2660 Δυσερμήνευτος,

2190 2677 2488 2747 ἐπήγαγεν·
2515 2675 2749 2743 Ἐπειδὴ
2767 2677 2978 2744 νωθροὶ
2995 2675 3274 2746 γεγόνατε
3293 2677 3422 2742 ταῖς
3445 2677 3670 2743 ἀκοαῖς.
3700 2678 3865 2748 Ὀρᾷς

2189 2763 2272 2816 δτι
2295 2767 2393 2834 οὑχ
2417 2767 2450 2834 ή
2483 2763 2644 2832 φύσις
2669 2763 2761 2817 τοῦ
2789 2763 2971 2831 λόγου,
2999 2764 3113 2817 ἀλλ’
3136 2765 3412 2836 ήάπειρία
3426 2764 3534 2818 τῶν
3552 2765 3865 2819 ἀκουόντων

2190 2849 2448 2904 δύσκολον
2476 2850 2538 2904 τὸ
2569 2851 2630 2903 οὐ
2668 2849 2816 2923 [26η
2851 2850 3110 2904 δύσκολον
3150 2851 3479 2922 πεποίηκεν;
3507 2851 3581 2904 Οὑ
3618 2852 3780 2922 μόνον
3806 2852 3866 2906 δὲ

2191 2937 2467 2999 δύσκολον,
2499 2937 2637 2992 ἀλλά
2675 2937 2767 2990 καὶ
2813 2938 2984 2991 πολὺν
3017 2941 3161 2991 ποιεῖ
3200 2938 3364 2992 αὑτὸν
3398 2937 3606 3010 βραχὺν
3646 2940 3679 3010 ή
3722 2940 3865 3010 αὑτὴ

2192 3024 2356 3078 αἰτία.
2390 3023 2480 3076 Διὸ
2504 3023 2624 3077 οὐδὲ
2651 3023 3084 3096 δυσερμήνευτον
3117 3025 3318 3096 ἔφησεν
3343 3021 3482 3079 εἶναι
3521 3026 3702 3097 μόνον,
3726 3027 3866 3081 ἀλλά

2191 3113 2285 3166 καὶ
2307 3111 2494 3176 πολὺν,
2520 3111 2614 3164 καὶ
2639 3110 2732 3164 τοῦ
2758 3113 2967 3182 μήκους
2991 3113 3194 3184 καὶτῆς
3217 3113 3504 3178 δυσκολίας
3521 3114 3741 3178 ἀναθεὶς
3762 3116 3868 3183 τὴν

2190 3198 2370 3254 αἰτίαν
2393 3201 2459 3270 τῇ
2494 3198 2794 3270 νωθρότητι
2835 3199 2937 3268 τῆς
2964 3199 3155 3270 ἀκοῆς.
3189 3201 3458 3272 Καθάπερ
3489 3200 3599 3272 γάρ
3629 3201 3722 3254 ἐπὶ
3752 3201 3866 3254 τῶν

2190 3285 2621 3359 ἀρρωστούντων
2649 3286 2748 3338 οὑκ
2777 3286 3072 3355 ἀναγκαῖον
3098 3287 3360 3358 σύντομον
3387 3289 3481 3341 καὶ
3509 3287 3866 3359 ἐσχεδιασμέ-

2189 3391 2288 3443 νην
2328 3373 2652 3444 παραθεῖναι
2701 3373 3002 3444 τράπεζαν,
3045 3374 3182 3428 ἀλλὰ
3213 3373 3293 3428 δεῖ
3325 3375 3746 3447 παρασκευάσαι
3794 3375 3865 3429 τά

2191 3462 2334 3515 σιτία
2363 3461 2612 3533 διάφορα,
2645 3462 2731 3515 ἵνα
2763 3461 2828 3515 ἂν
2862 3462 3022 3515 τοῦτο
3052 3465 3080 3516 ὁ
3126 3463 3349 3534 κάμνων
3387 3464 3461 3536 μὴ
3505 3463 3764 3534 βουληθῇ,
3797 3464 3864 3515 τὸ

2188 3549 2373 3617 ἕτερον
2401 3548 2562 3621 λάϐῃ,
2591 3549 2610 3571 ⁴
2633 3549 2854 3601 κάκεῖνο
2883 3549 3191 3620 προσίεται,
3225 3551 3286 3606 τὸ
3326 3548 3455 3603 ἄλλο
3479 3549 3720 3618 δέξηται,
3755 3548 3863 3602 κᾶν

2187 3635 2343 3689 τοῦτο
2370 3635 2785 3707 διακρούσηται,
2813 3635 3044 3708 θατέρου
3077 3637 3424 3707 ἐπιλάϐηται,
3456 3639 3550 3690 καὶ
3579 3640 3644 3707 τῇ
3679 3654 3862 3690 1:0sz-

2188 3722 2280 3794 λία
2313 3721 2412 3794 τὴν
2442 3720 2728 3775 δυσκολίαν
2759 3724 3090 3794 νικήσωμεν,
3129 3723 3221 3775 καὶ
3270 3723 3348 3793 τῷ
3382 3723 3706 3794 πολυτρόπῳ
3754 3725 3858 3794 τῆς

2189 3809 2466 3880 τραπέζης
2497 3809 2558 3862 τδ
2603 3809 2932 3880 δυσάρεστον
2981 3809 3406 3882 θεραπεύσωμεν
3449 3811 3550 3880 τῆς
3594 3811 3858 3881 γνώμης·

2189 3895 2332 3948 οὓτω
2354 3894 2614 3960 πολλάκις
2633 3897 2725 3949 καὶ
2755 3897 2848 3950 ἐπὶ
2879 3897 3198 3969 ἀκροάσεως
3223 3898 3306 3950 δεῖ
3325 3901 3518 3960 ποιεῖν,
3550 3898 3678 3950 ὅταν
3700 3897 3860 3950 ἀσθεο

2190 3986 2297 4046 νεῖς
2345 3977 2514 4054 ὦμεν,
2566 3983 2659 4037 καὶ
2705 3983 2875 4038 πολὺν
2913 3985 3335 4054 παρασκευάσαι
3379 3983 3484 4056 χρὴ
3530 3984 3709 4053 λόγον,
3766 3984 3857 4039 καὶ

2189 4071 2439 4135 ποικίλας
2485 4071 2794 4144 παραϐολὰς
2852 4072 2946 4124 καί⁵
2979 4072 3394 4144 παραδείγματα
3443 4073 3654 4143 ἔχοντα,
3689 4089 3864 4126 κατα-

2191 4158 2390 4223 σκευάς
2428 4160 2522 4212 καί
2553 4159 2852 4230 περιόδους,
2884 4160 2978 4212 κα)⁵
3004 4159 3166 4231 ἕτερα
3195 4159 3366 4214 πολλά
3391 4160 3637 4223 τοιαῦτα,
3679 4159 3767 4213 ἕνα
3797 4160 3863 4212 ἐκ

2191 4246 2410 4300 πάντων
2434 4246 2594 4316 ῥᾳδία
2610 4247 2836 4315 γένηται
2867 4247 2998 4317 ήμῖν
3019 4245 3128 4301 τῶν
3151 4249 3541 4319 συμφερόντων
3559 4250 3593 4319 ή
3625 4248 3858 4318 αἵρεσις.

2190 4333 2336 4404 Πλὴν
2365 4332 2479 4386 ἀλλ’
2510 4335 2558 4385 εί
2585 4333 2678 4385 καὶ
2711 4333 2876 4396 πολὺς
2897 4335 2926 4385 ὁ
2957 4333 3114 4402 λόγος
3143 4335 3237 4387 καὶ
3265 4334 3722 4405 δυσερμήνευτος,
3760 4333 3861 4386 οὑκ

2187 4421 2558 4490 ἀπεστέρησεν
2599 4420 2794 4482 αὐτοὺς
2833 4419 2934 4490 τῆς
2969 4419 3314 4484 διδασκαλίας
3357 4421 3450 4474 τοῦ
3491 4420 3856 4491 Μελχισεδέκ·

2186 4508 2248 4562 τὸ
2275 4508 2373 4579 μὲν
2399 4508 2594 4570 εἰπεῖν,
2631 4507 2833 4572 Πολὺς
2860 4507 2959 4561 καί
2996 4507 3503 4577 δυσερμήνευτος,
3545 4509 3858 4579 ἀναστήσας

2187 4594 2366 4649 αὑτῶν
2391 4593 2487 4664 τὴν
2519 4593 2777 4664 σπουδήν.
2812 4594 2898 4647 ἕνα
2929 4595 3003 4665 μὴ
3031 4594 3394 4668 ῥαθυμότεροι
3439 4595 3699 4662 γίνωνται
3731 4591 3860 4665 περὶ

2186 4682 2285 4753 τήν
2317 4681 2617 4753 ἀκρόασιν·
2647 4681 2708 4733 τὸ
2733 4681 2789 4732 δὲ
2823 4682 3132 4753 παρασχεῖν
3161 4680 3262 4752 τὴν
3293 4680 3594 4752 τράπεζαν,
3629 4680 3858 4754 χαρισά-

2190 4785 2352 4841 μενυς
2380 4767 2558 4820 αὑτῶν
2585 4768 2685 4837 τὴν
2720 4765 3036 4839 ἐπιθυμίαν.

2264 4856 2326 4910 θ’.
2347 4854 2518 4906 Τοῦτο
2539 4853 2602 4923 δὴ
2623 4854 2890 4924 καὶήμεῖς
2912 4854 3247 4924 ποιήσωμεν.
3266 4853 3330 4906 El
3347 4851 3440 4906 καὶ
3461 4851 3595 4923 πρὸς
3609 4852 3672 4904 τὸ
3695 4851 3859 4904 πέλα-

2185 4959 2279 5009 γος
2310 4942 2402 4994 καὶ
2435 4941 2596 5011 βάθος
2629 4940 2736 4992 τῶν
2771 4940 3056 5010 νοημάτων
3090 4939 3484 5010 ἀδυνατοῦμεν,
3510 4938 3859 5008 κατατολμή-

2188 5041 2370 5095 σωμεν
2418 5025 2514 5094 τῆς
2559 5022 2850 5092 θαλάττης,
2879 5023 2940 5074 οὑ
2981 5022 3122 5074 κατά
3153 5022 3252 5092 τὴν
3299 5022 3575 5094 ἡμετέραν
3604 5021 3857 5089 δύναμιν,

2185 5110 2320 5164 ἀλλά
2343 5111 2485 5164 κατά
2515 5108 2612 5179 τὴν
2642 5107 2846 5162 ἄνωθεν
2868 5108 3151 5178 διδομένην
3181 5111 3312 5179 ἡμῖν
3335 5109 3494 5182 χάριν
3516 5125 3531 5138 ·
3555 5107 3617 5160 ού
3650 5106 3738 5158 διά
3759 5103 3857 5175 τὴν

2185 5197 2455 5268 ἡμετέραν
2469 5195 2801 5267 παρρησίαν,
2819 5193 2955 5247 ἀλλά
2969 5193 3058 5247 διά
3080 5195 3177 5266 τὴν
3207 5193 3360 5264 ὑμῶν
3386 5193 3655 5263 ὠφέλειαν
3686 5207 3857 5244 κατα-

2182 5286 2545 5356 τολμήσωμεν
2571 5284 2674 5355 τῆς
2706 5283 2995 5353 θαλάττης,
3024 5283 3120 5336 καὶ
3140 5285 3195 5337 ἐν
3213 5283 3383 5352 τούτῳ
3413 5280 3626 5335 Παῦλον
3653 5277 3856 5351 μιμού-

2187 5390 2358 5444 μενοι.
2391 5373 2513 5426 Ὅτι
2545 5372 2653 5443 γάρ
2692 5373 2792 5425 οὑκ
2815 5372 3191 5444 ἀπεστέρησεν
3224 5371 3424 5434 αὑτοῦς
3453 5368 3546 5422 τοῦ
3578 5367 3738 5436 λόγου
3757 5365 3853 5418 τοῦ

2183 5459 2312 5530 περὶ
2355 5459 2446 5512 τὸν
2475 5458 2827 5529 Μελχισεδὲκ,
2876 5458 3105 5513 ἄκουσον
3135 5456 3244 5510 τῶν
3290 5457 3436 5527 ἑξῆς.
3474 5453 3656 5508 Εἰπὼν
3694 5451 3851 5521 γοῦν,

2182 5545 2322 5614 Περὶ
2339 5540 2412 5603 οὗ
2431 5546 2624 5614 πολὺς
2641 5548 2674 5600 ὁ
2693 5548 2875 5615 λόγος
2895 5547 2991 5600 καί
3013 5545 3523 5614 δυσερμήνευτος,
3548 5544 3848 5612 ἐπήγαγεν·

3095 5632 3397 5698 ,βασιλεὺς
3428 5628 3844 5694 διωιοᾶὐνης,

2178 5717 2381 5772 ἔπειτα
2409 5718 2478 5772 δὲ
2514 5719 2614 5772 καί
2639 5717 2939 5784 ,βασιλεὺς
2977 5718 3208 5787 Statim,
3239 5717 3272 5771 ὅ
3311 5717 3505 5780 ἐστιν,
3544 5710 3849 5778 ,βασιλεὺς

2245 5805 2266 5827 ⁶
2290 5806 2405 5857 Περ
2425 5804 2594 5857 vitium
2618 5819 2674 5856 ac
2699 5807 3047 5870 repetitionem
3070 5805 3325 5868 quamdam
3341 5817 3445 5861 prae
3478 5816 3534 5852 se
3563 5801 3745 5851 ferunt.
