4038 6204
243 354 350 410 257

1518 343 1606 400 DE
1651 342 2194 401 MELCHISEDECO.

1645 531 3459 558 MM

1210 831 1836 951 EJUSDEM
1916 801 2582 942 ΗΟΜΙΙΑΙΑ⁸

1573 1089 1664 1149 De
1705 1083 2172 1148 Melchisedeco.

284 1609 334 1662 l.
350 1606 640 1677 Scriptura!
653 1626 818 1664 sacra:
831 1612 885 1665 di
888 1613 915 1681 f
909 1611 1119 1681 ﬁcultas
1138 1621 1187 1668 ct
1209 1610 1816 1682 obseuritas.—Aposto-

224 1703 395 1756 licam
415 1704 577 1758 hodie
593 1703 746 1758 vobis
775 1720 1015 1759 mensam
1035 1721 1309 1777 apponere
1327 1707 1468 1772 volo,
1506 1713 1562 1760 et
1575 1703 1643 1760 ad
1669 1703 1816 1774 pela-

224 1811 332 1866 gus
343 1795 495 1851 vocis
511 1796 654 1850 illius
669 1795 729 1849 Ι).
744 1794 896 1849 Pauli
907 1812 1214 1852 sermonem
1228 1798 1526 1852 extendere
1539 1811 1690 1866 paro.
1708 1792 1815 1848 Sed

231 1884 362 1953 quid
391 1882 616 1936 faciam?
646 1881 832 1935 l‘lzereo
856 1882 1122 1949 timeoque
1142 1895 1210 1933 ne
1234 1894 1264 1933 a
1294 1889 1445 1946 portu
1471 1878 1738 1932 solventes
1762 1887 1813 1932 et

235 1975 308 2028 ad
329 1972 646 2042 profundum
669 1971 1085 2040 apostolicarum
1115 1971 1496 2025 sententiarum
1525 1968 1810 2038 progressi,

240 2064 460 2134 caligine
481 2065 852 2131 corripiantur,
879 2072 936 2116 ut
962 2061 1097 2114 solet
1121 2059 1365 2114 accidere
1395 2070 1668 2113 vectorum
1719 2059 1814 2112 im-

247 2155 596 2226 peritioribus.
625 2155 702 2208 llli
734 2168 959 2221 namque
982 2161 1255 2220 postquam
1284 2149 1463 2204 relicta
1489 2150 1813 2214 continente,

233 2247 310 2301 ab
353 2257 570 2315 utraque
615 2244 762 2297 navis
808 2253 957 2312 parte
1007 2242 1223 2311 pelagus
1261 2240 1530 2304 viderint,
1579 2239 1817 2308 nihilque

231 2337 379 2392 aliud
401 2352 556 2406 quam
589 2344 803 2404 pontum
831 2342 884 2387 et
909 2331 1118 2399 caelum,
1150 2332 1404 2400 vertigine
1428 2331 1806 2399 corripiuntur,

229 2445 300 2483 ac
328 2427 504 2482 navim
546 2441 668 2481 cum
711 2424 840 2478 mari
886 2424 938 2478 in
982 2421 1168 2477 orbem
1215 2422 1348 2476 verti
1391 2431 1593 2490 putant.
1623 2420 1816 2474 Verum

227 2536 345 2575 non
378 2535 445 2574 ex
476 2517 636 2572 maris
663 2526 848 2570 natura
870 2555 888 2580 ,
936 2513 1030 2569 sed
1070 2529 1133 2568 ex
1165 2513 1523 2583 navigantium
1557 2511 1819 2581 imperitia

227 2609 530 2678 \ertigines
572 2609 832 2661 oriuntur.
885 2605 989 2660 Alii
1020 2605 1161 2660 enim
1193 2612 1395 2666 natiue,
1439 2601 1595 2656 nudis
1627 2617 1817 2672 corpo-

226 2701 389 2753 ribus
427 2713 546 2753 sese
590 2698 890 2767 praecipites
924 2695 1055 2750 dant
1083 2696 1135 2749 in
1181 2693 1368 2760 undas,
1413 2708 1509 2747 nec
1534 2692 1818 2763 quidquam

229 2785 546 2857 liujusmodi
595 2787 861 2856 patiuntur
910 2803 923 2838 :
971 2785 1066 2839 sed
1107 2795 1385 2855 postquam
1415 2785 1465 2839 in
1495 2785 1668 2854 ipsum
1699 2798 1822 2853 pro-

227 2881 462 2936 fundum
506 2881 851 2944 devenerunt,
899 2878 1139 2932 securius
1183 2875 1402 2946 degunt,
1449 2892 1604 2946 quam
1654 2876 1688 2929 ii
1733 2875 1820 2945 qui

227 2974 288 3028 in
325 2973 442 3041 ipso
468 2971 582 3025 solo
609 2969 813 3034 sedent,
855 2969 1281 3038 salSuginemque
1315 2981 1428 3026 ore,
1461 2966 1649 3030 oculis,
1687 2973 1820 3019 tota-

227 3080 344 3134 que
373 3076 597 3130 corpore
625 3060 967 3128 excipientes,
1000 3059 1050 3112 id
1086 3073 1185 3112 non
1213 3073 1352 3127 aegre
1378 3056 1570 3110 ferunt.
1596 3056 1820 3110 Tantum

230 3155 455 3224 taleque
489 3162 572 3206 est
615 3151 892 3222 imperitia:
932 3151 1168 3214 malum;
1209 3158 1409 3203 tantum
1453 3149 1684 3203 vicissim
1728 3164 1823 3218 pe-

227 3247 376 3303 ritie
408 3245 627 3299 bonum.
683 3245 802 3297 llaec
825 3243 1077 3298 terribilia
1106 3258 1327 3311 quaeque
1354 3240 1680 3310 parvifacere
1704 3255 1825 3294 sua-

230 3341 363 3401 det;
416 3338 502 3390 illa
549 3351 700 3403 vero,
736 3337 894 3390 etiam
940 3350 1022 3401 ea,
1070 3350 1187 3404 qua:
1238 3343 1348 3388 tuta
1389 3345 1530 3393 sunt.
1576 3342 1822 3402 suspecta

233 3430 441 3484 habere
470 3437 525 3481 et
553 3426 856 3481 formidare.
890 3425 989 3478 Alii
1013 3427 1150 3478 enim
1181 3425 1232 3478 in
1265 3425 1391 3493 ipsis
1422 3422 1652 3492 prmaltis
1673 3423 1826 3478 tabu-

236 3523 364 3578 latis
395 3521 546 3572 navis
574 3518 818 3571 sedentes
843 3517 1067 3587 caligine
1095 3515 1472 3584 corripiuntur,
1505 3514 1594 3568 alii
1627 3514 1677 3568 in
1711 3529 1824 3567 me-

233 3613 343 3666 diis
389 3611 552 3664 etiam
613 3607 858 3663 fluctibus
913 3623 1018 3661 non
1084 3607 1472 3676 perturbantur.
1538 3605 1650 3661 Hoc
1699 3605 1825 3659 item

237 3702 410 3756 menti
457 3707 656 3753 nostrae
706 3698 915 3752 accidit.
981 3696 1110 3750 Nam
1162 3696 1304 3749 illam
1351 3710 1494 3765 stcpe
1541 3695 1824 3750 affectuum

235 3793 435 3847 fluctus
463 3788 738 3852 invadunt,
784 3789 911 3858 ipsis
953 3787 1171 3841 marinis
1197 3787 1442 3842 fluctibus
1469 3787 1830 3842 vehementio-

241 3901 352 3948 res,
397 3883 513 3948 qui,
559 3879 888 3948 tempestatis
915 3879 1102 3942 instar,
1149 3878 1380 3932 animum
1419 3878 1727 3947 deprimunt
1768 3892 1831 3931 ac

211 3977 500 4043 ,deorsum
543 3971 775 4034 trahunt,
804 3971 1019 4039 spiritus
1047 3971 1303 4024 malarum
1329 3971 1694 4038 cupiditatum,
1742 3967 1830 4040 qui

242 4079 495 4132 magnam
549 4063 741 4117 animis
787 4062 1232 4130 perturbationem
1281 4061 1532 4114 inferunt.
1583 4059 1688 4116 Sed
1741 4061 1828 4130 qui

243 4158 532 4228 imperitus
581 4155 972 4222 imparatusque
1020 4162 1122 4213 est,
1174 4151 1458 4220 incipiente
1499 4151 1592 4204 ira:
1631 4159 1833 4221 tempe.

245 4261 415 4309 state,
448 4247 629 4301 statim
665 4244 1018 4314 perturbatur,
1050 4243 1369 4306 concutitur,
1399 4243 1643 4312 agitatur.
1674 4241 1831 4297 Videt

247 4342 480 4393 animum
530 4335 808 4389 affectibus
857 4333 1118 4402 demergi,
1169 4344 1222 4386 et
1251 4331 1578 4400 naufragium
1607 4331 1746 4400 pati;
1777 4341 1831 4385 at

249 4432 335 4499 qni
369 4437 590 4499 paratus
622 4427 1010 4493 meditatusque
1039 4433 1141 4489 est,
1175 4423 1289 4476 htcc
1317 4433 1532 4477 strenue
1559 4423 1784 4476 sustinet
1813 4439 1827 4487 ;

253 4532 524 4589 tamquam
572 4515 850 4570 nauclerus
897 4513 962 4566 ad
1011 4511 1425 4581 gubernaculum
1469 4511 1692 4576 sedens,
1756 4512 1833 4564 sic

254 4621 489 4665 tuentem
545 4622 700 4676 supra
743 4616 919 4658 motus
967 4603 1128 4656 animi
1173 4603 1519 4665 constituens,
1559 4618 1662 4655 non
1689 4602 1834 4670 prius

254 4694 449 4748 desinit
475 4691 655 4744 omnia
685 4689 880 4751 rnoliri,
911 4687 1084 4741 donec
1112 4684 1359 4755 scapham
1402 4684 1468 4740 ad
1498 4687 1834 4754 tranquillum

259 4777 606 4853 philomphizc
638 4789 844 4848 portum
872 4777 1171 4831 deduxerit.
1219 4777 1350 4830 Illud
1397 4777 1572 4844 itaque
1608 4775 1747 4846 quod
1783 4777 1834 4830 in

261 4877 386 4928 mari
416 4873 631 4933 accidit.
659 4881 713 4926 et
740 4870 881 4940 quod
911 4870 1090 4922 animo
1115 4869 1390 4937 contingit,
1423 4869 1581 4922 etiam
1613 4869 1663 4922 in
1694 4869 1834 4924 Scri.

263 4977 530 5033 pturarum
561 4962 891 5032 expositione
919 4959 1158 5012 accidere
1191 4974 1407 5019 necesse
1439 4969 1540 5023 est,
1563 4968 1623 5011 ut
1645 4976 1840 5025 nempe

263 5071 690 5111 eoumveamur
714 5066 765 5109 et
793 5060 1161 5123 perturbentur
1190 5058 1399 5126 quando
1427 5059 1478 5111 in
1507 5058 1670 5113 altum
1691 5072 1838 5113 Vettl-

267 5163 407 5210 mus;
459 5164 564 5201 tum
591 5147 734 5216 (μιυά
756 5147 1144 5201 formidandum
1172 5149 1237 5200 sit
1268 5147 1514 5215 pelagus,
1558 5148 1651 5204 sed
1697 5148 1837 5219 quod

268 5255 373 5301 nos,
406 5240 493 5310 qui
523 5239 850 5307 navigamus,
881 5239 1109 5308 imperiti
1140 5241 1327 5292 simus.
1368 5238 1518 5306 Quod
1559 5241 1700 5295 enim
1750 5256 1838 5295 ac-

266 5329 434 5382 cidere
461 5328 648 5398 possit,
676 5340 731 5382 ut
754 5343 932 5383 sermo
955 5338 1138 5382 natura
1169 5343 1262 5382 sua
1293 5327 1479 5390 facilis,
1514 5330 1837 5384 audientium

272 5421 518 5489 imperitia
547 5419 780 5473 difficilis
819 5419 1028 5485 evadat,
1064 5420 1282 5474 Paulum
1314 5421 1464 5475 vobis
1495 5430 1683 5476 testem
1709 5423 1838 5476 affe-

274 5527 393 5563 ram.
426 5511 558 5564 Cum
603 5509 826 5564 dixisset
866 5513 1008 5563 enim
1037 5509 1308 5564 Christum
1343 5511 1504 5565 fuisse
1539 5511 1840 5579 pontiﬁcem

273 5601 551 5653 secundum
577 5599 816 5654 ordinem
849 5598 1217 5665 Melehisedec,
1250 5610 1303 5655 et
1324 5601 1662 5672 disquireret,
1695 5603 1838 5672 quis-

277 5704 382 5742 nam
411 5701 556 5744 esset
585 5689 672 5742 ille
707 5688 1076 5756 Melchisedec,
1127 5693 1301 5746 intulit
1353 5711 1364 5744 :
1416 5692 1492 5746 De
1513 5710 1610 5762 quo
1634 5693 1840 5762 grandis

277 5782 404 5834 nobis
462 5791 534 5834 est
584 5795 744 5833 sermo
786 5788 830 5834 cf
875 5781 1126 5849 explicata
1169 5783 1379 5854 diﬁcilis
1421 5781 1604 5857 (Hebr.
1637 5785 1691 5840 5.
1728 5785 1836 5855 ll).

1917 1603 2054 1669 Quid
2101 1603 2264 1669 dicis,
2310 1606 2514 1662 Paule?
2563 1609 2643 1663 Au
2685 1612 2952 1682 explicata
2991 1615 3224 1673 difﬁcilis
3255 1619 3376 1688 tibi,
3404 1623 3492 1691 qui

1916 1695 2173 1762 spirituali
2201 1697 2455 1766 sapientia
2478 1701 2732 1768 prmditus
2761 1705 2854 1758 es?
2874 1707 2964 1774 qui
2995 1721 3185 1762 arcana
3211 1711 3496 1768 audivisti?

1915 1785 2005 1857 qui
2046 1785 2112 1840 ad
2155 1788 2370 1842 tertium
2411 1791 2598 1845 caelum
2647 1801 2827 1860 raptus
2869 1796 2969 1850 es?
3006 1796 3059 1852 Si
3105 1799 3194 1853 tibi
3234 1803 3494 1868 explicate

1917 1875 2169 1942 difﬁcilis,
2219 1879 2304 1933 cui
2353 1883 2844 1949 comprehensibilis
2891 1888 3034 1943 erit?
3082 1888 3205 1943 Mihi
3233 1893 3495 1960 explicatu

1917 1967 2166 2034 difﬁcilis,
2213 1971 2398 2040 inquit,
2429 1983 2529 2038 est,
2577 1989 2680 2027 non
2723 1975 2792 2030 ob
2830 1992 2998 2032 meam
3043 1980 3495 2048 imbecillitatem,

1916 2057 2012 2112 sed
2059 2058 2128 2112 ob
2180 2059 2498 2130 imperitiam
2545 2065 2867 2121 auditorum.
2919 2071 3050 2124 Cum
3090 2086 3218 2140 ergo
3238 2073 3496 2138 dixisset,

1918 2147 2191 2217 Explicatu
2244 2151 2479 2221 difﬁcilis,
2529 2155 2800 2224 subjunxit
2851 2173 2864 2213 :
2926 2158 3177 2223 Quoniam
3231 2163 3500 2219 imbecilles

1919 2239 2041 2309 [acti
2064 2241 2179 2293 estis
2208 2241 2275 2293 ad
2299 2242 2626 2297 audiendum.
2683 2246 2868 2302 Viden‘
2901 2264 3004 2302 non
3031 2259 3272 2306 naturam
3299 2269 3502 2309 sermo-

1919 2329 2024 2393 nis,
2071 2330 2164 2384 sed
2196 2331 2525 2387 audientium
2567 2335 2881 2405 imperitiam
2910 2355 3021 2393 rem
3049 2356 3166 2411 quze
3194 2357 3286 2411 per
3310 2359 3369 2398 se
3396 2344 3500 2398 dif-

1921 2417 2074 2474 ﬁcilis
2112 2437 2216 2475 non
2259 2433 2394 2486 erat,
2440 2424 2709 2482 difﬁcilem
2739 2429 3070 2487 reddidisse?
3117 2434 3308 2488 Eadem
3340 2451 3500 2504 porro

1919 2524 2078 2564 eausa
2125 2527 2230 2566 non
2281 2514 2548 2569 difﬁcilem
2597 2519 2756 2572 modo
2779 2559 2792 2582 ,
2827 2522 2916 2574 sed
2947 2523 3105 2576 etiam
3144 2539 3288 2590 eum,
3322 2525 3499 2594 brevis

1921 2615 2041 2654 cum
2069 2603 2158 2667 sit,
2201 2605 2412 2673 longqu
2455 2606 2650 2660 reddit.
2701 2608 3033 2679 Quaproliter
3083 2630 3187 2667 non
3237 2616 3502 2684 explicatu

1921 2692 2187 2748 difﬁcilem
2220 2695 2378 2749 modo
2403 2696 2554 2762 dixit,
2587 2697 2681 2753 sed
2708 2702 2869 2753 etiam
2896 2703 3170 2770 grandem.
3203 2715 3256 2756 et
3277 2704 3506 2774 longitu-

1922 2784 2062 2837 dinis
2096 2793 2150 2839 et
2175 2783 2496 2842 difﬁcultatis
2526 2803 2739 2844 causam
2769 2790 3043 2857 adjiciens,
3087 2794 3291 2848 aurium
3335 2795 3503 2850 imbe-

1923 2873 2217 2929 cillitatem.
2261 2875 2715 2942 Quemadmodum
2762 2882 2904 2936 enim
2945 2885 3156 2952 argrotis
3198 2900 3305 2938 non
3344 2899 3508 2955 appo-

1925 2963 2096 3018 neuda
2134 2974 2217 3019 est
2264 2981 2445 3020 mensa
2483 2968 2633 3022 facile
2674 2972 2944 3040 parabilis,
2992 2973 3085 3027 sed
3123 2974 3283 3028 variis
3309 2973 3505 3029 referta

1924 3053 2074 3119 cibis,
2108 3064 2164 3107 ut
2193 3054 2237 3109 si
2265 3071 2407 3125 aeger
2434 3059 2572 3112 hunc
2597 3071 2852 3130 respuat,
2881 3062 3107 3117 alterum
3137 3064 3400 3133 accipiat,
3453 3075 3508 3120 et

1925 3144 1968 3198 si
1996 3143 2097 3198 hoc
2126 3161 2230 3199 non
2257 3145 2520 3214 admittat,
2549 3149 2689 3202 aliud
2719 3161 2892 3204 sumat
2911 3193 2926 3217 ,
2975 3153 3021 3206 si
3069 3153 3210 3208 hunc
3248 3155 3504 3224 repellat,

1925 3235 2150 3290 alterum
2188 3237 2404 3307 deligat,
2444 3250 2499 3292 ut
2523 3241 2778 3295 varietate
2803 3241 3170 3298 difﬁcultatem
3202 3245 3505 3312 vincamus,

1925 3340 1989 3380 ac
2031 3326 2338 3382 diversitate
2387 3329 2694 3400 luutitiuqtte
2732 3347 2929 3386 mensae
2956 3335 3116 3388 animi
3147 3333 3358 3390 fastidio
3387 3354 3504 3392 me-

1927 3417 2147 3472 deamur
2192 3436 2206 3472 :
2253 3419 2326 3473 ita
2364 3435 2505 3490 saepe
2545 3422 2596 3475 in
2643 3424 2900 3479 concione
2936 3423 3254 3488 faciendum,
3285 3428 3499 3496 quando

1929 3509 2218 3565 imbecilles
2247 3526 2451 3578 sumus,
2482 3512 2637 3582 longa
2668 3515 2980 3583 apponenda
3013 3526 3091 3570 est
3117 3517 3318 3579 oratio,
3348 3519 3509 3573 variis

1929 3600 2360 3655 similitudinibus
2388 3612 2442 3656 et
2469 3605 2728 3674 exemplis
2760 3606 3033 3670 instructa,
3072 3615 3326 3676 apparatu
3349 3608 3508 3663 etiam

1929 3705 1992 3743 ac
2031 3691 2280 3758 periodis,
2310 3692 2534 3762 aliisque
2560 3695 2841 3761 similibus,
2891 3705 2946 3750 ut
2970 3712 3034 3751 ex
3059 3699 3306 3754 onmibus
3343 3700 3511 3754 facilis

1931 3779 2083 3834 nobis
2111 3781 2180 3834 sit
2206 3782 2473 3837 utiliorum
2501 3783 2760 3839 delectus.
2811 3785 3006 3840 Verum
3049 3789 3254 3845 etiamsi
3295 3791 3511 3860 grandis

1933 3883 2109 3923 sermo
2137 3877 2285 3924 esset
2311 3872 2682 3943 explicatuque
2708 3874 2968 3940 difﬁcilis,
2997 3893 3100 3931 non
3131 3888 3304 3934 tamen
3331 3880 3512 3949 priva-

1933 3960 2007 4013 vit
2032 3975 2124 4014 eos
2152 3961 2390 4015 doctrina
2419 3963 2486 4018 de
2512 3962 2897 4020 Melchisedeco
2943 3984 2958 4020 :
3005 3982 3124 4020 cum
3161 3971 3303 4023 enim
3342 3971 3508 4036 dicit,

1936 4051 2156 4107 Grandis
2182 4063 2226 4108 et
2257 4055 2509 4125 explicata
2539 4057 2773 4126 άίθῑεὶιὶδ,
2823 4071 3007 4111 eorum
3035 4059 3266 4113 studium
3292 4063 3510 4126 excitat,

1935 4160 2001 4199 ne
2027 4143 2090 4198 ad
2121 4145 2442 4200 audiendum
2467 4150 2737 4216 segniores
2762 4150 2868 4202 sint
2894 4166 2906 4199 :
2930 4164 3050 4204 cum
3078 4160 3255 4204 autem
3273 4167 3509 4207 mensam

1934 4238 2172 4306 apponit,
2199 4253 2386 4292 eorum
2415 4239 2678 4292 desiderio
2707 4240 3050 4308 gratificatur.

2003 4329 2057 4382 2.
2093 4330 2201 4382 lloc
2238 4338 2291 4382 et
2329 4345 2424 4382 nos
2461 4329 2733 4383 faciamus.
2787 4330 3007 4384 Etiamsi
3060 4331 3125 4386 ad
3193 4331 3410 4402 pelagus
3459 4345 3512 4389 et

1935 4419 2254 4487 profundum
2302 4421 2683 4473 sententiarum
2733 4422 3030 4490 pertingere
3069 4438 3173 4476 nou
3211 4426 3507 4492 possimus,

1936 4523 2034 4560 nos
2085 4509 2413 4564 confidenter
2458 4511 2586 4563 mari
2643 4514 3074 4578 committamus,
3143 4530 3246 4568 non
3317 4503 3553 4570 nostris"

1936 4597 2051 4652 freti
2098 4599 2329 4664 viribus,
2388 4599 2480 4653 sed
2523 4603 2689 4669 gratia
2741 4601 2891 4656 nobis
2931 4619 3158 4673 superne
3197 4605 3316 4658 data
3355 4623 3371 4658 :
3405 4623 3510 4662 non

1940 4689 2126 4744 ﬁducia
2175 4700 2376 4755 nostra,
2417 4691 2509 4745 sed
2558 4692 2628 4745 ob
2676 4693 2956 4747 utilitatem
3001 4705 3228 4747 vestram
3257 4697 3517 4751 marinos

1937 4783 2351 4845 committamus,
2403 4781 2503 4836 hac
2546 4784 2597 4836 in
2648 4799 2705 4837 re
2751 4785 2968 4837 Paulum
3022 4785 3309 4840 imitantes.
3365 4789 3516 4852 Quod

1935 4875 2081 4930 enim
2121 4891 2225 4930 non
2255 4876 2536 4944 privaverit
2560 4892 2652 4930 eos
2678 4891 2923 4930 sermone
2972 4877 3037 4930 de
3081 4877 3466 4936 Heli-hisedeco
3494 4925 3509 4946 ,

1939 4967 2061 5021 audi
2109 4969 2399 5037 sequentia.
2450 4967 2585 5021 Cum
2628 4982 2754 5034 ergo
2797 4967 3057 5031 dixissirt,
3086 4987 3104 5018 ‹
3135 4969 3204 5023 De
3232 4986 3336 5039 quo
3367 4973 3520 5027 nobis

1938 5057 2152 5128 grandis
2171 5067 2251 5110 est
2271 5071 2470 5120 sermo,
2485 5066 2536 5108 et
2555 5056 2822 5124 explicatu
2837 5056 3064 5111 difﬁcilis
3088 5077 3104 5109 ι
3129 5058 3311 5131 (Hebr.
3331 5062 3382 5115 5.
3410 5063 3518 5131 ll),

1941 5146 2209 5215 subjunxit
2261 5162 2273 5198 :
2326 5163 2344 5197 ί
2375 5145 2470 5197 llic
2514 5145 2652 5198 enim
2695 5144 3079 5213 Melchisedec,
3133 5166 3222 5204 rex
3271 5151 3511 5218 justitim,

1944 5236 2177 5303 itemque
2206 5250 2297 5288 rex
2334 5233 2531 5298 Salcm,
2555 5233 2605 5287 id
2631 5243 2713 5289 est
2742 5251 2830 5289 rex
2865 5239 3028 5306 pacis,
3061 5239 3176 5292 sine
3202 5249 3372 5306 patre,
3403 5240 3522 5292 sine

1944 5337 2133 5391 matre,
2163 5328 2276 5380 sine
2297 5326 2622 5395 genealogia,
2653 5343 2826 5396 neque.
2858 5329 3060 5384 initimn
3089 5330 3321 5395 dierum,
3348 5343 3519 5396 neque

1945 5422 2101 5474 ﬁnem
2150 5420 2270 5472 vitae
2315 5418 2535 5480 habens,
2578 5420 2897 5475 assimilatus
2922 5432 3098 5474 autem
3137 5419 3289 5482 Filio,
3342 5427 3522 5470 manet

1941 5508 2192 5562 sacerdos
2216 5507 2268 5560 in
2290 5517 2597 5576 perpetuum
2631 5527 2650 5560 ι
2682 5507 2862 5577 (Hebr.
2890 5512 2941 5564 7.
2974 5511 3112 5575 1-4).
3143 5507 3328 5560 Nonne
3358 5518 3520 5558 aures

1944 5611 2148 5654 vestras
2193 5597 2368 5662 feriit,
2413 5598 2538 5652 dum
2571 5599 2637 5654 de
2667 5599 2881 5653 homine
2929 5601 3148 5666 loquens
3191 5597 3341 5662 dixit,
3396 5597 3521 5652 Sine

1947 5701 2103 5760 patre,
2131 5691 2238 5742 sine
2278 5700 2455 5754 matre,
2498 5691 2604 5742 sine
2639 5688 2970 5759 genealogia?
3019 5687 3222 5754 Ecquid
3261 5689 3404 5752 dico,
3454 5685 3525 5739 de

1945 5781 2204 5840 homine?
2234 5780 2363 5837 Nam
2387 5782 2432 5839 si
2453 5780 2519 5836 de
2553 5778 2688 5836 Filio
2734 5777 3020 5845 diceretur,
3069 5790 3250 5834 annon
3279 5789 3526 5851 tnagmm
