4038 6204
561 409 670 466 ἳῧὶὶ

561 534 802 581 moveret
827 520 1220 584 quaestionem?
1264 517 1398 574 Nam
1441 515 1484 569 si
1514 514 1630 569 sine
1665 518 1835 583 patre,
1881 506 2149 579 quomodo

560 616 769 674 Filius?
811 616 867 671 Si
902 613 1019 670 sine
1048 622 1240 678 matre,
1280 606 1550 680 quomodo
1598 601 1955 674 Unigenitns?
1985 598 2153 653 Filius

564 709 705 763 enim
751 716 955 776 patrem
1001 703 1194 758 habeat
1240 707 1474 771 oportet,
1517 696 1649 750 alias
1691 707 1820 749 vero
1864 690 2004 745 filius
2043 703 2149 742 non

565 798 740 854 fuerit.
763 794 869 853 Sed
912 797 1029 851 sine
1070 803 1221 864 patre
1264 800 1320 846 et
1359 790 1477 845 sine
1512 795 1684 842 matre
1707 793 1790 841 est
1815 783 1982 838 Filius
2013 781 2146 844 Dei;

561 891 681 944 sine
709 900 883 958 patre,
911 884 1201 941 secundum
1228 880 1512 943 infernam,
1555 878 1672 933 sine
1710 884 1901 940 matre,
1950 887 2147 928 secun-

561 981 689 1034 dum
715 992 1003 1048 supernam
1040 973 1461 1046 generationem.
1507 968 1638 1024 Nam
1688 981 1861 1037 neque
1904 965 1957 1019 in
2009 974 2148 1017 terra

562 1081 766 1141 patrem
795 1069 998 1134 habuit,
1046 1082 1217 1138 neque
1244 1067 1297 1120 in
1324 1064 1469 1121 caalis
1507 1072 1753 1117 matrem.
1801 1059 1927 1114 Sine
1969 1071 2150 1128 genea-

564 1161 722 1234 logia.
769 1161 1001 1217 Audiant
1029 1159 1084 1225 il,
1126 1158 1218 1229 qtti
1269 1154 1618 1212 substantiam
1662 1151 1781 1221 ejus
1814 1148 2024 1205 curiose
2056 1161 2149 1202 ex-

564 1252 794 1324 plorant.
826 1252 985 1322 Atqui
1025 1248 1179 1315 illud,
1210 1248 1337 1303 Sine
1368 1243 1682 1317 genealogia,
1714 1249 1902 1312 putant
1927 1238 2145 1311 quidam

562 1343 628 1398 de
657 1357 886 1411 superna
914 1341 1030 1410 ejus
1057 1339 1396 1410 generatione
1419 1335 1617 1391 dictum
1647 1348 1791 1389 esse.

635 1433 820 1489 Contra
846 1433 1133 1487 Anomaeos.
1165 1428 1394 1485 Christus
1417 1424 1667 1497 quomodo
1699 1425 1806 1480 sine
1832 1420 2143 1494 genealogia.

577 1559 625 1573 ο·
663 1526 906 1583 Ηαξιοειίοἰ
947 1539 1105 1595 porro
1142 1536 1315 1592 neque
1358 1521 1459 1575 hoc
1503 1518 1723 1583 volunt;
1753 1531 1876 1572 nam
1909 1524 1964 1570 et
2004 1515 2147 1569 illam

564 1619 777 1674 curiose
801 1617 1074 1684 inquirunt
1095 1628 1159 1668 ac
1195 1619 1527 1675 scrutantur,
1565 1607 1950 1663 moderatiores
1972 1613 2146 1660 autem

563 1725 632 1766 ex
665 1707 802 1772 illis,
831 1707 918 1762 illa
944 1718 1199 1761 concessa
1222 1745 1237 1769 ,
1266 1701 1335 1758 de
1359 1701 1458 1757 hac
1487 1709 1695 1756 terrena
1725 1698 1827 1753 dici
1865 1705 2053 1766 putant
2081 1696 2147 1750 il-

563 1798 677 1864 lud,
707 1798 833 1853 Sine
852 1795 1166 1869 genealogia.
1191 1792 1545 1849 OStendamus
1563 1804 1691 1861 ergo
1714 1788 1782 1843 de
1808 1797 2034 1857 utraque
2057 1801 2150 1856 ge-

564 1890 838 1944 neratione
869 1887 970 1941 hoc
998 1885 1200 1940 dixisse
1225 1884 1467 1949 Paulum,
1496 1881 1564 1936 de
1587 1894 1813 1950 superna
1841 1892 2031 1947 nempe
2054 1917 2069 1943 ,
2096 1885 2151 1932 et

561 1981 631 2036 de
658 1989 890 2036 terrena.
918 1977 1048 2033 Nam
1077 1985 1132 2031 et
1161 1975 1249 2030 illa
1278 1972 1552 2030 tremenda
1585 2014 1601 2039 ,
1628 1980 1684 2027 et
1720 1971 1835 2025 haec
1862 1968 2146 2023 admodum

560 2086 754 2127 arcana
801 2079 906 2126 est.
932 2070 1265 2139 Quapropter
1304 2066 1465 2121 Isaias
1489 2066 1563 2120 ait
1588 2085 1602 2119 :
1633 2064 2013 2119 Generationem
2041 2062 2149 2125 eius

562 2164 675 2232 quis
701 2162 952 2216 enarrabit
977 2159 1131 2229 (lsai.
1165 2159 1252 2215 55.
1287 2156 1389 2230 8)?
1416 2156 1639 2220 Verum,
1673 2154 1880 2225 inquies
1902 2195 1918 2220 ,
1944 2152 2012 2208 de
2040 2167 2149 2207 ca:-

565 2255 684 2309 lesti
714 2253 801 2307 illa
828 2252 937 2323 agit
963 2251 1236 2322 propheta.
1268 2248 1402 2317 Quid
1428 2263 1554 2318 ergo
1596 2247 1837 2301 dicemus
1855 2243 1921 2299 de
1946 2243 2109 2299 Paulo
2129 2284 2145 2310 ,

563 2347 652 2415 qui
697 2355 973 2415 postquam
1013 2344 1145 2398 duas
1189 2342 1560 2412 generationes
1602 2345 2145 2400 commcmomverat,

566 2437 693 2492 illud
720 2435 990 2506 subjunxit
1012 2454 1025 2489 :
1050 2435 1176 2491 Sine
1195 2432 1487 2505 genealogia
1503 2433 1528 2485 ?
1552 2430 1622 2487 Ut
1651 2445 1753 2485 non
1780 2429 1937 2483 modo
1960 2442 2149 2484 secuno

563 2527 693 2583 dum
721 2527 865 2582 illam
907 2524 1305 2596 generationem
1329 2563 1345 2588 ,
1376 2537 1477 2592 qua
1508 2522 1623 2575 sine
1663 2528 1833 2573 matre
1872 2528 1983 2573 erat
2009 2558 2023 2582 ,
2052 2518 2148 2573 sed

566 2620 727 2674 etiam
747 2617 1037 2673 secundum
1069 2617 1207 2669 hanc
1236 2623 1498 2670 terrenam
1520 2653 1534 2679 ,
1558 2628 1659 2683 qua
1683 2612 1797 2666 sine
1820 2621 1970 2682 patre
1993 2619 2108 2666 erat
2130 2651 2146 2678 ,

564 2710 711 2764 illum
739 2710 856 2764 sine
880 2706 1189 2779 genealogia
1213 2719 1332 2760 esse
1359 2704 1610 2760 crederes
1635 2720 1647 2755 :
1673 2702 1792 2758 ideo
1817 2718 1938 2757 cum
1965 2702 2149 2757 ambas

567 2800 864 2871 posuisset,
892 2806 1019 2853 tunc
1061 2797 1228 2863 dixit,
1257 2794 1382 2851 Sine
1426 2795 1739 2866 genealogia.
1781 2794 1990 2848 Etenim
2035 2794 2150 2849 lucc

567 2901 775 2946 terrena
813 2887 1364 2958 incomprehensibilis
1389 2896 1470 2943 est
1494 2928 1508 2951 ,
1531 2897 1589 2940 ut
1615 2886 1879 2941 czclestem
1911 2885 2053 2939 illam
2081 2899 2149 2939 ne

565 2982 780 3052 quidem
812 2981 1075 3050 inspicere
1098 2980 1409 3035 audeamus.
1439 2977 1569 3033 Nam
1600 2978 1644 3031 si
1676 2976 1935 3031 vestibula
1967 2975 2146 3045 templi

565 3074 635 3128 ita
665 3072 935 3129 tremenda
959 3082 1013 3127 et
1038 3073 1305 3126 inaccessa
1330 3080 1500 3133 erant,
1522 3068 1588 3123 ad
1613 3068 1772 3138 adyta
1799 3067 1918 3139 quis
1944 3066 2149 3137 ingredi

563 3180 726 3220 ausus
749 3164 929 3220 esset?
953 3162 1104 3231 Quod
1132 3178 1161 3217 a
1195 3163 1350 3218 Patre
1374 3162 1586 3232 genitus
1614 3162 1682 3216 sit
1709 3161 1851 3226 novi,
1880 3160 2148 3232 quomodo

563 3265 739 3309 autem
772 3255 971 3310 nescio.
1002 3253 1151 3322 Quod
1178 3269 1210 3307 a
1236 3254 1439 3323 virgine
1463 3261 1619 3306 natus
1645 3252 1715 3306 sit
1740 3250 1897 3315 novi,
1931 3251 2146 3306 modum

562 3357 740 3402 autem
768 3363 939 3417 neque
964 3347 1051 3402 hic
1078 3350 1250 3415 capio.
1274 3345 1505 3415 Utraque
1523 3345 1795 3414 generatio
1820 3344 1874 3399 in
1902 3345 2149 3400 confesso

562 3447 665 3500 est.
691 3447 745 3492 et
765 3437 1038 3507 utriusque
1065 3436 1255 3491 modus
1281 3445 1500 3489 tacetur.
1531 3435 1598 3489 Et
1620 3435 1756 3489 sicut
1784 3434 1868 3489 hic
1888 3434 1956 3489 de
1986 3435 2149 3506 virgi-

564 3543 651 3593 ne,
671 3529 920 3599 ignorans
942 3528 1209 3598 quomodo
1233 3543 1300 3583 ex
1321 3528 1523 3598 virgine
1551 3536 1706 3581 natus
1727 3527 1815 3592 sit,
1839 3527 2008 3596 ipsum
2028 3540 2148 3582 esse

563 3631 743 3676 natum
773 3622 1068 3688 confiteor,
1100 3636 1272 3691 neque
1315 3636 1429 3675 rem
1474 3619 1601 3674 tollo
1647 3628 1862 3689 propter
1901 3619 2148 3688 ignoran-

563 3715 690 3769 tiam
715 3733 728 3769 :
754 3714 824 3768 ita
854 3724 909 3770 et
940 3723 993 3768 tu
1022 3712 1104 3768 fac
1130 3712 1196 3767 de
1226 3712 1399 3776 Patre,
1422 3710 1521 3766 etsi
1551 3727 1654 3765 non
1687 3709 1896 3764 noveris
1922 3725 2147 3779 quomo-

560 3804 632 3859 do
656 3805 863 3875 genitus
888 3806 956 3860 sit
982 3806 1049 3860 ab
1075 3819 1140 3859 eo
1160 3803 1345 3867 Filius,
1371 3802 1627 3857 contitere
1655 3810 1846 3856 tamen.
1877 3800 1932 3856 Si
1955 3801 2149 3856 dixerit

564 3895 658 3949 tibi
691 3893 993 3959 hazreticus,
1020 3894 1301 3963 Quomodo
1326 3894 1535 3963 genitus
1560 3901 1640 3947 est
1669 3908 1732 3946 ex
1756 3891 1911 3946 Patre
1938 3891 2148 3946 Filius?

563 3986 681 4058 ejus
710 3987 902 4042 fastum
930 3986 984 4041 in
1011 3994 1208 4041 terram
1231 3985 1471 4054 deprime
1494 4023 1509 4049 ,
1540 3991 1596 4038 et
1619 3983 1706 4038 dic
1734 3983 1806 4038 illi
1832 4003 1845 4038 :
1876 3984 2148 4040 Descende

563 4080 632 4136 de
675 4079 854 4143 cmlis,
885 4089 939 4135 et
966 4078 1189 4133 ostende
1228 4076 1492 4146 quomodo
1534 4085 1686 4130 natus
1728 4090 1794 4130 ex
1825 4075 2027 4146 virgine
2052 4118 2066 4141 ,
2094 4084 2151 4131 et

562 4181 690 4225 tunc
726 4171 793 4225 ad
835 4171 920 4224 illa
949 4168 1173 4238 respiro.
1211 4167 1393 4222 Detine
1434 4167 1644 4236 ipsum,
1676 4175 1730 4220 et
1757 4165 2016 4220 concludo
2038 4207 2053 4232 ,
2082 4181 2150 4221 ne

566 4261 708 4318 sinas
742 4261 965 4325 resilire,
992 4269 1046 4314 et
1075 4260 1127 4313 in
1158 4258 1515 4330 labyrinthum
1542 4257 1942 4313 ratiociniorum
1972 4274 2150 4328 regre-

562 4350 617 4404 di
638 4389 653 4412 ,
681 4350 773 4402 sed
803 4349 982 4404 detine
1019 4356 1074 4402 et
1100 4347 1298 4404 suffoca
1323 4390 1338 4413 ,
1370 4364 1475 4402 non
1504 4364 1662 4402 manu
1687 4388 1700 4403 .
1733 4347 1828 4403 sed
1867 4349 2048 4403 verbo.
2074 4347 2151 4405 Ne

562 4440 662 4493 des
707 4439 778 4492 illi
816 4439 1122 4493 dilationem
1168 4447 1224 4492 ut
1260 4438 1476 4508 eti‘ugiat
1515 4454 1621 4508 quo
1663 4439 1809 4493 velit.
1841 4438 1975 4494 llmc
2008 4441 2148 4494 enim

563 4527 850 4583 tumultum
878 4528 1110 4581 excitant
1131 4528 1267 4581 inter
1285 4526 1681 4597 disputandum,
1709 4531 1832 4598 quia
1856 4546 1956 4585 nos
1976 4532 2150 4600 sequi-

562 4634 683 4674 mur
708 4618 825 4674 illos
845 4659 860 4683 ,
890 4631 1063 4688 neque
1092 4617 1401 4672 abducimus
1424 4632 1517 4673 eos
1543 4618 1644 4674 sub
1669 4620 1816 4690 leges
1854 4622 2150 4677 divinarum

566 4706 985 4775 Scripturarum.
1010 4702 1213 4758 Murum
1241 4703 1341 4774 ipsi
1363 4701 1593 4773 undique
1618 4705 1981 4773 circumpone,
2006 4708 2153 4761 testi-

566 4800 741 4853 monia
761 4798 1169 4868 Scripturarum,
1184 4812 1245 4852 ac
1265 4812 1332 4851 ne
1351 4794 1555 4851 hiscere
1574 4796 1783 4866 quidem
1808 4798 2020 4866 poterit.
2037 4799 2147 4863 Dic,

564 4889 830 4959 quomodo
868 4899 1021 4945 natus
1048 4899 1132 4945 est
1158 4905 1222 4944 ex
1253 4887 1454 4958 virgine
1474 4887 1496 4941 ?
1515 4885 1631 4941 Non
1656 4886 1876 4957 gradum
1919 4903 2109 4943 revoco
2132 4930 2146 4954 ,

567 4994 671 5033 non
693 4980 903 5035 recedo.
930 4981 1120 5036 Verum
1139 4996 1241 5036 non
1264 4978 1453 5051 poterit
1472 4979 1624 5035 nobis
1645 4979 1856 5034 modum
1876 4994 2146 5050 enarrare,

565 5072 665 5126 etsi
687 5075 985 5128 sexcenties
1010 5073 1061 5128 id
1086 5075 1389 5130 contendat.
1415 5072 1550 5130 Cum
1574 5073 1715 5128 enim
1744 5073 1882 5128 Deus
1910 5072 2150 5137 occluse-

567 5164 656 5222 rit.
676 5163 794 5233 quis
814 5172 997 5231 postea
1018 5164 1257 5231 aperiat?
1278 5164 1402 5220 ΙΙωο
1424 5165 1536 5219 sola
1565 5172 1786 5235 possunt
1802 5162 1905 5219 fide
1925 5163 2145 5234 percipi.

567 5254 622 5310 Si
657 5267 812 5324 porro
836 5266 1084 5321 nequeas,
1108 5253 1200 5307 sed
1220 5255 1491 5310 ratiocinia
1510 5269 1737 5327 quaeras,
1761 5253 1814 5309 id
1840 5253 1933 5309 tibi
1953 5252 2148 5321 dicam,

569 5345 707 5416 quod
736 5342 981 5398 Christus
1011 5342 1299 5397 Nicodcmo
1319 5363 1331 5398 :
1354 5345 1414 5400 Si
1439 5355 1634 5401 terrena
1656 5347 1764 5400 dixi
1790 5346 1946 5410 vobis,
1973 5356 2021 5401 et
2051 5364 2151 5402 non

567 5436 769 5492 creditis
793 5476 809 5501 ,
838 5433 1091 5504 quomodo
1128 5433 1173 5487 si
1200 5434 1373 5487 dixero
1401 5437 1619 5489 ca'lestia
1646 5437 1856 5492 credetis
1883 5435 2062 5507 (Joan.
2091 5438 2145 5494 ὃ.

569 5527 699 5599 1‘2)?
725 5527 799 5582 De
838 5534 957 5580 ortu
985 5541 1050 5579 ex
1081 5525 1281 5596 virgine
1320 5525 1429 5580 dixi
1455 5567 1470 5591 ,
1499 5535 1553 5581 et
1584 5544 1688 5582 non
1734 5529 1985 5599 intelligis
2005 5571 2018 5594 ,
2049 5546 2151 5590 nec

569 5619 777 5675 hiscere
799 5617 965 5674 audes
988 5659 1004 5685 ,
1035 5626 1088 5672 et
1116 5627 1289 5672 tamen
1321 5632 1600 5687 supernam
1630 5622 2024 5689 generationem
2055 5639 2149 5678 cn.

573 5712 715 5766 riose
753 5709 1021 5781 exploras.
1052 5712 1222 5779 Atque
1258 5709 1456 5764 utinam
1492 5709 1680 5764 caelum
1712 5720 1949 5779 tantum;
1977 5715 2069 5769 scd
2097 5726 2151 5770 tu

571 5796 732 5858 etiam
758 5802 1009 5861 calorum
1039 5799 1321 5857 Dominum
1350 5800 1555 5858 curiose
1589 5801 1818 5858 rimaris.
1859 5805 1920 5860 Si
1957 5815 2153 5863 terrena

1010 401 1068 457 S.
1110 394 1301 455 JOAN.
1340 392 1717 452 CHRYSOST.
1759 388 2075 446 ARCHIEP.
2117 382 2652 443 CONSTANTI'NOP.
2689 383 2776 438 DE
2816 384 3346 444 MELClllSEl)ECO.
3661 385 3735 448 ilio

2262 505 2371 560 dixi
2397 506 2531 560 vobis
2550 545 2566 570 ,
2592 516 2637 560 et
2666 522 2765 558 non
2791 507 3009 560 creditis.
3038 506 3151 560 Non
3191 506 3352 571 dixit,
3383 506 3482 561 Non
3519 516 3722 576 persuade

2258 596 2386 651 mini
2407 638 2422 660 .
2451 596 2544 651 sed
2571 637 2587 660 ,
2619 595 2739 650 Non
2769 598 2995 661 creditis;
3017 597 3296 651 ostendens
3321 598 3463 652 nobis
3484 638 3496 660 .
3524 599 3560 651 si
3586 608 3741 654 terrena

2257 689 2360 744 fide
2403 704 2537 759 opus
2563 688 2792 751 habeant
2817 731 2831 753 .
2856 690 3022 743 nmlto
3071 688 3235 758 magis
3271 690 3505 743 cmlestia.
3544 690 3634 744 Etsi
3658 701 3746 748 tunc

2254 780 2544 836 Nicodcmo
2571 780 2639 836 de
2667 792 2816 850 partu
2845 781 3151 850 loqueretur
3182 781 3333 851 longe
3365 781 3581 846 minore;
3603 781 3657 838 de
3679 784 3744 837 ba-

2257 872 2501 938 ptismate
2540 885 2771 940 namque
2814 885 2993 925 sermo
3035 878 3181 933 erat,
3229 881 3283 925 et
3320 870 3385 925 de
3425 875 3751 939 regenerationc

2252 961 2510 1029 spiritmli
2537 981 2549 1017 :
2576 962 2668 1015 sed
2701 961 2872 1030 palam
2902 972 2983 1017 est
3008 977 3067 1017 ea
3109 963 3266 1017 etiam
3309 963 3408 1016 fide
3439 977 3544 1016 esse
3569 978 3754 1032 CDlttpre.

2256 1052 2552 1107 hensibilia.
2582 1052 2805 1106 Terrena
2829 1063 3006 1108 autem
3038 1054 3124 1110 illa
3152 1055 3383 1118 vocavit,
3414 1070 3510 1108 non
3532 1057 3649 1124 quod
3674 1067 3754 1110 ter.

2255 1158 2382 1198 reua
2409 1159 2535 1198 vere
2559 1143 2665 1198 sint
2684 1185 2698 1209 ,
2727 1144 2820 1199 sed
2860 1144 2996 1213 quod
3029 1145 3081 1198 in
3115 1154 3252 1199 terra
3281 1154 3696 1209 consummentur,
3720 1157 3758 1201 et

2253 1235 2650 1303 comparatione
2677 1234 2818 1288 illius
2843 1235 3141 1301 ineffabilis,
3164 1245 3219 1289 et
3245 1251 3454 1291 omnem
3479 1248 3673 1291 mentem
3691 1254 3757 1292 su-

2254 1326 2488 1394 perantis
2513 1326 2871 1394 generationis
2894 1367 2909 1389 ,
2945 1328 3058 1380 h:ec
3085 1329 3191 1380 sint
3221 1335 3444 1380 terrena.
3476 1326 3525 1382 Si
3551 1344 3659 1398 ergo
3682 1346 3757 1383 non

2254 1426 2429 1486 potest
2455 1417 2670 1486 intelligi
2697 1458 2711 1480 .
2739 1433 2844 1487 quo
2871 1427 3025 1487 pacto
3053 1433 3119 1472 ex
3144 1419 3294 1487 aquis
3319 1434 3672 1488 regeneremttr,
3694 1422 3759 1474 sed

2252 1507 2362 1561 Sola
2393 1506 2495 1562 fide
2521 1507 2572 1561 id
2596 1508 2867 1577 percipere
2891 1516 3153 1577 oporteat,
3186 1524 3358 1578 neque
3383 1508 3580 1563 modum
3602 1511 3761 1565 οιιτὶομε

2253 1599 2531 1666 explorare
2555 1616 2568 1654 :
2594 1608 2803 1669 quantae
2833 1598 3053 1653 insaniae
3080 1599 3240 1654 fuerit
3268 1600 3335 1653 de
3360 1615 3573 1669 superna
3594 1616 3763 1672 genera-

2253 1690 2397 1743 tione
2418 1689 2670 1760 unigeniti
2688 1689 2807 1745 Filii
2831 1690 3057 1745 humana
3075 1691 3348 1746 ratiocinia
3369 1707 3588 1758 movere,
3601 1705 3645 1748 et
3660 1696 3762 1748 modi
3852 1674 3857 1683 0

2252 1782 2613 1851 generationis
2628 1783 2862 1837 rationes
2881 1783 3166 1852 expetere?
3184 1783 3459 1851 Quomodo
3478 1785 3581 1840 sine
3601 1795 3717 1855 patre
3727 1797 3767 1840 et

2253 1876 2371 1928 sine
2401 1883 2568 1929 matre
2594 1874 2686 1929 Dei
2714 1873 2900 1940 Filius,
2919 1882 2973 1929 et
2996 1874 3263 1946 quomodo
3283 1875 3396 1930 sine
3417 1875 3762 1948 genealoghsit,

2253 1968 2384 2023 satis
2409 1966 2832 2024 demonstratum
2859 1977 2962 2023 est.

2324 2060 2375 2114 '5.
2408 2058 2513 2115 Sed
2556 2062 2803 2130 quoniam
2851 2059 3002 2114 multi
3054 2075 3160 2114 non
3208 2059 3554 2131 intelligentes
3594 2077 3689 2129 qum
3720 2061 3767 2114 de

2253 2149 2637 2206 Melchisedeco
2656 2152 2850 2221 scripta
2880 2160 3021 2214 sunt,
3047 2151 3219 2220 ipsum
3246 2151 3404 2204 etiam
3434 2150 3628 2206 Christo
3647 2152 3768 2219 maju-

2253 2258 2365 2299 rem
2395 2258 2514 2300 esse
2540 2243 2806 2307 dixerunt,
2837 2242 3188 2313 hacresimque
3213 2243 3611 2304 constituerunt,
3636 2252 3681 2296 et
3700 2259 3768 2295 vo-

2252 2343 2442 2389 cantur
2479 2334 2918 2390 Melchisedecitm
2947 2335 3023 2407 (ιι)
3049 2377 3063 2402 ,
3097 2335 3358 2405 nobisque
3386 2335 3710 2398 contendunt,
3733 2344 3770 2387 et

2256 2436 2527 2498 pugnant,
2560 2428 2730 2497 ipsum
2775 2442 2894 2482 esse
2935 2426 3147 2483 Christo
3184 2428 3478 2498 majorem,
3502 2428 3617 2482 illud
3646 2427 3771 2480 addu-

2253 2529 2436 2576 centes
2455 2562 2469 2583 ,
2501 2519 2576 2574 Tu
2606 2538 2658 2576 es
2680 2522 2912 2575 sacerdos
2948 2522 3001 2575 in
3038 2530 3280 2575 retentum
3314 2522 3574 2576 secundum
3597 2522 3770 2574 ordinem

2253 2611 2592 2668 Melchisedec
2636 2613 2973 2683 (Psal.109.
3003 2615 3060 2684 4)
3094 2633 3107 2669 :
3149 2614 3256 2669 illis
3300 2630 3505 2685 quoque
3547 2630 3773 2669 ocCurrere

2252 2713 2486 2772 oportet.
2519 2704 2707 2759 Dicunt
2730 2706 2871 2759 enim
2902 2705 3219 2771 :Quomodo
3251 2721 3356 2759 non
3388 2704 3535 2760 fuerit
3560 2704 3769 2761 illcCltt‘i-

2252 2804 2336 2850 sto
2379 2794 2590 2864 major,
2618 2795 2910 2850 secundum
2959 2796 3112 2866 cujus
3159 2796 3442 2867 imaginem
3489 2806 3541 2851 et
3581 2795 3772 2849 ordinem

2252 2886 2492 2941 Christus
2513 2886 2864 2942 sacerdotium
2882 2889 3129 2944 exercet?
3148 2888 3260 2943 Nos
3277 2905 3404 2960 ergo
3423 2889 3627 2944 dicimus
3644 2887 3772 2957 ipsum

2252 2977 2521 3049 hominem
2569 2995 2688 3035 esse
2711 3022 2725 3046 ,
2762 2981 2981 3051 perinde
3024 2991 3182 3052 atque
3229 2998 3331 3037 nos
3369 2982 3671 3052 passionibus
3701 2980 3772 3034 ob-

2254 3070 2468 3124 noxium
2491 3111 2506 3134 ,
2537 3086 2634 3126 nec
2662 3072 2918 3141 majorem
2946 3071 3155 3128 Christo
3176 3114 3190 3137 ,
3229 3075 3340 3128 imo
3377 3090 3474 3130 nec
3495 3075 3673 3130 Joanne
3702 3072 3774 3125 Ba-

2255 3163 2442 3231 ptista:
2476 3162 2647 3234 Major
2671 3165 2814 3219 enim
2854 3166 2943 3220 illo
2968 3205 2982 3231 ,
3016 3165 3184 3235 inquit
3220 3163 3467 3222 Christus
3489 3207 3504 3232 ,
3533 3166 3647 3219 inter
3667 3172 3775 3217 natos

2254 3254 2523 3307 mulierum
2562 3271 2664 3308 non
2702 3255 2921 3309 surrexit
2960 3255 3169 3327 (Matth.
3202 3258 3296 3311 11.
3329 3257 3440 3328 ll).
3481 3258 3575 3312 Alii
3614 3270 3775 3311 rursum

2251 3354 2496 3400 errantes
2521 3345 2702 3402 dicunt
2732 3348 2900 3417 ipsum
2925 3362 3045 3403 esse
3069 3347 3329 3417 Spiritum
3354 3360 3583 3405 sanctum
3606 3347 3686 3421 (b);
3707 3345 3773 3401 sed

2252 3434 2356 3491 hoc
2402 3453 2506 3490 non
2546 3438 2774 3492 dicimus
2821 3453 2936 3493 nos.
2976 3438 3106 3493 Nam
3150 3455 3273 3509 qum
3318 3440 3596 3496 necessitas
3634 3438 3776 3492 fuisset

2253 3525 2484 3583 Verbum
2516 3528 2609 3582 Dei
2650 3529 2912 3584 inearnari
2937 3569 2952 3595 ,
2983 3529 3026 3585 si
3051 3531 3158 3598 jam
3198 3533 3330 3586 olim
3371 3532 3586 3603 Spiritus
3610 3537 3776 3583 sanctis

2253 3618 2413 3695 homo
2441 3619 2611 3674 factus
2641 3619 2868 3674 fuisset?
2895 3621 3027 3687 Quia
3073 3636 3201 3676 vero
3248 3638 3349 3679 nec
3393 3622 3555 3692 major
3575 3620 3773 3679 Christo,

2254 3727 2352 3767 nec
2372 3712 2599 3782 Spiritus
2626 3722 2844 3768 sanctus
2873 3724 2954 3768 est
2978 3756 2994 3781 ,
3021 3713 3199 3769 dicant
3231 3716 3387 3771 nobis
3414 3716 3524 3783 illi,
3550 3714 3679 3784 cujus
3699 3712 3772 3765 loci

2254 3804 2427 3875 ipsum
2466 3820 2588 3861 esse
2632 3815 2903 3861 statuant:
2931 3823 2997 3861 an
3028 3808 3304 3863 caelestis?
3332 3826 3401 3865 an
3440 3806 3773 3865 terrestris?»

2251 3896 2628 3951 subterranei?
2656 3896 2710 3951 Si
2740 3912 2866 3966 ergo
2889 3898 3070 3953 dicant
3095 3899 3536 3955 Melchisedecum
3563 3899 3634 3954 vel
3651 3912 3677 3952 e
3695 3911 3775 3950 ca:-

2255 3987 2465 4042 lestium
2514 4004 2735 4044 numero
2758 4031 2774 4055 ,
2806 3990 2889 4045 vel
2935 3991 3070 4046 alius
3107 3991 3490 4063 cujuscumque
3529 3992 3617 4046 loci
3656 4003 3773 4050 esse.

2252 4079 2470 4133 audiant
2509 4078 2654 4133 illum
2699 4095 2835 4149 genu
2877 4079 3092 4137 ﬂectere
3127 4083 3346 4138 Christo
3368 4124 3383 4149 ,
3406 4083 3493 4151 qui
3529 4080 3774 4135 incarnatus

2254 4178 2427 4225 estex
2470 4170 2691 4240 Deipara
2732 4171 2913 4225 Maria.
2942 4173 3029 4227 Ait
3056 4172 3773 4243 enimApostolnsdpsiomne

2253 4278 2382 4332 genu
2412 4264 2655 4331 ﬂectetur,
2671 4271 2773 4316 etc.
2805 4262 3059 4335 (Phiiipp.
3086 4264 3140 4318 2.
3168 4266 3280 4335 10).
3308 4265 3363 4321 Si
3394 4280 3546 4320 omne
3570 4276 3683 4334 genu
3706 4257 3774 4310 ﬂe-

2255 4357 2449 4420 ctitur,
2469 4370 2598 4411 Sane
2625 4354 2979 4412 Melchisedec
3007 4357 3219 4412 Christo
3251 4359 3426 4413 minor
3447 4358 3609 4420 fuerit,
3631 4351 3772 4407 adorat

2256 4447 2394 4500 enim
2427 4445 2716 4502 Chrisutm.
2747 4450 2801 4502 Si
2832 4447 3068 4503 infelices
3098 4448 3171 4502 illi
3200 4464 3266 4504 ac
3295 4451 3472 4504 miseri
3506 4463 3560 4501 ea
3587 4459 3682 4513 qua:
3708 4455 3771 4492 sc-

2255 4544 2489 4601 quuntur
2507 4537 2872 4602 considerent;
2893 4553 3013 4592 nam
3043 4538 3333 4609 subjungit,
3359 4537 3651 4593 Assimilattts
3671 4528 3769 4584 Filit

2257 4628 2351 4682 Dei
2375 4627 2555 4698 (Hebr.
2578 4630 2630 4684 7.
2655 4631 2712 4699 5)
2737 4648 2749 4683 :
2775 4629 2844 4684 ita
2873 4629 3271 4699 intelligendum
3294 4639 3398 4695 est,
3427 4631 3583 4699 ipsum
3606 4633 3769 4688 nempe.

2255 4719 2476 4789 perinde
2502 4731 2662 4790 atque
2690 4735 2807 4786 nos,
2826 4720 2890 4774 ad
2923 4721 3204 4790 imaginem
3233 4732 3288 4776 et
3312 4718 3678 4777 similitudinem
3704 4708 3768 4764 [lci

2255 4812 2451 4864 factum
2481 4812 2661 4866 fuisse.
2690 4811 2856 4867 Judaei
2902 4827 3062 4881 porro
3085 4813 3269 4866 dicunt
3306 4817 3475 4883 lpsutn
3501 4825 3562 4864 ex
3597 4803 3764 4859 famice-

2257 4901 2402 4956 tiune
2431 4912 2609 4958 natum
2641 4919 2760 4959 esse
2802 4906 2871 4975 (c)
2899 4946 2915 4972 ,
2946 4904 3170 4976 ideoque
3197 4906 3317 4961 sine
3339 4900 3621 4976 genealogia
3644 4909 3767 4949 esse;

2255 4994 2446 5063 quibus
2472 5010 2570 5049 nos
2597 4995 2837 5051 dicemus
2860 5038 2873 5059 ,
2905 4996 3043 5066 quod
3082 4997 3176 5067 ipsi
3210 5013 3487 5067 perperam
3526 4996 3764 5062 loquantur-

2256 5086 2464 5141 Etenim
2487 5086 2808 5153 Salomonis,
2837 5088 2926 5159 qui
2952 5104 3021 5143 ex
3050 5089 3292 5145 adultera
3322 5089 3462 5146 Uriaa
3488 5068 3766 5142 exercitatus

2320 5198 2393 5259 (α)
2426 5204 2503 5262 De
2517 5198 2936 5257 Melchisedecitis,
2959 5212 3083 5262 quos
3098 5209 3435 5262 malicqu
3458 5204 3587 5262 vocat

2320 5227 2393 5259 νυ
2426 5227 2494 5246 νυ
2518 5227 2936 5257 ωυιυυιδσυευιιιδ,
2959 5227 3083 5262 quva
3100 5227 3176 5252 itu
3199 5227 3435 5257 tcqu
3462 5227 3586 5248 VM
3616 5227 3747 5256 "P’r'T

2256 5260 2382 5317 nius,
2430 5259 2541 5310 vide
2580 5263 2703 5323 apud
2751 5262 2907 5323 ipsum
2946 5263 3125 5311 Itzeresi
3168 5227 3249 5320 .135,
3280 5263 3348 5311 at.
3496 5275 3539 5323 p.
3568 5250 3761 5323 ῥϐὃξέιὲ·

2256 5311 2440 5384 Ρθωὲη
2464 5334 2575 5384 qua!
2597 5311 2792 5372 omnino
2807 5337 2915 5371 cum
2941 5323 3015 5372 his
3035 5311 3327 5383 consonant;
3343 5311 3407 5374 de
3428 5311 3509 5373 illd
3520 5311 3760 5384 etiamer

2254 5377 2733 5459 doregusfﬂmretic.
2766 5384 2926 5434 Fabul.
2968 5385 3000 5433 l.
3036 5386 3110 5443 ll,
3148 5399 3192 5434 c.
3215 5387 3266 5445 6,
3297 5377 3430 5436 Joan.
3687 5377 3760 5418 ιη’

2257 5446 2510 5567 αῖὶῇξυί
2533 5506 2727 5556 dicebat
2761 5507 3157 5557 Melchisedecmn
3203 5520 3317 5557 esse
3355 5508 3560 5571 spiritum
3596 5500 3759 5571 Sttdll'jf

2259 5564 2581 5676 t\ra;t_;12tierax.
2611 5576 2740 5618 teste
2764 5571 3017 5632 Epiphanio
3052 5571 3101 5618 in
3139 5577 3261 5618 Itan.
3297 5564 3759 5620 Melchistaieciatn‘ﬂ'm

2260 5645 2306 5676 lt.
2370 5647 2383 5676 Ι
2428 5668 2438 5676 .

2259 5645 2306 5691 Ι..
2322 5645 2563 5755 ὣῖὸυοᾲ
2579 5704 2690 5755 mox
2714 5691 2906 5755 dicitur,
2942 5705 3119 5755 nempe
3152 5692 3541 5755 Judasosgdixisse
3561 5678 3757 5755 Melchise-

2259 5738 2517 5802 «etiam
2542 5738 2879 5814 fornicatione
2894 5738 3579 5814 hsiaa‘ri.a§a,"éérea"uiam
3602 5738 3753 5805 frit'hl'

2264 5817 2372 5866 nius
2395 5816 2444 5865 in
2467 5814 2648 5865 Περι-«ξεί
2668 5813 3203 5867 Melehisedeciauornm
3220 5813 3267 5878 p.
3292 5817 3397 5864 475.
