4104 6214
295 187 400 240 25:)

290 306 562 372 εὶρηνης,
609 302 887 373 ἀπάτωρ,
932 304 1202 377 ἀμήτωρ,
1238 268 1755 378 ἢάγενεαλόγητος,
1798 308 1951 377 μήτε

292 387 491 460 ἀρχὴν
518 388 755 460 ἡμερῶν
774 392 951 459 ἔχων,
977 392 1130 460 μήτε
1149 391 1325 454 τέλος
1363 389 1530 457 ζωῆς,
1573 390 1952 460 ἀφωμοιωμέ-

292 475 399 523 νος
428 458 496 510 δὲ
525 458 604 525 τῷ
643 459 750 525 Υἱῷ
773 458 879 513 τοῦ
913 458 1083 527 Θεοῦ,
1119 462 1287 531 μένει
1326 462 1519 529 ἱερεὺς
1548 458 1635 528 είς
1663 458 1729 514 τὸ
1755 461 1952 526 διηνε-

291 545 413 609 κές.
443 540 569 614 Ἆρ’
592 546 654 599 οὐ
686 547 975 613 κατέξανεν
999 548 1151 619 ὐμῶν
1165 548 1264 612 τάς
1291 549 1482 611 ἀκοάς,
1508 548 1636 619 περὶ
1665 547 1952 620 ἀνθρώπου

290 632 673 704 διαλεγόμενος
700 636 792 689 καὶ
814 636 1005 704 λέγων,
1050 635 1324 705 Ἁπὰτωρ,
1348 635 1606 705 ἀμήτωρ,
1631 637 1953 706 ἀγενεαλό-

290 737 506 788 ratae;
540 723 649 775 Καὶ⁸
675 723 896 792 τίλέγω
933 723 1064 795 περὶ
1104 722 1427 793 ἀνθρώπου;
1457 724 1519 775 Εἰ
1560 724 1670 795 γάρ
1704 724 1830 793 περὶ
1860 724 1954 777 τοῦ

293 803 425 861 Υίοῦ
452 809 664 877 λέγοιτο
695 812 875 875 τοῦτο,
921 812 1021 865 οὐκ
1044 812 1111 865 ἀν
1139 811 1337 882 πολλὴν
1378 812 1469 865 καὶ
1493 811 1663 874 οὕτως
1700 810 1955 882 παράσχῃ

291 895 551 966 ζήτησιν;
581 900 643 952 El
667 899 774 972 7&9
794 899 1043 970 ἀπάτωρ,
1066 899 1183 964 πῶς
1210 901 1367 965 Υίός;
1402 902 1463 954 Εἰ
1480 901 1535 954 δὲ
1558 902 1812 972 ἀμήτωρ,
1840 901 1956 965 πῶς

293 984 635 1054 ΙῙονογενής;
676 987 736 1039 '0
757 986 866 1059 7&9
893 987 1007 1051 υἱὸς
1042 987 1246 1057 ὀφείλει
1269 988 1484 1060 πατέρα
1512 988 1677 1058 ἔχειν,
1707 988 1830 1041 ἐπεὶ
1857 990 1957 1041 οὐκ

293 1071 360 1123 ἂν
386 1071 472 1140 εῖη
501 1073 635 1137 υίός.
686 1074 845 1128 Ἀλλά
882 1075 978 1129 καὶ
1004 1075 1235 1146 ἀπάτωρ
1264 1076 1411 1129 ἐστὶν
1440 1077 1469 1128 6
1508 1075 1638 1139 Υἱὸς
1675 1074 1770 1129 τοῦ
1797 1074 1952 1140 Θεοῦ,

292 1158 384 1211 καὶ
420 1160 652 1232 ἀμήτωρ
671 1177 685 1191 ⁸
727 1161 956 1234 ἀπάτωρ
982 1162 1082 1231 τὴν
1119 1161 1271 1215 κάτω
1296 1161 1569 1233 γέννησιν,
1600 1162 1832 1233 ἀμήτωρ
1857 1161 1956 1234 τήν

292 1246 423 1301 ἀνω.
456 1248 592 1302 υῦτε
618 1249 727 1321 7&9
753 1250 846 1303 ἐπὶ
873 1250 978 1319 γῆς
1003 1249 1160 1320 ἔσχεν
1196 1249 1426 1320 πατέρα,
1458 1250 1581 1303 οὐτε
1614 1253 1670 1303 ἐν
1711 1252 1956 1322 οὐρανοῖς

296 1333 527 1405 μητέρα.
576 1336 1095 1406 Ἀγενεαλόγητος.
1140 1336 1511 1391 ’Δκουέτωσαν
1542 1339 1589 1390 οί
1630 1338 1730 1410 τὴν
1768 1338 1956 1392 οὐσίαν

294 1420 462 1474 αὐτοῦ
496 1422 1092 1495 πολυπραγμονοῦντες.
1129 1424 1323 1478 Καίτοι
1351 1425 1496 1489 τινὲς
1539 1424 1850 1496 νομίζωσιν
1874 1428 1955 1481 ὅτι

293 1508 354 1560 :6
392 1508 874 1579 Ἅγενεαλότητος
902 1510 1081 1577 τοῦτο,
1109 1510 1354 1583 περὶτῆς
1391 1510 1503 1566 ἀνω
1535 1513 1841 1585 γεννήσεως
1877 1512 1957 1567 εῖ-

297 1612 478 1667 ρηται.

364 1684 426 1737 Οί
461 1684 560 1754 μὲν
587 1684 696 1757 7&9
726 1687 995 1757 αἱρετικοὶ
1022 1686 1147 1742 οὔτε
1179 1687 1338 1742 τοῦτο
1372 1686 1651 1758 βούλονται
1674 1705 1688 1719 ·
1725 1689 1822 1743 καὶ
1849 1687 1957 1760 7&9

294 1769 386 1822 καὶ
423 1771 641 1842 ἐκείνην
684 1772 1203 1845 πολυπραγμονοῦσι
1245 1773 1341 1828 καὶ
1370 1775 1827 1847 περιεργάζονται
1854 1791 1868 1806 ⁸
1906 1776 1958 1828 οἱ

292 1854 348 1908 δὲ
366 1857 759 1928 ἐπιεικέστεροι
785 1860 990 1913 τούτων
1017 1860 1234 1931 ἐκείνην
1266 1860 1366 1933 μέν
1386 1861 1799 1934 παραχωροῦσι,
1828 1860 1957 1932 περὶ

290 1941 347 1995 δὲ
366 1944 572 2013 ταύτης
602 1944 753 1999 κάτω
794 1946 1109 2016 νομίζουσιν
1134 1947 1382 2018 είρῆσθαι
1408 1948 1488 2013 :6,
1531 1949 1956 2020 Ἀγενεαλόγη-

292 2046 417 2095 τος.
458 2029 731 2102 Δείξωμεν
770 2028 864 2085 οῦν
909 2033 991 2086 ὅτι
1040 2034 1168 2104 περὶ
1196 2033 1464 2106 ἑκατέρας
1510 2036 1610 2105 τῆς
1653 2035 1959 2104 γεννήσεως

292 2118 454 2171 τοῦτο
502 2119 714 2184 Παῦλος
757 2117 900 2186 εἶπε,
948 2121 1042 2176 καὶ
1071 2122 1201 2194 περὶ
1231 2122 1334 2192 τῆς
1362 2121 1511 2195 [268]
1535 2124 1666 2189 ἄνω,
1704 2124 1799 2177 καὶ
1829 2125 1959 2197 περὶ

292 2205 395 2275 τῆς
425 2207 596 2263 κάτω.
632 2209 743 2262 Καὶ
770 2208 879 2280 γὰρ
926 2209 1154 2277 κάκείνη
1196 2210 1420 2281 φρικτὴ,
1453 2212 1547 2265 καὶ
1574 2210 1713 2282 αῦτη
1760 2229 1955 2282 μυστι-

291 2292 532 2363 κωτάτη.
566 2294 668 2347 Διά
686 2295 845 2348 τοῦτο
867 2296 965 2349 καὶ
993 2296 1227 2359 Ἡσαΐας
1250 2297 1414 2366 φησίν
1430 2313 1447 2328 ⁶
1483 2297 1603 2366 Τὴν
1617 2298 1833 2367 γενεὰν
1849 2299 1956 2351 αὐ-

291 2378 396 2432 τοῦ
426 2380 519 2445 τίς
550 2379 930 2449 διηγήσεταιξ
966 2381 1128 2443 Ἄλλά
1155 2383 1282 2454 περὶ
1314 2383 1550 2453 ἐκείνης,
1585 2384 1772 2454 φησὶν,
1801 2380 1955 2438 εἶπεν

289 2463 387 2535 τῆς
416 2465 546 2520 ἄνω.
584 2468 649 2520 Τί
681 2463 774 2521 οῦν
802 2468 1033 2540 ἐροῦμεν
1068 2469 1147 2541 τῷ
1177 2468 1375 2540 Παύλῳ
1407 2470 1721 2542 ἀμφοτέρας
1750 2471 1955 2526 είπόντι

291 2550 384 2614 τάς
403 2554 709 2622 γεννήσεις,
733 2556 823 2608 καὶ
838 2556 956 2610 τότε
970 2555 1299 2625 ἐπαγαγόντι
1319 2557 1401 2621 τὸ,
1427 2558 1916 2628 Ἀγενεαλόγνητος
1936 2576 1952 2627 ;

292 2638 409 2693 Ἵνα
438 2641 512 2711 μὴ
549 2641 710 2711 μόνον
741 2644 860 2697 κατ’
889 2643 1104 2713 ἐκείνην
1128 2643 1225 2715 τὴν
1252 2644 1526 2715 γέννησιν,
1562 2645 1685 2697 καθ’
1711 2647 1777 2717 ἢν
1804 2648 1953 2717 ἀμή-

293 2742 405 2795 τωρ
426 2729 591 2795 ἐστὶν,
614 2728 754 2783 ἀλλά
782 2731 875 2783 καὶ
902 2730 1042 2784 κατά
1070 2729 1294 2802 ταύτην,
1318 2731 1439 2784 καθ’
1460 2731 1527 2802 ήν
1557 2733 1787 2805 ἀπάτωρ
1815 2735 1951 2798 ἐστὶ,

295 2814 397 2886 τὴν
447 2816 593 2870 κάτω
633 2817 798 2886 λέγω.
834 2818 1262 2891 ἀγενεαλόγητον
1312 2816 1453 2874 εἶναι
1488 2823 1781 2895 πιστεύσῃς
1803 2837 1818 2854 ⁸
1866 2822 1954 2877 διὰ

299 2901 456 2955 τοῦτο
485 2905 757 2977 ἀμφότερα
782 2906 913 2971 θεὶς,
940 2907 1060 2960 τότε
1085 2901 1261 2971 εἶπεν,
1300 2907 1808 2979 Ἅτενεαλόγητος.
1843 2910 1955 2963 Καὶ

302 2989 411 3059 7&9
437 2990 529 3042 καὶ
570 2991 701 3065 αῦτη
726 2995 760 3065 ή
808 2994 959 3047 κάτω
991 2994 1395 3065 άκατάληπτος,
1449 2996 1534 3050 ἵνα
1573 2996 1711 3067 πρὸς
1740 2996 1954 3067 ἐκείνην

301 3078 432 3148 μηδὲ
461 3081 774 3151 παρακύψαι
815 3082 1195 3153 τολμήσωμεν.
1236 3084 1299 3138 El
1324 3083 1433 3154 7&9
1463 3083 1533 3137 :&
1566 3084 1831 3155 προαύλια
1857 3084 1952 3138 τοῦ

295 3166 421 3220 ναοῦ
441 3166 583 3221 οὕτω
604 3168 807 3238 φοϐερά
836 3170 928 3223 καὶ
958 3170 1247 3240 ἀπρόσιτα,
1282 3171 1417 3241 πρὸς
1444 3171 1513 3224 τά
1542 3172 1708 3226 ἄδυτα
1733 3173 1817 3237 τίς
1843 3174 1953 3225 είσ-

291 3252 461 3307 ελθεῖν
520 3256 899 3329 ἐπιχειρήσεις
942 3258 1062 3311 ’Ὁτι
1104 3258 1365 3330 ἐγεννήθη
1412 3261 1562 3331 παρά
1598 3259 1694 3313 τοῦ
1740 3260 1953 3332 Πατρός

288 3336 422 3405 οἶδα,
449 3342 511 3395 :6
526 3343 584 3397 δὲ
614 3343 752 3409 πῶς,
778 3344 878 3398 οὐκ
895 3340 1029 3399 οῖδα.
1049 3345 1172 3398 Ὅτι
1194 3345 1389 3417 ἐτέχθη
1417 3346 1523 3400 ὐπὸ
1543 3346 1645 3417 τῆς
1667 3347 1952 3419 Παρθένου

290 3428 618 3499 ἐπίσταμαι,
659 3431 752 3485 τὸν
787 3430 845 3485 δέ
884 3430 1082 3503 τρόπον
1114 3432 1234 3486 οὐδέ
1264 3432 1499 3488 ἐνταῦθα
1527 3432 1951 3505 καταλαμϐάνω.

300 3515 570 3588 Ἐκατέρα
604 3518 770 3590 γάρή
801 3518 1052 3589 γέννησις
1092 3518 1460 3592 ὡμολόγηται,
1493 3521 1586 3574 καὶ
1621 3522 1887 3592 ἑκατέρας
1923 3522 1953 3575 6

287 3602 485 3677 τρόπος
512 3605 815 3677 σεσίγηται.
844 3607 954 3660 Καὶ
983 3607 1120 3677 ὅπερ
1143 3607 1377 3661 ἐνταῦθα
1401 3608 1493 3660 ἐπὶ
1521 3608 1621 3679 τῆς
1651 3608 1949 3680 Παρθένου,

287 3694 393 3747 οὐκ
422 3693 580 3759 εἰδὼς
614 3694 730 3758 πῶς
757 3696 821 3747 ἐκ
848 3693 948 3765 τῆς
981 3694 1256 3766 παρθένου
1284 3694 1572 3766 ἐγεννήθη,
1600 3696 1848 3768 όμόλογῶ
1868 3698 1952 3751 ὅτι

284 3780 570 3852 ἐγεννήθη,
602 3781 697 3835 καὶ
722 3780 823 3834 οὐκ
851 3780 1061 3851 ἀναιρῶ
1100 3779 1162 3834 :6
1195 3782 1427 3851 πρᾶγμα
1454 3781 1542 3835 διὰ
1568 3781 1667 3853 τὴν
1697 3781 1949 3852 ἄγνοιαν·

283 3866 431 3920 οῦτω
468 3868 563 3921 καὶ
600 3869 664 3923 σύ
696 3869 922 3938 ποίησον
948 3868 1041 3922 ἐπὶ
1070 3866 1165 3923 τοῦ
1203 3869 1436 3938 Πατρδς,
1476 3870 1526 3921 εί
1556 3871 1651 3922 καὶ
1673 3870 1774 3924 οὐκ
1804 3865 1952 3936 οἶδας

287 3954 409 4018 πῶς
433 3956 719 4028 ἐγεννήθη,
754 3955 1106 4028 ὁμολόγησον.
1140 3955 1261 4010 Κάν
1295 3957 1423 4029 εῖπῃ
1448 3973 1530 4010 σοι
1568 3948 1612 4009 δ’
1638 3959 1913 4029 αίρετικός
1933 3977 1949 3992 ·

286 4037 416 4103 Πῶς
438 4043 697 4115 ἐγεννήθη
729 4045 793 4097 ἐκ
821 4042 916 4097 τοῦ
938 4044 1147 4115 Πατρός
1173 4046 1201 4097 6
1227 4043 1358 4107 Υίός
1380 4060 1394 4108 ;
1416 4044 1769 4100 κατάσπασον
1786 4046 1951 4102 αὐτοῦ

284 4131 350 4183 :6
375 4131 639 4203 φρύαγμα
657 4134 737 4195 είς
764 4131 862 4203 τὴν
884 4135 1008 4204 γῆν,
1037 4134 1132 4186 καὶ
1152 4132 1274 4201 εἰπὲ
1298 4130 1437 4204 πρὸς
1461 4132 1649 4185 αὐτόν·
1670 4134 1952 4205 Κατάϐηθι

290 4216 359 4270 ἐκ
381 4217 491 4271 τῶν
515 4218 779 4290 οὐρανῶν,
808 4219 901 4271 καὶ
916 4218 1085 4285 δεῖξον
1111 4218 1228 4282 πῶς
1254 4217 1515 4289 ἐγεννήθη
1538 4220 1602 4272 ἐκ
1621 4222 1717 4291 τῆς
1736 4220 1949 4293 Παρθέ-

286 4320 402 4369 νου,
437 4307 532 4358 καὶ
559 4307 679 4359 τότε
716 4308 897 4360 ἐκεῖνα
924 4307 1045 4378 δρα.
1090 4308 1344 4378 Κάτασχε
1377 4307 1540 4360 αὐτὸν
1572 4308 1666 4361 καὶ
1696 4310 1952 4381 περίστη-

289 4409 403 4458 σον,
438 4394 513 4466 μὴ
536 4395 680 4465 ἀφῇς
709 4395 1079 4467 ἀποπηδῆσαι,
1108 4395 1242 4466 μηδὲ
1269 4395 1618 4467 ἀναχωρῆσαι
1647 4398 1728 4460 είς
1741 4396 1834 4451 τὸν
1858 4397 1951 4451 λα-

285 4482 543 4554 ϐύρινθον
585 4483 695 4536 τῶν
725 4482 1019 4553 λογισμῶν,
1052 4483 1186 4537 ἀ).λά
1215 4483 1455 4554 κάτασχε
1502 4484 1596 4538 καὶ
1629 4484 1948 4553 ἀπόπνιξον,

290 4570 368 4641 μή
400 4572 465 4641 τῇ
495 4570 660 4641 χειρὶ,
696 4568 832 4623 ἀλλά
860 4569 939 4641 τῷ
978 4571 1203 4640 ῥήματι.
1234 4570 1325 4643 Μὴ
1359 4570 1536 4644 δὼσῃς
1562 4571 1710 4643 αὐτῷ
1737 4570 1949 4627 διαστο·

284 4657 407 4729 λὴν,
459 4658 555 4711 καὶ
582 4657 819 4728 διαφύγῃ
847 4646 926 4720 ὡς
968 4655 1234 4726 βρύλεται.
1285 4657 1524 4711 Ἐκεῖθεν
1562 4661 1670 4731 7&9
1721 4658 1949 4732 θόρυϐον

286 4744 581 4815 ἐμποιοῦσι
613 4749 724 4809 τοῖς
753 4744 1176 4813 διαλεγομένοις,
1200 4744 1383 4815 ἐπειδὴ
1411 4746 1571 4816 ἡμεῖς
1602 4748 1784 4811 αὐτοῖς
1821 4749 1952 4802 ἀκο-

284 4832 609 4902 λουθοῦμεν,
654 4832 749 4886 καὶ
794 4832 894 4885 οὐκ
943 4832 1228 4902 ἀπάγομεν
1274 4831 1379 4884 ὐπὸ
1416 4832 1542 4896 τούς
1589 4834 1789 4905 νόμους
1839 4836 1949 4891 τῶν

285 4920 449 4974 θείων
480 4920 733 4992 Γραφῶν.
783 4919 1013 4990 Περίθες
1043 4918 1220 4971 τοίνυν
1267 4917 1417 4989 αὐτῷ
1457 4920 1717 4974 πάντοθεν
1753 4922 1951 4994 τειχίον

285 5008 389 5071 τάς
421 5007 527 5061 ἀπὸ
559 5006 667 5060 τῶν
694 5006 920 5077 Γραφῶν
957 5004 1280 5078 μαρτυρίας,
1316 5006 1408 5059 καὶ⁵
1438 5006 1559 5059 οὐδὲ
1591 5009 1750 5078 χᾶναι
1786 5009 1949 5082 δυνή-

288 5112 463 5150 σεται.
486 5095 643 5158 Εἰπὲ,
673 5093 796 5157 Πῶς
823 5092 1086 5165 ἐγεννήθη
1117 5097 1182 5147 ἐκ
1210 5094 1309 5163 τῆς
1355 5094 1633 5165 Παρθένου
1658 5113 1672 5162 ;
1701 5098 1815 5151 Οὐκ
1847 5100 1954 5169 ἀφ-

290 5182 519 5253 ίσταμαί
554 5199 670 5243 σου,
697 5181 819 5236 οὐδὲ
852 5180 1137 5252 ἀναχωρῶ.
1189 5180 1328 5234 Ἀλλ’
1351 5182 1454 5235 οὐκ
1480 5183 1547 5235 ἂν
1571 5182 1684 5254 ἔχοι
1709 5186 1801 5239 τὸν
1828 5187 1954 5258 :96-

285 5286 393 5324 πον
413 5271 543 5341 ἡμῖν
564 5270 758 5332 εἰπεῖν,
782 5269 887 5323 κᾶν
919 5269 1087 5339 μυρία
1117 5268 1415 5341 φιλονεικῇ.
1447 5270 1616 5323 Ὅταν
1642 5272 1749 5344 γάρ
1772 5276 1801 5327 6
1820 5274 1954 5339 Θεὸς

288 5356 616 5429 ἀποκλείσῃ,
632 5356 716 5421 τίς
737 5354 924 5429 ἀνοίξῃ
948 5354 1133 5409 λοιπόν
1148 5372 1163 5421 ;
1181 5355 1334 5428 Μόνῃ
1348 5357 1414 5427 τῇ
1433 5355 1615 5410 πίστει
1638 5356 1708 5410 τά
1727 5358 1953 5413 τοιαῦτα

287 5444 629 5515 παράδεκιια.
661 5444 719 5497 Et
760 5442 815 5497 δὲ
846 5443 945 5497 οὐκ
976 5441 1041 5497 ἂν
1060 5441 1225 5513 ἔχοις,
1267 5443 1403 5497 ἀλλά
1432 5447 1730 5516 λογισμοὺς
1760 5447 1953 5518 ἐπιζη-

288 5536 424 5599 τετς,
451 5532 561 5606 ἐρῶ
589 5532 724 5603 πρὸς
751 5530 832 5597 σε,
860 5529 889 5585 6
919 5530 1054 5603 πρὸς
1085 5531 1395 5603 Νικόδημον
1426 5532 1455 5585 6
1483 5531 1717 5602 Χριστός
1747 5550 1913 5604 φησιν
1932 5552 1950 5570 ⁸

296 5626 371 5680 El
403 5624 473 5680 τὸ
510 5620 740 5691 ἐιΙγεια
778 5617 951 5676 εἷπον
976 5620 1136 5691 ὑμῖν,
1175 5621 1271 5677 καί
1312 5622 1384 5676 οὐ
1425 5621 1754 5689 πιστεύετε,
1801 5621 1947 5694 πῶς,

1685 192 1769 248 DE
1796 191 2342 252 IIELCIIISEDECO.

3608 191 3713 245 260

2059 307 2165 359 ἐὰν
2195 307 2268 361 τὰ
2286 306 2610 374 ἐποιιρὰνια
2638 307 2803 371 εἴπω,
2827 308 3171 372 πιστεύετε;
3194 309 3332 379 Περὶ
3357 310 3453 379 τῆς
3484 309 3547 361 ἐκ
3567 308 3713 378 Παρ-

2060 393 2217 449 θένου
2244 396 2550 465 γεννήσεως
2567 390 2742 456 εἷπον,
2761 396 2855 448 καὶ
2879 395 2978 448 οὐκ
2993 391 3158 459 οἶδας,
3178 396 3297 449 οὐδέ
3314 397 3474 466 χᾶναι
3487 395 3716 471 τολμᾷς,

2057 484 2153 536 καὶ
2177 483 2277 554 τὴν
2300 484 2553 555 οὐράνιον
2576 481 2945 556 περιεργάξῃ;
2977 483 3087 535 Καὶ
3105 481 3217 535 είθε
3250 483 3349 553 μὲν
3372 483 3462 538 τὸν
3486 484 3715 555 οὐρανὸν

2059 568 2238 638 μόνον,
2272 567 2409 622 ἀλλά
2445 568 2539 622 καὶ
2571 569 2663 621 τὸν
2687 569 2965 639 Δεσπότην
2996 568 3105 622 τῶν
3147 568 3391 639 οὐρανῶν
3433 568 3713 640 πολυπρα-

2054 656 2295 723 γμονεῖς.
2332 656 2399 708 El
2428 656 2498 710 τὰ
2521 657 2752 722 ἐπίγεια
2776 651 2951 709 εἶπον
2980 654 3141 723 ὑμῖν,
3163 654 3262 708 καὶ
3283 656 3355 709 οὐ
3380 658 3711 714 πιστεύετε.

2056 742 2173 796 Ουκ
2209 738 2382 807 εἶπεν,
2414 743 2476 795 οὐ
2524 742 2798 807 πείθεσθε,
2842 742 2958 795 ἀλλ’
2997 744 3080 796 οὐ
3122 744 3433 797 πιστεύετε
3455 761 3469 774 ’
3501 743 3714 807 δεικνὺς

2056 830 2208 898 ήμῖν,
2239 828 2320 881 ὅτι
2346 830 2394 880 εί
2424 829 2518 881 καὶ
2546 828 2616 881 τά
2639 829 2857 897 ἐπίγεια
2887 829 3123 893 πίστεως
3148 829 3338 891 δεῖται,
3368 829 3545 900 πολλῷ
3576 831 3715 901 μᾶλ-

2055 914 2144 967 λον
2170 915 2238 968 τά
2258 916 2503 985 οὐράνια.
2536 917 2729 970 Καίτοι
2760 918 2881 970 τότε
2910 916 2987 987 τῷ
3021 918 3317 988 Νικοδήμῳ
3343 918 3473 988 περὶ
3496 918 3716 971 τοκετοῦ

2055 1001 2324 1070 διελέγετο
2350 1002 2484 1057 πολὺ
2512 1004 2797 1066 ἐλάττονος
2815 1017 2829 1031 °
2858 1004 2985 1075 περὶ
3022 1004 3116 1057 τοῦ
3143 1004 3520 1075 βαπτίσματος
3554 1004 3664 1076 7&9
3689 1008 3719 1059 6

2055 1087 2210 1156 λόγος
2235 1084 2322 1158 ἦν,
2347 1090 2438 1143 καί⁵
2466 1091 2562 1161 τῆς
2589 1092 3000 1160 ἀναγεννήσεως
3025 1090 3124 1160 τῆς
3145 1092 3518 1161 πνευματικῆς
3537 1108 3550 1121 ³
3583 1091 3718 1144 ἀλλά

2054 1174 2211 1245 δῆλον
2248 1176 2329 1228 ὅτι
2360 1178 2651 1231 καὶταῦτα
2697 1176 2874 1230 πίστει
2916 1177 3032 1229 ἐστὶ
3062 1177 3406 1248 καταληπτά.
3468 1177 3717 1246 Ἐπίγεια

2055 1261 2113 1315 δὲ
2148 1262 2288 1316 αὐτά
2314 1263 2593 1327 ἐκάλεσεν,
2622 1265 2721 1317 οὐκ
2754 1264 2939 1326 ἐπειδὴ
2970 1265 3186 1332 ὲπίγειά
3210 1266 3381 1323 ἐστιν.
3414 1264 3529 1318 ἀλλ’
3565 1264 3714 1338 [269]

2056 1350 2244 1421 ἐπειδὴ
2268 1353 2326 1403 ἐν
2346 1354 2412 1423 τῇ
2445 1355 2513 1423 γῇ
2542 1352 2905 1418 τελεῖται,καὶ
2936 1355 3001 1423 τῇ
3034 1353 3319 1424 συγκρίσει
3345 1355 3441 1423 τῆς
3463 1348 3574 1409 ἄνω
3595 1372 3719 1423 γεν-

2056 1439 2268 1509 νήσεως
2295 1440 2392 1507 τῆς
2422 1441 2733 1513 ἀπορρήτου
2769 1441 2861 1493 καὶ
2885 1441 3062 1493 πάντα
3094 1441 3528 1512 ύπερϐαινούσης
3569 1441 3715 1505 νοῦν,

2057 1526 2276 1594 ἐπίγεια
2318 1526 2492 1580 ταῦτά
2528 1528 2694 1580 ἐστιν.
2733 1528 2795 1580 El
2824 1529 3003 1581 τοίνυν
3033 1527 3151 1591 πῶς
3183 1528 3603 1598 ἀναγεννώμεθα
3654 1531 3719 1582 ἐκ

2056 1610 2164 1664 τῶν
2189 1611 2395 1666 ὑδάτων
2424 1614 2486 1666 οὐ
2512 1613 2736 1667 δυνατδν
2762 1615 2978 1676 εἰδέναι,
3006 1613 3142 1668 ἀλλά
3174 1614 3354 1669 πίστει
3380 1615 3513 1684 μόνῃ
3543 1633 3719 1687 παρα⁴

2054 1699 2307 1770 δέχεσθαι
2337 1702 2442 1774 χρή
2472 1702 2848 1774 τὸγινόμενον,
2873 1704 3078 1757 καὶτὸν
3107 1705 3306 1775 τρόπον
3332 1704 3405 1776 μή
3428 1706 3719 1777 περιεργά⁸

2057 1786 2276 1850 ζεσθαιο
2313 1789 2488 1860 πόσης
2521 1790 2588 1845 ἂν
2640 1791 2725 1863 εἴη
2766 1791 2961 1861 μανίας
2994 1791 3087 1844 ἐπὶ
3123 1792 3223 1862 τῆς
3270 1791 3382 1845 ἀνω
3416 1794 3719 1865 γεννήσεως

2056 1873 2151 1926 τοῦ
2183 1874 2503 1945 μονογενοῦς
2531 1876 2662 1931 Υίοῦ
2694 1877 2985 1948 λογισμοὺς
3011 1878 3381 1949 ἀνθρωπίνους
3406 1882 3596 1945 κινεῖν,
3625 1882 3719 1934 καὶ

2056 1959 2259 2031 τρόπου
2294 1963 2600 2032 γεννήσεως
2632 1963 2862 2027 εὐθύνας
2895 1966 3179 2029 ἀπαιτεῖν;
3215 1964 3338 2028 Πῶς
3369 1966 3596 2037 ἀπάτωρ
3623 1974 3718 2021 καὶ

2057 2047 2291 2118 ἀμήτωρ
2317 2050 2345 2102 6
2373 2049 2502 2113 Υίὸς
2521 2049 2614 2103 τοῦ
2639 2050 2796 2117 Θεοῦ,
2832 2051 3028 2115 ἱκανῶς
3051 2052 3446 2115 ἀποδέδεικται,
3477 2054 3573 2108 καὶ
3601 2055 3719 2120 πῶς

2057 2133 2505 2206 ἀγενεαλόγητος.

2125 2227 2197 2289 γ’.
2250 2222 2390 2275 Ἀλλ’
2422 2224 2608 2297 ἐπειδὴ
2644 2224 2828 2279 πολλοὶ
2868 2225 2942 2297 μὴ
2968 2228 3255 2298 νοήσαντες
3301 2227 3370 2281 τὰ
3394 2229 3519 2298 περὶ
3549 2228 3715 2282 αὐτοῦ

2057 2310 2438 2381 γεγραμμένα,
2466 2313 2560 2365 καὶ
2586 2312 2803 2380 μείζονα
2828 2312 2921 2366 τοῦ
2948 2314 3181 2386 Χριστοῦ
3201 2315 3362 2368 αὐτὸν
3391 2311 3530 2368 εἶναι
3557 2316 3710 2386 είρήο

2057 2412 2205 2459 κασι,
2243 2398 2337 2450 καὶ
2375 2401 2772 2470 συνεστήσαντο
2804 2401 3014 2464 ἑαυτοῖς
3044 2402 3275 2473 αἵρεσιν,
3328 2402 3423 2455 καὶ
3470 2401 3718 2469 λέγονται

2055 2481 2520 2553 Μελχισεδεκιταὶ,
2554 2486 2648 2539 καὶ
2681 2486 3072 2555 φιλονεικοῦσιν
3093 2492 3245 2559 ἡμῖν,
3268 2488 3437 2553 δεῖξαι
3460 2488 3718 2560 βουλόμε-

2054 2586 2157 2634 νοι,
2190 2573 2271 2625 ὅτι
2303 2572 2505 2642 μείζων
2532 2575 2650 2628 ἐστὶ
2682 2575 2776 2628 τοῦ
2806 2576 3067 2645 Χριστοῦ,
3114 2577 3472 2649 προφέροντες
3503 2578 3584 2641 :6,
3630 2577 3718 2632 Σὺ

2056 2657 2246 2725 ιερεὺς
2269 2660 2356 2724 είς
2372 2659 2479 2713 τὸν
2504 2660 2690 2715 αἰῶνα
2709 2662 2857 2715 κατὰ
2878 2660 2994 2729 τὴν
3019 2661 3192 2726 τάξιν
3218 2660 3592 2731 Μελχισεδέκ
3613 2663 3716 2716 ’δεῖ

2056 2745 2151 2798 καὶ
2178 2745 2315 2815 πρὸς
2340 2747 2537 2812 αὐτοὺς
2558 2748 2892 2818 ἀπαντῆσαι.
2922 2747 3060 2801 Φασὶ
3087 2748 3195 2819 γάρ
3214 2765 3225 2776 ⁸
3260 2747 3382 2813 Πῶς
3409 2749 3511 2802 οὐκ
3537 2750 3607 2803 ἂν
3628 2750 3716 2819 είη

2054 2833 2290 2905 Χριστοῦ
2320 2835 2541 2905 μείζων,
2559 2830 2621 2890 οῦ
2645 2836 2785 2890 κατά
2812 2836 2909 2908 τὴν
2938 2836 3122 2890 είκόνα
3147 2835 3241 2890 καὶ
3264 2835 3361 2907 τὴν
3384 2837 3537 2904 τάξιν
3569 2839 3716 2908 ίερα-

2052 2920 2199 2974 τεύει
2238 2922 2513 2991 Χριστός;
2554 2924 2745 2993 Ἡμεῖς
2790 2920 2883 2977 οῦν
2926 2923 3155 2994 λέγομεν
3228 2923 3390 2977 αὐτὸν
3435 2924 3719 2995 ἄνθρωπον

2053 3009 2358 3081 ὁμοιοπαθῆ
2375 3011 2525 3080 ἡμῖν,
2553 3012 2646 3064 καὶ
2672 3010 2794 3065 οὐτε
2819 3011 3041 3084 μείζονα
3057 3010 3154 3065 τοῦ
3173 3011 3434 3085 Χριστοῦ,
3458 3013 3574 3066 ἀλλ’
3595 3012 3717 3067 οὔτε

2066 3096 2311 3150 Ἰωάννου
2346 3097 2442 3150 τοῦ
2476 3098 2782 3153 Βαπτιστοῦ
2804 3116 2818 3130 ·
2856 3099 3079 3160 Μείζων
3120 3099 3229 3170 7&9
3258 3099 3467 3162 αὐτοῦ,
3500 3102 3664 3171 φησὶν
3690 3103 3719 3155 6

2052 3184 2307 3256 Χριστὸς,
2333 3185 2403 3238 ἐν
2419 3187 2725 3255 γεννητοῖς
2760 3186 3058 3257 γυναικῶν
3086 3190 3195 3241 οὐκ
3219 3187 3546 3259 ἐγήγερται.
3593 3189 3718 3242 "A1-

2051 3262 2135 3316 λοι
2160 3263 2217 3317 δὲ
2241 3264 2402 3319 πάλιν
2426 3266 2787 3337 πλανηθέντες
2806 3267 3056 3335 λέγουσιν
3075 3269 3238 3322 αὐτὸν
3256 3265 3471 3323 εἶναιτὸ
3492 3270 3718 3341 Πνεῦμα

2049 3350 2113 3403 :6
2138 3350 2293 3419 ἀγιον
2317 3368 2331 3382 ο
2363 3352 2479 3405 ἀλλ’
2500 3354 2659 3424 ἡμεῖς
2700 3353 2819 3406 οὐδὲ
2848 3355 3005 3408 τοῦτό
3023 3371 3221 3425 φαμεν.
3276 3355 3429 3408 Ἐπεὶ
3456 3356 3540 3419 τίς
3563 3356 3719 3427 χρεία

2049 3441 2140 3494 τὸν
2167 3441 2340 3510 Λόγον
2368 3441 2462 3496 τοῦ
2488 3442 2621 3495 Θεοῦ
2651 3442 3090 3514 ἐνανθρωπῆσαι,
3118 3443 3217 3515 ήδη
3235 3444 3402 3498 πάλαι
3428 3444 3523 3498 τοῦ
3543 3444 3712 3499 Πνεύ·

2054 3549 2221 3603 ματος
2237 3530 2528 3603 ἀνθρώπου
2555 3532 3058 3601 γεγονότος;”υτιδὲ
3076 3534 3176 3587 οὐκ
3200 3533 3347 3588 ἐστιν
3369 3532 3571 3605 μείζων
3592 3535 3720 3605 Χρι-

2053 3619 2200 3683 στοῦ,
2224 3618 2346 3673 οὐτε
2368 3619 2425 3675 δὲ
2450 3619 2611 3674 πάλιν
2632 3618 2692 3673 τὸ
2723 3618 2945 3689 Πνεῦμα
2967 3620 3027 3673 :6
3049 3620 3226 3687 ἀγιον,
3248 3621 3557 3676 εἰπάτωσαν
3587 3623 3720 3693 ήμῖν

2050 3708 2266 3771 ἐκεῖνοι,
2314 3706 2466 3759 ποίου
2497 3706 2698 3777 χωρίου
2729 3702 2869 3760 εἶναι
2901 3706 3063 3759 αὐτὸν
3095 3706 3374 3775 λέγουσιν’
3422 3704 3530 3779 ἄρα
3558 3712 3720 3781 οὐρα-

2051 3794 2165 3845 νίου
2187 3788 2327 3863 ;ἇρα
2354 3793 2596 3861 ἐπ.γείου
2616 3792 2681 3863 ;ἢ
2705 3791 3080 3863 καταχθονέου;
3100 3794 3227 3847 Ἐὰν
3246 3788 3340 3847 οὖν
3364 3796 3611 3861 εῖπωσιν,
3636 3799 3717 3851 ὅτι

2051 3880 2158 3934 τῶν
2181 3880 2445 3951 οὐρανίων
2468 3881 2615 3933 ἐστὶν
2651 3882 2680 3933 6
2706 3880 3058 3951 Μελχισεδὲκ,
3080 3880 3113 3951 ἢ
3135 3880 3295 3934 ἄλλου
3319 3883 3463 3947 τινὸς
3490 3886 3714 3957 χωρίου,

2054 3967 2440 4022 ἀκουσάτωσαν
2455 3967 2538 4020 ὃτι
2568 3967 2660 4021 καὶ
2687 3966 2847 4031 αὐτὸς
2868 3967 2999 4036 γόνυ
3019 3967 3261 4038 κάμπτει
3282 3968 3361 4042 τῷ
3383 3971 3605 4042 Χριστῷ
3640 3971 3719 4042 τῷ

2054 4052 2388 4125 σαρκωθέντι
2412 4054 2476 4106 ἐκ
2511 4053 2611 4124 τῆς
2649 4052 2902 4107 θεοτόκου
2922 4054 3168 4125 Μαρίας.
3196 4054 3359 4124 Λέγει
3380 4057 3489 4128 7&9
3517 4058 3717 4112 ὀἈπό-

2056 4141 2261 4207 στολος,
2284 4142 2365 4195 δτι
2388 4139 2556 4206 Αὐτῷ
2569 4139 2794 4209 κάμψει
2821 4138 2945 4195 πᾶν
2966 4142 3135 4210 γόνυ,
3158 4141 3253 4194 καὶ
3275 4141 3346 4195 τά
3370 4142 3519 4212 ἑξῆς,
3542 4145 3606 4197 El
3626 4140 3719 4199 οὖν

2051 4226 2159 4279 πᾶν
2181 4225 2309 4294 γόνυ
2331 4225 2591 4294 κάμπτει,
2614 4225 2642 4277 6
2660 4221 2990 4293 Μελχισεδὲκ
3009 4223 3247 4278 ἐλάττων
3268 4223 3335 4278 ἂν
3353 4224 3442 4297 εἴη
3468 4226 3561 4279 τοῦ
3587 4228 3720 4297 Χρι-

2051 4312 2180 4367 στοῦ
2198 4329 2211 4345 ⁸
2231 4313 2529 4387 προσκυνεῖ
2548 4311 2656 4383 γὰρ
2674 4310 2751 4379 τῷ
2772 4311 3229 4382 προσκυνουμένῳ
3251 4311 3491 4385 Χριστῷ.
3507 4313 3570 4367 El
3585 4313 3641 4367 δέ
3664 4316 3715 4368 οί

2050 4400 2222 4455 ἄθλιοι
2252 4400 2346 4454 καὶ⁵
2366 4399 2611 4463 τάλανες,
2633 4398 2729 4451 καὶ
2756 4398 2816 4451 :6
2850 4398 2977 4470 ἑξῆς
3003 4399 3294 4470 είρημὲνον
3326 4402 3675 4472 σκοπήσωσιν
3699 4418 3713 4433 ο

2049 4483 2302 4555 ἐπιφέρει
2330 4481 2441 4553 γὰρ
2475 4480 2671 4549 λέγων,
2709 4480 3158 4551 Ἀφωμοιωμένος
3186 4480 3264 4553 τῷ
3290 4481 3403 4553 Υίῷ
3430 4482 3526 4536 τοῦ
3555 4483 3713 4536 Θεοῦ·

2048 4572 2191 4628 οὕτω
2228 4571 2311 4625 δεῖ
2335 4572 2493 4633 νοεῖν,
2537 4570 2618 4623 ὅτι
2646 4567 2833 4640 ὥσπερ
2865 4568 2959 4622 καὶ
2999 4570 3164 4639 ἡμεῖς
3206 4571 3329 4623 κατ’
3357 4570 3542 4624 είκόνα
3579 4569 3716 4624 Θεοῦ

2049 4664 2352 4732 γεγόναμεν
2384 4660 2478 4713 καὶ
2510 4657 2788 4728 ὁμοίωσιν,
2823 4655 2965 4711 οῦτω
2991 4656 3085 4709 καὶ
3117 4657 3297 4721 αὐτός.
3334 4657 3574 4710 Ἰουδαῖοι
3616 4659 3717 4729 μὲν

2049 4752 2156 4823 7&9
2202 4748 2363 4803 αὐτὸν
2406 4746 2655 4816 λέγουσιν
2692 4746 2756 4797 ἐκ
2798 4745 3053 4816 πορνείας
3100 4744 3445 4816 γεννηθέντα,
3488 4746 3583 4799 καὶ
3626 4746 3715 4801 διά

2048 4838 2205 4893 τοῦτο
2232 4835 2659 4906 ἀγενεαλόγητον
2690 4832 2941 4901 γενέσθαι
2964 4849 2978 4863 ·
3011 4831 3148 4902 πρὸς
3192 4831 3288 4895 οὓς
3330 4831 3583 4903 ἐροῦμεν,
3632 4836 3716 4889 ὅτι

2037 4924 2248 4988 Κακῶς
2269 4939 2427 4993 φατε.
2466 4921 2578 4975 Καὶ
2616 4920 2723 4990 γὰρ
2754 4919 2847 4971 καὶ
2876 4916 3125 4988 Σολομὼν
3157 4918 3221 4970 ἐκ
3251 4917 3351 4989 τῆς
3388 4919 3482 4973 τοῦ
3518 4922 3715 4995 Οὐρίου

2048 5010 2329 5083 γεννηθεὶς
2350 5006 2605 5078 γυναικὸς
2628 5003 2934 5076 μοιχαλίδος
2955 5002 3372 5072 γενεαλογεῖται.
3406 5007 3544 5063 Ἀλλ’
3566 5012 3717 5065 ἐπει-ι

2048 5098 2114 5171 δὴ
2145 5098 2175 5152 6
2196 5094 2529 5166 Μελχισεδὲκ
2563 5092 2732 5155 τύπος
2760 5087 2829 5163 ἦν
2852 5090 2945 5144 τοῦ
2967 5090 3198 5163 Κυρίου,
3229 5094 3323 5147 καὶ
3349 5095 3533 5150 εἰκόνα
3553 5097 3716 5171 ἔφερε

2048 5187 2143 5241 τοῦ
2196 5181 2457 5254 Χριστοῦ,
2503 5178 2684 5243 καθὼς
2728 5179 2822 5231 καὶ
2867 5179 3067 5243 Ἰωνᾶς,
3107 5178 3195 5234 διὰ
3245 5180 3403 5235 τοῦτο
3451 5184 3485 5255 ή
3523 5185 3715 5257 Γραφὴ

2056 5271 2353 5343 παρέλιπεν
2400 5266 2566 5321 αὐτοῦ
2609 5266 2701 5319 τὸν
2741 5264 2971 5337 πατέρα,
3007 5265 3093 5319 ἵνα
3123 5266 3181 5318 ἐν
3206 5268 3421 5340 ἐκείνῳ,
3465 5271 3716 5343 καθάπερ

2052 5361 2109 5412 ἐν
2148 5357 2317 5412 εἰκόνι
2354 5354 2446 5409 τὸν
2476 5353 2690 5424 ἀληθῶς
2716 5353 2964 5424 ἀπάτορα
3003 5354 3095 5407 καὶ
3127 5354 3555 5426 ἀγενεαλόγητον
3582 5358 3716 5428 Χρι-

2054 5446 2177 5500 στὸν
2202 5440 2666 5515 ἐνοπτρισῶμεθα.
2712 5440 3070 5510 Ἀντιλέγουσι
3108 5441 3165 5496 δὲ
3199 5443 3292 5496 καὶ
3321 5441 3478 5495 τοῦτο
3511 5442 3641 5512 ἡμῖν
3664 5444 3713 5496 οῖ

2051 5529 2501 5604 Μελχισεδεκιταὶ
2530 5528 2799 5599 λέγοντες·
2830 5528 2895 5584 Τί
2922 5525 3016 5583 οὐν
3033 5530 3186 5582 ’ἐστιν
3213 5528 3242 5580 6
3267 5529 3414 5595 λέγει
3441 5528 3577 5599 πρὸς
3613 5530 3713 5585 αὐ.

2053 5622 2145 5677 τὸν
2173 5623 2202 5674 6
2225 5619 2434 5692 Πατήρο
2464 5615 2618 5693 [2'10]
2648 5617 2731 5674 Σὺ
2758 5615 2950 5687 ἱερεὺς
2970 5617 3056 5683 είς
3086 5614 3194 5669 τὸν
3215 5612 3397 5668 αίῶνα
3425 5614 3570 5671 κατὰ
3607 5618 3719 5690 τὴν
