4038 6204
469 233 565 284 Ἱίίι
1248 220 1304 275 S.
1347 217 1631 274 JOANNIS
1668 215 1853 272 CllllY
1863 213 2064 269 SOSTC

2202 198 2514 265 AliClllEP.
2557 209 2768 264 CONS'I
2786 206 3102 262 ANTINUP.
3718 211 3797 268 ξω

467 345 638 408 τάξιν·
684 336 1092 409 Μελχισεδέκ;
1137 335 1280 406 Πρὸς
1326 334 1422 397 οὓς
1473 333 1724 402 λέγομεν.
1783 333 1862 384 ὅτι
1898 325 2050 392 οὗτος
2103 331 2132 380 ὁ
2231 328 2321 380 τὸν
2347 325 2607 395 μέλλοντα
2631 321 3007 409 γεννᾶσθαιὲδξ
3034 321 3132 409 τῆς
3149 318 3409 409 ξταξθένου
3433 321 3805 409 ΝλαρίαςΊησοῦν

465 405 987 499 Mammas.er
1041 405 1247 484 δίκαιος
1305 421 1514 490 γέγονε,
1561 419 1654 472 καὶ
1694 417 1905 486 ἀληθῶς
1948 417 2132 468 εἰκόνα
2231 413 2323 464 τὸν
2349 410 2602 480 Χριστὸν,
2632 410 2722 462 τὸν
2757 408 2884 460 Υῐδν
2913 406 3016 499 ’τοῦΔ
3037 406 3198 499 Θεοξι.
3366 407 3452 459 καὶ
3481 406 3626 472 λέγει’
3656 410 3720 462 Σὺ
3747 414 3800 462 te.

465 493 626 586 εφερὲ
664 515 757 567 τοῦ
798 493 1055 581 Χριστοῦ.
1089 507 1415 580 Προφητικῷ
1446 508 1622 560 τοίνυν
1656 506 1925 574 πνεύματι
1955 503 2133 557 κινοῦ-
2226 499 2466 566 ρεὺςεις
2479 497 2586 549 τὸν
2600 496 2784 548 αἰῶνα
2799 500 2945 549 κατὰ
2961 494 3074 562 τὴν
3090 493 3624 561 τάξινΜελχισεδέκ·
3639 497 3688 547 οὐ
3703 500 3806 550 κατὰ

470 580 646 672 μένος,
679 600 778 669 τὴν
806 580 1100 668 μέλλουσαν
1133 596 1446 665 προσφορὰν
1476 594 1615 664 ὑπὲρ
1647 594 1754 645 τῶν
1777 593 1944 645 ἐθνῶν
1967 609 2136 662 προσ-
2235 585 2333 655 τὴν
2387 583 2615 652 Ἀαρὼν.
2652 582 2746 635 τοῦ
2795 583 2852 636 ὲν
2896 582 3115 652 μόσχοις
3163 583 3255 634 καὶ
3295 581 3475 672 ἀρνασι
3504 580 3805 650 λατρεὺοπος·

467 671 786 758 ᾆιομίζεσοαι
825 684 1041 752 νοήσας,
1078 681 1228 752 ἄρτῳ
1271 681 1364 732 καὶ
1405 679 1533 750 οἴνῳ
1573 678 1664 731 τὸν
1696 677 1827 730 Θεὸν
1855 677 2130 748 ἐγέραιρε,
2235 674 2390 735 ἀλλὰ,
2427 673 2510 727 Σὺ
2543 674 2735 741 ἱερεὺς
2764 675 2851 738 εἰς
2881 672 2989 726 τὸν
3013 672 3197 726 αἰῶνα
3224 671 3366 724 κατὰ
3394 671 3496 738 τὴν
3525 673 3674 734 τάξιν·
3694 677 3814 729 Μελ-

473 757 802 842 μιμούμενος
829 768 921 821 τὸν
963 767 1218 837 μέλλοντα
1250 767 1504 836 Χριστόν.
1551 763 1767 835 Ἐπειδὴ
1792 760 1886 816 οὖν
1925 765 1958 834 ἡ
2003 765 2132 816 Ἰου-
2238 761 2501 832 χισεδέκ,
2534 761 2682 830 ἄρτῳ
2714 761 2802 812 καὶ
2830 761 2956 830 οϊνῳ
2983 759 3080 828 τὴν
3106 759 3213 810 τῶν
3240 757 3674 842 προσκομιζὸντων
3694 777 3817 828 προσ.

467 837 628 913 έαέων
647 837 951 926 ’συναγωγὴ
985 857 1043 907 ἐν
1067 855 1217 920 τάξει
1243 855 1335 906 τοῦ
1377 851 1585 924 Ἀαρὼν
1615 852 1802 904 θυσίαν
1829 851 2132 921 προσέφερε
2240 848 2412 919 φορὰν
2444 849 2521 910 εἰς
2540 849 2600 900 τὸ
2622 847 2864 916 διηνεκὲς
2888 846 3195 916 προσάγων.
3221 847 3297 896 Δι’
3326 837 3386 896 οὗ
3411 844 3482 914 τῷ
3505 845 3656 916 “arpi
3725 848 3820 912 δόξα

472 947 548 1015 τῷ
583 945 720 1014 Θεῷ.
750 945 849 997 οὐκ
884 945 1047 1013 ἄρτον
1075 944 1166 995 καί
1190 937 1351 1003 οἶνον,
1376 941 1509 994 ἀλλὰ
1536 940 1766 1010 μόσχους
1793 939 1885 992 καὶ
1907 939 2130 1007 ἁμνοὺς,
2243 937 2338 989 σὺν
2383 935 2459 1005 τῷ
2492 935 2742 1004 παναγίῳ
2775 934 3070 1002 Πνεῦματι.
3112 932 3208 986 νῦν
3251 931 3342 985 καὶ
3377 931 3480 993 ἀεὶ,
3520 931 3604 984 καὶ
3641 935 3706 995 εἰς
3729 935 3822 999 τοὺς

472 1035 564 1086 καὶ
607 1031 821 1094 θυσίαις
864 1029 932 1084 δι’
967 1031 1195 1100 αἵματος
1230 1027 1446 1093 ἐδόξαζε
1481 1028 1570 1080 τὸν
1595 1027 1748 1090 θεὸν,
1785 1027 1814 1078 ὁ
1837 1025 1968 1088 θεὸς
1997 1025 2134 1094 πρὸς
2241 1022 2443 1086 αἰῶνας
2476 1021 2584 1076 τῶν
2621 1020 2854 1076 αἰώνων.
2895 1021 3088 1092 Ἀμήν.

2001 2077 2382 2140 MONITUM

642 2311 754 2367 liae
784 2309 1022 2376 homilia,
1055 2309 1318 2366 hactenus
1344 2309 1544 2381 ignota,
1577 2309 1780 2365 nullam
1811 2311 1866 2366 in
1898 2319 2010 2366 toto
2037 2310 2406 2382 Cbrysostomi
2445 2326 2672 2382 operum
2702 2311 2932 2368 decursu
2967 2315 3397 2383 praestantiorem
3439 2332 3552 2373 esse
3583 2332 3769 2386 compe-

573 2432 772 2496 rimus;
804 2430 917 2486 sive
955 2428 1276 2501 elegantiam
1303 2437 1633 2498 spectemus,
1663 2429 1779 2483 sive
1818 2444 2018 2483 nervos
2045 2439 2103 2483 et
2129 2429 2288 2494 sales,
2319 2429 2434 2483 sive
2463 2427 2567 2482 alia
2601 2442 2783 2482 rerum
2813 2427 3157 2495 documenta,
3197 2447 3322 2502 qua:
3367 2434 3432 2489 ad
3471 2450 3640 2490 mores
3664 2451 3767 2506 pcr-

572 2553 766 2616 tinent,
802 2549 868 2604 ad
896 2548 1316 2605 consuetudines
1337 2549 1751 2611 ecclesiasticas,
1784 2547 2164 2617 praecipueque
2219 2547 2285 2602 ad
2339 2547 2644 2606 historiam.
2680 2546 2899 2602 Annum
2939 2547 3084 2602 enim
3139 2548 3348 2606 indicat
3387 2552 3767 2625 Chrysostomus

573 2670 771 2725 habita:
807 2665 1107 2731 concionis,
1133 2664 1526 2720 hebdomadam
1551 2664 1703 2725 item.
1730 2677 1911 2716 rerum
1943 2671 2214 2733 gestarum
2244 2661 2418 2717 vicem
2449 2671 2506 2716 et
2529 2661 2673 2729 dies;
2712 2661 2786 2717 ita
2827 2671 2890 2718 ut
2935 2677 3043 2718 non
3090 2677 3256 2734 parva
3303 2668 3433 2724 hinc
3467 2684 3674 2728 eruatur
3713 2675 3767 2727 ad

571 2783 738 2837 vitam
768 2778 940 2834 sancti
968 2777 1206 2834 doctoris
1232 2777 1491 2832 accessio.
1521 2776 1656 2832 Rem
1685 2776 1760 2830 uti
1793 2785 1941 2847 gesta
1976 2785 2061 2830 est
2090 2775 2179 2830 hic
2200 2775 2392 2830 ordine
2423 2773 2734 2831 referimus.

639 2897 796 2949 Anno
824 2894 945 2959 399,
977 2900 1260 2964 postquam
1283 2907 1448 2946 unum
1475 2891 1584 2962 jam
1609 2906 1808 2945 annum
1832 2891 1887 2944 in
1903 2890 2215 2961 episcopatu
2239 2890 2833 2962 Constantinopolitano
2858 2907 3111 2950 emensus
3140 2904 3254 2951 erat
3279 2897 3698 2969 Chrysostomus.
3722 2908 3768 2951 ut

576 3011 692 3083 ipse
715 3011 788 3066 ait
814 3010 974 3076 infra,
1007 3011 1102 3065 καὶ
1125 3010 1232 3081 γὰρ
1273 3007 1516 3063 ἐνιαυτὸν
1546 3006 1653 3077 ἔχω
1680 3005 1868 3060 λοιπὸν
1895 3006 1995 3076 τῆς
2027 3007 2171 3059 πόλει

2171 3023 2234 3069 ως
2259 3005 2458 3068 ὲπιὸὰς
2488 3005 2590 3075 τῆς
2615 3005 2906 3076 ὑμετέρας,
2959 3007 3236 3064 ordinatus
3264 3025 3466 3081 nempe
3495 3025 3630 3065 anno
3669 3005 3766 3068 398.

569 3137 752 3197 atque,
789 3138 848 3181 ut
869 3126 944 3181 ait
973 3125 1243 3192 Socrates,
1269 3125 1338 3180 26
1367 3125 1668 3192 Februarii,
1709 3125 1842 3181 feria
1868 3133 2058 3191 quarta
2101 3123 2454 3180 hebdomadze
2485 3131 2709 3192 sancue,
2758 3142 2879 3197 quae
2902 3125 3037 3182 feria
3066 3141 3209 3181 anno
3237 3128 3347 3185 599
3381 3127 3640 3183 incidebat
3669 3125 3716 3180 in
3743 3126 3769 3179 6

570 3247 794 3317 Aprilis,
832 3257 940 3302 tam
973 3248 1164 3318 ingens
1194 3247 1374 3318 pluvia
1397 3246 1620 3310 decidit,
1653 3254 1712 3300 ut
1737 3256 1916 3300 metus
1948 3254 2111 3312 esset,
2140 3261 2210 3300 ne
2229 3247 2341 3316 agri
2375 3245 2812 3312 devastarentur,
2841 3261 3152 3316 messesque
3176 3261 3373 3302 omnes
3411 3247 3464 3301 in
3507 3243 3765 3316 perniciem

571 3375 811 3422 ruerent.
838 3365 976 3419 Hinc
1004 3381 1212 3434 preces,
1241 3365 1666 3435 supplicationes
1689 3373 1742 3419 et
1773 3363 2054 3427 λιτανεῖαι,
2083 3379 2180 3419 seu
2214 3365 2568 3433 processimus
2587 3405 2602 3432 ,
2635 3364 2891 3435 episcopo
2919 3363 3058 3420 duce
3084 3372 3140 3419 et
3168 3372 3285 3419 toto
3313 3371 3656 3419 concurrente
3689 3376 3770 3432 p0-

571 3485 701 3556 pulo
733 3484 797 3540 ad
839 3483 1134 3539 Ecclesiam
1190 3484 1560 3553 apostolorum
1601 3482 2072 3551 Constantinopoli
2121 3483 2548 3538 celeberrimam.
2599 3481 2989 3554 Deprecatores
3037 3481 3266 3536 adhibiti
3321 3490 3449 3536 sunt
3493 3480 3684 3542 Petrus,
3725 3485 3769 3530 et

578 3603 843 3666 Andreas,
875 3601 965 3672 qui
999 3599 1306 3674 Byzantium
1336 3599 1590 3657 Ecclesia:
1618 3599 1870 3655 fundator
1910 3598 2233 3666 habebatur,
2278 3599 2476 3656 Paulus
2505 3599 2631 3654 item
2663 3607 2719 3654 et
2747 3597 3068 3654 Timotheus
3093 3599 3160 3654 ad
3210 3596 3532 3669 placandam
3561 3589 3773 3649 Numinis

570 3717 705 3772 iram
737 3716 971 3774 invocati
1006 3725 1152 3772 sunt.
1201 3715 1331 3772 Post
1368 3716 1485 3771 haec
1534 3715 1704 3770 imbre
1741 3724 2012 3778 cessante,
2056 3714 2287 3769 necdum
2317 3715 2524 3769 sublata
2556 3712 2866 3777 formidine,
2901 3713 3125 3781 traiecto
3173 3712 3410 3768 navibus
3438 3710 3680 3779 Bosporo,
3717 3701 3770 3757 ad

571 3829 870 3884 Ecclesiam
902 3831 1004 3885 SS.
1038 3829 1181 3886 Petri
1215 3840 1270 3884 et
1295 3828 1466 3895 Pauli,
1498 3830 1552 3884 in
1596 3830 1842 3901 opposita
1893 3829 2059 3884 maris
2087 3845 2180 3884 ora
2210 3830 2392 3894 sitam,
2423 3845 2545 3884 cum
2569 3829 2824 3900 episc0po
2852 3838 2998 3884 totns
3030 3839 3203 3884 coetus
3248 3829 3508 3884 occurrit.
3535 3826 3639 3881 Hoc
3667 3836 3771 3893 per-

570 3941 744 3998 functi
797 3942 1042 4015 periculo
1093 3942 1678 4012 Constantinopolitani
1734 3942 1998 4014 plerique,
2060 3957 2165 3996 una

2222 3950 2430 3997 tantum
2491 3941 2814 4014 interposita
2874 3941 2992 4008 die,
3057 3944 3187 4012 μιᾶς
3253 3941 3460 4013 μεταξὺ
3512 3937 3770 4010 γενομένης

568 4058 804 4131 ἡμέρας,
840 4074 960 4128 qua:
981 4059 1100 4114 dies
1124 4065 1242 4114 erat
1272 4057 1407 4114 feria
1437 4057 1482 4112 V
1527 4058 1582 4112 in
1615 4058 1780 4114 Cinna
1811 4056 2045 4122 Domini,
2082 4072 2202 4112 cum
2234 4055 2291 4111 in
2337 4054 2632 4113 Parasceve
2681 4057 2790 4112 ludi
2835 4065 3113 4128 equestres
3145 4058 3500 4130 agitarentur,
3550 4051 3769 4111 transacti

568 4179 797 4252 periculi
829 4178 1196 4243 immemores,
1239 4178 1378 4234 nihil
1429 4187 1686 4233 curantes
1733 4176 1876 4232 diem
1901 4176 2044 4230 illam
2071 4189 2300 4241 sacram,
2347 4174 2402 4230 in
2445 4191 2551 4246 qua
2597 4191 2696 4245 pro
2741 4175 2888 4231 orbis
2923 4175 3096 4231 salute
3120 4175 3378 4232 Christus
3423 4174 3564 4232 cruci
3609 4171 3769 4227 aﬂixus

569 4288 693 4354 fuit,
735 4289 803 4345 ad
848 4290 952 4346 hoc
983 4291 1351 4363 spectaculum
1382 4300 1756 4358 accurrerunt,
1798 4297 2074 4361 tctamque
2119 4290 2312 4344 urbem
2356 4289 2648 4344 inconditis
2677 4289 3003 4345 clamoribus
3045 4291 3416 4362 repleverunt,
3458 4291 3662 4347 interim
3694 4287 3766 4340 in-

570 4405 907 4474 gemiscente
935 4406 1189 4476 domique
1210 4406 1434 4462 sedente
1455 4405 1864 4477 Chrysostomo.
1894 4404 2082 4474 Neque
2107 4401 2238 4458 satis
2263 4403 2503 4458 habuere
2544 4401 2638 4464 illi.
2675 4403 2818 4472 quod
2861 4402 3002 4458 diem
3039 4413 3284 4460 sanctam
3315 4405 3630 4461 Parasceves
3667 4413 3767 4472 pro-

566 4521 709 4575 fanis
738 4520 1058 4588 spectacuhs
1091 4522 1575 4590 dehonestassent;
1609 4523 1696 4577 die
1718 4524 1878 4578 etiam
1916 4523 2257 4592 insequente,
2312 4534 2430 4590 quae
2457 4529 2574 4574 erat
2605 4517 2900 4576 Sabbatum
2934 4530 3202 4588 sanclum.
3233 4523 3302 4578 ad
3332 4521 3767 4591 theatralesludos

569 4652 628 4692 se
660 4635 1028 4700 contulerunt,
1078 4636 1170 4691 ubi
1194 4637 1499 4692 meretricia
1532 4646 1689 4693 erant
1730 4637 2200 4711 spectacula,qua:
2228 4636 2539 4708 singulatim
2578 4644 2634 4692 ct
2664 4637 2876 4710 egregie
2899 4639 3142 4712 depingit
3168 4641 3601 4713 Chrysostomus,
3626 4637 3761 4706 inque

567 4751 1010 4826 praevaricatores
1063 4748 1374 4820 huiusmodi
1423 4749 1658 4820 graviter
1703 4749 2005 4813 invehitur,
2055 4749 2383 4821 demumque
2415 4749 2470 4805 in
2503 4749 2622 4804 illos
2667 4751 3244 4811 excommunicationis
3286 4756 3611 4812 sententiam
3654 4765 3762 4821 pro-

570 4876 800 4930 nuntiat.

643 4989 740 5043 llic
769 4987 1119 5057 quaerendum
1141 4987 1405 5044 incumbit
1431 5002 1502 5042 an
1527 5000 1654 5042 vere
1682 4993 1739 5041 et
1769 5001 1832 5042 ex
1870 4986 2055 5042 animo
2087 4988 2415 5044 sententiam
2469 4990 2612 5045 illam
2663 4989 2950 5062 protulerit
2998 4989 3440 5062 Chrysostomus,
3481 5007 3547 5045 an
3569 4979 3762 5043 commi-

569 5102 749 5158 nantis
785 5101 934 5175 [27-1]
967 5104 1140 5159 solum
1181 5119 1354 5160 more.
1399 5103 1454 5158 Si
1490 5103 1653 5158 verba
1685 5110 1917 5173 spectes,
1950 5101 2440 5158 excommunicatio
2481 5103 2567 5158 illa
2593 5119 2652 5160 re
2695 5118 2759 5160 ac
2800 5118 2927 5160 vere
2964 5103 3184 5160 inducta
3213 5103 3478 5159 videatur.
3508 5102 3760 5167 Postquam

573 5218 715 5274 cnim
734 5215 962 5284 dixerat,
1002 5219 1110 5290 Age
1137 5222 1413 5280 sectionem
1460 5222 1768 5294 inferamus,
1801 5230 1930 5288 etc.,
1961 5222 2056 5288 ait,
2089 5222 2168 5275 ὲκι

2161 5219 2546 5277 ϐαλλέσθωσαν
2579 5223 2755 5321 τοίνυν
2803 5225 2853 5279 ol
2888 5223 3137 5292 τοιοῦτοι,
3185 5223 3488 5295 Ejiciantur
3525 5236 3634 5294 ergo
3677 5217 3756 5269 h3-

1970 5487 2390 5507 Μ
