  <div class='ocr_page' id='page_1' title='image "/cluster/home/n/w/nwhite01/storage/ocr_20150623/56/hvd.32044048208490/268.png"; bbox 0 0 4038 6204; ppageno 0'>
   <div class='ocr_carea' id='block_1_1' title="bbox 139 125 1682 193">
    <p class='ocr_par' dir='ltr' id='par_1_1' title="bbox 139 128 1653 193">
     <span class='ocr_line' id='line_1_1' title="bbox 139 128 1653 193; baseline -0.009 3"><span class='ocrx_word' id='word_1_1' title='bbox 139 139 212 190; x_wconf 72' lang='grc'><strong>26⁸</strong></span> <span class='ocrx_word' id='word_1_2' title='bbox 989 135 1266 193; x_wconf 74' lang='lat' dir='ltr'><strong>CONTRE</strong></span> <span class='ocrx_word' id='word_1_3' title='bbox 1303 130 1526 190; x_wconf 77' lang='lat' dir='ltr'><strong>LI&#39;DOS</strong></span> <span class='ocrx_word' id='word_1_4' title='bbox 1563 128 1653 183; x_wconf 82' lang='lat' dir='ltr'><strong>ET</strong></span> 
     </span>
    </p>
   </div>
   <div class='ocr_carea' id='block_1_2' title="bbox 1787 125 2466 193">
    <p class='ocr_par' dir='ltr' id='par_1_2' title="bbox 1788 125 2466 190">
     <span class='ocr_line' id='line_1_2' title="bbox 1788 125 2466 190; baseline 0.001 -9"><span class='ocrx_word' id='word_1_5' title='bbox 1788 125 2117 182; x_wconf 78' lang='lat' dir='ltr'><strong>EATRA.-</strong></span> <span class='ocrx_word' id='word_1_6' title='bbox 2137 128 2466 190; x_wconf 77' lang='lat' dir='ltr'><strong>MONITUM.</strong></span> 
     </span>
    </p>
   </div>
   <div class='ocr_carea' id='block_1_3' title="bbox 137 233 1681 316">
    <p class='ocr_par' dir='ltr' id='par_1_3' title="bbox 137 233 1681 316">
     <span class='ocr_line' id='line_1_3' title="bbox 137 233 1681 316; baseline -0.012 -11"><span class='ocrx_word' id='word_1_7' title='bbox 137 263 229 314; x_wconf 88' lang='lat' dir='ltr'><strong>est,</strong></span> <span class='ocrx_word' id='word_1_8' title='bbox 253 246 548 316; x_wconf 74' lang='lat' dir='ltr'><strong>genealogia</strong></span> <span class='ocrx_word' id='word_1_9' title='bbox 579 254 755 298; x_wconf 87' lang='lat' dir='ltr'><strong>tamen</strong></span> <span class='ocrx_word' id='word_1_10' title='bbox 783 242 1014 296; x_wconf 86' lang='lat' dir='ltr'><strong>ducitur.</strong></span> <span class='ocrx_word' id='word_1_11' title='bbox 1048 238 1154 294; x_wconf 85' lang='lat' dir='ltr'><strong>Sed</strong></span> <span class='ocrx_word' id='word_1_12' title='bbox 1180 237 1430 308; x_wconf 89' lang='lat' dir='ltr'><strong>quoniam</strong></span> <span class='ocrx_word' id='word_1_13' title='bbox 1463 233 1681 290; x_wconf 79' lang='lat' dir='ltr'><strong>Melchi-</strong></span> 
     </span>
    </p>
   </div>
   <div class='ocr_carea' id='block_1_4' title="bbox 133 326 1681 412">
    <p class='ocr_par' dir='ltr' id='par_1_4' title="bbox 133 326 1681 412">
     <span class='ocr_line' id='line_1_4' title="bbox 133 326 1681 412; baseline -0.012 -14"><span class='ocrx_word' id='word_1_14' title='bbox 133 341 264 398; x_wconf 71' lang='lat' dir='ltr'><strong>sedeo</strong></span> <span class='ocrx_word' id='word_1_15' title='bbox 282 353 430 412; x_wconf 73' lang='lat' dir='ltr'><strong>typus</strong></span> <span class='ocrx_word' id='word_1_16' title='bbox 445 346 562 393; x_wconf 85' lang='lat' dir='ltr'><strong>erat</strong></span> <span class='ocrx_word' id='word_1_17' title='bbox 580 336 811 402; x_wconf 84' lang='lat' dir='ltr'><strong>Domini,</strong></span> <span class='ocrx_word' id='word_1_18' title='bbox 843 344 898 389; x_wconf 77' lang='lat' dir='ltr'><strong>et</strong></span> <span class='ocrx_word' id='word_1_19' title='bbox 921 335 1209 402; x_wconf 82' lang='lat' dir='ltr'><strong>imaginem</strong></span> <span class='ocrx_word' id='word_1_20' title='bbox 1239 329 1442 386; x_wconf 73' lang='lat' dir='ltr'><strong>ferebat</strong></span> <span class='ocrx_word' id='word_1_21' title='bbox 1459 326 1681 392; x_wconf 71' lang='lat' dir='ltr'><strong>Christi,</strong></span> 
     </span>
    </p>
   </div>
   <div class='ocr_carea' id='block_1_5' title="bbox 132 421 1684 500">
    <p class='ocr_par' dir='ltr' id='par_1_5' title="bbox 132 421 1684 500">
     <span class='ocr_line' id='line_1_5' title="bbox 132 421 1684 500; baseline -0.009 -16"><span class='ocrx_word' id='word_1_22' title='bbox 132 428 540 500; x_wconf 76' lang='lat' dir='ltr'><strong>quemadmodum</strong></span> <span class='ocrx_word' id='word_1_23' title='bbox 567 438 621 482; x_wconf 89' lang='lat' dir='ltr'><strong>et</strong></span> <span class='ocrx_word' id='word_1_24' title='bbox 649 427 814 480; x_wconf 80' lang='lat' dir='ltr'><strong>Jonas</strong></span> <span class='ocrx_word' id='word_1_25' title='bbox 837 464 852 491; x_wconf 93' lang='lat'><strong>,</strong></span> <span class='ocrx_word' id='word_1_26' title='bbox 885 425 1004 478; x_wconf 89' lang='lat' dir='ltr'><strong>ideo</strong></span> <span class='ocrx_word' id='word_1_27' title='bbox 1039 423 1310 492; x_wconf 87' lang='lat' dir='ltr'><strong>Scriptura</strong></span> <span class='ocrx_word' id='word_1_28' title='bbox 1337 421 1452 488; x_wconf 87' lang='lat' dir='ltr'><strong>ejus</strong></span> <span class='ocrx_word' id='word_1_29' title='bbox 1479 429 1684 487; x_wconf 87' lang='lat' dir='ltr'><strong>patrem</strong></span> 
     </span>
    </p>
   </div>
   <div class='ocr_carea' id='block_1_6' title="bbox 131 509 1684 588">
    <p class='ocr_par' dir='ltr' id='par_1_6' title="bbox 131 509 1684 588">
     <span class='ocr_line' id='line_1_6' title="bbox 131 509 1684 588; baseline -0.008 -12"><span class='ocrx_word' id='word_1_30' title='bbox 131 523 286 586; x_wconf 70' lang='lat' dir='ltr'><strong>tat-uit,</strong></span> <span class='ocrx_word' id='word_1_31' title='bbox 311 529 365 575; x_wconf 93' lang='lat' dir='ltr'><strong>ut</strong></span> <span class='ocrx_word' id='word_1_32' title='bbox 393 521 445 575; x_wconf 89' lang='lat' dir='ltr'><strong>in</strong></span> <span class='ocrx_word' id='word_1_33' title='bbox 471 519 583 585; x_wconf 90' lang='lat' dir='ltr'><strong>illo,</strong></span> <span class='ocrx_word' id='word_1_34' title='bbox 615 530 882 588; x_wconf 89' lang='lat' dir='ltr'><strong>tamquam</strong></span> <span class='ocrx_word' id='word_1_35' title='bbox 913 517 968 571; x_wconf 92' lang='lat' dir='ltr'><strong>in</strong></span> <span class='ocrx_word' id='word_1_36' title='bbox 999 516 1244 585; x_wconf 81' lang='lat' dir='ltr'><strong>imagine.</strong></span> <span class='ocrx_word' id='word_1_37' title='bbox 1273 512 1566 576; x_wconf 76' lang='lat' dir='ltr'><strong>Christum,</strong></span> <span class='ocrx_word' id='word_1_38' title='bbox 1593 509 1684 580; x_wconf 87' lang='lat' dir='ltr'><strong>qui</strong></span> 
     </span>
    </p>
   </div>
   <div class='ocr_carea' id='block_1_7' title="bbox 129 606 1680 683">
    <p class='ocr_par' dir='ltr' id='par_1_7' title="bbox 129 606 1680 683">
     <span class='ocr_line' id='line_1_7' title="bbox 129 606 1680 683; baseline -0.008 -15"><span class='ocrx_word' id='word_1_39' title='bbox 129 631 232 670; x_wconf 80' lang='lat' dir='ltr'><strong>vere</strong></span> <span class='ocrx_word' id='word_1_40' title='bbox 268 615 379 669; x_wconf 85' lang='lat' dir='ltr'><strong>sine</strong></span> <span class='ocrx_word' id='word_1_41' title='bbox 420 623 568 683; x_wconf 89' lang='lat' dir='ltr'><strong>patre</strong></span> <span class='ocrx_word' id='word_1_42' title='bbox 610 623 664 666; x_wconf 91' lang='lat' dir='ltr'><strong>et</strong></span> <span class='ocrx_word' id='word_1_43' title='bbox 709 611 825 666; x_wconf 88' lang='lat' dir='ltr'><strong>sine</strong></span> <span class='ocrx_word' id='word_1_44' title='bbox 868 609 1176 680; x_wconf 84' lang='lat' dir='ltr'><strong>genealogia</strong></span> <span class='ocrx_word' id='word_1_45' title='bbox 1217 615 1334 670; x_wconf 78' lang='lat' dir='ltr'><strong>est,</strong></span> <span class='ocrx_word' id='word_1_46' title='bbox 1359 606 1680 658; x_wconf 74' lang='lat' dir='ltr'><strong>intueamur.</strong></span> 
     </span>
    </p>
   </div>
   <div class='ocr_carea' id='block_1_8' title="bbox 130 692 1681 768">
    <p class='ocr_par' dir='ltr' id='par_1_8' title="bbox 130 692 1681 768">
     <span class='ocr_line' id='line_1_8' title="bbox 130 692 1681 768; baseline -0.009 -8"><span class='ocrx_word' id='word_1_47' title='bbox 130 707 222 760; x_wconf 83' lang='lat' dir='ltr'><strong>lloc</strong></span> <span class='ocrx_word' id='word_1_48' title='bbox 247 705 396 759; x_wconf 87' lang='lat' dir='ltr'><strong>etiam</strong></span> <span class='ocrx_word' id='word_1_49' title='bbox 430 704 584 756; x_wconf 91' lang='lat' dir='ltr'><strong>nobis</strong></span> <span class='ocrx_word' id='word_1_50' title='bbox 608 701 867 768; x_wconf 88' lang='lat' dir='ltr'><strong>objiciunt</strong></span> <span class='ocrx_word' id='word_1_51' title='bbox 907 696 1344 754; x_wconf 80' lang='lat' dir='ltr'><strong>Melchisedccitze</strong></span> <span class='ocrx_word' id='word_1_52' title='bbox 1370 713 1381 746; x_wconf 91' lang='lat'>:</span> <span class='ocrx_word' id='word_1_53' title='bbox 1405 694 1540 760; x_wconf 80' lang='lat' dir='ltr'><strong>Quid</strong></span> <span class='ocrx_word' id='word_1_54' title='bbox 1579 692 1681 747; x_wconf 83' lang='lat' dir='ltr'><strong>sibi</strong></span> 
     </span>
    </p>
   </div>
   <div class='ocr_carea' id='block_1_9' title="bbox 126 787 1684 864">
    <p class='ocr_par' dir='ltr' id='par_1_9' title="bbox 126 787 1684 864">
     <span class='ocr_line' id='line_1_9' title="bbox 126 787 1684 864; baseline -0.008 -16"><span class='ocrx_word' id='word_1_55' title='bbox 126 799 218 852; x_wconf 79' lang='lat' dir='ltr'><strong>vult</strong></span> <span class='ocrx_word' id='word_1_56' title='bbox 255 810 376 864; x_wconf 84' lang='lat' dir='ltr'><strong>ergo</strong></span> <span class='ocrx_word' id='word_1_57' title='bbox 424 794 472 848; x_wconf 92' lang='lat' dir='ltr'><strong>id</strong></span> <span class='ocrx_word' id='word_1_58' title='bbox 508 794 646 864; x_wconf 89' lang='lat' dir='ltr'><strong>quod</strong></span> <span class='ocrx_word' id='word_1_59' title='bbox 687 793 814 848; x_wconf 87' lang='lat' dir='ltr'><strong>dicit</strong></span> <span class='ocrx_word' id='word_1_60' title='bbox 842 793 890 847; x_wconf 90' lang='lat' dir='ltr'><strong>ei</strong></span> <span class='ocrx_word' id='word_1_61' title='bbox 941 793 1116 853; x_wconf 84' lang='lat' dir='ltr'><strong>Pater,</strong></span> <span class='ocrx_word' id='word_1_62' title='bbox 1162 790 1235 843; x_wconf 87' lang='lat' dir='ltr'><strong>Tu</strong></span> <span class='ocrx_word' id='word_1_63' title='bbox 1279 806 1329 842; x_wconf 85' lang='lat' dir='ltr'><strong>es</strong></span> <span class='ocrx_word' id='word_1_64' title='bbox 1356 787 1588 842; x_wconf 76' lang='lat' dir='ltr'><strong>sacerdos</strong></span> <span class='ocrx_word' id='word_1_65' title='bbox 1629 787 1684 837; x_wconf 85' lang='lat' dir='ltr'><strong>in</strong></span> 
     </span>
    </p>
   </div>
   <div class='ocr_carea' id='block_1_10' title="bbox 127 877 1683 950">
    <p class='ocr_par' dir='ltr' id='par_1_10' title="bbox 127 877 1683 950">
     <span class='ocr_line' id='line_1_10' title="bbox 127 877 1683 950; baseline -0.008 -8"><span class='ocrx_word' id='word_1_66' title='bbox 127 902 335 942; x_wconf 64' lang='lat' dir='ltr'><strong>retentum</strong></span> <span class='ocrx_word' id='word_1_67' title='bbox 362 887 640 940; x_wconf 79' lang='lat' dir='ltr'><strong>secundum</strong></span> <span class='ocrx_word' id='word_1_68' title='bbox 669 885 899 938; x_wconf 86' lang='lat' dir='ltr'><strong>ordinem</strong></span> <span class='ocrx_word' id='word_1_69' title='bbox 929 883 1260 937; x_wconf 82' lang='lat' dir='ltr'><strong>Melchisedec</strong></span> <span class='ocrx_word' id='word_1_70' title='bbox 1287 879 1404 950; x_wconf 89' lang='lat' dir='ltr'><strong>(Ps.</strong></span> <span class='ocrx_word' id='word_1_71' title='bbox 1440 879 1559 934; x_wconf 82' lang='grc'><strong>109.</strong></span> <span class='ocrx_word' id='word_1_72' title='bbox 1585 879 1638 945; x_wconf 73' lang='grc'><strong>4)</strong></span> <span class='ocrx_word' id='word_1_73' title='bbox 1660 877 1683 930; x_wconf 86' lang='lat'>?</span> 
     </span>
    </p>
   </div>
   <div class='ocr_carea' id='block_1_11' title="bbox 124 967 1682 1047">
    <p class='ocr_par' dir='ltr' id='par_1_11' title="bbox 124 967 1682 1047">
     <span class='ocr_line' id='line_1_11' title="bbox 124 967 1682 1047; baseline -0.006 -17"><span class='ocrx_word' id='word_1_74' title='bbox 124 981 296 1047; x_wconf 84' lang='lat' dir='ltr'><strong>Quibus</strong></span> <span class='ocrx_word' id='word_1_75' title='bbox 338 977 768 1046; x_wconf 86' lang='lat' dir='ltr'><strong>respondemus,</strong></span> <span class='ocrx_word' id='word_1_76' title='bbox 814 973 1256 1029; x_wconf 73' lang='lat' dir='ltr'><strong>Melchisedecum</strong></span> <span class='ocrx_word' id='word_1_77' title='bbox 1308 971 1476 1023; x_wconf 78' lang='lat' dir='ltr'><strong>virum</strong></span> <span class='ocrx_word' id='word_1_78' title='bbox 1522 967 1682 1021; x_wconf 84' lang='lat' dir='ltr'><strong>fuisse</strong></span> 
     </span>
    </p>
   </div>
   <div class='ocr_carea' id='block_1_12' title="bbox 125 1061 1683 1140">
    <p class='ocr_par' dir='ltr' id='par_1_12' title="bbox 125 1061 1683 1140">
     <span class='ocr_line' id='line_1_12' title="bbox 125 1061 1683 1140; baseline -0.004 -22"><span class='ocrx_word' id='word_1_79' title='bbox 125 1072 289 1140; x_wconf 81' lang='lat' dir='ltr'><strong>justum</strong></span> <span class='ocrx_word' id='word_1_80' title='bbox 310 1110 325 1132; x_wconf 91' lang='lat'><strong>,</strong></span> <span class='ocrx_word' id='word_1_81' title='bbox 355 1077 413 1122; x_wconf 90' lang='lat' dir='ltr'><strong>et</strong></span> <span class='ocrx_word' id='word_1_82' title='bbox 441 1083 568 1123; x_wconf 83' lang='lat' dir='ltr'><strong>vere</strong></span> <span class='ocrx_word' id='word_1_83' title='bbox 594 1067 876 1137; x_wconf 74' lang='lat' dir='ltr'><strong>imaginem</strong></span> <span class='ocrx_word' id='word_1_84' title='bbox 917 1066 1099 1118; x_wconf 80' lang='lat' dir='ltr'><strong>tulisse</strong></span> <span class='ocrx_word' id='word_1_85' title='bbox 1139 1062 1354 1117; x_wconf 87' lang='lat' dir='ltr'><strong>Christi.</strong></span> <span class='ocrx_word' id='word_1_86' title='bbox 1388 1062 1476 1114; x_wconf 86' lang='lat' dir='ltr'><strong>Illo</strong></span> <span class='ocrx_word' id='word_1_87' title='bbox 1505 1061 1683 1127; x_wconf 83' lang='lat' dir='ltr'><strong>itaque</strong></span> 
     </span>
    </p>
   </div>
   <div class='ocr_carea' id='block_1_13' title="bbox 3262 130 3409 185">
    <p class='ocr_par' dir='ltr' id='par_1_13' title="bbox 3262 130 3409 185">
     <span class='ocr_line' id='line_1_13' title="bbox 3262 130 3409 185; baseline 0.007 -1"><span class='ocrx_word' id='word_1_88' title='bbox 3262 130 3366 185; x_wconf 68' lang='lat'><strong>252</strong></span> <span class='ocrx_word' id='word_1_89' title='bbox 3407 161 3409 163; x_wconf 93' lang='lat'><strong><em>-</em></strong></span> 
     </span>
    </p>
   </div>
   <div class='ocr_carea' id='block_1_14' title="bbox 1787 233 3369 308">
    <p class='ocr_par' dir='ltr' id='par_1_14' title="bbox 1787 233 3369 308">
     <span class='ocr_line' id='line_1_14' title="bbox 1787 233 3369 308; baseline 0.006 -21"><span class='ocrx_word' id='word_1_90' title='bbox 1787 233 2089 290; x_wconf 66' lang='lat' dir='ltr'><strong>Judaeorum</strong></span> <span class='ocrx_word' id='word_1_91' title='bbox 2121 251 2386 308; x_wconf 77' lang='lat' dir='ltr'><strong>synagoga</strong></span> <span class='ocrx_word' id='word_1_92' title='bbox 2419 241 2710 294; x_wconf 88' lang='lat' dir='ltr'><strong>secundum</strong></span> <span class='ocrx_word' id='word_1_93' title='bbox 2737 239 2979 296; x_wconf 91' lang='lat' dir='ltr'><strong>ordinem</strong></span> <span class='ocrx_word' id='word_1_94' title='bbox 3021 241 3247 298; x_wconf 75' lang='lat' dir='ltr'><strong>Aaronis</strong></span> <span class='ocrx_word' id='word_1_95' title='bbox 3275 244 3369 297; x_wconf 83' lang='lat' dir='ltr'><strong>ho-</strong></span> 
     </span>
    </p>
   </div>
   <div class='ocr_carea' id='block_1_15' title="bbox 1786 325 3370 399">
    <p class='ocr_par' dir='ltr' id='par_1_15' title="bbox 1786 325 3370 399">
     <span class='ocr_line' id='line_1_15' title="bbox 1786 325 3370 399; baseline 0.007 -19"><span class='ocrx_word' id='word_1_96' title='bbox 1786 325 1944 380; x_wconf 75' lang='lat' dir='ltr'><strong>stium</strong></span> <span class='ocrx_word' id='word_1_97' title='bbox 1970 325 2228 382; x_wconf 69' lang='lat' dir='ltr'><strong>olferebat</strong></span> <span class='ocrx_word' id='word_1_98' title='bbox 2253 328 2384 396; x_wconf 86' lang='lat' dir='ltr'><strong>Deo,</strong></span> <span class='ocrx_word' id='word_1_99' title='bbox 2403 344 2508 383; x_wconf 80' lang='lat' dir='ltr'><strong>non</strong></span> <span class='ocrx_word' id='word_1_100' title='bbox 2537 347 2727 399; x_wconf 79' lang='lat' dir='ltr'><strong>panem</strong></span> <span class='ocrx_word' id='word_1_101' title='bbox 2753 343 2809 386; x_wconf 85' lang='lat' dir='ltr'><strong>et</strong></span> <span class='ocrx_word' id='word_1_102' title='bbox 2831 348 3032 398; x_wconf 73' lang='lat' dir='ltr'><strong>unum,</strong></span> <span class='ocrx_word' id='word_1_103' title='bbox 3049 346 3145 389; x_wconf 84' lang='lat' dir='ltr'><strong>sed</strong></span> <span class='ocrx_word' id='word_1_104' title='bbox 3173 346 3370 392; x_wconf 82' lang='lat' dir='ltr'><strong>vitulos</strong></span> 
     </span>
    </p>
   </div>
   <div class='ocr_carea' id='block_1_16' title="bbox 1787 422 3376 493">
    <p class='ocr_par' dir='ltr' id='par_1_16' title="bbox 1787 422 3376 493">
     <span class='ocr_line' id='line_1_16' title="bbox 1787 422 3376 493; baseline 0.008 -23"><span class='ocrx_word' id='word_1_105' title='bbox 1787 426 1843 471; x_wconf 90' lang='lat' dir='ltr'><strong>et</strong></span> <span class='ocrx_word' id='word_1_106' title='bbox 1873 432 2071 486; x_wconf 89' lang='lat' dir='ltr'><strong>agnos,</strong></span> <span class='ocrx_word' id='word_1_107' title='bbox 2103 428 2159 475; x_wconf 87' lang='lat' dir='ltr'><strong>et</strong></span> <span class='ocrx_word' id='word_1_108' title='bbox 2203 422 2436 476; x_wconf 87' lang='lat' dir='ltr'><strong>cruentis</strong></span> <span class='ocrx_word' id='word_1_109' title='bbox 2477 423 2750 477; x_wconf 78' lang='lat' dir='ltr'><strong>sacrificiis</strong></span> <span class='ocrx_word' id='word_1_110' title='bbox 2778 424 3001 493; x_wconf 85' lang='lat' dir='ltr'><strong>gloriam</strong></span> <span class='ocrx_word' id='word_1_111' title='bbox 3037 426 3145 480; x_wconf 91' lang='lat' dir='ltr'><strong>Deo</strong></span> <span class='ocrx_word' id='word_1_112' title='bbox 3173 430 3376 482; x_wconf 75' lang='lat' dir='ltr'><strong>refere-</strong></span> 
     </span>
    </p>
   </div>
   <div class='ocr_carea' id='block_1_17' title="bbox 1786 510 3369 585">
    <p class='ocr_par' dir='ltr' id='par_1_17' title="bbox 1786 510 3369 585">
     <span class='ocr_line' id='line_1_17' title="bbox 1786 510 3369 585; baseline 0.004 -20"><span class='ocrx_word' id='word_1_113' title='bbox 1786 510 1895 575; x_wconf 89' lang='lat' dir='ltr'><strong>bat,</strong></span> <span class='ocrx_word' id='word_1_114' title='bbox 1928 513 2064 567; x_wconf 87' lang='lat' dir='ltr'><strong>Deus</strong></span> <span class='ocrx_word' id='word_1_115' title='bbox 2089 511 2155 566; x_wconf 89' lang='lat' dir='ltr'><strong>ad</strong></span> <span class='ocrx_word' id='word_1_116' title='bbox 2181 529 2301 567; x_wconf 90' lang='lat' dir='ltr'><strong>eum</strong></span> <span class='ocrx_word' id='word_1_117' title='bbox 2317 515 2402 582; x_wconf 86' lang='lat' dir='ltr'><strong>qui</strong></span> <span class='ocrx_word' id='word_1_118' title='bbox 2425 530 2492 569; x_wconf 78' lang='lat' dir='ltr'><strong>ex</strong></span> <span class='ocrx_word' id='word_1_119' title='bbox 2512 515 2717 585; x_wconf 78' lang='lat' dir='ltr'><strong>virgine</strong></span> <span class='ocrx_word' id='word_1_120' title='bbox 2740 515 2899 570; x_wconf 82' lang='lat' dir='ltr'><strong>Maria</strong></span> <span class='ocrx_word' id='word_1_121' title='bbox 2918 518 3213 572; x_wconf 80' lang='lat' dir='ltr'><strong>nasciturus</strong></span> <span class='ocrx_word' id='word_1_122' title='bbox 3230 530 3369 585; x_wconf 89' lang='lat' dir='ltr'><strong>erat,</strong></span> 
     </span>
    </p>
   </div>
   <div class='ocr_carea' id='block_1_18' title="bbox 1787 601 3372 670">
    <p class='ocr_par' dir='ltr' id='par_1_18' title="bbox 1787 601 3372 670">
     <span class='ocr_line' id='line_1_18' title="bbox 1787 601 3372 670; baseline 0.004 -14"><span class='ocrx_word' id='word_1_123' title='bbox 1787 601 1971 658; x_wconf 84' lang='lat' dir='ltr'><strong>Jesum</strong></span> <span class='ocrx_word' id='word_1_124' title='bbox 2000 604 2267 658; x_wconf 83' lang='lat' dir='ltr'><strong>Christum</strong></span> <span class='ocrx_word' id='word_1_125' title='bbox 2301 604 2488 659; x_wconf 88' lang='lat' dir='ltr'><strong>Filium</strong></span> <span class='ocrx_word' id='word_1_126' title='bbox 2535 607 2660 670; x_wconf 92' lang='lat' dir='ltr'><strong>Dei,</strong></span> <span class='ocrx_word' id='word_1_127' title='bbox 2688 609 2882 661; x_wconf 88' lang='lat' dir='ltr'><strong>clamat</strong></span> <span class='ocrx_word' id='word_1_128' title='bbox 2909 617 2964 662; x_wconf 91' lang='lat' dir='ltr'><strong>et</strong></span> <span class='ocrx_word' id='word_1_129' title='bbox 3005 609 3131 663; x_wconf 88' lang='lat' dir='ltr'><strong>dicit</strong></span> <span class='ocrx_word' id='word_1_130' title='bbox 3164 628 3178 663; x_wconf 91' lang='lat'><strong>:</strong></span> <span class='ocrx_word' id='word_1_131' title='bbox 3213 609 3288 663; x_wconf 87' lang='lat' dir='ltr'><strong>Tu</strong></span> <span class='ocrx_word' id='word_1_132' title='bbox 3320 627 3372 664; x_wconf 83' lang='lat' dir='ltr'><strong>es</strong></span> 
     </span>
    </p>
   </div>
   <div class='ocr_carea' id='block_1_19' title="bbox 1785 697 3370 768">
    <p class='ocr_par' dir='ltr' id='par_1_19' title="bbox 1785 697 3370 768">
     <span class='ocr_line' id='line_1_19' title="bbox 1785 697 3370 768; baseline 0.004 -18"><span class='ocrx_word' id='word_1_133' title='bbox 1785 698 2020 750; x_wconf 76' lang='lat' dir='ltr'><strong>sacerdos</strong></span> <span class='ocrx_word' id='word_1_134' title='bbox 2065 697 2116 752; x_wconf 72' lang='lat' dir='ltr'><strong>in</strong></span> <span class='ocrx_word' id='word_1_135' title='bbox 2155 710 2402 752; x_wconf 67' lang='lat' dir='ltr'><strong>internum</strong></span> <span class='ocrx_word' id='word_1_136' title='bbox 2441 701 2714 760; x_wconf 78' lang='lat' dir='ltr'><strong>secundum</strong></span> <span class='ocrx_word' id='word_1_137' title='bbox 2747 701 2973 754; x_wconf 84' lang='lat' dir='ltr'><strong>ordinem</strong></span> <span class='ocrx_word' id='word_1_138' title='bbox 3007 701 3370 768; x_wconf 77' lang='lat' dir='ltr'><strong>Melcltisedec;</strong></span> 
     </span>
    </p>
   </div>
   <div class='ocr_carea' id='block_1_20' title="bbox 1788 789 3372 864">
    <p class='ocr_par' dir='ltr' id='par_1_20' title="bbox 1788 789 3372 864">
     <span class='ocr_line' id='line_1_20' title="bbox 1788 789 3372 864; baseline 0.004 -22"><span class='ocrx_word' id='word_1_139' title='bbox 1788 803 1892 842; x_wconf 84' lang='lat' dir='ltr'><strong>non</strong></span> <span class='ocrx_word' id='word_1_140' title='bbox 1921 789 2211 843; x_wconf 86' lang='lat' dir='ltr'><strong>secundum</strong></span> <span class='ocrx_word' id='word_1_141' title='bbox 2257 791 2497 844; x_wconf 82' lang='lat' dir='ltr'><strong>ordinem</strong></span> <span class='ocrx_word' id='word_1_142' title='bbox 2545 793 2788 854; x_wconf 81' lang='lat' dir='ltr'><strong>Aaronis,</strong></span> <span class='ocrx_word' id='word_1_143' title='bbox 2825 793 2910 862; x_wconf 86' lang='lat' dir='ltr'><strong>qui</strong></span> <span class='ocrx_word' id='word_1_144' title='bbox 2940 793 3116 848; x_wconf 92' lang='lat' dir='ltr'><strong>vitulis</strong></span> <span class='ocrx_word' id='word_1_145' title='bbox 3138 802 3190 848; x_wconf 89' lang='lat' dir='ltr'><strong>et</strong></span> <span class='ocrx_word' id='word_1_146' title='bbox 3221 794 3372 864; x_wconf 88' lang='lat' dir='ltr'><strong>agnis</strong></span> 
     </span>
    </p>
   </div>
   <div class='ocr_carea' id='block_1_21' title="bbox 1789 881 3371 947">
    <p class='ocr_par' dir='ltr' id='par_1_21' title="bbox 1789 881 3371 947">
     <span class='ocr_line' id='line_1_21' title="bbox 1789 881 3371 947; baseline 0.001 -13"><span class='ocrx_word' id='word_1_147' title='bbox 1789 881 1899 934; x_wconf 89' lang='lat' dir='ltr'><strong>Deo</strong></span> <span class='ocrx_word' id='word_1_148' title='bbox 1922 881 2121 934; x_wconf 89' lang='lat' dir='ltr'><strong>cultum</strong></span> <span class='ocrx_word' id='word_1_149' title='bbox 2151 881 2412 935; x_wconf 78' lang='lat' dir='ltr'><strong>referebat</strong></span> <span class='ocrx_word' id='word_1_150' title='bbox 2439 900 2452 947; x_wconf 92' lang='lat'><strong>;</strong></span> <span class='ocrx_word' id='word_1_151' title='bbox 2485 883 2599 945; x_wconf 89' lang='lat' dir='ltr'><strong>sed,</strong></span> <span class='ocrx_word' id='word_1_152' title='bbox 2630 881 2705 934; x_wconf 88' lang='lat' dir='ltr'><strong>Tu</strong></span> <span class='ocrx_word' id='word_1_153' title='bbox 2726 899 2776 935; x_wconf 84' lang='lat' dir='ltr'><strong>es</strong></span> <span class='ocrx_word' id='word_1_154' title='bbox 2805 883 3038 938; x_wconf 85' lang='lat' dir='ltr'><strong>sacerdos</strong></span> <span class='ocrx_word' id='word_1_155' title='bbox 3056 884 3106 936; x_wconf 89' lang='lat' dir='ltr'><strong>in</strong></span> <span class='ocrx_word' id='word_1_156' title='bbox 3126 892 3371 938; x_wconf 67' lang='lat' dir='ltr'><strong>internum</strong></span> 
     </span>
    </p>
   </div>
   <div class='ocr_carea' id='block_1_22' title="bbox 1786 971 3372 1044">
    <p class='ocr_par' dir='ltr' id='par_1_22' title="bbox 1786 971 3372 1044">
     <span class='ocr_line' id='line_1_22' title="bbox 1786 971 3372 1044; baseline 0.003 -18"><span class='ocrx_word' id='word_1_157' title='bbox 1786 971 2058 1028; x_wconf 80' lang='lat' dir='ltr'><strong>secundum</strong></span> <span class='ocrx_word' id='word_1_158' title='bbox 2084 974 2311 1028; x_wconf 66' lang='lat' dir='ltr'><strong>ordinem</strong></span> <span class='ocrx_word' id='word_1_159' title='bbox 2342 974 2393 1026; x_wconf 84' lang='grc' dir='ltr'><em>Μ</em></span> <span class='ocrx_word' id='word_1_160' title='bbox 2401 975 2672 1028; x_wconf 76' lang='lat' dir='ltr'><strong>elchisedec</strong></span> <span class='ocrx_word' id='word_1_161' title='bbox 2696 1017 2710 1039; x_wconf 96' lang='lat'><strong>,</strong></span> <span class='ocrx_word' id='word_1_162' title='bbox 2740 991 2875 1044; x_wconf 87' lang='lat' dir='ltr'><strong>pane</strong></span> <span class='ocrx_word' id='word_1_163' title='bbox 2903 983 2959 1032; x_wconf 86' lang='lat' dir='ltr'><strong>et</strong></span> <span class='ocrx_word' id='word_1_164' title='bbox 2985 977 3108 1030; x_wconf 84' lang='lat' dir='ltr'><strong>vino</strong></span> <span class='ocrx_word' id='word_1_165' title='bbox 3145 976 3372 1031; x_wconf 80' lang='lat' dir='ltr'><strong>aﬂ&#39;cren-</strong></span> 
     </span>
    </p>
   </div>
   <div class='ocr_carea' id='block_1_23' title="bbox 1788 1065 3370 1138">
    <p class='ocr_par' dir='ltr' id='par_1_23' title="bbox 1788 1065 3370 1138">
     <span class='ocr_line' id='line_1_23' title="bbox 1788 1065 3370 1138; baseline 0 -17"><span class='ocrx_word' id='word_1_166' title='bbox 1788 1065 1916 1121; x_wconf 90' lang='lat' dir='ltr'><strong>tium</strong></span> <span class='ocrx_word' id='word_1_167' title='bbox 1947 1081 2132 1120; x_wconf 90' lang='lat' dir='ltr'><strong>eorum</strong></span> <span class='ocrx_word' id='word_1_168' title='bbox 2157 1074 2407 1138; x_wconf 79' lang='lat' dir='ltr'><strong>perpetua</strong></span> <span class='ocrx_word' id='word_1_169' title='bbox 2439 1081 2654 1122; x_wconf 84' lang='lat' dir='ltr'><strong>munera</strong></span> <span class='ocrx_word' id='word_1_170' title='bbox 2682 1066 2788 1120; x_wconf 87' lang='lat' dir='ltr'><strong>Deo</strong></span> <span class='ocrx_word' id='word_1_171' title='bbox 2811 1066 3060 1122; x_wconf 71' lang='lat' dir='ltr'><strong>offerens.</strong></span> <span class='ocrx_word' id='word_1_172' title='bbox 3084 1067 3186 1122; x_wconf 86' lang='lat' dir='ltr'><strong>Per</strong></span> <span class='ocrx_word' id='word_1_173' title='bbox 3212 1083 3370 1137; x_wconf 87' lang='lat' dir='ltr'><strong>quem</strong></span> 
     </span>
    </p>
   </div>
   <div class='ocr_carea' id='block_1_24' title="bbox 126 1153 1684 1231">
    <p class='ocr_par' dir='ltr' id='par_1_24' title="bbox 126 1153 1684 1231">
     <span class='ocr_line' id='line_1_24' title="bbox 126 1153 1684 1231; baseline -0.008 -17"><span class='ocrx_word' id='word_1_174' title='bbox 126 1161 412 1231; x_wconf 86' lang='lat' dir='ltr'><strong>prophetico</strong></span> <span class='ocrx_word' id='word_1_175' title='bbox 456 1161 641 1229; x_wconf 88' lang='lat' dir='ltr'><strong>spiritu</strong></span> <span class='ocrx_word' id='word_1_176' title='bbox 683 1168 860 1211; x_wconf 88' lang='lat' dir='ltr'><strong>motus</strong></span> <span class='ocrx_word' id='word_1_177' title='bbox 885 1199 899 1223; x_wconf 94' lang='lat'><strong>,</strong></span> <span class='ocrx_word' id='word_1_178' title='bbox 928 1155 1158 1210; x_wconf 82' lang='lat' dir='ltr'><strong>futuram</strong></span> <span class='ocrx_word' id='word_1_179' title='bbox 1207 1153 1530 1208; x_wconf 86' lang='lat' dir='ltr'><strong>oblationem</strong></span> <span class='ocrx_word' id='word_1_180' title='bbox 1588 1163 1684 1218; x_wconf 91' lang='lat' dir='ltr'><strong>pro</strong></span> 
     </span>
    </p>
   </div>
   <div class='ocr_carea' id='block_1_25' title="bbox 124 1244 1682 1322">
    <p class='ocr_par' dir='ltr' id='par_1_25' title="bbox 124 1244 1682 1322">
     <span class='ocr_line' id='line_1_25' title="bbox 124 1244 1682 1322; baseline -0.003 -22"><span class='ocrx_word' id='word_1_181' title='bbox 124 1252 339 1322; x_wconf 62' lang='lat' dir='ltr'><strong>gentibus</strong></span> <span class='ocrx_word' id='word_1_182' title='bbox 368 1249 748 1322; x_wconf 84' lang='lat' dir='ltr'><strong>proferendam</strong></span> <span class='ocrx_word' id='word_1_183' title='bbox 781 1249 1101 1317; x_wconf 77' lang='lat' dir='ltr'><strong>intelligens,</strong></span> <span class='ocrx_word' id='word_1_184' title='bbox 1136 1262 1269 1316; x_wconf 85' lang='lat' dir='ltr'><strong>pane</strong></span> <span class='ocrx_word' id='word_1_185' title='bbox 1290 1255 1342 1300; x_wconf 90' lang='lat' dir='ltr'><strong>et</strong></span> <span class='ocrx_word' id='word_1_186' title='bbox 1370 1246 1493 1299; x_wconf 92' lang='lat' dir='ltr'><strong>vino</strong></span> <span class='ocrx_word' id='word_1_187' title='bbox 1519 1244 1682 1298; x_wconf 89' lang='lat' dir='ltr'><strong>Deum</strong></span> 
     </span>
    </p>
   </div>
   <div class='ocr_carea' id='block_1_26' title="bbox 123 1336 1684 1408">
    <p class='ocr_par' dir='ltr' id='par_1_26' title="bbox 123 1336 1684 1408">
     <span class='ocr_line' id='line_1_26' title="bbox 123 1336 1684 1408; baseline -0.004 -10"><span class='ocrx_word' id='word_1_188' title='bbox 123 1343 280 1408; x_wconf 89' lang='lat' dir='ltr'><strong>coluit,</strong></span> <span class='ocrx_word' id='word_1_189' title='bbox 309 1341 590 1398; x_wconf 88' lang='lat' dir='ltr'><strong>Christum</strong></span> <span class='ocrx_word' id='word_1_190' title='bbox 619 1352 899 1397; x_wconf 87' lang='lat' dir='ltr'><strong>venturum</strong></span> <span class='ocrx_word' id='word_1_191' title='bbox 939 1341 1194 1398; x_wconf 86' lang='lat' dir='ltr'><strong>imitatus.</strong></span> <span class='ocrx_word' id='word_1_192' title='bbox 1223 1339 1485 1408; x_wconf 83' lang='lat' dir='ltr'><strong>Quoniam</strong></span> <span class='ocrx_word' id='word_1_193' title='bbox 1524 1336 1684 1408; x_wconf 85' lang='lat' dir='ltr'><strong>igitur</strong></span> 
     </span>
    </p>
   </div>
   <div class='ocr_carea' id='block_1_27' title="bbox 1789 1158 3368 1233">
    <p class='ocr_par' dir='ltr' id='par_1_27' title="bbox 1789 1158 3368 1233">
     <span class='ocr_line' id='line_1_27' title="bbox 1789 1158 3368 1233; baseline 0.002 -21"><span class='ocrx_word' id='word_1_194' title='bbox 1789 1158 1932 1213; x_wconf 83' lang='lat' dir='ltr'><strong>Patri</strong></span> <span class='ocrx_word' id='word_1_195' title='bbox 1958 1159 2122 1229; x_wconf 87' lang='lat' dir='ltr'><strong>gloria</strong></span> <span class='ocrx_word' id='word_1_196' title='bbox 2147 1175 2266 1213; x_wconf 89' lang='lat' dir='ltr'><strong>cum</strong></span> <span class='ocrx_word' id='word_1_197' title='bbox 2293 1159 2627 1213; x_wconf 65' lang='lat' dir='ltr'><strong>sanctissimo</strong></span> <span class='ocrx_word' id='word_1_198' title='bbox 2654 1160 2873 1229; x_wconf 88' lang='lat' dir='ltr'><strong>Spiritu,</strong></span> <span class='ocrx_word' id='word_1_199' title='bbox 2901 1177 3039 1216; x_wconf 92' lang='lat' dir='ltr'><strong>nunc</strong></span> <span class='ocrx_word' id='word_1_200' title='bbox 3059 1171 3112 1217; x_wconf 93' lang='lat' dir='ltr'><strong>et</strong></span> <span class='ocrx_word' id='word_1_201' title='bbox 3134 1177 3368 1233; x_wconf 86' lang='lat' dir='ltr'><strong>semper,</strong></span> 
     </span>
    </p>
   </div>
   <div class='ocr_carea' id='block_1_28' title="bbox 1787 1251 2732 1306">
    <p class='ocr_par' dir='ltr' id='par_1_28' title="bbox 1787 1251 2732 1306">
     <span class='ocr_line' id='line_1_28' title="bbox 1787 1251 2732 1306; baseline -0.001 -2"><span class='ocrx_word' id='word_1_202' title='bbox 1787 1259 1842 1305; x_wconf 91' lang='lat' dir='ltr'><strong>et</strong></span> <span class='ocrx_word' id='word_1_203' title='bbox 1870 1251 1922 1304; x_wconf 91' lang='lat' dir='ltr'><strong>in</strong></span> <span class='ocrx_word' id='word_1_204' title='bbox 1952 1252 2143 1305; x_wconf 66' lang='lat' dir='ltr'><strong>saecula</strong></span> <span class='ocrx_word' id='word_1_205' title='bbox 2175 1251 2513 1306; x_wconf 75' lang='lat' dir='ltr'><strong>smculorum.</strong></span> <span class='ocrx_word' id='word_1_206' title='bbox 2538 1253 2732 1306; x_wconf 88' lang='lat' dir='ltr'><strong>Amen.</strong></span> 
     </span>
    </p>
   </div>
   <div class='ocr_carea' id='block_1_29' title="bbox 133 1613 3339 1654">
    <p class='ocr_par' dir='ltr' id='par_1_29' title="bbox 133 1613 3339 1654">
     <span class='ocr_line' id='line_1_29' title="bbox 133 1613 3339 1654; baseline 0.002 -11"><span class='ocrx_word' id='word_1_207' title='bbox 133 1613 3339 1654; x_wconf 42' lang='grc' dir='ltr'>Ἦ</span> 
     </span>
    </p>
   </div>
   <div class='ocr_carea' id='block_1_30' title="bbox 1172 1939 2286 2017">
    <p class='ocr_par' dir='ltr' id='par_1_30' title="bbox 1172 1939 2286 2017">
     <span class='ocr_line' id='line_1_30' title="bbox 1172 1939 2286 2017; baseline 0 -15"><span class='ocrx_word' id='word_1_208' title='bbox 1172 1945 1280 2003; x_wconf 85' lang='grc' dir='ltr'><strong>ΑΙ)</strong></span> <span class='ocrx_word' id='word_1_209' title='bbox 1337 1943 1743 2005; x_wconf 79' lang='lat' dir='ltr'><strong>HOMILIAM</strong></span> <span class='ocrx_word' id='word_1_210' title='bbox 1789 1941 2146 2017; x_wconf 85' lang='lat' dir='ltr'><strong>SEQUENT</strong></span> <span class='ocrx_word' id='word_1_211' title='bbox 2151 1939 2286 2002; x_wconf 89' lang='grc' dir='ltr'><strong>ΕΜ.</strong></span> 
     </span>
    </p>
   </div>
   <div class='ocr_carea' id='block_1_31' title="bbox 130 2169 3342 2245">
    <p class='ocr_par' dir='ltr' id='par_1_31' title="bbox 130 2169 3342 2245">
     <span class='ocr_line' id='line_1_31' title="bbox 130 2169 3342 2245; baseline -0.002 -15"><span class='ocrx_word' id='word_1_212' title='bbox 130 2177 343 2244; x_wconf 59' lang='grc' dir='ltr'><strong>ῥωπιΜί</strong></span> <span class='ocrx_word' id='word_1_213' title='bbox 360 2177 624 2241; x_wconf 67' lang='lat' dir='ltr'><strong>homines;</strong></span> <span class='ocrx_word' id='word_1_214' title='bbox 668 2183 724 2230; x_wconf 90' lang='lat' dir='ltr'><strong>ut</strong></span> <span class='ocrx_word' id='word_1_215' title='bbox 752 2183 934 2230; x_wconf 89' lang='lat' dir='ltr'><strong>autem</strong></span> <span class='ocrx_word' id='word_1_216' title='bbox 977 2173 1238 2245; x_wconf 83' lang='lat' dir='ltr'><strong>probetur</strong></span> <span class='ocrx_word' id='word_1_217' title='bbox 1273 2173 1451 2244; x_wconf 88' lang='lat' dir='ltr'><strong>ipsum</strong></span> <span class='ocrx_word' id='word_1_218' title='bbox 1480 2187 1545 2227; x_wconf 81' lang='lat' dir='ltr'><strong>ex</strong></span> <span class='ocrx_word' id='word_1_219' title='bbox 1582 2172 1768 2228; x_wconf 89' lang='lat' dir='ltr'><strong>animo</strong></span> <span class='ocrx_word' id='word_1_220' title='bbox 1799 2181 1854 2227; x_wconf 93' lang='lat' dir='ltr'><strong>et</strong></span> <span class='ocrx_word' id='word_1_221' title='bbox 1898 2171 2110 2227; x_wconf 86' lang='lat' dir='ltr'><strong>sincere</strong></span> <span class='ocrx_word' id='word_1_222' title='bbox 2139 2170 2254 2225; x_wconf 65' lang='lat' dir='ltr'><strong>haec</strong></span> <span class='ocrx_word' id='word_1_223' title='bbox 2277 2169 2528 2236; x_wconf 79' lang='lat' dir='ltr'><strong>edixisse,</strong></span> <span class='ocrx_word' id='word_1_224' title='bbox 2557 2169 2744 2241; x_wconf 85' lang='lat' dir='ltr'><strong>paucis</strong></span> <span class='ocrx_word' id='word_1_225' title='bbox 2785 2169 3080 2240; x_wconf 71' lang='lat' dir='ltr'><strong>interiectis</strong></span> <span class='ocrx_word' id='word_1_226' title='bbox 3108 2169 3188 2225; x_wconf 92' lang='lat' dir='ltr'><strong>sic</strong></span> <span class='ocrx_word' id='word_1_227' title='bbox 3223 2171 3297 2224; x_wconf 85' lang='lat' dir='ltr'><strong>ait</strong></span> <span class='ocrx_word' id='word_1_228' title='bbox 3328 2185 3342 2222; x_wconf 90' lang='lat'><strong>:</strong></span> 
     </span>
    </p>
   </div>
   <div class='ocr_carea' id='block_1_32' title="bbox 133 2289 3340 2362">
    <p class='ocr_par' dir='ltr' id='par_1_32' title="bbox 133 2289 3340 2362">
     <span class='ocr_line' id='line_1_32' title="bbox 133 2289 3340 2362; baseline -0.001 -16"><span class='ocrx_word' id='word_1_229' title='bbox 133 2293 186 2346; x_wconf 84' lang='lat' dir='ltr'><strong>Si</strong></span> <span class='ocrx_word' id='word_1_230' title='bbox 223 2311 333 2347; x_wconf 76' lang='lat' dir='ltr'><strong>vero</strong></span> <span class='ocrx_word' id='word_1_231' title='bbox 386 2294 758 2362; x_wconf 79' lang='lat' dir='ltr'><strong>perhorruistis</strong></span> <span class='ocrx_word' id='word_1_232' title='bbox 811 2293 947 2346; x_wconf 82' lang='lat' dir='ltr'><strong>hanc</strong></span> <span class='ocrx_word' id='word_1_233' title='bbox 1001 2292 1273 2345; x_wconf 68' lang='lat' dir='ltr'><strong>audientes</strong></span> <span class='ocrx_word' id='word_1_234' title='bbox 1316 2291 1631 2345; x_wconf 78' lang='lat' dir='ltr'><strong>sententiam</strong></span> <span class='ocrx_word' id='word_1_235' title='bbox 1685 2289 1854 2360; x_wconf 76' lang='lat' dir='ltr'><strong>(video</strong></span> <span class='ocrx_word' id='word_1_236' title='bbox 1899 2305 2124 2359; x_wconf 79' lang='lat' dir='ltr'><strong>namque</strong></span> <span class='ocrx_word' id='word_1_237' title='bbox 2186 2305 2362 2344; x_wconf 78' lang='lat' dir='ltr'><strong>omnes</strong></span> <span class='ocrx_word' id='word_1_238' title='bbox 2413 2291 2800 2360; x_wconf 82' lang='lat' dir='ltr'><strong>ingemiscentes</strong></span> <span class='ocrx_word' id='word_1_239' title='bbox 2849 2299 2898 2344; x_wconf 77' lang='lat' dir='ltr'><strong>et</strong></span> <span class='ocrx_word' id='word_1_240' title='bbox 2950 2290 3340 2359; x_wconf 80' lang='lat' dir='ltr'><strong>compunctos),</strong></span> 
     </span>
    </p>
   </div>
   <div class='ocr_carea' id='block_1_33' title="bbox 134 2407 1682 2483">
    <p class='ocr_par' dir='ltr' id='par_1_33' title="bbox 134 2411 1682 2483">
     <span class='ocr_line' id='line_1_33' title="bbox 134 2411 1682 2483; baseline -0.001 -17"><span class='ocrx_word' id='word_1_241' title='bbox 134 2417 447 2483; x_wconf 76' lang='lat' dir='ltr'><strong>resipiscam,</strong></span> <span class='ocrx_word' id='word_1_242' title='bbox 501 2425 549 2469; x_wconf 79' lang='lat' dir='ltr'><strong>et</strong></span> <span class='ocrx_word' id='word_1_243' title='bbox 599 2415 856 2469; x_wconf 75' lang='lat' dir='ltr'><strong>sententia</strong></span> <span class='ocrx_word' id='word_1_244' title='bbox 905 2413 1076 2468; x_wconf 80' lang='lat' dir='ltr'><strong>soluta</strong></span> <span class='ocrx_word' id='word_1_245' title='bbox 1131 2422 1226 2477; x_wconf 83' lang='lat' dir='ltr'><strong>est,</strong></span> <span class='ocrx_word' id='word_1_246' title='bbox 1271 2411 1682 2482; x_wconf 76' lang='grc' dir='ltr'><strong>μεταϐαλλέσθω</strong></span> 
     </span>
    </p>
   </div>
   <div class='ocr_carea' id='block_1_34' title="bbox 1787 2407 3348 2483">
    <p class='ocr_par' dir='ltr' id='par_1_34' title="bbox 1787 2407 3348 2482">
     <span class='ocr_line' id='line_1_34' title="bbox 1787 2407 3348 2482; baseline -0.001 -19"><span class='ocrx_word' id='word_1_247' title='bbox 1787 2428 1812 2476; x_wconf 77' lang='grc' dir='ltr'><strong>ν,</strong></span> <span class='ocrx_word' id='word_1_248' title='bbox 1855 2409 1948 2464; x_wconf 76' lang='grc' dir='ltr'><strong>καὶ</strong></span> <span class='ocrx_word' id='word_1_249' title='bbox 1982 2409 2195 2463; x_wconf 79' lang='grc' dir='ltr'><strong>λέλυται</strong></span> <span class='ocrx_word' id='word_1_250' title='bbox 2224 2410 2292 2462; x_wconf 83' lang='grc' dir='ltr'><strong>τὰ</strong></span> <span class='ocrx_word' id='word_1_251' title='bbox 2323 2410 2421 2482; x_wconf 80' lang='grc' dir='ltr'><strong>τῆς</strong></span> <span class='ocrx_word' id='word_1_252' title='bbox 2468 2410 2814 2479; x_wconf 75' lang='grc' dir='ltr'><strong>ἀποφάσεως.</strong></span> <span class='ocrx_word' id='word_1_253' title='bbox 2851 2407 2982 2476; x_wconf 64' lang='lat' dir='ltr'><strong>Quae</strong></span> <span class='ocrx_word' id='word_1_254' title='bbox 3022 2409 3187 2464; x_wconf 86' lang='lat' dir='ltr'><strong>verba</strong></span> <span class='ocrx_word' id='word_1_255' title='bbox 3220 2423 3348 2462; x_wconf 82' lang='lat' dir='ltr'><strong>sen-</strong></span> 
     </span>
    </p>
   </div>
   <div class='ocr_carea' id='block_1_35' title="bbox 131 2521 3347 2598">
    <p class='ocr_par' dir='ltr' id='par_1_35' title="bbox 131 2521 3347 2598">
     <span class='ocr_line' id='line_1_35' title="bbox 131 2521 3347 2598; baseline -0.002 -14"><span class='ocrx_word' id='word_1_256' title='bbox 131 2530 332 2584; x_wconf 52' lang='lat' dir='ltr'><strong>tentiam</strong></span> <span class='ocrx_word' id='word_1_257' title='bbox 360 2543 490 2583; x_wconf 88' lang='lat' dir='ltr'><strong>vere</strong></span> <span class='ocrx_word' id='word_1_258' title='bbox 522 2531 786 2598; x_wconf 86' lang='lat' dir='ltr'><strong>prolatam</strong></span> <span class='ocrx_word' id='word_1_259' title='bbox 817 2541 928 2596; x_wconf 67' lang='lat' dir='ltr'><strong>pra:</strong></span> <span class='ocrx_word' id='word_1_260' title='bbox 959 2540 1016 2579; x_wconf 91' lang='lat' dir='ltr'><strong>se</strong></span> <span class='ocrx_word' id='word_1_261' title='bbox 1051 2523 1192 2578; x_wconf 80' lang='lat' dir='ltr'><strong>ferre</strong></span> <span class='ocrx_word' id='word_1_262' title='bbox 1217 2522 1489 2577; x_wconf 90' lang='lat' dir='ltr'><strong>videntur.</strong></span> <span class='ocrx_word' id='word_1_263' title='bbox 1535 2521 1604 2574; x_wconf 89' lang='lat' dir='ltr'><strong>At</strong></span> <span class='ocrx_word' id='word_1_264' title='bbox 1663 2529 1793 2591; x_wconf 90' lang='lat' dir='ltr'><strong>puto</strong></span> <span class='ocrx_word' id='word_1_265' title='bbox 1825 2521 1938 2576; x_wconf 68' lang='lat' dir='ltr'><strong>haec</strong></span> <span class='ocrx_word' id='word_1_266' title='bbox 1987 2529 2197 2575; x_wconf 90' lang='lat' dir='ltr'><strong>tantum</strong></span> <span class='ocrx_word' id='word_1_267' title='bbox 2225 2521 2587 2576; x_wconf 89' lang='lat' dir='ltr'><strong>comminandi</strong></span> <span class='ocrx_word' id='word_1_268' title='bbox 2616 2521 2799 2578; x_wconf 88' lang='lat' dir='ltr'><strong>animo</strong></span> <span class='ocrx_word' id='word_1_269' title='bbox 2826 2522 2895 2577; x_wconf 91' lang='lat' dir='ltr'><strong>ah</strong></span> <span class='ocrx_word' id='word_1_270' title='bbox 2937 2521 3177 2577; x_wconf 89' lang='lat' dir='ltr'><strong>antistite</strong></span> <span class='ocrx_word' id='word_1_271' title='bbox 3206 2521 3347 2576; x_wconf 91' lang='lat' dir='ltr'><strong>dicta</strong></span> 
     </span>
    </p>
   </div>
   <div class='ocr_carea' id='block_1_36' title="bbox 134 2635 3340 2716">
    <p class='ocr_par' dir='ltr' id='par_1_36' title="bbox 134 2635 3340 2716">
     <span class='ocr_line' id='line_1_36' title="bbox 134 2635 3340 2716; baseline -0.001 -23"><span class='ocrx_word' id='word_1_272' title='bbox 134 2642 298 2708; x_wconf 81' lang='lat' dir='ltr'><strong>fuisse,</strong></span> <span class='ocrx_word' id='word_1_273' title='bbox 331 2660 442 2699; x_wconf 91' lang='lat' dir='ltr'><strong>nec</strong></span> <span class='ocrx_word' id='word_1_274' title='bbox 467 2643 572 2698; x_wconf 88' lang='lat' dir='ltr'><strong>nisi</strong></span> <span class='ocrx_word' id='word_1_275' title='bbox 617 2659 803 2713; x_wconf 88' lang='lat' dir='ltr'><strong>parem</strong></span> <span class='ocrx_word' id='word_1_276' title='bbox 846 2641 900 2695; x_wconf 90' lang='lat' dir='ltr'><strong>in</strong></span> <span class='ocrx_word' id='word_1_277' title='bbox 928 2639 1139 2711; x_wconf 88' lang='lat' dir='ltr'><strong>culpam</strong></span> <span class='ocrx_word' id='word_1_278' title='bbox 1174 2639 1356 2694; x_wconf 92' lang='lat' dir='ltr'><strong>denuo</strong></span> <span class='ocrx_word' id='word_1_279' title='bbox 1382 2638 1560 2716; x_wconf 86' lang='lat' dir='ltr'><strong>lapsos</strong></span> <span class='ocrx_word' id='word_1_280' title='bbox 1592 2651 1706 2702; x_wconf 89' lang='lat' dir='ltr'><strong>eos,</strong></span> <span class='ocrx_word' id='word_1_281' title='bbox 1756 2635 1848 2706; x_wconf 91' lang='lat' dir='ltr'><strong>qui</strong></span> <span class='ocrx_word' id='word_1_282' title='bbox 1883 2637 1950 2692; x_wconf 89' lang='lat' dir='ltr'><strong>ad</strong></span> <span class='ocrx_word' id='word_1_283' title='bbox 1986 2636 2291 2706; x_wconf 81' lang='lat' dir='ltr'><strong>spectacula</strong></span> <span class='ocrx_word' id='word_1_284' title='bbox 2327 2645 2695 2702; x_wconf 87' lang='lat' dir='ltr'><strong>accurrerant,</strong></span> <span class='ocrx_word' id='word_1_285' title='bbox 2728 2637 3340 2693; x_wconf 83' lang='lat' dir='ltr'><strong>excommunicationem</strong></span> 
     </span>
    </p>
   </div>
   <div class='ocr_carea' id='block_1_37' title="bbox 132 2759 588 2814">
    <p class='ocr_par' dir='ltr' id='par_1_37' title="bbox 132 2759 588 2814">
     <span class='ocr_line' id='line_1_37' title="bbox 132 2759 588 2814; baseline 0.004 -4"><span class='ocrx_word' id='word_1_286' title='bbox 132 2759 294 2812; x_wconf 82' lang='lat' dir='ltr'><strong>subire</strong></span> <span class='ocrx_word' id='word_1_287' title='bbox 322 2759 588 2814; x_wconf 90' lang='lat' dir='ltr'><strong>voluisse.</strong></span> 
     </span>
    </p>
   </div>
   <div class='ocr_carea' id='block_1_38' title="bbox 192 2867 3349 2943">
    <p class='ocr_par' dir='ltr' id='par_1_38' title="bbox 192 2867 3349 2943">
     <span class='ocr_line' id='line_1_38' title="bbox 192 2867 3349 2943; baseline 0.001 -21"><span class='ocrx_word' id='word_1_288' title='bbox 192 2871 338 2926; x_wconf 81' lang='lat' dir='ltr'><strong>Aliud</strong></span> <span class='ocrx_word' id='word_1_289' title='bbox 377 2871 769 2943; x_wconf 80' lang='lat' dir='ltr'><strong>explorandum</strong></span> <span class='ocrx_word' id='word_1_290' title='bbox 809 2871 1150 2943; x_wconf 89' lang='lat' dir='ltr'><strong>proponitur,</strong></span> <span class='ocrx_word' id='word_1_291' title='bbox 1199 2884 1308 2941; x_wconf 89' lang='lat' dir='ltr'><strong>quo</strong></span> <span class='ocrx_word' id='word_1_292' title='bbox 1337 2883 1533 2938; x_wconf 89' lang='lat' dir='ltr'><strong>nempe</strong></span> <span class='ocrx_word' id='word_1_293' title='bbox 1569 2869 1656 2924; x_wconf 90' lang='lat' dir='ltr'><strong>die</strong></span> <span class='ocrx_word' id='word_1_294' title='bbox 1702 2868 1850 2924; x_wconf 89' lang='lat' dir='ltr'><strong>hanc</strong></span> <span class='ocrx_word' id='word_1_295' title='bbox 1903 2867 2223 2924; x_wconf 90' lang='lat' dir='ltr'><strong>concionem</strong></span> <span class='ocrx_word' id='word_1_296' title='bbox 2256 2868 2508 2924; x_wconf 85' lang='lat' dir='ltr'><strong>habuerit</strong></span> <span class='ocrx_word' id='word_1_297' title='bbox 2555 2868 2970 2939; x_wconf 84' lang='lat' dir='ltr'><strong>Chrysostomus</strong></span> <span class='ocrx_word' id='word_1_298' title='bbox 3006 2886 3019 2922; x_wconf 92' lang='lat'><strong>:</strong></span> <span class='ocrx_word' id='word_1_299' title='bbox 3069 2884 3158 2923; x_wconf 88' lang='lat' dir='ltr'><strong>res</strong></span> <span class='ocrx_word' id='word_1_300' title='bbox 3201 2870 3349 2924; x_wconf 91' lang='lat' dir='ltr'><strong>enim</strong></span> 
     </span>
    </p>
   </div>
   <div class='ocr_carea' id='block_1_39' title="bbox 132 2983 1682 3056">
    <p class='ocr_par' dir='ltr' id='par_1_39' title="bbox 132 2983 1678 3042">
     <span class='ocr_line' id='line_1_39' title="bbox 132 2983 1678 3042; baseline 0.001 -6"><span class='ocrx_word' id='word_1_301' title='bbox 132 2983 432 3042; x_wconf 77' lang='lat' dir='ltr'><strong>difﬁcultate</strong></span> <span class='ocrx_word' id='word_1_302' title='bbox 463 3002 572 3042; x_wconf 90' lang='lat' dir='ltr'><strong>non</strong></span> <span class='ocrx_word' id='word_1_303' title='bbox 630 3001 822 3040; x_wconf 88' lang='lat' dir='ltr'><strong>vacare</strong></span> <span class='ocrx_word' id='word_1_304' title='bbox 853 2986 1080 3041; x_wconf 89' lang='lat' dir='ltr'><strong>videtur.</strong></span> <span class='ocrx_word' id='word_1_305' title='bbox 1129 2985 1187 3040; x_wconf 91' lang='lat' dir='ltr'><strong>lu</strong></span> <span class='ocrx_word' id='word_1_306' title='bbox 1231 2987 1332 3039; x_wconf 90' lang='lat' dir='ltr'><strong>hac</strong></span> <span class='ocrx_word' id='word_1_307' title='bbox 1361 2984 1622 3038; x_wconf 91' lang='lat' dir='ltr'><strong>concione</strong></span> <span class='ocrx_word' id='word_1_308' title='bbox 1648 2998 1678 3038; x_wconf 90' lang='lat' dir='ltr'><strong>e</strong></span> 
     </span>
    </p>
   </div>
   <div class='ocr_carea' id='block_1_40' title="bbox 1787 2983 3339 3056">
    <p class='ocr_par' dir='ltr' id='par_1_40' title="bbox 1787 2983 3339 3056">
     <span class='ocr_line' id='line_1_40' title="bbox 1787 2983 3339 3056; baseline 0.001 -19"><span class='ocrx_word' id='word_1_309' title='bbox 1787 2984 1914 3051; x_wconf 78' lang='lat' dir='ltr'><strong>iait,</strong></span> <span class='ocrx_word' id='word_1_310' title='bbox 1967 2983 2070 3055; x_wconf 84' lang='grc' dir='ltr'><strong>πρὸ</strong></span> <span class='ocrx_word' id='word_1_311' title='bbox 2118 2983 2285 3054; x_wconf 79' lang='grc' dir='ltr'><strong>τριῶν</strong></span> <span class='ocrx_word' id='word_1_312' title='bbox 2336 2983 2557 3055; x_wconf 77' lang='grc' dir='ltr'>ἡμερῶν</span> <span class='ocrx_word' id='word_1_313' title='bbox 2604 2985 2898 3056; x_wconf 79' lang='grc' dir='ltr'><strong>ὲπομὸρία,</strong></span> <span class='ocrx_word' id='word_1_314' title='bbox 2929 2994 3052 3038; x_wconf 84' lang='lat' dir='ltr'><strong>ante</strong></span> <span class='ocrx_word' id='word_1_315' title='bbox 3088 2995 3192 3039; x_wconf 82' lang='lat' dir='ltr'><strong>tres</strong></span> <span class='ocrx_word' id='word_1_316' title='bbox 3229 2984 3339 3039; x_wconf 83' lang='lat' dir='ltr'><strong>dies</strong></span> 
     </span>
    </p>
   </div>
   <div class='ocr_carea' id='block_1_41' title="bbox 132 3093 3355 3168">
    <p class='ocr_par' dir='ltr' id='par_1_41' title="bbox 132 3093 3355 3168">
     <span class='ocr_line' id='line_1_41' title="bbox 132 3093 3355 3168; baseline 0.002 -20"><span class='ocrx_word' id='word_1_317' title='bbox 132 3095 280 3151; x_wconf 80' lang='lat' dir='ltr'><strong>imber</strong></span> <span class='ocrx_word' id='word_1_318' title='bbox 304 3100 515 3168; x_wconf 73' lang='lat' dir='ltr'><strong>iugem.</strong></span> <span class='ocrx_word' id='word_1_319' title='bbox 557 3097 733 3152; x_wconf 89' lang='lat' dir='ltr'><strong>Imber</strong></span> <span class='ocrx_word' id='word_1_320' title='bbox 755 3107 937 3152; x_wconf 86' lang='lat' dir='ltr'><strong>autem</strong></span> <span class='ocrx_word' id='word_1_321' title='bbox 968 3098 1056 3152; x_wconf 87' lang='lat' dir='ltr'><strong>ille</strong></span> <span class='ocrx_word' id='word_1_322' title='bbox 1078 3096 1279 3152; x_wconf 89' lang='lat' dir='ltr'><strong>decidit</strong></span> <span class='ocrx_word' id='word_1_323' title='bbox 1327 3096 1461 3151; x_wconf 81' lang='lat' dir='ltr'><strong>feria</strong></span> <span class='ocrx_word' id='word_1_324' title='bbox 1508 3104 1699 3166; x_wconf 86' lang='lat' dir='ltr'><strong>quarta</strong></span> <span class='ocrx_word' id='word_1_325' title='bbox 1732 3093 2096 3151; x_wconf 82' lang='lat' dir='ltr'><strong>Hebdomadis</strong></span> <span class='ocrx_word' id='word_1_326' title='bbox 2143 3106 2365 3162; x_wconf 73' lang='lat' dir='ltr'><strong>sanctze,</strong></span> <span class='ocrx_word' id='word_1_327' title='bbox 2421 3097 2613 3166; x_wconf 88' lang='lat' dir='ltr'><strong>quinta</strong></span> <span class='ocrx_word' id='word_1_328' title='bbox 2662 3097 2796 3152; x_wconf 89' lang='lat' dir='ltr'><strong>l&#39;eria</strong></span> <span class='ocrx_word' id='word_1_329' title='bbox 2839 3098 2894 3153; x_wconf 92' lang='lat' dir='ltr'><strong>in</strong></span> <span class='ocrx_word' id='word_1_330' title='bbox 2931 3096 3098 3154; x_wconf 67' lang='lat' dir='ltr'><strong>Coena</strong></span> <span class='ocrx_word' id='word_1_331' title='bbox 3140 3099 3355 3156; x_wconf 84' lang='lat' dir='ltr'><strong>Domini</strong></span> 
     </span>
    </p>
   </div>
   <div class='ocr_carea' id='block_1_42' title="bbox 135 3211 3355 3283">
    <p class='ocr_par' dir='ltr' id='par_1_42' title="bbox 135 3211 3355 3283">
     <span class='ocr_line' id='line_1_42' title="bbox 135 3211 3355 3283; baseline 0.003 -21"><span class='ocrx_word' id='word_1_332' title='bbox 135 3213 251 3266; x_wconf 86' lang='lat' dir='ltr'><strong>nihil</strong></span> <span class='ocrx_word' id='word_1_333' title='bbox 296 3222 640 3268; x_wconf 88' lang='lat' dir='ltr'><strong>memoratur</strong></span> <span class='ocrx_word' id='word_1_334' title='bbox 700 3211 983 3278; x_wconf 90' lang='lat' dir='ltr'><strong>incidisse,</strong></span> <span class='ocrx_word' id='word_1_335' title='bbox 1011 3213 1066 3266; x_wconf 92' lang='lat' dir='ltr'><strong>in</strong></span> <span class='ocrx_word' id='word_1_336' title='bbox 1094 3212 1390 3268; x_wconf 85' lang='lat' dir='ltr'><strong>Parasceve</strong></span> <span class='ocrx_word' id='word_1_337' title='bbox 1430 3213 1540 3267; x_wconf 92' lang='lat' dir='ltr'><strong>ludi</strong></span> <span class='ocrx_word' id='word_1_338' title='bbox 1575 3221 1860 3283; x_wconf 85' lang='lat' dir='ltr'><strong>equestres</strong></span> <span class='ocrx_word' id='word_1_339' title='bbox 1910 3214 2112 3268; x_wconf 89' lang='lat' dir='ltr'><strong>multos</strong></span> <span class='ocrx_word' id='word_1_340' title='bbox 2158 3222 2495 3280; x_wconf 88' lang='lat' dir='ltr'><strong>averterunt,</strong></span> <span class='ocrx_word' id='word_1_341' title='bbox 2541 3212 2778 3269; x_wconf 87' lang='lat' dir='ltr'><strong>Sabbato</strong></span> <span class='ocrx_word' id='word_1_342' title='bbox 2819 3213 2980 3269; x_wconf 89' lang='lat' dir='ltr'><strong>iidem</strong></span> <span class='ocrx_word' id='word_1_343' title='bbox 3020 3215 3355 3271; x_wconf 81' lang='lat' dir='ltr'><strong>theatrorum</strong></span> 
     </span>
    </p>
   </div>
   <div class='ocr_carea' id='block_1_43' title="bbox 133 3325 3359 3399">
    <p class='ocr_par' dir='ltr' id='par_1_43' title="bbox 133 3325 3359 3399">
     <span class='ocr_line' id='line_1_43' title="bbox 133 3325 3359 3399; baseline 0.002 -21"><span class='ocrx_word' id='word_1_344' title='bbox 133 3328 430 3394; x_wconf 84' lang='lat' dir='ltr'><strong>spectacula</strong></span> <span class='ocrx_word' id='word_1_345' title='bbox 460 3325 736 3381; x_wconf 89' lang='lat' dir='ltr'><strong>adierunt.</strong></span> <span class='ocrx_word' id='word_1_346' title='bbox 770 3325 906 3381; x_wconf 89' lang='lat' dir='ltr'><strong>llinc</strong></span> <span class='ocrx_word' id='word_1_347' title='bbox 926 3342 1055 3382; x_wconf 86' lang='lat' dir='ltr'><strong>vero</strong></span> <span class='ocrx_word' id='word_1_348' title='bbox 1077 3328 1229 3397; x_wconf 90' lang='lat' dir='ltr'><strong>sequi</strong></span> <span class='ocrx_word' id='word_1_349' title='bbox 1259 3328 1474 3383; x_wconf 85' lang='lat' dir='ltr'><strong>videtur</strong></span> <span class='ocrx_word' id='word_1_350' title='bbox 1495 3329 1636 3384; x_wconf 87' lang='lat' dir='ltr'><strong>hanc</strong></span> <span class='ocrx_word' id='word_1_351' title='bbox 1660 3327 1944 3383; x_wconf 80' lang='lat' dir='ltr'><strong>Homiliam</strong></span> <span class='ocrx_word' id='word_1_352' title='bbox 1971 3329 2088 3399; x_wconf 87' lang='lat' dir='ltr'><strong>ipso</strong></span> <span class='ocrx_word' id='word_1_353' title='bbox 2109 3329 2196 3384; x_wconf 91' lang='lat' dir='ltr'><strong>die</strong></span> <span class='ocrx_word' id='word_1_354' title='bbox 2225 3337 2412 3383; x_wconf 90' lang='lat' dir='ltr'><strong>sancto</strong></span> <span class='ocrx_word' id='word_1_355' title='bbox 2449 3327 2668 3383; x_wconf 78' lang='lat' dir='ltr'><strong>Pascha:</strong></span> <span class='ocrx_word' id='word_1_356' title='bbox 2701 3328 2936 3383; x_wconf 90' lang='lat' dir='ltr'><strong>habitam</strong></span> <span class='ocrx_word' id='word_1_357' title='bbox 2964 3327 3165 3395; x_wconf 80' lang='lat' dir='ltr'><strong>fuisse;</strong></span> <span class='ocrx_word' id='word_1_358' title='bbox 3215 3329 3359 3385; x_wconf 87' lang='lat' dir='ltr'><strong>inter</strong></span> 
     </span>
    </p>
   </div>
   <div class='ocr_carea' id='block_1_44' title="bbox 133 3441 3356 3520">
    <p class='ocr_par' dir='ltr' id='par_1_44' title="bbox 133 3441 3356 3520">
     <span class='ocr_line' id='line_1_44' title="bbox 133 3441 3356 3520; baseline 0.003 -28"><span class='ocrx_word' id='word_1_359' title='bbox 133 3456 273 3509; x_wconf 85' lang='lat' dir='ltr'><strong>quem</strong></span> <span class='ocrx_word' id='word_1_360' title='bbox 304 3452 365 3496; x_wconf 90' lang='lat' dir='ltr'><strong>et</strong></span> <span class='ocrx_word' id='word_1_361' title='bbox 393 3441 583 3495; x_wconf 79' lang='lat' dir='ltr'><strong>feriam</strong></span> <span class='ocrx_word' id='word_1_362' title='bbox 607 3449 854 3511; x_wconf 88' lang='lat' dir='ltr'><strong>quartam</strong></span> <span class='ocrx_word' id='word_1_363' title='bbox 882 3444 1283 3513; x_wconf 58' lang='lat' dir='ltr'><strong>praecedentem</strong></span> <span class='ocrx_word' id='word_1_364' title='bbox 1307 3453 1451 3499; x_wconf 90' lang='lat' dir='ltr'><strong>retro</strong></span> <span class='ocrx_word' id='word_1_365' title='bbox 1479 3445 1838 3514; x_wconf 87' lang='lat' dir='ltr'><strong>numerando,</strong></span> <span class='ocrx_word' id='word_1_366' title='bbox 1888 3454 1998 3500; x_wconf 90' lang='lat' dir='ltr'><strong>tres</strong></span> <span class='ocrx_word' id='word_1_367' title='bbox 2026 3445 2436 3500; x_wconf 89' lang='lat' dir='ltr'><strong>intercedebant</strong></span> <span class='ocrx_word' id='word_1_368' title='bbox 2475 3445 2589 3501; x_wconf 89' lang='lat' dir='ltr'><strong>dies</strong></span> <span class='ocrx_word' id='word_1_369' title='bbox 2616 3446 2760 3516; x_wconf 89' lang='lat' dir='ltr'><strong>pleni</strong></span> <span class='ocrx_word' id='word_1_370' title='bbox 2797 3456 2853 3501; x_wconf 91' lang='lat' dir='ltr'><strong>et</strong></span> <span class='ocrx_word' id='word_1_371' title='bbox 2891 3449 3105 3520; x_wconf 88' lang='lat' dir='ltr'><strong>integri,</strong></span> <span class='ocrx_word' id='word_1_372' title='bbox 3149 3446 3356 3503; x_wconf 83' lang='lat' dir='ltr'><strong>Sabba-</strong></span> 
     </span>
    </p>
   </div>
   <div class='ocr_carea' id='block_1_45' title="bbox 134 3557 3358 3634">
    <p class='ocr_par' dir='ltr' id='par_1_45' title="bbox 134 3557 3358 3634">
     <span class='ocr_line' id='line_1_45' title="bbox 134 3557 3358 3634; baseline 0.003 -26"><span class='ocrx_word' id='word_1_373' title='bbox 134 3566 254 3620; x_wconf 89' lang='lat' dir='ltr'><strong>tum,</strong></span> <span class='ocrx_word' id='word_1_374' title='bbox 277 3557 586 3613; x_wconf 87' lang='lat' dir='ltr'><strong>Parasceve</strong></span> <span class='ocrx_word' id='word_1_375' title='bbox 614 3567 670 3612; x_wconf 91' lang='lat' dir='ltr'><strong>et</strong></span> <span class='ocrx_word' id='word_1_376' title='bbox 694 3558 828 3613; x_wconf 79' lang='lat' dir='ltr'><strong>feria</strong></span> <span class='ocrx_word' id='word_1_377' title='bbox 861 3560 1071 3628; x_wconf 87' lang='lat' dir='ltr'><strong>quinta.</strong></span> <span class='ocrx_word' id='word_1_378' title='bbox 1097 3559 1201 3614; x_wconf 88' lang='lat' dir='ltr'><strong>Sed</strong></span> <span class='ocrx_word' id='word_1_379' title='bbox 1240 3577 1284 3614; x_wconf 74' lang='lat' dir='ltr'><strong>sn</strong></span> <span class='ocrx_word' id='word_1_380' title='bbox 1315 3561 1404 3616; x_wconf 92' lang='lat' dir='ltr'><strong>die</strong></span> <span class='ocrx_word' id='word_1_381' title='bbox 1427 3560 1648 3617; x_wconf 55' lang='lat' dir='ltr'><strong>Pascha;</strong></span> <span class='ocrx_word' id='word_1_382' title='bbox 1670 3561 1850 3616; x_wconf 87' lang='lat' dir='ltr'><strong>habita</strong></span> <span class='ocrx_word' id='word_1_383' title='bbox 1875 3561 2066 3617; x_wconf 91' lang='lat' dir='ltr'><strong>concio</strong></span> <span class='ocrx_word' id='word_1_384' title='bbox 2092 3561 2214 3624; x_wconf 79' lang='lat' dir='ltr'><strong>fuit,</strong></span> <span class='ocrx_word' id='word_1_385' title='bbox 2257 3566 2389 3618; x_wconf 69' lang='lat' dir='ltr'><strong>cur“</strong></span> <span class='ocrx_word' id='word_1_386' title='bbox 2430 3579 2497 3618; x_wconf 92' lang='lat' dir='ltr'><strong>ne</strong></span> <span class='ocrx_word' id='word_1_387' title='bbox 2547 3564 2773 3619; x_wconf 86' lang='lat' dir='ltr'><strong>verbum</strong></span> <span class='ocrx_word' id='word_1_388' title='bbox 2806 3565 3024 3634; x_wconf 88' lang='lat' dir='ltr'><strong>quidem</strong></span> <span class='ocrx_word' id='word_1_389' title='bbox 3067 3565 3136 3620; x_wconf 89' lang='lat' dir='ltr'><strong>de</strong></span> <span class='ocrx_word' id='word_1_390' title='bbox 3172 3580 3358 3620; x_wconf 67' lang='lat' dir='ltr'><strong>resuro</strong></span> 
     </span>
    </p>
   </div>
   <div class='ocr_carea' id='block_1_46' title="bbox 132 3675 3358 3750">
    <p class='ocr_par' dir='ltr' id='par_1_46' title="bbox 132 3675 3358 3750">
     <span class='ocr_line' id='line_1_46' title="bbox 132 3675 3358 3750; baseline 0.002 -22"><span class='ocrx_word' id='word_1_391' title='bbox 132 3677 365 3729; x_wconf 81' lang='lat' dir='ltr'><strong>rectione</strong></span> <span class='ocrx_word' id='word_1_392' title='bbox 398 3675 607 3728; x_wconf 90' lang='lat' dir='ltr'><strong>Domini</strong></span> <span class='ocrx_word' id='word_1_393' title='bbox 642 3675 696 3729; x_wconf 93' lang='lat' dir='ltr'><strong>in</strong></span> <span class='ocrx_word' id='word_1_394' title='bbox 746 3683 856 3729; x_wconf 90' lang='lat' dir='ltr'><strong>tota</strong></span> <span class='ocrx_word' id='word_1_395' title='bbox 893 3675 1110 3729; x_wconf 85' lang='lat' dir='ltr'><strong>humilia</strong></span> <span class='ocrx_word' id='word_1_396' title='bbox 1147 3675 1410 3730; x_wconf 85' lang='lat' dir='ltr'><strong>habetur?</strong></span> <span class='ocrx_word' id='word_1_397' title='bbox 1453 3676 1586 3730; x_wconf 86' lang='lat' dir='ltr'><strong>Nam</strong></span> <span class='ocrx_word' id='word_1_398' title='bbox 1629 3675 1732 3731; x_wconf 82' lang='lat' dir='ltr'><strong>etsi</strong></span> <span class='ocrx_word' id='word_1_399' title='bbox 1772 3675 1878 3731; x_wconf 92' lang='lat' dir='ltr'><strong>dici</strong></span> <span class='ocrx_word' id='word_1_400' title='bbox 1914 3676 2146 3732; x_wconf 77' lang='lat' dir='ltr'><strong>fortasse</strong></span> <span class='ocrx_word' id='word_1_401' title='bbox 2195 3679 2364 3744; x_wconf 88' lang='lat' dir='ltr'><strong>possit</strong></span> <span class='ocrx_word' id='word_1_402' title='bbox 2404 3677 2850 3750; x_wconf 84' lang='lat' dir='ltr'><strong>Chrysostomum</strong></span> <span class='ocrx_word' id='word_1_403' title='bbox 2897 3679 2986 3734; x_wconf 88' lang='lat' dir='ltr'><strong>illa</strong></span> <span class='ocrx_word' id='word_1_404' title='bbox 3019 3681 3127 3745; x_wconf 87' lang='lat' dir='ltr'><strong>die,</strong></span> <span class='ocrx_word' id='word_1_405' title='bbox 3177 3689 3237 3734; x_wconf 92' lang='lat' dir='ltr'><strong>ut</strong></span> <span class='ocrx_word' id='word_1_406' title='bbox 3274 3680 3358 3734; x_wconf 91' lang='lat' dir='ltr'><strong>in-</strong></span> 
     </span>
    </p>
   </div>
   <div class='ocr_carea' id='block_1_47' title="bbox 130 3789 3358 3866">
    <p class='ocr_par' dir='ltr' id='par_1_47' title="bbox 130 3789 3358 3866">
     <span class='ocr_line' id='line_1_47' title="bbox 130 3789 3358 3866; baseline 0.002 -22"><span class='ocrx_word' id='word_1_407' title='bbox 130 3790 494 3860; x_wconf 80' lang='lat' dir='ltr'><strong>dignationem</strong></span> <span class='ocrx_word' id='word_1_408' title='bbox 521 3806 675 3847; x_wconf 89' lang='lat' dir='ltr'><strong>suam</strong></span> <span class='ocrx_word' id='word_1_409' title='bbox 706 3791 759 3845; x_wconf 94' lang='lat' dir='ltr'><strong>in</strong></span> <span class='ocrx_word' id='word_1_410' title='bbox 787 3806 899 3856; x_wconf 91' lang='lat' dir='ltr'><strong>eos,</strong></span> <span class='ocrx_word' id='word_1_411' title='bbox 930 3790 1024 3860; x_wconf 87' lang='lat' dir='ltr'><strong>qui</strong></span> <span class='ocrx_word' id='word_1_412' title='bbox 1055 3791 1265 3846; x_wconf 75' lang='lat' dir='ltr'><strong>theatra</strong></span> <span class='ocrx_word' id='word_1_413' title='bbox 1311 3791 1501 3846; x_wconf 87' lang='lat' dir='ltr'><strong>diebus</strong></span> <span class='ocrx_word' id='word_1_414' title='bbox 1529 3790 1730 3846; x_wconf 87' lang='lat' dir='ltr'><strong>sanctis</strong></span> <span class='ocrx_word' id='word_1_415' title='bbox 1757 3789 2022 3858; x_wconf 90' lang='lat' dir='ltr'><strong>adierant,</strong></span> <span class='ocrx_word' id='word_1_416' title='bbox 2065 3800 2404 3857; x_wconf 81' lang='lat' dir='ltr'><strong>exoneraret,</strong></span> <span class='ocrx_word' id='word_1_417' title='bbox 2439 3794 2758 3848; x_wconf 90' lang='lat' dir='ltr'><strong>concionem</strong></span> <span class='ocrx_word' id='word_1_418' title='bbox 2793 3794 3065 3861; x_wconf 87' lang='lat' dir='ltr'><strong>habuisse,</strong></span> <span class='ocrx_word' id='word_1_419' title='bbox 3113 3795 3358 3866; x_wconf 86' lang='lat' dir='ltr'><strong>nihilque</strong></span> 
     </span>
    </p>
   </div>
   <div class='ocr_carea' id='block_1_48' title="bbox 127 3906 3354 3980">
    <p class='ocr_par' dir='ltr' id='par_1_48' title="bbox 127 3906 3354 3980">
     <span class='ocr_line' id='line_1_48' title="bbox 127 3906 3354 3980; baseline 0.001 -20"><span class='ocrx_word' id='word_1_420' title='bbox 127 3906 263 3962; x_wconf 88' lang='lat' dir='ltr'><strong>aliud</strong></span> <span class='ocrx_word' id='word_1_421' title='bbox 301 3909 595 3978; x_wconf 83' lang='lat' dir='ltr'><strong>cOgitasse,</strong></span> <span class='ocrx_word' id='word_1_422' title='bbox 627 3924 694 3963; x_wconf 89' lang='lat' dir='ltr'><strong>an</strong></span> <span class='ocrx_word' id='word_1_423' title='bbox 725 3908 906 3963; x_wconf 90' lang='lat' dir='ltr'><strong>decuit</strong></span> <span class='ocrx_word' id='word_1_424' title='bbox 936 3908 990 3962; x_wconf 92' lang='lat' dir='ltr'><strong>in</strong></span> <span class='ocrx_word' id='word_1_425' title='bbox 1019 3907 1108 3962; x_wconf 88' lang='lat' dir='ltr'><strong>die</strong></span> <span class='ocrx_word' id='word_1_426' title='bbox 1162 3915 1351 3963; x_wconf 88' lang='lat' dir='ltr'><strong>sancto</strong></span> <span class='ocrx_word' id='word_1_427' title='bbox 1392 3907 1614 3962; x_wconf 74' lang='lat' dir='ltr'><strong>Pascha:</strong></span> <span class='ocrx_word' id='word_1_428' title='bbox 1654 3908 1795 3962; x_wconf 90' lang='lat' dir='ltr'><strong>nihil</strong></span> <span class='ocrx_word' id='word_1_429' title='bbox 1842 3906 2066 3963; x_wconf 89' lang='lat' dir='ltr'><strong>omnino</strong></span> <span class='ocrx_word' id='word_1_430' title='bbox 2099 3907 2167 3962; x_wconf 91' lang='lat' dir='ltr'><strong>de</strong></span> <span class='ocrx_word' id='word_1_431' title='bbox 2221 3917 2368 3963; x_wconf 91' lang='lat' dir='ltr'><strong>tanta</strong></span> <span class='ocrx_word' id='word_1_432' title='bbox 2415 3909 2750 3977; x_wconf 86' lang='lat' dir='ltr'><strong>celebritate,</strong></span> <span class='ocrx_word' id='word_1_433' title='bbox 2792 3925 2860 3964; x_wconf 93' lang='lat' dir='ltr'><strong>ne</strong></span> <span class='ocrx_word' id='word_1_434' title='bbox 2889 3911 3116 3980; x_wconf 90' lang='lat' dir='ltr'><strong>carptim</strong></span> <span class='ocrx_word' id='word_1_435' title='bbox 3165 3911 3354 3965; x_wconf 88' lang='lat' dir='ltr'><strong>saltem</strong></span> 
     </span>
    </p>
   </div>
   <div class='ocr_carea' id='block_1_49' title="bbox 129 4023 3355 4096">
    <p class='ocr_par' dir='ltr' id='par_1_49' title="bbox 129 4023 3355 4096">
     <span class='ocr_line' id='line_1_49' title="bbox 129 4023 3355 4096; baseline -0 -17"><span class='ocrx_word' id='word_1_436' title='bbox 129 4023 299 4095; x_wconf 80' lang='lat' dir='ltr'><strong>loqui?</strong></span> <span class='ocrx_word' id='word_1_437' title='bbox 333 4025 392 4080; x_wconf 91' lang='lat' dir='ltr'><strong>Si</strong></span> <span class='ocrx_word' id='word_1_438' title='bbox 423 4041 554 4081; x_wconf 83' lang='lat' dir='ltr'><strong>vero</strong></span> <span class='ocrx_word' id='word_1_439' title='bbox 585 4026 640 4080; x_wconf 94' lang='lat' dir='ltr'><strong>in</strong></span> <span class='ocrx_word' id='word_1_440' title='bbox 679 4035 995 4096; x_wconf 89' lang='lat' dir='ltr'><strong>sequentem</strong></span> <span class='ocrx_word' id='word_1_441' title='bbox 1026 4026 1169 4081; x_wconf 91' lang='lat' dir='ltr'><strong>diem</strong></span> <span class='ocrx_word' id='word_1_442' title='bbox 1203 4024 1489 4080; x_wconf 82' lang='lat' dir='ltr'><strong>liomiliam</strong></span> <span class='ocrx_word' id='word_1_443' title='bbox 1537 4024 1837 4091; x_wconf 80' lang='lat' dir='ltr'><strong>mittamus,</strong></span> <span class='ocrx_word' id='word_1_444' title='bbox 1879 4023 1982 4079; x_wconf 85' lang='lat' dir='ltr'><strong>alia</strong></span> <span class='ocrx_word' id='word_1_445' title='bbox 2009 4033 2263 4096; x_wconf 78' lang='lat' dir='ltr'><strong>exsurget</strong></span> <span class='ocrx_word' id='word_1_446' title='bbox 2307 4024 2594 4080; x_wconf 75' lang='lat' dir='ltr'><strong>difﬁcultas</strong></span> <span class='ocrx_word' id='word_1_447' title='bbox 2627 4044 2639 4080; x_wconf 92' lang='lat'>:</span> <span class='ocrx_word' id='word_1_448' title='bbox 2673 4041 2784 4080; x_wconf 89' lang='lat' dir='ltr'><strong>non</strong></span> <span class='ocrx_word' id='word_1_449' title='bbox 2834 4025 2978 4080; x_wconf 90' lang='lat' dir='ltr'><strong>enim</strong></span> <span class='ocrx_word' id='word_1_450' title='bbox 3008 4035 3119 4080; x_wconf 89' lang='lat' dir='ltr'><strong>tres</strong></span> <span class='ocrx_word' id='word_1_451' title='bbox 3144 4035 3355 4080; x_wconf 90' lang='lat' dir='ltr'><strong>tantum</strong></span> 
     </span>
    </p>
   </div>
   <div class='ocr_carea' id='block_1_50' title="bbox 127 4143 3356 4217">
    <p class='ocr_par' dir='ltr' id='par_1_50' title="bbox 127 4143 3356 4217">
     <span class='ocr_line' id='line_1_50' title="bbox 127 4143 3356 4217; baseline 0.001 -20"><span class='ocrx_word' id='word_1_452' title='bbox 127 4145 257 4210; x_wconf 81' lang='lat' dir='ltr'><strong>dies,</strong></span> <span class='ocrx_word' id='word_1_453' title='bbox 289 4147 388 4201; x_wconf 84' lang='lat' dir='ltr'><strong>sed</strong></span> <span class='ocrx_word' id='word_1_454' title='bbox 429 4159 660 4216; x_wconf 84' lang='lat' dir='ltr'><strong>quatuor</strong></span> <span class='ocrx_word' id='word_1_455' title='bbox 691 4145 834 4217; x_wconf 88' lang='lat' dir='ltr'><strong>pleni</strong></span> <span class='ocrx_word' id='word_1_456' title='bbox 860 4155 912 4201; x_wconf 87' lang='lat' dir='ltr'><strong>et</strong></span> <span class='ocrx_word' id='word_1_457' title='bbox 943 4145 1161 4216; x_wconf 88' lang='lat' dir='ltr'><strong>integri,</strong></span> <span class='ocrx_word' id='word_1_458' title='bbox 1195 4143 1568 4210; x_wconf 90' lang='lat' dir='ltr'><strong>intercedent;</strong></span> <span class='ocrx_word' id='word_1_459' title='bbox 1622 4159 1810 4199; x_wconf 76' lang='lat' dir='ltr'><strong>verum</strong></span> <span class='ocrx_word' id='word_1_460' title='bbox 1855 4143 2084 4200; x_wconf 77' lang='lat' dir='ltr'><strong>fortasse</strong></span> <span class='ocrx_word' id='word_1_461' title='bbox 2123 4144 2541 4216; x_wconf 79' lang='lat' dir='ltr'><strong>Chrysostomus</strong></span> <span class='ocrx_word' id='word_1_462' title='bbox 2568 4155 2676 4200; x_wconf 89' lang='lat' dir='ltr'><strong>tres</strong></span> <span class='ocrx_word' id='word_1_463' title='bbox 2695 4146 2889 4201; x_wconf 85' lang='lat' dir='ltr'><strong>dixerit</strong></span> <span class='ocrx_word' id='word_1_464' title='bbox 2925 4146 3044 4200; x_wconf 90' lang='lat' dir='ltr'><strong>dies</strong></span> <span class='ocrx_word' id='word_1_465' title='bbox 3073 4161 3180 4200; x_wconf 90' lang='lat' dir='ltr'><strong>non</strong></span> <span class='ocrx_word' id='word_1_466' title='bbox 3223 4161 3356 4215; x_wconf 87' lang='lat' dir='ltr'><strong>sup-</strong></span> 
     </span>
    </p>
   </div>
   <div class='ocr_carea' id='block_1_51' title="bbox 130 4260 3356 4338">
    <p class='ocr_par' dir='ltr' id='par_1_51' title="bbox 130 4260 3356 4338">
     <span class='ocr_line' id='line_1_51' title="bbox 130 4260 3356 4338; baseline 0.001 -24"><span class='ocrx_word' id='word_1_467' title='bbox 130 4264 384 4330; x_wconf 86' lang='lat' dir='ltr'><strong>putando,</strong></span> <span class='ocrx_word' id='word_1_468' title='bbox 438 4263 533 4318; x_wconf 91' lang='lat' dir='ltr'><strong>sed</strong></span> <span class='ocrx_word' id='word_1_469' title='bbox 559 4263 780 4318; x_wconf 91' lang='lat' dir='ltr'><strong>circiter</strong></span> <span class='ocrx_word' id='word_1_470' title='bbox 810 4271 1020 4332; x_wconf 89' lang='lat' dir='ltr'><strong>tempus</strong></span> <span class='ocrx_word' id='word_1_471' title='bbox 1049 4261 1395 4334; x_wconf 90' lang='lat' dir='ltr'><strong>assignando,</strong></span> <span class='ocrx_word' id='word_1_472' title='bbox 1443 4260 1588 4332; x_wconf 90' lang='lat' dir='ltr'><strong>quod</strong></span> <span class='ocrx_word' id='word_1_473' title='bbox 1620 4261 1764 4334; x_wconf 87' lang='lat' dir='ltr'><strong>apud</strong></span> <span class='ocrx_word' id='word_1_474' title='bbox 1795 4261 1970 4332; x_wconf 89' lang='lat' dir='ltr'><strong>ipsum</strong></span> <span class='ocrx_word' id='word_1_475' title='bbox 2011 4276 2119 4316; x_wconf 91' lang='lat' dir='ltr'><strong>non</strong></span> <span class='ocrx_word' id='word_1_476' title='bbox 2160 4262 2434 4325; x_wconf 86' lang='lat' dir='ltr'><strong>insolitum</strong></span> <span class='ocrx_word' id='word_1_477' title='bbox 2469 4272 2571 4322; x_wconf 88' lang='lat' dir='ltr'><strong>est.</strong></span> <span class='ocrx_word' id='word_1_478' title='bbox 2605 4260 2759 4329; x_wconf 76' lang='lat' dir='ltr'><strong>Rem,</strong></span> <span class='ocrx_word' id='word_1_479' title='bbox 2799 4261 3035 4338; x_wconf 85' lang='lat' dir='ltr'><strong>alioquin</strong></span> <span class='ocrx_word' id='word_1_480' title='bbox 3080 4277 3188 4318; x_wconf 89' lang='lat' dir='ltr'><strong>non</strong></span> <span class='ocrx_word' id='word_1_481' title='bbox 3223 4263 3356 4317; x_wconf 88' lang='lat' dir='ltr'><strong>tanti</strong></span> 
     </span>
    </p>
   </div>
   <div class='ocr_carea' id='block_1_52' title="bbox 129 4375 1070 4444">
    <p class='ocr_par' dir='ltr' id='par_1_52' title="bbox 129 4375 1070 4444">
     <span class='ocr_line' id='line_1_52' title="bbox 129 4375 1070 4444; baseline 0 -16"><span class='ocrx_word' id='word_1_482' title='bbox 129 4378 410 4439; x_wconf 81' lang='lat' dir='ltr'><strong>momenti,</strong></span> <span class='ocrx_word' id='word_1_483' title='bbox 437 4376 656 4430; x_wconf 88' lang='lat' dir='ltr'><strong>dubiam</strong></span> <span class='ocrx_word' id='word_1_484' title='bbox 694 4375 1070 4444; x_wconf 87' lang='lat' dir='ltr'><strong>relinquimus.</strong></span> 
     </span>
    </p>
   </div>
   <div class='ocr_carea' id='block_1_53' title="bbox 181 4569 3354 4635">
    <p class='ocr_par' dir='ltr' id='par_1_53' title="bbox 181 4569 3354 4635">
     <span class='ocr_line' id='line_1_53' title="bbox 181 4569 3354 4635; baseline 0 -12"><span class='ocrx_word' id='word_1_485' title='bbox 181 4577 198 4594; x_wconf 85' lang='lat'><strong>&#39;</strong></span> <span class='ocrx_word' id='word_1_486' title='bbox 235 4591 254 4623; x_wconf 72' lang='grc' dir='ltr'>ι</span> <span class='ocrx_word' id='word_1_487' title='bbox 279 4577 416 4626; x_wconf 75' lang='lat' dir='ltr'><strong>Hanc</strong></span> <span class='ocrx_word' id='word_1_488' title='bbox 437 4575 780 4626; x_wconf 75' lang='lat' dir='ltr'><strong>diihcultatem</strong></span> <span class='ocrx_word' id='word_1_489' title='bbox 823 4573 968 4623; x_wconf 76' lang='lat' dir='ltr'><strong>facile</strong></span> <span class='ocrx_word' id='word_1_490' title='bbox 1011 4571 1249 4635; x_wconf 74' lang='lat' dir='ltr'><strong>expedire</strong></span> <span class='ocrx_word' id='word_1_491' title='bbox 1274 4569 1414 4632; x_wconf 85' lang='lat' dir='ltr'><strong>licet,</strong></span> <span class='ocrx_word' id='word_1_492' title='bbox 1451 4571 1596 4620; x_wconf 88' lang='lat' dir='ltr'><strong>modo</strong></span> <span class='ocrx_word' id='word_1_493' title='bbox 1633 4576 1780 4622; x_wconf 85' lang='lat' dir='ltr'><strong>antea</strong></span> <span class='ocrx_word' id='word_1_494' title='bbox 1803 4577 1993 4625; x_wconf 88' lang='lat' dir='ltr'><strong>certum</strong></span> <span class='ocrx_word' id='word_1_495' title='bbox 2018 4571 2101 4632; x_wconf 89' lang='lat' dir='ltr'><strong>sit,</strong></span> <span class='ocrx_word' id='word_1_496' title='bbox 2128 4573 2254 4622; x_wconf 88' lang='lat' dir='ltr'><strong>hanc</strong></span> <span class='ocrx_word' id='word_1_497' title='bbox 2288 4572 2539 4624; x_wconf 88' lang='lat' dir='ltr'><strong>homiliam</strong></span> <span class='ocrx_word' id='word_1_498' title='bbox 2583 4573 2796 4624; x_wconf 84' lang='lat' dir='ltr'><strong>habitam</strong></span> <span class='ocrx_word' id='word_1_499' title='bbox 2823 4587 2936 4624; x_wconf 85' lang='lat' dir='ltr'><strong>esse</strong></span> <span class='ocrx_word' id='word_1_500' title='bbox 2963 4575 3043 4628; x_wconf 85' lang='lat' dir='ltr'><strong>die</strong></span> <span class='ocrx_word' id='word_1_501' title='bbox 3080 4575 3354 4626; x_wconf 76' lang='lat' dir='ltr'><strong>Paschalis.</strong></span> 
     </span>
    </p>
   </div>
   <div class='ocr_carea' id='block_1_54' title="bbox 131 4657 3361 4726">
    <p class='ocr_par' dir='ltr' id='par_1_54' title="bbox 131 4657 3361 4726">
     <span class='ocr_line' id='line_1_54' title="bbox 131 4657 3361 4726; baseline -0 -16"><span class='ocrx_word' id='word_1_502' title='bbox 131 4657 207 4710; x_wconf 79' lang='lat' dir='ltr'><strong>Uti</strong></span> <span class='ocrx_word' id='word_1_503' title='bbox 242 4667 378 4712; x_wconf 85' lang='lat' dir='ltr'><strong>enim</strong></span> <span class='ocrx_word' id='word_1_504' title='bbox 403 4665 782 4726; x_wconf 75' lang='lat' dir='ltr'><strong>Chrysostomus</strong></span> <span class='ocrx_word' id='word_1_505' title='bbox 818 4663 1078 4726; x_wconf 76' lang='lat' dir='ltr'><strong>presbyter</strong></span> <span class='ocrx_word' id='word_1_506' title='bbox 1105 4657 1360 4711; x_wconf 87' lang='lat' dir='ltr'><strong>multoties</strong></span> <span class='ocrx_word' id='word_1_507' title='bbox 1385 4666 1494 4723; x_wconf 88' lang='lat' dir='ltr'><strong>post</strong></span> <span class='ocrx_word' id='word_1_508' title='bbox 1517 4659 1802 4724; x_wconf 84' lang='lat' dir='ltr'><strong>episcopum</strong></span> <span class='ocrx_word' id='word_1_509' title='bbox 1846 4665 1901 4709; x_wconf 89' lang='lat' dir='ltr'><strong>et</strong></span> <span class='ocrx_word' id='word_1_510' title='bbox 1936 4660 2058 4710; x_wconf 82' lang='lat' dir='ltr'><strong>alios</strong></span> <span class='ocrx_word' id='word_1_511' title='bbox 2079 4660 2257 4708; x_wconf 90' lang='lat' dir='ltr'><strong>eodem</strong></span> <span class='ocrx_word' id='word_1_512' title='bbox 2274 4661 2358 4709; x_wconf 89' lang='lat' dir='ltr'><strong>die</strong></span> <span class='ocrx_word' id='word_1_513' title='bbox 2387 4673 2443 4714; x_wconf 81' lang='lat' dir='ltr'><strong>ac</strong></span> <span class='ocrx_word' id='word_1_514' title='bbox 2466 4660 2697 4710; x_wconf 90' lang='lat' dir='ltr'><strong>continuo</strong></span> <span class='ocrx_word' id='word_1_515' title='bbox 2719 4659 2767 4709; x_wconf 88' lang='lat' dir='ltr'><strong>in</strong></span> <span class='ocrx_word' id='word_1_516' title='bbox 2795 4659 3006 4710; x_wconf 84' lang='lat' dir='ltr'><strong>ecclesia</strong></span> <span class='ocrx_word' id='word_1_517' title='bbox 3043 4660 3217 4710; x_wconf 86' lang='lat' dir='ltr'><strong>habuit</strong></span> <span class='ocrx_word' id='word_1_518' title='bbox 3238 4673 3361 4710; x_wconf 86' lang='lat' dir='ltr'><strong>con-</strong></span> 
     </span>
    </p>
   </div>
   <div class='ocr_carea' id='block_1_55' title="bbox 130 4741 3359 4808">
    <p class='ocr_par' dir='ltr' id='par_1_55' title="bbox 130 4741 3359 4808">
     <span class='ocr_line' id='line_1_55' title="bbox 130 4741 3359 4808; baseline 0 -16"><span class='ocrx_word' id='word_1_519' title='bbox 130 4750 335 4806; x_wconf 73' lang='lat' dir='ltr'><strong>cionem,</strong></span> <span class='ocrx_word' id='word_1_520' title='bbox 362 4749 409 4796; x_wconf 95' lang='lat' dir='ltr'><strong>id</strong></span> <span class='ocrx_word' id='word_1_521' title='bbox 427 4748 558 4808; x_wconf 90' lang='lat' dir='ltr'><strong>quod</strong></span> <span class='ocrx_word' id='word_1_522' title='bbox 583 4761 646 4796; x_wconf 79' lang='lat' dir='ltr'><strong>ex</strong></span> <span class='ocrx_word' id='word_1_523' title='bbox 671 4751 780 4808; x_wconf 87' lang='lat' dir='ltr'><strong>ejus</strong></span> <span class='ocrx_word' id='word_1_524' title='bbox 813 4743 1124 4796; x_wconf 78' lang='lat' dir='ltr'><strong>semionibus</strong></span> <span class='ocrx_word' id='word_1_525' title='bbox 1149 4748 1352 4808; x_wconf 85' lang='lat' dir='ltr'><strong>apparet</strong></span> <span class='ocrx_word' id='word_1_526' title='bbox 1374 4758 1385 4790; x_wconf 88' lang='lat'>:</span> <span class='ocrx_word' id='word_1_527' title='bbox 1411 4744 1480 4793; x_wconf 88' lang='lat' dir='ltr'><strong>ita</strong></span> <span class='ocrx_word' id='word_1_528' title='bbox 1507 4743 1600 4792; x_wconf 88' lang='lat' dir='ltr'><strong>hoc</strong></span> <span class='ocrx_word' id='word_1_529' title='bbox 1621 4741 1772 4792; x_wconf 83' lang='lat' dir='ltr'><strong>etiam</strong></span> <span class='ocrx_word' id='word_1_530' title='bbox 1794 4744 1876 4791; x_wconf 88' lang='lat' dir='ltr'><strong>die</strong></span> <span class='ocrx_word' id='word_1_531' title='bbox 1899 4745 2027 4793; x_wconf 88' lang='lat' dir='ltr'><strong>alius</strong></span> <span class='ocrx_word' id='word_1_532' title='bbox 2046 4753 2157 4806; x_wconf 79' lang='lat' dir='ltr'><strong>post</strong></span> <span class='ocrx_word' id='word_1_533' title='bbox 2183 4757 2296 4792; x_wconf 90' lang='lat' dir='ltr'><strong>eum</strong></span> <span class='ocrx_word' id='word_1_534' title='bbox 2318 4741 2625 4806; x_wconf 87' lang='lat' dir='ltr'><strong>episcopum,</strong></span> <span class='ocrx_word' id='word_1_535' title='bbox 2644 4747 2750 4793; x_wconf 85' lang='lat' dir='ltr'><strong>sive</strong></span> <span class='ocrx_word' id='word_1_536' title='bbox 2777 4745 3056 4806; x_wconf 79' lang='lat' dir='ltr'><strong>presbyter,</strong></span> <span class='ocrx_word' id='word_1_537' title='bbox 3085 4747 3189 4793; x_wconf 85' lang='lat' dir='ltr'><strong>sive</strong></span> <span class='ocrx_word' id='word_1_538' title='bbox 3211 4745 3359 4804; x_wconf 86' lang='lat' dir='ltr'><strong>alius,</strong></span> 
     </span>
    </p>
   </div>
   <div class='ocr_carea' id='block_1_56' title="bbox 131 4823 3359 4892">
    <p class='ocr_par' dir='ltr' id='par_1_56' title="bbox 131 4823 3359 4892">
     <span class='ocr_line' id='line_1_56' title="bbox 131 4823 3359 4892; baseline 0.001 -17"><span class='ocrx_word' id='word_1_539' title='bbox 131 4831 394 4881; x_wconf 78' lang='lat' dir='ltr'><strong>orationem</strong></span> <span class='ocrx_word' id='word_1_540' title='bbox 433 4835 495 4881; x_wconf 87' lang='lat' dir='ltr'><strong>de</strong></span> <span class='ocrx_word' id='word_1_541' title='bbox 535 4831 722 4881; x_wconf 81' lang='lat' dir='ltr'><strong>Pascha</strong></span> <span class='ocrx_word' id='word_1_542' title='bbox 745 4829 930 4878; x_wconf 82' lang='lat' dir='ltr'><strong>habere</strong></span> <span class='ocrx_word' id='word_1_543' title='bbox 954 4830 1136 4892; x_wconf 90' lang='lat' dir='ltr'><strong>potuit,</strong></span> <span class='ocrx_word' id='word_1_544' title='bbox 1165 4832 1419 4891; x_wconf 85' lang='lat' dir='ltr'><strong>postquam</strong></span> <span class='ocrx_word' id='word_1_545' title='bbox 1459 4829 1567 4887; x_wconf 89' lang='lat' dir='ltr'><strong>lpse</strong></span> <span class='ocrx_word' id='word_1_546' title='bbox 1588 4823 1806 4887; x_wconf 79' lang='lat' dir='ltr'><strong>graviter</strong></span> <span class='ocrx_word' id='word_1_547' title='bbox 1827 4831 1999 4878; x_wconf 82' lang='lat' dir='ltr'><strong>contra</strong></span> <span class='ocrx_word' id='word_1_548' title='bbox 2039 4827 2316 4888; x_wconf 86' lang='lat' dir='ltr'><strong>spectacula</strong></span> <span class='ocrx_word' id='word_1_549' title='bbox 2341 4831 2394 4875; x_wconf 90' lang='lat' dir='ltr'><strong>et</strong></span> <span class='ocrx_word' id='word_1_550' title='bbox 2433 4826 2624 4874; x_wconf 87' lang='lat' dir='ltr'><strong>theatra</strong></span> <span class='ocrx_word' id='word_1_551' title='bbox 2651 4827 2963 4889; x_wconf 88' lang='lat' dir='ltr'><strong>disputasset.</strong></span> <span class='ocrx_word' id='word_1_552' title='bbox 3003 4827 3173 4876; x_wconf 86' lang='lat' dir='ltr'><strong>Habeo</strong></span> <span class='ocrx_word' id='word_1_553' title='bbox 3197 4825 3250 4876; x_wconf 90' lang='lat' dir='ltr'><strong>in</strong></span> <span class='ocrx_word' id='word_1_554' title='bbox 3271 4827 3359 4882; x_wconf 76' lang='lat' dir='ltr'><strong>hac</strong></span> 
     </span>
    </p>
   </div>
   <div class='ocr_carea' id='block_1_57' title="bbox 131 4904 3362 4976">
    <p class='ocr_par' dir='ltr' id='par_1_57' title="bbox 131 4904 3362 4976">
     <span class='ocr_line' id='line_1_57' title="bbox 131 4904 3362 4976; baseline 0 -17"><span class='ocrx_word' id='word_1_555' title='bbox 131 4921 182 4959; x_wconf 77' lang='lat' dir='ltr'><strong>re</strong></span> <span class='ocrx_word' id='word_1_556' title='bbox 207 4914 605 4964; x_wconf 80' lang='lat' dir='ltr'><strong>consentientem</strong></span> <span class='ocrx_word' id='word_1_557' title='bbox 638 4915 797 4976; x_wconf 83' lang='lat' dir='ltr'><strong>ipsum</strong></span> <span class='ocrx_word' id='word_1_558' title='bbox 821 4906 1265 4959; x_wconf 70' lang='lat' dir='ltr'><strong>Houtefalconium.</strong></span> <span class='ocrx_word' id='word_1_559' title='bbox 1292 4904 1417 4956; x_wconf 83' lang='lat' dir='ltr'><strong>Vide</strong></span> <span class='ocrx_word' id='word_1_560' title='bbox 1443 4912 1558 4955; x_wconf 83' lang='lat' dir='ltr'><strong>tom.</strong></span> <span class='ocrx_word' id='word_1_561' title='bbox 1585 4905 1648 4966; x_wconf 75' lang='grc' dir='ltr'><strong>γ,</strong></span> <span class='ocrx_word' id='word_1_562' title='bbox 1670 4921 1718 4968; x_wconf 83' lang='grc' dir='ltr'><strong>ρ.</strong></span> <span class='ocrx_word' id='word_1_563' title='bbox 1748 4906 1852 4966; x_wconf 88' lang='lat' dir='ltr'><strong>ll8,</strong></span> <span class='ocrx_word' id='word_1_564' title='bbox 1879 4905 2017 4960; x_wconf 85' lang='lat' dir='ltr'><strong>not.b</strong></span> <span class='ocrx_word' id='word_1_565' title='bbox 2049 4943 2061 4956; x_wconf 93' lang='lat'><strong>.</strong></span> <span class='ocrx_word' id='word_1_566' title='bbox 2091 4922 2110 4954; x_wconf 74' lang='grc' dir='ltr'><strong><em>ι</em></strong></span> <span class='ocrx_word' id='word_1_567' title='bbox 2138 4907 2253 4957; x_wconf 73' lang='lat' dir='ltr'><strong>Haec</strong></span> <span class='ocrx_word' id='word_1_568' title='bbox 2287 4907 2371 4957; x_wconf 85' lang='lat' dir='ltr'><strong>Ch.</strong></span> <span class='ocrx_word' id='word_1_569' title='bbox 2397 4907 2478 4957; x_wconf 80' lang='lat' dir='ltr'><strong>Fr.</strong></span> <span class='ocrx_word' id='word_1_570' title='bbox 2513 4907 2726 4957; x_wconf 73' lang='lat' dir='ltr'><strong>Matthmi</strong></span> <span class='ocrx_word' id='word_1_571' title='bbox 2762 4909 2810 4957; x_wconf 91' lang='lat' dir='ltr'><strong>in</strong></span> <span class='ocrx_word' id='word_1_572' title='bbox 2835 4908 2962 4959; x_wconf 87' lang='lat' dir='ltr'><strong>libro</strong></span> <span class='ocrx_word' id='word_1_573' title='bbox 2991 4908 3078 4972; x_wconf 87' lang='lat' dir='ltr'><strong>qui</strong></span> <span class='ocrx_word' id='word_1_574' title='bbox 3101 4913 3362 4974; x_wconf 82' lang='lat' dir='ltr'><strong>inscriptus</strong></span> 
     </span>
    </p>
   </div>
   <div class='ocr_carea' id='block_1_58' title="bbox 135 4989 3358 5062">
    <p class='ocr_par' dir='ltr' id='par_1_58' title="bbox 135 4989 3358 5062">
     <span class='ocr_line' id='line_1_58' title="bbox 135 4989 3358 5062; baseline 0.002 -22"><span class='ocrx_word' id='word_1_575' title='bbox 135 5000 205 5040; x_wconf 78' lang='lat' dir='ltr'><strong>est</strong></span> <span class='ocrx_word' id='word_1_576' title='bbox 224 5015 237 5042; x_wconf 94' lang='lat'><strong>-.</strong></span> <span class='ocrx_word' id='word_1_577' title='bbox 263 4996 321 5044; x_wconf 83' lang='lat' dir='ltr'><strong>J.</strong></span> <span class='ocrx_word' id='word_1_578' title='bbox 345 4993 665 5062; x_wconf 75' lang='lat' dir='ltr'><strong>Chrywswmi</strong></span> <span class='ocrx_word' id='word_1_579' title='bbox 690 4991 920 5048; x_wconf 58' lang='lat' dir='ltr'><strong>Homilies</strong></span> <span class='ocrx_word' id='word_1_580' title='bbox 936 4992 1020 5057; x_wconf 81' lang='lat' dir='ltr'><strong>IV,</strong></span> <span class='ocrx_word' id='word_1_581' title='bbox 1045 4991 1141 5044; x_wconf 83' lang='lat' dir='ltr'><strong>vol.</strong></span> <span class='ocrx_word' id='word_1_582' title='bbox 1166 4991 1214 5055; x_wconf 70' lang='lat'><strong>3,</strong></span> <span class='ocrx_word' id='word_1_583' title='bbox 1238 5003 1285 5057; x_wconf 89' lang='lat' dir='ltr'><strong>p.</strong></span> <span class='ocrx_word' id='word_1_584' title='bbox 1310 4989 1388 5052; x_wconf 83' lang='lat'><strong>77,</strong></span> <span class='ocrx_word' id='word_1_585' title='bbox 1418 4989 1638 5054; x_wconf 69' lang='lat' dir='ltr'><strong>kllseuae,</strong></span> <span class='ocrx_word' id='word_1_586' title='bbox 1671 4990 1803 5041; x_wconf 73' lang='lat'><strong>[192.</strong></span> <span class='ocrx_word' id='word_1_587' title='bbox 1833 4990 2021 5056; x_wconf 82' lang='lat' dir='ltr'><strong>Quibus</strong></span> <span class='ocrx_word' id='word_1_588' title='bbox 2039 4990 2164 5045; x_wconf 87' lang='lat' dir='ltr'><strong>adde</strong></span> <span class='ocrx_word' id='word_1_589' title='bbox 2187 4990 2352 5042; x_wconf 70' lang='lat' dir='ltr'><strong>Menti.</strong></span> <span class='ocrx_word' id='word_1_590' title='bbox 2385 4991 2528 5042; x_wconf 68' lang='lat' dir='ltr'><strong>Praf.</strong></span> <span class='ocrx_word' id='word_1_591' title='bbox 2555 4990 2674 5044; x_wconf 87' lang='lat' dir='ltr'><strong>tomi</strong></span> <span class='ocrx_word' id='word_1_592' title='bbox 2696 4993 2859 5056; x_wconf 83' lang='lat' dir='ltr'><strong>hujus,</strong></span> <span class='ocrx_word' id='word_1_593' title='bbox 2886 4993 3004 5058; x_wconf 62' lang='lat' dir='ltr'><strong>ui,</strong></span> <span class='ocrx_word' id='word_1_594' title='bbox 3028 4998 3358 5060; x_wconf 76' lang='lat' dir='ltr'><strong>eamdemque</strong></span> 
     </span>
    </p>
   </div>
   <div class='ocr_carea' id='block_1_59' title="bbox 133 5080 582 5149">
    <p class='ocr_par' dir='ltr' id='par_1_59' title="bbox 133 5080 582 5149">
     <span class='ocr_line' id='line_1_59' title="bbox 133 5080 582 5149; baseline 0.016 -19"><span class='ocrx_word' id='word_1_595' title='bbox 133 5086 245 5131; x_wconf 71' lang='lat' dir='ltr'><strong>tam.</strong></span> <span class='ocrx_word' id='word_1_596' title='bbox 277 5080 382 5147; x_wconf 76' lang='lat' dir='ltr'><strong>XII,</strong></span> <span class='ocrx_word' id='word_1_597' title='bbox 403 5098 450 5149; x_wconf 86' lang='lat' dir='ltr'><strong>p.</strong></span> <span class='ocrx_word' id='word_1_598' title='bbox 471 5084 582 5137; x_wconf 75' lang='lat'><strong>521.</strong></span> 
     </span>
    </p>
   </div>
  </div>
