4038 6204
607 288 725 348 ’287

624 419 805 465 minus
825 452 841 478 ,
888 410 1258 481 perturbamur
1287 427 1300 462 :
1332 419 1389 465 tu
1432 425 1560 466 vero
1599 424 1828 480 superne
1859 408 2086 474 sedens,
2115 405 2204 460 ubi

611 517 828 562 «tantum
868 515 950 561 est
970 506 1034 559 ad
1059 505 1433 576 turpitudinem
1465 506 1886 570 incitamentum,
1919 501 2070 558 vides
2091 517 2208 556 mu-

629 600 808 652 lierent
831 597 904 670 (η)
936 599 1076 652 nudo
1095 599 1269 668 capite
1293 612 1412 652 cum
1443 597 1766 667 impudentia
1796 610 1983 664 magna
2004 595 2208 648 intran-

615 701 731 745 tem
759 732 774 755 ,
807 690 982 745 aureis
1037 690 1272 744 indutam
1315 687 1666 751 vestimentis,
1697 687 1926 742 delicato
1955 682 2207 754 mollique

625 796 774 856 gestu
803 773 1280 849 nteutem,cantica
1313 780 1608 836 meretricia
1649 787 1950 843 canentem,
1971 776 2206 831 carmina

637 878 859 942 luhrira,
891 875 1060 945 turpia
1107 874 1269 929 verba
1313 871 1695 944 proferentem,
1727 881 1941 940 tamque
1985 868 2209 937 turpiter

627 979 906 1041 agentem,
954 983 1112 1038 quam
1156 976 1213 1021 tu
1261 976 1412 1036 potes
1438 965 1527 1035 qui
1571 962 1719 1018 vides
1746 963 1797 1016 in
1829 969 2007 1016 mente
2032 957 2212 1013 conci-

631 1076 778 1129 perc,
814 1069 866 1113 tu
910 1067 964 1114 te
995 1057 1215 1112 iuclinas
1245 1065 1304 1111 ut
1349 1055 1602 1125 respicias
1624 1095 1639 1120 ,
1668 1062 1722 1109 et
1763 1051 1927 1106 audes
1953 1049 2130 1104 dicere
2159 1055 2209 1103 te

629 1152 762 1207 nihil
794 1152 1079 1205 humanum
1104 1149 1253 1219 pati?
1281 1147 1416 1203 Num
1456 1161 1652 1216 corpus
1694 1154 1842 1200 tuum
1871 1143 2036 1213 lapis,
2082 1156 2208 1195 num

629 1243 826 1300 ferrum
848 1244 971 1299 ‘est?
1012 1241 1196 1312 Neque
1237 1241 1378 1296 enim
1408 1238 1595 1294 eadem
1641 1248 1885 1308 repetere
1927 1234 2204 1306 gravabor.

630 1333 893 1403 Numquid
926 1343 979 1387 tu
1019 1332 1222 1401 majore
1248 1328 1582 1400 philosophia
1610 1327 1900 1382 instruetus
1927 1339 1987 1380 es
2012 1366 2027 1391 ,
2049 1337 2208 1394 quam

619 1428 802 1498 'mngui
832 1426 904 1480 illi
935 1440 996 1479 ac
1023 1424 1225 1479 strenui
1249 1422 1366 1486 viri,
1389 1421 1475 1492 qui
1501 1436 1594 1492 per
1615 1419 1910 1489 simplicem
1935 1427 2210 1486 aspectum

629 1519 882 1590 prostrati
905 1517 1071 1572 sunt?
1107 1518 1296 1572 Annon
1318 1513 1511 1568 audisti
1542 1512 1881 1584 Salo‘monem
1907 1510 2167 1564 dicentem
2193 1523 2209 1562 :

633 1609 941 1682 Ambulubit
975 1610 1091 1678 quis
1124 1622 1280 1677 super
1321 1607 1577 1659 carbones
1620 1603 1789 1673 ignis,
1830 1611 1880 1655 et
1914 1599 2068 1670 pedes
2107 1613 2212 1651 non

615 1702 936 1758 .comburet?
967 1699 1175 1771 Ligabit
1208 1700 1326 1770 quis
1357 1699 1530 1768 ignem
1561 1697 1615 1750 in
1651 1696 1795 1760 sinu,
1828 1703 1877 1748 et
1906 1692 2214 1748 vestimenta

625 1813 736 1851 non
772 1794 1048 1851 intendet?
1080 1791 1174 1848 'Sic
1214 1793 1304 1863 qui
1341 1785 1635 1862 ingreditur
1669 1789 1738 1842 ad
1775 1787 2046 1841 mulierem
2084 1782 2216 1837 alie-

614 1906 756 1944 suam
790 1887 974 1960 (Prov.
1000 1887 1058 1944 6.
1090 1887 1184 1942 28.
1211 1885 1302 1941 27.
1334 1893 1386 1940 et
1417 1883 1531 1956 29).
1564 1881 1680 1939 Etsi
1705 1880 1851 1938 enim
1874 1893 2002 1935 cum
2033 1891 2214 1933 mere-

623 1978 766 2031 =trice
803 1991 907 2030 non
939 1973 1167 2035 coivisti,
1197 1983 1250 2026 at
1273 1969 1708 2040 concupiscentia
1734 1983 1854 2022 cum
1881 1969 1964 2022 illa
1991 1967 2212 2037 copula-

610 2077 717 2123 -1us
745 2082 805 2123 es
825 2109 840 2133 ,
867 2075 920 2122 et
946 2067 1123 2120 animo
1145 2071 1416 2134 peccatum
1442 2061 1778 2132 perpetrasti.
1798 2058 1981 2129 Neque
2008 2066 2213 2113 tantum

639 2161 730 2216 illo
757 2170 1027 2229 tempore,
1052 2171 1236 2211 verum
1265 2154 1425 2209 etiam
1468 2153 1644 2207 soluto
1674 2150 1908 2214 theatro,
1935 2157 2214 2219 postquam

636 2248 723 2306 illa
751 2249 1014 2314 discessit,
1047 2247 1163 2316 ejus
1203 2246 1378 2315 imngo
1408 2245 1460 2299 in
1507 2251 1683 2298 mente
1714 2251 1801 2296 tua
1846 2239 2059 2304 insidet,
2094 2253 2213 2294 ver-

617 2344 724 2406 vba,
759 2341 993 2404 habitus,
1020 2347 1290 2409 aSpectus,
1317 2337 1557 2391 incessus
1579 2375 1594 2399 ,
1627 2332 1887 2402 elegantia
1918 2331 2013 2400 (Ir),
2043 2344 2216 2384 mem-

634 2436 728 2490 bra
753 2431 1053 2488 meretricia
1093 2428 1172 2500 (c)
1201 2445 1216 2492 ;
1249 2441 1312 2482 ac
1332 2424 1602 2481 sexcentis
1640 2421 1872 2492 acceptis
1900 2421 2213 2476 vulneribus

631 2522 885 2580 discedis.
919 2524 1108 2576 Annon
1139 2517 1260 2572 inde
1279 2517 1558 2571 domorum
1595 2510 2008 2567 subversiones?
2034 2524 2213 2565 annon

636 2615 760 2670 inde
789 2610 1129 2666 continentiae
1155 2605 1456 2678 pernicies?
1479 2617 1654 2658 annon
1682 2601 1806 2657 inde
1829 2599 2215 2656 connubiorum

632 2704 859 2760 divortia
886 2703 907 2755 ’ξ
940 2715 1115 2755 annon
1144 2697 1267 2752 inde
1295 2697 1413 2750 lites
1437 2703 1493 2750 et
1511 2693 1682 2764 iurgia
1704 2693 1728 2746 ?
1748 2707 1924 2746 annon
1953 2690 2076 2746 inde
2103 2705 2220 2745 mo-

638 2796 802 2850 lt-s‘tiae
831 2801 884 2847 et
929 2790 1081 2844 tmdia
1131 2787 1271 2842 nulla
1299 2788 1505 2841 ratione
1546 2783 1725 2840 fulta?
1758 2783 2044 2854 Postquam
2073 2783 2214 2837 enim

625 2891 724 2944 illa
748 2887 983 2957 replt-tns
1009 2881 1214 2938 rediisti
1242 2879 1501 2950 captivus,
1531 2877 1624 2933 tibi
1651 2892 1785 2932 uxor
1805 2874 2139 2946 injucundior
2163 2883 2218 2929 et

640 2979 929 3034 deformior
955 2975 1182 3033 videtur.
1223 2980 1276 3026 et
1302 2969 1454 3025 liberi
1492 2967 1927 3040 importuniores,
1957 2975 2011 3022 et
2037 2963 2217 3019 famuli

636 3070 871 3137 onerosi,
899 3068 1088 3122 domus
1110 3064 1319 3119 fastidio
1346 3071 1446 3128 est,
1475 3061 1748 3130 solitaeque
1776 3072 1916 3114 cura:
1940 3061 2006 3112 ad
2029 3056 2216 3112 dome-

638 3166 767 3218 stica
814 3159 1221 3227 necessarioque
1265 3154 1473 3224 negotia
1521 3150 1752 3223 gerenda
1802 3149 2041 3204 molesta:
2088 3165 2100 3199 :
2155 3161 2218 3201 ac

643 3253 880 3325 quisquis
914 3249 1117 3306 accedit
1146 3246 1296 3303 oneri
1330 3245 1420 3300 tibi
1449 3253 1606 3314 atque
1649 3243 1983 3312 importunus
2008 3247 2108 3294 est.

706 3347 762 3401 5.
789 3345 841 3398 In
873 3357 1032 3398 causa
1061 3349 1237 3395 autem
1270 3338 1395 3392 illud
1430 3345 1531 3402 est,
1551 3334 1690 3405 quod
1717 3348 1821 3388 non
1843 3332 1988 3387 solus
2002 3330 2218 3386 domum

627 3438 830 3494 tredeas
855 3475 870 3500 ,
899 3433 993 3488 sed
1037 3430 1370 3487 meretricem
1405 3436 1574 3482 tecum
1626 3424 1790 3480 ducas
1832 3441 1844 3477 :
1879 3437 1982 3477 non
2007 3421 2178 3492 palam
2199 3462 2215 3486 ,
2254 3462 2257 3463 ν

645 3546 743 3588 non
785 3535 1010 3599 aperte;
1043 3524 1095 3578 id
1143 3522 1285 3593 quod
1331 3535 1462 3575 sane
1511 3517 1837 3573 tolerabilius
1880 3523 2060 3578 esset;
2095 3529 2218 3567 nam

639 3637 772 3676 uxor
801 3620 941 3674 illam
961 3617 1067 3672 cito
1082 3613 1372 3684 depelleret
1400 3630 1411 3664 :
1445 3610 1536 3666 sed
1561 3610 1611 3663 in
1638 3608 1835 3674 animo,
1863 3607 1914 3661 in
1937 3605 2217 3662 conscien-

639 3717 707 3769 tia
729 3711 1067 3774 insidentem,
1094 3716 1148 3763 et
1175 3699 1551 3776 Babylonicum
1577 3701 1842 3755 flammam
1873 3700 2014 3754 intus
2032 3707 2221 3754 accen-

622 3806 889 3867 dentent;
930 3802 1037 3855 imo
1077 3799 1376 3870 graviorem
1406 3814 1418 3847 :
1453 3810 1556 3848 non
1593 3792 1737 3848 enim
1767 3801 1953 3862 stupa,
1985 3791 2219 3862 naphtha

621 3908 691 3952 net
715 3897 825 3967 pix.
857 3893 949 3948 sed
978 3907 1096 3962 qum
1125 3904 1285 3960 supra
1312 3887 1562 3949 diximus,
1588 3887 1708 3940 esca
1741 3883 1882 3938 illius
1911 3883 2047 3954 ignis
2070 3891 2215 3947 sunt,

638 3998 693 4044 et
719 3987 895 4040 omnia
923 3997 1014 4038 sus
1042 3983 1213 4052 deque
1239 3987 1471 4034 vertunt.
1498 3981 1572 4031 Ac
1599 3975 2043 4046 quemadmodum
2075 3974 2109 4028 ii
2130 3974 2218 4044 qui

638 4082 771 4138 febri
799 4079 1061 4144 laborant,
1090 4077 1188 4131 etsi
1213 4074 1408 4128 nullam
1433 4086 1525 4126 eos
1546 4070 1633 4141 qui
1662 4070 1762 4125 sibi
1789 4069 2098 4124 ministrant
2117 4069 2221 4124 cri-

627 4172 874 4231 minandi
915 4185 1129 4227 causam
1181 4167 1446 4230 habeant,
1478 4163 1546 4218 ob
1587 4162 1757 4216 morbi
1786 4162 1890 4216 vim
1932 4161 2219 4231 importuni

639 4266 890 4323 omnibus
918 4270 1042 4317 sunt
1066 4303 1078 4323 ,
1109 4258 1358 4313 alimenta
1382 4254 1671 4325 repellunt,
1699 4251 1936 4308 medicos
1968 4251 2106 4306 male
2126 4265 2217 4307 ac-

640 4359 846 4430 cipiunt
874 4353 978 4425 (d),
1012 4349 1353 4406 familiaribus
1397 4347 1732 4409 irascuntur,
1775 4351 1957 4398 contra
1996 4341 2219 4396 famulos

639 4452 789 4508 rabie
820 4450 1095 4502 feruntur:
1127 4443 1205 4497 sic
1233 4441 1321 4510 qni
1364 4439 1466 4496 hoc
1508 4437 1653 4508 gravi
1699 4434 1887 4489 morbo
1923 4441 2172 4488 tenentur
2199 4471 2215 4498 ,

637 4535 868 4607 inquieti
890 4548 1035 4599 sunt,
1073 4534 1444 4604 indignantur,
1477 4544 1693 4598 semper
1721 4527 1864 4580 illam
1901 4539 2013 4595 prae
2042 4522 2216 4579 oculis

641 4631 921 4687 habentes.
965 4624 1010 4680 Ο
1051 4640 1138 4680 res
1182 4621 1613 4693 indignissimasl
1659 4619 1860 4687 Lupus,
1904 4617 2010 4682 leo,
2059 4624 2219 4671 caete-

639 4737 824 4794 raeque
868 4720 997 4775 ferae
1041 4716 1249 4789 sagittis
1293 4713 1551 4783 impetitae
1600 4709 1816 4780 fugiunt
1864 4716 2214 4763 venatorem:

644 4819 809 4871 homo
828 4822 1008 4868 autem
1032 4809 1242 4864 ratione
1266 4804 1546 4877 prmditus,
1582 4802 1915 4864 vulneratus,
1953 4814 2073 4852 eam
2097 4814 2220 4868 qua:

646 4909 820 4976 ipsum
846 4899 1148 4959 vulneravit
1164 4895 1428 4966 sequitur,
1449 4893 1524 4948 ita
1548 4902 1608 4948 ιιι
1638 4892 1793 4961 longe
1815 4889 2030 4960 gravius
2054 4889 2221 4944 telum

646 4995 894 5065 excipiat,
925 5005 980 5048 ct
1003 4994 1053 5047 in
1078 4991 1302 5046 vulnere
1332 4987 1432 5043 sibi
1463 4987 1699 5056 placeat;
1721 4982 1862 5053 quod
1880 4991 1961 5036 est
1979 4981 2222 5036 omnium

649 5087 1076 5147 accrlussl‘tnunt,
1106 5083 1463 5148 ntorhumque
1491 5074 1841 5130 insanabilem
1875 5072 2055 5127 efficit.
2087 5072 2221 5126 Nam

702 5242 780 5301 (a)
817 5239 869 5286 ln
892 5244 1071 5301 Grzecn,
1097 5247 1240 5301 εᾳρνην,
1262 5234 1352 5281 hoc
1376 5237 1470 5287 est,
1496 5225 1807 5301 meretricem.
1830 5226 1924 5301 Sig.
1949 5223 2217 5301 theatrales

641 5285 1475 5368 rtsgi‘tias_appellat'_Clit'isoswmus.
1497 5297 1624 5348 Mox,
1645 5289 1775 5337 nudo
1798 5285 1986 5350 capite;
2011 5288 2060 5336 id
2083 5290 2214 5338 enim

639 5357 750 5415 υιιῖη
775 5357 1052 5412 indecerum
1069 5357 1354 5406 habebatur.

703 5407 856 5485 (iiii.
878 5407 1064 5485 eam.
1081 5430 1102 5469 δ
1125 5430 1269 5485 eam,
1285 5429 1308 5474 ἦ
1331 5424 1520 5485 dicisquae,
1540 5409 1806 5485 rhythmis,
1839 5407 2091 5485 elegantia,
2107 5425 2214 5460 sive

639 5473 1214 5554 rftpgtfttjtusintelligatur
1236 5473 1307 5527 de
1323 5473 1486 5529 cantu.
1509 5473 1618 5554 sive
1636 5474 1700 5554 de
1721 5473 1993 5554 sanatione.

702 5536 956 5611 (c)Ve_rba
988 5536 1165 5611 Graeca,
1213 5554 1298 5600 μιλη
1344 5550 1510 5599 “me,
1543 5536 1659 5584 licet
1695 5537 1839 5584 etiam
1883 5536 2210 5594 interpretari,

630 5605 921 5663 meretricia:
944 5605 1199 5656 cautiones.

699 5656 1072 5735 ξάῗίιιΠϐι-δδερ
1099 5703 1113 5726 ,
1151 5675 1367 5735 ψιεζοντις,
1393 5674 1501 5728 quae
1550 5672 1642 5711 vox
1686 5657 1864 5708 melius
1900 5656 2208 5716 redderetur,

638 5730 881 5791 ucéuwnt.
901 5730 1269 5785 reprehendunt.
1443 5744 1447 5748 ι

1279 298 1353 356 8.
1394 295 1671 354 JOANNIS
1707 292 2180 354 CHRYSOSTOMI
2219 293 2537 350 ARClllEP.
2576 293 3111 351 CONSTANTINOP.
3713 307 3790 363 963

2319 407 2409 478 qui
2441 407 2595 462 ulcus
2615 423 2719 461 non
2749 407 2862 462 odit
2886 449 2901 473 ,
2929 422 3100 476 neque
3124 407 3190 461 ab
3214 422 3276 461 eo
3306 407 3494 464 liberari
3519 416 3670 482 cupit,
3689 433 3793 486 quo.

2313 499 2474 555 modo
2510 500 2770 556 medicum
2801 500 3049 570 qureret?
3090 499 3210 554 Ideo
3245 498 3417 556 dolore
3457 502 3631 560 afﬁcior
3657 545 3671 573 ,
3708 511 3797 567 ideo

2315 591 2640 653 discrucior,
2673 590 2794 659 quia
2829 600 2968 644 tanta
3009 601 3224 660 accepta
3254 592 3470 660 pernicie
3495 595 3606 652 inde
3625 599 3801 656 discedi-

2318 684 2384 736 tis
2407 724 2419 745 ,
2452 692 2506 736 et
2527 690 2745 751 propter
2769 683 3011 750 exiguam
3040 682 3358 750 voluptatem
3389 694 3664 754 perpetuum
3689 689 3803 747 fertis

2316 774 2577 827 dolorem.
2609 772 2819 827 Etenim
2861 782 2983 827 ante
3028 773 3324 842 gehennam
3363 784 3413 828 et
3438 778 3709 849 supplicium
3741 783 3805 838 hic

2274 893 2280 898 ι
2316 872 2582 918 extremas
2619 878 2648 917 a
2675 863 2822 918 vobis
2849 879 3034 934 poenas
3060 864 3360 934 exposcitis.
3389 867 3562 922 Annon
3602 869 3716 937 hoc,
3742 872 3805 929 dic

2317 954 2470 1017 mihi,
2500 965 2798 1009 extremum
2827 955 3145 1024 supplicium
3173 966 3274 1021 est,
3308 957 3454 1012 talem
3491 962 3806 1032 concupiscen-

2322 1048 2446 1101 tiam
2471 1048 2636 1113 alere,
2666 1057 2922 1118 perpetuo
2945 1048 3024 1102 uri
3050 1089 3065 1113 ,
3092 1057 3147 1103 et
3176 1047 3440 1104 fornacem
3473 1052 3661 1106 absurdi
3693 1069 3804 1108 amo-

2317 1139 2392 1196 ris
2421 1139 2620 1209 ubique
2663 1138 3011 1194 circumferre
3029 1180 3044 1201 ,
3075 1153 3280 1194 necnon
3306 1142 3811 1206 conscientizeaccusa-

2307 1231 2561 1287 tionem?
2615 1231 2892 1299 Quomodo
2931 1230 2996 1286 ad
3047 1230 3227 1285 limina
3282 1231 3366 1285 illa
3415 1247 3551 1286 sacra
3607 1234 3812 1290 accedes?

2319 1322 2586 1393 quomodo
2613 1331 2796 1394 tanges
2839 1322 3108 1378 caelestem
3155 1324 3432 1377 mensam?
3456 1323 3697 1390 Quomodo
3731 1342 3814 1380 ser-

2320 1429 2507 1470 mones
2533 1414 2601 1470 de
2629 1415 2956 1470 continentia
3001 1413 3280 1469 auditurus
3304 1429 3380 1480 es,
3407 1415 3650 1471 ulceribus
3674 1418 3816 1486 plenus

2321 1509 2586 1579 tantisque
2615 1507 2942 1572 vulneribus,
2965 1508 3310 1576 animumque
3337 1507 3526 1563 habens
3547 1507 3654 1563 huic
3674 1511 3817 1564 morbo

2319 1599 2640 1656 servientem
2658 1599 2681 1654 ?
2701 1598 2901 1668 Ecquid
2927 1613 3062 1667 epos
3086 1606 3167 1653 est
3193 1597 3296 1652 alia
3329 1597 3536 1652 dicere?
3562 1598 3634 1652 Ex
3661 1599 3713 1652 iis
3731 1615 3818 1668 quze

2320 1708 2462 1749 nunc
2487 1691 2628 1762 apud
2669 1708 2768 1748 nos
2797 1701 3025 1763 aguntur
3061 1691 3185 1746 licet
3226 1689 3388 1745 animi
3425 1689 3640 1744 dolorem
3665 1691 3820 1760 ρει-ερε-
3899 1703 3901 1706 ·

2318 1802 2462 1843 cere.
2491 1785 2608 1840 Jam
2639 1785 2780 1840 enim
2802 1783 2955 1838 video
2974 1780 3255 1854 quosdam,
3275 1781 3370 1852 qui
3394 1780 3511 1834 dum
3536 1780 3638 1835 ha‘c
3660 1781 3820 1850 loquor,

2320 1877 2523 1933 frontes
2553 1877 2650 1932 sibi
2679 1877 3000 1946 percutiunt.
3028 1875 3357 1944 multamque
3382 1873 3523 1929 vobis
3541 1875 3730 1942 gratiam
3756 1873 3823 1925 ha-

2319 1970 2442 2032 beo,
2474 1969 2613 2039 quod
2637 1967 2862 2038 populus
2889 1966 3005 2022 sitis
3030 1966 3488 2022 commiseratione
3513 1965 3694 2035 plenus.
3726 1964 3824 2018 Puto

2320 2072 2499 2138 autem
2525 2061 2722 2116 multos
2752 2060 2979 2115 fortasse
3007 2073 3192 2115 eorum
3224 2058 3318 2127 qui
3347 2057 3474 2112 nihil
3517 2062 3766 2127 peccarunt
3787 2055 3823 2108 id

2320 2168 2497 2226 agere,
2517 2153 2759 2208 dolentes
2787 2151 2854 2206 de
2874 2150 3095 2206 fratrum
3129 2150 3453 2204 vulneribus.
3486 2148 3736 2216 Propterea
3754 2146 3826 2200 do-

2322 2250 2408 2306 leo
2432 2257 2484 2304 et
2511 2247 2828 2311 discrucior,
2859 2244 3000 2316 quod
3044 2243 3200 2299 talem
3251 2257 3463 2313 gregem
3490 2239 3703 2295 diabolus
3740 2253 3828 2308 pes-

2323 2343 2554 2399 sumdet.
2607 2340 2800 2395 Verum
2829 2339 2873 2394 si
2902 2337 3194 2400 volueritis,
3222 2337 3337 2390 cito
3377 2334 3449 2388 illi
3489 2336 3746 2402 ingressum
3762 2329 3831 2382 ob-

2322 2443 2606 2489 struemus.
2633 2429 2913 2500 Quomodo
2937 2437 2992 2484 et
3013 2443 3115 2499 qua
3141 2426 3388 2482 ratione?
3416 2426 3468 2480 Si
3492 2425 3705 2480 infirmos
3731 2421 3831 2474 bona

2324 2524 2627 2581 valetudine
2653 2537 2773 2579 esse
2801 2522 3116 2578 videamus:
3146 2520 3190 2575 si
3229 2519 3487 2575 doctrinae
3527 2517 3644 2572 retia
3671 2529 3831 2583 expan-

2324 2617 2511 2672 deutes
2557 2614 2948 2670 circumeamus
2989 2610 3271 2680 quzesitum
3302 2625 3396 2665 eos
3433 2609 3572 2678 quia
3601 2605 3712 2660 feris
3731 2603 3835 2672 capti

2324 2718 2468 2774 sunt,
2500 2714 2554 2762 et
2573 2721 2637 2762 ex
2667 2704 2795 2776 ipsis
2823 2704 2996 2759 leonis
3016 2701 3258 2757 faucibus
3285 2716 3381 2758 eos
3406 2697 3754 2755 abstrahamus.
3782 2694 3835 2748 Ne

2325 2799 2455 2854 mihi
2476 2797 2623 2853 dicas
2652 2813 2664 2849 :
2709 2795 2874 2852 Pauci
2909 2802 3048 2851 sunt
3098 2794 3132 2848 ii
3176 2794 3268 2863 qui
3299 2809 3330 2847 a
3365 2806 3523 2863 grege
3547 2797 3659 2844 sunt
3688 2787 3835 2842 avulsi.

2326 2891 2549 2947 Etiamsi
2574 2889 2758 2945 decem
2788 2894 2990 2942 tantum
3021 2885 3251 2952 fuerint,
3279 2899 3384 2939 non
3417 2895 3622 2953 parvum
3650 2878 3752 2932 hinc
3772 2875 3838 2929 de-

2328 2982 2635 3049 trimentum
2669 2997 2682 3034 :
2714 2977 2924 3034 etiamsi
2975 2977 3231 3047 quinque,
3288 2974 3375 3029 vel
3421 2974 3556 3037 duo,
3601 2971 3678 3027 vel
3720 2983 3839 3023 unus.

2324 3069 2766 3142 Quandoquidem
2792 3069 2954 3124 etiam
2983 3075 3164 3137 pastor
3194 3066 3321 3131 ille,
3356 3065 3472 3119 ideo
3509 3061 3692 3118 reliCtis
3714 3073 3839 3112 nona-

2325 3167 2470 3238 ginta
2492 3178 2682 3219 novem
2705 3161 2913 3227 ovibus,
2936 3160 3002 3214 ad
3029 3173 3184 3213 unam
3212 3158 3472 3223 cucurrit,
3503 3169 3595 3210 nec
3619 3151 3750 3209 rediit
3769 3148 3842 3203 (lo-

2326 3274 2426 3316 uee
2453 3259 2594 3314 illam
2622 3255 2937 3318 reduceret,
2969 3261 3024 3309 et
3053 3250 3444 3307 claudicantem
3474 3257 3674 3304 centum
3699 3242 3838 3297 ovium

2328 3364 2606 3406 numerum
2629 3387 2644 3413 ,
2679 3361 2774 3417 per
2821 3344 3208 3400 restitutionem
3261 3343 3382 3412 ejus
3403 3381 3417 3406 ,
3445 3354 3560 3410 qua:
3588 3342 3844 3395 erraverat.

2326 3439 2618 3513 complevit
2646 3440 2664 3508 (
2695 3435 2881 3490 Matth.
2922 3435 3008 3489 18.
3045 3433 3109 3489 12
3141 3433 3177 3504 ).
3213 3433 3294 3488 Νε
3321 3433 3486 3510 dicas,
3515 3445 3664 3484 unum
3691 3434 3845 3481 tantum

2327 3549 2448 3589 esse
2481 3550 2493 3586 :
2534 3531 2630 3587 sed
2655 3530 2826 3600 cogita
2848 3571 2862 3593 ,
2891 3543 3013 3584 esse
3039 3528 3297 3592 aniusam,
3344 3533 3559 3596 propter
3587 3535 3728 3592 quam
3751 3516 3844 3570 visi-

2327 3627 2454 3683 bilia
2485 3626 2661 3680 omnia
2711 3622 2849 3678 facta
2895 3631 3052 3685 sunt;
3086 3628 3306 3689 promer
3327 3633 3486 3689 quam
3514 3615 3668 3686 leges,
3693 3607 3849 3679 suppli~

2325 3721 2429 3788 cia,
2453 3727 2646 3774 statuta
2675 3724 3031 3786 sexcentaque
3061 3713 3313 3768 miracula
3339 3719 3559 3781 patrata,
3579 3707 3849 3780 diversaque

2327 3814 2421 3869 Dei
2442 3811 2818 3883 operationes;
2865 3816 3079 3878 propter
3123 3819 3285 3873 quam
3340 3817 3441 3858 nec
3481 3795 3740 3869 Unigenito
3780 3807 3849 3844 suo
3918 3869 3922 3877 ~

2327 3906 2588 3979 pepercit.
2619 3903 2803 3973 Cogita
2831 3909 3086 3972 quantum
3139 3911 3237 3966 pro
3270 3910 3379 3950 uno
3407 3895 3476 3950 sit
3505 3891 3717 3964 pretium
3738 3882 3850 3938 solu-

2327 3977 2457 4067 ἰωὴ,
2482 4013 2545 4054 ac
2572 4013 2640 4053 ne
2665 3991 3019 4067 parvipendas
3055 3992 3172 4059 ejus
3198 3990 3428 4044 salutem
3455 4028 3471 4054 ,
3507 3982 3597 4040 sed
3623 3977 3852 4036 discedens

2326 4092 2481 4148 nobis
2520 4089 2683 4144 reduc
2710 4086 2878 4149 illum,
2911 4081 3076 4137 suade
3104 4079 3180 4135 illi
3221 4079 3296 4134 ne
3326 4079 3380 4132 in
3411 4075 3554 4146 paria
3585 4069 3792 4129 incidat,
3812 4070 3852 4116 et

2325 4183 2677 4241 sufficientem
2703 4179 2960 4235 habemus
2987 4173 3377 4231 defensionem.
3411 4169 3504 4226 Sin
3534 4181 3628 4222 nec
3653 4175 3738 4217 nos
3757 4171 3854 4210 ωηο

2326 4275 2588 4337 sulentes,
2631 4285 2730 4326 nec
2755 4284 2850 4323 vos
2899 4267 3174 4321 hortantes
3203 4263 3363 4329 ferat,
3404 4266 3658 4331 potestate
3682 4253 3850 4306 detttttm

2325 4376 2444 4422 utar
2464 4379 2525 4420 ea
2548 4405 2564 4428 ,
2592 4376 2748 4432 quant
2783 4359 2924 4414 Deus
2955 4356 3109 4411 nobis
3142 4353 3294 4411 dedit
3325 4368 3434 4408 non
3475 4349 3540 4404 ad
3585 4339 3853 4401 destructio-

2325 4471 2474 4525 nem,
2502 4454 2594 4511 sed
2615 4452 2680 4508 ad
2709 4448 3138 4506 aedificationem.

2395 4550 2449 4603 4.
2484 4546 2607 4602 Ideo
2658 4541 2890 4612 prmdico
2916 4579 2932 4604 ,
2979 4546 3035 4592 et
3079 4534 3360 4605 perspicua
3415 4543 3549 4584 voce
3583 4526 3774 4580 clamo:

2324 4641 2443 4712 quis
2471 4635 2590 4708 post
2639 4605 2776 4688 hanc
2811 4628 3238 4685 cohortationem
3270 4635 3436 4693 atque
3475 4617 3781 4675 doctrinam,
3805 4605 3852 4655 ad

2326 4701 2560 4804 iniquam
2590 4729 2922 4784 theatrorum
2970 4721 3262 4791 perniciem
3313 4713 3593 4775 defecerit,
3620 4723 3713 4764 non
3739 4701 3856 4795 illum

2327 4788 2461 4884 intra
2509 4825 2623 4879 lucc
2667 4828 2816 4892 septa
2859 4817 2935 4890 (α)
2966 4814 3216 4884 recipiam
3245 4852 3260 4875 ,
3292 4825 3403 4864 non
3434 4796 3786 4862 administrabo
3819 4788 3856 4840 ci

2323 4915 2596 4989 mysteria,
2625 4887 3059 4979 nonvpcrmittam
3089 4911 3144 4958 ut
3165 4914 3372 4957 sacram
3399 4907 3630 4952 mensam
3655 4887 3855 4950 attingal;

2323 4984 2416 5066 sed
2446 5001 2891 5079 quemadmodum
2921 5007 3160 5068 pastores
3189 5006 3316 5048 oves
3344 4988 3528 5044 scabie
3557 4984 3722 5055 plenas
3740 4991 3764 5027 a
3788 4985 3856 5024 sa-

2323 5104 2406 5159 nis
2444 5103 2779 5168 sequestrant
2805 5133 2822 5158 ,
2851 5107 2918 5146 ne
2957 5087 3166 5144 caeteris
3191 5083 3438 5139 morbum
3470 5070 3854 5134 communicent:

2323 5198 2393 5249 ita
2419 5201 2473 5248 et
2497 5206 2596 5260 ego
2625 5187 2835 5242 faciam.
2869 5182 2999 5237 Nam
3018 5180 3061 5234 si
3079 5175 3348 5248 quondam
3373 5175 3618 5243 leprosos
3633 5173 3764 5219 extra
3787 5169 3856 5208 Ca-

2321 5297 2428 5342 stra
2454 5259 2641 5338 sedere
2677 5278 2991 5348 jubebatur,
3025 5283 3184 5343 atque
3210 5267 3424 5325 etiamsi
3452 5279 3542 5320 rex
3572 5265 3738 5348 esset,
3758 5259 3851 5346 cut“

2319 5377 2619 5433 diademate
2636 5344 2984 5442 ej-iciebatur;
3011 5366 3179 5419 multo
3207 5361 3376 5429 magis
3403 5371 3502 5413 nos
3525 5366 3640 5409 eum
3664 5344 3739 5417 qui
3763 5344 3857 5393 tunc

2381 5535 2456 5592 ια)
2491 5537 2586 5578 noc
2608 5525 2721 5592 Quid
2744 5526 2826 5582 sit.
2852 5523 2958 5585 ipse
2979 5533 3092 5592 mos
3119 5515 3340 5592 εξιριὶςλξι.
3357 5525 3370 5560 ε
3385 5505 3628 5592 satis}:
3649 5499 3761 5592 eiii?
3777 5491 3843 5592 ..'.";

2382 5558 2456 5592 κα)
2493 5558 2586 5578 ιιυιι
2608 5558 2721 5590 qqu
2744 5558 2826 5582 οη,
2852 5558 2958 5585 ιγυν
2981 5558 3092 5568 ,ηυ-
3122 5558 3331 5578 Var"---
3360 5558 3367 5560 .
3401 5558 3442 5560 _,,
3559 5558 3589 5569 υ

2317 5607 2424 5641 cum
2451 5593 2494 5639 in
2521 5589 2727 5640 ecclesia
2763 5592 2973 5646 septum,
3001 5580 3078 5630 vel
3101 5580 3181 5628 ubi
3205 5581 3348 5646 erant
3383 5558 3853 5646 aqdlqﬁmVEL

2319 5627 2727 5704 .".'.'{£2.i.'£n§i”§i‘éiE
2753 5627 3062 5698 miliariae;
3081 5656 3093 5691 ε
3111 5627 3347 5703 ηιῃδιετὶα
3369 5634 3502 5686 enim
3522 5637 3690 5680 δια-ξω
3703 5627 3852 5669 ww“

2320 5733 2362 5778 at
2382 5717 2548 5779 pellat.
