4038 6204
266 183 366 238 269

265 329 345 366 tua
377 314 623 382 leprosns
651 325 734 370 est
773 331 840 372 ex
888 318 972 372 his
1012 319 1179 374 sacris
1209 321 1401 375 castris
1427 320 1835 376 eliminabimus.

263 404 324 460 Ut
358 405 501 459 enim
538 406 714 475 primo
747 408 1123 466 cohortatione
1173 419 1224 466 et
1274 411 1500 467 consilio
1529 427 1656 467 usus
1686 427 1835 476 sum:

257 499 330 550 sic
360 506 414 552 et
440 513 583 554 nunc
610 509 731 570 post
756 509 956 556 tantam
997 502 1430 558 adhortationem
1462 512 1517 559 et
1541 501 1838 559 doctrinam

259 601 478 643 ποι-απ
505 598 590 644 est
630 590 846 646 demum
900 593 1190 648 sectionem
1233 595 1392 648 etiam
1439 592 1693 663 inﬂigere.
1750 593 1842 648 Et-

257 679 398 731 enim
430 694 604 735 annus
646 682 857 736 tandem
908 694 993 738 est
1037 685 1248 754 elapsus
1287 685 1366 754 (a)
1407 699 1470 740 ex
1527 685 1714 755 quoin
1745 698 1839 740 ve-

255 779 419 823 stram
465 771 734 826 civitatem
789 773 1044 829 advectus
1087 791 1242 838 sum,
1299 791 1473 846 neque
1499 776 1703 830 cessavi
1745 776 1840 832 hac

255 856 322 911 de
353 875 413 912 re
455 873 552 913 vos
583 860 890 932 frequenter
927 864 1220 920 cohortari.
1256 866 1388 933 Quia
1428 867 1589 936 igitur
1627 866 1839 936 quidam

259 948 308 1000 in
344 949 446 1003 hac
488 950 639 1004 sanie
690 964 1118 1022 permanserunt,
1148 971 1246 1026 age
1293 956 1505 1011 demum
1548 958 1838 1012 sectionem

255 1040 568 1097 inferamus.
601 1041 715 1098 Etsi
759 1045 902 1101 enim
935 1046 1135 1102 ferrum
1177 1062 1284 1102 non
1331 1049 1574 1112 habeam,
1605 1057 1662 1103 at
1715 1065 1835 1104 vcr-

253 1134 385 1187 hum
415 1133 590 1189 habeo
619 1134 760 1190 ferro
792 1138 999 1192 acutius
1043 1139 1116 1209 (ὁ)
1145 1155 1157 1190 :
1189 1140 1289 1196 etsi
1334 1140 1507 1210 ignem
1539 1157 1642 1195 non
1675 1141 1838 1195 feram

253 1225 351 1292 (ιτ),
382 1235 438 1279 at
477 1224 719 1282 doctrina
755 1226 908 1284 adest
937 1229 1065 1285 mihi
1114 1231 1235 1302 igne
1262 1233 1578 1299 ferventior,
1607 1247 1724 1302 qua:
1747 1247 1828 1288 ve-

254 1312 562 1369 hementius
585 1333 742 1371 urere
771 1319 959 1387 possit.

323 1402 878 1462 Excommunicationis
899 1411 1144 1464 sententia
1170 1413 1223 1465 in
1250 1413 1364 1467 illos
1405 1415 1491 1482 qui
1525 1414 1838 1469 theatrorum

253 1493 544 1561 spectacula
572 1495 745 1551 diebus
773 1500 960 1554 sanctis
989 1501 1317 1555 adierunt.—
1341 1504 1414 1558 Ne
1439 1520 1660 1573 spernas
1681 1506 1840 1576 igitur

253 1585 578 1638 sententiam
601 1595 858 1642 nostram.
890 1589 1142 1658 Quamvis
1185 1594 1326 1647 enim
1375 1595 1506 1649 viles
1552 1596 1838 1650 admodum

253 1690 313 1729 ac
356 1676 689 1734 miserabiles
708 1681 896 1748 simus,
937 1693 1172 1739 attamen
1208 1701 1236 1739 a
1268 1686 1444 1740 divina
1475 1687 1643 1758 gratia
1669 1689 1840 1758 digni-

254 1777 416 1822 tatem
435 1770 758 1839 accepimus,
789 1789 891 1842 qua
920 1776 1184 1844 possimus
1213 1777 1325 1832 haec
1353 1778 1584 1834 efﬁcere.
1621 1780 1841 1849 Ejician-

257 1868 341 1910 tur
369 1872 500 1926 ergo
522 1859 824 1930 hujusmodi
843 1863 1106 1933 homines,
1128 1869 1351 1938 utetqui
1383 1870 1494 1923 sani
1523 1881 1647 1925 sunt
1670 1872 1841 1925 valen.

258 1951 419 2002 tiores
443 1951 706 2016 evadant;
738 1962 791 2008 et
816 1956 907 2026 qui
938 1957 1126 2013 morbo
1149 1958 1411 2027 laborant,
1449 1976 1478 2016 a
1509 1963 1654 2030 gravi
1681 1964 1838 2034 aegri-

264 2039 438 2094 tudine
466 2041 530 2095 ad
574 2043 855 2100 sanitatem
887 2060 1005 2102 sese
1053 2063 1302 2105 revocare
1345 2051 1567 2119 possint.
1616 2053 1672 2109 Si
1714 2070 1842 2110 vero

268 2130 642 2197 pcrhorruistis
664 2135 799 2190 hanc
827 2136 1102 2194 audientes
1127 2141 1444 2196 sententiam
1471 2143 1490 2214 (
1511 2144 1664 2200 video
1695 2161 1842 2200 nam-

259 2237 359 2288 que
379 2238 568 2278 omnes
589 2225 999 2295 ingemiscentes
1023 2240 1075 2285 et
1095 2237 1484 2304 compunctos),
1505 2238 1838 2308 rcsipiscant,

256 2323 306 2366 et
336 2315 602 2369 sententia
629 2316 801 2372 soluta
829 2329 927 2373 est.
948 2320 1406 2388 Quemadmodum
1426 2327 1566 2382 enim
1591 2330 1838 2400 alligandi

254 2412 576 2471 potestatem
615 2409 955 2478 accepimus,
1010 2412 1088 2467 sic
1141 2423 1193 2468 et
1235 2415 1506 2482 solvendi,
1553 2433 1615 2474 ac
1658 2436 1842 2476 rursus

252 2495 577 2550 sententiam
607 2496 833 2553 ferendi.
862 2498 975 2555 Non
1003 2502 1145 2558 enim
1168 2503 1359 2560 fratres
1381 2517 1594 2564 nostros
1624 2511 1838 2566 abscin-

251 2585 384 2642 dere
429 2588 678 2644 volumus
701 2633 717 2656 ,
749 2592 842 2646 sed
873 2595 1216 2664 opprobrium
1261 2597 1513 2656 Ecclesia:
1543 2601 1837 2673 depellere.

253 2675 404 2732 Nune
423 2679 623 2748 quippe
651 2695 752 2736 nos
778 2689 832 2737 et
861 2685 1087 2753 gentiles
1113 2685 1431 2758 irridebunt,
1463 2698 1517 2746 et
1542 2691 1708 2748 Judaei
1732 2706 1840 2751 tra-

252 2767 710 2837 ducent,quando
745 2787 842 2826 nos
887 2773 1031 2844 ipsos
1078 2786 1363 2845 peccantes
1397 2779 1469 2834 ita
1498 2781 1836 2853 despicimus.

251 2859 406 2914 Tunc
435 2869 614 2925 autem
641 2871 695 2917 et
721 2863 799 2918 illi
821 2864 1105 2921 admodum
1138 2881 1234 2924 nos
1262 2869 1568 2940 laudabunt,
1598 2882 1652 2928 et
1679 2876 1841 2930 mira-

251 2949 458 3003 buntur
487 2950 798 3019 Ecclesiam,
832 2955 975 3025 leges
1001 2968 1210 3014 nostras
1225 2963 1458 3017 reveriti.
1479 2963 1645 3020 Nemo
1665 2966 1841 3037 itaque

250 3053 318 3092 ex
350 3040 438 3105 iis,
463 3040 552 3110 qui
577 3039 629 3095 in
647 3041 832 3098 eadem
865 3050 1560 3120 permanentfornicatione,
1589 3056 1640 3110 in
1671 3059 1841 3113 eccle-

250 3131 390 3183 siam
417 3131 616 3193 veniat.
651 3132 745 3188 sed
771 3141 826 3189 et
854 3151 883 3189 a
915 3139 1065 3193 vobis
1099 3141 1434 3212 corripiatur,
1465 3156 1518 3200 et
1543 3150 1841 3205 communis

249 3221 322 3274 sit
355 3221 547 3277 hostis.
576 3222 638 3278 Si
657 3226 768 3292 quis
788 3243 888 3280 twn
909 3229 1074 3283 obedit
1100 3232 1244 3286 verba
1263 3245 1432 3289 nostra
1450 3255 1537 3306 per
1552 3241 1842 3309 epistolam,

250 3313 390 3367 hunc
411 3326 602 3382 notate,
633 3327 681 3372 et
703 3335 764 3372 ue
788 3323 1210 3378 commisceamini
1230 3341 1342 3380 cum
1364 3329 1454 3382 illo
1475 3329 1549 3401 (2.
1574 3329 1751 3388 Thess.
1781 3335 1836 3392 5.

251 3405 375 3468 14).
410 3403 524 3460 line
551 3416 727 3462 autem
756 3409 912 3465 facite
944 3429 959 3465 :
1012 3427 1207 3483 neque-
1233 3417 1628 3489 colloquamini,
1667 3439 1839 3496 neque

249 3497 397 3551 dumi
431 3500 733 3568 recipiatis,
779 3517 951 3572 neque
980 3519 1178 3560 mensa:
1206 3511 1489 3579 participes
1525 3513 1835 3585 admittatis,

249 3601 426 3654 neque
449 3588 720 3657 ingressus
743 3591 822 3646 vel
853 3608 1122 3661 egressus,
1150 3611 1322 3667 neque
1343 3600 1394 3653 in
1431 3601 1548 3658 foro
1589 3619 1708 3659 cum
1738 3607 1839 3663 illis

248 3679 540 3748 versemini
559 3697 572 3732 :
591 3689 646 3736 et
671 3683 749 3737 sic
767 3684 916 3741 facile
936 3685 1057 3742 illos
1083 3691 1532 3761 recuperabimus.
1555 3697 1632 3753 Ac
1647 3715 1834 3769 quem-

803 3821 1237 3900 Aigﬂgpigopatum
1253 3827 1834 3900 _Oonstantinopolitanum

246 3881 506 3952 “quotus.
525 3879 684 3952 luerat
701 3892 827 3952 anno
981 3879 1164 3952 mensis
1189 3879 1837 3952 Februarii—dievééiwutmait

244 3936 528 3996 amics-1.
555 3940 606 3996 δ,
631 3952 675 3988 c.
701 3940 748 3988 ε.
774 3933 1160 3996 nmium,“
1190 3933 1206 3936 '
1225 3933 1433 3942 ““““’·
1457 3933 1538 3946 ’⁸⁸
1575 3933 1653 3958 ’ν’

311 3994 387 4118 φὶ
421 3994 766 4074 γει-ωὼῖίᾳει
791 3994 1041 4068 ἰιιιειιῖαἱὶξ
1061 3994 1126 4058 ἐκ
1159 4013 1309 4063 ressit
1326 4016 1455 4064 enim
1478 4019 1622 4068 Hebr.
1649 4022 1698 4070 4.
1727 4023 1800 4073 12.

312 4070 362 4114 υτ
421 4066 530 4107 Nam
553 4063 749 4118 media.
773 4072 875 4118 ειη.
911 4075 964 4116 ut
1007 4082 1096 4118 nos
1130 4024 1388 4118 fortuitum-
1429 4079 1640 4118 ehirnmi
1687 4087 1798 4118 alia:

235 4057 530 4170 “£3.53!!!
553 4063 749 4122 medici,
773 4072 875 4124 aut,
911 4057 978 4116 ιιῖ
1007 4057 1833 4146 nos*laiiiintiiTEiiiFEgi‘éiiiiu

1372 199 1641 256 CONTRA
1682 199 1900 258 LUDOS
1938 199 2025 256 ET
2063 200 2406 259 TIIEATRA.

3422 205 3533 260 ΥΠ)

1946 321 2230 377 admodum
2261 332 2540 379 venatores
2565 323 2703 379 feras
2731 333 2886 393 captu
2915 323 3158 378 difﬁciles
3189 337 3293 376 non
3323 338 3388 376 ex
3422 338 3528 377 una

1947 422 2119 481 parte,
2147 414 2241 469 sed
2270 414 2501 484 undique
2523 417 2779 485 pellentes
2797 458 2813 480 ,
2847 417 2898 470 in
2947 416 3078 470 retia
3101 414 3428 485 conjiciunt:
3456 413 3526 468 ita

1947 519 2001 560 et
2025 523 2122 562 nos
2147 522 2262 575 eos,
2289 509 2378 578 qui
2405 509 2642 563 moribus
2665 508 2868 564 efferati
2901 518 3045 575 sunt,
3093 523 3196 563 una
3244 507 3524 577 pellamus,

1945 607 2000 653 et
2028 599 2134 652 cito
2160 599 2210 653 in
2253 597 2438 655 salutis
2459 601 2589 655 retia
2615 599 2980 669 conjicicmus,
3015 611 3111 652 nos
3135 612 3200 654 ex
3223 610 3324 652 una
3353 606 3523 669 parte,

1945 701 2041 743 vos
2067 703 2130 743 ex
2152 689 2271 742 alia.
2301 689 2366 744 Ut
2395 689 2553 758 igitur
2577 689 2704 745 illud
2734 690 2962 756 eveniat,
2987 704 3081 744 vos
3107 703 3316 758 quoque
3339 687 3522 742 nobis-

1945 793 2067 833 cum
2114 779 2458 849 indignemini
2494 799 2507 834 :
2537 780 2642 834 imo
2669 780 2846 850 potius
2896 795 2992 850 pro
3037 779 3132 834 Dei
3178 779 3382 850 legibus
3430 777 3525 832 do-

1945 870 2070 932 lete,
2111 879 2165 925 et
2201 870 2454 939 paulatim
2485 871 2740 925 avertatis
2781 885 2875 925 eos
2903 886 2968 926 ex
3000 869 3270 935 fratribus,
3297 869 3386 938 qui
3422 866 3526 922 hoc

1944 959 2132 1016 morbo
2179 957 2419 1014 laborant
2464 969 2518 1015 et
2571 960 2621 1014 in
2672 959 2774 1014 hoc
2815 967 3089 1029 peccaturo
3145 958 3416 1024 incidunt,
3471 967 3524 1012 ut

1947 1058 2201 1119 perpetuo
2241 1050 2360 1105 illos
2386 1050 2660 1105 vobiscqu
2691 1051 2937 1106 servetis.
2968 1049 3149 1120 Neque
3173 1050 3319 1112 enim
3355 1064 3522 1119 parvo

1943 1140 2166 1196 crimine
2202 1141 2279 1196 rei
2317 1140 2489 1204 eritis.
2519 1141 2562 1194 si
2595 1149 2791 1194 tantam
2823 1142 3107 1210 perniciem
3153 1139 3520 1210 neglexeritis,

1943 1237 2037 1292 sed
2060 1251 2253 1309 magno
2279 1237 2540 1308 supplicio
2568 1236 2716 1292 eritis
2741 1235 2977 1290 obnoxii.
3007 1235 3139 1288 Nam
3183 1234 3227 1288 si
3259 1219 3310 1288 in
3354 1232 3526 1288 homi-

1945 1343 2070 1382 num
2095 1327 2318 1392 aadibus,
2348 1343 2470 1382 cum
2495 1329 2616 1397 quis
2638 1343 2703 1382 ex
2755 1326 2964 1382 famulis
2990 1334 3272 1396 argentum
3297 1325 3381 1380 vel
3424 1339 3518 1378 au-

1944 1436 2060 1476 rum
2093 1419 2296 1475 furatus
2322 1420 2757 1490 deprehenditur,
2789 1435 2893 1474 non
2916 1419 3027 1489 ipse
3053 1418 3199 1474 solus
3216 1417 3306 1488 qui
3331 1416 3525 1486 depre-

1945 1513 2142 1568 hensus
2161 1522 2263 1578 est,
2285 1512 2377 1567 sed
2403 1513 2561 1567 etiam
2589 1513 2807 1578 conscii,
2830 1521 2883 1567 et
2906 1512 2996 1581 qui
3022 1525 3127 1565 non
3155 1509 3524 1572 revelaverint,

1945 1620 2100 1677 poena
2157 1604 2494 1673 plectuntur,
2543 1603 2711 1658 multo
2759 1603 2927 1673 magis
2975 1604 3030 1658 in
3078 1603 3334 1657 Ecclesia.
3375 1601 3524 1656 Tunc

1945 1697 2085 1752 enim
2107 1695 2249 1751 dicet
2278 1695 2370 1750 tibi
2402 1695 2541 1750 Deus
2572 1711 2584 1748 :
2617 1695 2746 1750 Cum
2774 1693 2983 1750 videres
3003 1709 3067 1748 ex
3091 1692 3252 1748 domo
3279 1706 3396 1748 mea
3419 1706 3522 1746 non

1944 1797 2253 1858 argenteum
2279 1786 2363 1841 vel
2390 1801 2609 1842 aureum
2637 1801 2727 1840 vas
2752 1784 2895 1839 furto
2920 1783 3108 1854 abripi,
3130 1784 3223 1837 sed
3246 1784 3524 1838 continen-

1946 1881 2073 1933 tiam
2115 1879 2348 1944 auferri;
2391 1893 2620 1946 eumque
2648 1878 2734 1948 qui
2759 1877 3048 1946 pretiosum
3075 1889 3268 1943 corpus
3297 1873 3522 1941 accipit,

1945 1982 1998 2026 et
2023 1971 2324 2040 huiusmodi
2353 1971 2598 2027 sacriﬁcii
2621 1971 2885 2039 particeps
2911 1977 3015 2035 est,
3053 1969 3104 2022 in
3125 1967 3318 2023 diaboli
3350 1968 3522 2022 locum

1945 2062 2115 2129 abire,
2157 2062 2288 2117 etin
2315 2071 2516 2116 tantum
2548 2069 2822 2131 peccatum
2851 2060 3117 2128 incidere,
3167 2075 3262 2114 cur
3304 2055 3518 2125 silu'isti,

1945 2172 2040 2212 cur
2059 2157 2111 2212 id
2138 2157 2324 2224 tulisti,
2349 2173 2445 2213 cur
2470 2173 2578 2213 non
2595 2157 2919 2213 annuntiasti
2944 2156 3228 2223 sacerdoti,
3256 2172 3325 2212 ne
3352 2171 3526 2228 poena

1947 2249 2044 2303 abs
2072 2259 2124 2302 te
2147 2257 2515 2318 repeterentur
2542 2265 2648 2304 non
2676 2249 2851 2304 leves?
2891 2247 3014 2304 Ideo
3032 2257 3087 2304 et
3109 2263 3209 2319 ego
3236 2248 3441 2304 etiamsi
3472 2247 3525 2303 id

1949 2339 2078 2393 mihi
2106 2339 2276 2394 dolori
2301 2338 2540 2394 futurum
2570 2341 2639 2394 sit
2665 2341 2767 2409 (a),
2801 2356 2870 2396 ne
2897 2355 2926 2394 a
2951 2341 3284 2412 gravioribus
3311 2340 3524 2410 quidem

1948 2432 2238 2488 inferendis
2277 2432 2448 2502 poenis
2474 2432 2774 2488 abstinebo.
2799 2432 2980 2503 Longe
3000 2433 3192 2487 melius
3219 2433 3414 2503 quippe
3441 2439 3536 2487 est

1949 2541 2050 2581 nos
2093 2525 2179 2582 hic
2225 2539 2459 2588 maerore
2500 2525 2753 2592 affectos,
2789 2541 2818 2579 a
2868 2525 3048 2580 futuro
3089 2525 3259 2594 abripi
3299 2525 3520 2595 judicio,

1947 2632 2104 2686 quam
2131 2617 2416 2673 verborum
2440 2618 2611 2688 gratia
2637 2616 2958 2687 lenitateque
2984 2631 3109 2672 usos
3132 2657 3150 2683 ,
3174 2617 3315 2672 hunc
3343 2615 3524 2672 vobis-

1946 2725 2068 2765 cum
2094 2722 2282 2780 pinnas
2312 2710 2480 2768 luere.
2511 2708 2692 2779 Neque
2727 2709 2869 2764 enim
2898 2717 3070 2763 totum
3110 2707 3258 2763 vobis
3287 2708 3371 2763 vel
3409 2707 3524 2762 sine

1946 2805 2185 2876 periculo
2239 2813 2324 2860 est
2350 2846 2366 2870 ,
2410 2818 2499 2860 res
2545 2801 2846 2873 huiusmodi
2886 2801 3098 2858 silentio
3145 2809 3342 2872 tegere.
3391 2799 3522 2856 Nam

1947 2896 2172 2966 quisque
2192 2905 2428 2952 vestrum
2471 2909 2567 2965 pro
2589 2909 2649 2949 se
2678 2909 2863 2964 [inertas
2887 2893 3070 2948 dabit:
3113 2907 3212 2963 ego
3239 2905 3366 2946 vero
3402 2905 3522 2946 om-

1948 2990 2093 3044 nium
2139 2989 2296 3045 saluti
2346 3003 2464 3043 sum
2490 2989 2770 3044 obnoxius.
2799 2986 3154 3054 Quamobrem
3205 2999 3310 3038 non
3363 2982 3519 3036 ﬁnem

1948 3081 2137 3137 faciam
2189 3082 2366 3136 omnia
2415 3080 2603 3151 agendi
2633 3090 2686 3136 et
2730 3078 2963 3143 dicendi,
3008 3075 3216 3133 etiamsi
3252 3091 3344 3128 vos
3385 3089 3519 3130 moe-

1947 3191 2070 3232 rore
2094 3175 2307 3231 afﬁcere
2332 3184 2590 3245 oporteat,
2614 3175 2820 3233 etiamsi
2847 3174 3101 3228 molestus
3120 3172 3299 3227 videar
3313 3181 3367 3226 et
3391 3183 3522 3225 ono-

1947 3281 2122 3335 rosus,
2160 3277 2220 3320 ut
2257 3266 2454 3336 possim
2482 3264 2690 3320 adstare
2713 3273 2837 3319 ante
2879 3262 3106 3318 tribunal
3143 3261 3268 3316 illud
3299 3260 3520 3315 horren-

1945 3358 2072 3414 dum
2096 3398 2113 3424 ,
2161 3359 2360 3412 nullam
2401 3355 2603 3412 habens
2640 3357 2899 3412 maculam
2929 3364 3020 3410 aut
3050 3354 3224 3409 labem
3265 3352 3348 3406 vel
3393 3351 3517 3421 quid

1947 3449 2270 3520 hujusmodi.
2315 3447 2528 3504 Utinam
2557 3457 2758 3512 autem,
2805 3446 3054 3517 precibus
3094 3452 3421 3504 sanctorum,
3485 3443 3519 3494 ii

1945 3543 2034 3610 qui
2059 3539 2294 3609 corrupti
2345 3548 2470 3594 sunt
2496 3539 2652 3593 cilius
2680 3544 3049 3599 revertantur;
3081 3535 3152 3588 illi
3178 3548 3304 3588 vero
3332 3532 3420 3599 qui
3453 3531 3520 3585 il-

1945 3633 2059 3687 stl
2080 3643 2410 3698 manserunt,
2428 3631 2481 3685 in
2502 3632 2756 3700 majorem
2778 3638 3023 3684 ornatum
3036 3625 3520 3693 cantinentiamque

1945 3724 2225 3794 proﬁciant
2257 3731 2423 3778 :utct
2463 3737 2558 3776 vos
2585 3722 2810 3775 salutem
2850 3716 3283 3786 consequamiui,
3328 3725 3381 3767 ct
3423 3728 3519 3766 nos

1944 3817 2205 3878 laetemur,
2237 3824 2292 3869 et
2318 3815 2457 3868 Deus
2485 3813 2650 3882 gloria
2678 3811 2939 3864 afﬁciatur
2971 3823 3111 3863 nunc
3137 3815 3193 3862 et
3215 3820 3447 3874 semper.
3466 3813 3518 3860 et

1942 3909 1996 3964 in
2023 3907 2226 3962 inﬁnita
2258 3904 2450 3962 sarcula
2475 3902 2808 3958 saeculorum.
2845 3901 3032 3954 Amen.

2005 4083 2078 4145 (a)
2112 4083 2164 4132 In
2187 4089 2366 4140 Graeco,
2409 4095 2526 4130 ιαῑτοι
2563 4090 2765 4145 τιι;.1.)ρ.ιινΔ
2785 4089 2920 4145 ψειεν,
2941 4087 3065 4143 quas
3084 4084 3232 4145 voces
3268 4072 3338 4120 sic
3372 4079 3514 4130 Opor—

1943 4132 2116 4197 tuisset
2139 4132 2468 4206 interpretari,
2493 4132 2706 4204 quantum
2729 4136 2942 4188 dolorem
2961 4132 3054 4185 Isim
3076 4132 3315 4184 illaturus.

263 4401 3474 4439 Μ

1343 4641 1452 4702 AD
1482 4638 1896 4702 HOMIIJAM
1935 4639 2436 4714 SEQUENTE“.

270 4849 448 4916 initio,
482 4850 828 4920 maximeque
861 4848 917 4903 in
949 4848 1056 4904 line
1090 4846 1332 4904 homiliae
1355 4848 1447 4903 ait.
1481 4849 1619 4905 Cum
1643 4858 1828 4904 autem
1854 4860 1998 4918 saepe
2021 4849 2224 4907 morbis
2252 4841 2694 4916 aﬂlictus'fuerit,
2731 4867 2838 4905 non
2865 4851 2935 4906 ita
2971 4851 3128 4906 facile
3158 4863 3261 4918 est,
3293 4854 3346 4908 in
3371 4857 3526 4925 quotl-

273 4971 490 5032 tempus
522 4963 642 5017 hac
676 4962 919 5018 incidant
957 4964 1370 5033 deprehendere
1393 5005 1406 5029 ,
1450 4979 1629 5033 neqe
1664 4964 1848 5020 dicere
1891 4965 2136 5019 valemus
2174 4964 2549 5021 Antiochiwne
2587 4980 2655 5018 an
2681 4964 3150 5037 Constantinopoli
3189 4967 3301 5023 haec
3335 4970 3511 5024 habita

270 5079 464 5133 concio
498 5079 681 5134 fuerit.
710 5079 1015 5135 Antiochia:
1056 5089 1237 5136 tamen
1270 5079 1468 5136 dictam
1501 5081 1729 5138 suadere
1775 5081 1990 5138 videtur
2019 5081 2197 5154 ipsum
2226 5081 2551 5153 principium
2585 5080 2852 5147 humilia,
2890 5082 2980 5138 ubi
3011 5098 3068 5138 se
3095 5083 3164 5138 ad
3207 5083 3516 5139 docendum

278 5187 604 5281 imperitum.
621 5191 906 5263 proﬁtetur
928 5191 1360 5264 Chrysostomus.
