4038 6204
521 291 621 355 ’Μ

1296 281 1354 338 S.
1393 278 1671 342 JOANNIS
1707 270 2187 345 CHRYSOS'I‘OMI,
2221 221 2539 338 ΑΒοΒιέρ.
2581 275 3112 339 CONSTANTINOP.
3643 291 3728 349 272

1904 507 2104 578 Hm

2209 504 2372 577 UA

526 696 587 752 tu
641 688 1070 753 srosroucuu
1113 682 1356 739 ntCTUM
1417 683 1432 724 =

1478 680 1602 724 HOC
1648 677 1860 729 AUTEM
1907 673 2104 721 SCITO'i

2238 673 2407 729 QUOD
2461 677 2526 721 IN
2571 678 2921 725 NOVISSIMIS
2966 683 3191 726 DIEBUS
3234 685 3434 728 EBUNT
3481 685 3734 732 TEIIPORA

1811 795 2042 840 GBAVIA
2090 771 2173 856 (2.
2207 777 2366 838 Tim.
2411 779 2472 840 3.
2521 783 2602 864 1).

1939 939 2377 995 meum

602 1085 654 1138 1.
675 1081 872 1139 Caritas
892 1075 1238 1150 Chrysostomi
1258 1089 1375 1144 erga
1398 1068 1692 1139 discipulos.
1717 1064 1863 1119 Fidei
1893 1062 2026 1117 oeuli
2052 1076 2111 1114 ea

526 1175 694 1243 uident
723 1188 834 1247 quae
858 1171 1083 1227 Christus
1111 1165 1286 1239 agebat
1308 1180 1326 1229 ;
1351 1161 1525 1217 Juda'i
1552 1165 1817 1230 prwsentes
1840 1171 1939 1208 non
1977 1153 2110 1207 vide-

532 1267 671 1320 bant.
699 1245 956 1320 Abraham
983 1259 1102 1329 ﬁdei
1122 1257 1280 1312 oculis
1308 1254 1431 1308 uidit
1457 1250 1768 1306 nasciturum
1781 1245 2114 1300 haecum.—

530 1355 777 1435 luﬁrntus
814 1350 1027 1423 quidem
1057 1363 1174 1404 sum
1207 1345 1313 1416 (a)
1352 1353 1406 1400 et
1433 1354 1668 1413 egenus,
1722 1346 1894 1435 atque.
1923 1334 1989 1390 ad
2019 1335 2115 1389 do-

528 1426 760 1520 ceudum
787 1440 1066 1513 imperitus
1091 1453 1104 1490 :
1130 1435 1222 1492 sed
1247 1449 1368 1490 cum
1397 1441 1630 1488 vestrum
1657 1436 1853 1485 coelum
1881 1426 2111 1489 intueor,

530 1516 856 1602 inﬁrmitatis
897 1531 1204 1598 obliviscor,
1229 1532 1594 1598 paupertatem
1633 1521 1840 1592 ignoro,
1892 1516 2111 1587 imperi-

536 1631 666 1684 tiam
718 1641 825 1681 non
884 1622 1008 1678 novi
1039 1640 1052 1678 :
1081 1629 1225 1677 tanta
1277 1631 1469 1687 nempe
1513 1623 1594 1671 est
1647 1610 1882 1668 caritatis
1921 1617 2113 1664 vestra:

529 1718 789 1788 tyrannis.
815 1698 1149 1784 Quapropter
1175 1708 1406 1765 alacrius
1425 1720 1583 1778 quam
1611 1703 1667 1769 ii,
1710 1703 1799 1773 qui
1844 1698 2111 1756 facultati-

533 1812 634 1870 bus
658 1796 949 1884 abundant,
994 1801 1246 1873 egestatis
1269 1814 1401 1854 mea:
1431 1811 1668 1852 mensam
1696 1793 1847 1849 vobis
1875 1805 2108 1862 appono.

532 1880 980 1983 Magnanimitatis
1004 1884 1166 1967 porro
1191 1893 1350 1964 hujus
1375 1905 1471 1947 vos
1499 1900 1745 1946 auctores
1785 1885 1914 1941 mihi
1956 1887 2108 1952 estis,

530 1976 657 2049 dum
687 1976 864 2063 lapsos
892 1989 1115 2060 erigitis,
1138 1987 1257 2058 quia
1285 1985 1350 2040 ad
1393 1981 1713 2039 audiendum
1745 1977 1898 2048 proni
1945 1976 2075 2032 estis
2094 2017 2110 2044 ,

533 2096 692 2158 atque
717 2087 784 2140 ab
813 2100 907 2141 ore
928 2091 1111 2139 nostro
1131 2079 1392 2153 pendetis.
1415 2078 1503 2133 Sic
1518 2085 1570 2132 et
1599 2073 1724 2144 pulli
1747 2069 2110 2138 hirundinum,

534 2157 655 2241 cum
679 2176 860 2232 vident
885 2157 1219 2228 advolantem
1250 2177 1498 2234 matrem,
1527 2181 1558 2222 e
1587 2164 1710 2220 nido
1739 2177 1859 2219 sese
1881 2160 2112 2218 ell’eren-

536 2255 620 2344 tes
641 2279 693 2324 et
714 2253 940 2339 pronum
965 2263 1322 2320 obtendentes
1347 2260 1565 2325 collum,
1594 2258 1666 2312 ita
1694 2257 1869 2312 cibum
1910 2255 1978 2310 ab
2024 2254 2112 2310 illa

539 2354 824 2431 accipiunt.
857 2356 1058 2412 Eodem
1079 2353 1240 2428 modo
1268 2361 1323 2409 et
1352 2364 1447 2406 vos
1470 2363 1591 2404 cum
1616 2347 1816 2418 ingenti
1843 2345 2114 2401 alacritate

443 2448 446 2458 ’
533 2434 938 2521 concionantem
996 2450 1303 2524 intuentes,
1345 2459 1410 2501 ex
1449 2443 1626 2513 lingua
1671 2455 1790 2495 mea
1822 2438 2110 2510 proiectam

531 2543 829 2600 doctrinam
874 2540 1140 2610 excipitis,
1187 2546 1238 2594 et
1265 2544 1546 2605 antequam
1582 2531 1745 2587 verba
1766 2546 1829 2586 ex
1857 2545 1952 2585 ore
1977 2529 2114 2585 exsi-

537 2621 690 2698 liaut,
722 2647 783 2688 ea
823 2631 1002 2687 studio
1027 2643 1221 2699 magno
1250 2625 1428 2680 omnia
1463 2622 1728 2694 abripitis.
1753 2621 1883 2689 Quis
1925 2635 2034 2675 non
2059 2628 2114 2676 et

527 2739 625 2778 vos
653 2733 706 2778 et
729 2738 827 2778 nos
853 2737 1014 2792 super
1038 2721 1121 2775 his
1149 2719 1334 2774 beatos
1363 2714 1636 2787 prmdicet,
1664 2713 1784 2783 quia
1810 2725 2002 2781 nempe
2028 2711 2110 2765 lo-

528 2817 744 2887 quimur
769 2814 848 2868 Ad
863 2829 1010 2867 aures
1024 2811 1336 2865 audientium
1365 2805 1549 2878 (Eccii.
1585 2805 1675 2862 25.
1707 2803 1834 2876 12)?
1862 2801 2112 2857 Commu-

529 2904 612 2960 nis
643 2904 812 2976 labor,
861 2901 1159 2961 communis
1185 2908 1240 2955 et
1277 2912 1508 2964 corona;
1561 2909 1847 2953 commune
1879 2893 2107 2959 lucrum,

529 2981 830 3054 communis
875 2995 1034 3051 etiam
1082 3002 1136 3049 et
1181 3006 1408 3048 merces.
1453 2989 1577 3046 Ideo
1621 2987 1866 3043 Christus
1926 2986 2111 3042 beatos

531 3087 1144 3161 prmdicavitdiscipulos
1158 3086 1374 3143 dicens:
1408 3083 1570 3139 Vestri
1585 3091 1751 3136 autem
1785 3079 1915 3134 beati
1950 3078 2106 3145 oculi,

527 3183 648 3251 quia
689 3181 877 3248 uident,
910 3189 958 3236 et
978 3195 1125 3233 aures
1147 3187 1322 3233 uestra
1342 3219 1357 3244 ,
1385 3175 1504 3246 quia
1531 3173 1746 3228 audiunt
1784 3170 1995 3243 (Matth.
2017 3170 2105 3224 15.

529 3275 654 3347 16).
679 3274 963 3330 Concedite
989 3273 1116 3328 mihi
1145 3280 1202 3328 ut
1224 3271 1308 3326 his
1326 3271 1485 3326 etiam
1513 3268 1688 3324 verbis
1719 3281 1815 3322 vos
1847 3265 2106 3334 alloquar,

527 3364 954 3437 quandoquidem
996 3373 1196 3420 tantam
1239 3361 1504 3418 exhibetis
1543 3358 1908 3414 alacritatem:
1944 3353 2109 3410 Vestri

527 3466 695 3510 autem
715 3455 846 3509 beati
858 3455 1010 3521 oculi,
1041 3454 1159 3526 quia
1181 3453 1368 3517 uident,
1392 3461 1439 3506 et
1468 3466 1614 3504 aures
1643 3459 1836 3516 vestrm,
1857 3447 1975 3518 quia
2009 3462 2108 3499 au-

527 3549 692 3601 diunt.
722 3545 919 3603 Verum
948 3545 1089 3616 quod
1129 3559 1284 3600 aures
1304 3542 1520 3614 quidem
1551 3550 1740 3596 vestrae
1762 3537 1980 3593 audiant
2011 3553 2106 3608 pa-

529 3627 637 3696 lam
658 3648 738 3696 est
763 3655 776 3692 :
807 3637 950 3708 quod
989 3637 1129 3692 oculi
1159 3651 1286 3692 vero
1307 3633 1472 3690 vestri
1492 3633 1728 3699 videant,
1765 3630 1904 3686 sicut
1941 3629 2105 3684 disci-

524 3733 636 3802 puli
665 3742 790 3787 tunc
809 3730 1080 3797 videbant,
1099 3729 1155 3785 id
1181 3729 1548 3784 demonstrare
1573 3724 1829 3790 conabor,
1849 3731 1908 3778 ut
1937 3722 2105 3778 beati-

526 3823 655 3878 tudo
689 3830 863 3877 vestra
889 3835 995 3876 non
1043 3819 1280 3886 dimidia,
1325 3817 1423 3874 sed
1465 3816 1684 3872 omnino
1730 3813 1964 3886 perfecta
2011 3814 2100 3869 sit.

522 3912 666 3981 Quid
689 3927 816 3984 ergo
833 3920 958 3968 tunc
979 3911 1229 3967 videbant
1257 3907 1777 3979 discipuli‘niortuos
1797 3907 2099 3972 suscitatus,

522 4019 695 4060 caecos
725 4005 892 4059 visum
923 4001 1260 4072 recipientes,
1292 3999 1534 4069 leprosos
1564 3996 1874 4063 mundatos,
1917 3995 2101 4067 pulsos

521 4097 816 4162 daemonas,
845 4095 1064 4151 claudos
1106 4091 1457 4158 ambulantes,
1489 4099 1690 4146 natura}
1719 4091 1904 4144 vitium
1941 4103 2100 4145 omne

518 4198 840 4260 cerrectum.
865 4186 990 4241 llaec
1011 4195 1061 4241 et
1079 4199 1219 4239 nunc
1245 4197 1347 4261 vos.
1366 4183 1576 4260 videtis,
1601 4183 1808 4261 etiamsi
1840 4197 1944 4260 non
1985 4197 2096 4257 cor-

519 4279 684 4349 poris,
732 4254 826 4332 sed
858 4261 980 4331 lidei
1005 4261 1193 4331 oculis.
1224 4254 1534 4344 llujusmodi
1568 4259 1793 4342 namque
1813 4255 1937 4326 sunt
1974 4254 2095 4328 ﬁdei

519 4369 704 4423 oculi:
746 4382 864 4436 qua:
891 4381 996 4420 non
1030 4373 1291 4435 apparent
1339 4365 1550 4430 vident,
1595 4373 1649 4418 et
1692 4378 1811 4432 qua:
1858 4363 2095 4418 nondum

522 4460 656 4530 taeta
694 4467 817 4527 sunt
847 4456 1161 4526 intelligunt.
1203 4455 1481 4523 Undeuam
1538 4453 1639 4521 hoc
1679 4453 2092 4522 demonstratur,

519 4560 710 4616 nempe
739 4544 896 4616 ﬁdem
925 4559 1045 4600 esse
1069 4553 1341 4620 aspectum
1373 4552 1428 4599 et
1465 4551 1835 4613 argumentum
1866 4558 1969 4597 non
2000 4559 2095 4614 apo
2139 4608 2168 4620 δ

519 4636 1015 4710 parentium'iAudi
1044 4635 1267 4693 Paulum
1299 4634 1560 4695 dicentem
1593 4651 1606 4687 :
1634 4633 1727 4688 Est
1765 4643 1929 4688 autem
1964 4636 2093 4704 ﬁdes

511 4729 879 4800 sperandarum
897 4726 1176 4783 substantia
1213 4741 1398 4792 rerum,
1422 4733 1768 4795 argumentum
1802 4741 1902 4790 non
1940 4743 2095 4798 appa-

510 4825 725 4879 rentium
754 4821 825 4896 (11
833 4821 935 4876 ebr.
951 4822 976 4876 1
991 4822 1038 4876 1.
1056 4820 1077 4874 1
1092 4821 1128 4890 ).
1152 4819 1216 4874 Et
1236 4819 1377 4888 quod
1395 4817 1634 4873 mirabile
1649 4827 1750 4884 est,
1778 4817 1831 4872 hi
1851 4819 2091 4874 carnales

510 4915 650 4982 neuti
677 4930 796 4984 qua:
820 4913 918 4981 sub
941 4921 1212 4983 aSpectum
1240 4909 1436 4989 cadunt
1455 4949 1470 4971 .
1514 4909 1718 4975 vident,
1751 4925 1871 4979 quae
1913 4919 2091 4982 autem

510 5010 609 5064 sub
625 5017 895 5078 aspectum
926 5021 1034 5062 non
1059 5005 1275 5070 cadunt,
1305 5019 1413 5058 non
1443 5001 1660 5057 vident:
1691 5013 1745 5062 at
1787 5000 1906 5054 ﬁdei
1949 5000 2088 5075 oculi

512 5099 728 5153 omnino
742 5106 948 5163 contra,
967 5111 1084 5166 quae
1105 5095 1203 5151 sub
1229 5078 1498 5164 aspectum
1517 5092 1733 5158 cadunt,
1757 5105 1861 5144 non
1883 5072 2095 5156 vident,

510 5205 630 5263 qua:
677 5203 806 5244 vero
833 5187 932 5241 sub
972 5195 1246 5256 aspectum
1300 5199 1406 5248 non
1459 5184 1675 5250 eadunt,
1703 5181 1903 5240 vident.
1936 5180 2093 5247 Quod

509 5291 684 5348 autem
727 5296 844 5351 qum
873 5272 1270 5334 videntur‘non
1303 5277 1536 5341 videant,
1587 5284 1641 5329 et
1692 5289 1811 5344 quae
1863 5288 1968 5326 non
2006 5272 2085 5324 vi-

506 5379 699 5432 dentur
739 5371 972 5434 videant,
1027 5369 1223 5427 Paulus
1271 5366 1565 5420 declaravit
1594 5365 1674 5418 his
1703 5363 1878 5417 verbis
1909 5380 1923 5416 :
1954 5361 2091 5428 Nam,

507 5467 912 5540 Momentaueum
931 5471 975 5518 et
996 5461 1100 5517 leue
1123 5458 1457 5514 tribulationis
1483 5472 1639 5523 supra
1665 5455 1869 5508 modum
1890 5454 1940 5508 in
1965 5453 2086 5531 sub.-

507 5537 718 5626 ljimitate
745 5565 984 5608 wtcrnum
1022 5551 1196 5621 gloria:
1221 5547 1416 5617 pondus
1439 5553 1674 5616 operatur
1699 5544 1750 5598 in
1777 5545 1957 5607 nobis;
1982 5528 2082 5598 non

564 5667 579 5728 (
603 5669 638 5727 ι)
671 5666 1034 5728 Clu-ysostomus
1061 5659 1334 5710 inﬁrmitate
1357 5659 1571 5720 corporis
1595 5656 1861 5726 laborabat.

575 5733 581 5742 ι

2218 1067 2649 1124 considerantibus
2677 1072 2818 1126 nobis
2842 1088 2954 1141 qua:
2981 1073 3230 1140 videnlur,
3254 1076 3340 1130 sed
3360 1092 3464 1146 quae
3493 1095 3584 1132 non
3605 1081 3742 1134 riden-

2218 1165 2300 1210 tur
2325 1157 2380 1230 (2
2409 1157 2526 1213 Cor.
2549 1161 2603 1214 4.
2637 1160 2747 1231 17).
2783 1161 2848 1216 Et
2872 1164 3139 1232 quomodo
3167 1164 3422 1239 quispiam
3448 1181 3505 1220 ea
3532 1182 3638 1240 quae
3660 1184 3743 1224 non

2218 1250 2465 1306 videntur
2482 1251 2714 1325 viderit?
2737 1256 2852 1319 Quo
2872 1256 2980 1311 alio
3005 1256 3183 1323 modo,
3207 1257 3305 1311 nisi
3337 1257 3450 1314 ﬁdei
3479 1261 3658 1318 oculis?
3675 1261 3746 1316 Sic

2217 1353 2273 1400 et
2295 1345 2420 1400 alibi
2448 1346 2518 1401 ait
2543 1363 2555 1399 :
2591 1345 2722 1400 Fide
2741 1348 3067 1420 inteltigimus
3081 1358 3254 1419 aptata
3273 1367 3381 1405 esse
3403 1351 3575 1406 stecuia
3594 1351 3744 1422 (Hebr.

2220 1436 2307 1490 11.
2329 1437 2406 1508 5).
2434 1436 2754 1504 Quomodo?
2784 1455 2888 1495 non
2904 1441 3058 1511 enim
3079 1441 3337 1499 videmus.
3360 1441 3424 1498 Ut
3449 1461 3507 1498 ea:
3527 1444 3749 1500 inuisibili-

2218 1527 2310 1583 bus
2332 1529 2545 1584 visibilia
2565 1531 2759 1598 ﬁerent.
2780 1531 2951 1594 Vultis
2967 1533 3106 1588 aliud
3124 1535 3388 1604 proferam
3414 1538 3744 1605 testimonium,

2219 1620 2360 1690 quod
2390 1621 2511 1677 ﬁdei
2540 1623 2678 1677 oculi
2705 1638 2766 1679 ea
2802 1625 3011 1682 videant
3051 1642 3170 1697 qua:
3196 1643 3302 1683 non
3328 1629 3594 1686 videntur?
3618 1631 3748 1687 Gala-

2221 1712 2288 1766 tis
2314 1712 2597 1782 aliquando
2622 1715 2863 1771 scribens
2910 1717 3105 1774 Paulus
3129 1719 3340 1775 diccbat
3371 1737 3383 1773 :
3415 1722 3537 1777 Ante
3576 1740 3748 1792 quorum

2219 1803 2390 1858 oculos
2418 1802 2818 1882 Iesus-Christus
2845 1810 3170 1881 praescriptus
3189 1821 3264 1870 est
3289 1813 3339 1865 in
3367 1813 3496 1878 vobis
3521 1815 3751 1883 miriﬁcus

2221 1893 2360 1968 (Gal.
2391 1897 2441 1951 δ.
2475 1898 2549 1968 1).

2288 1986 2343 2041 2.
2371 1986 2508 2056 Quid
2536 1988 2687 2056 dicis,
2712 2005 2744 2044 ο
2769 1990 2922 2047 beate
2948 1991 3147 2049 Paule?
3174 1994 3227 2048 in
3259 1992 3523 2052 Galatiane
3546 1994 3752 2055 viderunt

2219 2095 2340 2136 eum
2372 2080 2576 2136 Calatre
2598 2084 2952 2138 cruciﬁxum?
2984 2101 3160 2140 nonne
3185 2087 3497 2142 conﬁtemur
3522 2103 3686 2142 omnes
3711 2088 3750 2140 in

2220 2173 2497 2229 Palaestina
2552 2175 2602 2229 in
2631 2175 2803 2234 media
2832 2176 3016 2232 Judzra
3045 2179 3320 2233 Christum
3366 2195 3481 2235 esse
3533 2181 3752 2250 passum?

2218 2266 2496 2334 Quomodo
2525 2283 2652 2340 ergo
2701 2269 2873 2339 ipsum
2917 2269 3118 2325 Galatae
3157 2270 3476 2326 cruciﬁxum
3507 2272 3752 2326 viderunt?

2219 2359 2405 2423 Fidei,
2434 2375 2538 2415 non
2593 2362 2804 2423 carnis.
2847 2362 3034 2421 oculis.
3087 2362 3336 2421 Vidistin‘
3358 2363 3610 2435 quomodo
3651 2363 3748 2417 ﬁdei

2218 2455 2359 2508 oculi
2400 2469 2460 2510 ea
2510 2470 2628 2525 quae
2674 2470 2779 2510 non
2825 2464 3083 2528 apparent
3110 2456 3370 2515 videant?
3398 2457 3439 2511 Α
3481 2465 3615 2511 tanto
3639 2455 3754 2510 extim

2219 2546 2496 2604 intervallo
2555 2558 2608 2603 et
2635 2559 2757 2619 post
2785 2559 2990 2606 tantum
3014 2557 3224 2619 tempus
3251 2549 3512 2605 Christum
3540 2547 3750 2609 viderunt

2217 2641 2555 2700 cruciﬁxum.
2576 2642 2664 2699 Sic
2689 2651 2742 2696 et
2771 2656 2865 2697 vos
2894 2640 3085 2697 videtis
3131 2651 3374 2696 mortuos
3413 2649 3754 2709 resurgentes:

2217 2734 2294 2788 sic
2323 2733 2483 2790 hodie
2517 2735 2736 2790 cernitis
2769 2736 3038 2805 leprosum
3079 2732 3393 2789 mundatum
3425 2753 3439 2788 :
3473 2735 3548 2788 sic
3580 2732 3753 2803 paraly-

2218 2829 2380 2895 ticum
2407 2829 2613 2888 vidistis
2657 2836 2891 2891 erectum
2918 2868 2934 2894 ,
2963 2837 3017 2886 et
3045 2828 3216 2898 magis
3245 2827 3453 2883 vidistis
3474 2868 3490 2893 ,
3512 2842 3656 2897 quam
3679 2825 3754 2880 δυ.

2216 2919 2338 2986 diei,
2370 2920 2458 2991 qui
2479 2930 2604 2975 tunc
2622 2917 2862 2985 aderant.
2895 2918 2974 2973 llli
2997 2933 3227 2989 namque
3254 2925 3538 2988 praesentes
3567 2931 3658 2970 non
3683 2913 3756 2968 ad~

2217 3013 2410 3070 misere
2459 3011 2807 3076 miraculum,
2846 3026 2940 3066 vos
2984 3018 3162 3075 autem
3213 3010 3466 3066 absentes
3511 3007 3654 3062 ﬁdem
3679 3005 3757 3059 ad-

2216 3104 2456 3160 misistis.
2498 3102 2680 3174 ltaque
2719 3104 2838 3174 jure
2879 3102 2990 3162 dixi
3027 3100 3181 3157 vobis
3205 3143 3220 3166 ,
3243 3099 3392 3162 Beati
3428 3101 3570 3155 vestri
3607 3097 3756 3161 oculi,

2214 3197 2332 3268 quia
2376 3196 2542 3256 uident
2565 3195 2775 3269 (Matth.
2809 3193 3030 3268 15.16).
3065 3193 3221 3261 Quod
3258 3194 3304 3250 si
3356 3191 3562 3249 aliunde
3584 3203 3760 3261 quoque

2213 3289 2424 3344 discere
2452 3287 2684 3342 volucris
2706 3329 2720 3351 ,
2753 3286 2877 3342 ﬁdei
2921 3285 3109 3341 oculos
3136 3299 3224 3352 ea,
3251 3300 3377 3355 quae
3399 3299 3503 3339 non
3530 3282 3759 3343 videntur,

2213 3382 2394 3438 vidi-re
2416 3423 2431 3448 ,
2454 3391 2510 3436 et
2539 3397 2598 3436 ea
2626 3423 2640 3445 ,
2672 3395 2791 3452 quae
2829 3379 3095 3444 videntur,
3138 3387 3554 3447 przetercurrere
3584 3391 3596 3428 :
3622 3385 3764 3441 neque

2212 3475 2354 3528 enim
2397 3472 2500 3528 alio
2540 3471 2699 3526 modo
2733 3471 2961 3529 viderint
2983 3484 3044 3524 ea
3066 3510 3083 3537 ,
3113 3484 3232 3538 qua:
3261 3483 3377 3523 non
3408 3467 3655 3530 videntur,
3680 3461 3762 3516 nisi

2210 3580 2370 3635 supra
2410 3565 2549 3620 dicta
2579 3565 2921 3636 despexerint
2947 3579 2962 3618 :
2986 3561 3108 3619 audi
3137 3561 3368 3619 Paulum
3394 3561 3461 3616 de
3497 3557 3763 3615 Ahrahamo

2210 3657 2561 3713 disserentem
2583 3699 2598 3724 ,
2627 3655 2770 3728 quod
2804 3669 2996 3726 nempe
3041 3653 3165 3709 ﬁdei
3204 3654 3383 3709 oculis
3411 3651 3598 3708 viderit
3621 3650 3761 3704 ﬁlium

2209 3765 2366 3807 suum
2395 3749 2541 3806 lsaae
2586 3749 2910 3805 nasciturum
2935 3788 2950 3812 ,
2989 3756 3043 3803 et
3067 3747 3146 3801 sic
3180 3745 3455 3816 acceperit
3490 3739 3761 3815 promissio-

2209 3859 2354 3899 nem.
2404 3841 2542 3910 Quid
2574 3840 2714 3896 euim
2745 3841 2859 3895 ait?
2887 3838 2955 3893 Et
2991 3855 3090 3893 non
3126 3838 3423 3906 infirmatus
3459 3845 3529 3890 est
3548 3834 3659 3903 ﬁde,
3687 3844 3760 3882 nec

2207 3936 2537 4014 consideravit
2561 3950 2743 4004 corpus
2761 3949 2908 3989 suum
2934 3940 3216 3987 emortuum
3245 3930 3428 4000 (Rom.
3458 3929 3512 3983 4.
3542 3926 3644 3997 19).
3669 3922 3760 3978 Ma-

2205 4045 2310 4100 gna
2343 4028 2424 4083 vis
2466 4026 2611 4082 ﬁdei.
2658 4023 3115 4093 Quemadmodum
3144 4022 3293 4076 enim
3334 4019 3659 4089 Cogitationes
3680 4014 3758 4066 ho-

2205 4125 2398 4198 minum
2448 4121 2638 4191 timidae
2686 4128 2802 4189 sunt
2832 4127 2877 4173 et
2914 4117 3134 4185 inﬁrma:
3177 4113 3336 4188 (Sap.
3369 4113 3422 4170 9.
3455 4112 3540 4183 H)
3563 4127 3578 4174 ;
3600 4109 3668 4164 sic
3707 4103 3758 4158 ﬁ-

2204 4217 2300 4274 des
2345 4216 2498 4272 fortis
2545 4222 2840 4284 potensque
2895 4218 2994 4266 est.
3048 4207 3171 4263 Non
3217 4207 3552 4262 considerauit
3600 4215 3757 4269 corpus

2202 4326 2349 4364 suum
2385 4315 2687 4362 emortuum.
2717 4301 2903 4358 Viden‘
2923 4298 3190 4372 quomodo
3217 4297 3449 4352 visibilia
3495 4289 3754 4350 dimiserit?

2201 4399 2469 4472 quomodo
2521 4411 2628 4461 non
2685 4392 2980 4464 respexerit
3025 4391 3078 4445 in
3136 4388 3514 4445 senectutem?
3562 4381 3756 4438 Etiamsi

2203 4494 2318 4546 inec
2356 4505 2468 4562 prae
2493 4488 2666 4544 oculis
2708 4495 2842 4552 erat,
2875 4483 2971 4542 sed
3020 4481 3143 4537 ﬁdei
3183 4481 3357 4536 oculis
3384 4477 3618 4540 videbat,
3664 4484 3752 4525 non

2199 4587 2368 4642 oculis
2419 4582 2681 4654 corporis.
2722 4579 2848 4635 Ideo
2878 4592 2986 4633 non
3024 4573 3260 4645 respexit
3303 4571 3370 4626 ad
3411 4575 3751 4626 senectutem,

2199 4695 2370 4751 neque
2399 4677 2480 4752 Ad
2510 4686 2786 4748 emortuam
2825 4671 3021 4726 uuluam
3051 4667 3226 4725 Sarra:
3252 4665 3432 4739 (Rom.
3464 4665 3515 4718 4.
3542 4660 3641 4730 19).
3668 4656 3753 4752 llic.

2199 4750 2531 4828 Sterilitatem
2569 4767 2722 4822 nobis
2739 4762 3064 4820 subindicat.
3094 4759 3296 4827 Duplex
3325 4758 3471 4812 enim
3501 4750 3750 4808 inﬁrmitas

2197 4862 2463 4929 erat;alia
2490 4877 2522 4914 a
2543 4865 2837 4920 senectute,
2863 4853 2964 4907 alia
2993 4852 3057 4906 ab
3087 4849 3399 4904 inﬁrmitate
3422 4854 3636 4900 naturaa.
3656 4837 3746 4892 Ne-

2195 4973 2299 5028 que
2328 4954 2471 5009 euim
2518 4959 2719 5006 tantum
2771 4962 2966 5017 corpus
3013 4944 3082 4998 ob
3109 4935 3320 4997 aetatem
3365 4939 3435 4994 ad
3489 4937 3746 4992 liberorum

2192 5021 2616 5117 procreationem
2653 5039 2891 5108 ineptum
2932 5045 3080 5100 erat,
3111 5031 3204 5088 sed
3235 5033 3391 5086 vulva
3422 5039 3622 5098 quoque
3648 5021 3747 5089 ejus

2193 5149 2248 5212 et
2273 5147 2475 5210 natura:
2505 5134 2716 5190 ofﬁcina
2741 5140 2857 5186 erat
2881 5135 3122 5194 emortua
3146 5166 3162 5192 ,
3189 5124 3351 5179 etiam
3374 5130 3498 5176 ante
3523 5121 3744 5179 senectu-

2195 5202 2300 5287 tem
2326 5271 2341 5295 ,
2374 5205 2565 5297 nempe
2605 5224 2675 5280 ob
2705 5222 3061 5295 sterilitatem.
3089 5217 3272 5271 Viden‘
3299 5221 3501 5283 quanta
3548 5202 3743 5273 impedi-

2193 5323 2407 5396 menta?
2454 5321 2712 5376 Senectus
2758 5315 2894 5379 viri,
2943 5321 3189 5366 senectus
3244 5307 3432 5363 uxoris
3474 5297 3740 5358 :sterilitas

2191 5394 2361 5489 major
2388 5415 2544 5476 obex.
2577 5426 2734 5481 quam
2761 5413 3009 5463 senectus
3033 5422 3046 5458 :
3069 5418 3189 5458 nam
3220 5400 3347 5456 illud
3369 5407 3454 5454 est
3481 5393 3738 5450 maximum

2192 5509 2259 5565 ad
2280 5483 2575 5563 liberorum
2608 5500 3030 5572 procreationem
3057 5493 3514 5566 impedimentum.
3545 5483 3736 5572 Verum-

2194 5613 2369 5655 tamen
2401 5600 2515 5652 ha-c
2535 5593 2709 5652 omnia
2743 5587 3135 5662 praetercurrit,
3176 5590 3331 5650 atque
3356 5576 3524 5633 oculis
3553 5568 3661 5626 ﬁdei
3687 5565 3732 5625 in.
