4104 6214
198 295 296 355 271

845 294 917 353 IN
949 295 1180 365 ILLUD,
1212 293 1350 352 HOC
1402 292 1693 352 SCITOTE
1724 292 1914 361 QUOD
1951 292 2021 351 IN
2058 290 2455 352 NOVISSIMIS
2483 289 2755 362 DIEBUS,
2796 290 2948 350 ETC.

3513 291 3624 350 212

1736 798 2136 886 OMIAIA

187 1099 286 1166 Εἰς
335 1097 403 1155 τό
457 1093 871 1153 ἁποστολικὸν
896 1092 1092 1163 ῥητὸν
1148 1091 1214 1147 τὸ
1245 1090 1453 1162 λόγον·
1516 1087 1687 1147 Τοῦτο
1719 1088 1775 1142 δὲ
1833 1088 2149 1214 virgatas,
2207 1088 2288 1144 ὅτι
2334 1091 2394 1144 έν
2443 1088 2701 1160 ἐσχάταις
2747 1088 2984 1161 ἡμέραις
3032 1089 3243 1144 ἔσονται
3306 1089 3487 1160 καιροὶ
3540 1107 3633 1162 χα-

256 1596 327 1646 α’.
371 1586 627 1660 ’Δσθενὴς
677 1585 775 1659 μέν
805 1586 921 1656 ειμι
949 1583 1044 1638 καὶ
1076 1582 1309 1655 πτωχὸς,
1344 1584 1437 1637 καὶ
1464 1582 1858 1638 διδασκαλικῶν

187 1675 418 1747 ἄπειρος
456 1675 647 1745 λόγων·
700 1672 814 1727 ἀλλ’
845 1672 975 1726 ὃταν
1008 1671 1102 1724 ῐδω
1149 1671 1239 1724 τὸν
1274 1671 1538 1743 ὑμέτερον
1579 1669 1857 1738 σύλλογον,

187 1761 618 1834 ἐπιλανθάνομαι
651 1760 749 1832 τῆς
774 1752 1076 1823 ἀσθενείας,
1103 1757 1283 1827 ἀγνοῶ
1314 1758 1414 1828 τὴν
1449 1756 1738 1828 πτωχείαν,
1761 1756 1861 1810 οὐκ

185 1843 305 1902 οἶδα
326 1849 430 1921 τὴν
458 1846 734 1921 ἀπειρίανο
769 1844 996 1914 τοιαύτη
1013 1843 1123 1915 γὰρ
1151 1844 1251 1915 τῆς
1276 1843 1548 1915 ὑμετέρας
1579 1844 1796 1913 ἀγάπης
1823 1844 1857 1914 ἡ

181 1936 468 2008 τυραννίς.
491 1935 583 1988 Διδ
610 1934 702 1987 καὶ
727 1932 835 1986 τῶν
858 1934 916 1986 ἐν
935 1932 1167 2003 εὐπορία
1204 1930 1557 1985 καθεστώτων
1590 1930 1862 2003 προθυμό-

179 2038 347 2094 τερον
391 2024 523 2092 ὑμῖν
561 2020 660 2092 τὴν
700 2022 800 2091 τῆς
853 2018 1126 2089 πτωχείας
1178 2017 1520 2089 παρατίθημι
1560 2019 1860 2089 τράπεζαν.

179 2109 416 2181 Ταύτης
447 2110 503 2163 δὲ
530 2109 687 2179 ὑμεῖς
710 2107 873 2163 αἴτιοι
898 2106 998 2177 τῆς
1029 2106 1449 2177 μεγαλοψυχίας,
1478 2107 1545 2177 τῇ
1583 2105 1863 2178 προθυμίᾳ

177 2198 287 2267 τῆς
328 2198 649 2269 ἀκροάσεως
678 2198 804 2257 τοὺς
835 2194 1294 2255 ἀναπεπτωκότας
1322 2194 1700 2265 διεγείροντες,
1723 2194 1861 2264 πρὸς

179 2286 285 2358 τὴν
326 2286 595 2356 ἀκρόασιν
628 2282 936 2356 κεχηνότες,
977 2281 1071 2336 καὶ
1103 2280 1204 2351 τῆς
1253 2281 1347 2334 τοῦ
1381 2281 1629 2350 λέγοντος
1662 2281 1860 2352 έκκρεο

186 2375 431 2451 μάμενοι
456 2371 722 2440 γλώττης.
755 2367 913 2422 Οῦτω
932 2368 1025 2421 καὶ
1054 2368 1263 2422 νεοσσοὶ⁵
1299 2367 1603 2438 χελιδόνων,
1642 2366 1861 2421 ἐπειδὰν

186 2462 343 2514 ἴδωσι
375 2456 831 2531 προσιπταμένην
877 2455 977 2526 τὴν
1011 2453 1245 2525 μητέρα,
1284 2453 1384 2523 τῆς
1422 2452 1616 2516 καλιᾶς
1648 2453 1857 2523 προκύ-

186 2548 391 2616 ψαντες
431 2545 523 2599 καὶ
550 2543 680 2606 τοὺς
731 2541 962 2612 αὐχένας
1009 2543 1330 2611 ποιήσαντες
1355 2541 1667 2612 ὲκκρεμεῖς,
1717 2538 1860 2594 οὑτω

191 2633 436 2705 δέχονται
456 2631 556 2703 τὴν
583 2628 716 2701 παρ’
743 2630 955 2700 ἐκείνης
982 2628 1209 2699 τροφήν.
1240 2624 1399 2680 Οὕτω
1418 2626 1512 2679 καὶ
1531 2626 1689 2697 ὑμεῖς
1725 2626 1861 2698 μετά

194 2727 398 2798 πολλῆς
429 2723 526 2796 τῆς
549 2721 858 2795 προθυμίας
879 2720 1013 2791 πρὸς
1043 2718 1136 2774 τὸν
1164 2717 1388 2787 λέγοντα
1429 2714 1737 2789 βλέποντες,
1772 2716 1859 2769 δέ-

197 2814 362 2891 χεσθε
388 2813 481 2883 τὴν
505 2810 612 2865 άπὸ
639 2805 792 2881 [279]
817 2808 915 2878 τῆς
938 2804 1182 2877 γλώττης
1214 2803 1579 2891 κομιζομένην
1600 2804 1727 2875 ὑμῖν
1748 2803 1861 2857 διά-

200 2889 373 2963 λεξιν,
397 2898 487 2951 καὶ⁵
530 2898 656 2968 πρὶν
684 2896 718 2968 ἢ
754 2895 822 2949 τὰ
854 2896 1075 2966 ῥήματα
1116 2892 1424 2962 ἐκπηδῆσαι
1468 2889 1563 2944 τοῦ
1596 2890 1862 2961 στόματος

208 2983 392 3062 ἡμῶν,
416 2984 649 3055 ἥρπασεν
678 2983 714 3054 ή
740 2980 950 3036 διάνοια
976 2979 1046 3034 τὰ
1076 2978 1363 3050 λεγόμενα.
1399 2978 1492 3041 Τίς
1527 2972 1620 3031 οῦν
1660 2978 1758 3029 οὑκ
1796 2975 1862 3031 ἀν

211 3071 308 3127 καὶ
334 3071 471 3143 ὑμᾶς
499 3069 591 3124 καὶ
622 3070 767 3147 ἡμᾶς
816 3069 910 3122 ἐπὶ
947 3065 1156 3129 τούτοις
1215 3064 1589 3138 μακαρίσειεν,
1617 3064 1699 3117 ὃτι
1719 3064 1863 3131 λέγο-

207 3175 310 3240 μεν
339 3159 439 3224 Εις
464 3151 581 3212 ὦτα
601 3154 943 3215 ἀκουόντων
957 3169 978 3218 ;
1007 3151 1201 3240 Κοινδς
1222 3153 1249 3205 ὁ
1283 3151 1460 3240 πόνος,
1486 3151 1665 3240 κοινὸς
1689 3151 1864 3240 -καὶμό

201 3236 482 3316 στέφανος·
510 3243 689 3299 κοινὸν
703 3242 762 3297 τὸ
777 3240 987 3313 κέρδος,
1006 3238 1184 3303 κοινὸς
1212 3238 1306 3292 καὶ⁵
1325 3238 1354 3291 ὀ
1382 3236 1590 3312 μισθός.
1616 3236 1713 3289 Διά
1743 3236 1864 3289 τοῦ·

195 3350 261 3389 το
282 3333 418 3391 καὶό
441 3329 671 3404 Χριστὸς
702 3327 1003 3400 ἐμακάρισε
1032 3326 1158 3389 τοὺς
1196 3324 1442 3395 μαθητὰς
1470 3324 1662 3392 λέγων·
1681 3322 1864 3404 Ύμῶν

195 3418 265 3475 δὲ
279 3403 555 3489 μακάριοι
584 3421 639 3472 οἱ
665 3413 977 3486 ὀφθαλμοὶ,
1005 3413 1093 3466 ὅτι
1130 3412 1457 3477 βλέπουσι,
1506 3409 1603 3463 καὶ
1634 3409 1705 3463 τὰ
1745 3403 1863 3463 ὦτα

190 3505 390 3576 ὑμῶν,
419 3506 511 3560 ὅτι
556 3505 868 3560 ἀκούουσι.
909 3500 1040 3553 Δότε
1071 3516 1159 3570 μοι
1197 3497 1367 3551 ταῦτα
1390 3496 1459 3550 τὰ
1495 3497 1711 3568 ῥήματα
1769 3495 1864 3548 καὶ

193 3593 335 3662 πρὸς
368 3592 513 3663 ὑμᾶς
552 3591 749 3652 εἰπεῖν,
775 3587 966 3657 ἐπειδὴ
1015 3586 1109 3640 καὶ
1153 3585 1252 3656 τὴν
1297 3583 1465 3654 αὑτὴν
1492 3581 1864 3636 ὲπιδείκνυσθε

190 3680 531 3754 προθυμίανο
569 3676 765 3747 Ὑμῶν
791 3675 857 3730 δὲ
894 3672 1169 3747 μακάριοι
1197 3675 1252 3726 οἱ
1276 3670 1587 3741 ὀφθαλμοὶ,
1613 3668 1863 3747 ὄτιβλέ·

189 3785 407 3834 πουσι,
460 3766 558 3822 καὶ
604 3766 678 3820 τὰ
722 3760 844 3820 ὦτα
882 3763 1070 3832 ὑμῶν,
1106 3760 1193 3816 ὅτι
1239 3759 1586 3814 ἀκούουσιν.
1617 3756 1753 3811 Ἀλλ’
1782 3757 1865 3810 ὅτι

190 3855 299 3927 μὲν
333 3853 494 3927 ὑμῶν
521 3853 588 3907 τὰ
614 3847 729 3909 ὦτα
759 3849 969 3915 ἀκούει,
1001 3848 1177 3918 δῆλον·
1201 3847 1281 3900 ὅτι
1306 3845 1363 3899 δὲ
1400 3845 1492 3899 καὶ
1519 3845 1568 3897 οἱ
1600 3842 1866 3914 ὀφθαλμοὶ

190 3943 482 4016 βλέπουσι,
532 3940 784 4013 καθάπερ
834 3936 1058 3989 ἐϐλεπον
1107 3933 1158 3987 οἱ
1189 3931 1457 4015 χμαθηταὶ
1505 3931 1661 3996 τότε,
1710 3930 1867 4016 τοῦτο

187 4015 481 4096 ἀποδεῖξαι
507 4027 860 4099 πειράσομαι,
890 4023 976 4078 ῖνα
1011 4019 1084 4095 μὴ
1107 4018 1166 4088 ἐξ
1186 4018 1462 4090 ἡμισείας,
1497 4016 1609 4071 ἀλλ’
1639 4015 1865 4087 ὀλόκλη-

190 4135 286 4196 ρος
308 4116 475 4189 ὑμῶν
504 4117 533 4170 ὀ
576 4110 924 4187 μακαρισμὸς
1054 4108 1120 4162 Τί
1148 4103 1241 4163 οῦν
1279 4105 1507 4196 ἔϐλεπον
1533 4104 1654 4196 τότε
1685 4104 1735 4157 οἱ
1770 4121 1870 4173 μαο

189 4190 396 4277 θηταίς
431 4203 677 4273 Νεκροὺς
716 4197 1139 4270 ἀνισταμένους,
1169 4194 1403 4264 τυφλοὺς
1445 4190 1868 4254 ἀναὸλέποντας,

188 4292 437 4365 λεπροὺς
465 4286 913 4361 καθαιρομένους,
940 4284 1198 4355 δαίμονας
1225 4280 1634 4352 ἐλαυνομένους,
1665 4278 1871 4365 χωλούς

194 4363 544 4455 βαδίζοντας,
569 4377 714 4432 ἅπαν
743 4374 956 4445 φύσεως
985 4371 1288 4443 ἁμάρτημα
1316 4367 1712 4455 διορθούμενον.
1730 4363 1874 4419 Ταῦ-

190 4453 261 4521 τα
289 4467 529 4538 βλέπετε
557 4464 651 4519 καὶ
673 4462 830 4533 ὑμεῖς
863 4459 978 4525 νῦν,
1011 4461 1058 4512 εί
1091 4459 1187 4512 καὶ
1220 4456 1294 4528 μὴ
1323 4457 1436 4518 τοῖς
1468 4453 1559 4509 τοῦ
1597 4453 1867 4526 σώματος,

194 4556 334 4624 ἀλλὰ
366 4555 491 4618 τοῖς
525 4554 624 4623 τῆς
649 4549 881 4611 πίστεως
909 4545 1225 4616 ὀφθαλμοῖς.
1256 4540 1512 4596 Τοιαῦται
1540 4542 1650 4614 γάρ
1690 4541 1746 4594 αἱ
1770 4540 1871 4609 τῆς

193 4644 442 4704 πίστεως
463 4639 635 4709 ὄψεις
673 4636 742 4690 τὰ
779 4636 854 4707 μὴ
877 4633 1171 4705 φαινόμενα
1194 4630 1467 4701 βλέπουσι,
1500 4630 1593 4683 καὶ
1616 4627 1685 4680 τά
1713 4627 1874 4699 μηδέ-

196 4747 283 4784 πω
324 4727 651 4800 πραχθέντα
663 4721 1032 4800 ’κατανοοῦσα
1076 4718 1246 4774 Πόθεν
1270 4716 1429 4770 τοῦτο
1452 4716 1629 4788 δῆλον,
1652 4716 1733 4768 ὅτι
1778 4715 1871 4768 πί-

198 4834 315 4879 στις
331 4793 602 4886 διξαιςέστὶ
626 4793 737 4866 τῶν
757 4809 833 4882 μὴ
843 4806 1209 4880 βλεπομένων
1224 4805 1318 4859 καὶ
1341 4804 1558 4873 ἐλεγχος
1576 4821 1592 4871 ;
1610 4803 1874 4856 ’Ἄκουσον

195 4905 293 4957 τοῦ
326 4901 549 4963 Παύλου
588 4899 857 4968 λέγοντος·
890 4897 1067 4950 Ἐστι
1118 4892 1188 4946 δὲ
1235 4893 1439 4958 πίστις
1478 4888 1875 4960 ἐλπιζομένων

198 4993 549 5054 ὑπόστασις
604 4982 980 5055 πραγμάτων,
1035 4981 1286 5050 ἔλεγχος
1341 4980 1413 5033 οὐ
1457 4977 1871 5047 βλεπομένων.

198 5080 316 5134 Καὶ
332 5078 403 5132 τὸ
432 5076 498 5147 δὴ
545 5072 877 5145 θαυμαστὸν,
921 5062 1068 5123 οὗτοι
1102 5069 1200 5139 μὲν
1226 5069 1277 5121 οι
1307 5068 1406 5136 τῆς
1430 5066 1631 5138 σαρκὸς
1672 5064 1873 5134 ὀφθαλ-

209 5168 307 5235 μοὶ
333 5163 412 5217 τὰ
438 5161 536 5233 μὲν
582 5159 832 5232 ὁρώμενα
879 5157 1154 5228 βλέπουσι,
1199 5155 1266 5208 τά
1304 5155 1361 5208 δὲ
1416 5152 1491 5224 μὴ
1512 5152 1764 5224 ὁρώμενα
1812 5153 1873 5206 οὐ

200 5252 522 5321 βλέπουσιν·
550 5250 600 5301 οί
625 5247 683 5301 δὲ
709 5247 808 5316 τῆς
843 5244 1073 5306 πίστεως
1091 5240 1357 5311 ὀφθαλμοὶ
1379 5239 1688 5293 τούναντίον
1709 5239 1873 5302 άπαν,

198 5342 271 5393 τὰ
298 5339 409 5410 μὲν
434 5334 688 5408 ὁρώμενα
737 5335 799 5387 οὑ
844 5332 1125 5403 βλέπουσι,
1171 5330 1240 5381 τὰ
1271 5328 1326 5381 δὲ
1361 5327 1435 5398 μὴ
1474 5326 1726 5399 ὁρώμενα
1757 5325 1878 5395 βλέ-

200 5443 396 5480 πουσι.
419 5424 530 5477 Καὶ
562 5424 640 5476 ὅτι
686 5422 756 5475 τά
792 5419 1096 5489 βλεπόμενα
1147 5418 1206 5469 ού
1240 5416 1516 5486 βλέπουσι,
1565 5415 1658 5467 καὶ
1684 5413 1751 5467 τά
1802 5414 1876 5484 μὴ

201 5511 525 5582 βλεπόμενα
558 5510 862 5580 βλέπουσιν,
900 5508 929 5559 ὁ
963 5503 1172 5567 Παῦλος
1205 5503 1468 5572 ἐδήλωσεν
1488 5501 1657 5555 εἰπὼν
1683 5501 1875 5564 οὕτως’

205 5600 281 5655 Τὸ
310 5600 425 5670 γάρ
462 5597 799 5667 παραυτίκα
825 5594 1088 5663 ἐλαφρόν
1115 5591 1225 5659 τῆς
1253 5592 1514 5659 θλίψεως
1546 5591 1674 5642 καθ’
1697 5592 1879 5656 ὑπερ-

198 5688 407 5756 ϐολήν
454 5689 540 5753 εἰς
594 5684 931 5754 ὑπερϐολὴν
983 5682 1219 5737 αἰώνιον
1257 5677 1448 5747 βάρος
1501 5676 1684 5744 δόξης
1738 5676 1880 5746 ἡμῖν

1878 1386 1952 1402 -ν

1962 1581 2393 1653 κατεργάζεται,
2412 1580 2498 1651 μὴ
2545 1581 2939 1635 σκοπούντων
2971 1583 3140 1653 ἡμῶν
3169 1584 3240 1639 τὰ
3257 1584 3609 1656 βλεπόμενα

1959 1671 2123 1726 ἀλλὰ
2148 1672 2222 1725 τὰ
2246 1669 2333 1740 μὴ
2377 1670 2747 1739 βλεπόμενα.
2776 1670 2888 1723 Καὶ
2933 1671 3049 1735 πῶς
3076 1672 3140 1726 ἄν
3174 1690 3254 1736 τις
3310 1674 3408 1727 ἴδοι
3454 1674 3523 1728 τὰ
3555 1676 3630 1748 μὴ

1962 1758 2303 1829 βλεπόμενα;
2332 1757 2456 1819 Πῶς
2483 1756 2677 1820 ἄλλως,
2710 1756 2823 1810 ἀλλ’
2846 1755 2878 1828 ἢ
2906 1760 3018 1820 τοῖς
3044 1760 3140 1829 τῆς
3163 1758 3400 1823 πίστεως
3429 1760 3630 1827 ὀφθαλ-

1964 1849 2114 1917 μοῖς;
2149 1845 2305 1899 Οὑτω
2333 1845 2428 1900 καὶ
2460 1843 2695 1915 ἀλλαχοῦ
2731 1861 2884 1916 φησι·
2907 1845 3118 1899 Πίστει
3138 1845 3398 1915 νοοῦμεν
3422 1865 3630 1917 κατηρ-

1959 1931 2156 1986 τίσθαι
2192 1930 2334 1997 τοὺς
2354 1931 2592 1996 αἰῶνας.
2626 1929 2784 1995 Πῶς;
2824 1930 2889 1985 ού
2924 1929 3032 2002 γὰρ
3070 1930 3300 2001 εἴδομεν.
3328 1932 3430 1998 Εις
3449 1934 3514 1986 τὸ
3542 1934 3630 2002 μὴ

1959 2016 2027 2071 ἐκ
2055 2016 2433 2086 φαινομένων
2456 2018 2527 2070 τὰ
2542 2016 2897 2085 βλεπόμενα
2945 2018 3276 2087 γεγονέναι,
3310 2018 3469 2088 φησι.
3499 2019 3633 2073 Βούο

1960 2103 2118 2157 λεσθε
2142 2104 2236 2158 καὶ
2271 2102 2463 2174 ἑτέραν
2496 2103 2731 2176 παράγω
2757 2103 3083 2175 μαρτυρίαν,
3107 2105 3189 2159 ὅτι
3211 2105 3280 2160 τά
3321 2107 3397 2176 μὴ
3431 2104 3629 2176 βλεπό-

1964 2208 2101 2262 μενα
2167 2191 2457 2261 βλέπουσιν
2501 2191 2552 2242 οἱ
2598 2190 2697 2259 τῆς
2747 2191 2983 2253 πίστεως
3034 2191 3333 2262 ὀφθαλμοῖς
3365 2193 3633 2257 Γαλάταις

1962 2279 2093 2332 ποτὲ
2118 2278 2389 2350 γράφωνὸ
2419 2276 2629 2341 Παῦλος
2658 2278 2860 2347 ἔλεγεν·
2880 2274 2984 2344 Οἷς
2998 2279 3125 2334 κατ’
3147 2281 3494 2351 ὀφθαλμοὺς
3528 2283 3633 2352 Ἰηο

1960 2364 2111 2430 σοῦς
2132 2363 2383 2431 Χριστὸς
2406 2362 2745 2433 amoenode
2768 2365 2837 2418 ἐν
2859 2364 3000 2434 ὑμῖν
3015 2367 3485 2437 ἐσταυρωμένος.
3536 2380 3553 2394 ‘

2035 2452 2100 2522 β’.
2128 2452 2193 2503 Τί
2218 2450 2414 2518 λέγεις,
2443 2447 2488 2504 ὦ
2515 2451 2752 2523 μακάριε
2770 2452 2984 2519 Παῦλε;
3018 2454 3075 2507 ἐν
3104 2454 3337 2527 Γαλατίᾳ
3364 2457 3630 2529 σταυρού-

1963 2556 2125 2612 μενον
2160 2538 2323 2591 αὑτὸν
2358 2534 2496 2591 εἶδον
2537 2538 2812 2605 Γαλάται;
2851 2538 2972 2609 οὑχὶ
3006 2541 3207 2605 πάντες
3240 2544 3628 2615 ὁμολογοῦμεν,

1958 2628 2039 2681 ὅτι
2071 2628 2128 2679 ἐν
2160 2620 2491 2696 Παλαιστίνῃ
2539 2626 2596 2678 ἐν
2631 2625 2770 2697 μέσῃ
2807 2626 3033 2698 Ἰουδαία
3062 2628 3123 2681 τὸ
3168 2630 3338 2693 πάθος
3383 2632 3627 2699 ἐγένετο;

1961 2712 2082 2776 Πῶς
2111 2706 2204 2765 οῦν
2237 2710 2395 2765 αὑτὸν
2432 2707 2572 2765 εἶδον
2622 2712 3019 2784 σταυρούμενον
3061 2716 3326 2777 Γαλάται;
3371 2717 3496 2782 Τοῖς
3531 2720 3629 2790 τῆς

1963 2802 2197 2863 πίστεως
2233 2799 2549 2870 ὀφθαλμοῖς,
2581 2799 2642 2852 οὑ
2690 2803 2800 2864 τοῖς
2832 2800 2932 2871 τῆς
2975 2804 3195 2874 σαρκός.
3246 2800 3398 2869 Εἶδες
3428 2806 3544 2870 πῶς
3578 2807 3627 2860 οί

1962 2890 2063 2959 τῆς
2116 2886 2354 2949 πίστεως
2400 2885 2667 2958 ὀφθαλμοὶ
2711 2887 2782 2941 τά
2831 2887 2906 2959 μὴ
2954 2889 3257 2961 φαινόμενα
3305 2891 3626 2962 βλέπουσιν;

1975 2978 2109 3034 Ἀπὸ
2154 2977 2409 3033 τοσούτου
2466 2978 2597 3048 γοῦν
2643 2977 3014 3051 διαστήματος
3061 2981 3156 3035 καὶ
3195 2981 3333 3052 μετά
3378 2982 3629 3037 τοσοῦτον

1962 3067 2152 3138 χρόνον
2177 3066 2268 3120 τὸν
2290 3065 2526 3137 Χριστὸν
2560 3059 2699 3120 εἶδον
2726 3065 3146 3138 σταυρούμενον.
3164 3068 3321 3123 Οῦτω
3351 3069 3444 3123 καὶ
3475 3070 3630 3141 ὑμεῖς

1965 3152 2191 3223 βλέπετε
2253 3153 2379 3214 τοὺς
2425 3152 2652 3224 νεκροὺς
2715 3153 3132 3223 ἀνισταμένους·
3192 3154 3331 3208 οὕτω
3394 3157 3630 3229 σήμερον

1963 3239 2131 3292 εἴδετε
2200 3238 2293 3293 τὸν
2344 3237 2542 3309 λεπρὸν
2610 3238 3037 3309 καθαιρόμενονο
3096 3239 3267 3304 οὕτως
3314 3241 3484 3294 εἴδετε
3541 3243 3628 3297 τδν

1964 3326 2407 3397 παραλελυμένον
2446 3325 2773 3387 ἀναστάντα,
2803 3324 2953 3398 [280]
2989 3327 3084 3379 καὶ
3133 3326 3331 3398 μᾶλλον
3365 3328 3628 3384 Ἰουδαίων

1962 3412 2071 3465 τῶν
2120 3412 2403 3485 παρόντων
2448 3411 2639 3466 εἴδετε.
2681 3413 2910 3466 Ἐκεῖνοι
2959 3412 3059 3484 μὲν
3095 3413 3203 3485 γὰρ
3252 3414 3519 3485 παρόντες
3566 3418 3627 3469 οὐ

1965 3499 2326 3571 παρεδέξαντο
2357 3499 2421 3554 τὸ
2453 3498 2659 3571 θαῦμα,
2687 3500 2844 3571 ὑμεῖς
2889 3500 2947 3554 δὲ
2992 3500 3223 3566 ἀπόντες
3262 3502 3628 3574 παρεδέξασθε

1964 3588 2062 3660 τὴν
2086 3587 2288 3642 πίστιν.
2321 3587 2483 3643 Ὥστε
2508 3587 2733 3652 δικαίως
2777 3584 2928 3642 εἷπον
2959 3588 3096 3661 πρὸς
3123 3589 3288 3660 ὑμᾶς,
3315 3589 3397 3642 ὅτι
3429 3592 3630 3644 Μακά-

1957 3692 2081 3745 ριοι
2109 3674 2253 3745 ὑμῖν
2279 3678 2331 3729 οἱ
2363 3676 2678 3745 ὀφθαλμοὶ,
2708 3676 2798 3731 ὅτι
2816 3676 3183 3742 βλέπουσιν.
3220 3677 3282 3731 Εἰ
3314 3678 3370 3732 δὲ
3399 3678 3491 3732 καὶ
3516 3677 3625 3730 ἐτέ-

1969 3761 2141 3832 ριυθεν
2176 3760 2356 3830 βούλει
2399 3750 2588 3831 μαθεῖν
2633 3761 2825 3819 ὅτιντά
2865 3761 2942 3834 μὴ
2986 3762 3292 3833 βλεπόμενα
3343 3763 3630 3834 βλέπουσιν

1966 3850 2014 3901 οἱ
2052 3848 2148 3917 τῆς
2176 3847 2411 3910 πίστεως
2435 3847 2720 3917 ὀφθαλμοὶ,
2746 3847 2816 3901 τὰ
2844 3848 2900 3901 δὲ
2927 3847 3232 3919 βλεπόμενα
3258 3850 3629 3921 παρατρέχου-

1970 3950 2052 3987 σιν
2072 3947 2087 3962 ⁰
2123 3933 2243 3987 οὐδὲ
2271 3933 2380 4005 γὰρ
2412 3934 2478 3987 ἂν
2504 3933 2676 3996 ἄλλως
2707 3934 2865 3987 ἴδοιεν
2895 3934 2966 3987 τὰ
2995 3934 3071 4006 μὴ
3114 3935 3436 4006 βλεπόμενα,
3469 3939 3517 3989 εί
3554 3937 3629 4007 μὴ

1969 4022 2443 4092 καταφρονήσαιεν
2486 4020 2596 4072 τῶν
2639 4019 2974 4090 εἰρημένων·
3028 4022 3257 4076 ἄκουσον
3288 4022 3381 4075 τοῦ
3417 4022 3630 4078 Παύλου

1969 4108 2097 4181 περὶ
2131 4108 2226 4162 τοῦ
2258 4107 2510 4178 ’Δσραάμ
2544 4106 2947 4177 διαλεγομένου,
2977 4109 3057 4162 ὅτι
3098 4112 3210 4173 τοῖς
3254 4109 3354 4180 τῆς
3400 4110 3632 4174 πίστεως

1968 4195 2265 4266 ὀφθαλμοῖς
2293 4190 2397 4249 εἶδε
2429 4195 2519 4248 τὸν
2546 4196 2661 4250 υἱὸν
2681 4195 2996 4266 τικτόμενον
3015 4195 3104 4249 τὸν
3137 4196 3343 4261 Ἰσαάκ,
3368 4196 3461 4250 καὶ
3492 4195 3633 4252 οὕτω

1955 4282 2291 4367 ,κατεδέξατο
2342 4281 2440 4353 τὴν
2491 4281 2840 4351 ἐπαγγελίαν.
2906 4283 2970 4337 Τί
3009 4282 3116 4354 γάρ
3168 4299 3330 4354 φησι;
3377 4284 3486 4338 Καὶ
3543 4282 3631 4353 μὴ

1969 4368 2317 4435 ἀσθενήσας
2344 4367 2419 4437 τῇ
2442 4370 2660 4434 πίστει,
2684 4371 2756 4423 οὐ
2779 4370 3107 4438 κατενόησε
3133 4371 3198 4424 τὸ
3225 4370 3440 4425 ἑαυτοῦ
3464 4368 3634 4439 σῶμα

1970 4456 2433 4526 νενεκρωμένον.
2458 4455 2683 4527 Μεγάλη
2712 4456 2811 4527 τῆς
2837 4456 3071 4522 πίστεως
3099 4457 3398 4530 ήδύναμις.
3424 4458 3635 4527 Ὥσπερ

1972 4542 2079 4614 γὰρ
2106 4541 2384 4612 λογισμοὶ
2429 4542 2754 4611 ἀνθρώπων
2783 4542 2968 4599 δειλοὶ
3003 4545 3101 4600 καὶ
3153 4545 3448 4611 ἀσθενεῖς,
3493 4544 3635 4599 οὑτω

1974 4629 2156 4692 πίστις
2190 4628 2387 4700 ισχυρά
2426 4630 2521 4684 καὶ
2568 4629 2790 4702 δυνατή.
2825 4632 2907 4686 Οὐ
2935 4633 3269 4700 κατενόησε
3305 4632 3372 4685 τὸ
3416 4633 3585 4684 ἐαυτι

1973 4715 2145 4786 σῶμα
2175 4718 2639 4787 νενεκρωμένον.
2681 4717 2843 4789 Ὀρᾷς
2890 4718 3008 4781 πῶς
3045 4719 3224 4789 ἀφῆκε
3248 4717 3316 4770 τὰ
3350 4716 3634 4787 ὀρώμενα;

1973 4804 2090 4868 πῶς
2117 4805 2217 4858 οὑκ
2247 4799 2386 4858 εἶδεν
2413 4805 2490 4869 είς
2535 4804 2595 4857 τὸ
2631 4805 2839 4876 γῆρας;
2899 4808 3088 4858 Καίτοι
3117 4821 3179 4874 γε
3216 4804 3344 4857 αὐτὸ
3386 4804 3493 4873 πρὸ
3527 4804 3637 4857 τῶν

1976 4890 2273 4963 ὀφθαλμῶν
2306 4891 2516 4945 ἔκειτο·
2571 4890 2707 4946 ἀλλά
2754 4894 2866 4954 τοῖς
2915 4891 3014 4964 τῆς
3051 4890 3285 4953 πίστεως
3342 4889 3637 4960 ὀφθαλμοῖς

1975 4980 2143 5051 ἐώρα,
2178 4980 2240 5034 οὐ
2270 4984 2382 5044 τοῖς
2409 4981 2501 5035 τοῦ
2532 4980 2799 5051 σώματος.
2830 4980 2921 5034 Διὸ
2949 4983 3050 5035 οὐκ
3076 4976 3181 5034 εῐδε
3209 4981 3270 5035 τὸ
3301 4982 3495 5053 γῆρας,
3517 4983 3637 5037 οὐδὲ

1976 5068 2072 5138 τὴν
2115 5068 2383 5138 νέκρωσιν
2428 5068 2674 5138 Σάρραςο
2737 5067 2798 5119 οὑ
2847 5067 3139 5138 κατενόησε
3181 5067 3301 5136 Τὴν
3343 5068 3640 5139 νέκρωσιν

1975 5154 2087 5223 τῆς
2133 5154 2366 5224 μήτρας
2416 5152 2669 5222 Σάρρας.
2722 5155 2833 5224 Τὴν
2882 5155 3163 5224 στείρωσιν
3215 5159 3349 5228 ἡμῖν
3405 5160 3640 5214 ἐνταῦθα

1977 5243 2295 5299 αἰνίττεται.
2342 5241 2511 5310 Διπλῆ
2546 5240 2654 5317 γὰρ
2696 5242 2730 5313 ἡ
2774 5242 3023 5296 ἀσθένεια
3051 5239 3139 5316 ἦν,
3183 5246 3215 5317 ή
3267 5245 3366 5317 μὲν
3395 5247 3503 5300 ἀπὸ
3542 5247 3640 5316 τῆς

1979 5329 2214 5400 ἡλικίας,
2259 5330 2292 5399 ἡ
2335 5328 2393 5383 δὲ
2430 5327 2538 5381 ἀπὸ
2580 5329 2681 5398 τῆς
2721 5330 3003 5395 ἀσθενείας
3035 5333 3267 5402 φύσεως.
3314 5335 3389 5388 Ού
3431 5334 3538 5403 γὰρ
3580 5333 3640 5385 τὸ

1982 5415 2142 5485 σῶμα
2176 5414 2333 5485 μόνον
2362 5414 2450 5467 διὰ
2487 5412 2585 5485 τὴν
2628 5415 2842 5485 ἡλικίαν
2884 5416 3154 5489 ἄχρηστον
3180 5415 3247 5490 ἦν
3283 5418 3419 5490 πρὸς
3460 5417 3641 5470 παιδο-

1980 5502 2187 5571 γονίαν,
2210 5500 2348 5556 ἀλλά
2371 5502 2463 5554 καὶ
2506 5502 2644 5573 αὑτὴ
2683 5506 2715 5573 ἡ
2762 5505 2944 5577 μήτρα
2989 5507 3308 5578 νενέκρωτο,
3343 5506 3435 5557 καὶ⁸
3460 5504 3519 5555 τὸ
3544 5504 3641 5570 τῆς

1982 5591 2199 5659 φύσεως
2240 5591 2623 5662 ἐργαστήριον,
2661 5592 2755 5645 καὶ
2793 5593 2898 5664 πρὸ
2926 5593 3021 5647 τοῦ
3054 5596 3239 5664 γήρως
3271 5593 3542 5662 ἄχρηστον

1982 5676 2070 5730 διὰ
2098 5674 2194 5744 τὴν
2230 5677 2533 5747 στείρωσιν.
2566 5673 2718 5744 Εἶδες
2746 5680 2845 5733 ὀσα
2870 5680 3164 5751 κωλύματα
3188 5697 3203 5743 ;
3239 5678 3313 5730 Τὸ
3344 5680 3516 5747 γῆρας
3547 5676 3642 5731 τοῦ
