4104 6214
471 290 583 342 273

473 407 683 480 ἀνδρὸς,
713 404 772 457 τὸ
804 407 976 473 γῆρας
1001 401 1099 470 τῆς
1128 399 1409 468 γυναικός·
1449 399 1478 467 ἡ
1522 395 1616 448 τοῦ
1639 395 1825 464 γήρως
1859 394 2127 480 ἀχρηστο-

475 478 606 566 τέρά
647 489 930 562 στείρωσις
954 504 966 516 ·
1018 489 1110 541 καὶ
1159 486 1266 557 γὰρ
1308 486 1401 538 καὶ
1442 482 1598 537 τοῦτο
1631 482 1864 552 μάλιστα
1905 478 2131 546 κώλυμα

475 563 837 647 παιδογονίας.
869 575 1008 628 Ἀλλ’
1039 577 1188 645 ὅμως
1221 573 1391 627 ταῦτα
1423 570 1600 625 πάντα
1630 567 2002 638 παρέδραμεν,
2038 563 2132 615 καὶ

475 668 584 729 τοῖς
611 665 708 727 τῆς
735 664 968 725 πίστεως
997 661 1294 731 ὀφθαλμοῖς
1320 660 1398 721 είς
1440 657 1566 720 τοὺς
1607 653 1867 724 οὐρανοὺς
1907 648 2130 717 ἀνέστη,

477 753 737 824 μεγίστην
757 750 863 803 τῶν
885 747 1308 819 ἐπηγγελμένων
1338 742 1609 807 ἀπόδειξιν
1631 741 1766 810 ἔχων
1790 739 1888 808 τὴν
1904 735 2133 824 δύναμιν

473 820 566 896 τοῦ
600 820 995 908 ὑποσχομένου.
1031 834 1130 888 Διά
1167 833 1325 886 τοῦτο
1357 834 1460 896 Et;
1491 829 1605 896 τὴν
1633 825 1995 895 ἐπαγγελίαν
2025 820 2132 908 τοῦ

477 927 620 982 Θεοῦ
650 928 722 980 οὐ
743 905 1014 991 ’διεκρίθη
1048 921 1124 989 τῇ
1155 918 1422 984 ἀπιστίᾳ,
1462 914 1597 970 ἀλλ’
1623 909 2032 979 ἐνεδυναμώθη
2058 905 2133 974 τῇ

475 1017 694 1068 πίστει.
745 1011 1024 1081 Βακτηρία
1068 1009 1176 1079 γάρ
1221 1006 1302 1069 τίς
1338 1006 1485 1057 ἐστιν
1511 1000 1706 1072 ἰσχυρὰ
1735 999 1768 1068 ἡ
1799 997 2001 1058 πίστις,
2042 994 2136 1047 καὶ

473 1103 637 1173 λιμὴν
668 1097 936 1169 ἀσφαλὴς,
968 1096 1068 1165 τῆς
1098 1094 1209 1147 τῶν
1224 1090 1517 1160 ’λογισμῶν
1545 1086 1960 1141 ἀπαλλάττουσα
1993 1081 2134 1133 πλά-

473 1168 605 1262 νης,⁷
625 1189 718 1242 καὶ
751 1168 807 1239 ἐν
829 1183 1026 1257 ἡσυχίᾳ
1051 1182 1214 1249 πολλῇ
1248 1179 1345 1250 τὴν
1366 1175 1540 1247 ψυχὴν
1567 1173 1938 1228 ἀναπαύονσα.
1955 1168 2139 1238 Ὑμῶν

473 1255 542 1331 δέ
562 1255 921 1346 μακαριστοί
955 1267 1268 1339 ὀφθαλμοί,
1307 1265 1393 1317 ὅτι
1412 1263 1721 1328 βλέπουσι
1744 1276 1758 1289 ο
1801 1259 1894 1312 καὶ
1920 1255 2136 1346 γάρ-είς

474 1342 608 1418 αὐτὸ
671 1342 834 1415 πάλιν
885 1355 1197 1410 ἐπανελθεῖν
1253 1351 1545 1419 ἀναγκαῖον
1598 1348 1660 1400 τὸ
1710 1347 1880 1415 ῥῆμα.
1946 1342 2138 1396 Καίτοι

476 1453 701 1506 ἔϐλεπον
737 1449 829 1502 καὶ
854 1447 902 1499 οἱ
935 1443 1174 1497 Ἰουδαῖοι
1197 1440 1263 1493 τά
1286 1440 1405 1492 τότε
1441 1437 1719 1505 γινόμενα.
1751 1433 1892 1485 Ἀλλ’
1921 1431 1981 1483 οὐ
2005 1428 2138 1481 ταύ-

475 1557 574 1609 την
623 1533 919 1608 μακαρίζει
965 1531 1062 1602 τὴν
1095 1528 1216 1597 ὖψιν
1243 1525 1340 1608 τὴν
1387 1523 1583 1590 ἔξωθεν
1605 1538 1624 1609 ’γ
1673 1520 1812 1609 αὕτη
1859 1518 1968 1609 γὰρ
2016 1515 2138 1609 καθ’

450 1639 452 1642 ·
476 1599 674 1694 ἐαυτην
703 1599 801 1691 οὐγ
822 1620 922 1690 ὁρᾷ
950 1599 1029 1671 τά*
1049 1602 1335 1685 θαύματα,
1360 1612 1472 1666 ἀλλ’
1494 1613 1528 1682 ἡ
1551 1608 1716 1662 ἔνδον.
1757 1599 2140 1694 Ἐκεῖνοιεῖδον

477 1687 676 1780 τυφλόν
711 1687 806 1762 καί
838 1687 1025 1773 ελεγον
1046 1720 1060 1736 ο
1118 1699 1306 1766 Οὗτός
1343 1700 1534 1760 ἐστιν,
1585 1698 1696 1750 οὐκ
1728 1695 1899 1749 ἐστιν
1925 1687 2138 1754 οὗτος·

480 1776 830 1864 καλέσωμεν
861 1790 1047 1847 αὑτοῦ
1073 1788 1213 1855 τοὺς
1247 1785 1466 1856 γονεῖς..
1496 1782 1740 1845 Ἀκούεις
1771 1776 2140 1864 άμφιϐαλλόν-

478 1903 584 1940 των
609 1902 622 1950 ;
651 1863 784 1955 ὁρᾷς
818 1882 900 1933 ὅτι
929 1879 1028 1931 οὐκ
1061 1878 1274 1946 άρκείὴ
1307 1873 1400 1926 τοῦ
1433 1870 1686 1955 σώματος
1726 1868 1848 1955 ὄψις
1882 1863 2143 1955 πρὸςᾼτὴν

479 1970 572 2022 τοῦ
604 1967 878 2040 θαύματος
903 1963 1163 2034 θεωρίαν;
1201 1961 1264 2013 Οἱ
1301 1959 1565 2029 παρόντες
1597 1941 1690 2008 καί
1728 1953 1988 2023 θεώμενοι
2024 1949 2141 2005 ἐλε-

482 2075 577 2126 γον
599 2073 612 2086 ·
658 2037 845 2118 Οὗτός
883 2052 1078 2112 ἐστιν,
1115 2050 1224 2101 οὐκ
1254 2046 1424 2099 ἔστιν
1451 2039 1631 2107 οὗτος
1654 2059 1666 2071 ·
1707 2043 1868 2112 ⁴ἡμεῖς
1899 2039 1955 2092 δέ
1975 2039 2034 2126 9i
2068 2037 2142 2108 μὴ

483 2144 746 2214 παρόντες
773 2141 833 2193 οὐ
866 2140 1117 2209 λέγομεν,
1151 2131 1337 2198 Οὗτός
1369 2133 1555 2193 ἐστιν,
1584 2133 1693 2183 οὐκ
1724 2129 1894 2181 ἔστιν
1929 2121 2108 2190 οὗτος
2127 2141 2140 2154 '

481 2231 598 2286 ἀλλ’
625 2230 816 2294 Αὐτός
850 2226 1035 2280 ἐστιν.
1063 2222 1301 2293 Ἔμαθες
1347 2220 1424 2282 ὡς
1467 2217 1616 2271 οὐδὲν
1647 2216 1872 2286 βλάπτει
1909 2216 1943 2284 η
1975 2214 2116 2267 άπου

485 2319 597 2380 σία,
627 2318 754 2370 ὅταν
783 2315 1012 2375 πίστεως
1044 2308 1313 2379 ὀφθαλμοὶ
1352 2301 1475 2370 ὦσι,
1521 2305 1614 2359 καὶ
1646 2303 1722 2367 ὡς
1762 2302 1914 2356 οὐδὲν
1944 2300 2146 2370 ώφελεί

485 2409 518 2477 ἡ
567 2403 854 2475 παρουσία,
893 2401 1020 2455 ὅταν
1052 2398 1280 2458 πίστεως
1311 2391 1578 2462 ὀφθαλμοὶ
1633 2391 1708 2462 μὴ
1753 2384 1892 2477 ὣσι;
1944 2389 2009 2442 Τί
2035 2386 2145 2459 γὰρ

485 2473 722 2553 ἐκείνους
768 2486 943 2560 ὢνησε
988 2484 1048 2536 τὸ
1086 2482 1246 2546 ίδεῖν;
1312 2479 1498 2536 Οὐδέν.
1530 2479 1722 2549 Ἡμεῖς
1765 2476 1873 2546 γὰρ
1921 2473 2144 2528 ἐκείνων

486 2579 818 2646 σαφέστερον
864 2573 1097 2642 εἴδομεν.
1135 2568 1287 2621 Ἐπεὶ
1329 2563 1421 2620 οὖν
1454 2565 1740 2635 βλέπουσιν
1787 2564 1836 2616 οί
1880 2561 2147 2632 ὀφθαλμοὶ

487 2663 640 2732 ὑμῶν
669 2659 923 2730 θεωρίαν,
948 2657 1043 2711 καὶ
1070 2653 1258 2710 ἀκούει
1280 2653 1347 2706 τὰ
1374 2646 1490 2707 ὦτα
1523 2651 1806 2723 ἀκρόασιν,
1838 2649 1904 2721 ἦν
1943 2651 1971 2701 6
2013 2649 2148 2718 Χριο

488 2751 611 2813 στὺς
639 2745 965 2818 ἐμακάρισε,
1008 2743 1140 2814 φέρε
1171 2743 1300 2810 ὑμῖν
1329 2740 1454 2802 τούς
1493 2736 1836 2810 μαργαρίτας
1871 2735 1979 2788 τῶν
2009 2734 2148 2802 Γραο

488 2838 605 2908 φῶν
639 2833 991 2905 παραϐῶμεν.
1017 2831 1229 2900 Ὥσπερ
1269 2829 1379 2898 γάρ
1417 2827 1530 2889 τοῖς
1558 2823 1828 2887 Ἰουδαίοις
1867 2819 2018 2894 [281]
2050 2820 2151 2874 οὐκ

489 2925 718 2980 ἐπέλυσε
747 2923 814 2975 τὰ
839 2921 1127 2991 ζητήματα
1149 2918 1177 2969 6
1209 2914 1462 2987 Χριστὸς,
1487 2910 1624 2966 ἀλλὰ
1653 2910 1747 2966 καὶ
1771 2909 2012 2963 ἐπέτεινε
2049 2909 2148 2979 τὴν

489 3012 778 3079 ἀσάφειαν,
830 3004 1016 3077 ἐπειδὴ
1069 3003 1144 3075 μὴ
1191 3003 1504 3074 προσεῖχον⁹
1559 2997 1703 3051 οὕτω
1748 2997 1813 3068 δὴ
1863 2997 1958 3050 καὶ
1997 2996 2148 3066 ὑμῖν,

493 3098 680 3168 ἐπειδὴ
721 3095 1036 3167 προσέχετε,
1067 3092 1137 3145 τὰ
1158 3086 1514 3160 κεκρυμμένα
1545 3086 1696 3154 ἄγειν
1726 3086 1804 3147 είς
1835 3083 1995 3154 μέσον
2020 3083 2144 3153 χρή.

491 3187 602 3241 Καὶ
629 3185 738 3256 γάρ
769 3179 1070 3254 προσῆλθον
1091 3179 1140 3232 οί
1173 3176 1412 3246 μαθηταὶ
1441 3175 1533 3226 καὶ
1558 3171 1858 3242 ἐθαύμαζον
1881 3171 2146 3238 λέγοντες·

491 3273 653 3326 Διατί
683 3271 752 3324 ἐν
774 3264 1142 3338 παραϐολαῖς
1169 3263 1376 3328 λαλεῖς
1398 3259 1631 3325 αὐτοῖς
1647 3260 1704 3313 Ὀ
1731 3259 1789 3312 δέ
1822 3258 1946 3329 ἐφη,
1966 3259 2152 3311 Ἐπει-

492 3359 569 3427 δὴ
609 3357 948 3424 βλέποντες
975 3354 1047 3407 οὐ
1079 3349 1442 3416 βλέπουσιν.
1470 3346 1675 3401 Οὐκοῦν
1705 3345 1888 3416 ἐπειδὴ
1919 3343 1992 3416 μὴ
2020 3344 2152 3398 ίδόν-

493 3463 586 3508 τες
633 3445 792 3515 ὑμεῖς
835 3439 1027 3505 εἰδετε,
1073 3439 1369 3507 ἀναγκαῖον
1421 3434 1496 3506 μὴ
1546 3436 1604 3489 ἐν
1653 3432 1930 3515 παραϐολῇ
1979 3432 2153 3484 εἰπεῖν

498 3532 635 3603 πρὸς
667 3514 811 3600 ὐμᾶς
833 3545 848 3559 ο
897 3526 990 3581 καὶ
1013 3524 1196 3596 ἐπειδὴ
1230 3523 1566 3587 Ἀκούοντες
1593 3522 1704 3574 οὐκ
1798 3514 2151 3572 ἀκούουσιν.

497 3616 706 3672 οὐκοῦν
731 3614 919 3683 ἐπειδὴ
953 3612 1112 3682 ὑμεῖς
1153 3609 1227 3681 μὴ
1267 3609 1595 3670 ἀκούσαντες
1626 3607 1766 3668 τότε,
1811 3603 2035 3658 ἀκούετε
2060 3603 2154 3657 νῦν

497 3705 598 3759 οὐκ
619 3703 858 3766 ἔλαττον,
891 3701 925 3770 ἢ
968 3699 1090 3752 τότε
1132 3697 1398 3768 ἠκούσατε
1441 3707 1491 3758 ι,
1545 3694 1836 3762 ἀναγκαῖον
1884 3693 2028 3762 ὑμᾶς
2081 3691 2155 3760 μὴ

497 3788 872 3861 ἀποστερῆσαι
904 3786 1003 3856 τῆς
1027 3784 1303 3856 τραπέζης
1330 3782 1552 3851 ταύτης.
1593 3781 1700 3833 Καὶ
1732 3779 1840 3850 γάρ
1868 3780 1897 3831 ό
1923 3777 2157 3848 Χριστὸς

498 3877 721 3939 τούτους
759 3875 857 3943 οὐχ
884 3867 1046 3945 ἦττον
1079 3871 1413 3941 ἐμακάρισεν
1447 3869 1480 3938 ἢ
1509 3866 1748 3930 ἐκείνους
1768 3883 1782 3898 ο
1824 3861 1996 3931 Εἶδες
2024 3864 2154 3935 γάρ,

502 3963 656 4033 φησὶ,
683 3960 782 4015 καὶ
819 3960 1216 4022 ἐπίστευσας*
1245 3953 1522 4024 μακάριοι
1563 3955 1615 4008 oi
1657 3951 1742 4021 μὴ
1776 3951 2023 4016 ἰδόντες,
2059 3949 2159 4003 καί

503 4051 956 4114 πιστεύσαντες.
984 4046 1077 4116 Μὴ
1094 4046 1270 4098 τοίνυν
1294 4043 1425 4113 όκνη
1435 4043 1517 4113 ροὶ
1540 4041 1754 4112 γίνεσθε
1780 4039 1914 4110 πρὸς
1934 4037 2156 4108 ἀρετὴν,

502 4142 584 4194 ὅτι
637 4137 711 4210 μὴ
751 4137 870 4191 κατ’
919 4135 1159 4196 ἐκείνους
1209 4132 1334 4194 τούς
1375 4129 1621 4202 χρόνους,
1661 4127 1798 4180 ἀλλά
1837 4126 1958 4180 κατ’
1997 4125 2160 4178 αὐτὸν

503 4228 777 4295 ἐγένεσθε.
807 4226 904 4278 Ἂν
933 4226 1041 4294 γὰρ
1072 4221 1295 4283 ἐθέλοις,
1323 4221 1424 4273 οὐκ
1454 4215 1764 4288 ἐζημιώθης
1787 4231 1802 4246 '
1842 4215 2029 4282 ὥσπερ
2067 4210 2160 4267 οὖν

505 4314 691 4367 πολλοὶ
716 4311 940 4366 καὶτῶν
965 4310 1086 4364 τότε
1112 4307 1436 4384 γενομένων,
1479 4304 1664 4374 ἐπειδὴ
1697 4303 1771 4374 μὴ
1809 4301 2016 4372 ἢθελον,
2062 4303 2162 4356 οὐκ

507 4397 886 4468 ὠφελήθησαν.

578 4489 646 4550 γ’.
671 4482 734 4534 Τί
753 4479 845 4535 οὖν
865 4481 1052 4534 ἐστιτὸ
1073 4482 1310 4550 σήμερον
1323 4477 1688 4546 ἀναγνωσθέν;
1721 4475 1898 4531 Τοῦτο
1918 4475 1986 4528 δέ
2006 4474 2161 4545 γινώ-

508 4585 706 4630 σκετε,
729 4567 819 4621 ὅτι
855 4568 926 4620 ἐν
957 4566 1242 4633 ἐσχάταις
1269 4563 1514 4633 ἡμέραις
1545 4563 1945 4630 ἐνστήσονται
1974 4562 2165 4630 καιροί

511 4656 786 4727 χαλεποί.
813 4653 904 4725 Τῷ
931 4652 1180 4723 Τιμοθέῳ
1211 4652 1372 4705 πάλιν
1412 4653 1442 4703 6
1472 4650 1681 4713 Παῦλος
1711 4650 2033 4703 ἐπιστέλλει.
2065 4650 2167 4700 Φο-

512 4745 646 4815 ϐερά
675 4746 709 4816 ἡ
743 4742 978 4812 ἀπειλή·
1027 4739 1162 4794 ἀλλὰ
1197 4738 1600 4808 διαναστῶμεν·
1630 4736 1852 4800 τούτους
1895 4736 2004 4807 γάρ
2036 4737 2166 4806 ἡμῖν

509 4833 635 4896 τοὺς
663 4831 888 4902 καιροὺς
933 4827 1250 4890 αἰνίττεται,
1302 4825 1394 4879 καὶ
1433 4826 1558 4887 τοὺς
1607 4823 1745 4894 μετά
1783 4823 2024 4887 τούτους,
2073 4826 2168 4877 καὶ

511 4922 636 4984 τοὺς
663 4921 792 4990 περὶ
817 4919 915 4987 τὴν
949 4914 1254 4970 συντέλειαν
1284 4912 1473 4982 αὐτὴν.
1510 4911 1690 4966 Τοῦτο
1721 4911 1790 4964 δὲ
1820 4912 2164 4980 γινώσκετε,

514 5006 603 5069 ὅτι
632 5007 703 5061 ἐν
735 5005 1022 5074 ἐσχάταις
1048 5001 1294 5072 ἡμέραις
1328 4999 1730 5066 ἐνστήσονται
1769 4998 1959 5069 καιροί
2000 5004 2170 5068 χαλε-

513 5095 638 5162 ποί.
667 5093 850 5164 Βραχὺ
875 5091 938 5145 τὸ
966 5091 1135 5161 ῥῆμα,
1177 5089 1272 5144 καὶ
1303 5086 1512 5159 μεγάλη
1550 5089 1582 5159 ἡ
1607 5087 1853 5158 δύναμις.
1905 5087 2169 5160 Καθάπερ

516 5181 625 5250 γάρ
651 5178 722 5232 τά
744 5177 1010 5248 ἀρώματα
1033 5177 1093 5230 οὐ
1123 5174 1201 5247 τῷ
1230 5174 1441 5246 πλήθει,
1478 5173 1614 5228 ἀλλὰ
1642 5176 1706 5244 τῇ
1736 5173 1897 5242 φύσει
1916 5173 2014 5245 τὴν
2037 5175 2170 5228 εὐω-

515 5267 636 5322 δίαν
657 5265 988 5319 ἐνδείκνυται
1011 5279 1026 5293 ·
1075 5261 1216 5314 οὕτω
1248 5263 1340 5314 καὶ
1364 5262 1421 5314 αἱ
1451 5261 1591 5312 θεῖαι
1619 5261 1830 5330 ι’ραφαὶ
1849 5261 1909 5312 οὐ
1933 5259 2012 5330 τῷ
2034 5260 2171 5330 πλή-

517 5353 601 5414 θει
619 5353 726 5406 τῶν
751 5351 1028 5424 ῥημάτων,
1059 5349 1194 5402 ἀλλά
1218 5352 1284 5419 τῇ
1315 5349 1538 5417 δυνάμει
1563 5347 1671 5400 τῶν
1700 5347 2030 5419 ἐγκειμένων
2054 5350 2174 5401 πᾶ·-

519 5459 616 5497 σαν
637 5442 766 5512 ἡμῖν
788 5440 1084 5509 παρέχουσι
1107 5435 1204 5506 τὴν
1231 5435 1514 5503 ὠφέλειαν,
1539 5434 1693 5488 Οὕτω
1718 5436 1809 5489 καί
1829 5434 2172 5505 θυμιάματος

583 5659 615 5702 ⁸.
633 5656 715 5718 Sic
737 5671 834 5708 mss
878 5657 974 5708 Sed
990 5656 1220 5708 mendum
1243 5657 1479 5719 suspicor.

1253 283 1314 336 S.
1349 277 1635 337 JOANNIS
1679 271 2156 332 CHRYSOSTOHI
2199 267 2516 325 ARLllth.
2555 263 3098 322 CONSTANTINUP.

3785 261 3918 316 επ

2233 387 2392 457 φύσις
2431 386 2523 439 καί
2567 384 2688 438 καθ’
2717 384 2916 453 ἑαυτὴν
2955 383 3052 452 μέν
3090 383 3237 434 ἐστιν
3279 379 3519 448 εὐώδης·
3551 379 3690 432 ἐπάν
3719 377 3780 431 δὲ
3821 377 3917 440 είς

2233 474 2344 544 πῦρ
2367 473 2536 542 αὐτὴν
2583 472 2844 542 ἐμϐάλῃς,
2888 471 3010 522 τότε
3064 469 3243 521 πᾶσαν
3284 466 3649 520 ἐπιδείκνυται
3689 465 3798 536 τὴν
3844 463 3919 529 ἐξ

2233 561 2401 630 αὐτῆς
2428 561 2639 630 ἡδονήν.
2665 559 2819 612 Οὕτω
2849 558 2940 610 καὶ
2975 558 3008 627 ὴ
3037 556 3157 609 θεία
3184 555 3374 626 Γραφὴ
3402 555 3496 607 καὶ
3532 553 3652 606 καθ’
3687 552 3916 622 ἑαυτὴν

2237 649 2335 719 μέν
2366 649 2511 700 ἐστιν
2537 647 2729 716 ήδίστη
2749 663 2762 677 ο
2803 642 3020 698 ἐπειδάν
3045 644 3102 696 δέ
3127 642 3226 711 τῆς
3252 641 3407 711 ἡμῶν
3432 639 3760 709 ἐπιλάϐηται
3793 640 3917 710 ψυ-

2234 735 2356 805 χῆς,
2383 735 2633 803 καθάπερ
2673 735 2750 797 είς
2782 732 3138 802 θυμιατήριον
3181 727 3516 799 ἐμπεσοῦσα,
3557 727 3776 781 ἅπαντα
3810 727 3914 780 τὸν

2233 815 2380 875 οἷκον
2404 821 2500 890 τῆς
2523 819 2749 882 εὐωδίας
2778 817 3100 889 ἐμπίπλησι.
3134 816 3313 870 Τοῦτο
3341 815 3410 868 δέ
3439 815 3784 884 γινώσκετε,
3814 816 3916 870 ὅτι

2233 910 2304 963 ἑν
2333 906 2618 975 ἐσχάταις
2663 907 2910 974 ἡμέραις
2948 904 3350 971 ἐνστήσονται
3391 902 3580 970 καιροί
3615 904 3906 970 χαλεποί,

2238 995 2374 1064 Περὶ
2403 995 2499 1064 τῆς
2535 992 2842 1055 συντελείας
2867 991 3035 1058 λέγει.
3062 989 3128 1042 Τί
3156 985 3250 1042 οὖν
3293 989 3427 1059 πρὸς
3457 989 3537 1049 σέ.
3571 982 3616 1041 ὧ
3659 989 3917 1059 μακάριε

2236 1081 2449 1142 Παῦλε;
2502 1081 2554 1132 τί
2602 1080 2657 1132 δέ
2709 1077 2845 1149 πρὸς
2899 1075 3188 1147 Τιμόθεον;
3225 1075 3277 1128 τί
3328 1073 3386 1128 δέ
3433 1075 3569 1146 πρὸς
3609 1076 3734 1137 τοὺς
3779 1074 3918 1126 τότε

2236 1167 2563 1232 ἀκούοντας;
2597 1165 2807 1236 Μικρὸν
2830 1164 2936 1234 γὰρ
2959 1163 3183 1233 ὕστερον
3203 1161 3484 1232 μέλλουσιν
3509 1161 3915 1232 ἀποθνήσκειν,

2237 1254 2638 1327 ἐξαρπάζεσθαι
2662 1252 2769 1305 τῶν
2799 1251 3057 1305 ἐπιόντων
3087 1249 3274 1302 δεινῶν
3295 1248 3389 1300 καὶ
3414 1248 3664 1317 πονηρῶν
3694 1247 3921 1317 άνθρώο

2240 1361 2376 1396 πων.
2413 1342 2553 1394 Ἀλλ’
2585 1341 2706 1410 οὐχὶ
2737 1339 2805 1392 τά
2843 1337 3085 1409 παρόντα
3125 1335 3304 1405 βλέπω
3338 1336 3520 1404 μόνον,
3551 1335 3737 1404 φησὶν,
3767 1333 3920 1387 ἀλλὰ

2241 1429 2332 1481 κού¹
2364 1429 2430 1480 τά
2466 1427 2724 1498 μέλλοντα
2756 1425 2989 1495 προορῶ.
3029 1423 3163 1492 Οὐχὶ
3200 1422 3298 1492 τῆς
3330 1420 3604 1493 παρούσης
3648 1421 3916 1490 φείδομαι

2241 1516 2497 1586 ποίμνης,
2521 1512 2658 1582 ἀλλά
2685 1511 2779 1564 καὶ
2807 1510 2949 1581 ὐπέρ
2985 1509 3086 1578 τῆς
3120 1507 3416 1578 μελλούσης
3438 1506 3656 1575 ἀγωνιῶ
3681 1509 3779 1560 καὶ
3816 1507 3916 1559 δέ-

2239 1603 2414 1657 δοικα.
2455 1601 2646 1670 Ἡμεῖς
2693 1598 2794 1668 μὲν
2835 1596 2944 1668 γὰρ
2983 1596 3092 1649 τῶν
3138 1595 3405 1649 συνόντων
3437 1595 3570 1666 ημῖν
3601 1595 3918 1666 ἀνθρώπων

2247 1689 2398 1760 μόλις
2431 1684 2738 1756 ποιούμεθα·
2762 1683 3035 1755 πρόνοιαν,
3060 1683 3265 1744 ἐκεῖνος
3286 1681 3344 1740 δέ
3376 1681 3514 1751 ὑπὲρ
3534 1679 3642 1733 τῶν
3675 1679 3915 1751 μηδέπω

2239 1775 2535 1847 τεχθέντων
2569 1771 2769 1843 πολλὴν
2801 1775 3032 1826 ποιεῖται
3065 1771 3164 1842 τὴν
3191 1768 3446 1840 σπτυδήν.
3475 1767 3630 1822 Οὕτω
3658 1770 3753 1820 καὶ
3789 1785 3912 1820 ποι-

2245 1864 2352 1936 μὴν
2395 1864 2613 1935 ἀριστος
2661 1863 2760 1934 οὐχ
2800 1863 2927 1915 ὃταν
2970 1859 3057 1932 ἴδῃ
3107 1859 3236 1922 τοὺς
3285 1856 3482 1919 λύκους
3535 1855 3792 1918 ἐπιόντας
3841 1858 3916 1926 τῇ

2245 1951 2446 2023 ποίμνῃ
2476 1953 2569 2004 καὶ
2597 1951 2706 2004 τῶν
2732 1950 3017 2022 προϐάτων
3049 1948 3214 2015 ἐγγὺς
3240 1944 3581 2014 γενομένους,
3619 1943 3740 1996 τότε
3775 1960 3916 2012 προ.

2243 2042 2390 2109 λέγει
2423 2040 2601 2111 μόνον,
2648 2039 2782 2093 ἀλλά
2823 2038 2916 2092 καὶ
2955 2036 3234 2110 πόρρωθεν
3274 2032 3432 2091 ὄντας
3483 2031 3698 2104 μηνύει.
3752 2030 3917 2084 Οὕτω

2243 2130 2338 2182 καὶ
2366 2130 2392 2182 ὁ
2423 2126 2652 2189 Παῦλος.
2677 2126 2924 2196 καθάπερ
2951 2124 3153 2194 ποιμὴν
3178 2123 3417 2192 ἄριστος,
3442 2121 3528 2187 ἐφ’
3561 2117 3766 2188 ὑψηλοῦ
3801 2137 3916 2187 χω-

2249 2217 2362 2288 ρίου
2414 2215 2507 2269 τοῦ
2559 2215 2659 2285 τῆς
2713 2211 3047 2285 προφητείας
3095 2208 3402 2278 ἀξιώματος
3444 2205 3776 2276 καθήμενος.
3812 2206 3916 2258 καὶ

2245 2309 2356 2370 τοῖς
2417 2304 2569 2378 [282]
2616 2303 2968 2374 προφητικοῖς
3021 2294 3317 2368 ὀφθαλμοῖς
3389 2293 3594 2349 ἀνωθεν
3657 2293 3916 2363 προορῶν

2245 2393 2641 2464 κατατρέχοντα
2671 2391 2738 2444 τά
2767 2388 2949 2459 θηρία,
2981 2387 3065 2439 ἐπ’
3113 2383 3281 2453 αὐτῆς
3323 2382 3424 2451 τῆς
3463 2380 3771 2444 συντελείας
3816 2382 3913 2452 69-

2249 2481 2460 2553 μῶντας
2486 2481 2579 2534 καὶ
2601 2475 3044 2546 ἀποτεινομένους
3085 2472 3224 2526 κατὰ
3260 2470 3355 2540 τῆς
3384 2469 3618 2536 ποίμνης
3652 2467 3915 2540 προλέγει

2247 2571 2340 2624 καὶ
2367 2565 2920 2640 προδιαμαρτύρεται,
2963 2561 3050 2613 ἵνα
3081 2559 3174 2612 καὶ
3215 2559 3340 2620 τοὺς
3373 2555 3598 2627 μηδέπω
3629 2555 3914 2626 γεννωμέ-

2249 2673 2369 2720 νους
2400 2650 2794 2724 παρασκευάσῃ
2833 2649 3044 2717 νήφειν,
3077 2646 3172 2700 καὶ
3202 2645 3383 2697 πᾶσαν
3423 2643 3634 2715 τειχίσῃ
3663 2643 3764 2712 τὴν
3792 2641 3914 2694 ποί-

2251 2760 2388 2814 μνην
2416 2744 2482 2812 τῇ
2518 2738 2843 2811 προφητεία.
2897 2735 3004 2789 Καὶ
3039 2734 3146 2802 γάρ
3185 2731 3278 2786 καὶ
3327 2731 3507 2800 πατὴρ
3553 2730 3912 2799 φιλόστοργος

2247 2830 2424 2884 οἰκίαν
2462 2826 2912 2897 οἰκοδομούμενος
2945 2821 3202 2884 πολλάκις
3234 2821 3347 2883 τοῖς
3384 2817 3550 2871 αὐτοῦ
3587 2819 3743 2869 παισὶ
3771 2817 3917 2886 λαμ-

2250 2916 2394 2987 πράν
2434 2916 2529 2970 καὶ
2571 2913 2811 2985 μεγάλην
2845 2908 3017 2972 οὕτως
3056 2907 3348 2975 οἰκοδομεῖ,
3387 2906 3486 2974 οὐχ
3519 2903 3657 2957 ὥστε
3681 2904 3916 2967 ἐκείνοις

2251 3005 2524 3074 χρησίμην
2554 2999 2806 3069 γενέσθαι
2849 2997 3029 3068 μόνον,
3059 2994 3194 3048 ἀλλά
3228 2993 3323 3046 καὶ
3367 2992 3610 3061 ἐγγόνοις
3663 2992 3759 3044 καὶ
3799 2995 3916 3054 τοῖς

2253 3090 2368 3160 μετ’
2397 3088 2656 3149 ἐκείνους.
2685 3083 2841 3137 Οὕτω
2869 3083 2963 3136 καὶ
2987 3079 3240 3151 βασιλεὺς
3262 3079 3414 3134 πόλει
3447 3078 3742 3150 φιλουμένῃ
3764 3096 3914 3149 περιρ

2251 3177 2428 3230 ϐαλὼν
2449 3176 2623 3243 τεῖχος
2662 3171 2880 3238 ἔξωθεν,
2915 3167 3154 3236 ἀσφαλὲς
3182 3165 3340 3220 τοῦτο
3377 3170 3523 3219 ποιεῖ
3569 3167 3660 3218 καὶ
3691 3167 3916 3236 ἰσχυρὸν

2253 3265 2347 3318 καὶ
2363 3262 2604 3330 διαρκές,
2637 3260 2734 3328 οὐχ
2762 3258 2849 3311 ἵνα
2871 3257 2964 3309 ἐπὶ
2989 3255 3088 3325 τῆς
3115 3253 3307 3323 γενεᾶς
3326 3252 3487 3306 αὐτοῦ
3524 3253 3690 3322 μόνης
3711 3252 3915 3322 ὑπηρε-

2253 3356 2340 3423 τῇ.
2367 3350 2480 3404 ἀλλ’
2510 3350 2598 3403 ἴνα
2638 3348 2730 3401 καὶ
2771 3349 2881 3409 τοῖς
2929 3341 3065 3414 μετά
3095 3342 3268 3395 ταῦτα
3305 3341 3439 3394 πᾶσι
3471 3341 3692 3412 γένηται
3721 3343 3914 3410 χρήσι-

2257 3456 2376 3510 μον,
2405 3437 2466 3489 οὐ
2497 3435 2631 3507 πρὸς
2653 3433 2749 3496 τὰς
2775 3433 2895 3485 τότε
2926 3428 3191 3501 μηχανάς,
3217 3427 3350 3482 ἀλλά
3386 3427 3522 3498 πρὸς
3550 3428 3650 3490 τὰς
3685 3427 3914 3494 ὕστερον

2253 3521 2551 3594 γενομένας
2585 3515 2887 3589 προσϐολάς
2924 3512 3242 3583 ἐπιτήδειον.
3298 3511 3452 3566 Οὕτω
3502 3513 3594 3565 καὶ
3631 3514 3659 3565 ό
3703 3510 3914 3574 Παῦλος

2255 3609 2528 3679 ἐποίησεν.
2564 3603 2782 3676 Ἐπειδὴ
2822 3603 2930 3672 γὰρ
2960 3601 3026 3654 τά
3053 3600 3357 3670 γράμματα
3390 3598 3718 3651 ἀποστολικά
3757 3597 3914 3666 τείχη

2256 3700 2364 3752 τῶν
2390 3693 2728 3765 Ἑκκλησιῶν
2763 3693 2930 3752 ἐστιν,
2950 3689 3070 3760 οὐχὶ
3095 3689 3221 3750 τοὺς
3247 3686 3367 3739 τότε
3399 3686 3557 3756 μόνον
3575 3685 3752 3748 ὄντας,
3780 3685 3916 3737 ἀλλὰ

2260 3786 2355 3839 καὶ
2385 3783 2508 3846 τοὺς
2533 3781 2758 3851 ὕστερον
2788 3776 3076 3848 ἐσομένους
3104 3771 3464 3844 ἀσφαλίζεται
3493 3771 3774 3824 διἀύτῶν.
3805 3773 3916 3824 Καὶ

2258 3871 2430 3934 οὕτως
2477 3867 2696 3939 ίσχυρδν
2737 3865 2831 3919 καὶ
2868 3861 3087 3934 άῤῥαγῆ
3113 3861 3203 3913 τὸν
3243 3858 3525 3931 περίϐολον
3566 3857 3749 3910 τοῦτον
3783 3876 3918 3910 κατ--

2259 3957 2544 4030 ἐσκεύασε,
2562 3956 2654 4009 καὶ
2671 3953 2821 4026 πάσῃ
2845 3950 3168 4021 περιήλασεν
3189 3947 3352 4001 αὐτὸν
3375 3949 3441 4018 τῇ
3469 3947 3757 4016 οἰκουμένῃ
3780 3947 3916 4016 μετά

2259 4041 2560 4112 ἀσφαλείας
2591 4038 2829 4108 ἀπάσης,
2860 4036 2998 4090 ὥστε
3037 4036 3131 4088 καὶ
3170 4036 3294 4096 τοὺς
3323 4033 3463 4096 τότε,
3500 4031 3594 4085 καὶ
3632 4032 3756 4094 τοὺς
3797 4034 3915 4102 μετ’

2261 4129 2521 4192 ἐκείνους,
2556 4127 2650 4180 καὶ
2685 4125 2812 4187 τοὺς
2832 4121 2948 4184 νῦν,
2982 4123 3077 4175 καὶ
3097 4121 3222 4182 τοὺς
3253 4114 3407 4183 αὖθις
3429 4118 3724 4189 ἑπομένους
3753 4118 3914 4189 μέχρι

2261 4217 2359 4287 τῆς
2383 4215 2477 4268 τοῦ
2511 4211 2748 4286 Χριστοῦ
2774 4210 3073 4281 παρουσίας
3105 4207 3322 4276 ἀπάσης
3349 4204 3653 4271 ἀπαλλάξαι
3680 4205 3778 4274 τῆς
3808 4205 3918 4257 τῶν

2265 4302 2535 4372 πολεμίων
2590 4299 2926 4370 πολιορκίας.
2972 4294 3225 4349 Τοιαῦται
3256 4292 3364 4347 τῶν
3407 4293 3578 4360 ἁγίων
3621 4292 3677 4344 αἱ
3717 4291 3915 4360 ψυχαίο

2191 4412 2194 4418 '
2266 4389 2628 4461 φιλόστοργοι,
2675 4384 3049 4456 κηδεμονικαὶ,
3099 4379 3369 4452 πατρικὴν
3413 4377 3624 4432 εὔνοιαν
3673 4378 3917 4447 ἀποκρύ-

2266 4493 2496 4530 πτουσαι
2531 4473 2608 4544 τῷ
2637 4472 2865 4543 φίλτρῳ,
2907 4472 3000 4523 καὶ
3032 4469 3129 4536 τὴν
3155 4470 3253 4539 τῆς
3287 4467 3502 4537 φύσεως
3538 4465 3919 4536 φιλοστοργίαν

2265 4565 2513 4625 νικῶσαι,
2548 4562 2642 4615 καὶ
2671 4560 2766 4624 τὰς
2794 4559 2986 4622 ὠδῖνας
3025 4556 3442 4630 ὑπερϐαίνουσαι
3475 4554 3706 4620 ἐκείνας·
3751 4556 3917 4608 Uva-J-

2270 4668 2436 4724 ματος
2458 4652 2564 4722 γάρ
2591 4652 2696 4703 είσι
2727 4648 2818 4702 καί
2840 4648 2990 4710 θείας
3018 4648 3259 4717 χάριτος.

2335 4781 2398 4834 δ’.
2432 4775 2691 4832 Βούλεσθε
2714 4776 2808 4830 καὶ¹
2835 4775 3096 4847 ἑτέρωθεν
3117 4771 3274 4837 δείξω
3302 4773 3482 4836 πάλιν,
3507 4775 3588 4827 ὃτι
3610 4770 3672 4826 οὐ
3697 4769 3765 4823 τά
3795 4768 3914 4822 καθ’

2266 4867 2492 4930 ἑαυτοὺς
2523 4863 2859 4936 μεριμνῶσιν
2895 4864 2946 4916 οἱ
2993 4862 3155 4930 ἅγιοι,
3183 4861 3303 4914 οὐδὲ
3339 4861 3478 4931 ὑπὲρ
3505 4859 3612 4912 τῶν
3641 4858 3915 4928 παρόντων

2269 4955 2536 5008 δεδοίκασι
2562 4953 2738 5023 μόνον,
2770 4950 2906 5004 άλλά
2932 4951 3027 5003 καὶ
3050 4950 3189 5020 ὑπὲρ
3216 4948 3324 5002 τῶν
3358 4947 3498 5018 μετά
3521 4946 3693 4999 ταῦτα
3724 4945 3914 5012 ἐσομέ-

2267 5058 2410 5109 νων;
2441 5039 2746 5111 Προσῆλθον
2778 5038 2948 5108 αὐτῷ,
2973 5040 3156 5107 φησὶν,
3184 5039 3232 5090 οί
3268 5034 3506 5106 μαθηταὶ
3527 5034 3618 5086 ἐπὶ
3643 5033 3737 5085 τοῦ
3760 5032 3915 5099 ὅρους

2268 5131 2408 5204 καθη
2419 5131 2579 5202 μένῳ,
2616 5127 2893 5198 ἅνθρωποι
2928 5125 3116 5179 λοιπὸν
3144 5122 3516 5194 γεγηρακότες
3543 5121 3638 5174 καὶ
3667 5121 3781 5190 μετ’
3802 5117 3912 5170 ὀλί-

2270 5237 2367 5288 γον
2423 5217 2613 5289 χρόνον
2664 5215 2945 5285 μέλλοντες
2991 5214 3290 5284 ἀποδημεῖν
3339 5211 3449 5266 ἀπὸ
3492 5212 3595 5280 τῆς
3641 5205 3914 5278 παρούσης

2272 5307 2434 5377 ζωῆς.
2463 5305 2528 5358 Τί
2553 5300 2646 5358 οὖν
2667 5301 2945 5374 ἐρωτῶσι;
2973 5301 3026 5354 τί
3051 5300 3354 5370 ἀγωνιιῖισις
3383 5301 3438 5352 τί
3460 5297 3756 5360 δεδοίκασι;
3780 5293 3919 5366 ὑπὲρ

2272 5393 2432 5445 τίνων
2457 5391 2556 5462 τὴν
2582 5389 2772 5442 πεῦσιν
2805 5388 2882 5459 τῷ
2909 5389 3211 5458 διδασκάλῳ
3231 5387 3628 5458 προσάγουσιν;
3651 5381 3758 5453 ἆρα
3784 5383 3918 5454 ὑπὲρ

2272 5480 2381 5533 τῶν
2413 5479 2555 5532 κατὰ
2578 5480 2679 5548 τὴν
2703 5477 2844 5546 ζωὴν
2875 5477 3074 5542 αὐτῶν,
3105 5478 3137 5548 ἢ
3166 5477 3306 5546 61:69
3329 5475 3439 5528 τῶν
3461 5473 3603 5528 κατά
3631 5473 3756 5534 τοὺς
3800 5471 3920 5541 χρόα

2275 5585 2396 5629 νους
2427 5565 2700 5628 ἐκείνους;
2737 5564 3021 5634 Οὐδαμῶς.
3060 5563 3217 5616 Ἀλλά
3248 5564 3420 5616 πάντα
3446 5564 3626 5614 ἐκεῖνα
3651 5558 3920 5629 παραδρα-

2284 5655 2468 5726 μόντες
2494 5655 2544 5708 τί
2564 5653 2811 5722 λέ·τουσι;
2852 5653 2910 5708 Τί
2931 5653 2995 5706 τὸ
3025 5651 3276 5719 σημεῖον
3307 5649 3413 5715 τῆς
3445 5664 3564 5715 σης
3595 5646 3916 5714 παρουσίας
