4038 6204
198 225 308 284 273

198 343 390 396 uelum
422 356 588 413 usque
611 344 844 396 surrexit
865 384 879 403 .
903 357 1150 412 magnum
1173 343 1377 398 habens
1401 342 1784 412 promissorum

199 441 602 503 argumentum,
625 435 742 504 ejus
770 449 961 504 nempe
987 433 1079 504 qui
1107 433 1424 502 promiserat
1448 441 1787 502 potestatem.

199 523 328 580 Ideo
351 523 422 580 In
446 526 774 595 promissione
802 524 901 580 Dei
937 543 1038 579 non
1055 536 1058 548 '
1075 526 1320 580 htesitasit
1365 526 1638 597 diﬁdentia
1658 566 1673 592 ,
1702 526 1792 582 sed

199 617 516 687 confortatus
538 624 611 669 est
638 615 742 683 [ide
765 614 940 686 (Rom.
965 616 1018 670 Δ.
1049 614 1166 686 ‘20).
1201 615 1411 670 Etenim
1445 631 1543 672 ceu
1569 616 1796 672 baculus

196 706 420 778 quidam
442 705 628 760 ﬁrmus
655 703 904 778 tutusque
924 715 1108 776 portus
1133 707 1268 762 ﬁdes
1295 717 1396 772 est,
1424 723 1544 778 qua:
1571 722 1602 762 a
1632 708 1794 764 ratio-

197 799 468 857 ciniorum
491 813 677 855 errore
693 799 915 866 liberat,
943 799 1287 870 animumque
1321 800 1376 856 in
1411 801 1796 870 tranquillitate

197 905 400 961 magna
427 891 722 946 constituit.
760 888 924 946 Vestri
951 902 1122 946 autem
1143 892 1272 945 beati
1289 892 1424 946 oculi
1447 933 1462 958 ,
1491 893 1610 963 quia
1629 894 1794 945 vident

198 980 424 1051 (Matth.
457 981 546 1039 15.
574 981 846 1050 16);ητωι
873 981 976 1038 hoc
1001 981 1200 1038 dictum
1232 982 1412 1037 denuo
1442 983 1797 1054 repetendum

197 1082 309 1128 est.
336 1073 499 1144 Atqui
538 1073 701 1128 etiam
739 1071 913 1130 Judaei
953 1084 1079 1130 tunc
1117 1073 1308 1130 eadem
1356 1074 1470 1144 ipsa
1517 1074 1791 1129 videbant.

201 1163 406 1224 Verum
436 1178 544 1219 non
570 1162 674 1218 hoc
692 1172 968 1221 externum
990 1163 1202 1220 videndi
1225 1179 1394 1235 genus
1420 1163 1634 1220 beatum
1657 1179 1796 1234 prte-

198 1255 351 1312 dicat
379 1270 394 1314 :
418 1256 520 1309 hoc
557 1253 755 1324 quippe
779 1269 875 1325 per
911 1255 1148 1326 seipsum
1177 1256 1433 1310 miracula
1478 1271 1586 1310 non
1613 1255 1792 1322 videt,

200 1344 303 1399 sed
332 1344 600 1399 internum
624 1345 902 1414 conspicit.
933 1344 1016 1400 illi
1037 1360 1240 1402 ciccum
1263 1346 1514 1403 videbant
1532 1347 1800 1402 dicebaut-

201 1452 335 1506 que,
368 1434 468 1490 Hic
495 1446 589 1503 est,
617 1447 809 1492 nonest
831 1437 934 1505 hic;
961 1453 1192 1494 vocemus
1221 1441 1332 1510 ejus
1358 1450 1588 1511 parentes
1612 1440 1794 1510 (Joan.

203 1529 261 1584 9.
297 1527 350 1583 8.
383 1527 436 1583 9.
471 1528 585 1599 18).
615 1528 790 1584 Audis.
808 1530 1180 1602 ambigentes?
1207 1531 1382 1587 viden‘
1410 1547 1516 1587 non
1544 1532 1797 1590 sufﬁcere

204 1620 456 1689 corporis
500 1628 776 1689 aspectum
839 1619 905 1676 ad
955 1621 1202 1676 miraculi
1248 1622 1648 1692 spectaculum?
1696 1623 1793 1689 Qui

205 1720 504 1788 pra'sentes
531 1719 586 1767 et
607 1721 910 1782 spectantes
933 1723 1084 1767 erant
1113 1713 1362 1769 dicebant
1389 1731 1405 1769 :
1433 1713 1536 1768 Hie
1561 1723 1635 1768 est
1655 1753 1671 1776 .
1697 1731 1797 1770 non

208 1811 281 1856 est
306 1802 426 1867 hic;
454 1816 554 1856 nos
579 1817 706 1857 vero
733 1803 824 1874 qui
862 1813 1156 1873 praesentes
1185 1820 1292 1860 non
1329 1819 1516 1860 sumus
1537 1847 1552 1870 ,
1584 1820 1689 1860 non
1717 1805 1798 1860 di-

209 1896 406 1958 cimus,
442 1893 538 1948 lit'c
563 1903 654 1962 est,
684 1911 783 1950 non
803 1905 876 1950 est
900 1897 1004 1963 hic;
1030 1897 1148 1964 sed,
1181 1896 1303 1968 Ipse
1326 1907 1419 1953 est.
1449 1899 1688 1956 Didicisti
1715 1900 1799 1953 tti-

213 1985 290 2042 hil
318 1985 609 2042 absentiam
641 2003 856 2056 nocere,
883 1973 1005 2044 cum
1052 1989 1172 2045 ﬁdei
1212 1991 1407 2046 adsunt
1431 1991 1604 2057 oculi;
1633 1991 1798 2047 nihil-

217 2091 327 2146 que
376 2077 608 2132 utilitatis
633 2094 699 2133 ex
757 2080 1042 2148 priesentia
1083 2081 1326 2154 percipi,
1359 2097 1479 2139 cum
1507 2082 1626 2140 ﬁdei
1656 2083 1797 2139 oculi

216 2183 327 2222 non
352 2168 582 2224 adsunt?
604 2170 743 2237 Quid
786 2173 928 2227 enim
974 2173 1080 2228 illis
1122 2173 1320 2244 profuit
1368 2175 1592 2231 videre?
1632 2175 1795 2231 Nihil.

208 2257 324 2314 Nos
349 2259 490 2314 enim
519 2261 717 2316 clarius
743 2276 899 2332 quam
931 2262 1005 2318 illi
1038 2262 1304 2321 videmus.
1331 2265 1592 2333 Quoniam
1636 2267 1798 2337 igitur

205 2350 350 2406 oculi
379 2351 544 2406 vestri
567 2351 744 2407 vident
767 2369 833 2408 eo
850 2353 1083 2420 videndi,
1114 2364 1168 2410 et
1187 2371 1344 2412 aures
1362 2369 1553 2413 vestra:
1575 2358 1799 2416 audiunt

204 2455 276 2496 eu
301 2440 555 2497 audiendi
583 2457 780 2514 genere
804 2484 821 2511 ,
851 2445 992 2516 quod
1021 2445 1264 2502 Christus
1288 2447 1500 2503 beatum
1543 2448 1798 2518 praedica-

203 2534 321 2601 vit,
372 2534 601 2605 agedum
631 2535 782 2591 vobis
827 2536 1116 2608 Scriptum
1163 2553 1402 2609 gemmas
1444 2553 1795 2612 apponamus.

200 2624 676 2694 Quemadmodum
700 2627 843 2682 enim
892 2627 1093 2686 Iudaeis
1131 2631 1456 2700 qua-stiones
1489 2647 1598 2704 non
1637 2632 1797 2688 solvit

199 2719 477 2780 Christus.
509 2717 619 2774 imo
640 2719 787 2781 auxit
814 2719 1192 2776 obscuritatem
1217 2762 1237 2790 ,
1261 2723 1387 2793 quia
1417 2738 1522 2778 non
1551 2723 1796 2779 attende-

197 2808 333 2862 bant
367 2825 384 2862 :
411 2808 491 2863 sic
517 2819 570 2863 et
595 2808 746 2866 vobis
770 2851 784 2876 ,
815 2811 938 2881 quia
962 2821 1168 2870 attento
1193 2815 1321 2870 estis
1347 2814 1527 2869 animo
1545 2856 1562 2883 ,
1589 2814 1797 2878 occulta

202 2900 260 2954 in
313 2901 563 2956 medium
599 2903 869 2960 adducere
915 2921 1014 2976 par
1045 2917 1148 2962 est.
1193 2907 1406 2966 Etenim
1449 2925 1800 2972 accesserunt

200 2991 488 3064 discipuli,
511 3004 568 3049 et
587 2995 926 3052 mirabantur
940 2999 1184 3056 dicentes
1204 3019 1216 3055 :
1238 3000 1346 3057 Cur
1367 3003 1424 3057 in
1438 3007 1705 3075 parabolis
1722 3010 1796 3065 eis

199 3080 442 3150 loqueris
471 3081 681 3152 (Matth.
711 3083 799 3141 l3.
835 3085 922 3141 l0.
963 3097 1012 3141 et
1044 3088 1169 3152 l5)?
1210 3087 1459 3148 Ille,vero
1496 3099 1794 3168 respondit,

201 3168 345 3234 Quia
367 3169 590 3225 videntes
609 3187 708 3225 non
733 3173 917 3227 rident.
945 3174 1078 3247 Quia
1103 3177 1261 3246 igitur
1290 3193 1383 3233 vos
1413 3194 1516 3235 non
1554 3181 1796 3238 videntes

199 3260 432 3328 videtis,
458 3276 556 3332 par
577 3271 660 3319 est
687 3263 839 3320 vobis
867 3268 984 3322 sine
1011 3268 1259 3337 parabola
1281 3270 1456 3340 loqui;
1483 3281 1537 3326 et
1555 3275 1676 3343 quia
1694 3274 1798 3327 Atto

197 3351 406 3406 dientes
423 3367 526 3406 non
567 3354 800 3408 audiunt.
851 3355 926 3427 (a)
951 3353 1084 3426 Quia
1114 3358 1270 3428 igitur
1295 3375 1388 3416 vos
1411 3361 1500 3434 qui
1540 3371 1665 3418 tunc
1689 3379 1798 3419 non

195 3439 512 3506 audivistis,
543 3457 682 3497 nunc
703 3459 809 3498 non
840 3447 1015 3500 minus
1043 3447 1236 3502 auditis
1259 3490 1273 3515 ,
1304 3464 1462 3520 quam
1491 3459 1615 3506 tunc
1639 3452 1796 3507 audi-

195 3531 447 3598 vissetis,
466 3542 879 3590 consentaneum
899 3547 1088 3593 estvos
1110 3555 1214 3594 non
1242 3540 1339 3595 hac
1360 3541 1568 3611 privare
1589 3558 1796 3602 mensa.

199 3621 430 3680 Etenim
456 3621 701 3682 Christus
738 3625 837 3683 hos
863 3643 969 3683 non
1018 3630 1194 3686 minus
1221 3631 1410 3690 beatos
1451 3635 1756 3703 praedicavit
1779 3677 1795 3703 ,

192 3730 374 3785 quam
404 3715 524 3771 illos
555 3734 570 3770 :
604 3717 786 3773 Vidisti
824 3737 1086 3792 namque,
1136 3723 1240 3791 ait,
1272 3735 1318 3779 et
1345 3727 1642 3794 credidisti;
1669 3729 1800 3786 beati

192 3809 289 3876 qui
345 3823 453 3861 non
496 3809 728 3865 viderunt
752 3851 768 3878 ,
809 3822 858 3866 et
887 3814 1206 3868 crediderunt
1245 3814 1423 3888 (Joau.
1453 3818 1545 3874 20.
1577 3818 1691 3892 29).
1721 3820 1798 3876 Ne

192 3899 380 3969 igitur
406 3898 527 3954 ideo
549 3915 742 3972 segnes
766 3902 832 3959 ad
863 3904 1114 3961 virtutem
1142 3916 1332 3975 estote,
1365 3909 1507 3979 quod
1535 3911 1636 3965 illis
1666 3923 1800 3968 tem-

191 3989 436 4055 poribus
467 4005 572 4044 non
621 3990 825 4048 fueritis
846 4033 862 4059 ,
895 3995 988 4050 sed
1017 3997 1116 4051 hoc
1164 4009 1405 4068 tempore
1433 3999 1637 4055 vivatis.
1665 4001 1800 4059 Nam

190 4078 241 4132 si
292 4077 572 4146 volueris,
600 4081 734 4139 nihil
775 4082 898 4140 hinc
938 4084 1242 4142 detrimenti
1288 4088 1588 4158 percipies;
1615 4107 1802 4161 quem.-

190 4169 504 4224 admodum
537 4173 685 4228 multi
716 4190 920 4240 eorum,
947 4179 1033 4248 qui
1062 4189 1186 4234 tunc
1210 4179 1452 4249 fuerunt,
1466 4183 1588 4254 quia
1615 4185 1801 4242 nolue-

193 4271 359 4324 runt,
387 4261 515 4316 nihil
546 4264 668 4318 hinc
694 4266 935 4322 utilitatis
963 4284 1270 4341 percepere.

271 4355 337 4409 3.
386 4354 670 4425 Scriptura
693 4358 876 4415 divinat
903 4361 1079 4415 virtus.
1117 4362 1310 4418 Paulus
1339 4381 1439 4419 non
1465 4367 1532 4422 de
1565 4370 1802 4438 prensanti

193 4445 403 4509 solum,
431 4446 520 4497 sed
545 4447 694 4500 etiam
734 4449 796 4502 de
824 4451 993 4522 futuro
1031 4469 1182 4523 grege
1212 4456 1481 4513 sollicitus.
1509 4459 1800 4529 Apostolica

191 4553 306 4588 scn
314 4545 409 4604 pta
436 4538 616 4591 naenia
638 4537 1000 4595 Ecclesiarum.
1024 4544 1259 4612 Apostoli
1286 4548 1346 4600 de
1376 4551 1557 4617 futuris
1569 4551 1800 4606 solliciti.

193 4624 404 4680 Petrus
453 4630 798 4697 apostolorum
859 4635 1154 4704 corypltteus
1181 4677 1198 4702 ,
1254 4647 1348 4692 etc.
1403 4639 1552 4696 Orbis
1616 4645 1802 4712 pratic-

192 4730 361 4781 (ευ,
389 4729 487 4773 etc.
519 4749 589 4758 —
609 4719 870 4790 Quidnam
914 4725 1071 4796 igitur
1107 4726 1268 4783 hodie
1308 4729 1499 4784 lectum
1539 4734 1660 4787 est?
1689 4733 1802 4788 Iloc

191 4820 384 4862 autem
413 4811 588 4864 scitote
607 4851 621 4876 ,
643 4813 777 4880 quod
813 4814 866 4868 in
895 4816 1174 4872 novissimis
1194 4819 1366 4882 diebus
1402 4833 1548 4876 erunt
1575 4833 1801 4895 tempora

191 4903 390 4972 gravia
424 4902 511 4974 (2.
548 4902 682 4959 Tim.
707 4905 761 4960 5.
792 4908 868 4976 l).
895 4908 1176 4965 Timotheo
1205 4927 1416 4967 rursum
1448 4915 1631 4970 scribit
1659 4916 1798 4970 Pau-

194 4997 314 5052 lus.
351 4995 630 5053 Tcrribilis
671 5001 1044 5069 comminatio;
1073 5005 1167 5058 sed
1211 5005 1444 5060 animum
1485 5007 1749 5078 erigamus
1783 5025 1797 5062 :

194 5088 332 5142 lucc
384 5089 580 5160 quippe
645 5099 883 5162 tempora
935 5093 1088 5150 nobis
1140 5095 1437 5152 subindicat
1482 5098 1797 5168 Scriptura,

195 5193 428 5232 necnon
450 5191 568 5250 post
598 5179 772 5240 futura
793 5224 809 5250 ,
842 5185 1106 5256 etiamque
1133 5203 1194 5243 ea
1239 5204 1356 5258 qua:
1383 5193 1800 5246 consummatio-

194 5287 342 5325 nem
375 5282 632 5341 spectant.
663 5274 775 5329 Iloc
816 5289 984 5331 autem
1026 5281 1199 5334 scitote
1221 5322 1235 5345 ,
1264 5281 1400 5352 quod
1426 5283 1477 5336 in
1522 5285 1802 5339 novissimis

193 5366 400 5418 diebus
425 5376 571 5419 erant
595 5378 820 5438 tempora
849 5373 1042 5440 gravia.
1073 5372 1238 5429 Breve
1265 5374 1499 5445 dictum,
1530 5386 1584 5434 et
1613 5395 1800 5450 inagna

194 5457 411 5510 virtus.
457 5459 915 5524 Quemadmodum
961 5464 1102 5518 enim
1141 5475 1375 5524 aromata
1405 5485 1508 5528 non
1547 5472 1697 5541 copia
1747 5480 1802 5528 ct

268 5634 364 5696 (tu
397 5639 472 5685 ltic
496 5642 664 5688 textus
686 5637 894 5689 deﬁcere
920 5641 1119 5692 videtur.

751 227 815 284 IN
856 228 1078 294 ILLUD,
1120 228 1253 286 HOC
1289 227 1574 285 SCITOTE
1612 227 1796 296 QUOD
1835 225 1899 283 LV
1937 227 2317 288 NOVISSIMIS
2354 229 2614 298 DIEBUS,
2661 232 2814 290 ETC.

3364 235 3472 292 2η

1894 341 2057 407 mle,
2083 341 2180 397 sed
2205 352 2394 400 natura
2418 344 2756 411 ﬂagrantiam
2786 345 3030 400 emittunt
3060 362 3076 401 :
3105 350 3182 401 sic
3207 355 3260 402 et
3283 347 3478 402 divinat

1893 431 2182 502 Scriptum
2228 449 2331 490 non
2386 434 2728 491 multitudine
2779 437 3102 502 verbm-mu,
3153 448 3246 492 seu
3315 437 3475 492 insita

1895 525 2123 592 virtute,
2153 535 2316 582 totam
2364 527 2522 582 nobis
2560 527 2800 597 praebent
2829 529 3129 582 utilitatem.
3157 528 3246 583 Sic
3271 531 3475 584 incenSI

1895 628 2081 671 natura
2109 632 2204 687 per
2227 618 2459 688 seipsam
2487 633 2709 675 suavem
2726 620 2918 675 emittit
2946 620 3197 685 odorem;
3221 621 3268 676 si
3296 630 3478 676 autem

1897 707 2104 776 injicias
2147 709 2200 763 in
2249 710 2468 780 ignem,
2499 720 2626 766 tunc
2653 712 3016 768 omnimodam
3060 729 3209 768 suam
3263 713 3477 769 exhibet

1894 801 2242 870 voluptatem.
2295 802 2369 858 lla
2399 803 2561 858 etiam
2586 803 2767 858 divina
2808 804 3088 876 Scriptura
3113 821 3208 876 per
3243 807 3476 878 seipsam

1894 890 2206 946 suavissima
2233 899 2334 957 est;
2361 905 2482 946 cum
2509 901 2686 949 autem
2714 895 2946 958 animam
2979 907 3214 951 nostram
3250 911 3483 966 occupa-

1895 981 2050 1047 verit,
2065 997 2126 1035 ac
2152 983 2196 1036 si
2219 982 2272 1037 in
2299 982 2622 1039 thuribulum
2647 985 2908 1050 inciderit,
2931 996 3092 1042 totam
3118 987 3333 1042 domum
3358 1003 3482 1041 Sua-

1895 1070 1945 1125 vi
1984 1072 2167 1140 implet
2194 1072 2378 1127 odore.
2407 1071 2522 1126 liae
2550 1083 2717 1129 autem
2737 1059 2946 1141 scitote,
2986 1074 3124 1144 quod
3160 1073 3215 1127 in
3255 1073 3477 1127 novissi-

1899 1163 1997 1216 mis
2037 1158 2215 1214 diebus
2253 1173 2408 1216 erunt
2435 1171 2662 1234 tempora
2704 1164 2856 1219 dura.
2902 1165 2979 1221 De
3023 1167 3481 1221 consummatione

1899 1252 2148 1321 loquitur.
2172 1252 2309 1321 Quid
2335 1253 2437 1310 hoc
2463 1254 2530 1310 ad
2553 1265 2626 1323 te,
2654 1256 2808 1312 beate
2837 1256 3034 1312 Paule?
3053 1258 3178 1326 quid
3204 1259 3268 1312 ad
3301 1258 3481 1313 Timo-

1899 1344 2117 1400 theum?
2149 1345 2274 1416 quid
2299 1346 2366 1401 ad
2397 1347 2516 1402 illos
2540 1349 2627 1418 qui
2652 1357 2776 1403 tunc
2795 1348 3118 1404 audiebant?
3145 1349 3298 1404 Brevi
3326 1360 3478 1420 post-

1897 1451 1960 1493 ea
2009 1445 2247 1507 tempore
2289 1439 2532 1494 morituri
2557 1449 2745 1506 erant,
2771 1456 2801 1494 a
2831 1440 3019 1495 futuris
3063 1441 3166 1496 illis
3208 1443 3480 1496 calamita-

1902 1527 2043 1582 tibus
2089 1537 2201 1583 eta
2235 1530 2411 1598 pravis
2455 1529 2761 1586 hominibus
2810 1532 3088 1602 eripiendi.
3132 1532 3325 1588 Verum
3375 1549 3482 1589 non

1901 1620 2187 1689 praesentia
2230 1631 2434 1676 tantum
2457 1623 2687 1692 respicio
2709 1664 2725 1689 ,
2758 1623 2946 1694 inquit,
2968 1624 3062 1679 sed
3087 1623 3263 1680 futura
3290 1626 3484 1694 praevi-

1899 1710 2021 1765 deo.
2048 1710 2166 1766 Non
2193 1727 2431 1780 praesens
2456 1721 2658 1767 tantum
2684 1728 2811 1783 grex
2849 1713 2978 1768 mihi
3007 1715 3350 1770 sollicitudini
3376 1724 3480 1782 est,

1899 1800 1995 1858 sed
2041 1801 2199 1857 etiam
2228 1818 2324 1872 pro
2354 1802 2530 1858 futuro
2573 1819 2732 1876 grege
2757 1820 2924 1876 angor
2963 1815 3018 1861 et
3049 1805 3228 1860 timeo.
3258 1804 3368 1860 Nos
3395 1807 3480 1861 vix

1900 1891 1964 1947 iis
1991 1891 2078 1962 qui
2109 1892 2384 1949 nobiscum
2431 1904 2711 1949 versantur
2739 1893 3045 1950 hominibus
3085 1893 3438 1965 prospicimus
3463 1937 3480 1960 ,

1901 1982 1988 2038 ille
2015 1997 2143 2037 vero
2165 1997 2260 2052 pro
2288 1983 2352 2038 iis
2372 1984 2463 2054 qui
2491 1985 2726 2040 nondum
2757 1986 2866 2040 nati
2901 1995 3030 2041 sunt
3055 2028 3066 2044 ,
3097 1985 3314 2040 multam
3345 1986 3482 2054 gerit

1899 2073 2326 2130 sollicitudinem.
2358 2075 2446 2132 Sic
2470 2084 2524 2131 et
2549 2085 2730 2146 pastor
2754 2075 2987 2147 optimus
3006 2091 3111 2132 non
3137 2092 3258 2132 cum
3279 2077 3476 2132 viderit

1899 2163 2052 2232 lupos
2080 2163 2344 2220 irruentes
2369 2165 2420 2219 in
2442 2180 2676 2237 gregem,
2696 2165 2805 2236 jam
2832 2181 2997 2237 prope
3018 2182 3145 2223 oves
3168 2169 3480 2234 accessisse,

1901 2262 2028 2309 tunc
2049 2254 2099 2309 id
2127 2254 2366 2324 praedicit
2394 2265 2618 2326 tantum,
2647 2256 2740 2312 sed
2766 2259 2926 2312 etiam
2952 2246 3136 2328 procul
3161 2257 3334 2312 adhuc
3365 2274 3483 2313 ver-

1899 2355 2079 2401 santes
2122 2345 2335 2401 iudicat.
2370 2345 2444 2401 ita
2471 2362 2681 2417 quoque
2705 2347 2901 2403 Paulus
2926 2389 2942 2416 ,
2969 2348 3108 2404 sicut
3134 2357 3314 2419 pastor
3335 2349 3478 2418 opti-

1899 2451 2038 2502 mus,
2067 2436 2122 2492 in
2144 2437 2358 2493 excelso
2386 2437 2505 2493 loco
2531 2480 2545 2504 ,
2575 2438 2628 2494 in
2671 2438 2963 2509 prophetia:
3006 2455 3200 2510 nempe
3223 2439 3482 2511 dignitate

1901 2527 2097 2584 sedens
2120 2569 2135 2594 ,
2184 2543 2249 2584 ac
2275 2528 2601 2598 prOpheticis
2626 2529 2795 2584 oculis
2820 2544 3029 2585 sursum
3060 2530 3262 2600 positus
3326 2531 3480 2584 inva-

1901 2632 2056 2672 suras
2084 2617 2223 2672 feras
2268 2617 2569 2686 prtevideus
2589 2659 2604 2682 ,
2637 2617 2756 2673 illas
2784 2619 2836 2673 iu
2883 2619 2994 2688 ipsa
3019 2619 3480 2674 consummatione

1900 2709 1952 2764 iu
1976 2723 2189 2780 gregem
2216 2709 2467 2778 impctmn
2490 2709 2729 2766 facturas
2748 2720 2802 2766 et
2835 2711 3109 2767 invasuras
3135 2725 3255 2766 esse
3285 2709 3482 2780 pracdi-

1903 2801 1975 2855 cit
2005 2809 2059 2854 et
2099 2800 2478 2870 praesigniﬁcat
2499 2840 2518 2867 ,
2546 2809 2602 2856 ut
2630 2816 2725 2856 eos
2752 2801 2913 2857 etiam
2932 2842 2950 2868 ,
2979 2801 3069 2872 qui
3110 2801 3343 2856 nomlum
3374 2801 3482 2855 nati

1899 2899 2051 2945 erant
2071 2931 2087 2956 ,
2109 2890 2174 2945 ad
2199 2890 2517 2961 vigilandum
2571 2890 2847 2946 induceret
2870 2933 2886 2957 ,
2914 2899 2968 2946 et
3009 2891 3283 2961 pmpltetia
3314 2901 3482 2946 totum

1901 2983 2133 3038 muniret
2179 2998 2416 3054 gregem.
2467 2983 2674 3038 Etenim
2720 2992 2872 3053 pater
2915 2982 3077 3054 prolis
3127 2998 3350 3049 amans,
3392 2983 3483 3054 qui

1901 3073 2044 3130 aedes
2091 3075 2386 3130 extediilcat
2407 3115 2422 3141 ,
2454 3089 2598 3146 scepe
2644 3075 2765 3130 ﬁliis
2793 3075 2904 3129 suis
2945 3075 3066 3131 illas
3097 3074 3402 3146 splendidas
3428 3083 3483 3130 et

1900 3163 2104 3234 amplas
2150 3164 2445 3230 construit,
2492 3179 2598 3218 non
2645 3164 2802 3220 modo
2851 3173 2909 3218 ut
2948 3165 3054 3220 illis
3096 3173 3299 3218 tantum
3326 3164 3484 3220 utiles

1899 3255 2298 3327 commodzeque
2340 3257 2447 3312 sint
2469 3297 2484 3322 ,
2512 3257 2606 3312 sed
2632 3258 2792 3313 etiam
2836 3258 3119 3330 nepotibus
3151 3266 3205 3313 et
3233 3257 3481 3340 posteris.

1903 3347 1976 3403 Ita
2007 3363 2215 3420 quoque
2262 3365 2356 3405 rex
2386 3348 2686 3406 adamatam
2725 3349 2910 3406 urbem
2960 3350 3226 3406 moenibus
3251 3351 3482 3406 cireum-

1901 3439 2108 3504 munit,
2149 3439 2320 3510 iisque
2364 3438 2532 3496 ﬁrmis
2575 3441 2841 3511 tutisque,
2885 3456 3002 3512 qua:
3040 3457 3144 3497 non
3194 3451 3350 3497 aetate
3390 3455 3484 3495 sua

1901 3529 2084 3596 modo,
2113 3530 2206 3587 sed
2228 3531 2386 3586 etiam
2412 3531 2858 3602 subsequentibus
2901 3541 2953 3587 et
2979 3531 3205 3602 posteris
3238 3530 3485 3586 omnibus

1902 3622 2011 3676 sint
2061 3622 2338 3688 tutamini,
2368 3637 2469 3678 nec
2515 3622 2774 3679 adversus
2800 3622 3070 3678 machinas
3100 3632 3302 3678 tantum
3349 3622 3488 3676 illius

1904 3712 2179 3780 temporis,
2209 3711 2304 3767 sed
2330 3713 2588 3767 adversus
2617 3712 2818 3768 futuras
2843 3713 3144 3768 invasioncs
3169 3721 3224 3768 et
3251 3711 3487 3768 obsidio-

1904 3815 2000 3856 nes
2026 3810 2168 3857 stare
2217 3803 2440 3872 Possint.
2477 3803 2565 3858 Sic
2613 3804 2772 3858 etiam
2817 3803 3011 3858 Paulus
3040 3802 3185 3858 fecit.
3220 3803 3482 3871 Quoniam

1901 3892 2189 3962 apostolica
2215 3893 2411 3962 scripta
2441 3893 2634 3948 muenia
2665 3902 2787 3948 sunt
2809 3893 3189 3957 Ecclesiarum,
3213 3909 3318 3947 non
3345 3909 3484 3962 pra:-

1904 3993 2082 4040 sentcs
2112 3994 2312 4039 tantum
2337 4026 2353 4052 ,
2385 3978 2479 4040 sed
2526 3985 2685 4040 etiam
2733 3994 2975 4054 posteros
3020 3999 3115 4054 per
3157 3985 3242 4038 illa
3292 3984 3483 4038 munit.

1904 4077 2079 4145 Atque
2103 4075 2171 4128 ita
2200 4074 2408 4128 ﬁrmum
2431 4082 2484 4128 et
2510 4071 2882 4128 inconcussum
2926 4082 3134 4142 septum
3184 4072 3486 4143 Imjusmodi

1905 4166 2232 4231 construxit,
2279 4174 2334 4220 et
2380 4180 2499 4219 cum
2532 4149 2677 4219 tanta
2719 4163 2925 4220 cautela
2957 4164 3048 4219 illo
3087 4173 3253 4219 totum
3300 4164 3485 4219 orbem

1905 4257 2365 4320 circummunivit,
2399 4265 2454 4310 ut
2478 4269 2571 4310 eos
2600 4254 2689 4325 qui
2715 4263 2823 4308 tum
2852 4253 3138 4320 vivebant,
3169 4263 3222 4310 et
3249 4254 3338 4326 qui
3369 4255 3488 4310 illos

1904 4364 2162 4420 excepere
2182 4389 2197 4413 ,
2221 4356 2276 4403 ct
2297 4362 2390 4404 eos
2418 4349 2507 4418 qui
2536 4363 2675 4403 nunc
2698 4356 2822 4402 sunt
2845 4389 2858 4411 ,
2882 4355 2935 4402 ct
2960 4356 3200 4417 posteros
3229 4362 3396 4418 usque
3420 4348 3486 4402 ad

1904 4440 2104 4497 Christi
2132 4440 2418 4494 adventum
2447 4447 2632 4493 contra
2654 4453 2869 4494 omnem
2897 4439 3231 4494 inimicorum
3260 4436 3488 4492 obsidio-

1907 4548 2028 4587 nem
2057 4541 2196 4586 tutos
2227 4539 2525 4586 conservet.
2558 4529 2715 4586 Tales
2761 4539 2884 4586 sunt
2927 4542 3231 4587 sanctorum
3256 4532 3485 4586 animm:

1907 4624 2128 4678 fratrum
2155 4630 2398 4677 amantes
2421 4663 2438 4688 ,
2469 4621 2537 4676 de
2578 4621 2681 4676 illis
2702 4621 2976 4688 sollicitze,
2999 4635 3182 4676 amore
3212 4631 3485 4690 paternam

1907 4724 2222 4784 superantes
2275 4713 2734 4776 benevolentiam,
2768 4721 2823 4767 et
2865 4711 3209 4766 dilectionem
3262 4713 3486 4769 materni

1905 4815 2090 4878 partus
2125 4823 2139 4860 :
2171 4804 2258 4861 hic
2291 4820 2520 4875 namque
2549 4803 2780 4874 Spiritus
2805 4810 2858 4857 et
2884 4801 3073 4856 divina:
3101 4802 3284 4869 gratia:
3310 4812 3412 4857 est.

1977 4897 2030 4951 4.
2067 4895 2236 4950 Vultis
2265 4904 2324 4950 ut
2347 4893 2561 4949 aliunde
2588 4895 2750 4948 etiam
2773 4892 2923 4947 vobis
2947 4891 3334 4960 demonstrem,
3367 4909 3490 4950 san-

1907 5001 2024 5044 ctos
2071 5005 2175 5043 non
2203 5004 2324 5058 quae
2366 4987 2433 5041 ad
2463 5003 2617 5042 suum
2655 4995 2864 5054 tempus
2901 4992 3147 5054 spectant
3193 4983 3366 5040 solum
3391 5001 3490 5039 cu-

1909 5097 2064 5146 rare,
2094 5093 2270 5149 neque
2317 5093 2413 5147 pro
2463 5075 2815 5146 praesentibus
2860 5074 3034 5129 solum
3082 5085 3360 5142 metuere,
3394 5075 3488 5136 sed

1907 5174 2064 5228 etiam
2094 5185 2191 5240 pro
2216 5168 2282 5223 iis
2301 5167 2388 5238 qui
2417 5176 2599 5237 postea
2626 5165 2784 5221 futuri
2812 5165 2973 5220 sunt?
3001 5166 3376 5230 Accesserant,
3411 5166 3487 5227 iu-

1907 5267 2041 5337 quit,
2073 5263 2138 5320 ad
2177 5277 2301 5318 eum
2332 5262 2384 5315 in
2416 5269 2599 5316 monte
2636 5259 2911 5316 sedentem
2944 5258 3208 5326 discipuli,
3243 5257 3487 5311 homines

1910 5355 2288 5427 propemodum
2309 5368 2485 5418 senes,
2516 5355 2604 5423 qui
2628 5361 2747 5424 post
2775 5352 3039 5408 modicum
3067 5361 3274 5420 tempus
3294 5364 3357 5403 ex
3388 5348 3489 5402 hac

1910 5457 2016 5506 vita
2043 5447 2330 5506 discessuri
2357 5456 2527 5502 erant.
2559 5445 2696 5513 Quid
2726 5460 2854 5516 ergo
2879 5445 3156 5516 quzrrunt‘l
3176 5443 3246 5497 de
3265 5455 3370 5510 quo
3393 5453 3486 5491 an-

1909 5539 2140 5615 guntur?
2177 5541 2305 5612 quid
2350 5540 2573 5597 timent?
2600 5540 2791 5610 quihtts
2837 5540 2905 5594 de
2951 5537 3125 5593 causis
3178 5532 3486 5600 magistrum

1911 5633 2335 5705 percontantur?
2379 5648 2503 5688 num
2532 5631 2597 5687 dc
2620 5629 2776 5685 rebus
2802 5670 2815 5696 ,
2847 5643 2962 5700 qua:
3001 5623 3129 5694 ipsis
3155 5616 3477 5678 viventibus,
