  <div class='ocr_page' id='page_1' title='image "/cluster/home/n/w/nwhite01/storage/ocr_20150623/56/hvd.32044048208490/281.png"; bbox 0 0 3952 6200; ppageno 0'>
   <div class='ocr_carea' id='block_1_1' title="bbox 493 321 603 380">
    <p class='ocr_par' dir='ltr' id='par_1_1' title="bbox 493 321 603 380">
     <span class='ocr_line' id='line_1_1' title="bbox 493 321 603 380; baseline 0.027 -3"><span class='ocrx_word' id='word_1_1' title='bbox 493 321 603 380; x_wconf 70' lang='grc' dir='ltr'><strong>2Ἱό</strong></span> 
     </span>
    </p>
   </div>
   <div class='ocr_carea' id='block_1_2' title="bbox 1202 261 2996 366">
    <p class='ocr_par' dir='ltr' id='par_1_2' title="bbox 1202 261 2996 366">
     <span class='ocr_line' id='line_1_2' title="bbox 1202 261 2996 366; baseline -0.005 0"><span class='ocrx_word' id='word_1_2' title='bbox 1202 309 1261 366; x_wconf 92' lang='lat' dir='ltr'><strong>s.</strong></span> <span class='ocrx_word' id='word_1_3' title='bbox 1298 304 1576 365; x_wconf 78' lang='lat' dir='ltr'><strong>JOANNIS</strong></span> <span class='ocrx_word' id='word_1_4' title='bbox 1605 294 2085 359; x_wconf 71' lang='lat' dir='ltr'><strong>cuntsosront</strong></span> <span class='ocrx_word' id='word_1_5' title='bbox 2123 294 2441 355; x_wconf 75' lang='lat' dir='ltr'><strong>ARCIIIEP.</strong></span> <span class='ocrx_word' id='word_1_6' title='bbox 2467 261 2996 360; x_wconf 63' lang='lat' dir='ltr'><strong>consumitur;</strong></span> 
     </span>
    </p>
   </div>
   <div class='ocr_carea' id='block_1_3' title="bbox 3599 320 3684 379">
    <p class='ocr_par' dir='ltr' id='par_1_3' title="bbox 3599 320 3684 379">
     <span class='ocr_line' id='line_1_3' title="bbox 3599 320 3684 379; baseline 0 -4"><span class='ocrx_word' id='word_1_7' title='bbox 3599 320 3684 379; x_wconf 70' lang='lat'><strong>276</strong></span> 
     </span>
    </p>
   </div>
   <div class='ocr_carea' id='block_1_4' title="bbox 493 404 3705 500">
    <p class='ocr_par' dir='ltr' id='par_1_4' title="bbox 493 404 3705 500">
     <span class='ocr_line' id='line_1_4' title="bbox 493 404 3705 500; baseline 0 -7"><span class='ocrx_word' id='word_1_8' title='bbox 493 445 586 492; x_wconf 80' lang='lat' dir='ltr'><strong>aut</strong></span> <span class='ocrx_word' id='word_1_9' title='bbox 612 435 754 491; x_wconf 89' lang='lat' dir='ltr'><strong>circa</strong></span> <span class='ocrx_word' id='word_1_10' title='bbox 784 432 873 487; x_wconf 90' lang='lat' dir='ltr'><strong>illa</strong></span> <span class='ocrx_word' id='word_1_11' title='bbox 901 438 1138 500; x_wconf 83' lang='lat' dir='ltr'><strong>tempora</strong></span> <span class='ocrx_word' id='word_1_12' title='bbox 1163 431 1434 479; x_wconf 70' lang='lat' dir='ltr'><strong>eventura:</strong></span> <span class='ocrx_word' id='word_1_13' title='bbox 1476 415 1671 475; x_wconf 79' lang='lat' dir='ltr'><strong>erant?</strong></span> <span class='ocrx_word' id='word_1_14' title='bbox 1694 411 1931 470; x_wconf 73' lang='lat' dir='ltr'><strong>Minime.</strong></span> <span class='ocrx_word' id='word_1_15' title='bbox 1960 404 2069 462; x_wconf 78' lang='lat' dir='ltr'><strong>Sed</strong></span> <span class='ocrx_word' id='word_1_16' title='bbox 2176 408 2415 465; x_wconf 65' lang='lat' dir='ltr'><strong>celarunt</strong></span> <span class='ocrx_word' id='word_1_17' title='bbox 2436 426 2455 465; x_wconf 88' lang='lat'><strong><em>:</em></strong></span> <span class='ocrx_word' id='word_1_18' title='bbox 2475 428 2643 482; x_wconf 83' lang='lat' dir='ltr'><strong>auten,</strong></span> <span class='ocrx_word' id='word_1_19' title='bbox 2665 430 2811 471; x_wconf 82' lang='lat' dir='ltr'><strong>amen</strong></span> <span class='ocrx_word' id='word_1_20' title='bbox 2839 417 2954 473; x_wconf 88' lang='lat' dir='ltr'><strong>dico</strong></span> <span class='ocrx_word' id='word_1_21' title='bbox 2980 418 3113 474; x_wconf 80' lang='lat' dir='ltr'><strong>vobis</strong></span> <span class='ocrx_word' id='word_1_22' title='bbox 3138 460 3151 485; x_wconf 90' lang='lat'><strong>,</strong></span> <span class='ocrx_word' id='word_1_23' title='bbox 3182 424 3372 494; x_wconf 79' lang='lat' dir='ltr'><strong>{acilius</strong></span> <span class='ocrx_word' id='word_1_24' title='bbox 3395 442 3460 485; x_wconf 88' lang='lat' dir='ltr'><strong>est</strong></span> <span class='ocrx_word' id='word_1_25' title='bbox 3482 446 3705 495; x_wconf 77' lang='lat' dir='ltr'><strong>cometam</strong></span> 
     </span>
    </p>
   </div>
   <div class='ocr_carea' id='block_1_5' title="bbox 492 503 2073 598">
    <p class='ocr_par' dir='ltr' id='par_1_5' title="bbox 492 503 2073 598">
     <span class='ocr_line' id='line_1_5' title="bbox 492 503 2073 598; baseline -0.021 -11"><span class='ocrx_word' id='word_1_26' title='bbox 492 532 566 587; x_wconf 90' lang='lat' dir='ltr'><strong>iis</strong></span> <span class='ocrx_word' id='word_1_27' title='bbox 610 522 980 598; x_wconf 63' lang='lat' dir='ltr'><strong>praetermissis</strong></span> <span class='ocrx_word' id='word_1_28' title='bbox 1024 517 1271 574; x_wconf 87' lang='lat' dir='ltr'><strong>omnibus</strong></span> <span class='ocrx_word' id='word_1_29' title='bbox 1308 513 1434 582; x_wconf 91' lang='lat' dir='ltr'><strong>quid</strong></span> <span class='ocrx_word' id='word_1_30' title='bbox 1468 507 1681 567; x_wconf 78' lang='lat' dir='ltr'><strong>dicunt?</strong></span> <span class='ocrx_word' id='word_1_31' title='bbox 1702 503 1850 573; x_wconf 83' lang='lat' dir='ltr'><strong>Quod</strong></span> <span class='ocrx_word' id='word_1_32' title='bbox 1872 504 2073 598; x_wconf 65' lang='lat' dir='ltr'><strong>signum</strong></span> 
     </span>
    </p>
   </div>
   <div class='ocr_carea' id='block_1_6' title="bbox 495 593 2079 681">
    <p class='ocr_par' dir='ltr' id='par_1_6' title="bbox 495 593 2079 681">
     <span class='ocr_line' id='line_1_6' title="bbox 495 593 2079 681; baseline -0.018 -5"><span class='ocrx_word' id='word_1_33' title='bbox 495 593 739 675; x_wconf 80' lang='lat' dir='ltr'><strong>adventus</strong></span> <span class='ocrx_word' id='word_1_34' title='bbox 764 618 837 671; x_wconf 85' lang='lat' dir='ltr'><strong>tui</strong></span> <span class='ocrx_word' id='word_1_35' title='bbox 855 657 870 681; x_wconf 97' lang='lat'><strong>,</strong></span> <span class='ocrx_word' id='word_1_36' title='bbox 900 624 948 670; x_wconf 93' lang='lat' dir='ltr'><strong>et</strong></span> <span class='ocrx_word' id='word_1_37' title='bbox 971 607 1417 668; x_wconf 72' lang='lat' dir='ltr'><strong>consummationis</strong></span> <span class='ocrx_word' id='word_1_38' title='bbox 1438 603 1609 661; x_wconf 67' lang='lat' dir='ltr'><strong>seculi</strong></span> <span class='ocrx_word' id='word_1_39' title='bbox 1632 598 1845 673; x_wconf 71' lang='lat' dir='ltr'><strong>(Matth.</strong></span> <span class='ocrx_word' id='word_1_40' title='bbox 1874 595 1965 652; x_wconf 65' lang='grc' dir='ltr'><strong>ει.</strong></span> <span class='ocrx_word' id='word_1_41' title='bbox 1995 593 2079 666; x_wconf 73' lang='grc' dir='ltr'><strong>5)ἳ</strong></span> 
     </span>
    </p>
   </div>
   <div class='ocr_carea' id='block_1_7' title="bbox 498 691 2077 767">
    <p class='ocr_par' dir='ltr' id='par_1_7' title="bbox 498 691 2077 767">
     <span class='ocr_line' id='line_1_7' title="bbox 498 691 2077 767; baseline -0.017 0"><span class='ocrx_word' id='word_1_42' title='bbox 498 710 685 767; x_wconf 80' lang='lat' dir='ltr'><strong>Viden‘</strong></span> <span class='ocrx_word' id='word_1_43' title='bbox 712 705 833 764; x_wconf 87' lang='lat' dir='ltr'><strong>illos</strong></span> <span class='ocrx_word' id='word_1_44' title='bbox 860 706 1022 764; x_wconf 91' lang='lat' dir='ltr'><strong>etiam</strong></span> <span class='ocrx_word' id='word_1_45' title='bbox 1049 703 1118 760; x_wconf 90' lang='lat' dir='ltr'><strong>de</strong></span> <span class='ocrx_word' id='word_1_46' title='bbox 1142 697 1601 759; x_wconf 83' lang='lat' dir='ltr'><strong>consummatione</strong></span> <span class='ocrx_word' id='word_1_47' title='bbox 1642 691 1820 749; x_wconf 64' lang='lat' dir='ltr'><strong>saeculi</strong></span> <span class='ocrx_word' id='word_1_48' title='bbox 1846 694 2077 745; x_wconf 84' lang='lat' dir='ltr'><strong>interro-</strong></span> 
     </span>
    </p>
   </div>
   <div class='ocr_carea' id='block_1_8' title="bbox 496 779 2079 875">
    <p class='ocr_par' dir='ltr' id='par_1_8' title="bbox 496 779 2079 875">
     <span class='ocr_line' id='line_1_8' title="bbox 496 779 2079 875; baseline -0.016 -16"><span class='ocrx_word' id='word_1_49' title='bbox 496 818 624 875; x_wconf 86' lang='lat' dir='ltr'><strong>gare</strong></span> <span class='ocrx_word' id='word_1_50' title='bbox 647 843 661 868; x_wconf 90' lang='lat'><strong>,</strong></span> <span class='ocrx_word' id='word_1_51' title='bbox 694 800 864 869; x_wconf 77' lang='lat' dir='ltr'><strong>etde</strong></span> <span class='ocrx_word' id='word_1_52' title='bbox 892 798 1083 853; x_wconf 86' lang='lat' dir='ltr'><strong>futuris</strong></span> <span class='ocrx_word' id='word_1_53' title='bbox 1125 791 1432 851; x_wconf 85' lang='lat' dir='ltr'><strong>hominibus</strong></span> <span class='ocrx_word' id='word_1_54' title='bbox 1471 803 1595 845; x_wconf 88' lang='lat' dir='ltr'><strong>esse</strong></span> <span class='ocrx_word' id='word_1_55' title='bbox 1644 782 1936 842; x_wconf 82' lang='lat' dir='ltr'><strong>sollicitos?</strong></span> <span class='ocrx_word' id='word_1_56' title='bbox 1962 779 2079 835; x_wconf 83' lang='lat' dir='ltr'><strong>Non</strong></span> 
     </span>
    </p>
   </div>
   <div class='ocr_carea' id='block_1_9' title="bbox 497 880 2082 958">
    <p class='ocr_par' dir='ltr' id='par_1_9' title="bbox 497 880 2082 958">
     <span class='ocr_line' id='line_1_9' title="bbox 497 880 2082 958; baseline -0.015 -8"><span class='ocrx_word' id='word_1_57' title='bbox 497 896 640 951; x_wconf 88' lang='lat' dir='ltr'><strong>enim</strong></span> <span class='ocrx_word' id='word_1_58' title='bbox 681 908 777 948; x_wconf 87' lang='lat' dir='ltr'><strong>sua</strong></span> <span class='ocrx_word' id='word_1_59' title='bbox 802 890 987 946; x_wconf 78' lang='lat' dir='ltr'><strong>vident</strong></span> <span class='ocrx_word' id='word_1_60' title='bbox 1009 886 1234 958; x_wconf 78' lang='lat' dir='ltr'><strong>apostoli</strong></span> <span class='ocrx_word' id='word_1_61' title='bbox 1260 926 1275 950; x_wconf 92' lang='lat'><strong>,</strong></span> <span class='ocrx_word' id='word_1_62' title='bbox 1301 883 1396 940; x_wconf 91' lang='lat' dir='ltr'><strong>sed</strong></span> <span class='ocrx_word' id='word_1_63' title='bbox 1425 897 1545 954; x_wconf 67' lang='lat' dir='ltr'><strong>quae</strong></span> <span class='ocrx_word' id='word_1_64' title='bbox 1569 880 1794 935; x_wconf 89' lang='lat' dir='ltr'><strong>aliorum</strong></span> <span class='ocrx_word' id='word_1_65' title='bbox 1825 884 1950 931; x_wconf 88' lang='lat' dir='ltr'><strong>sunt</strong></span> <span class='ocrx_word' id='word_1_66' title='bbox 1967 915 1983 939; x_wconf 89' lang='lat'><strong>,</strong></span> <span class='ocrx_word' id='word_1_67' title='bbox 2026 881 2082 928; x_wconf 90' lang='lat' dir='ltr'><strong>et</strong></span> 
     </span>
    </p>
   </div>
   <div class='ocr_carea' id='block_1_10' title="bbox 499 965 2079 1047">
    <p class='ocr_par' dir='ltr' id='par_1_10' title="bbox 499 965 2079 1047">
     <span class='ocr_line' id='line_1_10' title="bbox 499 965 2079 1047; baseline -0.015 -5"><span class='ocrx_word' id='word_1_68' title='bbox 499 986 662 1042; x_wconf 88' lang='lat' dir='ltr'><strong>simul</strong></span> <span class='ocrx_word' id='word_1_69' title='bbox 691 999 880 1040; x_wconf 91' lang='lat' dir='ltr'><strong>omnes</strong></span> <span class='ocrx_word' id='word_1_70' title='bbox 906 991 962 1039; x_wconf 90' lang='lat' dir='ltr'><strong>et</strong></span> <span class='ocrx_word' id='word_1_71' title='bbox 986 979 1209 1037; x_wconf 90' lang='lat' dir='ltr'><strong>seorsim</strong></span> <span class='ocrx_word' id='word_1_72' title='bbox 1245 975 1462 1047; x_wconf 76' lang='lat' dir='ltr'><strong>singuli.</strong></span> <span class='ocrx_word' id='word_1_73' title='bbox 1491 973 1683 1029; x_wconf 77' lang='lat' dir='ltr'><strong>Petrus</strong></span> <span class='ocrx_word' id='word_1_74' title='bbox 1727 971 1904 1039; x_wconf 78' lang='lat' dir='ltr'><strong>itaque</strong></span> <span class='ocrx_word' id='word_1_75' title='bbox 1930 965 2079 1021; x_wconf 90' lang='lat' dir='ltr'><strong>chori</strong></span> 
     </span>
    </p>
   </div>
   <div class='ocr_carea' id='block_1_11' title="bbox 502 1063 2085 1149">
    <p class='ocr_par' dir='ltr' id='par_1_11' title="bbox 502 1063 2085 1149">
     <span class='ocr_line' id='line_1_11' title="bbox 502 1063 2085 1149; baseline -0.013 -15"><span class='ocrx_word' id='word_1_76' title='bbox 502 1079 648 1134; x_wconf 90' lang='lat' dir='ltr'><strong>illius</strong></span> <span class='ocrx_word' id='word_1_77' title='bbox 693 1076 1050 1149; x_wconf 74' lang='lat' dir='ltr'><strong>coryphaeus,</strong></span> <span class='ocrx_word' id='word_1_78' title='bbox 1096 1087 1159 1133; x_wconf 79' lang='lat' dir='ltr'><strong>os</strong></span> <span class='ocrx_word' id='word_1_79' title='bbox 1195 1069 1561 1141; x_wconf 86' lang='lat' dir='ltr'><strong>apostolorum</strong></span> <span class='ocrx_word' id='word_1_80' title='bbox 1606 1063 1881 1127; x_wconf 90' lang='lat' dir='ltr'><strong>omnium,</strong></span> <span class='ocrx_word' id='word_1_81' title='bbox 1926 1067 2085 1130; x_wconf 87' lang='lat' dir='ltr'><strong>caput</strong></span> 
     </span>
    </p>
   </div>
   <div class='ocr_carea' id='block_1_12' title="bbox 503 1156 2082 1232">
    <p class='ocr_par' dir='ltr' id='par_1_12' title="bbox 503 1156 2082 1232">
     <span class='ocr_line' id='line_1_12' title="bbox 503 1156 2082 1232; baseline -0.011 -7"><span class='ocrx_word' id='word_1_82' title='bbox 503 1171 644 1226; x_wconf 91' lang='lat' dir='ltr'><strong>illius</strong></span> <span class='ocrx_word' id='word_1_83' title='bbox 685 1168 898 1224; x_wconf 75' lang='lat' dir='ltr'><strong>familia:</strong></span> <span class='ocrx_word' id='word_1_84' title='bbox 920 1208 937 1232; x_wconf 91' lang='lat'><strong>,</strong></span> <span class='ocrx_word' id='word_1_85' title='bbox 968 1165 1112 1221; x_wconf 87' lang='lat' dir='ltr'><strong>orbis</strong></span> <span class='ocrx_word' id='word_1_86' title='bbox 1142 1162 1301 1219; x_wconf 86' lang='lat' dir='ltr'><strong>totius</strong></span> <span class='ocrx_word' id='word_1_87' title='bbox 1331 1160 1614 1232; x_wconf 69' lang='lat' dir='ltr'><strong>praefectus</strong></span> <span class='ocrx_word' id='word_1_88' title='bbox 1637 1200 1652 1224; x_wconf 92' lang='lat'><strong>,</strong></span> <span class='ocrx_word' id='word_1_89' title='bbox 1685 1156 2082 1212; x_wconf 83' lang='lat' dir='ltr'><strong>lundamentum</strong></span> 
     </span>
    </p>
   </div>
   <div class='ocr_carea' id='block_1_13' title="bbox 509 1245 2086 1327">
    <p class='ocr_par' dir='ltr' id='par_1_13' title="bbox 509 1245 2086 1327">
     <span class='ocr_line' id='line_1_13' title="bbox 509 1245 2086 1327; baseline -0.012 -10"><span class='ocrx_word' id='word_1_90' title='bbox 509 1262 785 1327; x_wconf 65' lang='lat' dir='ltr'><strong>Ecclesiae,</strong></span> <span class='ocrx_word' id='word_1_91' title='bbox 814 1259 1010 1314; x_wconf 80' lang='lat' dir='ltr'><strong>ardens</strong></span> <span class='ocrx_word' id='word_1_92' title='bbox 1042 1255 1237 1312; x_wconf 85' lang='lat' dir='ltr'><strong>Christi</strong></span> <span class='ocrx_word' id='word_1_93' title='bbox 1265 1264 1494 1317; x_wconf 84' lang='lat' dir='ltr'><strong>amator;</strong></span> <span class='ocrx_word' id='word_1_94' title='bbox 1519 1265 1640 1305; x_wconf 90' lang='lat' dir='ltr'><strong>nam</strong></span> <span class='ocrx_word' id='word_1_95' title='bbox 1668 1249 1771 1314; x_wconf 80' lang='lat' dir='ltr'><strong>Ait,</strong></span> <span class='ocrx_word' id='word_1_96' title='bbox 1802 1246 1977 1311; x_wconf 85' lang='lat' dir='ltr'><strong>Petre,</strong></span> <span class='ocrx_word' id='word_1_97' title='bbox 2005 1245 2086 1299; x_wconf 89' lang='lat' dir='ltr'><strong>di-</strong></span> 
     </span>
    </p>
   </div>
   <div class='ocr_carea' id='block_1_14' title="bbox 510 1338 2088 1424">
    <p class='ocr_par' dir='ltr' id='par_1_14' title="bbox 510 1338 2088 1424">
     <span class='ocr_line' id='line_1_14' title="bbox 510 1338 2088 1424; baseline -0.01 -18"><span class='ocrx_word' id='word_1_98' title='bbox 510 1353 625 1424; x_wconf 87' lang='lat' dir='ltr'><strong>ligis</strong></span> <span class='ocrx_word' id='word_1_99' title='bbox 646 1367 725 1405; x_wconf 88' lang='lat' dir='ltr'><strong>me</strong></span> <span class='ocrx_word' id='word_1_100' title='bbox 752 1350 867 1419; x_wconf 90' lang='lat' dir='ltr'><strong>plus</strong></span> <span class='ocrx_word' id='word_1_101' title='bbox 886 1349 964 1401; x_wconf 78' lang='lat' dir='ltr'><strong>Itis</strong></span> <span class='ocrx_word' id='word_1_102' title='bbox 991 1347 1170 1418; x_wconf 80' lang='lat' dir='ltr'><strong>(Joan.</strong></span> <span class='ocrx_word' id='word_1_103' title='bbox 1198 1344 1288 1399; x_wconf 73' lang='grc'><strong>21.</strong></span> <span class='ocrx_word' id='word_1_104' title='bbox 1315 1345 1437 1413; x_wconf 81' lang='grc'><strong>15).</strong></span> <span class='ocrx_word' id='word_1_105' title='bbox 1468 1341 1592 1397; x_wconf 93' lang='lat' dir='ltr'><strong>Ideo</strong></span> <span class='ocrx_word' id='word_1_106' title='bbox 1619 1340 1733 1411; x_wconf 86' lang='lat' dir='ltr'><strong>ejus</strong></span> <span class='ocrx_word' id='word_1_107' title='bbox 1755 1338 1940 1394; x_wconf 87' lang='lat' dir='ltr'><strong>laudes</strong></span> <span class='ocrx_word' id='word_1_108' title='bbox 1966 1352 2088 1407; x_wconf 83' lang='lat' dir='ltr'><strong>pro-</strong></span> 
     </span>
    </p>
   </div>
   <div class='ocr_carea' id='block_1_15' title="bbox 514 1431 2088 1511">
    <p class='ocr_par' dir='ltr' id='par_1_15' title="bbox 514 1431 2088 1511">
     <span class='ocr_line' id='line_1_15' title="bbox 514 1431 2088 1511; baseline -0.009 -13"><span class='ocrx_word' id='word_1_109' title='bbox 514 1443 651 1511; x_wconf 82' lang='lat' dir='ltr'><strong>foro,</strong></span> <span class='ocrx_word' id='word_1_110' title='bbox 685 1450 748 1495; x_wconf 92' lang='lat' dir='ltr'><strong>ut</strong></span> <span class='ocrx_word' id='word_1_111' title='bbox 775 1439 992 1495; x_wconf 86' lang='lat' dir='ltr'><strong>discatis</strong></span> <span class='ocrx_word' id='word_1_112' title='bbox 1030 1452 1152 1493; x_wconf 90' lang='lat' dir='ltr'><strong>eum</strong></span> <span class='ocrx_word' id='word_1_113' title='bbox 1183 1450 1309 1490; x_wconf 90' lang='lat' dir='ltr'><strong>vere</strong></span> <span class='ocrx_word' id='word_1_114' title='bbox 1330 1433 1600 1490; x_wconf 84' lang='lat' dir='ltr'><strong>Christum</strong></span> <span class='ocrx_word' id='word_1_115' title='bbox 1627 1431 1878 1486; x_wconf 81' lang='lat' dir='ltr'><strong>dilexisse</strong></span> <span class='ocrx_word' id='word_1_116' title='bbox 1901 1448 1915 1484; x_wconf 91' lang='lat'><strong>:</strong></span> <span class='ocrx_word' id='word_1_117' title='bbox 1938 1438 2088 1484; x_wconf 86' lang='lat' dir='ltr'><strong>certe</strong></span> 
     </span>
    </p>
   </div>
   <div class='ocr_carea' id='block_1_16' title="bbox 510 1522 2088 1605">
    <p class='ocr_par' dir='ltr' id='par_1_16' title="bbox 510 1522 2088 1605">
     <span class='ocr_line' id='line_1_16' title="bbox 510 1522 2088 1605; baseline -0.01 -15"><span class='ocrx_word' id='word_1_118' title='bbox 510 1533 628 1605; x_wconf 84' lang='lat' dir='ltr'><strong>ejus</strong></span> <span class='ocrx_word' id='word_1_119' title='bbox 671 1546 798 1602; x_wconf 90' lang='lat' dir='ltr'><strong>erga</strong></span> <span class='ocrx_word' id='word_1_120' title='bbox 826 1532 1109 1586; x_wconf 90' lang='lat' dir='ltr'><strong>Dominum</strong></span> <span class='ocrx_word' id='word_1_121' title='bbox 1153 1528 1353 1583; x_wconf 90' lang='lat' dir='ltr'><strong>amoris</strong></span> <span class='ocrx_word' id='word_1_122' title='bbox 1397 1532 1765 1597; x_wconf 81' lang='lat' dir='ltr'><strong>argumentum</strong></span> <span class='ocrx_word' id='word_1_123' title='bbox 1797 1522 2088 1578; x_wconf 87' lang='lat' dir='ltr'><strong>maximum</strong></span> 
     </span>
    </p>
   </div>
   <div class='ocr_carea' id='block_1_17' title="bbox 512 1614 2087 1689">
    <p class='ocr_par' dir='ltr' id='par_1_17' title="bbox 512 1614 2087 1689">
     <span class='ocr_line' id='line_1_17' title="bbox 512 1614 2087 1689; baseline -0.009 -7"><span class='ocrx_word' id='word_1_124' title='bbox 512 1633 628 1682; x_wconf 87' lang='lat' dir='ltr'><strong>erat</strong></span> <span class='ocrx_word' id='word_1_125' title='bbox 673 1623 977 1679; x_wconf 87' lang='lat' dir='ltr'><strong>sollicitudo</strong></span> <span class='ocrx_word' id='word_1_126' title='bbox 1008 1620 1323 1676; x_wconf 88' lang='lat' dir='ltr'><strong>famulorum</strong></span> <span class='ocrx_word' id='word_1_127' title='bbox 1351 1618 1486 1689; x_wconf 84' lang='lat' dir='ltr'><strong>ejus.</strong></span> <span class='ocrx_word' id='word_1_128' title='bbox 1517 1616 1634 1672; x_wconf 88' lang='lat' dir='ltr'><strong>Non</strong></span> <span class='ocrx_word' id='word_1_129' title='bbox 1668 1630 1769 1687; x_wconf 89' lang='lat' dir='ltr'><strong>ego</strong></span> <span class='ocrx_word' id='word_1_130' title='bbox 1791 1614 1908 1671; x_wconf 66' lang='lat' dir='ltr'><strong>haec</strong></span> <span class='ocrx_word' id='word_1_131' title='bbox 1930 1614 2087 1681; x_wconf 87' lang='lat' dir='ltr'><strong>dico,</strong></span> 
     </span>
    </p>
   </div>
   <div class='ocr_carea' id='block_1_18' title="bbox 510 1710 2093 1789">
    <p class='ocr_par' dir='ltr' id='par_1_18' title="bbox 510 1710 2093 1789">
     <span class='ocr_line' id='line_1_18' title="bbox 510 1710 2093 1789; baseline -0.008 -14"><span class='ocrx_word' id='word_1_132' title='bbox 510 1717 606 1775; x_wconf 83' lang='lat' dir='ltr'><strong>sed</strong></span> <span class='ocrx_word' id='word_1_133' title='bbox 636 1718 749 1789; x_wconf 90' lang='lat' dir='ltr'><strong>ipse</strong></span> <span class='ocrx_word' id='word_1_134' title='bbox 764 1716 991 1772; x_wconf 87' lang='lat' dir='ltr'><strong>dilectus</strong></span> <span class='ocrx_word' id='word_1_135' title='bbox 1023 1714 1282 1770; x_wconf 88' lang='lat' dir='ltr'><strong>Dominus</strong></span> <span class='ocrx_word' id='word_1_136' title='bbox 1310 1731 1324 1768; x_wconf 90' lang='lat'><strong>:</strong></span> <span class='ocrx_word' id='word_1_137' title='bbox 1357 1712 1419 1768; x_wconf 88' lang='lat' dir='ltr'><strong>Si</strong></span> <span class='ocrx_word' id='word_1_138' title='bbox 1441 1728 1583 1767; x_wconf 89' lang='lat' dir='ltr'><strong>amas</strong></span> <span class='ocrx_word' id='word_1_139' title='bbox 1609 1727 1704 1777; x_wconf 91' lang='lat' dir='ltr'><strong>me,</strong></span> <span class='ocrx_word' id='word_1_140' title='bbox 1731 1710 1921 1780; x_wconf 91' lang='lat' dir='ltr'><strong>inquit,</strong></span> <span class='ocrx_word' id='word_1_141' title='bbox 1944 1723 2093 1779; x_wconf 88' lang='lat' dir='ltr'><strong>pasce</strong></span> 
     </span>
    </p>
   </div>
   <div class='ocr_carea' id='block_1_19' title="bbox 512 1790 2092 1877">
    <p class='ocr_par' dir='ltr' id='par_1_19' title="bbox 512 1790 2092 1877">
     <span class='ocr_line' id='line_1_19' title="bbox 512 1790 2092 1877; baseline -0.006 -12"><span class='ocrx_word' id='word_1_142' title='bbox 512 1826 625 1865; x_wconf 81' lang='lat' dir='ltr'><strong>aves</strong></span> <span class='ocrx_word' id='word_1_143' title='bbox 652 1826 807 1863; x_wconf 85' lang='lat' dir='ltr'><strong>meas.</strong></span> <span class='ocrx_word' id='word_1_144' title='bbox 845 1807 1127 1864; x_wconf 84' lang='lat' dir='ltr'><strong>Videamus</strong></span> <span class='ocrx_word' id='word_1_145' title='bbox 1150 1821 1278 1877; x_wconf 90' lang='lat' dir='ltr'><strong>ergo</strong></span> <span class='ocrx_word' id='word_1_146' title='bbox 1320 1821 1447 1861; x_wconf 90' lang='lat' dir='ltr'><strong>num</strong></span> <span class='ocrx_word' id='word_1_147' title='bbox 1475 1790 1601 1861; x_wconf 80' lang='lat' dir='ltr'><strong>vere</strong></span> <span class='ocrx_word' id='word_1_148' title='bbox 1642 1802 1871 1873; x_wconf 85' lang='lat' dir='ltr'><strong>pastoris</strong></span> <span class='ocrx_word' id='word_1_149' title='bbox 1900 1800 2092 1872; x_wconf 83' lang='lat' dir='ltr'><strong>prtefe-</strong></span> 
     </span>
    </p>
   </div>
   <div class='ocr_carea' id='block_1_20' title="bbox 511 1895 2094 1966">
    <p class='ocr_par' dir='ltr' id='par_1_20' title="bbox 511 1895 2094 1966">
     <span class='ocr_line' id='line_1_20' title="bbox 511 1895 2094 1966; baseline -0.005 -10"><span class='ocrx_word' id='word_1_150' title='bbox 511 1910 721 1956; x_wconf 86' lang='lat' dir='ltr'><strong>ctnram</strong></span> <span class='ocrx_word' id='word_1_151' title='bbox 767 1899 1043 1966; x_wconf 86' lang='lat' dir='ltr'><strong>obtineat,</strong></span> <span class='ocrx_word' id='word_1_152' title='bbox 1075 1913 1204 1953; x_wconf 90' lang='lat' dir='ltr'><strong>num</strong></span> <span class='ocrx_word' id='word_1_153' title='bbox 1249 1912 1379 1953; x_wconf 85' lang='lat' dir='ltr'><strong>vere</strong></span> <span class='ocrx_word' id='word_1_154' title='bbox 1407 1910 1536 1952; x_wconf 88' lang='lat' dir='ltr'><strong>oves</strong></span> <span class='ocrx_word' id='word_1_155' title='bbox 1561 1895 1779 1966; x_wconf 83' lang='lat' dir='ltr'><strong>diligat,</strong></span> <span class='ocrx_word' id='word_1_156' title='bbox 1812 1909 1937 1948; x_wconf 92' lang='lat' dir='ltr'><strong>num</strong></span> <span class='ocrx_word' id='word_1_157' title='bbox 1966 1907 2094 1948; x_wconf 84' lang='lat' dir='ltr'><strong>vere</strong></span> 
     </span>
    </p>
   </div>
   <div class='ocr_carea' id='block_1_21' title="bbox 510 1984 2096 2064">
    <p class='ocr_par' dir='ltr' id='par_1_21' title="bbox 510 1984 2096 2064">
     <span class='ocr_line' id='line_1_21' title="bbox 510 1984 2096 2064; baseline -0.004 -18"><span class='ocrx_word' id='word_1_158' title='bbox 510 1993 685 2064; x_wconf 87' lang='lat' dir='ltr'><strong>gregis</strong></span> <span class='ocrx_word' id='word_1_159' title='bbox 701 2006 886 2047; x_wconf 90' lang='lat' dir='ltr'><strong>amans</strong></span> <span class='ocrx_word' id='word_1_160' title='bbox 897 1992 986 2056; x_wconf 90' lang='lat' dir='ltr'><strong>sit,</strong></span> <span class='ocrx_word' id='word_1_161' title='bbox 1005 2000 1063 2047; x_wconf 92' lang='lat' dir='ltr'><strong>ut</strong></span> <span class='ocrx_word' id='word_1_162' title='bbox 1076 1990 1342 2046; x_wconf 79' lang='lat' dir='ltr'><strong>discamus</strong></span> <span class='ocrx_word' id='word_1_163' title='bbox 1358 2004 1478 2044; x_wconf 87' lang='lat' dir='ltr'><strong>eutn</strong></span> <span class='ocrx_word' id='word_1_164' title='bbox 1496 1987 1654 2045; x_wconf 91' lang='lat' dir='ltr'><strong>etiam</strong></span> <span class='ocrx_word' id='word_1_165' title='bbox 1673 1995 1941 2057; x_wconf 73' lang='lat' dir='ltr'><strong>pastorem</strong></span> <span class='ocrx_word' id='word_1_166' title='bbox 1960 1984 2096 2039; x_wconf 88' lang='lat' dir='ltr'><strong>dile-</strong></span> 
     </span>
    </p>
   </div>
   <div class='ocr_carea' id='block_1_22' title="bbox 520 2076 2095 2152">
    <p class='ocr_par' dir='ltr' id='par_1_22' title="bbox 520 2076 2095 2152">
     <span class='ocr_line' id='line_1_22' title="bbox 520 2076 2095 2152; baseline -0.004 -14"><span class='ocrx_word' id='word_1_167' title='bbox 520 2085 700 2141; x_wconf 79' lang='lat' dir='ltr'><strong>xisse:</strong></span> <span class='ocrx_word' id='word_1_168' title='bbox 733 2083 861 2139; x_wconf 91' lang='lat' dir='ltr'><strong>illud</strong></span> <span class='ocrx_word' id='word_1_169' title='bbox 889 2083 1031 2139; x_wconf 91' lang='lat' dir='ltr'><strong>enim</strong></span> <span class='ocrx_word' id='word_1_170' title='bbox 1066 2082 1223 2152; x_wconf 87' lang='lat' dir='ltr'><strong>hujus</strong></span> <span class='ocrx_word' id='word_1_171' title='bbox 1243 2096 1364 2138; x_wconf 90' lang='lat' dir='ltr'><strong>esse</strong></span> <span class='ocrx_word' id='word_1_172' title='bbox 1400 2091 1771 2152; x_wconf 84' lang='lat' dir='ltr'><strong>argumentum</strong></span> <span class='ocrx_word' id='word_1_173' title='bbox 1815 2078 1968 2133; x_wconf 74' lang='lat' dir='ltr'><strong>dixit.</strong></span> <span class='ocrx_word' id='word_1_174' title='bbox 1998 2076 2095 2132; x_wconf 90' lang='lat' dir='ltr'><strong>llic</strong></span> 
     </span>
    </p>
   </div>
   <div class='ocr_carea' id='block_1_23' title="bbox 513 2171 2097 2247">
    <p class='ocr_par' dir='ltr' id='par_1_23' title="bbox 513 2171 2097 2247">
     <span class='ocr_line' id='line_1_23' title="bbox 513 2171 2097 2247; baseline -0.004 -16"><span class='ocrx_word' id='word_1_175' title='bbox 513 2176 691 2247; x_wconf 88' lang='lat' dir='ltr'><strong>itaque</strong></span> <span class='ocrx_word' id='word_1_176' title='bbox 721 2176 909 2233; x_wconf 81' lang='lat' dir='ltr'><strong>Petrus</strong></span> <span class='ocrx_word' id='word_1_177' title='bbox 934 2217 950 2244; x_wconf 92' lang='lat'><strong>,</strong></span> <span class='ocrx_word' id='word_1_178' title='bbox 980 2184 1257 2246; x_wconf 86' lang='lat' dir='ltr'><strong>postquam</strong></span> <span class='ocrx_word' id='word_1_179' title='bbox 1297 2174 1473 2229; x_wconf 86' lang='lat' dir='ltr'><strong>omnia</strong></span> <span class='ocrx_word' id='word_1_180' title='bbox 1510 2188 1603 2228; x_wconf 90' lang='lat' dir='ltr'><strong>sua</strong></span> <span class='ocrx_word' id='word_1_181' title='bbox 1646 2171 1947 2242; x_wconf 75' lang='lat' dir='ltr'><strong>abjecerat,</strong></span> <span class='ocrx_word' id='word_1_182' title='bbox 1984 2179 2097 2225; x_wconf 90' lang='lat' dir='ltr'><strong>rete</strong></span> 
     </span>
    </p>
   </div>
   <div class='ocr_carea' id='block_1_24' title="bbox 512 2260 2093 2339">
    <p class='ocr_par' dir='ltr' id='par_1_24' title="bbox 512 2260 2093 2339">
     <span class='ocr_line' id='line_1_24' title="bbox 512 2260 2093 2339; baseline -0.004 -17"><span class='ocrx_word' id='word_1_183' title='bbox 512 2283 707 2338; x_wconf 90' lang='lat' dir='ltr'><strong>nempe</strong></span> <span class='ocrx_word' id='word_1_184' title='bbox 734 2277 787 2323; x_wconf 92' lang='lat' dir='ltr'><strong>et</strong></span> <span class='ocrx_word' id='word_1_185' title='bbox 805 2282 1155 2339; x_wconf 72' lang='lat' dir='ltr'><strong>quaecumque</strong></span> <span class='ocrx_word' id='word_1_186' title='bbox 1176 2268 1226 2322; x_wconf 92' lang='lat' dir='ltr'><strong>in</strong></span> <span class='ocrx_word' id='word_1_187' title='bbox 1252 2268 1490 2322; x_wconf 82' lang='lat' dir='ltr'><strong>navicula</strong></span> <span class='ocrx_word' id='word_1_188' title='bbox 1512 2275 1686 2332; x_wconf 87' lang='lat' dir='ltr'><strong>erant,</strong></span> <span class='ocrx_word' id='word_1_189' title='bbox 1710 2264 1908 2321; x_wconf 88' lang='lat' dir='ltr'><strong>relictis</strong></span> <span class='ocrx_word' id='word_1_190' title='bbox 1939 2260 2093 2330; x_wconf 90' lang='lat' dir='ltr'><strong>mari,</strong></span> 
     </span>
    </p>
   </div>
   <div class='ocr_carea' id='block_1_25' title="bbox 515 2353 2096 2428">
    <p class='ocr_par' dir='ltr' id='par_1_25' title="bbox 515 2353 2096 2428">
     <span class='ocr_line' id='line_1_25' title="bbox 515 2353 2096 2428; baseline -0.004 -14"><span class='ocrx_word' id='word_1_191' title='bbox 515 2368 632 2415; x_wconf 90' lang='lat' dir='ltr'><strong>arte</strong></span> <span class='ocrx_word' id='word_1_192' title='bbox 660 2367 714 2413; x_wconf 92' lang='lat' dir='ltr'><strong>et</strong></span> <span class='ocrx_word' id='word_1_193' title='bbox 732 2358 912 2414; x_wconf 92' lang='lat' dir='ltr'><strong>domo.</strong></span> <span class='ocrx_word' id='word_1_194' title='bbox 935 2358 1011 2414; x_wconf 77' lang='lat' dir='ltr'><strong>Ne</strong></span> <span class='ocrx_word' id='word_1_195' title='bbox 1033 2373 1192 2428; x_wconf 79' lang='lat' dir='ltr'><strong>porro</strong></span> <span class='ocrx_word' id='word_1_196' title='bbox 1213 2357 1569 2421; x_wconf 87' lang='lat' dir='ltr'><strong>attendamus,</strong></span> <span class='ocrx_word' id='word_1_197' title='bbox 1588 2355 1703 2411; x_wconf 71' lang='lat' dir='ltr'><strong>lucc</strong></span> <span class='ocrx_word' id='word_1_198' title='bbox 1728 2369 1890 2425; x_wconf 90' lang='lat' dir='ltr'><strong>pauca</strong></span> <span class='ocrx_word' id='word_1_199' title='bbox 1911 2353 2096 2418; x_wconf 88' lang='lat' dir='ltr'><strong>fuisse,</strong></span> 
     </span>
    </p>
   </div>
   <div class='ocr_carea' id='block_1_26' title="bbox 516 2438 2098 2517">
    <p class='ocr_par' dir='ltr' id='par_1_26' title="bbox 516 2438 2098 2517">
     <span class='ocr_line' id='line_1_26' title="bbox 516 2438 2098 2517; baseline -0.004 -11"><span class='ocrx_word' id='word_1_200' title='bbox 516 2450 611 2507; x_wconf 85' lang='lat' dir='ltr'><strong>sed</strong></span> <span class='ocrx_word' id='word_1_201' title='bbox 638 2450 754 2508; x_wconf 72' lang='lat' dir='ltr'><strong>hmc</strong></span> <span class='ocrx_word' id='word_1_202' title='bbox 778 2450 956 2506; x_wconf 90' lang='lat' dir='ltr'><strong>omnia</strong></span> <span class='ocrx_word' id='word_1_203' title='bbox 990 2450 1126 2505; x_wconf 90' lang='lat' dir='ltr'><strong>bona</strong></span> <span class='ocrx_word' id='word_1_204' title='bbox 1162 2464 1257 2505; x_wconf 91' lang='lat' dir='ltr'><strong>sua</strong></span> <span class='ocrx_word' id='word_1_205' title='bbox 1285 2448 1574 2516; x_wconf 84' lang='lat' dir='ltr'><strong>exstitisse,</strong></span> <span class='ocrx_word' id='word_1_206' title='bbox 1600 2438 1821 2517; x_wconf 80' lang='lat' dir='ltr'><strong>ejusque</strong></span> <span class='ocrx_word' id='word_1_207' title='bbox 1848 2445 2098 2501; x_wconf 84' lang='lat' dir='ltr'><strong>alacrita-</strong></span> 
     </span>
    </p>
   </div>
   <div class='ocr_carea' id='block_1_27' title="bbox 518 2536 2096 2610">
    <p class='ocr_par' dir='ltr' id='par_1_27' title="bbox 518 2536 2096 2610">
     <span class='ocr_line' id='line_1_27' title="bbox 518 2536 2096 2610; baseline -0.005 -13"><span class='ocrx_word' id='word_1_208' title='bbox 518 2550 623 2597; x_wconf 91' lang='lat' dir='ltr'><strong>tem</strong></span> <span class='ocrx_word' id='word_1_209' title='bbox 655 2541 950 2598; x_wconf 91' lang='lat' dir='ltr'><strong>laudemus.</strong></span> <span class='ocrx_word' id='word_1_210' title='bbox 970 2540 1101 2596; x_wconf 84' lang='lat' dir='ltr'><strong>Nam</strong></span> <span class='ocrx_word' id='word_1_211' title='bbox 1124 2555 1186 2596; x_wconf 88' lang='lat' dir='ltr'><strong>ea</strong></span> <span class='ocrx_word' id='word_1_212' title='bbox 1216 2554 1336 2610; x_wconf 68' lang='lat' dir='ltr'><strong>quae</strong></span> <span class='ocrx_word' id='word_1_213' title='bbox 1354 2539 1490 2594; x_wconf 88' lang='lat' dir='ltr'><strong>duos</strong></span> <span class='ocrx_word' id='word_1_214' title='bbox 1510 2538 1758 2593; x_wconf 87' lang='lat' dir='ltr'><strong>denarios</strong></span> <span class='ocrx_word' id='word_1_215' title='bbox 1774 2536 2096 2607; x_wconf 71' lang='lat' dir='ltr'><strong>conjec-erat,</strong></span> 
     </span>
    </p>
   </div>
   <div class='ocr_carea' id='block_1_28' title="bbox 517 2630 2098 2704">
    <p class='ocr_par' dir='ltr' id='par_1_28' title="bbox 517 2630 2098 2704">
     <span class='ocr_line' id='line_1_28' title="bbox 517 2630 2098 2704; baseline -0.003 -16"><span class='ocrx_word' id='word_1_216' title='bbox 517 2650 625 2689; x_wconf 91' lang='lat' dir='ltr'><strong>non</strong></span> <span class='ocrx_word' id='word_1_217' title='bbox 661 2649 906 2704; x_wconf 87' lang='lat' dir='ltr'><strong>magnam</strong></span> <span class='ocrx_word' id='word_1_218' title='bbox 937 2635 1282 2704; x_wconf 86' lang='lat' dir='ltr'><strong>pecuniarum</strong></span> <span class='ocrx_word' id='word_1_219' title='bbox 1331 2631 1529 2688; x_wconf 90' lang='lat' dir='ltr'><strong>molem</strong></span> <span class='ocrx_word' id='word_1_220' title='bbox 1568 2631 1849 2701; x_wconf 86' lang='lat' dir='ltr'><strong>deposuit,</strong></span> <span class='ocrx_word' id='word_1_221' title='bbox 1879 2630 1973 2686; x_wconf 89' lang='lat' dir='ltr'><strong>sed</strong></span> <span class='ocrx_word' id='word_1_222' title='bbox 2017 2630 2098 2683; x_wconf 91' lang='lat' dir='ltr'><strong>in-</strong></span> 
     </span>
    </p>
   </div>
   <div class='ocr_carea' id='block_1_29' title="bbox 517 2721 2100 2794">
    <p class='ocr_par' dir='ltr' id='par_1_29' title="bbox 517 2721 2100 2794">
     <span class='ocr_line' id='line_1_29' title="bbox 517 2721 2100 2794; baseline 0 -17"><span class='ocrx_word' id='word_1_223' title='bbox 517 2732 705 2792; x_wconf 79' lang='lat' dir='ltr'><strong>gentes</strong></span> <span class='ocrx_word' id='word_1_224' title='bbox 732 2722 894 2778; x_wconf 89' lang='lat' dir='ltr'><strong>studii</strong></span> <span class='ocrx_word' id='word_1_225' title='bbox 924 2726 1005 2777; x_wconf 90' lang='lat' dir='ltr'><strong>sui</strong></span> <span class='ocrx_word' id='word_1_226' title='bbox 1031 2722 1241 2778; x_wconf 83' lang='lat' dir='ltr'><strong>divitias</strong></span> <span class='ocrx_word' id='word_1_227' title='bbox 1278 2722 1546 2789; x_wconf 90' lang='lat' dir='ltr'><strong>ostendit,</strong></span> <span class='ocrx_word' id='word_1_228' title='bbox 1571 2721 2017 2794; x_wconf 91' lang='lat' dir='ltr'><strong>quemadmodum</strong></span> <span class='ocrx_word' id='word_1_229' title='bbox 2044 2730 2100 2777; x_wconf 90' lang='lat' dir='ltr'><strong>et</strong></span> 
     </span>
    </p>
   </div>
   <div class='ocr_carea' id='block_1_30' title="bbox 522 2813 2098 2885">
    <p class='ocr_par' dir='ltr' id='par_1_30' title="bbox 522 2813 2098 2885">
     <span class='ocr_line' id='line_1_30' title="bbox 522 2813 2098 2885; baseline -0.001 -18"><span class='ocrx_word' id='word_1_230' title='bbox 522 2813 608 2868; x_wconf 91' lang='lat' dir='ltr'><strong>hic</strong></span> <span class='ocrx_word' id='word_1_231' title='bbox 631 2813 682 2867; x_wconf 93' lang='lat' dir='ltr'><strong>in</strong></span> <span class='ocrx_word' id='word_1_232' title='bbox 711 2828 898 2885; x_wconf 86' lang='lat' dir='ltr'><strong>magna</strong></span> <span class='ocrx_word' id='word_1_233' title='bbox 928 2822 1237 2884; x_wconf 86' lang='lat' dir='ltr'><strong>paupertate</strong></span> <span class='ocrx_word' id='word_1_234' title='bbox 1266 2814 1534 2884; x_wconf 87' lang='lat' dir='ltr'><strong>ingentem</strong></span> <span class='ocrx_word' id='word_1_235' title='bbox 1573 2814 1862 2868; x_wconf 86' lang='lat' dir='ltr'><strong>alacritatis</strong></span> <span class='ocrx_word' id='word_1_236' title='bbox 1890 2814 2098 2883; x_wconf 86' lang='lat' dir='ltr'><strong>c0piam</strong></span> 
     </span>
    </p>
   </div>
   <div class='ocr_carea' id='block_1_31' title="bbox 520 2904 2098 2977">
    <p class='ocr_par' dir='ltr' id='par_1_31' title="bbox 520 2904 2098 2977">
     <span class='ocr_line' id='line_1_31' title="bbox 520 2904 2098 2977; baseline 0.001 -18"><span class='ocrx_word' id='word_1_237' title='bbox 520 2904 766 2976; x_wconf 66' lang='lat' dir='ltr'><strong>praebuit.</strong></span> <span class='ocrx_word' id='word_1_238' title='bbox 795 2905 946 2975; x_wconf 85' lang='lat' dir='ltr'><strong>Quod</strong></span> <span class='ocrx_word' id='word_1_239' title='bbox 973 2906 1115 2961; x_wconf 91' lang='lat' dir='ltr'><strong>enim</strong></span> <span class='ocrx_word' id='word_1_240' title='bbox 1139 2906 1289 2962; x_wconf 84' lang='lat' dir='ltr'><strong>alteri</strong></span> <span class='ocrx_word' id='word_1_241' title='bbox 1321 2915 1471 2961; x_wconf 88' lang='lat' dir='ltr'><strong>erant</strong></span> <span class='ocrx_word' id='word_1_242' title='bbox 1493 2906 1713 2977; x_wconf 64' lang='lat' dir='ltr'><strong>praedia,</strong></span> <span class='ocrx_word' id='word_1_243' title='bbox 1742 2907 1905 2971; x_wconf 88' lang='lat' dir='ltr'><strong>servi,</strong></span> <span class='ocrx_word' id='word_1_244' title='bbox 1934 2905 2098 2972; x_wconf 81' lang='lat' dir='ltr'><strong>tedes,</strong></span> 
     </span>
    </p>
   </div>
   <div class='ocr_carea' id='block_1_32' title="bbox 520 2997 2103 3067">
    <p class='ocr_par' dir='ltr' id='par_1_32' title="bbox 520 2997 2103 3067">
     <span class='ocr_line' id='line_1_32' title="bbox 520 2997 2103 3067; baseline -0.001 -12"><span class='ocrx_word' id='word_1_245' title='bbox 520 3015 727 3065; x_wconf 88' lang='lat' dir='ltr'><strong>aurum,</strong></span> <span class='ocrx_word' id='word_1_246' title='bbox 748 3000 850 3055; x_wconf 89' lang='lat' dir='ltr'><strong>hoc</strong></span> <span class='ocrx_word' id='word_1_247' title='bbox 878 2999 954 3055; x_wconf 90' lang='lat' dir='ltr'><strong>illi</strong></span> <span class='ocrx_word' id='word_1_248' title='bbox 994 3009 1148 3056; x_wconf 90' lang='lat' dir='ltr'><strong>erant</strong></span> <span class='ocrx_word' id='word_1_249' title='bbox 1177 3000 1342 3067; x_wconf 88' lang='lat' dir='ltr'><strong>retia,</strong></span> <span class='ocrx_word' id='word_1_250' title='bbox 1375 3014 1523 3054; x_wconf 91' lang='lat' dir='ltr'><strong>mare</strong></span> <span class='ocrx_word' id='word_1_251' title='bbox 1543 3041 1560 3066; x_wconf 93' lang='lat'><strong>,</strong></span> <span class='ocrx_word' id='word_1_252' title='bbox 1591 3015 1714 3065; x_wconf 90' lang='lat' dir='ltr'><strong>ars,</strong></span> <span class='ocrx_word' id='word_1_253' title='bbox 1741 3000 2000 3054; x_wconf 88' lang='lat' dir='ltr'><strong>navicula.</strong></span> <span class='ocrx_word' id='word_1_254' title='bbox 2026 2997 2103 3054; x_wconf 88' lang='lat' dir='ltr'><strong>Ne</strong></span> 
     </span>
    </p>
   </div>
   <div class='ocr_carea' id='block_1_33' title="bbox 523 3091 2101 3162">
    <p class='ocr_par' dir='ltr' id='par_1_33' title="bbox 523 3091 2101 3162">
     <span class='ocr_line' id='line_1_33' title="bbox 523 3091 2101 3162; baseline -0.001 -15"><span class='ocrx_word' id='word_1_255' title='bbox 523 3091 702 3162; x_wconf 90' lang='lat' dir='ltr'><strong>itaque</strong></span> <span class='ocrx_word' id='word_1_256' title='bbox 731 3091 833 3148; x_wconf 89' lang='lat' dir='ltr'><strong>hoc</strong></span> <span class='ocrx_word' id='word_1_257' title='bbox 872 3091 1208 3147; x_wconf 90' lang='lat' dir='ltr'><strong>attendamus</strong></span> <span class='ocrx_word' id='word_1_258' title='bbox 1229 3133 1245 3158; x_wconf 92' lang='lat'><strong>,</strong></span> <span class='ocrx_word' id='word_1_259' title='bbox 1276 3105 1344 3146; x_wconf 90' lang='lat' dir='ltr'><strong>an</strong></span> <span class='ocrx_word' id='word_1_260' title='bbox 1383 3106 1548 3161; x_wconf 84' lang='lat' dir='ltr'><strong>pauca</strong></span> <span class='ocrx_word' id='word_1_261' title='bbox 1576 3091 1882 3161; x_wconf 79' lang='lat' dir='ltr'><strong>reliquerit,</strong></span> <span class='ocrx_word' id='word_1_262' title='bbox 1914 3091 2006 3145; x_wconf 90' lang='lat' dir='ltr'><strong>sed</strong></span> <span class='ocrx_word' id='word_1_263' title='bbox 2036 3107 2101 3145; x_wconf 87' lang='lat' dir='ltr'><strong>an</strong></span> 
     </span>
    </p>
   </div>
   <div class='ocr_carea' id='block_1_34' title="bbox 525 3183 2102 3255">
    <p class='ocr_par' dir='ltr' id='par_1_34' title="bbox 525 3183 2102 3255">
     <span class='ocr_line' id='line_1_34' title="bbox 525 3183 2102 3255; baseline 0.002 -19"><span class='ocrx_word' id='word_1_264' title='bbox 525 3183 706 3237; x_wconf 88' lang='lat' dir='ltr'><strong>omnia</strong></span> <span class='ocrx_word' id='word_1_265' title='bbox 726 3183 1024 3254; x_wconf 82' lang='lat' dir='ltr'><strong>reliquerit.</strong></span> <span class='ocrx_word' id='word_1_266' title='bbox 1047 3183 1179 3239; x_wconf 86' lang='lat' dir='ltr'><strong>Nam</strong></span> <span class='ocrx_word' id='word_1_267' title='bbox 1210 3184 1262 3240; x_wconf 91' lang='lat' dir='ltr'><strong>id</strong></span> <span class='ocrx_word' id='word_1_268' title='bbox 1290 3183 1429 3255; x_wconf 89' lang='lat' dir='ltr'><strong>quod</strong></span> <span class='ocrx_word' id='word_1_269' title='bbox 1473 3185 1732 3255; x_wconf 75' lang='lat' dir='ltr'><strong>qumritnr</strong></span> <span class='ocrx_word' id='word_1_270' title='bbox 1761 3194 1872 3249; x_wconf 87' lang='lat' dir='ltr'><strong>est,</strong></span> <span class='ocrx_word' id='word_1_271' title='bbox 1903 3200 2006 3240; x_wconf 91' lang='lat' dir='ltr'><strong>non</strong></span> <span class='ocrx_word' id='word_1_272' title='bbox 2035 3201 2102 3239; x_wconf 88' lang='lat' dir='ltr'><strong>an</strong></span> 
     </span>
    </p>
   </div>
   <div class='ocr_carea' id='block_1_35' title="bbox 524 3274 2107 3346">
    <p class='ocr_par' dir='ltr' id='par_1_35' title="bbox 524 3274 2107 3346">
     <span class='ocr_line' id='line_1_35' title="bbox 524 3274 2107 3346; baseline 0.003 -19"><span class='ocrx_word' id='word_1_273' title='bbox 524 3289 713 3346; x_wconf 78' lang='lat' dir='ltr'><strong>inagna</strong></span> <span class='ocrx_word' id='word_1_274' title='bbox 744 3289 810 3328; x_wconf 88' lang='lat' dir='ltr'><strong>an</strong></span> <span class='ocrx_word' id='word_1_275' title='bbox 837 3288 998 3343; x_wconf 75' lang='lat' dir='ltr'><strong>parra</strong></span> <span class='ocrx_word' id='word_1_276' title='bbox 1024 3274 1348 3346; x_wconf 89' lang='lat' dir='ltr'><strong>deponeret,</strong></span> <span class='ocrx_word' id='word_1_277' title='bbox 1378 3275 1471 3330; x_wconf 89' lang='lat' dir='ltr'><strong>sed</strong></span> <span class='ocrx_word' id='word_1_278' title='bbox 1519 3291 1586 3331; x_wconf 90' lang='lat' dir='ltr'><strong>an</strong></span> <span class='ocrx_word' id='word_1_279' title='bbox 1616 3276 1750 3331; x_wconf 88' lang='lat' dir='ltr'><strong>nihil</strong></span> <span class='ocrx_word' id='word_1_280' title='bbox 1798 3277 1977 3331; x_wconf 91' lang='lat' dir='ltr'><strong>minus</strong></span> <span class='ocrx_word' id='word_1_281' title='bbox 2024 3277 2107 3332; x_wconf 88' lang='lat' dir='ltr'><strong>in-</strong></span> 
     </span>
    </p>
   </div>
   <div class='ocr_carea' id='block_1_36' title="bbox 528 3363 2099 3440">
    <p class='ocr_par' dir='ltr' id='par_1_36' title="bbox 528 3363 2099 3440">
     <span class='ocr_line' id='line_1_36' title="bbox 528 3363 2099 3440; baseline 0.003 -21"><span class='ocrx_word' id='word_1_282' title='bbox 528 3363 712 3428; x_wconf 88' lang='lat' dir='ltr'><strong>ferret,</strong></span> <span class='ocrx_word' id='word_1_283' title='bbox 743 3381 901 3435; x_wconf 90' lang='lat' dir='ltr'><strong>quam</strong></span> <span class='ocrx_word' id='word_1_284' title='bbox 930 3365 1128 3422; x_wconf 89' lang='lat' dir='ltr'><strong>inferre</strong></span> <span class='ocrx_word' id='word_1_285' title='bbox 1157 3377 1357 3440; x_wconf 89' lang='lat' dir='ltr'><strong>posset.</strong></span> <span class='ocrx_word' id='word_1_286' title='bbox 1386 3368 1652 3425; x_wconf 87' lang='lat' dir='ltr'><strong>Omnibus</strong></span> <span class='ocrx_word' id='word_1_287' title='bbox 1674 3370 1852 3438; x_wconf 89' lang='lat' dir='ltr'><strong>itaque</strong></span> <span class='ocrx_word' id='word_1_288' title='bbox 1873 3368 2099 3436; x_wconf 89' lang='lat' dir='ltr'><strong>relictis,</strong></span> 
     </span>
    </p>
   </div>
   <div class='ocr_carea' id='block_1_37' title="bbox 526 3457 2103 3531">
    <p class='ocr_par' dir='ltr' id='par_1_37' title="bbox 526 3457 2103 3531">
     <span class='ocr_line' id='line_1_37' title="bbox 526 3457 2103 3531; baseline 0.003 -20"><span class='ocrx_word' id='word_1_289' title='bbox 526 3458 717 3529; x_wconf 88' lang='lat' dir='ltr'><strong>patria,</strong></span> <span class='ocrx_word' id='word_1_290' title='bbox 742 3457 926 3523; x_wconf 91' lang='lat' dir='ltr'><strong>domo,</strong></span> <span class='ocrx_word' id='word_1_291' title='bbox 953 3459 1139 3531; x_wconf 87' lang='lat' dir='ltr'><strong>amicis</strong></span> <span class='ocrx_word' id='word_1_292' title='bbox 1162 3499 1177 3524; x_wconf 92' lang='lat'><strong>,</strong></span> <span class='ocrx_word' id='word_1_293' title='bbox 1204 3461 1474 3530; x_wconf 87' lang='lat' dir='ltr'><strong>cognatis,</strong></span> <span class='ocrx_word' id='word_1_294' title='bbox 1507 3461 1615 3515; x_wconf 92' lang='lat' dir='ltr'><strong>imo</strong></span> <span class='ocrx_word' id='word_1_295' title='bbox 1639 3461 1751 3530; x_wconf 90' lang='lat' dir='ltr'><strong>ipsa</strong></span> <span class='ocrx_word' id='word_1_296' title='bbox 1772 3462 2058 3516; x_wconf 82' lang='lat' dir='ltr'><strong>securitate</strong></span> <span class='ocrx_word' id='word_1_297' title='bbox 2088 3476 2103 3515; x_wconf 88' lang='lat'><strong>:</strong></span> 
     </span>
    </p>
   </div>
   <div class='ocr_carea' id='block_1_38' title="bbox 527 3549 2107 3621">
    <p class='ocr_par' dir='ltr' id='par_1_38' title="bbox 527 3549 2107 3621">
     <span class='ocr_line' id='line_1_38' title="bbox 527 3549 2107 3621; baseline 0.002 -17"><span class='ocrx_word' id='word_1_298' title='bbox 527 3564 650 3604; x_wconf 90' lang='lat' dir='ltr'><strong>nam</strong></span> <span class='ocrx_word' id='word_1_299' title='bbox 680 3549 780 3605; x_wconf 92' lang='lat' dir='ltr'><strong>hoc</strong></span> <span class='ocrx_word' id='word_1_300' title='bbox 805 3549 966 3605; x_wconf 89' lang='lat' dir='ltr'><strong>modo</strong></span> <span class='ocrx_word' id='word_1_301' title='bbox 984 3550 1235 3621; x_wconf 92' lang='lat' dir='ltr'><strong>populum</strong></span> <span class='ocrx_word' id='word_1_302' title='bbox 1257 3551 1535 3607; x_wconf 71' lang='lat' dir='ltr'><strong>Iudaicum</strong></span> <span class='ocrx_word' id='word_1_303' title='bbox 1563 3552 1661 3607; x_wconf 91' lang='lat' dir='ltr'><strong>sibi</strong></span> <span class='ocrx_word' id='word_1_304' title='bbox 1688 3553 1959 3607; x_wconf 91' lang='lat' dir='ltr'><strong>inimicum</strong></span> <span class='ocrx_word' id='word_1_305' title='bbox 1981 3551 2107 3607; x_wconf 88' lang='lat' dir='ltr'><strong>red-</strong></span> 
     </span>
    </p>
   </div>
   <div class='ocr_carea' id='block_1_39' title="bbox 528 3640 2108 3713">
    <p class='ocr_par' dir='ltr' id='par_1_39' title="bbox 528 3640 2108 3713">
     <span class='ocr_line' id='line_1_39' title="bbox 528 3640 2108 3713; baseline -0.001 -17"><span class='ocrx_word' id='word_1_306' title='bbox 528 3641 700 3697; x_wconf 89' lang='lat' dir='ltr'><strong>didit:</strong></span> <span class='ocrx_word' id='word_1_307' title='bbox 732 3640 856 3696; x_wconf 78' lang='lat' dir='ltr'><strong>Jam</strong></span> <span class='ocrx_word' id='word_1_308' title='bbox 875 3641 1009 3696; x_wconf 89' lang='lat' dir='ltr'><strong>enim</strong></span> <span class='ocrx_word' id='word_1_309' title='bbox 1031 3682 1047 3708; x_wconf 93' lang='lat'><strong>,</strong></span> <span class='ocrx_word' id='word_1_310' title='bbox 1072 3642 1245 3712; x_wconf 90' lang='lat' dir='ltr'><strong>inquit</strong></span> <span class='ocrx_word' id='word_1_311' title='bbox 1270 3683 1286 3709; x_wconf 93' lang='lat'><strong>,</strong></span> <span class='ocrx_word' id='word_1_312' title='bbox 1315 3643 1723 3713; x_wconf 78' lang='lat' dir='ltr'><strong>conspirauerunt</strong></span> <span class='ocrx_word' id='word_1_313' title='bbox 1747 3641 1919 3696; x_wconf 81' lang='lat' dir='ltr'><strong>Judtei</strong></span> <span class='ocrx_word' id='word_1_314' title='bbox 1938 3684 1953 3709; x_wconf 90' lang='lat'><strong>,</strong></span> <span class='ocrx_word' id='word_1_315' title='bbox 1983 3652 2034 3695; x_wconf 90' lang='lat' dir='ltr'><strong>ut</strong></span> <span class='ocrx_word' id='word_1_316' title='bbox 2064 3641 2108 3696; x_wconf 90' lang='lat' dir='ltr'><strong>si</strong></span> 
     </span>
    </p>
   </div>
   <div class='ocr_carea' id='block_1_40' title="bbox 527 3732 2111 3805">
    <p class='ocr_par' dir='ltr' id='par_1_40' title="bbox 527 3732 2111 3805">
     <span class='ocr_line' id='line_1_40' title="bbox 527 3732 2111 3805; baseline 0.001 -19"><span class='ocrx_word' id='word_1_317' title='bbox 527 3732 642 3805; x_wconf 84' lang='lat' dir='ltr'><strong>quis</strong></span> <span class='ocrx_word' id='word_1_318' title='bbox 669 3750 781 3788; x_wconf 89' lang='lat' dir='ltr'><strong>eum</strong></span> <span class='ocrx_word' id='word_1_319' title='bbox 816 3734 1139 3803; x_wconf 81' lang='lat' dir='ltr'><strong>conﬁteretur</strong></span> <span class='ocrx_word' id='word_1_320' title='bbox 1166 3752 1273 3790; x_wconf 85' lang='lat' dir='ltr'><strong>esse</strong></span> <span class='ocrx_word' id='word_1_321' title='bbox 1308 3734 1562 3791; x_wconf 78' lang='lat' dir='ltr'><strong>Christum</strong></span> <span class='ocrx_word' id='word_1_322' title='bbox 1585 3774 1601 3799; x_wconf 92' lang='lat'><strong>,</strong></span> <span class='ocrx_word' id='word_1_323' title='bbox 1624 3744 1767 3788; x_wconf 71' lang='lat' dir='ltr'><strong>extra</strong></span> <span class='ocrx_word' id='word_1_324' title='bbox 1801 3749 2111 3805; x_wconf 81' lang='lat' dir='ltr'><strong>synagogam</strong></span> 
     </span>
    </p>
   </div>
   <div class='ocr_carea' id='block_1_41' title="bbox 532 3824 2111 3900">
    <p class='ocr_par' dir='ltr' id='par_1_41' title="bbox 532 3824 2111 3900">
     <span class='ocr_line' id='line_1_41' title="bbox 532 3824 2111 3900; baseline 0 -20"><span class='ocrx_word' id='word_1_325' title='bbox 532 3826 674 3895; x_wconf 74' lang='lat' dir='ltr'><strong>ﬁeret</strong></span> <span class='ocrx_word' id='word_1_326' title='bbox 703 3825 885 3898; x_wconf 81' lang='lat' dir='ltr'><strong>(Joan.</strong></span> <span class='ocrx_word' id='word_1_327' title='bbox 914 3828 967 3885; x_wconf 91' lang='lat'><strong>9.</strong></span> <span class='ocrx_word' id='word_1_328' title='bbox 999 3825 1128 3900; x_wconf 75' lang='lat'><strong>22).</strong></span> <span class='ocrx_word' id='word_1_329' title='bbox 1178 3826 1334 3884; x_wconf 87' lang='lat' dir='ltr'><strong>Unde</strong></span> <span class='ocrx_word' id='word_1_330' title='bbox 1362 3829 1531 3898; x_wconf 80' lang='lat' dir='ltr'><strong>palam</strong></span> <span class='ocrx_word' id='word_1_331' title='bbox 1563 3828 1652 3891; x_wconf 83' lang='lat' dir='ltr'><strong>fit,</strong></span> <span class='ocrx_word' id='word_1_332' title='bbox 1684 3842 1808 3884; x_wconf 91' lang='lat' dir='ltr'><strong>eum</strong></span> <span class='ocrx_word' id='word_1_333' title='bbox 1834 3841 1932 3882; x_wconf 91' lang='lat' dir='ltr'><strong>nec</strong></span> <span class='ocrx_word' id='word_1_334' title='bbox 1955 3824 2111 3883; x_wconf 82' lang='lat' dir='ltr'><strong>dubi-</strong></span> 
     </span>
    </p>
   </div>
   <div class='ocr_carea' id='block_1_42' title="bbox 533 3919 2113 3990">
    <p class='ocr_par' dir='ltr' id='par_1_42' title="bbox 533 3919 2113 3990">
     <span class='ocr_line' id='line_1_42' title="bbox 533 3919 2113 3990; baseline 0.001 -16"><span class='ocrx_word' id='word_1_335' title='bbox 533 3928 677 3976; x_wconf 83' lang='lat' dir='ltr'><strong>tasse</strong></span> <span class='ocrx_word' id='word_1_336' title='bbox 698 3959 714 3986; x_wconf 85' lang='lat'><strong>,</strong></span> <span class='ocrx_word' id='word_1_337' title='bbox 748 3936 850 3976; x_wconf 88' lang='lat' dir='ltr'><strong>nec</strong></span> <span class='ocrx_word' id='word_1_338' title='bbox 880 3920 1119 3977; x_wconf 89' lang='lat' dir='ltr'><strong>timuisse</strong></span> <span class='ocrx_word' id='word_1_339' title='bbox 1164 3921 1307 3976; x_wconf 89' lang='lat' dir='ltr'><strong>circa</strong></span> <span class='ocrx_word' id='word_1_340' title='bbox 1345 3936 1564 3990; x_wconf 84' lang='lat' dir='ltr'><strong>regnum</strong></span> <span class='ocrx_word' id='word_1_341' title='bbox 1598 3920 1851 3975; x_wconf 68' lang='lat' dir='ltr'><strong>caelorum</strong></span> <span class='ocrx_word' id='word_1_342' title='bbox 1879 3935 1894 3985; x_wconf 90' lang='lat'><strong>;</strong></span> <span class='ocrx_word' id='word_1_343' title='bbox 1923 3919 2016 3975; x_wconf 87' lang='lat' dir='ltr'><strong>sed</strong></span> <span class='ocrx_word' id='word_1_344' title='bbox 2043 3920 2113 3975; x_wconf 87' lang='lat' dir='ltr'><strong>de</strong></span> 
     </span>
    </p>
   </div>
   <div class='ocr_carea' id='block_1_43' title="bbox 532 4010 2110 4083">
    <p class='ocr_par' dir='ltr' id='par_1_43' title="bbox 532 4010 2110 4083">
     <span class='ocr_line' id='line_1_43' title="bbox 532 4010 2110 4083; baseline -0.003 -16"><span class='ocrx_word' id='word_1_345' title='bbox 532 4011 627 4067; x_wconf 94' lang='lat' dir='ltr'><strong>illo</strong></span> <span class='ocrx_word' id='word_1_346' title='bbox 645 4011 933 4068; x_wconf 88' lang='lat' dir='ltr'><strong>admodum</strong></span> <span class='ocrx_word' id='word_1_347' title='bbox 959 4026 1274 4083; x_wconf 90' lang='lat' dir='ltr'><strong>persuasum</strong></span> <span class='ocrx_word' id='word_1_348' title='bbox 1301 4010 1486 4074; x_wconf 89' lang='lat' dir='ltr'><strong>fuisse,</strong></span> <span class='ocrx_word' id='word_1_349' title='bbox 1510 4020 1672 4081; x_wconf 89' lang='lat' dir='ltr'><strong>atque</strong></span> <span class='ocrx_word' id='word_1_350' title='bbox 1700 4026 1765 4065; x_wconf 87' lang='lat' dir='ltr'><strong>ex</strong></span> <span class='ocrx_word' id='word_1_351' title='bbox 1790 4010 1902 4081; x_wconf 83' lang='lat' dir='ltr'><strong>ipsa</strong></span> <span class='ocrx_word' id='word_1_352' title='bbox 1933 4025 2110 4065; x_wconf 90' lang='lat' dir='ltr'><strong>rerum</strong></span> 
     </span>
    </p>
   </div>
   <div class='ocr_carea' id='block_1_44' title="bbox 531 4101 2110 4171">
    <p class='ocr_par' dir='ltr' id='par_1_44' title="bbox 531 4101 2110 4171">
     <span class='ocr_line' id='line_1_44' title="bbox 531 4101 2110 4171; baseline -0.003 -12"><span class='ocrx_word' id='word_1_353' title='bbox 531 4101 996 4159; x_wconf 88' lang='lat' dir='ltr'><strong>demonstratione</strong></span> <span class='ocrx_word' id='word_1_354' title='bbox 1020 4145 1036 4171; x_wconf 91' lang='lat'><strong>,</strong></span> <span class='ocrx_word' id='word_1_355' title='bbox 1064 4102 1173 4159; x_wconf 91' lang='lat' dir='ltr'><strong>imo</strong></span> <span class='ocrx_word' id='word_1_356' title='bbox 1213 4112 1337 4157; x_wconf 90' lang='lat' dir='ltr'><strong>ante</strong></span> <span class='ocrx_word' id='word_1_357' title='bbox 1375 4118 1553 4157; x_wconf 91' lang='lat' dir='ltr'><strong>rerum</strong></span> <span class='ocrx_word' id='word_1_358' title='bbox 1600 4101 2110 4157; x_wconf 88' lang='lat' dir='ltr'><strong>demonstrationem</strong></span> 
     </span>
    </p>
   </div>
   <div class='ocr_carea' id='block_1_45' title="bbox 532 4192 2115 4263">
    <p class='ocr_par' dir='ltr' id='par_1_45' title="bbox 532 4192 2115 4263">
     <span class='ocr_line' id='line_1_45' title="bbox 532 4192 2115 4263; baseline -0.004 -12"><span class='ocrx_word' id='word_1_359' title='bbox 532 4211 598 4251; x_wconf 87' lang='lat' dir='ltr'><strong>ex</strong></span> <span class='ocrx_word' id='word_1_360' title='bbox 619 4194 910 4251; x_wconf 88' lang='lat' dir='ltr'><strong>Salvatoris</strong></span> <span class='ocrx_word' id='word_1_361' title='bbox 935 4209 1066 4251; x_wconf 88' lang='lat' dir='ltr'><strong>voce</strong></span> <span class='ocrx_word' id='word_1_362' title='bbox 1093 4193 1388 4250; x_wconf 89' lang='lat' dir='ltr'><strong>credidisse</strong></span> <span class='ocrx_word' id='word_1_363' title='bbox 1411 4233 1426 4256; x_wconf 86' lang='lat'><strong>,</strong></span> <span class='ocrx_word' id='word_1_364' title='bbox 1458 4207 1518 4248; x_wconf 84' lang='lat' dir='ltr'><strong>se</strong></span> <span class='ocrx_word' id='word_1_365' title='bbox 1548 4192 1721 4263; x_wconf 90' lang='lat' dir='ltr'><strong>ipsum</strong></span> <span class='ocrx_word' id='word_1_366' title='bbox 1745 4192 1965 4247; x_wconf 89' lang='lat' dir='ltr'><strong>omnino</strong></span> <span class='ocrx_word' id='word_1_367' title='bbox 1993 4205 2115 4261; x_wconf 88' lang='lat' dir='ltr'><strong>pos-</strong></span> 
     </span>
    </p>
   </div>
   <div class='ocr_carea' id='block_1_46' title="bbox 536 4282 2115 4353">
    <p class='ocr_par' dir='ltr' id='par_1_46' title="bbox 536 4282 2115 4353">
     <span class='ocr_line' id='line_1_46' title="bbox 536 4282 2115 4353; baseline -0.003 -12"><span class='ocrx_word' id='word_1_368' title='bbox 536 4301 815 4342; x_wconf 88' lang='lat' dir='ltr'><strong>sessurum</strong></span> <span class='ocrx_word' id='word_1_369' title='bbox 856 4300 998 4342; x_wconf 85' lang='lat' dir='ltr'><strong>esse.</strong></span> <span class='ocrx_word' id='word_1_370' title='bbox 1049 4284 1183 4340; x_wconf 88' lang='lat' dir='ltr'><strong>Cum</strong></span> <span class='ocrx_word' id='word_1_371' title='bbox 1212 4285 1437 4341; x_wconf 75' lang='lat' dir='ltr'><strong>dixisset</strong></span> <span class='ocrx_word' id='word_1_372' title='bbox 1461 4285 1602 4339; x_wconf 90' lang='lat' dir='ltr'><strong>enim</strong></span> <span class='ocrx_word' id='word_1_373' title='bbox 1627 4324 1642 4347; x_wconf 95' lang='lat'><strong>,</strong></span> <span class='ocrx_word' id='word_1_374' title='bbox 1672 4282 1781 4337; x_wconf 86' lang='lat' dir='ltr'><strong>Nos</strong></span> <span class='ocrx_word' id='word_1_375' title='bbox 1825 4284 2115 4353; x_wconf 81' lang='lat' dir='ltr'><strong>reliquimus</strong></span> 
     </span>
    </p>
   </div>
   <div class='ocr_carea' id='block_1_47' title="bbox 536 4373 2119 4449">
    <p class='ocr_par' dir='ltr' id='par_1_47' title="bbox 536 4373 2119 4449">
     <span class='ocr_line' id='line_1_47' title="bbox 536 4373 2119 4449; baseline -0.002 -18"><span class='ocrx_word' id='word_1_376' title='bbox 536 4379 726 4443; x_wconf 88' lang='lat' dir='ltr'><strong>omnia,</strong></span> <span class='ocrx_word' id='word_1_377' title='bbox 772 4387 820 4433; x_wconf 89' lang='lat' dir='ltr'><strong>et</strong></span> <span class='ocrx_word' id='word_1_378' title='bbox 844 4378 1039 4449; x_wconf 76' lang='lat' dir='ltr'><strong>sequuti</strong></span> <span class='ocrx_word' id='word_1_379' title='bbox 1063 4393 1235 4431; x_wconf 89' lang='lat' dir='ltr'><strong>sumus</strong></span> <span class='ocrx_word' id='word_1_380' title='bbox 1261 4387 1324 4440; x_wconf 88' lang='lat' dir='ltr'><strong>te,</strong></span> <span class='ocrx_word' id='word_1_381' title='bbox 1347 4376 1470 4446; x_wconf 88' lang='lat' dir='ltr'><strong>quid</strong></span> <span class='ocrx_word' id='word_1_382' title='bbox 1494 4375 1587 4429; x_wconf 87' lang='lat' dir='ltr'><strong>erit</strong></span> <span class='ocrx_word' id='word_1_383' title='bbox 1630 4375 1771 4430; x_wconf 88' lang='lat' dir='ltr'><strong>nobis</strong></span> <span class='ocrx_word' id='word_1_384' title='bbox 1792 4375 1818 4428; x_wconf 82' lang='lat'><strong>.’</strong></span> <span class='ocrx_word' id='word_1_385' title='bbox 1847 4373 2119 4445; x_wconf 87' lang='lat' dir='ltr'><strong>respondit</strong></span> 
     </span>
    </p>
   </div>
   <div class='ocr_carea' id='block_1_48' title="bbox 538 4467 2119 4538">
    <p class='ocr_par' dir='ltr' id='par_1_48' title="bbox 538 4467 2119 4538">
     <span class='ocr_line' id='line_1_48' title="bbox 538 4467 2119 4538; baseline -0.001 -15"><span class='ocrx_word' id='word_1_386' title='bbox 538 4468 618 4523; x_wconf 85' lang='lat' dir='ltr'><strong>eis</strong></span> <span class='ocrx_word' id='word_1_387' title='bbox 641 4467 889 4523; x_wconf 74' lang='lat' dir='ltr'><strong>Christus</strong></span> <span class='ocrx_word' id='word_1_388' title='bbox 917 4484 930 4520; x_wconf 93' lang='lat'><strong>:</strong></span> <span class='ocrx_word' id='word_1_389' title='bbox 967 4467 1217 4522; x_wconf 81' lang='lat' dir='ltr'><strong>Sedebitis</strong></span> <span class='ocrx_word' id='word_1_390' title='bbox 1249 4484 1400 4538; x_wconf 83' lang='lat' dir='ltr'><strong>super</strong></span> <span class='ocrx_word' id='word_1_391' title='bbox 1425 4467 1688 4521; x_wconf 86' lang='lat' dir='ltr'><strong>duodecim</strong></span> <span class='ocrx_word' id='word_1_392' title='bbox 1716 4467 1945 4533; x_wconf 83' lang='lat' dir='ltr'><strong>thronos,</strong></span> <span class='ocrx_word' id='word_1_393' title='bbox 1981 4467 2119 4536; x_wconf 86' lang='lat' dir='ltr'><strong>judi-</strong></span> 
     </span>
    </p>
   </div>
   <div class='ocr_carea' id='block_1_49' title="bbox 539 4555 2121 4627">
    <p class='ocr_par' dir='ltr' id='par_1_49' title="bbox 539 4555 2121 4627">
     <span class='ocr_line' id='line_1_49' title="bbox 539 4555 2121 4627; baseline 0.003 -18"><span class='ocrx_word' id='word_1_394' title='bbox 539 4566 708 4612; x_wconf 78' lang='lat' dir='ltr'><strong>cantes</strong></span> <span class='ocrx_word' id='word_1_395' title='bbox 747 4557 1011 4610; x_wconf 83' lang='lat' dir='ltr'><strong>duodecim</strong></span> <span class='ocrx_word' id='word_1_396' title='bbox 1050 4556 1206 4611; x_wconf 86' lang='lat' dir='ltr'><strong>tribus</strong></span> <span class='ocrx_word' id='word_1_397' title='bbox 1233 4555 1623 4626; x_wconf 79' lang='lat' dir='ltr'><strong>Israel(MattIt.</strong></span> <span class='ocrx_word' id='word_1_398' title='bbox 1652 4556 1972 4627; x_wconf 67' lang='lat'><strong>19.27.28).</strong></span> <span class='ocrx_word' id='word_1_399' title='bbox 1996 4556 2121 4613; x_wconf 83' lang='lat' dir='ltr'><strong>llaec</strong></span> 
     </span>
    </p>
   </div>
   <div class='ocr_carea' id='block_1_50' title="bbox 545 4646 2120 4717">
    <p class='ocr_par' dir='ltr' id='par_1_50' title="bbox 545 4646 2120 4717">
     <span class='ocr_line' id='line_1_50' title="bbox 545 4646 2120 4717; baseline 0.001 -17"><span class='ocrx_word' id='word_1_400' title='bbox 545 4652 705 4717; x_wconf 85' lang='lat' dir='ltr'><strong>porro</strong></span> <span class='ocrx_word' id='word_1_401' title='bbox 732 4646 967 4717; x_wconf 78' lang='lat' dir='ltr'><strong>prtemisi</strong></span> <span class='ocrx_word' id='word_1_402' title='bbox 986 4687 1002 4713; x_wconf 92' lang='lat'><strong>,</strong></span> <span class='ocrx_word' id='word_1_403' title='bbox 1033 4655 1092 4702; x_wconf 93' lang='lat' dir='ltr'><strong>ut</strong></span> <span class='ocrx_word' id='word_1_404' title='bbox 1116 4662 1238 4702; x_wconf 91' lang='lat' dir='ltr'><strong>cum</strong></span> <span class='ocrx_word' id='word_1_405' title='bbox 1280 4647 1453 4717; x_wconf 91' lang='lat' dir='ltr'><strong>ipsum</strong></span> <span class='ocrx_word' id='word_1_406' title='bbox 1482 4662 1580 4716; x_wconf 92' lang='lat' dir='ltr'><strong>pro</strong></span> <span class='ocrx_word' id='word_1_407' title='bbox 1604 4648 1880 4702; x_wconf 88' lang='lat' dir='ltr'><strong>conservis</strong></span> <span class='ocrx_word' id='word_1_408' title='bbox 1903 4649 2120 4704; x_wconf 84' lang='lat' dir='ltr'><strong>anxium</strong></span> 
     </span>
    </p>
   </div>
   <div class='ocr_carea' id='block_1_51' title="bbox 542 4736 2121 4808">
    <p class='ocr_par' dir='ltr' id='par_1_51' title="bbox 542 4736 2121 4808">
     <span class='ocr_line' id='line_1_51' title="bbox 542 4736 2121 4808; baseline 0.003 -15"><span class='ocrx_word' id='word_1_409' title='bbox 542 4739 834 4797; x_wconf 89' lang='lat' dir='ltr'><strong>ostendero</strong></span> <span class='ocrx_word' id='word_1_410' title='bbox 856 4781 871 4805; x_wconf 92' lang='lat'><strong>,</strong></span> <span class='ocrx_word' id='word_1_411' title='bbox 898 4754 967 4795; x_wconf 92' lang='lat' dir='ltr'><strong>ne</strong></span> <span class='ocrx_word' id='word_1_412' title='bbox 1008 4739 1156 4794; x_wconf 89' lang='lat' dir='ltr'><strong>dicas</strong></span> <span class='ocrx_word' id='word_1_413' title='bbox 1182 4738 1360 4808; x_wconf 90' lang='lat' dir='ltr'><strong>ipsum</strong></span> <span class='ocrx_word' id='word_1_414' title='bbox 1400 4738 1505 4793; x_wconf 90' lang='lat' dir='ltr'><strong>sibi</strong></span> <span class='ocrx_word' id='word_1_415' title='bbox 1541 4736 1803 4794; x_wconf 89' lang='lat' dir='ltr'><strong>timuisse.</strong></span> <span class='ocrx_word' id='word_1_416' title='bbox 1842 4738 2121 4804; x_wconf 84' lang='lat' dir='ltr'><strong>Quomodo</strong></span> 
     </span>
    </p>
   </div>
   <div class='ocr_carea' id='block_1_52' title="bbox 543 4827 2125 4902">
    <p class='ocr_par' dir='ltr' id='par_1_52' title="bbox 543 4827 2125 4902">
     <span class='ocr_line' id='line_1_52' title="bbox 543 4827 2125 4902; baseline -0.002 -14"><span class='ocrx_word' id='word_1_417' title='bbox 543 4833 687 4888; x_wconf 90' lang='lat' dir='ltr'><strong>enim</strong></span> <span class='ocrx_word' id='word_1_418' title='bbox 727 4833 1031 4897; x_wconf 89' lang='lat' dir='ltr'><strong>timuisset,</strong></span> <span class='ocrx_word' id='word_1_419' title='bbox 1062 4841 1343 4902; x_wconf 89' lang='lat' dir='ltr'><strong>postquam</strong></span> <span class='ocrx_word' id='word_1_420' title='bbox 1371 4833 1416 4884; x_wconf 92' lang='lat' dir='ltr'><strong>is</strong></span> <span class='ocrx_word' id='word_1_421' title='bbox 1454 4827 1547 4900; x_wconf 90' lang='lat' dir='ltr'><strong>qui</strong></span> <span class='ocrx_word' id='word_1_422' title='bbox 1574 4829 1744 4899; x_wconf 90' lang='lat' dir='ltr'><strong>ipsum</strong></span> <span class='ocrx_word' id='word_1_423' title='bbox 1770 4839 2125 4885; x_wconf 89' lang='lat' dir='ltr'><strong>coronaturns</strong></span> 
     </span>
    </p>
   </div>
   <div class='ocr_carea' id='block_1_53' title="bbox 543 4922 2126 4995">
    <p class='ocr_par' dir='ltr' id='par_1_53' title="bbox 543 4922 2126 4995">
     <span class='ocr_line' id='line_1_53' title="bbox 543 4922 2126 4995; baseline -0.001 -14"><span class='ocrx_word' id='word_1_424' title='bbox 543 4934 691 4991; x_wconf 89' lang='lat' dir='ltr'><strong>erat,</strong></span> <span class='ocrx_word' id='word_1_425' title='bbox 720 4925 1041 4982; x_wconf 87' lang='lat' dir='ltr'><strong>sententiam</strong></span> <span class='ocrx_word' id='word_1_426' title='bbox 1084 4924 1280 4979; x_wconf 89' lang='lat' dir='ltr'><strong>tulerat</strong></span> <span class='ocrx_word' id='word_1_427' title='bbox 1317 4923 1388 4978; x_wconf 91' lang='lat' dir='ltr'><strong>de</strong></span> <span class='ocrx_word' id='word_1_428' title='bbox 1432 4937 1630 4978; x_wconf 84' lang='lat' dir='ltr'><strong>corona</strong></span> <span class='ocrx_word' id='word_1_429' title='bbox 1676 4932 1733 4979; x_wconf 85' lang='lat' dir='ltr'><strong>et</strong></span> <span class='ocrx_word' id='word_1_430' title='bbox 1770 4922 1838 4979; x_wconf 89' lang='lat' dir='ltr'><strong>de</strong></span> <span class='ocrx_word' id='word_1_431' title='bbox 1889 4925 2126 4995; x_wconf 69' lang='lat' dir='ltr'><strong>praemiis</strong></span> 
     </span>
    </p>
   </div>
   <div class='ocr_carea' id='block_1_54' title="bbox 545 5011 2126 5088">
    <p class='ocr_par' dir='ltr' id='par_1_54' title="bbox 545 5011 2126 5088">
     <span class='ocr_line' id='line_1_54' title="bbox 545 5011 2126 5088; baseline -0.001 -16"><span class='ocrx_word' id='word_1_432' title='bbox 545 5017 648 5088; x_wconf 89' lang='lat' dir='ltr'><strong>ipsi</strong></span> <span class='ocrx_word' id='word_1_433' title='bbox 678 5016 1068 5072; x_wconf 75' lang='lat' dir='ltr'><strong>conferendis?</strong></span> <span class='ocrx_word' id='word_1_434' title='bbox 1096 5016 1193 5071; x_wconf 89' lang='lat' dir='ltr'><strong>llic</strong></span> <span class='ocrx_word' id='word_1_435' title='bbox 1223 5015 1404 5085; x_wconf 89' lang='lat' dir='ltr'><strong>itaque</strong></span> <span class='ocrx_word' id='word_1_436' title='bbox 1428 5014 1649 5079; x_wconf 79' lang='lat' dir='ltr'><strong>Petrus,</strong></span> <span class='ocrx_word' id='word_1_437' title='bbox 1676 5017 1767 5085; x_wconf 87' lang='lat' dir='ltr'><strong>qui</strong></span> <span class='ocrx_word' id='word_1_438' title='bbox 1794 5011 1971 5070; x_wconf 91' lang='lat' dir='ltr'><strong>omnia</strong></span> <span class='ocrx_word' id='word_1_439' title='bbox 1999 5016 2126 5070; x_wconf 90' lang='lat' dir='ltr'><strong>reli-</strong></span> 
     </span>
    </p>
   </div>
   <div class='ocr_carea' id='block_1_55' title="bbox 546 5107 2129 5180">
    <p class='ocr_par' dir='ltr' id='par_1_55' title="bbox 546 5107 2129 5180">
     <span class='ocr_line' id='line_1_55' title="bbox 546 5107 2129 5180; baseline 0.003 -21"><span class='ocrx_word' id='word_1_440' title='bbox 546 5115 758 5176; x_wconf 88' lang='lat' dir='ltr'><strong>querat,</strong></span> <span class='ocrx_word' id='word_1_441' title='bbox 793 5107 881 5177; x_wconf 91' lang='lat' dir='ltr'><strong>qui</strong></span> <span class='ocrx_word' id='word_1_442' title='bbox 909 5107 1211 5164; x_wconf 81' lang='lat' dir='ltr'><strong>conﬁdebat</strong></span> <span class='ocrx_word' id='word_1_443' title='bbox 1232 5107 1299 5164; x_wconf 89' lang='lat' dir='ltr'><strong>de</strong></span> <span class='ocrx_word' id='word_1_444' title='bbox 1328 5122 1492 5180; x_wconf 86' lang='lat' dir='ltr'><strong>regno</strong></span> <span class='ocrx_word' id='word_1_445' title='bbox 1517 5107 1770 5164; x_wconf 64' lang='lat' dir='ltr'><strong>caelorum</strong></span> <span class='ocrx_word' id='word_1_446' title='bbox 1793 5148 1808 5173; x_wconf 91' lang='lat'><strong>,</strong></span> <span class='ocrx_word' id='word_1_447' title='bbox 1839 5107 2129 5164; x_wconf 80' lang='lat' dir='ltr'><strong>accedente</strong></span> 
     </span>
    </p>
   </div>
   <div class='ocr_carea' id='block_1_56' title="bbox 550 5199 2125 5272">
    <p class='ocr_par' dir='ltr' id='par_1_56' title="bbox 550 5199 2125 5272">
     <span class='ocr_line' id='line_1_56' title="bbox 550 5199 2125 5272; baseline -0.001 -17"><span class='ocrx_word' id='word_1_448' title='bbox 550 5200 841 5270; x_wconf 87' lang='lat' dir='ltr'><strong>aliquando</strong></span> <span class='ocrx_word' id='word_1_449' title='bbox 879 5201 1047 5257; x_wconf 77' lang='lat' dir='ltr'><strong>divite</strong></span> <span class='ocrx_word' id='word_1_450' title='bbox 1073 5201 1304 5272; x_wconf 90' lang='lat' dir='ltr'><strong>quodam</strong></span> <span class='ocrx_word' id='word_1_451' title='bbox 1325 5243 1341 5266; x_wconf 88' lang='lat'><strong>,</strong></span> <span class='ocrx_word' id='word_1_452' title='bbox 1373 5217 1436 5258; x_wconf 88' lang='lat' dir='ltr'><strong>ac</strong></span> <span class='ocrx_word' id='word_1_453' title='bbox 1460 5202 1672 5258; x_wconf 91' lang='lat' dir='ltr'><strong>dicente</strong></span> <span class='ocrx_word' id='word_1_454' title='bbox 1724 5200 1824 5271; x_wconf 90' lang='lat' dir='ltr'><strong>ipsi</strong></span> <span class='ocrx_word' id='word_1_455' title='bbox 1869 5199 2084 5256; x_wconf 87' lang='lat' dir='ltr'><strong>Christo</strong></span> <span class='ocrx_word' id='word_1_456' title='bbox 2108 5238 2125 5266; x_wconf 87' lang='lat'><strong>,</strong></span> 
     </span>
    </p>
   </div>
   <div class='ocr_carea' id='block_1_57' title="bbox 552 5293 2130 5364">
    <p class='ocr_par' dir='ltr' id='par_1_57' title="bbox 552 5293 2130 5364">
     <span class='ocr_line' id='line_1_57' title="bbox 552 5293 2130 5364; baseline 0.001 -17"><span class='ocrx_word' id='word_1_457' title='bbox 552 5293 689 5362; x_wconf 85' lang='lat' dir='ltr'><strong>Quid</strong></span> <span class='ocrx_word' id='word_1_458' title='bbox 727 5296 913 5363; x_wconf 77' lang='lat' dir='ltr'><strong>[actam</strong></span> <span class='ocrx_word' id='word_1_459' title='bbox 960 5303 1015 5348; x_wconf 91' lang='lat' dir='ltr'><strong>ut</strong></span> <span class='ocrx_word' id='word_1_460' title='bbox 1061 5305 1213 5349; x_wconf 76' lang='lat' dir='ltr'><strong>vitam</strong></span> <span class='ocrx_word' id='word_1_461' title='bbox 1253 5305 1492 5350; x_wconf 68' lang='lat' dir='ltr'><strong>teter-nam</strong></span> <span class='ocrx_word' id='word_1_462' title='bbox 1543 5296 1812 5350; x_wconf 85' lang='lat' dir='ltr'><strong>Iteredttate</strong></span> <span class='ocrx_word' id='word_1_463' title='bbox 1855 5310 2130 5364; x_wconf 81' lang='lat' dir='ltr'><strong>consequar</strong></span> 
     </span>
    </p>
   </div>
   <div class='ocr_carea' id='block_1_58' title="bbox 549 5385 2128 5457">
    <p class='ocr_par' dir='ltr' id='par_1_58' title="bbox 549 5385 2128 5457">
     <span class='ocr_line' id='line_1_58' title="bbox 549 5385 2128 5457; baseline 0 -17"><span class='ocrx_word' id='word_1_464' title='bbox 549 5386 764 5457; x_wconf 79' lang='lat' dir='ltr'><strong>(Matth.</strong></span> <span class='ocrx_word' id='word_1_465' title='bbox 798 5385 885 5441; x_wconf 86' lang='lat' dir='ltr'><strong>l9.</strong></span> <span class='ocrx_word' id='word_1_466' title='bbox 922 5385 1055 5456; x_wconf 81' lang='lat' dir='ltr'><strong>l6)?</strong></span> <span class='ocrx_word' id='word_1_467' title='bbox 1082 5402 1200 5442; x_wconf 90' lang='lat' dir='ltr'><strong>cum</strong></span> <span class='ocrx_word' id='word_1_468' title='bbox 1224 5388 1590 5454; x_wconf 88' lang='lat' dir='ltr'><strong>respondisset</strong></span> <span class='ocrx_word' id='word_1_469' title='bbox 1613 5388 1663 5442; x_wconf 91' lang='lat' dir='ltr'><strong>ei</strong></span> <span class='ocrx_word' id='word_1_470' title='bbox 1688 5385 1950 5445; x_wconf 82' lang='lat' dir='ltr'><strong>Christus.</strong></span> <span class='ocrx_word' id='word_1_471' title='bbox 1976 5386 2035 5442; x_wconf 87' lang='lat' dir='ltr'><strong>Si</strong></span> <span class='ocrx_word' id='word_1_472' title='bbox 2055 5392 2128 5441; x_wconf 83' lang='lat' dir='ltr'><strong>vis</strong></span> 
     </span>
    </p>
   </div>
   <div class='ocr_carea' id='block_1_59' title="bbox 549 5476 2128 5552">
    <p class='ocr_par' dir='ltr' id='par_1_59' title="bbox 549 5476 2128 5552">
     <span class='ocr_line' id='line_1_59' title="bbox 549 5476 2128 5552; baseline -0.001 -17"><span class='ocrx_word' id='word_1_473' title='bbox 549 5481 800 5551; x_wconf 84' lang='lat' dir='ltr'><strong>perlectus</strong></span> <span class='ocrx_word' id='word_1_474' title='bbox 823 5476 948 5548; x_wconf 86' lang='lat' dir='ltr'><strong>esse,</strong></span> <span class='ocrx_word' id='word_1_475' title='bbox 972 5480 1116 5548; x_wconf 84' lang='lat' dir='ltr'><strong>vade,</strong></span> <span class='ocrx_word' id='word_1_476' title='bbox 1149 5486 1303 5536; x_wconf 83' lang='lat' dir='ltr'><strong>vende</strong></span> <span class='ocrx_word' id='word_1_477' title='bbox 1326 5483 1495 5535; x_wconf 85' lang='lat' dir='ltr'><strong>omnia</strong></span> <span class='ocrx_word' id='word_1_478' title='bbox 1522 5498 1634 5546; x_wconf 76' lang='lat' dir='ltr'><strong>qua:</strong></span> <span class='ocrx_word' id='word_1_479' title='bbox 1660 5482 1828 5545; x_wconf 83' lang='lat' dir='ltr'><strong>habes,</strong></span> <span class='ocrx_word' id='word_1_480' title='bbox 1852 5491 1896 5534; x_wconf 89' lang='lat' dir='ltr'><strong>et</strong></span> <span class='ocrx_word' id='word_1_481' title='bbox 1926 5480 1993 5533; x_wconf 86' lang='lat' dir='ltr'><strong>da</strong></span> <span class='ocrx_word' id='word_1_482' title='bbox 2006 5497 2128 5552; x_wconf 80' lang='lat' dir='ltr'><strong>pau-</strong></span> 
     </span>
    </p>
   </div>
   <div class='ocr_carea' id='block_1_60' title="bbox 552 5572 2125 5647">
    <p class='ocr_par' dir='ltr' id='par_1_60' title="bbox 552 5572 2125 5647">
     <span class='ocr_line' id='line_1_60' title="bbox 552 5572 2125 5647; baseline 0 -19"><span class='ocrx_word' id='word_1_483' title='bbox 552 5573 771 5647; x_wconf 84' lang='lat' dir='ltr'><strong>peribus,</strong></span> <span class='ocrx_word' id='word_1_484' title='bbox 801 5581 848 5629; x_wconf 91' lang='lat' dir='ltr'><strong>et</strong></span> <span class='ocrx_word' id='word_1_485' title='bbox 872 5577 1003 5640; x_wconf 83' lang='lat' dir='ltr'><strong>veni,</strong></span> <span class='ocrx_word' id='word_1_486' title='bbox 1029 5591 1233 5642; x_wconf 87' lang='lat' dir='ltr'><strong>sequere</strong></span> <span class='ocrx_word' id='word_1_487' title='bbox 1261 5590 1339 5627; x_wconf 89' lang='lat' dir='ltr'><strong>me</strong></span> <span class='ocrx_word' id='word_1_488' title='bbox 1364 5572 1523 5643; x_wconf 87' lang='lat' dir='ltr'><strong>(Ibid.</strong></span> <span class='ocrx_word' id='word_1_489' title='bbox 1555 5590 1603 5627; x_wconf 82' lang='grc' dir='ltr'><strong>υ.</strong></span> <span class='ocrx_word' id='word_1_490' title='bbox 1627 5573 1744 5641; x_wconf 74' lang='grc'><strong>21);</strong></span> <span class='ocrx_word' id='word_1_491' title='bbox 1773 5573 1964 5628; x_wconf 85' lang='lat' dir='ltr'><strong>deinde</strong></span> <span class='ocrx_word' id='word_1_492' title='bbox 2003 5572 2085 5628; x_wconf 70' lang='lat' dir='ltr'><strong>ubi</strong></span> <span class='ocrx_word' id='word_1_493' title='bbox 2109 5612 2125 5639; x_wconf 87' lang='lat'><strong>,</strong></span> 
     </span>
    </p>
   </div>
   <div class='ocr_carea' id='block_1_61' title="bbox 557 5665 2125 5737">
    <p class='ocr_par' dir='ltr' id='par_1_61' title="bbox 557 5665 2125 5737">
     <span class='ocr_line' id='line_1_61' title="bbox 557 5665 2125 5737; baseline -0.001 -18"><span class='ocrx_word' id='word_1_494' title='bbox 557 5665 647 5719; x_wconf 91' lang='lat' dir='ltr'><strong>illo</strong></span> <span class='ocrx_word' id='word_1_495' title='bbox 699 5667 911 5724; x_wconf 75' lang='lat' dir='ltr'><strong>tristitia</strong></span> <span class='ocrx_word' id='word_1_496' title='bbox 961 5668 1193 5734; x_wconf 74' lang='lat' dir='ltr'><strong>allecto,</strong></span> <span class='ocrx_word' id='word_1_497' title='bbox 1242 5666 1485 5722; x_wconf 84' lang='lat' dir='ltr'><strong>Christus</strong></span> <span class='ocrx_word' id='word_1_498' title='bbox 1541 5666 1817 5737; x_wconf 90' lang='lat' dir='ltr'><strong>discipulis</strong></span> <span class='ocrx_word' id='word_1_499' title='bbox 1879 5666 2125 5732; x_wconf 80' lang='lat' dir='ltr'><strong>dixerat,</strong></span> 
     </span>
    </p>
   </div>
   <div class='ocr_carea' id='block_1_62' title="bbox 564 5755 2125 5832">
    <p class='ocr_par' dir='ltr' id='par_1_62' title="bbox 564 5755 2125 5832">
     <span class='ocr_line' id='line_1_62' title="bbox 564 5755 2125 5832; baseline 0.001 -20"><span class='ocrx_word' id='word_1_500' title='bbox 564 5755 736 5815; x_wconf 71' lang='lat' dir='ltr'><strong>Videte</strong></span> <span class='ocrx_word' id='word_1_501' title='bbox 780 5778 929 5831; x_wconf 88' lang='lat' dir='ltr'><strong>quam</strong></span> <span class='ocrx_word' id='word_1_502' title='bbox 970 5762 1171 5832; x_wconf 61' lang='lat' dir='ltr'><strong>diﬁcile</strong></span> <span class='ocrx_word' id='word_1_503' title='bbox 1208 5762 1382 5816; x_wconf 72' lang='lat' dir='ltr'><strong>divites</strong></span> <span class='ocrx_word' id='word_1_504' title='bbox 1426 5761 1774 5831; x_wconf 80' lang='lat' dir='ltr'><strong>ingrediantur</strong></span> <span class='ocrx_word' id='word_1_505' title='bbox 1817 5762 1868 5814; x_wconf 88' lang='lat' dir='ltr'><strong>in</strong></span> <span class='ocrx_word' id='word_1_506' title='bbox 1920 5776 2125 5827; x_wconf 74' lang='lat' dir='ltr'><strong>regnum</strong></span> 
     </span>
    </p>
   </div>
   <div class='ocr_carea' id='block_1_63' title="bbox 2182 505 3692 600">
    <p class='ocr_par' dir='ltr' id='par_1_63' title="bbox 2182 505 3692 600">
     <span class='ocr_line' id='line_1_63' title="bbox 2182 505 3692 600; baseline 0.021 -45"><span class='ocrx_word' id='word_1_507' title='bbox 2182 518 2277 600; x_wconf 69' lang='lat' dir='ltr'><strong>per</strong></span> <span class='ocrx_word' id='word_1_508' title='bbox 2589 523 2710 563; x_wconf 87' lang='lat' dir='ltr'><strong>acus</strong></span> <span class='ocrx_word' id='word_1_509' title='bbox 2756 510 2987 581; x_wconf 81' lang='lat' dir='ltr'><strong>ingredi,</strong></span> <span class='ocrx_word' id='word_1_510' title='bbox 3023 520 3170 582; x_wconf 76' lang='lat' dir='ltr'><strong>quam</strong></span> <span class='ocrx_word' id='word_1_511' title='bbox 3205 518 3393 575; x_wconf 80' lang='lat' dir='ltr'><strong>divitem</strong></span> <span class='ocrx_word' id='word_1_512' title='bbox 3433 526 3479 579; x_wconf 89' lang='lat' dir='ltr'><strong>in</strong></span> <span class='ocrx_word' id='word_1_513' title='bbox 3520 545 3692 600; x_wconf 70' lang='lat' dir='ltr'><strong>regnum</strong></span> 
     </span>
    </p>
   </div>
   <div class='ocr_carea' id='block_1_64' title="bbox 2181 593 3695 685">
    <p class='ocr_par' dir='ltr' id='par_1_64' title="bbox 2181 593 3695 685">
     <span class='ocr_line' id='line_1_64' title="bbox 2181 593 3695 685; baseline 0.02 -36"><span class='ocrx_word' id='word_1_514' title='bbox 2181 593 2279 651; x_wconf 85' lang='lat' dir='ltr'><strong>Dei</strong></span> <span class='ocrx_word' id='word_1_515' title='bbox 2319 596 2531 667; x_wconf 75' lang='lat' dir='ltr'><strong>(Matth.</strong></span> <span class='ocrx_word' id='word_1_516' title='bbox 2574 600 2663 657; x_wconf 84' lang='grc'><strong>19.</strong></span> <span class='ocrx_word' id='word_1_517' title='bbox 2709 600 2804 671; x_wconf 69' lang='grc'><strong>24)</strong></span> <span class='ocrx_word' id='word_1_518' title='bbox 2835 619 2849 656; x_wconf 92' lang='lat'>:</span> <span class='ocrx_word' id='word_1_519' title='bbox 2878 603 3065 661; x_wconf 86' lang='lat' dir='ltr'><strong>Petrus</strong></span> <span class='ocrx_word' id='word_1_520' title='bbox 3114 607 3362 667; x_wconf 72' lang='lat' dir='ltr'><strong>bonmrum</strong></span> <span class='ocrx_word' id='word_1_521' title='bbox 3406 593 3695 685; x_wconf 74' lang='lat' dir='ltr'><strong>possessione</strong></span> 
     </span>
    </p>
   </div>
   <div class='ocr_carea' id='block_1_65' title="bbox 2182 692 3697 771">
    <p class='ocr_par' dir='ltr' id='par_1_65' title="bbox 2182 692 3697 771">
     <span class='ocr_line' id='line_1_65' title="bbox 2182 692 3697 771; baseline 0.018 -28"><span class='ocrx_word' id='word_1_522' title='bbox 2182 704 2413 756; x_wconf 87' lang='lat' dir='ltr'><strong>vacuus,</strong></span> <span class='ocrx_word' id='word_1_523' title='bbox 2444 692 2532 764; x_wconf 92' lang='lat' dir='ltr'><strong>qui</strong></span> <span class='ocrx_word' id='word_1_524' title='bbox 2561 693 2629 748; x_wconf 92' lang='lat' dir='ltr'><strong>de</strong></span> <span class='ocrx_word' id='word_1_525' title='bbox 2672 709 2835 764; x_wconf 86' lang='lat' dir='ltr'><strong>regno</strong></span> <span class='ocrx_word' id='word_1_526' title='bbox 2879 698 3204 767; x_wconf 74' lang='lat' dir='ltr'><strong>confidebat,</strong></span> <span class='ocrx_word' id='word_1_527' title='bbox 3231 704 3317 771; x_wconf 90' lang='lat' dir='ltr'><strong>qui</strong></span> <span class='ocrx_word' id='word_1_528' title='bbox 3350 705 3413 762; x_wconf 86' lang='lat' dir='ltr'><strong>de</strong></span> <span class='ocrx_word' id='word_1_529' title='bbox 3445 722 3531 765; x_wconf 87' lang='lat' dir='ltr'><strong>sua</strong></span> <span class='ocrx_word' id='word_1_530' title='bbox 3556 715 3697 771; x_wconf 82' lang='lat' dir='ltr'><strong>salute</strong></span> 
     </span>
    </p>
   </div>
   <div class='ocr_carea' id='block_1_66' title="bbox 2184 783 3699 861">
    <p class='ocr_par' dir='ltr' id='par_1_66' title="bbox 2184 783 3699 861">
     <span class='ocr_line' id='line_1_66' title="bbox 2184 783 3699 861; baseline 0.018 -27"><span class='ocrx_word' id='word_1_531' title='bbox 2184 796 2290 835; x_wconf 91' lang='lat' dir='ltr'><strong>non</strong></span> <span class='ocrx_word' id='word_1_532' title='bbox 2349 783 2604 850; x_wconf 87' lang='lat' dir='ltr'><strong>timebat;</strong></span> <span class='ocrx_word' id='word_1_533' title='bbox 2662 787 2861 842; x_wconf 90' lang='lat' dir='ltr'><strong>certior</strong></span> <span class='ocrx_word' id='word_1_534' title='bbox 2928 787 3099 844; x_wconf 86' lang='lat' dir='ltr'><strong>factus</strong></span> <span class='ocrx_word' id='word_1_535' title='bbox 3145 790 3212 847; x_wconf 90' lang='lat' dir='ltr'><strong>de</strong></span> <span class='ocrx_word' id='word_1_536' title='bbox 3251 793 3443 853; x_wconf 84' lang='lat' dir='ltr'><strong>honore</strong></span> <span class='ocrx_word' id='word_1_537' title='bbox 3482 801 3570 855; x_wconf 85' lang='lat' dir='ltr'><strong>sibi</strong></span> <span class='ocrx_word' id='word_1_538' title='bbox 3612 804 3699 861; x_wconf 87' lang='lat' dir='ltr'><strong>illic</strong></span> 
     </span>
    </p>
   </div>
   <div class='ocr_carea' id='block_1_67' title="bbox 2183 872 3702 956">
    <p class='ocr_par' dir='ltr' id='par_1_67' title="bbox 2183 872 3702 956">
     <span class='ocr_line' id='line_1_67' title="bbox 2183 872 3702 956; baseline 0.014 -31"><span class='ocrx_word' id='word_1_539' title='bbox 2183 873 2465 942; x_wconf 86' lang='lat' dir='ltr'><strong>reposito,</strong></span> <span class='ocrx_word' id='word_1_540' title='bbox 2521 872 2605 930; x_wconf 91' lang='lat' dir='ltr'><strong>his</strong></span> <span class='ocrx_word' id='word_1_541' title='bbox 2651 876 2845 933; x_wconf 89' lang='lat' dir='ltr'><strong>auditis</strong></span> <span class='ocrx_word' id='word_1_542' title='bbox 2889 878 3131 946; x_wconf 88' lang='lat' dir='ltr'><strong>dicebat,</strong></span> <span class='ocrx_word' id='word_1_543' title='bbox 3192 883 3312 951; x_wconf 83' lang='lat' dir='ltr'><strong>Quis</strong></span> <span class='ocrx_word' id='word_1_544' title='bbox 3357 891 3522 956; x_wconf 86' lang='lat' dir='ltr'><strong>poterit</strong></span> <span class='ocrx_word' id='word_1_545' title='bbox 3561 896 3702 949; x_wconf 71' lang='lat' dir='ltr'><strong>salvus</strong></span> 
     </span>
    </p>
   </div>
   <div class='ocr_carea' id='block_1_68' title="bbox 2185 962 3711 1052">
    <p class='ocr_par' dir='ltr' id='par_1_68' title="bbox 2185 962 3711 1052">
     <span class='ocr_line' id='line_1_68' title="bbox 2185 962 3711 1052; baseline 0.014 -36"><span class='ocrx_word' id='word_1_546' title='bbox 2185 978 2292 1017; x_wconf 89' lang='lat' dir='ltr'><strong>esse</strong></span> <span class='ocrx_word' id='word_1_547' title='bbox 2319 962 2481 1032; x_wconf 85' lang='lat' dir='ltr'><strong>(Ibid.</strong></span> <span class='ocrx_word' id='word_1_548' title='bbox 2509 981 2558 1019; x_wconf 80' lang='grc' dir='ltr'><strong>υ.</strong></span> <span class='ocrx_word' id='word_1_549' title='bbox 2591 965 2684 1037; x_wconf 77' lang='grc'><strong>25)</strong></span> <span class='ocrx_word' id='word_1_550' title='bbox 2708 966 2734 1022; x_wconf 74' lang='lat' dir='ltr'><strong>‘i</strong></span> <span class='ocrx_word' id='word_1_551' title='bbox 2755 967 2889 1035; x_wconf 87' lang='lat' dir='ltr'><strong>Quid</strong></span> <span class='ocrx_word' id='word_1_552' title='bbox 2921 969 3074 1026; x_wconf 87' lang='lat' dir='ltr'><strong>times</strong></span> <span class='ocrx_word' id='word_1_553' title='bbox 3098 1013 3112 1036; x_wconf 85' lang='lat'><strong>,</strong></span> <span class='ocrx_word' id='word_1_554' title='bbox 3144 967 3176 1027; x_wconf 88' lang='grc' dir='ltr'><strong><em>ὁ</em></strong></span> <span class='ocrx_word' id='word_1_555' title='bbox 3218 974 3366 1031; x_wconf 83' lang='lat' dir='ltr'><strong>beate</strong></span> <span class='ocrx_word' id='word_1_556' title='bbox 3391 977 3569 1035; x_wconf 69' lang='lat' dir='ltr'><strong>Petrei</strong></span> <span class='ocrx_word' id='word_1_557' title='bbox 3600 985 3711 1052; x_wconf 84' lang='lat' dir='ltr'><strong>quid</strong></span> 
     </span>
    </p>
   </div>
   <div class='ocr_carea' id='block_1_69' title="bbox 2188 1058 3703 1136">
    <p class='ocr_par' dir='ltr' id='par_1_69' title="bbox 2188 1058 3703 1136">
     <span class='ocr_line' id='line_1_69' title="bbox 2188 1058 3703 1136; baseline 0.013 -26"><span class='ocrx_word' id='word_1_558' title='bbox 2188 1058 2432 1113; x_wconf 81' lang='lat' dir='ltr'><strong>vereris?</strong></span> <span class='ocrx_word' id='word_1_559' title='bbox 2454 1059 2581 1130; x_wconf 90' lang='lat' dir='ltr'><strong>quid</strong></span> <span class='ocrx_word' id='word_1_560' title='bbox 2626 1060 2890 1130; x_wconf 81' lang='lat' dir='ltr'><strong>trepidas?</strong></span> <span class='ocrx_word' id='word_1_561' title='bbox 2933 1061 3119 1119; x_wconf 89' lang='lat' dir='ltr'><strong>Omnia</strong></span> <span class='ocrx_word' id='word_1_562' title='bbox 3158 1066 3421 1136; x_wconf 76' lang='lat' dir='ltr'><strong>abiecisti,</strong></span> <span class='ocrx_word' id='word_1_563' title='bbox 3455 1073 3614 1128; x_wconf 85' lang='lat' dir='ltr'><strong>omnia</strong></span> <span class='ocrx_word' id='word_1_564' title='bbox 3636 1075 3703 1130; x_wconf 48' lang='lat' dir='ltr'><strong>di;-</strong></span> 
     </span>
    </p>
   </div>
   <div class='ocr_carea' id='block_1_70' title="bbox 2188 1148 3705 1226">
    <p class='ocr_par' dir='ltr' id='par_1_70' title="bbox 2188 1148 3705 1226">
     <span class='ocr_line' id='line_1_70' title="bbox 2188 1148 3705 1226; baseline 0.013 -26"><span class='ocrx_word' id='word_1_565' title='bbox 2188 1148 2378 1204; x_wconf 91' lang='lat' dir='ltr'><strong>misisti</strong></span> <span class='ocrx_word' id='word_1_566' title='bbox 2403 1149 2513 1215; x_wconf 88' lang='lat' dir='ltr'><strong>;.de</strong></span> <span class='ocrx_word' id='word_1_567' title='bbox 2540 1150 2793 1208; x_wconf 88' lang='lat' dir='ltr'><strong>divitibus</strong></span> <span class='ocrx_word' id='word_1_568' title='bbox 2818 1162 2902 1208; x_wconf 88' lang='lat' dir='ltr'><strong>est</strong></span> <span class='ocrx_word' id='word_1_569' title='bbox 2927 1170 3130 1221; x_wconf 90' lang='lat' dir='ltr'><strong>sermo,</strong></span> <span class='ocrx_word' id='word_1_570' title='bbox 3156 1158 3296 1226; x_wconf 92' lang='lat' dir='ltr'><strong>quod</strong></span> <span class='ocrx_word' id='word_1_571' title='bbox 3323 1158 3505 1216; x_wconf 85' lang='lat' dir='ltr'><strong>dicitur</strong></span> <span class='ocrx_word' id='word_1_572' title='bbox 3529 1163 3705 1221; x_wconf 87' lang='lat' dir='ltr'><strong>illorum</strong></span> 
     </span>
    </p>
   </div>
   <div class='ocr_carea' id='block_1_71' title="bbox 2189 1241 3707 1322">
    <p class='ocr_par' dir='ltr' id='par_1_71' title="bbox 2189 1241 3707 1322">
     <span class='ocr_line' id='line_1_71' title="bbox 2189 1241 3707 1322; baseline 0.012 -29"><span class='ocrx_word' id='word_1_573' title='bbox 2189 1246 2274 1294; x_wconf 89' lang='lat' dir='ltr'><strong>est</strong></span> <span class='ocrx_word' id='word_1_574' title='bbox 2313 1241 2583 1297; x_wconf 89' lang='lat' dir='ltr'><strong>accusatio</strong></span> <span class='ocrx_word' id='word_1_575' title='bbox 2613 1258 2632 1297; x_wconf 94' lang='lat'><strong><em>:</em></strong></span> <span class='ocrx_word' id='word_1_576' title='bbox 2655 1252 2711 1298; x_wconf 91' lang='lat' dir='ltr'><strong>tu</strong></span> <span class='ocrx_word' id='word_1_577' title='bbox 2737 1258 2865 1300; x_wconf 88' lang='lat' dir='ltr'><strong>vero</strong></span> <span class='ocrx_word' id='word_1_578' title='bbox 2894 1245 2946 1300; x_wconf 94' lang='lat' dir='ltr'><strong>in</strong></span> <span class='ocrx_word' id='word_1_579' title='bbox 2973 1259 3283 1317; x_wconf 81' lang='lat' dir='ltr'><strong>paupertate</strong></span> <span class='ocrx_word' id='word_1_580' title='bbox 3309 1259 3362 1305; x_wconf 93' lang='lat' dir='ltr'><strong>et</strong></span> <span class='ocrx_word' id='word_1_581' title='bbox 3392 1252 3550 1322; x_wconf 88' lang='lat' dir='ltr'><strong>inopia</strong></span> <span class='ocrx_word' id='word_1_582' title='bbox 3575 1257 3707 1311; x_wconf 86' lang='lat' dir='ltr'><strong>vitam</strong></span> 
     </span>
    </p>
   </div>
   <div class='ocr_carea' id='block_1_72' title="bbox 2189 1329 3711 1414">
    <p class='ocr_par' dir='ltr' id='par_1_72' title="bbox 2189 1329 3711 1414">
     <span class='ocr_line' id='line_1_72' title="bbox 2189 1329 3711 1414; baseline 0.012 -30"><span class='ocrx_word' id='word_1_583' title='bbox 2189 1329 2323 1400; x_wconf 86' lang='lat' dir='ltr'><strong>agis.</strong></span> <span class='ocrx_word' id='word_1_584' title='bbox 2356 1329 2574 1398; x_wconf 86' lang='lat' dir='ltr'><strong>Verum,</strong></span> <span class='ocrx_word' id='word_1_585' title='bbox 2607 1333 2777 1405; x_wconf 91' lang='lat' dir='ltr'><strong>inquit</strong></span> <span class='ocrx_word' id='word_1_586' title='bbox 2800 1335 2889 1391; x_wconf 89' lang='lat' dir='ltr'><strong>ille</strong></span> <span class='ocrx_word' id='word_1_587' title='bbox 2911 1376 2927 1401; x_wconf 87' lang='lat'><strong>,</strong></span> <span class='ocrx_word' id='word_1_588' title='bbox 2950 1353 3056 1393; x_wconf 92' lang='lat' dir='ltr'><strong>non</strong></span> <span class='ocrx_word' id='word_1_589' title='bbox 3085 1354 3145 1394; x_wconf 89' lang='lat' dir='ltr'><strong>ea</strong></span> <span class='ocrx_word' id='word_1_590' title='bbox 3176 1334 3292 1410; x_wconf 84' lang='lat' dir='ltr'><strong>quae</strong></span> <span class='ocrx_word' id='word_1_591' title='bbox 3322 1342 3385 1396; x_wconf 87' lang='lat' dir='ltr'><strong>ad</strong></span> <span class='ocrx_word' id='word_1_592' title='bbox 3408 1359 3489 1399; x_wconf 88' lang='lat' dir='ltr'><strong>me</strong></span> <span class='ocrx_word' id='word_1_593' title='bbox 3508 1358 3711 1414; x_wconf 83' lang='lat' dir='ltr'><strong>spectant</strong></span> 
     </span>
    </p>
   </div>
   <div class='ocr_carea' id='block_1_73' title="bbox 2192 1420 3712 1502">
    <p class='ocr_par' dir='ltr' id='par_1_73' title="bbox 2192 1420 3712 1502">
     <span class='ocr_line' id='line_1_73' title="bbox 2192 1420 3712 1502; baseline 0.014 -29"><span class='ocrx_word' id='word_1_594' title='bbox 2192 1420 2428 1485; x_wconf 89' lang='lat' dir='ltr'><strong>attendo,</strong></span> <span class='ocrx_word' id='word_1_595' title='bbox 2456 1422 2550 1477; x_wconf 91' lang='lat' dir='ltr'><strong>sed</strong></span> <span class='ocrx_word' id='word_1_596' title='bbox 2579 1424 2807 1481; x_wconf 89' lang='lat' dir='ltr'><strong>aliorum</strong></span> <span class='ocrx_word' id='word_1_597' title='bbox 2841 1428 3124 1486; x_wconf 86' lang='lat' dir='ltr'><strong>utilitatem</strong></span> <span class='ocrx_word' id='word_1_598' title='bbox 3166 1447 3362 1502; x_wconf 81' lang='lat' dir='ltr'><strong>qmero.</strong></span> <span class='ocrx_word' id='word_1_599' title='bbox 3396 1434 3515 1490; x_wconf 86' lang='lat' dir='ltr'><strong>Ideo</strong></span> <span class='ocrx_word' id='word_1_600' title='bbox 3539 1437 3597 1495; x_wconf 87' lang='lat' dir='ltr'><strong>de</strong></span> <span class='ocrx_word' id='word_1_601' title='bbox 3622 1443 3712 1495; x_wconf 82' lang='lat' dir='ltr'><strong>suis</strong></span> 
     </span>
    </p>
   </div>
   <div class='ocr_carea' id='block_1_74' title="bbox 2195 1512 3713 1591">
    <p class='ocr_par' dir='ltr' id='par_1_74' title="bbox 2195 1512 3713 1591">
     <span class='ocr_line' id='line_1_74' title="bbox 2195 1512 3713 1591; baseline 0.015 -25"><span class='ocrx_word' id='word_1_602' title='bbox 2195 1512 2358 1569; x_wconf 90' lang='lat' dir='ltr'><strong>rebus</strong></span> <span class='ocrx_word' id='word_1_603' title='bbox 2409 1514 2601 1571; x_wconf 87' lang='lat' dir='ltr'><strong>tiducia</strong></span> <span class='ocrx_word' id='word_1_604' title='bbox 2643 1518 2866 1589; x_wconf 91' lang='lat' dir='ltr'><strong>plenus,</strong></span> <span class='ocrx_word' id='word_1_605' title='bbox 2891 1520 2960 1578; x_wconf 92' lang='lat' dir='ltr'><strong>de</strong></span> <span class='ocrx_word' id='word_1_606' title='bbox 2988 1523 3212 1579; x_wconf 86' lang='lat' dir='ltr'><strong>aliorum</strong></span> <span class='ocrx_word' id='word_1_607' title='bbox 3257 1527 3419 1584; x_wconf 90' lang='lat' dir='ltr'><strong>salute</strong></span> <span class='ocrx_word' id='word_1_608' title='bbox 3453 1531 3713 1591; x_wconf 77' lang='lat' dir='ltr'><strong>sciscitaba-</strong></span> 
     </span>
    </p>
   </div>
   <div class='ocr_carea' id='block_1_75' title="bbox 2196 1605 3215 1683">
    <p class='ocr_par' dir='ltr' id='par_1_75' title="bbox 2196 1605 3215 1683">
     <span class='ocr_line' id='line_1_75' title="bbox 2196 1605 3215 1683; baseline 0.013 -24"><span class='ocrx_word' id='word_1_609' title='bbox 2196 1612 2300 1672; x_wconf 84' lang='lat' dir='ltr'><strong>tur,</strong></span> <span class='ocrx_word' id='word_1_610' title='bbox 2326 1605 2530 1676; x_wconf 88' lang='lat' dir='ltr'><strong>dicens,</strong></span> <span class='ocrx_word' id='word_1_611' title='bbox 2547 1609 2673 1677; x_wconf 84' lang='lat' dir='ltr'><strong>Quis</strong></span> <span class='ocrx_word' id='word_1_612' title='bbox 2696 1621 2857 1683; x_wconf 85' lang='lat' dir='ltr'><strong>potest</strong></span> <span class='ocrx_word' id='word_1_613' title='bbox 2879 1614 3047 1671; x_wconf 76' lang='lat' dir='ltr'><strong>salvus</strong></span> <span class='ocrx_word' id='word_1_614' title='bbox 3065 1632 3171 1671; x_wconf 84' lang='lat' dir='ltr'><strong>esse</strong></span> <span class='ocrx_word' id='word_1_615' title='bbox 3185 1619 3215 1672; x_wconf 72' lang='grc'><strong>1</strong></span> 
     </span>
    </p>
   </div>
   <div class='ocr_carea' id='block_1_76' title="bbox 2266 1697 3713 1773">
    <p class='ocr_par' dir='ltr' id='par_1_76' title="bbox 2266 1697 3713 1773">
     <span class='ocr_line' id='line_1_76' title="bbox 2266 1697 3713 1773; baseline 0.013 -22"><span class='ocrx_word' id='word_1_616' title='bbox 2266 1697 2321 1753; x_wconf 84' lang='grc'><strong>5.</strong></span> <span class='ocrx_word' id='word_1_617' title='bbox 2352 1697 2546 1755; x_wconf 82' lang='lat' dir='ltr'><strong>Paulus</strong></span> <span class='ocrx_word' id='word_1_618' title='bbox 2573 1703 2637 1756; x_wconf 90' lang='lat' dir='ltr'><strong>de</strong></span> <span class='ocrx_word' id='word_1_619' title='bbox 2660 1714 2972 1773; x_wconf 87' lang='lat' dir='ltr'><strong>posterorum</strong></span> <span class='ocrx_word' id='word_1_620' title='bbox 2999 1708 3261 1765; x_wconf 81' lang='lat' dir='ltr'><strong>animabus</strong></span> <span class='ocrx_word' id='word_1_621' title='bbox 3295 1712 3541 1767; x_wconf 84' lang='lat' dir='ltr'><strong>sollicitus.</strong></span> <span class='ocrx_word' id='word_1_622' title='bbox 3561 1745 3622 1754; x_wconf 90' lang='lat'><strong>—</strong></span> <span class='ocrx_word' id='word_1_623' title='bbox 3640 1716 3713 1770; x_wconf 80' lang='lat' dir='ltr'><strong>Vi-</strong></span> 
     </span>
    </p>
   </div>
   <div class='ocr_carea' id='block_1_77' title="bbox 2196 1792 3719 1875">
    <p class='ocr_par' dir='ltr' id='par_1_77' title="bbox 2196 1792 3719 1875">
     <span class='ocr_line' id='line_1_77' title="bbox 2196 1792 3719 1875; baseline 0.01 -26"><span class='ocrx_word' id='word_1_624' title='bbox 2196 1792 2377 1851; x_wconf 87' lang='lat' dir='ltr'><strong>distin’</strong></span> <span class='ocrx_word' id='word_1_625' title='bbox 2405 1797 2766 1866; x_wconf 90' lang='lat' dir='ltr'><strong>apostolorum</strong></span> <span class='ocrx_word' id='word_1_626' title='bbox 2814 1800 3225 1858; x_wconf 90' lang='lat' dir='ltr'><strong>sollicitudinem</strong></span> <span class='ocrx_word' id='word_1_627' title='bbox 3247 1805 3279 1857; x_wconf 62' lang='lat'><strong>?&#39;</strong></span> <span class='ocrx_word' id='word_1_628' title='bbox 3299 1806 3549 1875; x_wconf 88' lang='lat' dir='ltr'><strong>quomodo</strong></span> <span class='ocrx_word' id='word_1_629' title='bbox 3584 1825 3719 1864; x_wconf 83' lang='grc' dir='ltr'>ιιιιιιιιι</span> 
     </span>
    </p>
   </div>
   <div class='ocr_carea' id='block_1_78' title="bbox 2198 1886 3720 1967">
    <p class='ocr_par' dir='ltr' id='par_1_78' title="bbox 2198 1886 3720 1967">
     <span class='ocr_line' id='line_1_78' title="bbox 2198 1886 3720 1967; baseline 0.007 -25"><span class='ocrx_word' id='word_1_630' title='bbox 2198 1886 2306 1942; x_wconf 89' lang='lat' dir='ltr'><strong>sint</strong></span> <span class='ocrx_word' id='word_1_631' title='bbox 2343 1891 2581 1958; x_wconf 73' lang='lat' dir='ltr'><strong>corpus“!</strong></span> <span class='ocrx_word' id='word_1_632' title='bbox 2610 1889 2841 1946; x_wconf 85' lang='lat' dir='ltr'><strong>vidistin‘</strong></span> <span class='ocrx_word' id='word_1_633' title='bbox 2882 1908 2988 1962; x_wconf 93' lang='lat' dir='ltr'><strong>quo</strong></span> <span class='ocrx_word' id='word_1_634' title='bbox 3018 1905 3174 1962; x_wconf 92' lang='lat' dir='ltr'><strong>pacto</strong></span> <span class='ocrx_word' id='word_1_635' title='bbox 3214 1906 3266 1950; x_wconf 90' lang='lat' dir='ltr'><strong>et</strong></span> <span class='ocrx_word' id='word_1_636' title='bbox 3296 1912 3388 1967; x_wconf 89' lang='lat' dir='ltr'><strong>pro</strong></span> <span class='ocrx_word' id='word_1_637' title='bbox 3417 1900 3720 1966; x_wconf 67' lang='lat' dir='ltr'><strong>prasentibus</strong></span> 
     </span>
    </p>
   </div>
   <div class='ocr_carea' id='block_1_79' title="bbox 2198 1979 3721 2056">
    <p class='ocr_par' dir='ltr' id='par_1_79' title="bbox 2198 1979 3721 2056">
     <span class='ocr_line' id='line_1_79' title="bbox 2198 1979 3721 2056; baseline 0.006 -24"><span class='ocrx_word' id='word_1_638' title='bbox 2198 1987 2251 2032; x_wconf 90' lang='lat' dir='ltr'><strong>et</strong></span> <span class='ocrx_word' id='word_1_639' title='bbox 2274 1993 2372 2049; x_wconf 88' lang='lat' dir='ltr'><strong>pro</strong></span> <span class='ocrx_word' id='word_1_640' title='bbox 2396 1979 2585 2035; x_wconf 86' lang='lat' dir='ltr'><strong>futuris</strong></span> <span class='ocrx_word' id='word_1_641' title='bbox 2609 1981 2821 2037; x_wconf 88' lang='lat' dir='ltr'><strong>timeret</strong></span> <span class='ocrx_word' id='word_1_642' title='bbox 2847 1983 3033 2039; x_wconf 88' lang='lat' dir='ltr'><strong>Petrus</strong></span> <span class='ocrx_word' id='word_1_643' title='bbox 3049 1984 3075 2038; x_wconf 77' lang='grc' dir='ltr'><em>ἳ</em></span> <span class='ocrx_word' id='word_1_644' title='bbox 3098 1985 3190 2040; x_wconf 89' lang='lat' dir='ltr'><strong>Sic</strong></span> <span class='ocrx_word' id='word_1_645' title='bbox 3213 1986 3367 2041; x_wconf 84' lang='lat' dir='ltr'><strong>etiam</strong></span> <span class='ocrx_word' id='word_1_646' title='bbox 3394 1988 3586 2042; x_wconf 88' lang='lat' dir='ltr'><strong>Paulus.</strong></span> <span class='ocrx_word' id='word_1_647' title='bbox 3609 1989 3721 2056; x_wconf 63' lang='lat' dir='ltr'><strong>Qua;</strong></span> 
     </span>
    </p>
   </div>
   <div class='ocr_carea' id='block_1_80' title="bbox 2200 2070 3729 2146">
    <p class='ocr_par' dir='ltr' id='par_1_80' title="bbox 2200 2070 3729 2146">
     <span class='ocr_line' id='line_1_80' title="bbox 2200 2070 3729 2146; baseline 0.008 -22"><span class='ocrx_word' id='word_1_648' title='bbox 2200 2078 2418 2140; x_wconf 89' lang='lat' dir='ltr'><strong>propter</strong></span> <span class='ocrx_word' id='word_1_649' title='bbox 2445 2070 2656 2127; x_wconf 89' lang='lat' dir='ltr'><strong>dicebat</strong></span> <span class='ocrx_word' id='word_1_650' title='bbox 2686 2091 2700 2126; x_wconf 89' lang='lat'><strong>:</strong></span> <span class='ocrx_word' id='word_1_651' title='bbox 2739 2072 2965 2142; x_wconf 87' lang='lat' dir='ltr'><strong>Scitote,</strong></span> <span class='ocrx_word' id='word_1_652' title='bbox 3015 2077 3155 2146; x_wconf 88' lang='lat' dir='ltr'><strong>quod</strong></span> <span class='ocrx_word' id='word_1_653' title='bbox 3192 2078 3244 2132; x_wconf 92' lang='lat' dir='ltr'><strong>in</strong></span> <span class='ocrx_word' id='word_1_654' title='bbox 3284 2079 3545 2133; x_wconf 79' lang='lat' dir='ltr'><strong>novissimis</strong></span> <span class='ocrx_word' id='word_1_655' title='bbox 3582 2079 3729 2136; x_wconf 76' lang='lat' dir='ltr'><strong>diebus</strong></span> 
     </span>
    </p>
   </div>
   <div class='ocr_carea' id='block_1_81' title="bbox 2200 2167 3725 2242">
    <p class='ocr_par' dir='ltr' id='par_1_81' title="bbox 2200 2167 3725 2242">
     <span class='ocr_line' id='line_1_81' title="bbox 2200 2167 3725 2242; baseline 0.007 -25"><span class='ocrx_word' id='word_1_656' title='bbox 2200 2171 2344 2218; x_wconf 74' lang='lat' dir='ltr'><strong>erunt</strong></span> <span class='ocrx_word' id='word_1_657' title='bbox 2383 2172 2608 2236; x_wconf 88' lang='lat' dir='ltr'><strong>tentpora</strong></span> <span class='ocrx_word' id='word_1_658' title='bbox 2636 2167 2810 2238; x_wconf 74' lang='lat' dir='ltr'><strong>gravia</strong></span> <span class='ocrx_word' id='word_1_659' title='bbox 2836 2167 2927 2238; x_wconf 68' lang='lat'><strong>(2.</strong></span> <span class='ocrx_word' id='word_1_660' title='bbox 2949 2167 3084 2223; x_wconf 88' lang='lat' dir='ltr'><strong>Tim.</strong></span> <span class='ocrx_word' id='word_1_661' title='bbox 3109 2171 3162 2227; x_wconf 80' lang='lat'><strong>3.</strong></span> <span class='ocrx_word' id='word_1_662' title='bbox 3198 2172 3218 2226; x_wconf 82' lang='grc'><strong>1</strong></span> <span class='ocrx_word' id='word_1_663' title='bbox 3241 2172 3287 2241; x_wconf 81' lang='grc'><strong>).</strong></span> <span class='ocrx_word' id='word_1_664' title='bbox 3324 2171 3539 2242; x_wconf 89' lang='lat' dir='ltr'><strong>ldipsum</strong></span> <span class='ocrx_word' id='word_1_665' title='bbox 3565 2173 3657 2242; x_wconf 86' lang='lat' dir='ltr'><strong>agit</strong></span> <span class='ocrx_word' id='word_1_666' title='bbox 3683 2182 3725 2227; x_wconf 83' lang='lat' dir='ltr'><strong>et</strong></span> 
     </span>
    </p>
   </div>
   <div class='ocr_carea' id='block_1_82' title="bbox 2199 2253 3726 2326">
    <p class='ocr_par' dir='ltr' id='par_1_82' title="bbox 2199 2253 3726 2326">
     <span class='ocr_line' id='line_1_82' title="bbox 2199 2253 3726 2326; baseline 0.007 -19"><span class='ocrx_word' id='word_1_667' title='bbox 2199 2253 2347 2309; x_wconf 86' lang='lat' dir='ltr'><strong>alibi.</strong></span> <span class='ocrx_word' id='word_1_668' title='bbox 2375 2257 2601 2323; x_wconf 83' lang='lat' dir='ltr'><strong>Quando</strong></span> <span class='ocrx_word' id='word_1_669' title='bbox 2629 2259 2773 2315; x_wconf 90' lang='lat' dir='ltr'><strong>enim</strong></span> <span class='ocrx_word' id='word_1_670' title='bbox 2804 2275 2872 2315; x_wconf 91' lang='lat' dir='ltr'><strong>ex</strong></span> <span class='ocrx_word' id='word_1_671' title='bbox 2901 2261 3025 2316; x_wconf 83' lang='lat' dir='ltr'><strong>Asia</strong></span> <span class='ocrx_word' id='word_1_672' title='bbox 3052 2261 3383 2318; x_wconf 86' lang='lat' dir='ltr'><strong>discessurus</strong></span> <span class='ocrx_word' id='word_1_673' title='bbox 3405 2277 3527 2326; x_wconf 84' lang='lat' dir='ltr'><strong>erat,</strong></span> <span class='ocrx_word' id='word_1_674' title='bbox 3556 2272 3603 2317; x_wconf 90' lang='lat' dir='ltr'><strong>et</strong></span> <span class='ocrx_word' id='word_1_675' title='bbox 3640 2263 3726 2316; x_wconf 78' lang='lat' dir='ltr'><strong>llo-</strong></span> 
     </span>
    </p>
   </div>
   <div class='ocr_carea' id='block_1_83' title="bbox 2201 2346 3724 2422">
    <p class='ocr_par' dir='ltr' id='par_1_83' title="bbox 2201 2346 3724 2422">
     <span class='ocr_line' id='line_1_83' title="bbox 2201 2346 3724 2422; baseline 0.003 -22"><span class='ocrx_word' id='word_1_676' title='bbox 2201 2361 2342 2400; x_wconf 90' lang='lat' dir='ltr'><strong>mam</strong></span> <span class='ocrx_word' id='word_1_677' title='bbox 2370 2346 2755 2418; x_wconf 70' lang='lat' dir='ltr'><strong>deponendus,</strong></span> <span class='ocrx_word' id='word_1_678' title='bbox 2786 2350 3017 2422; x_wconf 89' lang='lat' dir='ltr'><strong>indeque</strong></span> <span class='ocrx_word' id='word_1_679' title='bbox 3044 2352 3098 2407; x_wconf 92' lang='lat' dir='ltr'><strong>in</strong></span> <span class='ocrx_word' id='word_1_680' title='bbox 3123 2355 3320 2410; x_wconf 66' lang='lat' dir='ltr'><strong>caelum</strong></span> <span class='ocrx_word' id='word_1_681' title='bbox 3349 2353 3724 2408; x_wconf 78' lang='lat' dir='ltr'><strong>transferendus:</strong></span> 
     </span>
    </p>
   </div>
   <div class='ocr_carea' id='block_1_84' title="bbox 2202 2438 3729 2508">
    <p class='ocr_par' dir='ltr' id='par_1_84' title="bbox 2202 2438 3729 2508">
     <span class='ocr_line' id='line_1_84' title="bbox 2202 2438 3729 2508; baseline 0.001 -18"><span class='ocrx_word' id='word_1_682' title='bbox 2202 2451 2349 2492; x_wconf 88' lang='lat' dir='ltr'><strong>mors</strong></span> <span class='ocrx_word' id='word_1_683' title='bbox 2378 2438 2573 2508; x_wconf 90' lang='lat' dir='ltr'><strong>quippe</strong></span> <span class='ocrx_word' id='word_1_684' title='bbox 2601 2450 2906 2495; x_wconf 90' lang='lat' dir='ltr'><strong>sanctorum</strong></span> <span class='ocrx_word' id='word_1_685' title='bbox 2936 2457 3080 2498; x_wconf 92' lang='lat' dir='ltr'><strong>mors</strong></span> <span class='ocrx_word' id='word_1_686' title='bbox 3103 2460 3213 2498; x_wconf 91' lang='lat' dir='ltr'><strong>non</strong></span> <span class='ocrx_word' id='word_1_687' title='bbox 3239 2454 3352 2508; x_wconf 84' lang='lat' dir='ltr'><strong>est,</strong></span> <span class='ocrx_word' id='word_1_688' title='bbox 3382 2442 3469 2499; x_wconf 89' lang='lat' dir='ltr'><strong>sed</strong></span> <span class='ocrx_word' id='word_1_689' title='bbox 3496 2443 3729 2497; x_wconf 77' lang='lat' dir='ltr'><strong>translatio</strong></span> 
     </span>
    </p>
   </div>
   <div class='ocr_carea' id='block_1_85' title="bbox 2202 2528 3730 2596">
    <p class='ocr_par' dir='ltr' id='par_1_85' title="bbox 2202 2528 3730 2596">
     <span class='ocr_line' id='line_1_85' title="bbox 2202 2528 3730 2596; baseline 0.003 -15"><span class='ocrx_word' id='word_1_690' title='bbox 2202 2542 2232 2581; x_wconf 92' lang='lat' dir='ltr'><strong>a</strong></span> <span class='ocrx_word' id='word_1_691' title='bbox 2264 2538 2403 2583; x_wconf 88' lang='lat' dir='ltr'><strong>terra</strong></span> <span class='ocrx_word' id='word_1_692' title='bbox 2431 2528 2482 2582; x_wconf 93' lang='lat' dir='ltr'><strong>in</strong></span> <span class='ocrx_word' id='word_1_693' title='bbox 2513 2530 2700 2585; x_wconf 75' lang='lat' dir='ltr'><strong>etelum</strong></span> <span class='ocrx_word' id='word_1_694' title='bbox 2725 2572 2740 2596; x_wconf 90' lang='lat'><strong>,</strong></span> <span class='ocrx_word' id='word_1_695' title='bbox 2775 2546 2805 2585; x_wconf 90' lang='lat' dir='ltr'><strong>a</strong></span> <span class='ocrx_word' id='word_1_696' title='bbox 2834 2531 3196 2589; x_wconf 87' lang='lat' dir='ltr'><strong>deterioribus</strong></span> <span class='ocrx_word' id='word_1_697' title='bbox 3222 2533 3293 2589; x_wconf 79' lang='lat' dir='ltr'><strong>ad</strong></span> <span class='ocrx_word' id='word_1_698' title='bbox 3315 2534 3549 2596; x_wconf 85' lang='lat' dir='ltr'><strong>meliora,</strong></span> <span class='ocrx_word' id='word_1_699' title='bbox 3576 2548 3603 2586; x_wconf 93' lang='lat' dir='ltr'><strong>a</strong></span> <span class='ocrx_word' id='word_1_700' title='bbox 3625 2547 3730 2586; x_wconf 86' lang='lat' dir='ltr'><strong>cou-</strong></span> 
     </span>
    </p>
   </div>
   <div class='ocr_carea' id='block_1_86' title="bbox 2202 2622 3734 2695">
    <p class='ocr_par' dir='ltr' id='par_1_86' title="bbox 2202 2622 3734 2695">
     <span class='ocr_line' id='line_1_86' title="bbox 2202 2622 3734 2695; baseline 0.003 -20"><span class='ocrx_word' id='word_1_701' title='bbox 2202 2623 2371 2677; x_wconf 87' lang='lat' dir='ltr'><strong>servis</strong></span> <span class='ocrx_word' id='word_1_702' title='bbox 2397 2622 2463 2677; x_wconf 90' lang='lat' dir='ltr'><strong>ad</strong></span> <span class='ocrx_word' id='word_1_703' title='bbox 2494 2623 2807 2690; x_wconf 89' lang='lat' dir='ltr'><strong>Dominum,</strong></span> <span class='ocrx_word' id='word_1_704' title='bbox 2845 2625 2913 2679; x_wconf 90' lang='lat' dir='ltr'><strong>ab</strong></span> <span class='ocrx_word' id='word_1_705' title='bbox 2942 2625 3249 2683; x_wconf 87' lang='lat' dir='ltr'><strong>hominibus</strong></span> <span class='ocrx_word' id='word_1_706' title='bbox 3277 2627 3341 2682; x_wconf 88' lang='lat' dir='ltr'><strong>ad</strong></span> <span class='ocrx_word' id='word_1_707' title='bbox 3378 2626 3577 2695; x_wconf 82' lang='lat' dir='ltr'><strong>angelos</strong></span> <span class='ocrx_word' id='word_1_708' title='bbox 3602 2644 3613 2678; x_wconf 87' lang='lat'><strong>:</strong></span> <span class='ocrx_word' id='word_1_709' title='bbox 3636 2626 3734 2693; x_wconf 83' lang='lat' dir='ltr'><strong>quia</strong></span> 
     </span>
    </p>
   </div>
   <div class='ocr_carea' id='block_1_87' title="bbox 2207 2711 3731 2783">
    <p class='ocr_par' dir='ltr' id='par_1_87' title="bbox 2207 2711 3731 2783">
     <span class='ocr_line' id='line_1_87' title="bbox 2207 2711 3731 2783; baseline 0.001 -18"><span class='ocrx_word' id='word_1_710' title='bbox 2207 2711 2366 2783; x_wconf 89' lang='lat' dir='ltr'><strong>igitur</strong></span> <span class='ocrx_word' id='word_1_711' title='bbox 2390 2711 2630 2769; x_wconf 88' lang='lat' dir='ltr'><strong>abiturus</strong></span> <span class='ocrx_word' id='word_1_712' title='bbox 2653 2726 2772 2770; x_wconf 90' lang='lat' dir='ltr'><strong>erat</strong></span> <span class='ocrx_word' id='word_1_713' title='bbox 2795 2715 2860 2770; x_wconf 92' lang='lat' dir='ltr'><strong>ad</strong></span> <span class='ocrx_word' id='word_1_714' title='bbox 2886 2717 3122 2772; x_wconf 92' lang='lat' dir='ltr'><strong>omnium</strong></span> <span class='ocrx_word' id='word_1_715' title='bbox 3151 2718 3428 2773; x_wconf 89' lang='lat' dir='ltr'><strong>Dominum</strong></span> <span class='ocrx_word' id='word_1_716' title='bbox 3452 2717 3620 2778; x_wconf 89' lang='lat' dir='ltr'><strong>Deum.</strong></span> <span class='ocrx_word' id='word_1_717' title='bbox 3643 2730 3731 2769; x_wconf 88' lang='lat' dir='ltr'><strong>om-</strong></span> 
     </span>
    </p>
   </div>
   <div class='ocr_carea' id='block_1_88' title="bbox 2205 2804 3733 2879">
    <p class='ocr_par' dir='ltr' id='par_1_88' title="bbox 2205 2804 3733 2879">
     <span class='ocr_line' id='line_1_88' title="bbox 2205 2804 3733 2879; baseline 0.001 -22"><span class='ocrx_word' id='word_1_718' title='bbox 2205 2804 2288 2857; x_wconf 87' lang='lat' dir='ltr'><strong>nia</strong></span> <span class='ocrx_word' id='word_1_719' title='bbox 2316 2819 2435 2875; x_wconf 79' lang='lat' dir='ltr'><strong>qua:</strong></span> <span class='ocrx_word' id='word_1_720' title='bbox 2459 2804 2523 2858; x_wconf 85' lang='lat' dir='ltr'><strong>ad</strong></span> <span class='ocrx_word' id='word_1_721' title='bbox 2550 2805 2723 2876; x_wconf 91' lang='lat' dir='ltr'><strong>ipsum</strong></span> <span class='ocrx_word' id='word_1_722' title='bbox 2759 2809 3093 2876; x_wconf 88' lang='lat' dir='ltr'><strong>pertinebant</strong></span> <span class='ocrx_word' id='word_1_723' title='bbox 3128 2809 3296 2879; x_wconf 89' lang='lat' dir='ltr'><strong>probe</strong></span> <span class='ocrx_word' id='word_1_724' title='bbox 3318 2808 3633 2878; x_wconf 71' lang='lat' dir='ltr'><strong>dispensavit.</strong></span> <span class='ocrx_word' id='word_1_725' title='bbox 3660 2805 3733 2858; x_wconf 79' lang='lat' dir='ltr'><strong>Et-</strong></span> 
     </span>
    </p>
   </div>
   <div class='ocr_carea' id='block_1_89' title="bbox 2205 2896 3734 2971">
    <p class='ocr_par' dir='ltr' id='par_1_89' title="bbox 2205 2896 3734 2971">
     <span class='ocr_line' id='line_1_89' title="bbox 2205 2896 3734 2971; baseline -0.002 -20"><span class='ocrx_word' id='word_1_726' title='bbox 2205 2896 2351 2951; x_wconf 88' lang='lat' dir='ltr'><strong>enim</strong></span> <span class='ocrx_word' id='word_1_727' title='bbox 2377 2907 2577 2964; x_wconf 83' lang='lat' dir='ltr'><strong>quanto</strong></span> <span class='ocrx_word' id='word_1_728' title='bbox 2613 2907 2854 2968; x_wconf 88' lang='lat' dir='ltr'><strong>tempore</strong></span> <span class='ocrx_word' id='word_1_729' title='bbox 2880 2914 2999 2955; x_wconf 90' lang='lat' dir='ltr'><strong>cum</strong></span> <span class='ocrx_word' id='word_1_730' title='bbox 3028 2900 3307 2971; x_wconf 85' lang='lat' dir='ltr'><strong>discipulis</strong></span> <span class='ocrx_word' id='word_1_731' title='bbox 3337 2902 3460 2966; x_wconf 87' lang='lat' dir='ltr'><strong>fuit,</strong></span> <span class='ocrx_word' id='word_1_732' title='bbox 3489 2915 3595 2954; x_wconf 89' lang='lat' dir='ltr'><strong>cum</strong></span> <span class='ocrx_word' id='word_1_733' title='bbox 3619 2896 3734 2952; x_wconf 87' lang='lat' dir='ltr'><strong>omni</strong></span> 
     </span>
    </p>
   </div>
   <div class='ocr_carea' id='block_1_90' title="bbox 2206 2986 3735 3062">
    <p class='ocr_par' dir='ltr' id='par_1_90' title="bbox 2206 2986 3735 3062">
     <span class='ocr_line' id='line_1_90' title="bbox 2206 2986 3735 3062; baseline -0.003 -20"><span class='ocrx_word' id='word_1_734' title='bbox 2206 2986 2478 3058; x_wconf 88' lang='lat' dir='ltr'><strong>diligentia</strong></span> <span class='ocrx_word' id='word_1_735' title='bbox 2508 2988 2807 3045; x_wconf 86' lang='lat' dir='ltr'><strong>doctrinam</strong></span> <span class='ocrx_word' id='word_1_736' title='bbox 2839 2990 2967 3061; x_wconf 91' lang='lat' dir='ltr'><strong>ipsis</strong></span> <span class='ocrx_word' id='word_1_737' title='bbox 2996 2992 3308 3062; x_wconf 83' lang='lat' dir='ltr'><strong>impertivit.</strong></span> <span class='ocrx_word' id='word_1_738' title='bbox 3339 3009 3400 3047; x_wconf 86' lang='lat' dir='ltr'><strong>ac</strong></span> <span class='ocrx_word' id='word_1_739' title='bbox 3422 2990 3545 3046; x_wconf 90' lang='lat' dir='ltr'><strong>dixit</strong></span> <span class='ocrx_word' id='word_1_740' title='bbox 3577 2987 3735 3043; x_wconf 76' lang='lat' dir='ltr'><strong>:Mun-</strong></span> 
     </span>
    </p>
   </div>
   <div class='ocr_carea' id='block_1_91' title="bbox 2205 3080 3739 3155">
    <p class='ocr_par' dir='ltr' id='par_1_91' title="bbox 2205 3080 3739 3155">
     <span class='ocr_line' id='line_1_91' title="bbox 2205 3080 3739 3155; baseline -0.002 -20"><span class='ocrx_word' id='word_1_741' title='bbox 2205 3080 2302 3136; x_wconf 86' lang='lat' dir='ltr'><strong>dus</strong></span> <span class='ocrx_word' id='word_1_742' title='bbox 2329 3098 2443 3136; x_wconf 90' lang='lat' dir='ltr'><strong>sum</strong></span> <span class='ocrx_word' id='word_1_743' title='bbox 2470 3098 2502 3134; x_wconf 92' lang='lat' dir='ltr'><strong>a</strong></span> <span class='ocrx_word' id='word_1_744' title='bbox 2530 3082 2775 3153; x_wconf 80' lang='lat' dir='ltr'><strong>sanguine</strong></span> <span class='ocrx_word' id='word_1_745' title='bbox 2816 3085 3039 3138; x_wconf 88' lang='lat' dir='ltr'><strong>omnium</strong></span> <span class='ocrx_word' id='word_1_746' title='bbox 3070 3084 3090 3155; x_wconf 93' lang='lat'><strong>(</strong></span> <span class='ocrx_word' id='word_1_747' title='bbox 3105 3085 3224 3141; x_wconf 75' lang='lat' dir='ltr'><strong>Act.</strong></span> <span class='ocrx_word' id='word_1_748' title='bbox 3254 3086 3343 3141; x_wconf 77' lang='lat'><strong>20.</strong></span> <span class='ocrx_word' id='word_1_749' title='bbox 3367 3084 3501 3155; x_wconf 73' lang='lat'><strong>26);</strong></span> <span class='ocrx_word' id='word_1_750' title='bbox 3540 3081 3739 3149; x_wconf 83' lang='lat' dir='ltr'><strong>nihilque</strong></span> 
     </span>
    </p>
   </div>
   <div class='ocr_carea' id='block_1_92' title="bbox 2211 3171 3736 3247">
    <p class='ocr_par' dir='ltr' id='par_1_92' title="bbox 2211 3171 3736 3247">
     <span class='ocr_line' id='line_1_92' title="bbox 2211 3171 3736 3247; baseline -0.004 -18"><span class='ocrx_word' id='word_1_751' title='bbox 2211 3176 2521 3244; x_wconf 60' lang='lat' dir='ltr'><strong>praetermisi</strong></span> <span class='ocrx_word' id='word_1_752' title='bbox 2543 3217 2558 3241; x_wconf 93' lang='lat'><strong>,</strong></span> <span class='ocrx_word' id='word_1_753' title='bbox 2587 3176 2775 3246; x_wconf 83' lang='lat' dir='ltr'><strong>inquit.</strong></span> <span class='ocrx_word' id='word_1_754' title='bbox 2815 3191 2999 3232; x_wconf 90' lang='lat' dir='ltr'><strong>eorum</strong></span> <span class='ocrx_word' id='word_1_755' title='bbox 3037 3194 3158 3247; x_wconf 73' lang='lat' dir='ltr'><strong>qua:</strong></span> <span class='ocrx_word' id='word_1_756' title='bbox 3196 3178 3263 3233; x_wconf 91' lang='lat' dir='ltr'><strong>ad</strong></span> <span class='ocrx_word' id='word_1_757' title='bbox 3300 3178 3513 3233; x_wconf 87' lang='lat' dir='ltr'><strong>salutem</strong></span> <span class='ocrx_word' id='word_1_758' title='bbox 3548 3171 3736 3228; x_wconf 83' lang='lat' dir='ltr'><strong>admini-</strong></span> 
     </span>
    </p>
   </div>
   <div class='ocr_carea' id='block_1_93' title="bbox 2209 3265 3741 3340">
    <p class='ocr_par' dir='ltr' id='par_1_93' title="bbox 2209 3265 3741 3340">
     <span class='ocr_line' id='line_1_93' title="bbox 2209 3265 3741 3340; baseline -0.003 -19"><span class='ocrx_word' id='word_1_759' title='bbox 2209 3266 2426 3322; x_wconf 91' lang='lat' dir='ltr'><strong>stranda</strong></span> <span class='ocrx_word' id='word_1_760' title='bbox 2466 3277 2638 3322; x_wconf 89' lang='lat' dir='ltr'><strong>erant.</strong></span> <span class='ocrx_word' id='word_1_761' title='bbox 2686 3267 2822 3336; x_wconf 89' lang='lat' dir='ltr'><strong>Quid</strong></span> <span class='ocrx_word' id='word_1_762' title='bbox 2867 3268 3068 3339; x_wconf 80' lang='lat' dir='ltr'><strong>igitur?</strong></span> <span class='ocrx_word' id='word_1_763' title='bbox 3116 3280 3395 3340; x_wconf 89' lang='lat' dir='ltr'><strong>postquam</strong></span> <span class='ocrx_word' id='word_1_764' title='bbox 3436 3282 3523 3321; x_wconf 88' lang='lat' dir='ltr'><strong>sua</strong></span> <span class='ocrx_word' id='word_1_765' title='bbox 3566 3265 3612 3319; x_wconf 92' lang='lat' dir='ltr'><strong>in</strong></span> <span class='ocrx_word' id='word_1_766' title='bbox 3651 3271 3741 3316; x_wconf 88' lang='lat' dir='ltr'><strong>tuto</strong></span> 
     </span>
    </p>
   </div>
   <div class='ocr_carea' id='block_1_94' title="bbox 2211 3360 3739 3429">
    <p class='ocr_par' dir='ltr' id='par_1_94' title="bbox 2211 3360 3739 3429">
     <span class='ocr_line' id='line_1_94' title="bbox 2211 3360 3739 3429; baseline 0.002 -14"><span class='ocrx_word' id='word_1_767' title='bbox 2211 3360 2597 3424; x_wconf 89' lang='lat' dir='ltr'><strong>collocaverat,</strong></span> <span class='ocrx_word' id='word_1_768' title='bbox 2642 3376 2763 3416; x_wconf 92' lang='lat' dir='ltr'><strong>cum</strong></span> <span class='ocrx_word' id='word_1_769' title='bbox 2807 3363 3043 3419; x_wconf 91' lang='lat' dir='ltr'><strong>accusari</strong></span> <span class='ocrx_word' id='word_1_770' title='bbox 3089 3379 3122 3418; x_wconf 88' lang='lat' dir='ltr'><strong>a</strong></span> <span class='ocrx_word' id='word_1_771' title='bbox 3164 3364 3393 3420; x_wconf 89' lang='lat' dir='ltr'><strong>Domino</strong></span> <span class='ocrx_word' id='word_1_772' title='bbox 3435 3377 3532 3416; x_wconf 93' lang='lat' dir='ltr'><strong>non</strong></span> <span class='ocrx_word' id='word_1_773' title='bbox 3575 3364 3739 3429; x_wconf 65' lang='lat' dir='ltr'><strong>posset.</strong></span> 
     </span>
    </p>
   </div>
   <div class='ocr_carea' id='block_1_95' title="bbox 2210 3451 3742 3527">
    <p class='ocr_par' dir='ltr' id='par_1_95' title="bbox 2210 3451 3742 3527">
     <span class='ocr_line' id='line_1_95' title="bbox 2210 3451 3742 3527; baseline -0.003 -20"><span class='ocrx_word' id='word_1_774' title='bbox 2210 3451 2349 3507; x_wconf 88' lang='lat' dir='ltr'><strong>circa</strong></span> <span class='ocrx_word' id='word_1_775' title='bbox 2394 3466 2454 3506; x_wconf 87' lang='lat' dir='ltr'><strong>ea</strong></span> <span class='ocrx_word' id='word_1_776' title='bbox 2497 3467 2615 3521; x_wconf 71' lang='lat' dir='ltr'><strong>qua:</strong></span> <span class='ocrx_word' id='word_1_777' title='bbox 2657 3453 2723 3507; x_wconf 90' lang='lat' dir='ltr'><strong>ad</strong></span> <span class='ocrx_word' id='word_1_778' title='bbox 2768 3453 2888 3508; x_wconf 70' lang='lat' dir='ltr'><strong>vitze</strong></span> <span class='ocrx_word' id='word_1_779' title='bbox 2916 3467 3025 3508; x_wconf 73' lang='lat' dir='ltr'><strong>sua:</strong></span> <span class='ocrx_word' id='word_1_780' title='bbox 3070 3463 3283 3527; x_wconf 87' lang='lat' dir='ltr'><strong>tempus</strong></span> <span class='ocrx_word' id='word_1_781' title='bbox 3326 3451 3742 3526; x_wconf 79' lang='lat' dir='ltr'><strong>pertinebant,nn</strong></span> 
     </span>
    </p>
   </div>
   <div class='ocr_carea' id='block_1_96' title="bbox 2215 3534 3744 3617">
    <p class='ocr_par' dir='ltr' id='par_1_96' title="bbox 2215 3534 3744 3617">
     <span class='ocr_line' id='line_1_96' title="bbox 2215 3534 3744 3617; baseline -0.004 -21"><span class='ocrx_word' id='word_1_782' title='bbox 2215 3542 2449 3612; x_wconf 88' lang='lat' dir='ltr'><strong>neglexit</strong></span> <span class='ocrx_word' id='word_1_783' title='bbox 2470 3542 2682 3598; x_wconf 90' lang='lat' dir='ltr'><strong>animas</strong></span> <span class='ocrx_word' id='word_1_784' title='bbox 2710 3552 2826 3612; x_wconf 88' lang='lat' dir='ltr'><strong>post</strong></span> <span class='ocrx_word' id='word_1_785' title='bbox 2854 3543 3093 3599; x_wconf 85' lang='lat' dir='ltr'><strong>futuras?</strong></span> <span class='ocrx_word' id='word_1_786' title='bbox 3120 3543 3466 3617; x_wconf 82' lang='lat' dir='ltr'><strong>Nequaquam</strong></span> <span class='ocrx_word' id='word_1_787' title='bbox 3489 3560 3503 3597; x_wconf 92' lang='lat'>:</span> <span class='ocrx_word' id='word_1_788' title='bbox 3523 3539 3607 3596; x_wconf 89' lang='lat' dir='ltr'><strong>sed</strong></span> <span class='ocrx_word' id='word_1_789' title='bbox 3625 3534 3744 3607; x_wconf 84' lang='lat' dir='ltr'><strong>quasi</strong></span> 
     </span>
    </p>
   </div>
   <div class='ocr_carea' id='block_1_97' title="bbox 2214 3623 3748 3701">
    <p class='ocr_par' dir='ltr' id='par_1_97' title="bbox 2214 3623 3748 3701">
     <span class='ocr_line' id='line_1_97' title="bbox 2214 3623 3748 3701; baseline -0.007 -14"><span class='ocrx_word' id='word_1_790' title='bbox 2214 3630 2281 3687; x_wconf 90' lang='lat' dir='ltr'><strong>de</strong></span> <span class='ocrx_word' id='word_1_791' title='bbox 2312 3632 2417 3687; x_wconf 87' lang='lat' dir='ltr'><strong>illis</strong></span> <span class='ocrx_word' id='word_1_792' title='bbox 2442 3633 2601 3687; x_wconf 90' lang='lat' dir='ltr'><strong>etiam</strong></span> <span class='ocrx_word' id='word_1_793' title='bbox 2629 3634 2892 3690; x_wconf 90' lang='lat' dir='ltr'><strong>rationem</strong></span> <span class='ocrx_word' id='word_1_794' title='bbox 2920 3633 3172 3701; x_wconf 88' lang='lat' dir='ltr'><strong>daturus,</strong></span> <span class='ocrx_word' id='word_1_795' title='bbox 3198 3651 3287 3692; x_wconf 69' lang='lat' dir='ltr'><strong>suc</strong></span> <span class='ocrx_word' id='word_1_796' title='bbox 3317 3644 3372 3692; x_wconf 89' lang='lat' dir='ltr'><strong>et</strong></span> <span class='ocrx_word' id='word_1_797' title='bbox 3400 3633 3483 3688; x_wconf 80' lang='lat' dir='ltr'><strong>illa</strong></span> <span class='ocrx_word' id='word_1_798' title='bbox 3503 3645 3615 3687; x_wconf 90' lang='lat' dir='ltr'><strong>cum</strong></span> <span class='ocrx_word' id='word_1_799' title='bbox 3633 3623 3748 3682; x_wconf 89' lang='lat' dir='ltr'><strong>omni</strong></span> 
     </span>
    </p>
   </div>
   <div class='ocr_carea' id='block_1_98' title="bbox 2214 3724 3750 3799">
    <p class='ocr_par' dir='ltr' id='par_1_98' title="bbox 2214 3724 3750 3799">
     <span class='ocr_line' id='line_1_98' title="bbox 2214 3724 3750 3799; baseline -0.002 -21"><span class='ocrx_word' id='word_1_800' title='bbox 2214 3725 2552 3781; x_wconf 88' lang='lat' dir='ltr'><strong>accuratione</strong></span> <span class='ocrx_word' id='word_1_801' title='bbox 2576 3724 2713 3781; x_wconf 84' lang='lat' dir='ltr'><strong>dixit</strong></span> <span class='ocrx_word' id='word_1_802' title='bbox 2734 3726 2833 3793; x_wconf 87' lang='lat' dir='ltr'><strong>eis,</strong></span> <span class='ocrx_word' id='word_1_803' title='bbox 2861 3735 2917 3783; x_wconf 93' lang='lat' dir='ltr'><strong>et</strong></span> <span class='ocrx_word' id='word_1_804' title='bbox 2944 3726 3080 3792; x_wconf 61' lang='lat' dir='ltr'><strong>huic.</strong></span> <span class='ocrx_word' id='word_1_805' title='bbox 3107 3744 3237 3797; x_wconf 66' lang='lat' dir='ltr'><strong>qua:</strong></span> <span class='ocrx_word' id='word_1_806' title='bbox 3261 3743 3369 3799; x_wconf 58' lang='lat' dir='ltr'><strong>iam</strong></span> <span class='ocrx_word' id='word_1_807' title='bbox 3399 3727 3635 3795; x_wconf 87' lang='lat' dir='ltr'><strong>legemus,</strong></span> <span class='ocrx_word' id='word_1_808' title='bbox 3656 3731 3750 3773; x_wconf 72' lang='lat' dir='ltr'><strong>tet-</strong></span> 
     </span>
    </p>
   </div>
   <div class='ocr_carea' id='block_1_99' title="bbox 2214 3810 3747 3888">
    <p class='ocr_par' dir='ltr' id='par_1_99' title="bbox 2214 3810 3747 3888">
     <span class='ocr_line' id='line_1_99' title="bbox 2214 3810 3747 3888; baseline -0.005 -17"><span class='ocrx_word' id='word_1_809' title='bbox 2214 3815 2279 3871; x_wconf 88' lang='lat' dir='ltr'><strong>ba</strong></span> <span class='ocrx_word' id='word_1_810' title='bbox 2307 3814 2616 3882; x_wconf 80' lang='lat' dir='ltr'><strong>:Attendite,</strong></span> <span class='ocrx_word' id='word_1_811' title='bbox 2645 3816 2835 3887; x_wconf 90' lang='lat' dir='ltr'><strong>inquit,</strong></span> <span class='ocrx_word' id='word_1_812' title='bbox 2864 3816 3000 3873; x_wconf 82' lang='lat' dir='ltr'><strong>vobis</strong></span> <span class='ocrx_word' id='word_1_813' title='bbox 3026 3819 3147 3888; x_wconf 81' lang='lat' dir='ltr'><strong>ipsis</strong></span> <span class='ocrx_word' id='word_1_814' title='bbox 3165 3830 3223 3874; x_wconf 74' lang='lat' dir='ltr'><strong>et</strong></span> <span class='ocrx_word' id='word_1_815' title='bbox 3246 3821 3475 3874; x_wconf 77' lang='lat' dir='ltr'><strong>universo</strong></span> <span class='ocrx_word' id='word_1_816' title='bbox 3489 3814 3617 3884; x_wconf 82' lang='lat' dir='ltr'><strong>gregi</strong></span> <span class='ocrx_word' id='word_1_817' title='bbox 3637 3810 3747 3877; x_wconf 68' lang='lat' dir='ltr'><strong>(Atl-</strong></span> 
     </span>
    </p>
   </div>
   <div class='ocr_carea' id='block_1_100' title="bbox 2214 3899 3750 3979">
    <p class='ocr_par' dir='ltr' id='par_1_100' title="bbox 2214 3899 3750 3979">
     <span class='ocr_line' id='line_1_100' title="bbox 2214 3899 3750 3979; baseline -0.005 -20"><span class='ocrx_word' id='word_1_818' title='bbox 2214 3903 2305 3960; x_wconf 70' lang='lat'><strong>20.</strong></span> <span class='ocrx_word' id='word_1_819' title='bbox 2332 3905 2406 3961; x_wconf 78' lang='grc'><strong>28</strong></span> <span class='ocrx_word' id='word_1_820' title='bbox 2492 3905 2738 3964; x_wconf 83' lang='lat' dir='ltr'><strong>Vidistin‘</strong></span> <span class='ocrx_word' id='word_1_821' title='bbox 2776 3918 3029 3977; x_wconf 86' lang='lat' dir='ltr'><strong>quantum</strong></span> <span class='ocrx_word' id='word_1_822' title='bbox 3070 3909 3295 3967; x_wconf 86' lang='lat' dir='ltr'><strong>illorum</strong></span> <span class='ocrx_word' id='word_1_823' title='bbox 3322 3907 3470 3965; x_wconf 89' lang='lat' dir='ltr'><strong>sollic</strong></span> <span class='ocrx_word' id='word_1_824' title='bbox 3493 3902 3653 3959; x_wconf 90' lang='lat' dir='ltr'><strong>tudine</strong></span> <span class='ocrx_word' id='word_1_825' title='bbox 3673 3899 3750 3953; x_wconf 86' lang='lat' dir='ltr'><strong>dc-</strong></span> 
     </span>
    </p>
   </div>
   <div class='ocr_carea' id='block_1_101' title="bbox 2219 3998 3751 4071">
    <p class='ocr_par' dir='ltr' id='par_1_101' title="bbox 2219 3998 3751 4071">
     <span class='ocr_line' id='line_1_101' title="bbox 2219 3998 3751 4071; baseline -0.004 -19"><span class='ocrx_word' id='word_1_826' title='bbox 2219 3999 2426 4054; x_wconf 85' lang='lat' dir='ltr'><strong>vinctns</strong></span> <span class='ocrx_word' id='word_1_827' title='bbox 2453 4000 2640 4055; x_wconf 80' lang='lat' dir='ltr'><strong>esset?</strong></span> <span class='ocrx_word' id='word_1_828' title='bbox 2684 4000 2814 4054; x_wconf 83' lang='lat' dir='ltr'><strong>Nam</strong></span> <span class='ocrx_word' id='word_1_829' title='bbox 2858 4000 3050 4070; x_wconf 88' lang='lat' dir='ltr'><strong>singuli</strong></span> <span class='ocrx_word' id='word_1_830' title='bbox 3089 4011 3336 4058; x_wconf 84' lang='lat' dir='ltr'><strong>nostrum</strong></span> <span class='ocrx_word' id='word_1_831' title='bbox 3375 4014 3489 4071; x_wconf 76' lang='lat' dir='ltr'><strong>qua:</strong></span> <span class='ocrx_word' id='word_1_832' title='bbox 3531 4011 3614 4051; x_wconf 89' lang='lat' dir='ltr'><strong>sua</strong></span> <span class='ocrx_word' id='word_1_833' title='bbox 3653 3998 3751 4046; x_wconf 83' lang='lat' dir='ltr'><strong>sunt</strong></span> 
     </span>
    </p>
   </div>
   <div class='ocr_carea' id='block_1_102' title="bbox 2217 4091 3753 4164">
    <p class='ocr_par' dir='ltr' id='par_1_102' title="bbox 2217 4091 3753 4164">
     <span class='ocr_line' id='line_1_102' title="bbox 2217 4091 3753 4164; baseline -0.002 -17"><span class='ocrx_word' id='word_1_834' title='bbox 2217 4101 2435 4159; x_wconf 90' lang='lat' dir='ltr'><strong>curant,</strong></span> <span class='ocrx_word' id='word_1_835' title='bbox 2467 4091 2559 4147; x_wconf 92' lang='lat' dir='ltr'><strong>ille</strong></span> <span class='ocrx_word' id='word_1_836' title='bbox 2584 4108 2711 4148; x_wconf 92' lang='lat' dir='ltr'><strong>vero</strong></span> <span class='ocrx_word' id='word_1_837' title='bbox 2738 4093 3053 4164; x_wconf 71' lang='lat' dir='ltr'><strong>praepositus</strong></span> <span class='ocrx_word' id='word_1_838' title='bbox 3093 4110 3219 4163; x_wconf 63' lang='lat' dir='ltr'><strong>quae</strong></span> <span class='ocrx_word' id='word_1_839' title='bbox 3261 4093 3328 4148; x_wconf 90' lang='lat' dir='ltr'><strong>ad</strong></span> <span class='ocrx_word' id='word_1_840' title='bbox 3371 4104 3548 4146; x_wconf 83' lang='lat' dir='ltr'><strong>omnes</strong></span> <span class='ocrx_word' id='word_1_841' title='bbox 3583 4092 3753 4154; x_wconf 69' lang='lat' dir='ltr'><strong>specil-</strong></span> 
     </span>
    </p>
   </div>
   <div class='ocr_carea' id='block_1_103' title="bbox 2220 4174 3753 4250">
    <p class='ocr_par' dir='ltr' id='par_1_103' title="bbox 2220 4174 3753 4250">
     <span class='ocr_line' id='line_1_103' title="bbox 2220 4174 3753 4250; baseline -0.005 -14"><span class='ocrx_word' id='word_1_842' title='bbox 2220 4181 2383 4236; x_wconf 82' lang='lat' dir='ltr'><strong>bant.-</strong></span> <span class='ocrx_word' id='word_1_843' title='bbox 2416 4182 2770 4250; x_wconf 81' lang='lat' dir='ltr'><strong>Quamobrem</strong></span> <span class='ocrx_word' id='word_1_844' title='bbox 2814 4183 2883 4239; x_wconf 92' lang='lat' dir='ltr'><strong>de</strong></span> <span class='ocrx_word' id='word_1_845' title='bbox 2924 4183 3239 4239; x_wconf 87' lang='lat' dir='ltr'><strong>doctoribus</strong></span> <span class='ocrx_word' id='word_1_846' title='bbox 3286 4185 3359 4238; x_wconf 88' lang='lat' dir='ltr'><strong>ait</strong></span> <span class='ocrx_word' id='word_1_847' title='bbox 3396 4199 3406 4235; x_wconf 95' lang='lat'>:</span> <span class='ocrx_word' id='word_1_848' title='bbox 3452 4179 3545 4245; x_wconf 85' lang='lat' dir='ltr'><strong>Qui</strong></span> <span class='ocrx_word' id='word_1_849' title='bbox 3582 4174 3753 4245; x_wconf 71' lang='lat' dir='ltr'><strong>vigilant</strong></span> 
     </span>
    </p>
   </div>
   <div class='ocr_carea' id='block_1_104' title="bbox 2220 4264 3751 4343">
    <p class='ocr_par' dir='ltr' id='par_1_104' title="bbox 2220 4264 3751 4343">
     <span class='ocr_line' id='line_1_104' title="bbox 2220 4264 3751 4343; baseline -0.001 -16"><span class='ocrx_word' id='word_1_850' title='bbox 2220 4289 2371 4343; x_wconf 85' lang='lat' dir='ltr'><strong>super</strong></span> <span class='ocrx_word' id='word_1_851' title='bbox 2393 4275 2588 4328; x_wconf 84' lang='lat' dir='ltr'><strong>animas</strong></span> <span class='ocrx_word' id='word_1_852' title='bbox 2617 4285 2803 4329; x_wconf 87' lang='lat' dir='ltr'><strong>vestras</strong></span> <span class='ocrx_word' id='word_1_853' title='bbox 2824 4316 2839 4341; x_wconf 92' lang='lat'><strong>,</strong></span> <span class='ocrx_word' id='word_1_854' title='bbox 2884 4292 3026 4341; x_wconf 86' lang='lat' dir='ltr'><strong>quast</strong></span> <span class='ocrx_word' id='word_1_855' title='bbox 3053 4276 3303 4331; x_wconf 88' lang='lat' dir='ltr'><strong>rationem</strong></span> <span class='ocrx_word' id='word_1_856' title='bbox 3327 4273 3565 4330; x_wconf 74' lang='lat' dir='ltr'><strong>reddituri</strong></span> <span class='ocrx_word' id='word_1_857' title='bbox 3592 4264 3751 4338; x_wconf 71' lang='lat' dir='ltr'><strong>(Hebr.-</strong></span> 
     </span>
    </p>
   </div>
   <div class='ocr_carea' id='block_1_105' title="bbox 2223 4365 3753 4429">
    <p class='ocr_par' dir='ltr' id='par_1_105' title="bbox 2223 4365 3753 4429">
     <span class='ocr_line' id='line_1_105' title="bbox 2223 4365 3753 4429; baseline -0.01 -7"><span class='ocrx_word' id='word_1_858' title='bbox 2223 4366 2310 4422; x_wconf 77' lang='grc'><strong>13.</strong></span> <span class='ocrx_word' id='word_1_859' title='bbox 2345 4366 2470 4429; x_wconf 85' lang='grc'><strong>17).</strong></span> <span class='ocrx_word' id='word_1_860' title='bbox 2505 4365 2860 4422; x_wconf 81' lang='lat' dir='ltr'><strong>Formidabtle</strong></span> <span class='ocrx_word' id='word_1_861' title='bbox 2886 4381 3071 4422; x_wconf 87' lang='lat' dir='ltr'><strong>revera</strong></span> <span class='ocrx_word' id='word_1_862' title='bbox 3103 4365 3355 4425; x_wconf 91' lang='lat' dir='ltr'><strong>iudicium</strong></span> <span class='ocrx_word' id='word_1_863' title='bbox 3376 4405 3391 4426; x_wconf 88' lang='lat'><strong>.</strong></span> <span class='ocrx_word' id='word_1_864' title='bbox 3421 4379 3534 4419; x_wconf 92' lang='lat' dir='ltr'><strong>cum</strong></span> <span class='ocrx_word' id='word_1_865' title='bbox 3564 4373 3648 4429; x_wconf 92' lang='lat' dir='ltr'><strong>pro</strong></span> <span class='ocrx_word' id='word_1_866' title='bbox 3670 4366 3753 4408; x_wconf 86' lang='lat' dir='ltr'><strong>tam</strong></span> 
     </span>
    </p>
   </div>
   <div class='ocr_carea' id='block_1_106' title="bbox 2224 4446 3755 4527">
    <p class='ocr_par' dir='ltr' id='par_1_106' title="bbox 2224 4446 3755 4527">
     <span class='ocr_line' id='line_1_106' title="bbox 2224 4446 3755 4527; baseline -0.01 -16"><span class='ocrx_word' id='word_1_867' title='bbox 2224 4456 2422 4527; x_wconf 89' lang='lat' dir='ltr'><strong>ingenti</strong></span> <span class='ocrx_word' id='word_1_868' title='bbox 2448 4457 2642 4526; x_wconf 86' lang='lat' dir='ltr'><strong>popqu</strong></span> <span class='ocrx_word' id='word_1_869' title='bbox 2668 4459 2901 4512; x_wconf 88' lang='lat' dir='ltr'><strong>rationes</strong></span> <span class='ocrx_word' id='word_1_870' title='bbox 2926 4466 3052 4512; x_wconf 88' lang='lat' dir='ltr'><strong>sunt</strong></span> <span class='ocrx_word' id='word_1_871' title='bbox 3079 4456 3368 4513; x_wconf 65' lang='lat' dir='ltr'><strong>reddendae</strong></span> <span class='ocrx_word' id='word_1_872' title='bbox 3397 4472 3410 4509; x_wconf 75' lang='grc' dir='ltr'><strong>τ</strong></span> <span class='ocrx_word' id='word_1_873' title='bbox 3439 4452 3547 4516; x_wconf 89' lang='lat' dir='ltr'><strong>sed,</strong></span> <span class='ocrx_word' id='word_1_874' title='bbox 3570 4458 3614 4503; x_wconf 91' lang='lat' dir='ltr'><strong>ut</strong></span> <span class='ocrx_word' id='word_1_875' title='bbox 3640 4446 3755 4499; x_wconf 86' lang='lat' dir='ltr'><strong>dicc-</strong></span> 
     </span>
    </p>
   </div>
   <div class='ocr_carea' id='block_1_107' title="bbox 2225 4543 3759 4619">
    <p class='ocr_par' dir='ltr' id='par_1_107' title="bbox 2225 4543 3759 4619">
     <span class='ocr_line' id='line_1_107' title="bbox 2225 4543 3759 4619; baseline -0.012 -14"><span class='ocrx_word' id='word_1_876' title='bbox 2225 4551 2347 4605; x_wconf 87' lang='lat' dir='ltr'><strong>bam</strong></span> <span class='ocrx_word' id='word_1_877' title='bbox 2366 4591 2380 4614; x_wconf 94' lang='lat'><strong>,</strong></span> <span class='ocrx_word' id='word_1_878' title='bbox 2413 4550 2542 4619; x_wconf 80' lang='lat' dir='ltr'><strong>ipsis</strong></span> <span class='ocrx_word' id='word_1_879' title='bbox 2564 4550 2748 4604; x_wconf 89' lang='lat' dir='ltr'><strong>accitis</strong></span> <span class='ocrx_word' id='word_1_880' title='bbox 2773 4550 2848 4604; x_wconf 89' lang='lat' dir='ltr'><strong>ait</strong></span> <span class='ocrx_word' id='word_1_881' title='bbox 2874 4567 2888 4602; x_wconf 93' lang='lat'><strong>:</strong></span> <span class='ocrx_word' id='word_1_882' title='bbox 2912 4550 3165 4605; x_wconf 81' lang='lat' dir='ltr'><strong>Auendite</strong></span> <span class='ocrx_word' id='word_1_883' title='bbox 3187 4551 3327 4605; x_wconf 79' lang='lat' dir='ltr'><strong>vobis</strong></span> <span class='ocrx_word' id='word_1_884' title='bbox 3354 4548 3472 4618; x_wconf 85' lang='lat' dir='ltr'><strong>ipsis</strong></span> <span class='ocrx_word' id='word_1_885' title='bbox 3499 4555 3541 4598; x_wconf 85' lang='lat' dir='ltr'><strong>et</strong></span> <span class='ocrx_word' id='word_1_886' title='bbox 3565 4543 3759 4594; x_wconf 70' lang='lat' dir='ltr'><strong>universo</strong></span> 
     </span>
    </p>
   </div>
   <div class='ocr_carea' id='block_1_108' title="bbox 2216 4637 3760 4713">
    <p class='ocr_par' dir='ltr' id='par_1_108' title="bbox 2216 4637 3760 4713">
     <span class='ocr_line' id='line_1_108' title="bbox 2216 4637 3760 4713; baseline -0.01 -18"><span class='ocrx_word' id='word_1_887' title='bbox 2216 4642 2382 4713; x_wconf 74' lang='lat' dir='ltr'><strong>&#39;gregi,</strong></span> <span class='ocrx_word' id='word_1_888' title='bbox 2425 4644 2476 4694; x_wconf 91' lang='lat' dir='ltr'><strong>in</strong></span> <span class='ocrx_word' id='word_1_889' title='bbox 2517 4657 2614 4712; x_wconf 85' lang='lat' dir='ltr'><strong>quo</strong></span> <span class='ocrx_word' id='word_1_890' title='bbox 2653 4657 2737 4695; x_wconf 84' lang='lat' dir='ltr'><strong>vos</strong></span> <span class='ocrx_word' id='word_1_891' title='bbox 2778 4641 3003 4705; x_wconf 84' lang='lat' dir='ltr'><strong>Spiritus</strong></span> <span class='ocrx_word' id='word_1_892' title='bbox 3041 4652 3246 4697; x_wconf 84' lang='lat' dir='ltr'><strong>sanctus</strong></span> <span class='ocrx_word' id='word_1_893' title='bbox 3287 4644 3453 4710; x_wconf 84' lang='lat' dir='ltr'><strong>posuit</strong></span> <span class='ocrx_word' id='word_1_894' title='bbox 3490 4644 3691 4706; x_wconf 83' lang='lat' dir='ltr'><strong>pastores</strong></span> <span class='ocrx_word' id='word_1_895' title='bbox 3723 4637 3760 4682; x_wconf 80' lang='lat' dir='ltr'><strong>st</strong></span> 
     </span>
    </p>
   </div>
   <div class='ocr_carea' id='block_1_109' title="bbox 2226 4723 3759 4802">
    <p class='ocr_par' dir='ltr' id='par_1_109' title="bbox 2226 4723 3759 4802">
     <span class='ocr_line' id='line_1_109' title="bbox 2226 4723 3759 4802; baseline -0.01 -14"><span class='ocrx_word' id='word_1_896' title='bbox 2226 4736 2489 4802; x_wconf 82' lang='lat' dir='ltr'><strong>episcopos</strong></span> <span class='ocrx_word' id='word_1_897' title='bbox 2512 4732 2646 4801; x_wconf 78' lang='lat' dir='ltr'><strong>(Act.</strong></span> <span class='ocrx_word' id='word_1_898' title='bbox 2667 4731 2759 4786; x_wconf 68' lang='lat'><strong>20.</strong></span> <span class='ocrx_word' id='word_1_899' title='bbox 2782 4731 2897 4801; x_wconf 74' lang='grc'><strong>28).</strong></span> <span class='ocrx_word' id='word_1_900' title='bbox 2938 4731 3074 4799; x_wconf 82' lang='lat' dir='ltr'><strong>Quid</strong></span> <span class='ocrx_word' id='word_1_901' title='bbox 3115 4730 3311 4787; x_wconf 80' lang='lat' dir='ltr'><strong>factum</strong></span> <span class='ocrx_word' id='word_1_902' title='bbox 3336 4732 3460 4786; x_wconf 85' lang='lat' dir='ltr'><strong>est?</strong></span> <span class='ocrx_word' id='word_1_903' title='bbox 3497 4742 3584 4781; x_wconf 85' lang='lat' dir='ltr'><strong>cur</strong></span> <span class='ocrx_word' id='word_1_904' title='bbox 3611 4723 3759 4776; x_wconf 71' lang='lat' dir='ltr'><strong>horta-</strong></span> 
     </span>
    </p>
   </div>
   <div class='ocr_carea' id='block_1_110' title="bbox 2227 4824 3759 4905">
    <p class='ocr_par' dir='ltr' id='par_1_110' title="bbox 2227 4824 3759 4905">
     <span class='ocr_line' id='line_1_110' title="bbox 2227 4824 3759 4905; baseline -0.006 -25"><span class='ocrx_word' id='word_1_905' title='bbox 2227 4825 2344 4880; x_wconf 89' lang='lat' dir='ltr'><strong>ris?</strong></span> <span class='ocrx_word' id='word_1_906' title='bbox 2385 4843 2452 4880; x_wconf 84' lang='lat' dir='ltr'><strong>an</strong></span> <span class='ocrx_word' id='word_1_907' title='bbox 2490 4826 2615 4896; x_wconf 89' lang='lat' dir='ltr'><strong>quid</strong></span> <span class='ocrx_word' id='word_1_908' title='bbox 2657 4842 2817 4895; x_wconf 82' lang='lat' dir='ltr'><strong>grave</strong></span> <span class='ocrx_word' id='word_1_909' title='bbox 2845 4826 3148 4897; x_wconf 69' lang='lat' dir='ltr'><strong>praesides?</strong></span> <span class='ocrx_word' id='word_1_910' title='bbox 3175 4841 3242 4905; x_wconf 86' lang='lat' dir='ltr'><strong>an</strong></span> <span class='ocrx_word' id='word_1_911' title='bbox 3287 4824 3413 4895; x_wconf 90' lang='lat' dir='ltr'><strong>quid</strong></span> <span class='ocrx_word' id='word_1_912' title='bbox 3443 4828 3620 4878; x_wconf 88' lang='lat' dir='ltr'><strong>durum</strong></span> <span class='ocrx_word' id='word_1_913' title='bbox 3657 4827 3759 4887; x_wconf 82' lang='lat' dir='ltr'><strong>pro-</strong></span> 
     </span>
    </p>
   </div>
   <div class='ocr_carea' id='block_1_111' title="bbox 2228 4906 3761 4988">
    <p class='ocr_par' dir='ltr' id='par_1_111' title="bbox 2228 4906 3761 4988">
     <span class='ocr_line' id='line_1_111' title="bbox 2228 4906 3761 4988; baseline -0.011 -16"><span class='ocrx_word' id='word_1_914' title='bbox 2228 4918 2389 4988; x_wconf 86' lang='lat' dir='ltr'><strong>spicis</strong></span> <span class='ocrx_word' id='word_1_915' title='bbox 2408 4920 2433 4971; x_wconf 85' lang='lat'><strong>?</strong></span> <span class='ocrx_word' id='word_1_916' title='bbox 2455 4934 2521 4972; x_wconf 91' lang='lat' dir='ltr'><strong>an</strong></span> <span class='ocrx_word' id='word_1_917' title='bbox 2551 4918 2690 4988; x_wconf 90' lang='lat' dir='ltr'><strong>quod</strong></span> <span class='ocrx_word' id='word_1_918' title='bbox 2731 4918 3019 4980; x_wconf 81' lang='lat' dir='ltr'><strong>perieulum</strong></span> <span class='ocrx_word' id='word_1_919' title='bbox 3049 4918 3313 4982; x_wconf 88' lang='lat' dir='ltr'><strong>imminet,</strong></span> <span class='ocrx_word' id='word_1_920' title='bbox 3343 4932 3413 4971; x_wconf 89' lang='lat' dir='ltr'><strong>an</strong></span> <span class='ocrx_word' id='word_1_921' title='bbox 3439 4927 3552 4983; x_wconf 75' lang='lat' dir='ltr'><strong>qua:</strong></span> <span class='ocrx_word' id='word_1_922' title='bbox 3576 4906 3761 4963; x_wconf 83' lang='lat' dir='ltr'><strong>calauti-</strong></span> 
     </span>
    </p>
   </div>
   <div class='ocr_carea' id='block_1_112' title="bbox 2233 4997 3761 5074">
    <p class='ocr_par' dir='ltr' id='par_1_112' title="bbox 2233 4997 3761 5074">
     <span class='ocr_line' id='line_1_112' title="bbox 2233 4997 3761 5074; baseline -0.01 -10"><span class='ocrx_word' id='word_1_923' title='bbox 2233 5020 2337 5074; x_wconf 82' lang='lat' dir='ltr'><strong>tas,</strong></span> <span class='ocrx_word' id='word_1_924' title='bbox 2363 5025 2430 5064; x_wconf 90' lang='lat' dir='ltr'><strong>an</strong></span> <span class='ocrx_word' id='word_1_925' title='bbox 2474 5009 2717 5065; x_wconf 80' lang='lat' dir='ltr'><strong>bellum?</strong></span> <span class='ocrx_word' id='word_1_926' title='bbox 2763 5009 2874 5074; x_wconf 93' lang='lat' dir='ltr'><strong>Dic,</strong></span> <span class='ocrx_word' id='word_1_927' title='bbox 2919 5023 3141 5074; x_wconf 63' lang='lat' dir='ltr'><strong>quaeso:</strong></span> <span class='ocrx_word' id='word_1_928' title='bbox 3173 5023 3296 5064; x_wconf 89' lang='lat' dir='ltr'><strong>nam</strong></span> <span class='ocrx_word' id='word_1_929' title='bbox 3337 5006 3492 5061; x_wconf 88' lang='lat' dir='ltr'><strong>altior</strong></span> <span class='ocrx_word' id='word_1_930' title='bbox 3521 4997 3659 5058; x_wconf 88' lang='lat' dir='ltr'><strong>nobis</strong></span> <span class='ocrx_word' id='word_1_931' title='bbox 3680 5006 3761 5048; x_wconf 87' lang='lat' dir='ltr'><strong>es:</strong></span> 
     </span>
    </p>
   </div>
   <div class='ocr_carea' id='block_1_113' title="bbox 2231 5088 3759 5169">
    <p class='ocr_par' dir='ltr' id='par_1_113' title="bbox 2231 5088 3759 5169">
     <span class='ocr_line' id='line_1_113' title="bbox 2231 5088 3759 5169; baseline -0.009 -10"><span class='ocrx_word' id='word_1_932' title='bbox 2231 5118 2331 5159; x_wconf 89' lang='lat' dir='ltr'><strong>nec</strong></span> <span class='ocrx_word' id='word_1_933' title='bbox 2355 5104 2636 5169; x_wconf 77' lang='lat' dir='ltr'><strong>prteseutia</strong></span> <span class='ocrx_word' id='word_1_934' title='bbox 2658 5102 2818 5159; x_wconf 90' lang='lat' dir='ltr'><strong>modo</strong></span> <span class='ocrx_word' id='word_1_935' title='bbox 2839 5103 3004 5166; x_wconf 85' lang='lat' dir='ltr'><strong>vides,</strong></span> <span class='ocrx_word' id='word_1_936' title='bbox 3028 5102 3122 5159; x_wconf 90' lang='lat' dir='ltr'><strong>sed</strong></span> <span class='ocrx_word' id='word_1_937' title='bbox 3147 5102 3307 5158; x_wconf 88' lang='lat' dir='ltr'><strong>etiam</strong></span> <span class='ocrx_word' id='word_1_938' title='bbox 3329 5099 3499 5155; x_wconf 89' lang='lat' dir='ltr'><strong>futura</strong></span> <span class='ocrx_word' id='word_1_939' title='bbox 3521 5088 3759 5165; x_wconf 57' lang='lat' dir='ltr'><strong>prmvidcso</strong></span> 
     </span>
    </p>
   </div>
   <div class='ocr_carea' id='block_1_114' title="bbox 2234 5178 3763 5266">
    <p class='ocr_par' dir='ltr' id='par_1_114' title="bbox 2234 5178 3763 5266">
     <span class='ocr_line' id='line_1_114' title="bbox 2234 5178 3763 5266; baseline -0.016 -14"><span class='ocrx_word' id='word_1_940' title='bbox 2234 5193 2333 5252; x_wconf 87' lang='lat' dir='ltr'><strong>Dic</strong></span> <span class='ocrx_word' id='word_1_941' title='bbox 2354 5191 2513 5263; x_wconf 81' lang='lat' dir='ltr'><strong>igitur</strong></span> <span class='ocrx_word' id='word_1_942' title='bbox 2534 5212 2632 5253; x_wconf 89' lang='lat' dir='ltr'><strong>cur</strong></span> <span class='ocrx_word' id='word_1_943' title='bbox 2652 5196 2765 5252; x_wconf 77' lang='lat' dir='ltr'><strong>hazc</strong></span> <span class='ocrx_word' id='word_1_944' title='bbox 2790 5196 2946 5266; x_wconf 83' lang='lat' dir='ltr'><strong>praeei</strong></span> <span class='ocrx_word' id='word_1_945' title='bbox 2954 5195 3067 5266; x_wconf 90' lang='lat' dir='ltr'><strong>pias</strong></span> <span class='ocrx_word' id='word_1_946' title='bbox 3091 5203 3146 5252; x_wconf 91' lang='lat' dir='ltr'><strong>et</strong></span> <span class='ocrx_word' id='word_1_947' title='bbox 3169 5192 3424 5250; x_wconf 88' lang='lat' dir='ltr'><strong>horteris.</strong></span> <span class='ocrx_word' id='word_1_948' title='bbox 3451 5187 3585 5252; x_wconf 88' lang='lat' dir='ltr'><strong>Scio,</strong></span> <span class='ocrx_word' id='word_1_949' title='bbox 3608 5178 3763 5249; x_wconf 85' lang='lat' dir='ltr'><strong>inquit.</strong></span> 
     </span>
    </p>
   </div>
   <div class='ocr_carea' id='block_1_115' title="bbox 2231 5268 3765 5362">
    <p class='ocr_par' dir='ltr' id='par_1_115' title="bbox 2231 5268 3765 5362">
     <span class='ocr_line' id='line_1_115' title="bbox 2231 5268 3765 5362; baseline -0.001 -19"><span class='ocrx_word' id='word_1_950' title='bbox 2231 5299 2364 5362; x_wconf 81' lang='lat' dir='ltr'><strong>quod</strong></span> <span class='ocrx_word' id='word_1_951' title='bbox 2391 5300 2504 5358; x_wconf 88' lang='lat' dir='ltr'><strong>post</strong></span> <span class='ocrx_word' id='word_1_952' title='bbox 2538 5290 2887 5346; x_wconf 81' lang='lat' dir='ltr'><strong>discessionem</strong></span> <span class='ocrx_word' id='word_1_953' title='bbox 2924 5305 3087 5343; x_wconf 89' lang='lat' dir='ltr'><strong>meam</strong></span> <span class='ocrx_word' id='word_1_954' title='bbox 3114 5290 3373 5343; x_wconf 84' lang='lat' dir='ltr'><strong>intrabunt</strong></span> <span class='ocrx_word' id='word_1_955' title='bbox 3401 5300 3452 5338; x_wconf 87' lang='lat' dir='ltr'><strong>tn</strong></span> <span class='ocrx_word' id='word_1_956' title='bbox 3475 5290 3657 5349; x_wconf 59' lang='lat' dir='ltr'><strong>gregem</strong></span> <span class='ocrx_word' id='word_1_957' title='bbox 3677 5268 3765 5362; x_wconf 60' lang='lat' dir='ltr'><strong>’“i’i</strong></span> 
     </span>
    </p>
   </div>
   <div class='ocr_carea' id='block_1_116' title="bbox 2232 5356 3769 5454">
    <p class='ocr_par' dir='ltr' id='par_1_116' title="bbox 2232 5356 3769 5454">
     <span class='ocr_line' id='line_1_116' title="bbox 2232 5356 3769 5454; baseline -0.018 -17"><span class='ocrx_word' id='word_1_958' title='bbox 2232 5356 2408 5454; x_wconf 55' lang='lat' dir='ltr'><strong>graves</strong></span> <span class='ocrx_word' id='word_1_959' title='bbox 2438 5381 2595 5452; x_wconf 78' lang='lat' dir='ltr'><strong>(Ibid.</strong></span> <span class='ocrx_word' id='word_1_960' title='bbox 2624 5398 2673 5436; x_wconf 81' lang='grc' dir='ltr'><strong>υ.</strong></span> <span class='ocrx_word' id='word_1_961' title='bbox 2695 5380 2808 5439; x_wconf 74' lang='lat'><strong>29).</strong></span> <span class='ocrx_word' id='word_1_962' title='bbox 2840 5379 3024 5435; x_wconf 76' lang='lat' dir='ltr'><strong>Viden‘</strong></span> <span class='ocrx_word' id='word_1_963' title='bbox 3047 5377 3189 5449; x_wconf 91' lang='lat' dir='ltr'><strong>quod</strong></span> <span class='ocrx_word' id='word_1_964' title='bbox 3212 5375 3490 5437; x_wconf 86' lang='lat' dir='ltr'><strong>dicebam,</strong></span> <span class='ocrx_word' id='word_1_965' title='bbox 3537 5356 3769 5439; x_wconf 89' lang='lat' dir='ltr'><strong>quomodo</strong></span> 
     </span>
    </p>
   </div>
   <div class='ocr_carea' id='block_1_117' title="bbox 2232 5456 3768 5542">
    <p class='ocr_par' dir='ltr' id='par_1_117' title="bbox 2232 5456 3768 5542">
     <span class='ocr_line' id='line_1_117' title="bbox 2232 5456 3768 5542; baseline -0.013 -12"><span class='ocrx_word' id='word_1_966' title='bbox 2232 5491 2340 5531; x_wconf 89' lang='lat' dir='ltr'><strong>non</strong></span> <span class='ocrx_word' id='word_1_967' title='bbox 2369 5475 2436 5529; x_wconf 90' lang='lat' dir='ltr'><strong>de</strong></span> <span class='ocrx_word' id='word_1_968' title='bbox 2466 5474 2533 5530; x_wconf 84' lang='lat' dir='ltr'><strong>iis</strong></span> <span class='ocrx_word' id='word_1_969' title='bbox 2556 5474 2727 5529; x_wconf 69' lang='lat' dir='ltr'><strong>stium</strong></span> <span class='ocrx_word' id='word_1_970' title='bbox 2758 5474 2848 5542; x_wconf 87' lang='lat' dir='ltr'><strong>qui</strong></span> <span class='ocrx_word' id='word_1_971' title='bbox 2877 5488 2975 5529; x_wconf 91' lang='lat' dir='ltr'><strong>suo</strong></span> <span class='ocrx_word' id='word_1_972' title='bbox 3005 5482 3241 5542; x_wconf 89' lang='lat' dir='ltr'><strong>tempore</strong></span> <span class='ocrx_word' id='word_1_973' title='bbox 3269 5476 3425 5525; x_wconf 87' lang='lat' dir='ltr'><strong>erant</strong></span> <span class='ocrx_word' id='word_1_974' title='bbox 3451 5465 3627 5521; x_wconf 77' lang='lat' dir='ltr'><strong>attsius</strong></span> <span class='ocrx_word' id='word_1_975' title='bbox 3649 5456 3768 5510; x_wconf 59' lang='lat' dir='ltr'><strong>esset</strong></span> 
     </span>
    </p>
   </div>
   <div class='ocr_carea' id='block_1_118' title="bbox 2233 5546 3765 5634">
    <p class='ocr_par' dir='ltr' id='par_1_118' title="bbox 2233 5546 3765 5634">
     <span class='ocr_line' id='line_1_118' title="bbox 2233 5546 3765 5634; baseline -0.011 -12"><span class='ocrx_word' id='word_1_976' title='bbox 2233 5578 2289 5623; x_wconf 90' lang='lat' dir='ltr'><strong>et</strong></span> <span class='ocrx_word' id='word_1_977' title='bbox 2335 5568 2564 5629; x_wconf 88' lang='lat' dir='ltr'><strong>timeret,</strong></span> <span class='ocrx_word' id='word_1_978' title='bbox 2606 5566 2699 5620; x_wconf 89' lang='lat' dir='ltr'><strong>sed</strong></span> <span class='ocrx_word' id='word_1_979' title='bbox 2730 5569 2890 5622; x_wconf 90' lang='lat' dir='ltr'><strong>etiam</strong></span> <span class='ocrx_word' id='word_1_980' title='bbox 2937 5565 3005 5619; x_wconf 90' lang='lat' dir='ltr'><strong>de</strong></span> <span class='ocrx_word' id='word_1_981' title='bbox 3047 5566 3113 5618; x_wconf 85' lang='lat' dir='ltr'><strong>its</strong></span> <span class='ocrx_word' id='word_1_982' title='bbox 3140 5564 3227 5634; x_wconf 91' lang='lat' dir='ltr'><strong>qui</strong></span> <span class='ocrx_word' id='word_1_983' title='bbox 3260 5568 3382 5627; x_wconf 86' lang='lat' dir='ltr'><strong>post</strong></span> <span class='ocrx_word' id='word_1_984' title='bbox 3426 5546 3765 5612; x_wconf 70' lang='lat' dir='ltr'><strong>discessionem</strong></span> 
     </span>
    </p>
   </div>
   <div class='ocr_carea' id='block_1_119' title="bbox 2235 5646 3768 5730">
    <p class='ocr_par' dir='ltr' id='par_1_119' title="bbox 2235 5646 3768 5730">
     <span class='ocr_line' id='line_1_119' title="bbox 2235 5646 3768 5730; baseline -0.008 -17"><span class='ocrx_word' id='word_1_985' title='bbox 2235 5662 2399 5730; x_wconf 81' lang='lat' dir='ltr'><strong>ipsius</strong></span> <span class='ocrx_word' id='word_1_986' title='bbox 2429 5658 2590 5713; x_wconf 87' lang='lat' dir='ltr'><strong>futuri</strong></span> <span class='ocrx_word' id='word_1_987' title='bbox 2617 5668 2785 5713; x_wconf 87' lang='lat' dir='ltr'><strong>erant.</strong></span> <span class='ocrx_word' id='word_1_988' title='bbox 2833 5656 3098 5710; x_wconf 82' lang='lat' dir='ltr'><strong>Intrabunt</strong></span> <span class='ocrx_word' id='word_1_989' title='bbox 3125 5655 3259 5708; x_wconf 87' lang='lat' dir='ltr'><strong>enim</strong></span> <span class='ocrx_word' id='word_1_990' title='bbox 3288 5652 3398 5717; x_wconf 89' lang='lat' dir='ltr'><strong>tnpi</strong></span> <span class='ocrx_word' id='word_1_991' title='bbox 3418 5690 3430 5709; x_wconf 88' lang='lat'><strong><em>.</em></strong></span> <span class='ocrx_word' id='word_1_992' title='bbox 3459 5649 3653 5714; x_wconf 78' lang='lat' dir='ltr'><strong>inqutl;</strong></span> <span class='ocrx_word' id='word_1_993' title='bbox 3688 5646 3768 5690; x_wconf 69' lang='grc' dir='ltr'><strong>οε·</strong></span> 
     </span>
    </p>
   </div>
   <div class='ocr_carea' id='block_1_120' title="bbox 2239 5736 3769 5826">
    <p class='ocr_par' dir='ltr' id='par_1_120' title="bbox 2239 5736 3769 5826">
     <span class='ocr_line' id='line_1_120' title="bbox 2239 5736 3769 5826; baseline -0.009 -18"><span class='ocrx_word' id='word_1_994' title='bbox 2239 5769 2340 5826; x_wconf 88' lang='lat' dir='ltr'><strong>que</strong></span> <span class='ocrx_word' id='word_1_995' title='bbox 2384 5752 2689 5822; x_wconf 85' lang='lat' dir='ltr'><strong>simpliciter</strong></span> <span class='ocrx_word' id='word_1_996' title='bbox 2712 5789 2726 5816; x_wconf 87' lang='lat'><strong>,</strong></span> <span class='ocrx_word' id='word_1_997' title='bbox 2765 5749 2936 5820; x_wconf 80' lang='lat' dir='ltr'><strong>Lupi,</strong></span> <span class='ocrx_word' id='word_1_998' title='bbox 2967 5747 3058 5805; x_wconf 84' lang='lat' dir='ltr'><strong>sed</strong></span> <span class='ocrx_word' id='word_1_999' title='bbox 3087 5747 3243 5803; x_wconf 87' lang='lat' dir='ltr'><strong>etiam</strong></span> <span class='ocrx_word' id='word_1_1000' title='bbox 3287 5739 3418 5809; x_wconf 75' lang='lat' dir='ltr'><strong>Lupi</strong></span> <span class='ocrx_word' id='word_1_1001' title='bbox 3460 5746 3653 5807; x_wconf 64' lang='lat' dir='ltr'><strong>51mm.</strong></span> <span class='ocrx_word' id='word_1_1002' title='bbox 3686 5736 3769 5779; x_wconf 72' lang='lat'><strong>&quot;0&quot;</strong></span> 
     </span>
    </p>
   </div>
  </div>
