4104 6214
320 288 391 342 ἷό
994 289 1061 344 IN
1103 290 1330 358 ILLUD,
1371 291 1506 350 HOC
1545 293 1834 351 SCITOTE
1873 292 2060 363 QUOD
2098 295 2163 350 IN
2197 292 2584 357 NOVISSIMIS
2623 297 2891 369 DIEBUS,
2933 302 3086 363 ETC.
3601 315 3709 371 276

279 408 380 460 καὶ
412 405 521 474 τῆς
541 408 898 474 συντελείας
919 407 1024 463 τοῦ
1046 409 1296 476 αἱῶνος;
1323 406 1477 474 Εἶδες
1500 413 1782 476 κάκείνους
1801 413 1941 484 ὑπὲρ

278 496 380 564 τῆς
413 494 724 558 συντελείας
761 494 857 548 τοῦ
904 495 1098 555 αἰῶνος
1126 497 1466 567 ἐρωτῶντας,
1519 501 1609 552 καὶ
1652 500 1792 572 ὑπὲρ
1835 501 1942 553 τῶν

281 582 559 651 ἐσομένων
602 582 906 653 ἀνθρώπων
945 582 1356 653 φροντίζοντας;
1393 587 1468 639 οὐ
1507 586 1614 655 7&9
1650 587 1717 640 τὰ
1739 588 1944 640 ἑαυτῶν

279 668 483 740 ὁρῶσιν
511 671 560 721 οί
587 669 894 734 ἀπόστολοι,
929 670 1061 723 ἀλλὰ
1094 671 1160 724 τά
1190 671 1302 723 τῶν
1322 671 1494 726 ἄλλων
1524 674 1788 746 καὶκοινῇ
1812 676 1932 728 πάν-

279 777 374 823 τες
413 760 507 813 καὶ
557 759 662 831 ίδίᾳ
707 760 954 823 ἕκαστος.
1007 760 1065 812 '0
1106 756 1199 813 οὖν
1246 761 1450 833 Πέτρος
1479 764 1506 814 6
1532 766 1820 834 κορυφαῖος
1850 763 1944 817 τοῦ

282 848 471 920 χοροῦ,
493 847 554 900 τὸ
579 848 750 918 στόμα
778 848 886 901 τῶν
914 849 1227 902 ἀποστόλων
1257 851 1531 917 ἁπάντων,
1557 853 1590 922 ἡ
1615 851 1825 922 κεφαλὴ
1847 853 1946 923 τῆς

284 935 514 1008 φατρίας
545 936 780 1004 ἐκείνης,
809 938 837 989 6
864 937 961 1006 τῆς
995 937 1318 1006 οἰκουμένης
1353 939 1571 1009 ἁπάσης
1613 940 1941 1009 προστάτης,

281 1023 313 1075 ὀ
347 1022 594 1092 θεμέλιος
628 1023 727 1093 τῆς
762 1022 1106 1090 Ἐκκλησίας,
1131 1025 1158 1076 ὀ
1183 1022 1383 1093 θερμὸς
1408 1023 1640 1095 ἐραστὴς
1672 1023 1766 1076 τοῦ
1810 1025 1936 1093 X9:-

286 1110 448 1163 στοῦ·
493 1109 693 1176 Πέτρε,
732 1109 861 1179 7&9,
897 1111 1051 1181 φησὶ,
1083 1110 1279 1179 φιλεῖς
1312 1127 1389 1179 με
1435 1110 1646 1164 πλεῖον
1683 1112 1943 1177 τούτων;

283 1197 383 1251 Διά
405 1196 562 1250 τοῦτο
581 1195 726 1264 λέγω
746 1196 817 1249 τὰ
839 1195 1110 1268 ἐγκώμια,
1142 1197 1229 1250 ἵνα
1262 1197 1468 1267 μάθητε
1496 1199 1578 1251 ὅτι
1613 1199 1780 1263 ὅντως
1801 1199 1945 1267 φιλεῖ

281 1283 376 1337 τὸν
406 1284 666 1354 Χριστόν·
697 1282 792 1336 τοῦ
837 1284 944 1353 γὰρ
975 1286 1055 1347 είς
1093 1283 1184 1337 τὸν
1215 1285 1490 1356 Δεσπότην
1523 1286 1742 1357 φίλτρου
1777 1287 1810 1357 ἡ
1840 1301 1942 1356 κη-

281 1370 506 1440 δεμονία
534 1370 642 1424 τῶν
668 1370 866 1424 δούλων
891 1370 1189 1442 τεκμήριόν
1228 1372 1344 1424 ἐστι
1387 1372 1661 1442 μέγιστον.
1701 1373 1811 1426 Καὶ
1843 1375 1942 1426 οὐκ

285 1456 398 1523 ἐγὼ
434 1456 604 1510 ταῦτα
651 1457 814 1525 λέγω,
861 1456 978 1510 ἀλλ’
1015 1458 1174 1520 αὐτὸς
1215 1458 1243 1510 6
1279 1457 1595 1527 φιλούμενος
1629 1460 1903 1529 Δεσπότης
1926 1464 1939 1490 ⁵

286 1546 357 1596 El
389 1543 581 1611 φιλεῖς
619 1559 714 1613 με,
743 1544 895 1614 φησὶ,
932 1544 1208 1613 ποίμαινε
1247 1544 1319 1598 τὰ
1345 1545 1605 1614 πρόϐατά
1628 1563 1768 1613 μου.
1794 1545 1943 1600 Ἷδω-

290 1646 388 1700 μεν
420 1627 511 1684 οὖν
552 1631 720 1694 ὅντως
769 1633 817 1684 εί
860 1632 1114 1701 ποιμένος
1161 1630 1310 1704 [283]
1346 1632 1456 1702 ἔχει
1495 1633 1847 1703 προστασίαν,
1891 1634 1940 1686 εί

285 1716 452 1779 ὄντως
483 1718 825 1788 κηδεμονίαν,
853 1721 900 1770 εί
928 1718 1095 1782 ὅντως
1124 1721 1270 1786 φιλεῖ
1305 1719 1373 1773 τὰ
1406 1719 1669 1790 πρόϐατα,
1697 1722 1744 1773 εί
1774 1719 1940 1784 ὅντως

287 1801 642 1872 φιλόστοργός
676 1804 793 1854 ἐστι
823 1801 950 1873 περὶ
976 1804 1074 1871 τὴν
1104 1802 1356 1873 ποίμνην,
1407 1803 1492 1855 ἵνα
1539 1804 1939 1874 καταμάθωμεν

283 1888 364 1940 ὃτι
403 1891 498 1942 καὶ
528 1890 619 1942 τὸν
649 1890 884 1959 ποιμένα
917 1889 1093 1958 φιλεῖο
1129 1890 1289 1943 τοῦτο
1324 1889 1432 1959 7&9
1469 1891 1675 1944 ἐκείνου
1717 1893 1942 1962 σημεῖον

283 1972 487 2045 ἔφησεν
519 1969 678 2029 εἶναι.
699 1968 868 2038 Οὗτος
905 1976 1081 2029 τοίνυν
1105 1978 1134 2029 ὀ
1171 1977 1375 2048 Πέτρος
1405 1978 1618 2032 ἅπαντα
1651 1978 1812 2050 ῥίψας
1839 1981 1941 2033 ὅσα

283 2057 420 2128 εἶχε,
450 2061 510 2113 τὸ
533 2061 766 2127 δίκτυον,
799 2062 867 2114 τὰ
901 2063 958 2115 ἐν
981 2061 1058 2133 τῷ
1092 2063 1260 2135 πλοίῳ
1292 2065 1486 2130 πάντα,
1533 2068 1627 2120 καὶ
1657 2067 1815 2136 ἀφεὶς
1841 2068 1939 2139 τὴν

284 2148 573 2213 θάλατταν,
601 2150 696 2219 τὴν
721 2149 933 2221 τέχνην,
973 2151 1072 2220 τὴν
1095 2151 1288 2205 οἰκίαν.
1315 2151 1528 2224 Μὴγάρ
1551 2152 1616 2224 δὴ
1637 2154 1794 2207 τοῦτο
1820 2153 1938 2207 ῐδω-

283 2251 408 2302 μεν,
439 2237 521 2288 ὅτι
551 2235 708 2303 ὀλίγα
733 2235 927 2300 ταῦτα,
964 2235 1076 2288 ἀλλ’
1103 2237 1182 2288 ὅτι
1213 2237 1386 2291 πάντα
1420 2237 1487 2290 τὰ
1529 2239 1656 2293 ὄντα
1676 2260 1690 2274 ο
1723 2241 1817 2293 καὶ
1839 2239 1938 2310 τὴν

278 2319 591 2390 προθυμίαν
625 2321 1014 2390 έπαινέσωμεν.
1038 2323 1144 2374 Καὶ
1163 2322 1270 2392 7&9
1289 2325 1322 2392 ἡ
1347 2323 1416 2376 τὰ
1437 2323 1530 2378 δύο
1559 2326 1937 2381 καταϐαλοῦσα

277 2407 509 2476 δηνάρια
558 2407 619 2459 οὐ
668 2406 831 2461 πολὺν
877 2408 1036 2475 ὀγκον
1105 2408 1371 2480 κατέθηκε
1427 2412 1744 2482 χρημάτων,
1799 2413 1934 2468 ἀλλὰ

279 2495 443 2548 πολὺν
489 2493 717 2548 πλοῦτον
750 2495 1059 2562 ἐπεδείξατο
1110 2498 1502 2568 προαιρέσεως,
1550 2499 1800 2569 καθάπερ
1842 2502 1934 2555 καὶ

278 2573 429 2644 οῦτος
477 2583 534 2635 ἐν
580 2581 746 2652 πολλῇ
813 2583 974 2652 πενίᾳ
1024 2583 1264 2654 μεγάλην
1306 2583 1592 2656 εὐπορίαν
1631 2587 1935 2658 προθυμίας

279 2667 598 2737 παρέσχετο.
646 2667 824 2740 Ὅπερ
857 2667 964 2738 7&9
1017 2669 1188 2740 ἑτέρῳ
1232 2670 1426 2741 χωρία,
1472 2671 1566 2724 καὶ
1607 2673 1930 2743 ἀνδράποδα,

281 2755 375 2805 καὶ
401 2755 689 2824 οίκήματα,
745 2755 837 2808 καὶ
887 2754 1125 2827 χρυσίον,
1155 2756 1316 2810 τοῦτο
1362 2759 1552 2830 ἐκείνῳ
1597 2759 1656 2813 τὸ
1700 2760 1929 2826 δίκτυον,

282 2840 380 2891 καὶ
408 2841 442 2909 η
469 2839 716 2906 θάλαττα,
754 2844 848 2895 καὶ
885 2843 916 2913 ἠ
962 2842 1146 2914 τέχνη,
1179 2845 1271 2897 καὶ
1303 2845 1362 2899 τὸ
1395 2845 1596 2900 πλοῖον.
1646 2845 1733 2918 Μὴ
1759 2847 1932 2902 τοίνυν

287 2922 445 2975 τοῦτο
469 2923 677 2994 ἴδωμεν,
699 2928 747 2979 εί
777 2927 934 2995 ὀλίγα
958 2927 1188 2997 ἀφῆκεν,
1211 2929 1323 2982 ἀλλ’
1351 2931 1398 2983 εί
1430 2930 1502 3001 μὴ
1532 2933 1704 2986 πάντα
1733 2935 1928 3005 ἀφῆκε.

291 3010 454 3064 Τοῦτο
483 3013 586 3084 γάρ
616 3015 727 3068 ἐστι
746 3016 806 3068 τὸ
833 3015 1180 3086 ζητούμενον,
1209 3020 1307 3072 οὐκ
1327 3019 1478 3088 ὀλίγα
1508 3020 1540 3092 ἢ
1571 3021 1737 3074 πολλά
1765 3040 1925 3076 κατα-

286 3095 470 3163 θεῖναι,
507 3099 639 3152 ἀλλά
682 3103 844 3172 μηδὲν
889 3104 1092 3158 ἐλάττω
1138 3107 1236 3176 τῆς
1284 3107 1488 3171 οἰκείας
1519 3107 1795 3179 δυνάμεως
1817 3112 1929 3163 είσ-

280 3189 534 3252 ενεγκεῖν.
561 3189 743 3242 Πάντα
769 3191 948 3244 τοίνυν
975 3193 1153 3261 ἀφεὶς,
1185 3193 1277 3246 καί⁵
1314 3195 1564 3266 πατρίδα,
1594 3196 1689 3248 καὶ
1729 3197 1925 3259 οἰκίαν,

277 3273 369 3325 καὶ
409 3275 615 3342 φίλους,
651 3278 746 3331 καὶ
788 3277 1083 3347 συγγενεῖς,
1124 3280 1219 3334 καὶ
1259 3281 1428 3352 αὐτὴν
1463 3283 1560 3353 τὴν
1600 3283 1924 3352 ἀσφάλειαν⁸

273 3359 368 3412 καὶ
418 3360 526 3430 7&9
564 3362 656 3415 τὸν
707 3363 876 3434 δῆμον
925 3365 1017 3417 τὸν
1060 3366 1345 3420 Ἰουδαϊκὸν
1399 3369 1575 3440 ἑαυτῷ
1626 3370 1800 3442 τούτῳ
1850 3371 1929 3443 τῷ

272 3445 458 3516 τρόπῳ
478 3446 891 3520 ἑξεπολέμησενο
915 3451 1055 3519 Ἤδη
1086 3453 1213 3522 γὰρ,
1256 3455 1406 3525 φησὶ,
1437 3455 1761 3512 συνέθεντο
1795 3459 1929 3512 Ἰοαυ-

270 3532 446 3601 δαῖοι,
476 3535 585 3588 ἐάν
631 3553 721 3601 τις
767 3538 1112 3607 ὁμολογήσῃ
1140 3540 1324 3594 αὐτὸν
1359 3542 1631 3609 Χριστὸν,
1663 3545 1927 3599 ἀποσυν-

269 3621 497 3691 άγωγος
519 3622 776 3693 γένηται.
796 3625 955 3678 Ὅθεν
983 3626 1157 3696 δῆλον,
1183 3628 1262 3680 ὅτι
1289 3629 1388 3682 οὐκ
1414 3630 1776 3700 άμφέὸαλλεν,
1808 3634 1926 3688 οὐδὲ

268 3707 526 3762 ἐδεδοίκει
556 3711 802 3782 περὶτῆς
830 3711 1104 3781 βασιλείας
1137 3713 1246 3766 τῶν
1277 3715 1537 3786 οὐρανῶν,
1561 3717 1698 3771 ἀλλὰ
1722 3721 1924 3790 σφόδρα

265 3796 577 3861 ἐπέπειστο,
626 3799 719 3852 καὶ
749 3800 843 3852 ἀπ’
871 3800 1041 3869 αὐτῆς
1075 3800 1175 3871 τῆς
1205 3802 1312 3855 τῶν
1345 3805 1680 3872 πραγμάτων
1712 3808 1926 3861 ἀποδεί-

265 3883 425 3949 ξεως,
465 3886 558 3938 καὶ
587 3887 692 3958 πρὸ
719 3887 816 3957 τῆς
842 3886 949 3940 τῶν
978 3887 1312 3957 πραγμάτων
1338 3891 1661 3956 ἀποδείξεως
1692 3893 1798 3946 ἀπὸ
1825 3896 1924 3964 τῆς

260 3971 362 4023 τοῦ
409 3972 659 4044 Σωτῆρος
705 3976 906 4043 φωνῆς,
939 3973 1017 4026 ὅτι
1056 3974 1449 4046 κληρονομήσει
1488 3977 1704 4042 πάντως
1735 3981 1918 4052 αὐτήν.

261 4059 451 4113 Εἰπὼν
476 4061 598 4132 7&9,
627 4062 710 4114 ὃτι
741 4061 938 4131 Ἡμεῖς
963 4062 1277 4132 ἀφήκαμεν
1304 4064 1517 4127 πάντα,
1543 4065 1638 4118 καί
1668 4067 1924 4134 ἠκολου-

261 4147 537 4217 θήσαμέν
561 4164 680 4213 σοι,
721 4149 778 4201 τί
815 4148 961 4218 ἡμῖν
985 4149 1188 4214 ﬁatut;
1227 4150 1497 4222 ἀπεκρίθη
1528 4152 1711 4216 αὐτοῖς
1738 4156 1765 4207 6
1792 4156 1925 4226 Χρι-

262 4235 412 4297 στὸς.
442 4236 522 4287 ὅτι
554 4233 600 4286 Κ
605 4235 905 4304 αθήσεσθε
930 4236 1027 4289 ἐπὶ
1060 4235 1287 4290 δώδεκα
1317 4240 1586 4307 θρόνους,
1616 4242 1923 4310 κρίνοντες

259 4320 372 4386 τὰς
435 4320 662 4374 δώδεκα
725 4320 924 4390 φυλὰς
972 4323 1078 4376 τοῦ
1134 4324 1390 4391 Ἰσραήλ.
1447 4324 1629 4379 Ταῦτα
1685 4327 1742 4380 δέ
1793 4345 1922 4382 κατ-

259 4406 558 4470 εσκεύασα,
591 4407 677 4460 ἵνα
720 4409 847 4461 ὅταν
893 4409 1048 4475 δείξω
1091 4410 1248 4463 αὐτὸν
1291 4411 1606 4480 ἀγωνιῶντα
1637 4415 1776 4486 ὑπὲρ
1812 4417 1919 4470 τῶν

261 4494 587 4558 συνδούλων,
639 4496 714 4567 μὴ
749 4497 906 4567 εἴπης
936 4498 1016 4550 ὅτι
1050 4489 1188 4569 ὑπὲρ
1229 4499 1419 4553 ἑαυτοῦ
1465 4501 1741 4558 ἐδεδοίκει.
1794 4505 1918 4569 Πῶς

258 4581 372 4649 γὰρ
402 4580 465 4633 ἂν
489 4581 711 4647 ἔδεισεν,
753 4581 1053 4636 αὐτοῦ-τοῦ
1109 4584 1386 4654 μέλλοντος
1422 4589 1584 4641 αὐτὸν
1625 4591 1918 4658 στεφανοῦν

257 4670 682 4739 ἀποφηναμένου
715 4671 852 4740 ὑπὲρ
898 4670 990 4724 τοῦ
1042 4671 1304 4740 στεφάνου
1345 4677 1437 4728 καὶ
1475 4675 1584 4730 τῶν
1616 4677 1914 4748 βραϐείων;

259 4752 428 4819 υῦτος
451 4759 626 4809 τοίνυν
655 4759 683 4810 6
725 4759 945 4826 Πέτρος,
984 4761 1011 4812 ὀ
1046 4759 1223 4812 πάντα
1255 4761 1432 4829 ἀφεὶς,
1461 4765 1488 4815 6
1523 4763 1740 4836 θαρρῶν
1779 4769 1916 4840 ὑπὲρ

256 4847 358 4914 τῆς
384 4844 654 4913 βασιλείας
680 4845 784 4897 τῶν
815 4845 1079 4916 οὐρανῶν,
1104 4847 1484 4916 προσελθόντος
1509 4853 1634 4904 ποτὲ
1663 4854 1916 4910 πλουσίου

254 4933 421 4994 τινὸς,
457 4933 550 4985 καὶ
580 4933 822 4996 εἰπόντος
854 4933 932 5003 τῷ
964 4934 1197 5004 Χριστῷ,
1230 4935 1288 4988 Τί
1313 4935 1542 5002 ποιήσω
1577 4939 1676 4994 ἵνα
1703 4945 1916 5010 κληρο-

253 5020 504 5089 νομήσω
537 5020 690 5090 ζὶιιὴν
733 5021 1002 5086 αἰώνιον;
1036 5022 1130 5074 x011
1172 5020 1264 5073 τοῦ
1301 5022 1534 5094 Χριστοῦ
1576 5026 1710 5098 πρὸς
1757 5027 1948 5082 αὐτόν’

253 5119 722 5187 ἀποκριναμένου,
772 5121 839 5171 El
877 5118 1068 5183 θέλεις
1095 5117 1319 5184 τέλειος
1347 5115 1518 5184 εἶναι,
1549 5120 1759 5190 ὕπαγε,
1793 5123 1913 5177 πώ-

249 5217 458 5283 λησόν
497 5231 614 5268 σου
660 5215 733 5268 τὰ
773 5212 1133 5282 ὑπάρχοντα,
1187 5215 1283 5267 καὶ
1330 5214 1434 5280 δός
1485 5219 1758 5287 πτωχοῖς,
1815 5223 1911 5277 καὶ

249 5311 433 5378 δεῦρο
495 5312 808 5366 ἀκολούθει
849 5329 978 5381 μοι·
1033 5309 1150 5366 εἶτα
1200 5314 1333 5385 πρὸς
1379 5316 1535 5369 τοῦτο
1586 5317 1912 5388 λυπηθέντος

248 5409 482 5470 ἐκείνου,
509 5411 604 5463 καὶ
632 5409 875 5479 λέγοντος
894 5412 1007 5473 τοῖς
1036 5411 1302 5480 μαθηταῖς
1332 5411 1424 5464 τοῦ
1447 5413 1912 5484 Χριστοῦ,⁹ορᾶτε

246 5505 380 5572 πῶς
416 5505 728 5573 δυσκόλως
753 5507 1122 5576 εἰσέρχονται
1153 5511 1206 5560 οι
1243 5510 1524 5563 πλούσιοι
1555 5513 1642 5576 είς
1671 5511 1785 5580 τὴν
1797 5515 1911 5578 ,ϐα-

245 5604 490 5658 σιλείαν
528 5602 644 5656 τῶν
682 5603 983 5672 οὐρανῶν·
1029 5603 1210 5672 ἀμὴν,
1238 5604 1399 5674 ἀμὴν
1429 5605 1582 5674 λέγω
1615 5607 1774 5676 ὑμῖν,
1821 5610 1908 5662 ὅτι

247 5702 655 5782 εὐκοπώτερόν
682 5705 810 5761 ἐστι
841 5702 1112 5773 κάμηλον
1129 5704 1225 5758 διὰ
1248 5705 1627 5774 τρυπήματος
1650 5709 1902 5777 ῥαφίδος

2045 415 2363 479 εἰσελθεῖν,
2401 419 2440 486 ἢ
2487 421 2784 473 πλούσιον
2805 423 2892 487 είς
2915 422 3030 490 τὴν
3046 423 3371 486 ,βασιλείαν
3396 427 3502 484 τοῦ
3525 437 3671 490 Θεοῦ
3691 456 3704 468 ο

2045 501 2073 553 ὀ
2097 501 2321 571 Πέτρος,
2347 505 2375 555 6
2397 505 2678 575 ἀκτήμων,
2708 508 2737 558 6
2774 507 2990 578 θαρρῶν
3024 509 3163 580 ὑπὲρ
3192 515 3291 583 τῆς
3331 515 3626 586 βασιλείας,
3680 527 3708 578 6

2046 588 2184 658 ὑπὲρ
2221 589 2320 658 τῆς
2348 591 2540 657 ἑαυτοῦ
2567 592 2640 662 μὴ
2670 592 2922 657 δεδοικὼς
2961 598 3252 667 σωτηρίας,
3285 603 3312 653 6
3345 611 3707 677 πεπεισμένος

2047 675 2232 744 σαφῶς
2262 678 2389 746 περὶ
2415 678 2515 747 τῆς
2547 679 2664 732 ἐκεῖ
2686 679 2834 750 αὐτῷ
2852 681 3221 755 ἀποκειμένης
3250 688 3436 758 τιμῆς,
3471 675 3706 761 ἀκούσας

2043 762 2216 815 ταῦτα
2259 763 2434 831 ἔλεγε·
2487 767 2581 831 Τίς
2617 766 2863 819 δύναται
2903 768 3205 838 σωθῆναι;
3240 774 3304 826 Τί
3352 775 3617 843 δέδοικας,
3661 776 3707 835 ὦ

1987 844 1992 849 ’
2047 849 2283 919 μακάριε
2315 851 2527 922 Πέτρε;
2564 852 2616 904 τί
2657 853 2928 924 ἀγωνιᾷς;
2968 857 3020 908 τί
3054 858 3308 928 τρέμεις;
3351 863 3532 918 Πάντα
3558 867 3706 938 ἔρρι-

2042 932 2170 1020 φας’
2203 935 2379 989 πάντα
2430 937 2681 1006 ἀφῆκας’
2737 940 2866 1010 περὶ
2897 941 3006 992 τῶν
3047 943 3417 1001 πλουτούντων
3460 949 3488 1002 6
3527 932 3701 1020 λόῖτὸς.

2042 1017 2264 1074 ἐκείνων
2314 1024 2612 1094 κατηγορία
2656 1023 2718 1076 τὺ
2750 1025 3070 1097 λεγόμενον·
3118 1031 3181 1084 σὺ
3217 1031 3273 1084 δὲ
3312 1035 3369 1087 ἐν
3409 1039 3568 1108 πενίᾳ
3597 1017 3706 1092 -καὶ

2046 1107 2400 1180 ἀκτημοσύνῃ
2429 1110 2692 1175 διατελεῖς
2720 1113 2848 1177 ζῶν.
2883 1116 3019 1169 Ἀλλ’
3048 1118 3110 1170 οὐ
3139 1120 3200 1171 τὸ
3226 1121 3463 1190 ἐμαυτοῦ
3495 1107 3702 1191 σκοπῶ,

2045 1196 2231 1265 φησὶν,
2260 1196 2395 1250 ἀλλὰ
2421 1198 2514 1251 καὶ
2559 1198 2618 1251 τὺ
2650 1200 2852 1271 ἐτέρων
2892 1202 3174 1274 συμφέρον
3215 1207 3380 1278 ζητῶ.
3423 1211 3521 1265 Διὰ
3549 1215 3706 1268 τοῦτο

2045 1282 2187 1352 ὑπὲρ
2230 1283 2338 1335 τῶν
2382 1285 2503 1338 καθ’
2545 1286 2734 1339 ἑαυτὸν
2778 1287 3013 1360 θαρρῶν,
3057 1291 3197 1363 ὐπέρ
3236 1295 3344 1348 τῶν
3388 1296 3563 1352 ἄλλων
3608 1301 3705 1373 τὴν

2042 1366 2192 1454 [284]
2217 1369 2407 1454 πεῦσιν
2429 1373 2746 1443 προσήγαγε
2785 1373 2977 1444 λέγων,
3010 1378 3105 1442 Τίς
3125 1377 3374 1434 δύναται
3407 1366 3702 1454 σωθῆναι;

2112 1453 2173 1506 ε’.
2195 1449 2348 1544 Εἶδες
2361 1455 2467 1509 τῶν
2494 1458 2804 1514 ἀποστόλων
2828 1461 2924 1532 τὴν
2945 1463 3298 1535 κηδεμονίαν;
3323 1469 3439 1533 πῶς
3459 1471 3516 1524 ἒν
3545 1449 3704 1544 σῶμά

2041 1540 2212 1605 είσιν;
2245 1537 2385 1604 εἶδες
2415 1544 2530 1605 πῶς
2558 1544 2653 1596 καὶ
2682 1546 2821 1617 ὑπὲρ
2845 1549 2952 1602 τῶν
2979 1552 3260 1622 παρόντων
3302 1558 3395 1609 καὶ
3425 1558 3562 1632 ὑπὲρ
3593 1537 3702 1615 τῶν

2043 1627 2346 1697 μελλόντων
2368 1629 2618 1684 ἐδεδοίκει
2641 1634 2668 1685 6
2699 1633 2932 1705 Πέτρος;
2965 1637 3120 1691 Οὕτω
3145 1643 3238 1694 καὶ
3283 1643 3311 1696 6
3353 1627 3579 1711 Παῦλος.
3610 1650 3701 1702 Διὸ

2041 1715 2213 1785 ἔλεγε·
2263 1717 2615 1784 Γινώσκετε,
2656 1721 2746 1775 ότι
2786 1723 2855 1776 ἐν
2884 1725 3170 1795 ἐσχάταις
3198 1731 3440 1800 ἡμέραις
3479 1737 3697 1808 ὲνστ-ή-

2039 1817 2249 1857 σονται
2289 1807 2479 1874 καιροί
2520 1811 2802 1875 χαλεποί.
2842 1815 2951 1866 Καὶ
2999 1815 3232 1886 ἀλλαχοῦ
3276 1820 3333 1873 δὲ
3371 1822 3527 1876 τοῦτο
3556 1807 3700 1878 ποιεῖ

2039 1889 2219 1944 πάλιν.
2251 1891 2466 1964 Ἐπειδὴ
2484 1896 2592 1965 7&9
2610 1896 2798 1966 ἔμελλε
2818 1897 2998 1952 λοιπὸν
3019 1902 3349 1969 ἀφίστασθαι
3376 1907 3475 1977 τῆς
3491 1910 3694 1976 Ἀσίας,

2038 1978 2133 2068 καὶ
2167 1979 2256 2068 έπὶ
2415 1980 2630 2068 Ῥώμην
2664 1983 2911 2051 ἄγεσθαι,
2938 1989 3032 2040 καὶ
3070 1991 3278 2045 ἐκεῖθεν
3303 1994 3394 2046 ἐπὶ
3421 1997 3510 2049 τὸν
3533 1999 3695 2068 οὐρα-

2037 2063 2129 2116 νὸν
2163 2063 2460 2135 ἀποδημεῖν
2481 2083 2494 2094 ·
2530 2070 2558 2121 ὀ
2604 2067 2830 2133 θάνατος
2857 2072 2965 2142 γὰρ
2989 2074 3096 2127 τῶν
3130 2076 3296 2144 ἁγίων
3317 2080 3417 2134 οὐκ
3457 2081 3569 2136 ἔστι
3602 2063 3696 2139 θά-

2035 2325 2330 2410 Δεσπότην,
2356 2328 2464 2380 ἀπὸ
2490 2329 2598 2383 τῶν
2622 2331 2922 2403 ἀνθρώπων
2939 2337 3074 2405 πρὸς
3090 2340 3216 2402 τοὺς
3240 2342 3501 2410 ἀγγέλους
3523 2362 3536 2374 ’
3571 2348 3694 2401 ἐπεὶ

1985 2415 2002 2424 ⁶
2035 2408 2130 2509 οὖν
2157 2413 2380 2484 ἔμελλεν
2425 2418 2642 2473 ἀπιέναι
2688 2422 2826 2493 πρὸς
2853 2424 2945 2476 τὸν
2982 2425 3090 2479 τῶν
3126 2408 3379 2484 ἁπάντων
3417 2437 3693 2509 Δεσπότην

2033 2498 2184 2593 Θεὸν,
2211 2503 2314 2593 ⁸καί
2343 2504 2413 2556 τὰ
2441 2505 2560 2558 καθ’
2589 2508 2778 2560 ἑαυτὸν
2805 2510 2980 2563 πάντα
3014 2513 3193 2577 καλῶς
3216 2516 3550 2593 ᾠκονόμησε.
3585 2498 3692 2579 Κάὶ

2033 2585 2142 2682 γὰρ
2289 2590 2504 2682 χρόνον,
2542 2591 2605 2682 6v
2645 2595 2808 2666 συνῆν
2844 2598 2956 2659 τοῖς
2997 2585 3284 2671 μαθηταῖς,
3331 2585 3467 2674 μετά
3513 2610 3692 2682 πάσης

2032 2673 2316 2765 ἀκριϐείας
2350 2676 2448 2747 τὴν
2483 2679 2826 2736 διδασκαλίαν
2851 2685 3034 2749 αὐτοῖς
3072 2673 3357 2760 παρέθετο,
3391 2695 3481 2747 καὶ
3513 2673 3685 2765 λέγείξ

2032 2763 2303 2831 Καθαρός
2332 2765 2447 2834 ἐγὼ
2489 2767 2607 2822 ἀπὸ
2655 2768 2761 2824 τοῦ
2798 2771 3044 2840 αἵματος
3095 2775 3354 2842 πάντων,
3402 2783 3493 2834 καὶ
3538 2763 3688 2838 οὐδὲν

2033 2848 2296 2913 ἐνέλιπον,
2331 2852 2486 2940 φησὶ,
2515 2854 2623 2906 τῶν
2653 2855 2972 2922 ὀφειλόντων
3006 2863 3371 2936 είσενεχθῆναι
3411 2869 3543 2940 πρὸς
3585 2889 3690 2925 σω-

2031 2937 2246 3026 τηρίαν.
2289 2939 2354 2990 Τί
2403 2935 2526 3004 οὖν;
2573 2943 2758 3015 ἐπειδὴ
2804 2947 2872 2998 τὰ
2934 2948 3054 3000 καθ’
3101 2935 3290 3006 ἐαυτὸν
3333 2935 3686 3026 ἠσφαλίσατο,

2031 3024 2217 3119 ἐπειδὴ
2246 3027 2587 3094 ἐγκαλεῖσθαι
2610 3031 2708 3084 οὐκ
2745 3033 2975 3119 ήμελλεν
3003 3037 3110 3090 ἀπὸ
3134 3038 3226 3092 τοῦ
3253 3024 3520 3097 Δεσπότου
3551 3024 3688 3119 ὑπὲρ

2031 3111 2138 3165 τῶν
2170 3115 2289 3167 κατ’
2322 3116 2485 3169 αὐτὸν
2530 3118 2756 3188 χρόνων,
2782 3115 2889 3190 ἆρα
2923 3122 3164 3195 ἠμέλησε
3200 3127 3308 3180 τῶν
3346 3131 3481 3199 μετὰ
3517 3111 3687 3188 ταῦτα

2028 3199 2250 3270 ψυχῶν;
2279 3203 2542 3274 Οὐδαμῶς
2565 3220 2578 3235 ·
2615 3205 2728 3258 ἀλλ’
2753 3206 2939 3280 ῶσπερ
2969 3210 3176 3279 μέλλων
3204 3215 3298 3268 καὶ
3337 3218 3559 3272 ἐκείνων
3598 3222 3688 3273 εὐ-

2029 3287 2194 3352 θύνας
2223 3291 2466 3362 ὐπέχειν,
2492 3293 2663 3357 οὕτως
2687 3297 2915 3351 κάκεῖνα
2955 3301 3094 3369 μετά
3125 3303 3302 3373 πάσης
3330 3307 3508 3371 αὐτοῖς
3540 3309 3686 3379 λέγει

2025 3378 2125 3445 τῆς
2159 3376 2463 3447 ἀκριόείας.
2497 3381 2590 3434 καὶ
2612 3382 2749 3435 αὐτᾶ
2783 3383 2819 3436 ἃ.
2850 3385 3010 3438 πάλιν
3049 3389 3447 3464 ἀναγνὼσωμεν
3485 3396 3550 3449 τά
3585 3376 3684 3468 ρή-

2030 3479 2193 3533 ματαο
2224 3467 2575 3548 Προσέχετε,
2612 3472 2798 3540 φησὶν,
2832 3472 3066 3540 ἑαυτοῖς
3110 3477 3205 3530 καὶ
3241 3481 3414 3534 παντί
3446 3482 3526 3548 τῷ
3553 3467 3683 3538 ποι-

2020 3550 2191 3638 μνίῳ.
2227 3547 2377 3615 Εἶδες
2427 3554 2543 3618 πῶς
2580 3551 2649 3624 ἦν
2689 3557 3065 3630 συνδεδεμένος
3102 3563 3281 3616 αὐτῶν
3311 3569 3375 3638 τῇ
3409 3547 3682 3638 φροντίδι;

2037 3637 2220 3707 Ἡμῶν
2244 3640 2356 3726 μὲν
2395 3642 2503 3712 γάρ
2542 3644 2769 3708 ἕκαστος
2792 3646 2860 3698 τά
2899 3649 3020 3702 καθ’
3045 3651 3232 3704 ἑαυτὸν
3264 3637 3520 3726 μεριμνᾷ,
3560 3658 3587 3708 6
3625 3659 3681 3712 δὲ

2027 3725 2302 3794 προεστὼς
2335 3729 2403 3780 τά
2447 3731 2682 3784 πάντων.
2727 3732 2818 3785 Διό
2858 3752 2988 3806 φησι
3018 3737 3143 3808 περὶ
3184 3740 3290 3792 τῶν
3321 3725 3680 3798 διδασκάλωνο

2028 3812 2256 3877 Οἵτινες
2298 3815 2712 3882 ἀγρυπνοῦσιν
2758 3819 2905 3888 ὑπὲρ
2961 3821 3078 3876 τῶν
3122 3826 3336 3895 ψυχῶν
3373 3829 3554 3898 ὑμῶν,
3602 3834 3682 3900 ὠς

2024 3901 2212 3969 λόγον
2244 3901 2684 3970 ἀποδώσοντες.
2727 3907 2958 3977 Φοϐερὺν
2995 3909 3160 3974 ὅντως
3200 3913 3258 3965 τὸ
3289 3919 3622 3988 κρυπτήριον
3651 3934 3678 3962 α

2026 3987 2166 4057 ὑπὲρ
2189 3988 2443 4040 τοσούτου
2485 3988 2656 4059 δήμου
2695 3992 2791 4056 τὰς
2823 3993 3048 4058 εὐθύνας
3087 3997 3334 4068 ὑπέχεινο
3382 3987 3515 4067 ἀλλ’,
3545 4007 3680 4077 ὅπερ

2025 4073 2231 4142 ἔλεγον,
2267 4073 2500 4137 καλέσας
2527 4077 2723 4140 αὐτούς
2754 4095 2919 4148 φησι·
2951 4083 3284 4152 Προσέχετε
3309 4088 3541 4156 ἑαυτοῖς
3578 4073 3676 4148 καί

2023 4163 2200 4216 παντί
2238 4160 2316 4227 τῷ
2351 4164 2624 4230 ποιμνίῳ,
2659 4166 2727 4218 έν
2753 4159 2801 4232 ᾧ
2831 4167 2987 4235 ὑμᾶς
3026 4169 3192 4224 ἔθετο
3229 4172 3295 4225 τὸ
3334 4177 3575 4246 Πνεῦμα
3614 4181 3679 4234 τὸ

2023 4247 2194 4317 ἅγιον
2232 4249 2519 4317 ποιμένας
2562 4248 2660 4302 καὶ
2694 4249 3082 4320 ἐπισκόπους.
3124 4256 3188 4309 Τί
3224 4258 3474 4328 γέγονεν;
3535 4265 3680 4330 τίνος

2023 4336 2205 4389 ἕνεκεν
2237 4340 2550 4408 παραινεῖς;
2586 4341 2658 4408 μή
2686 4356 2738 4392 τι
2767 4343 3002 4412 προορᾷς
3029 4343 3231 4409 δεινόνς
3264 4349 3338 4417 μή
3368 4367 3418 4402 τι
3452 4353 3679 4422 προελέ-

2023 4441 2145 4486 πεις
2170 4425 2430 4494 χαλεπόνς
2466 4427 2538 4497 μή
2574 4442 2655 4488 τις
2679 4426 2940 4495 κίνδυνος,
2972 4432 3043 4503 μή
3074 4449 3158 4496 τις
3191 4436 3461 4506 συμφορὰ,
3489 4443 3562 4511 μή
3594 4458 3677 4505 τις

2021 4511 2291 4580 πόλεμος;
2328 4512 2460 4565 Εἰπέ
2483 4528 2498 4543 ’
2530 4513 2746 4585 καὶγὰρ
2775 4515 3098 4588 ὑψηλότερος
3122 4521 3153 4592 ἡ
3164 4522 3277 4590 μῶν
3303 4523 3557 4594 ἕστηκαςο
3582 4529 3677 4581 καὶ

1998 4599 2078 4650 ,οὐ
2106 4599 2172 4650 τὰ
2193 4599 2434 4669 παρόντα
2461 4599 2675 4670 βλέπεις
2701 4603 2879 4672 μόνον,
2902 4603 3036 4658 ἀλλὰ
3065 4608 3242 4661 καὶτὰ
3264 4610 3526 4680 μέλλοντα
3547 4631 3677 4684 προ-

2019 4689 2169 4759 ορᾷς.
2195 4689 2327 4742 Εἰπὲ
2357 4688 2532 4742 τοίνυν
2565 4690 2707 4754 τίνος
2743 4690 2926 4746 ἕνεκεν
2957 4697 3356 4764 παραγγέλλεις
3383 4700 3554 4754 ταῦτα
3582 4705 3676 4758 καὶ

2020 4779 2320 4844 παραινεῖς.
2355 4773 2519 4841 Οἶδα,
2555 4778 2736 4848 φησὶν,
2763 4779 2850 4831 ὅτι
2864 4782 3013 4849 μετὰ
3037 4782 3152 4850 τὴν
3175 4783 3382 4852 ἄφιξίν
3405 4805 3524 4855 μου
3552 4793 3675 4844 εἱσ-

2015 4865 2367 4918 ελεύσονται
2398 4865 2574 4918 λύκοι
2598 4865 2806 4933 ,βαρεῖς
2831 4869 2918 4932 εἰς
2945 4867 3011 4921 τὸ
3035 4870 3328 4937 ποίμνιον.
3365 4871 3514 4938 Εἶδες
3537 4878 3673 4950 ὅπερ

2015 4950 2220 5018 ελεγον,
2243 4951 2358 5014 πῶς
2377 4953 2474 5022 οὐχ
2495 4952 2634 5024 ὑπὲρ
2653 4953 2761 5005 τῶν
2787 4955 2907 5007 καθ’
2925 4956 3114 5009 ἑαυτὸν
3130 4957 3332 5027 χρόνων
3351 4961 3557 5035 ἀγωνιᾷ
3578 4969 3670 5022 καὶ

2014 5040 2218 5094 δέδοικε
2245 5042 2421 5112 μόνον,
2444 5043 2578 5095 ἀλλὰ
2605 5043 2698 5096 καὶ
2717 5043 2854 5116 ὑπὲρ
2873 5045 2979 5097 τῶν
3003 5047 3138 5114 μετὰ
3164 5048 3261 5118 τὴν
3280 5051 3461 5121 ἄφιξιν
3481 5056 3666 5123 αὐτοῦς

2014 5131 2483 5183 Είσελεύσονται
2512 5131 2620 5200 γὰρ
2645 5131 2838 5194 λύκοι,
2869 5133 3016 5203 φησί·
3045 5135 3138 5188 καὶ
3153 5140 3250 5207 οὐχ
3275 5139 3478 5208 ἁπλῶς,
3495 5143 3667 5211 λύκοι,

2015 5215 2168 5279 ἀλλὰ,
2202 5217 2382 5270 Λύκοι
2398 5217 2629 5283 βαρεῖς,
2659 5215 2746 5285 μὴ
2766 5218 3098 5289 φειδόμενοι
3128 5224 3232 5278 τοῦ
3258 5230 3556 5297 ποιμνίου.
3582 5235 3671 5284 Δι-

2013 5303 2180 5366 πλοῦς
2218 5305 2247 5355 ὀ
2296 5304 2550 5373 πόλεμος·
2581 5305 2815 5358 ἀπουσία
2847 5307 3079 5374 Παύλου,
3118 5313 3208 5365 καὶ
3229 5312 3412 5382 ἔφοδος
3443 5317 3550 5369 τῶν
3575 5319 3669 5370 λύ-

2012 5407 2142 5445 κων·
2164 5391 2282 5444 οὐδέ
2302 5393 2329 5443 ὀ
2345 5390 2660 5454 διδάσκαλος
2677 5392 2954 5464 πάρεστιν,
2974 5399 3064 5450 καὶ
3078 5399 3125 5450 οί
3145 5399 3546 5473 διαφθείροντες
3556 5406 3669 5456 ἐπι-

2012 5479 2301 5533 κείσονται.
2325 5479 2432 5532 Καὶ
2469 5480 2657 5533 σκόπει
2695 5484 3026 5554 κακουργίαν
3056 5485 3278 5559 θηρίων,
3303 5491 3396 5541 καὶ
3417 5490 3665 5562 πονηρῶν

2073 5721 2102 5752 ⁸
2123 5721 2204 5771 Sic
2227 5735 2298 5771 ms
2337 5720 2434 5772 Sed
2451 5722 2582 5774 haud
2605 5723 2751 5775 dubie
2793 5726 3056 5789 legendum
3077 5726 3332 5788 κριτήριον.
