4104 6214
389 280 492 336 272

392 395 694 468 ἀνθρώπων
728 398 966 450 ἐπίνοιαν
987 413 1000 429 ο
1041 399 1137 468 τὴν
1161 399 1428 453 ἀπουσίαν
1459 403 1910 473 παρετηρήσαντο
1954 399 2049 452 τοῦ

389 482 728 547 διδασκάλου,
765 485 856 537 καὶ
901 485 1020 538 τότε
1075 485 1327 538 ἐπέθεντο
1376 487 1454 556 τῷ
1501 489 1754 558 ποιμνίῳ.
1813 488 1877 540 Τί
1925 483 2050 551 ούν;

398 573 860 644 ἀπροστατεύτους
891 574 1036 644 ἡμᾶς
1065 575 1179 644 ἐᾷς,
1209 575 1304 628 καὶ
1330 575 1611 647 προλέγεις
1657 577 1725 629 τά
1767 575 1915 629 δεινά
1957 577 2054 645 μό-

398 677 504 722 νον,
533 659 787 729 οὐδεμίαν
827 660 883 713 δέ
934 664 1162 725 ἐπινοεῖς
1194 662 1579 732 παραμυθίαν;
1623 661 1784 716 Ἀλλά
1812 663 1877 716 ἂν

397 745 554 799 τοῦτο
577 749 753 817 ποιῇς,
785 747 984 817 μᾶλλον
1014 747 1199 812 αὔξεις
1225 749 1322 820 τήν
1338 750 1558 815 δειλίαν,
1586 751 1681 804 καὶ
1703 748 2059 811 καταϐάλλεις

398 833 464 886 τά
511 835 855 905 φρονήματα,
901 835 994 888 καὶ
1038 835 1248 900 ἐκλύεις
1288 836 1356 891 τά
1399 835 1584 908 νεῦρα,
1619 837 1914 907 παραλύεις
1960 835 2059 899 τάς

398 922 584 990 χεῖρας
636 919 740 973 τῶν
784 921 1108 978 ἀκουόντων.
1136 924 1236 976 Διά
1261 941 1344 977 τοι
1375 923 1532 977 τοῦτο
1571 923 1831 994 πρότερον
1864 923 2058 986 αὐτοὺς

395 1003 490 1059 τοῦ
519 1005 830 1077 Πνεύματος
859 1009 1162 1082 ἀνέμνησεν
1180 1027 1193 1040 °
1233 1013 1328 1064 Ἐν
1351 1004 1400 1078 ᾧ
1423 1010 1576 1080 ὑμᾶς
1607 1012 1670 1066 τὸ
1709 1011 1952 1080 Πνεῦμα
1993 1011 2058 1065 τὸ

397 1093 566 1162 ἅγιον
611 1093 776 1148 ἔθετο
817 1096 1104 1164 ποιμένας
1135 1097 1233 1151 καὶ
1280 1098 1670 1166 ἐπισκόπους.
1701 1099 1820 1153 Κᾶν
1854 1098 2062 1161 Παῦλος

397 1180 554 1250 ἀπίῃ,
600 1181 782 1250 φησὶν,
815 1181 927 1234 ἀλλ’
957 1183 986 1235 6
1033 1183 1387 1254 Παράκλητος
1432 1186 1713 1256 πάρεστιν.
1750 1182 1902 1249 Εἶδες
1945 1184 2062 1247 πῶς

399 1267 708 1336 ἐπτέρωσεν
733 1269 910 1321 αὐτῶν
935 1270 1032 1339 τὴν
1057 1269 1256 1341 ψυχὴν,
1284 1271 1598 1342 ἀναμνήσας
1623 1272 1718 1325 τοῦ
1740 1271 2062 1326 διδασκάλου

397 1351 492 1405 τοῦ
542 1353 708 1415 θείου,
744 1354 811 1407 δι’
839 1353 898 1406 ὃν
943 1356 1037 1408 καὶ
1081 1356 1242 1420 αὐτὸς
1290 1357 1480 1429 παρὼν
1530 1359 1721 1428 taxus;
1769 1357 1925 1421 Τίνος
1969 1354 2064 1410 οὖν

399 1438 583 1492 ἕνεκεν
617 1441 696 1503 είς
723 1441 885 1510 φόϐον
911 1442 1192 1508 ἐνέϐαλεν;
1225 1445 1340 1497 Ἵνα
1368 1445 1573 1518 ἐκϐάλῃ
1601 1444 1760 1500 πάλιν
1781 1445 1876 1516 τὴν
1897 1445 2066 1516 ρᾳθυ-

405 1527 554 1595 μίαν.
574 1528 838 1600 Ἐκάτερα
872 1529 980 1600 γάρ
1011 1529 1093 1582 δεῖ
1125 1533 1294 1584 ποιεῖν
1325 1531 1416 1584 τὸν
1444 1531 1893 1602 συμϐουλεύοντα,
1927 1535 2065 1602 μήτε

403 1614 616 1681 ἀφιέναι
644 1615 866 1687 θαρρεῖν
903 1617 995 1669 τὸν
1024 1617 1310 1681 ἀκούοντα,
1339 1619 1424 1672 ἵνα
1455 1619 1532 1690 μὴ
1575 1619 1942 1691 ῥᾳθυμότερος
1975 1620 2068 1686 γέο

403 1717 560 1771 νηται
581 1717 594 1731 ·
627 1705 763 1772 μήτε
805 1704 988 1770 φοϐεῖν
1016 1704 1174 1758 πάλιν
1203 1706 1386 1776 μόνον,
1420 1706 1506 1760 ῖνα
1535 1707 1611 1777 μὴ
1641 1707 1722 1770 είς
1746 1706 1946 1759 δειλίαν
1970 1709 2070 1776 ἐμ-

404 1788 565 1859 πέσῃ.
586 1788 925 1858 Ἀναμνήσας
956 1790 1055 1860 μὲν
1087 1787 1178 1844 οὖν
1203 1791 1296 1844 τοῦ
1331 1790 1666 1862 Πνεύματος,
1709 1793 1926 1858 ἐξέϐαλε
1971 1793 2068 1865 τήν

405 1876 634 1930 δειλίαν’
665 1876 834 1930 εἰπὼν
880 1877 936 1930 δὲ
981 1879 1106 1942 τοὺς
1139 1879 1608 1945 λύκους,-ἐξέϐαλε
1647 1882 1744 1952 τὴν
1775 1881 2068 1953 ρᾳθυμίαν.

405 1964 589 2016 Λύκοι
641 1964 874 2032 βαρεῖς,
898 1965 985 2033 μὴ
1035 1967 1369 2036 φειδόμενοι
1403 1969 1508 2022 τοῦ
1539 1971 1835 2038 ποιμνίου.
1886 1974 2073 2038 Προσ-

405 2051 574 2118 ἐχετε
613 2051 867 2119 ἑαυτοῖς.
902 2054 1094 2108 Οὐδὲν
1137 2055 1606 2127 ὑπεστειλάμην,
1635 2057 1803 2127 φησί’
1858 2076 2071 2129 μνημο-

406 2141 591 2194 νεύετέ
618 2159 740 2212 μου.
757 2143 956 2196 Ἱκανὸν
980 2143 1089 2214 γὰρ
1116 2145 1284 2209 δντως
1313 2149 1393 2209 είς
1417 2145 1480 2200 rb
1524 2146 1745 2217 θαρρεῖν
1771 2147 1831 2200 rb
1861 2147 2069 2218 μεμνῆ-

409 2228 530 2281 σθαι
565 2229 800 2285 Παύλου.
837 2232 947 2301 Οὐχ
975 2231 1160 2296 ἁπλῶς
1197 2233 1254 2286 δὲ
1280 2233 1426 2299 λέγει
1450 2234 1549 2306 τὴν
1577 2235 1795 2304 μνήμην
1823 2234 1923 2306 τὴν
1947 2235 2074 2288 ἐαυ-

407 2313 526 2374 τοῦ,
557 2315 692 2370 ἀλλά
720 2316 817 2386 τήν
845 2319 1064 2388 μνήμην
1087 2320 1195 2372 τῶν
1227 2320 1814 2391 κατορθωμάτων.”οτι
1847 2321 1954 2390 γάρ
1977 2323 2075 2392 οὐχ

409 2401 596 2466 ἁπλῶς
621 2402 768 2470 λέγει
790 2405 887 2470 τὴν
917 2406 1135 2476 μνήμην
1159 2406 1257 2478 τὴν
1283 2407 1468 2471 αὐτοῦ,
1494 2408 1714 2462 ἀλλ’ἵνα
1740 2409 2075 2480 μεμνημένοι

411 2488 746 2561 ζηλὼσωσιν.
781 2491 1068 2546 ἀκούσοντι
1113 2493 1423 2563 ἐπήγαγενο
1475 2495 1891 2563 Μνημονεύετέ
1936 2512 2073 2564 μου,

411 2577 500 2631 ὅτι
530 2578 790 2646 τριετίαν
827 2579 1018 2633 νύκτα
1057 2579 1154 2634 καὶ
1199 2581 1429 2650 ἡμέραν
1475 2584 1547 2637 οὐ
1592 2583 1896 2638 διέλειπον
1927 2586 2076 2653 μετά

411 2663 688 2732 δακρύων
717 2664 816 2718 καὶ
852 2663 971 2718 τῶν
995 2665 1267 2736 ὀδυρμῶν
1307 2669 1556 2723 ἐκείνων
1594 2668 1894 2734 ἁπάντων,
1937 2688 2078 2725 νου-

413 2749 600 2807 θετῶν
637 2751 747 2806 ἕνα
777 2751 1040 2806 ἕκαστον
1082 2753 1266 2823 ὑμῶν.
1296 2756 1407 2826 Οὐχ
1438 2755 1625 2820 ἁπλῶς
1649 2758 1791 2827 ὑμᾶς
1817 2757 2076 2829 βούλομαι

417 2839 726 2911 μεμνῆσθαί
756 2858 880 2912 μου.
911 2840 1047 2894 ἀλλά
1074 2843 1167 2895 καὶ
1190 2843 1282 2895 τοῦ
1314 2843 1505 2913 χρόνον
1533 2845 1627 2898 καὶ
1651 2847 1752 2916 τῆς
1773 2844 2076 2912 νουθεσίας,

413 2929 509 2981 καὶ
550 2927 649 2998 τῆς
695 2928 931 2999 σπουδῆς
962 2931 1054 2982 καὶ
1094 2929 1202 2983 τῶν
1235 2929 1504 3000 δακρύων,
1554 2931 1785 2985 καὶτῶν
1831 2931 2079 3003 ὀδυρμῶν

412 3015 636 3069 ἐκείνων
670 3016 938 3071 ἁπάντων.
973 3017 1238 3091 Καθάπερ
1280 3021 1386 3090 γὰρ
1418 3020 1511 3074 ἐπὶ
1537 3020 1646 3074 τῶν
1688 3021 2002 3092 καμνόντων
2028 3022 2079 3074 οι

414 3105 802 3175 προσήκοντες,
825 3105 1043 3160 ἐπειδάν
1070 3106 1296 3172 πολλοὺς
1317 3108 1410 3161 καὶ
1437 3108 1684 3180 μακροὺς
1701 3108 2081 3172 ἀποτείναντες

411 3190 601 3258 λόγους
648 3191 723 3263 μὴ
764 3193 1028 3246 πεισθῶσι
1075 3193 1142 3248 τά
1191 3195 1298 3248 τῶν
1347 3194 1771 3266 ἀρρωστούντων
1819 3195 2080 3268 προέσθαι

416 3279 560 3330 σιτία
593 3281 686 3332 καὶ
708 3279 996 3350 φάρμακα,
1021 3280 1364 3352 δακρύουσιν,
1384 3281 1521 3335 ὥστε
1547 3283 1744 3346 αὐτοὺς
1769 3282 2080 3352 ἐπικάμψαι

416 3364 648 3436 μᾶλλον·
700 3364 842 3419 οὕτω
888 3367 982 3420 καὶ
1025 3367 1232 3432 Παῦλος
1276 3370 1369 3421 ἐπὶ
1410 3369 1518 3422 τῶν
1567 3369 1823 3439 μαθητῶν
1867 3370 2040 3422 ἐποίει
2064 3387 2077 3399 ·

414 3451 576 3521 ἡνίκα
620 3451 686 3506 ἀν
715 3449 853 3505 εἶδεν
881 3453 1207 3508 ἀσθενοῦντα
1251 3455 1340 3509 rbv
1389 3456 1544 3524 λόγον
1585 3457 1682 3526 τῆς
1713 3456 2078 3520 διδασκαλίας,

415 3539 512 3608 τὴν
541 3537 834 3610 θεραπείαν
861 3541 959 3613 τὴν
991 3543 1098 3595 ἀπὸ
1125 3543 1232 3596 τῶν
1262 3543 1513 3614 δακρύων
1542 3544 1810 3612 εἰσέφερε.

486 3681 667 3748 ξ’ὕΐίς
703 3684 757 3738 δὲ
781 3685 882 3739 ούκ
914 3685 980 3739 ἂν
1012 3687 1210 3758 ᾐδέσθη
1232 3689 1438 3742 Παῦλον
1463 3688 1762 3762 δακρύοντα
1783 3694 1876 3746 καὶ
1897 3693 2081 3763 ὀδυρόο

420 3789 578 3842 μενον
612 3772 776 3844 ὀρῶν,
801 3776 848 3828 εί
874 3775 964 3828 καὶ
995 3775 1104 3828 τῶν
1126 3775 1287 3830 λίθων
1321 3777 1768 3850 ἀναισθητότερος
1797 3775 1898 3851 ἦν;
1930 3778 2083 3846 Εἶδες

417 3859 536 3922 πῶς
561 3861 722 3914 κάκεῖ
751 3865 979 3933 προεῖπε
1024 3863 1091 3917 τά
1137 3864 1428 3934 μέλλοντα;
1467 3866 1574 3918 Καὶ
1603 3867 1836 3921 ἐνταῦθα
1864 3866 1924 3921 τὸ
1953 3870 2086 3922 αὐτὸ

415 3948 578 4002 τοῦτο
611 3952 754 4002 ποιεῖ
780 3950 980 4018 λέγων’
1019 3952 1195 4007 Τοῦτο
1233 3951 1300 4006 δὲ
1323 3953 1660 4024 γινώσκετε,
1693 3956 1780 4010 ὅτι
1810 3957 1880 4009 ἐν
1902 3958 2086 4026 ἐσχά-

415 4054 545 4103 ταις
585 4037 829 4106 ἠμέραις
868 4039 1266 4108 ἐνστήσονται
1304 4043 1493 4110 καιροὶ
1533 4044 1805 4112 χαλεποί.
1842 4044 1997 4108 Τίνος
2027 4045 2084 4098 δὲ

415 4127 601 4180 ἕνεκεν
621 4127 869 4198 Τιμοθέῳ
900 4127 1066 4197 λέγει.
1099 4129 1190 4182 καὶ
1215 4127 1274 4182 οὐ
1287 4125 1453 4196 λέγει·
1488 4129 1762 4184 Ἰδέτωσαν
1790 4131 1846 4184 δὲ
1870 4133 1918 4184 οἱ
1948 4134 2087 4203 μετά

415 4214 587 4267 ταῦτα
623 4215 904 4284 μέλλοντες
934 4215 1200 4285 γίνεσθαι,
1230 4217 1311 4270 ὅτι
1349 4217 1694 4289 ἐνστήσονται
1728 4219 1910 4290 καιροὶ
1936 4218 2088 4290 χαλε·

417 4304 550 4366 ποί;
591 4303 749 4356 ’Λλλά
779 4305 1010 4372 γίνωσκε
1047 4305 1131 4368 σύ,
1173 4305 1259 4358 ἴνα
1294 4304 1468 4378 μάθῃς
1513 4308 1594 4360 ὅτι
1639 4307 1731 4360 καὶ
1770 4309 1798 4360 6
1841 4309 2086 4378 μαθητὴς

417 4390 618 4458 ὁμοίως
645 4390 723 4460 τῷ
750 4391 1054 4461 διδασκάλῳ
1081 4391 1188 4444 τῶν
1220 4393 1491 4464 ἐσομένων
1538 4394 1779 4463 κήδεται.
1815 4395 1947 4448 Οὐδέ
1978 4395 2086 4467 γὰρ

419 4478 468 4528 εἰ
497 4475 571 4545 μὴ
600 4477 838 4545 ἐκήδετο,
871 4479 1268 4547 παραπλησίως
1314 4481 1506 4551 ἐκείνῳ
1554 4481 1651 4552 τὴν
1697 4482 1952 4551 φροντίδα
1998 4486 2086 4535 ἐν-

421 4563 615 4634 έθηκεν
641 4563 723 4615 άν.
754 4562 908 4616 Οὕτω
937 4566 1032 4617 καὶ
1061 4564 1090 4616 6
1114 4566 1344 4636 Χριστὸς
1365 4571 1544 4620 ποιεῖ·
1573 4567 1761 4639 ἐπειδὴ
1786 4567 1893 4638 γάρ
1918 4587 2086 4639 προσ-

420 4648 582 4720 ἦλθον
613 4653 660 4704 οἱ
697 4650 954 4721 μαθηταὶ,
978 4651 1045 4704 ra
1078 4653 1322 4723 περὶτῆς
1348 4655 1652 4718 συντελείας
1685 4657 1876 4725 μαθεῖν
1904 4657 2087 4710 θέλον-

421 4755 531 4803 τες,
567 4741 698 4812 φησὶ
726 4739 863 4811 πρὸς
886 4741 1079 4804 αὐτούς
1105 4760 1116 4770 ·
1145 4742 1491 4808 Μελλήσετε
1529 4743 1598 4797 δὲ
1639 4745 1880 4798 ἀκούειν
1905 4746 2086 4800 πολέ-

416 4845 590 4897 μους.
627 4830 734 4883 Καὶ
789 4820 894 4900 μὴν
941 4831 1040 4882 οὐκ
1091 4831 1284 4883 ἐκεῖνοι
1338 4830 1560 4899 ἐμελλον
1608 4832 1825 4886 ἀκούειν
1858 4834 1952 4886 Ἓν
1979 4834 2087 4906 γάρ

424 4916 539 4968 ἐστι
587 4916 648 4969 rb
694 4917 850 4988 σῶμα
886 4917 995 4970 τῶν
1026 4919 1248 4971 πιστῶν.
1292 4920 1399 4971 Καὶ
1429 4919 1680 4990 καθάπερ
1708 4923 1757 4974 οἱ
1784 4921 1903 4975 τότε
1934 4921 2086 4986 ὄντες

425 5004 554 5075 περὶ
601 5004 708 5057 τῶν
758 5006 996 5077 ύστέρων
1029 5005 1332 5071 ἀκούουσιν,
1365 5005 1508 5059 οὕτω
1529 5007 1592 5079 δὴ
1637 5009 1728 5062 καὶ
1759 5011 1917 5080 ἡμεῖς
1959 5011 2086 5081 περὶ

423 5091 533 5144 τῶν
552 5091 672 5145 τότε
697 5095 999 5164 γενομένων
1027 5095 1570 5168 μανθάνομεν.“Οπερ
1599 5097 1706 5167 γὰρ
1734 5093 1905 5161 εἷπον,
1932 5097 2088 5169 σῶμα

425 5177 484 5231 ἐν
511 5178 676 5247 ἐσμεν
709 5180 865 5249 ἡμεῖς
894 5181 1151 5240 κάκεῖνοι.
1189 5182 1324 5250 μετά
1366 5181 1646 5255 ἀκριϐείας
1689 5182 1937 5254 ἀλλήλοις
1963 5201 2088 5238 συν-

425 5263 718 5336 δεδεμένοι,
751 5267 798 5318 εί
836 5268 930 5318 καὶ
957 5267 1054 5323 τὴν
1080 5268 1314 5337 ἐσχάτην
1345 5267 1452 5319 τῶν
1489 5268 1664 5337 μελῶν
1689 5269 1956 5340 ἐπέχομεν
1991 5270 2088 5324 τά·

429 5351 510 5417 ξιν
529 5367 544 5382 ⁸
577 5351 671 5404 καὶ
697 5354 758 5404 rb
790 5350 948 5422 σῶμα
975 5351 1133 5406 τοῦτο
1155 5354 1215 5405 οὐ
1254 5354 1443 5423 χρόνος
1474 5354 1757 5425 διίστησιν,
1793 5357 1853 5408 ού
1885 5356 2048 5420 τόπος
2069 5375 2082 5388 ο

430 5437 783 5508 συνδεδέμεθα
815 5438 922 5508 γάρ
950 5438 1216 5508 ἀλλήλοις,
1251 5440 1312 5492 οὐ
1351 5439 1554 5511 νεύρων
1600 5441 1930 5511 περιϐολαῖς,
1973 5442 2086 5495 ἀλλ’

429 5525 646 5596 ἀγάπης
697 5523 845 5596 [286]
894 5525 1111 5595 δεσμοῖς
1159 5525 1609 5596 περιϐεϐλημένοι
1661 5528 1940 5582 πάντοθεν.
1991 5529 2086 5582 Διά

431 5611 586 5664 τοῦτο
610 5612 702 5665 καὶ
729 5613 952 5676 ἐκείνοις
983 5613 1106 5683 περὶ
1147 5613 1304 5683 ἡμῶν
1333 5613 1653 5682 διαλέγεται,
1689 5613 1784 5667 καὶ
1826 5617 1985 5684 ἡμεῖς
2021 5615 2088 5669 τά

433 5697 650 5751 ἐκείνων
677 5699 1200 5771 ἀκούσωμεν.’Δξιον
1227 5701 1282 5756 δὲ
1303 5696 1528 5773 ζητῆσαι
1554 5704 1789 5768 κάκεῖνο,
1822 5702 1872 5755 τί
1889 5702 2082 5772 δήποτε

1149 282 1204 338 S.
1245 281 1528 339 JOANNIS
1564 279 2048 341 CHRYSOSTOMI
2087 284 2402 342 ARCIIIEP.
2440 285 2983 344 CONSTANTINOP.

3709 283 3824 336 278

2159 403 2432 472 πανταχοῦ
2454 404 2518 456 τά
2552 403 2848 474 σκυθρωπά
2868 402 3002 472 πρὸς
3024 400 3090 453 τὰ
3115 399 3239 467 τέλη
3256 395 3351 465 τῆς
3373 395 3651 468 παρούσης
3675 393 3830 465 ζωῆς

2157 489 2496 558 συνωθῆσθαί
2545 507 2697 559 φησι.
2735 491 2841 543 Καὶ
2870 489 2978 560 γὰρ
3009 485 3239 555 ἀλλαχοῦ
3278 485 3425 553 λέγει
3446 503 3457 514 ο
3506 485 3609 538 Ἐν
3635 483 3828 550 ἐσχά-

2157 593 2286 640 ταις
2313 576 2557 644 ἡμέραις
2585 575 3040 642 ἀποστήσονταὶ
3070 589 3225 637 τινες
3254 571 3362 641 τῆς
3392 573 3648 636 πίστεως
3666 587 3678 598 ·
3728 571 3830 622 καὶ

2157 661 2388 715 ἐνταῦθα
2431 663 2588 715 πάλιν
2644 662 2828 731 λέγει’
2869 664 2964 714 Ἐν
2995 659 3280 728 ἐσχάταις
3322 657 3567 728 ἡμέραις
3605 656 3831 720 ἐνστή-

2157 766 2369 804 σονται
2430 751 2621 818 καιροὶ
2683 750 2956 818 χαλεποί.
3013 749 3122 802 Καὶ
3178 748 3207 799 6
3264 746 3496 817 Χριστὸς
3556 745 3832 814 σύμφωνα

2156 836 2365 900 τούτοις
2397 825 2798 908 προαναφωνῶν
2822 837 2934 904 έλεγ
2947 853 3003 888 εν
3020 853 3033 866 ·
3066 835 3188 887 Ἐπί
3210 835 3317 904 γάρ
3337 831 3448 900 τῆς
3468 831 3832 896 συντελείας

2153 921 2490 993 μελλήσετε
2528 924 2772 978 ἀκούειν
2806 922 3106 990 πολέμους
3151 919 3248 973 καὶ
3295 917 3482 982 ἀκοὰς
3524 916 3831 986 πολέμων,

2159 1010 2257 1064 καὶ
2281 1010 2496 1078 λιμοὺς
2520 1009 2617 1063 καὶ
2643 1010 2910 1080 λοιμούς.
2943 1008 3097 1072 Τίνος
3126 1005 3218 1061 οὖν
3247 1006 3432 1060 ἕνεκεν
3459 1007 3517 1059 ἐν
3545 1007 3612 1077 τῇ
3643 1021 3837 1057 συντε-

2161 1097 2278 1167 λείᾳ
2305 1098 2365 1151 rb
2397 1097 2624 1168 μέγεθος
2654 1098 2799 1168 καὶὴ
2833 1097 3045 1160 σύνοδος
3064 1096 3172 1148 τῶν
3198 1093 3526 1165 συμφορῶν;
3552 1092 3709 1154 Τινές
3729 1091 3837 1161 μέν

2163 1201 2342 1252 φασιν,
2370 1185 2453 1238 ὅτι
2501 1186 2780 1254 κάμνουσα
2813 1185 2846 1252 ἡ
2889 1183 3060 1247 κτίσις
3105 1183 3196 1236 καὶ
3223 1180 3544 1243 ἀσθενοῦσα,
3578 1178 3837 1249 καθάπερ

2165 1273 2325 1342 σῶμα
2368 1271 2675 1343 γεγηρακὸς
2720 1270 2888 1323 πολλὰ
2930 1271 3226 1324 ἐπισπᾶται
3255 1269 3324 1320 τά
3357 1267 3654 1338 νοσήματα,
3688 1265 3838 1317 οὕτω

2162 1361 2255 1412 καὶ
2313 1356 2450 1429 αὐτὴ
2499 1359 2728 1432 γηρῶσα
2779 1357 2978 1420 πολλάς
3029 1359 3327 1410 ἐπισπᾶται
3374 1354 3474 1418 τὰς
3522 1353 3836 1424 συμφοράς.

2176 1444 2336 1499 Ἀλλά
2360 1445 2421 1498 τὸ
2453 1445 2551 1516 μέν
2589 1445 2746 1516 σῶμα
2789 1443 2932 1499 κατά
2973 1443 3182 1513 φύσεως
3211 1442 3493 1495 ἀσθένειαν
3541 1442 3636 1494 καὶ
3669 1440 3840 1509 νόμον

2165 1531 2258 1586 ἐπὶ
2285 1532 2346 1585 τὸ
2375 1532 2552 1604 γῆρας
2580 1533 2796 1603 ἔρχεται
2821 1549 2837 1562 ο
2871 1533 2920 1584 οἱ
2949 1531 3007 1584 δὲ
3041 1531 3218 1601 λοιμοὶ
3265 1530 3358 1583 καὶ
3390 1529 3436 1582 οἰ
3468 1527 3696 1596 πόλεμοι
3741 1523 3841 1578 καὶ

2163 1620 2214 1671 οι
2241 1617 2453 1687 σεισμοὶ
2481 1618 2542 1670 οὐ
2567 1618 2652 1670 διὰ
2679 1617 2741 1670 rb
2770 1618 2943 1688 γῆρας
2973 1617 3070 1688 τῆς
3097 1613 3326 1680 κτίσεώς
3370 1616 3524 1668 εἰσιν.
3548 1613 3686 1668 Οὐδὲ
3727 1612 3842 1682 γάρ

2167 1704 2350 1777 ἐπειδὴ
2385 1704 2455 1758 τὰ
2493 1703 2764 1775 κτίσματα
2799 1705 2970 1759 ταῦτα
3008 1705 3154 1775 γηρᾷ
3177 1745 3192 1769 ,
3245 1703 3332 1756 διά
3370 1702 3529 1755 τοῦτο
3563 1701 3634 1754 τά
3669 1701 3839 1770 νοσή-

2171 1811 2316 1863 ματα
2339 1792 2510 1845 ταῦτα
2531 1809 2543 1821 ·
2578 1793 2745 1862 Λιμοὶ
2773 1795 2902 1864 γὰρ,
2933 1793 3030 1846 καὶ
3058 1791 3274 1861 λοιμοὶ,
3301 1789 3397 1844 καί
3429 1787 3667 1858 σεισμοὶ
3687 1788 3844 1841 κατὰ

2168 1881 2418 1944 τόπους·
2475 1879 2589 1933 ἀλλ’
2635 1878 2818 1950 ἐπειδὴ
2862 1878 2972 1932 τῶν
3014 1876 3317 1948 ἀνθρώπων
3373 1878 3407 1946 ἡ
3470 1872 3660 1945 γνώμη
3721 1873 3846 1926 δια·

2169 1967 2486 2038 φθείρεσθαι
2526 1966 2737 2038 μέλλει·
2774 1965 3054 2037 ἁμαρτιῶν
3090 1964 3199 2034 γάρ
3233 1966 3378 2016 ἐστιν
3415 1962 3628 2016 ἅπαντα
3669 1959 3844 2014 ταῦτα

2170 2055 2538 2124 κολαστήρια,
2591 2054 2684 2108 καὶ
2739 2053 3059 2123 νοσημάτων
3129 2049 3480 2122 ἀνθρωπίνων
3547 2048 3842 2118 φάρμακα.

2172 2145 2279 2196 Καὶ
2312 2143 2419 2214 γὰρ
2465 2143 2534 2196 τά
2578 2143 2860 2213 νοσήματα
2889 2141 2956 2194 τὰ
2990 2139 3305 2211 ἀνθρώπινα
3331 2137 3449 2191 τότε
3489 2135 3841 2190 ἐπιτείνεται.

2171 2232 2282 2284 Καὶ
2327 2231 2468 2294 τίνος
2513 2229 2698 2283 ἐνεκεν
2730 2228 2850 2282 τότε
2888 2228 3245 2293 ἐπιτείνεται;
3273 2223 3628 2298 φησίν.Ἑμοὶ
3670 2223 3841 2285 δοκεῖ,

2172 2319 2252 2372 ὅτι
2282 2317 2468 2388 ἐπειδὴ
2493 2317 2725 2389 χρονίζει
2754 2317 2813 2370 rb
2843 2317 3208 2388 δικαστήριον,
3234 2315 3328 2370 καὶ
3361 2313 3639 2384 μέλλουσιν
3670 2312 3724 2364 αἱ
3746 2313 3843 2363 εὐ-

2174 2399 2349 2463 θῦναί,
2401 2403 2496 2454 καὶ
2535 2399 2686 2454 οῦπω
2727 2399 3100 2471 παραγέγονεν
3148 2400 3177 2452 6
3217 2397 3429 2470 κριτής,
3483 2395 3847 2467 ῥᾳθυμότεροι

2173 2488 2412 2557 γίνονται
2438 2487 2490 2540 οί
2522 2485 2802 2554 μέλλοντες
2835 2486 2992 2555 λόγον
3016 2484 3441 2556 ὑπέχειν.⁶’οπερ
3466 2479 3558 2536 οὖν
3589 2482 3684 2535 καὶ
3713 2480 3849 2550 περὶ

2173 2573 2268 2628 τοῦ
2292 2571 2528 2645 πονηροῦ
2555 2573 2766 2627 οἰκέτου
2795 2573 2958 2644 φησὶν
2986 2574 3015 2626 6
3042 2571 3292 2642 Χριστὸς,
3319 2571 3401 2623 ὅτι
3422 2568 3629 2624 ἐκεῖθεν
3651 2568 3851 2635 γέγονε

2179 2661 2564 2733 ρᾳθυμότερος.
2593 2659 2843 2729 Χρονίζει
2872 2661 2980 2733 γὰρ
3011 2662 3039 2714 6
3074 2659 3273 2731 Κύριός
3310 2675 3434 2729 μου,
3461 2657 3623 2727 φησὶν
3649 2656 3676 2708 6
3699 2656 3852 2708 οἰκέ-

2175 2766 2294 2819 της,
2330 2747 2424 2801 καὶ
2448 2747 2536 2801 διὰ
2579 2745 2736 2800 τοῦτο
2763 2748 2890 2812 τοὺς
2921 2747 3236 2821 συνδούλους
3261 2745 3478 2808 ἔτυπτε,
3510 2744 3604 2797 καὶ
3636 2743 3731 2814 τὴν
3758 2743 3850 2795 δε-

2179 2834 2441 2906 σποτικὴν
2467 2833 2811 2907 διετάραττεν
2847 2834 3052 2888 οὐσίαν.
3083 2833 3181 2886 Διά
3209 2831 3365 2885 τοῦτο
3403 2832 3498 2885 καλ⁵
3539 2831 3568 2883 6
3612 2828 3852 2900 Χριστὸς

2177 2924 2289 2986 τοῖς
2339 2922 2607 2993 μαθηταῖς
2657 2919 2966 2975 συνελθοῦσι
2998 2920 3091 2974 καὶ
3127 2919 3468 2990 βουλομένοις
3503 2916 3693 2988 μαθεῖν
3747 2916 3852 2986 τὴν

2179 3009 2392 3080 ἡμέραν
2424 3010 2523 3080 τῆς
2551 3008 2877 3072 συντελείας,
2912 3007 3012 3061 οὐκ
3051 3007 3224 3075 ἔλεγε,
3255 3009 3320 3077 τῇ
3352 3005 3545 3076 ἀδηλίᾳ
3577 3005 3682 3058 τῶν
3714 3003 3849 3072 μελο

2179 3096 2377 3150 λόντων
2413 3095 2737 3164 ἐναγωνίους
2769 3097 2915 3166 ἡμᾶς
2945 3093 3114 3148 ποιῶν
3157 3093 3437 3165 διηνεκῶς,
3485 3092 3570 3146 ινα
3620 3091 3855 3155 ἐκαστος

2182 3186 2268 3240 ἀεὶ
2319 3183 2630 3256 προσδοκῶν
2671 3185 2732 3238 rb
2779 3185 2990 3255 μέλλον,
3025 3183 3118 3238 καὶ
3163 3185 3220 3236 ἐν
3264 3182 3473 3237 ἐλπίσιν
3507 3183 3581 3236 ὣν
3619 3183 3716 3252 τῆς
3753 3182 3852 3234 τοῦ

2181 3272 2418 3345 Χριστοῦ
2441 3272 2765 3344 παρουσίας,
2793 3269 3275 3344 σπουδαιότερος
3299 3272 3396 3326 Διά
3414 3270 3574 3324 τοῦτο
3599 3272 3856 3339 παραινεῖ

2179 3382 2263 3428 τις
2309 3365 2509 3432 λέγων·
2565 3363 2662 3433 Μὴ
2709 3362 3053 3418 ἀναϐάλλου
3095 3360 3450 3428 ἐπιστρέψαι
3481 3359 3579 3412 ἐπὶ
3609 3357 3852 3423 Κύριον,

2181 3451 2334 3521 μηδὲ
2364 3450 2622 3522 ἀνάμενε
2643 3451 2871 3522 ἡμέραν
2889 3450 2958 3514 ἐξ
2983 3448 3225 3518 ἡμέρας,
3251 3449 3482 3516 μήποτε
3505 3447 3585 3511 ὡς
3601 3444 3853 3510 μέλλεις

2183 3537 2716 3608 ἐκτριϐᾔς.⁹Αδηλός
2750 3539 2896 3591 ἐστιν
2927 3536 2961 3606 ἡ
2991 3533 3235 3604 τελευτὴ,
3279 3531 3434 3604 φησὶ,
3460 3533 3554 3586 καὶ
3581 3531 3668 3584 διὰ
3694 3529 3856 3583 τοῦτο

2184 3626 2398 3697 ἄδηλος,
2439 3627 2528 3680 ἵνα
2568 3628 2655 3679 ἀεὶ
2701 3622 3024 3694 σπουδάζῃς.
3055 3621 3153 3692 Διά
3189 3620 3348 3675 τοῦτο
3391 3619 3466 3683 ὡς
3512 3620 3749 3687 κλέπτης
3793 3620 3854 3670 ἐν

2184 3715 2360 3778 νυκτὶ,
2389 3714 2561 3777 οὕτως
2607 3715 2640 3782 ἡ
2681 3712 2862 3783 ἡμέρα
2892 3709 3091 3782 Κυρίου
3129 3709 3377 3781 1ἔρχεται·
3405 3708 3504 3778 οὐχ
3534 3707 3623 3760 ῖνα
3653 3707 3852 3776 κλέψῃ.

2184 3803 2298 3856 ἀλλ’
2319 3802 2407 3855 ἵνα
2440 3803 2584 3872 ἡμᾶς
2605 3799 3037 3870 ἀσφαλεστέρους
3061 3799 3275 3867 ποιήσῃ.
3295 3795 3352 3849 ⁸0
3373 3795 3482 3864 γάρ
3500 3794 3591 3848 τὸν
3612 3793 3853 3862 κλέπτην

2185 3887 2453 3960 προορῶν,
2476 3889 2533 3940 ἐν
2561 3884 2836 3958 ἀγρυπνία
2862 3883 3056 3952 διάγει,
3085 3884 3178 3936 καὶ
3205 3881 3395 3952 λύχνον
3426 3879 3569 3950 ἅψας
3601 3879 3688 3933 διὰ
3722 3887 3858 3962 παν-

2185 3977 2276 4040 τὸς
2309 3977 2628 4048 ἐγρήγορεν.
2652 3973 2838 4032 Οὕτως
2860 3967 2953 4025 οῦν
2979 3971 3073 4025 καὶ
3102 3971 3258 4041 ὑμεῖς
3285 3971 3520 4040 ἆψαντες
3541 3969 3601 4021 rb
3621 3967 3733 4036 φῶς
3755 3967 3857 4035 τῆς

2187 4065 2420 4127 πίστεως
2466 4063 2558 4116 καὶ
2604 4061 2700 4132 τῆς
2747 4059 2911 4131 ὀρθῆς
2946 4058 3246 4121 πολιτείας,
3291 4056 3519 4128 φαιδράς
3560 4056 3707 4125 ἔχετε
3756 4055 3857 4118 τὰς

2187 4151 2471 4224 λαμπάδας
2493 4152 2550 4202 ἐν
2568 4146 2842 4218 ἀγρυπνίᾳ
2868 4146 3121 4215 διηνεκεῖ.
3141 4144 3357 4215 Ἐπειδὴ
3381 4143 3489 4213 γάρ
3511 4143 3609 4196 οὐκ
3632 4141 3858 4224 οἴδαμεν

2189 4222 2318 4293 πότε
2367 4240 2396 4292 6
2441 4236 2671 4306 νυμφίος
2725 4229 2963 4314 ἔρχεται,
2996 4233 3078 4284 δεῖ
3122 4231 3668 4302 παρεσκευασμένους
3711 4222 3857 4280 εἶναι

2188 4327 2275 4380 διὰ
2307 4323 2524 4386 παντὸς.
2555 4323 2620 4376 ἵν’
2648 4321 2773 4374 ὅταν
2799 4319 2950 4392 ἔλθῃ,
2981 4314 3247 4390 νήφοντας
3277 4315 3432 4390 εὕρῃ.

2260 4478 2326 4541 ζ’.
2343 4473 2670 4543 Ἐϐουλόμην
2691 4473 2928 4524 ἐκτεῖναι
2941 4470 3030 4522 τὸν
3043 4469 3197 4537 λόγον
3217 4485 3228 4498 ·
3247 4466 3381 4520 ἀλλά
3403 4463 3682 4518 καὶταῦτα
3701 4463 3859 4532 μόλις

2189 4565 2398 4634 ἀφῆκεν
2418 4563 2591 4615 εἰπεῖν
2611 4559 2645 4630 ἡ
2665 4557 2758 4612 τοῦ
2783 4556 3034 4628 σώματος
3058 4556 3328 4616 ἀσθένεια,
3354 4554 3420 4606 δι’
3440 4553 3506 4622 ἡν
3529 4553 3620 4604 τὸν
3646 4553 3860 4622 μακρὸν

2189 4652 2374 4705 τοῦτον
2407 4649 2558 4719 ὐμῶν
2590 4646 2920 4716 διεσπάσθην
2953 4645 3159 4715 χρόνον.
3191 4638 3418 4712 Μακρὸς
3447 4640 3550 4711 γάρ
3595 4640 3625 4691 6
3667 4640 3857 4710 χρόνος

2189 4737 2334 4808 ἐμοὶ,
2364 4737 2424 4789 οὐ
2452 4736 2530 4806 τῷ
2562 4733 2780 4807 ἀριθμῷ
2810 4733 2917 4786 τῶν
2950 4729 3192 4803 ἡμερῶν,
3226 4729 3361 4782 ἀλλά
3403 4727 3480 4798 τῷ
3532 4727 3713 4797 μέτρῳ
3761 4727 3860 4778 καὶ

2187 4829 2253 4896 τῇ
2281 4825 2516 4880 διαθέσει
2548 4824 2645 4894 τῆς
2683 4821 2879 4892 ψυχῆς.
2913 4821 3037 4882 Τοῖς
3069 4817 3174 4887 γὰρ
3202 4816 3414 4886 φιλοῦσι
3458 4816 3548 4866 καὶ
3585 4814 3614 4865 6
3646 4814 3856 4884 βραχὺς

2190 4916 2378 4988 χρὸνος
2419 4911 2514 4965 τοῦ
2557 4908 2836 4981 χωρισμοῦ
2867 4907 3030 4968 πολὺς
3078 4905 3170 4988 καὶ.
3222 4901 3722 4988 ἀφατοςφαίνεταιῘ
3758 4901 3859 4956 Διὰ

2189 4983 2348 5050 τοῦτο
2382 4996 2475 5049 καὶ
2523 4995 2552 5046 6
2599 4991 2807 5054 Παῦλος
2843 4989 2993 5061 1287]
3025 4987 3216 5060 μικρὸν
3246 4987 3488 5048 ἀποστάς
3529 4983 3856 5037 Θεσσαλονι-

2191 5085 2350 5144 κέων,
2379 5083 2561 5150 ἔλεγεν
2580 5093 2594 5110 ⁸
2637 5077 2847 5147 Ἡμεῖς,
2879 5075 3150 5145 ἀδελφοὶ,
3179 5072 3726 5142 ἀπορφανισθέντες
3751 5071 3854 5138 ἀρ’

2189 5171 2357 5242 ὑμῶν
2388 5171 2536 5238 πρὸς
2566 5167 2774 5234 καιρὸν
2801 5164 2977 5232 ὧρας.
3019 5162 3334 5231 προσώπῳ.
3361 5163 3432 5214 οὺ
3475 5158 3700 5225 καρδίᾳ,
3745 5171 3852 5209 πε-

2180 5257 2548 5329 ρισσοτέρως
2568 5251 3034 5321 ἐσπουδάσαμεν
3057 5249 3124 5304 τὸ
3149 5252 3472 5318 πρόσωπον
3497 5245 3664 5316 ὑμῶν
3681 5244 3851 5299 ἰδεῖν.

2192 5349 2254 5400 Εἰ
2298 5346 2353 5399 δὲ
2406 5345 2613 5407 Παῦλος
2640 5346 2669 5396 ὁ
2694 5343 2908 5395 πάντων
2939 5339 3172 5410 μάλιστα
3201 5338 3509 5407 φιλοσοφεῖν
3545 5333 3719 5396 εἰδὼς.
3753 5334 3857 5388 οῦκ

2191 5438 2419 5507 ήνεγκεν
2449 5433 2581 5504 πρὸς
2614 5431 2799 5503 καιρὸν
2821 5428 2989 5500 ῶρας,
3026 5429 3142 5492 πῶς
3165 5430 3322 5499 ἡμεῖς
3347 5425 3610 5486 τοσαύτας
3634 5425 3856 5492 οἴσομεν

2191 5523 2438 5595 ἡμέρας;
2491 5519 2627 5573 Ἀλλ’
2649 5521 2851 5580 ἐκεῖνος
2883 5518 2979 5587 μὲν
3026 5515 3223 5586 μηκέτι
3265 5515 3489 5582 στέγων,
3523 5512 3592 5565 τά
3625 5511 3852 5580 λείψανα

2190 5613 2288 5681 τῆς
2314 5608 2620 5681 ἀρρωστίας
2650 5607 2808 5677 ἔχων,
2832 5605 3062 5675 ἔδραμον
3088 5604 3222 5673 πρδς
3243 5604 3405 5673 ὑμᾶς,
3438 5602 3690 5671 μέγιστον
3715 5601 3852 5670 φάρ-

2197 5717 2365 5772 μακον
2398 5698 2692 5770 ἡγούμενος
2737 5693 3016 5765 ἐπιθήσειν
3061 5696 3157 5765 τῆς
3201 5691 3469 5763 ὑμετέρας
3497 5691 3712 5758 ἀγάπης
3758 5705 3852 5757 τήν
