3962 6190
121 254 220 308 277

118 382 384 439 parcentes
432 371 593 444 gregi.
642 370 842 442 Duplex
890 371 1087 427 bellum
1131 388 1146 428 :
1193 370 1342 425 Pauli
1390 369 1627 425 absentia
1658 379 1712 423 et

123 463 358 520 incursio
386 462 635 534 luporum
667 480 682 517 :
711 463 902 518 doctor
925 477 1031 518 non
1058 462 1264 527 aderit,
1290 472 1345 517 et
1370 471 1714 530 corruptores

120 558 497 614 imminebunt.
534 559 612 613 Ac
638 557 910 630 perpende
948 556 1183 612 ferarum
1214 557 1498 623 vafritiem,
1531 566 1584 611 et
1612 555 1712 609 im-

121 652 415 722 proborum
456 651 736 708 hominum
759 651 1094 706 versutiam:
1138 649 1431 704 absentiam
1477 649 1710 704 doctoris

120 742 494 804 observarunt,
522 750 576 796 et
603 750 728 795 tunc
750 754 966 811 gregem
995 739 1325 795 invaserunt.
1352 737 1488 806 Quid
1515 736 1710 808 igitur?

119 847 220 887 nos
249 832 369 888 sine
401 831 536 888 duce
561 838 615 887 et
643 831 939 902 patrocinio
965 829 1189 897 deseris,
1224 837 1533 898 tantumque
1569 828 1712 883 cala-

119 925 336 978 mitates
382 923 650 992 praedicis,
695 936 868 992 neque
900 921 1059 977 ullam
1103 920 1371 991 excogitas
1392 919 1711 974 consolatio-

117 1015 284 1068 nem?
315 1013 513 1068 Verum
542 1011 588 1068 si
613 1014 715 1067 hoc
741 1011 926 1077 facias,
949 1013 1195 1068 timorem
1221 1023 1401 1080 auges,
1429 1018 1481 1064 et
1502 1008 1708 1063 animos

116 1107 336 1177 dejicis,
387 1120 584 1162 nervos
626 1106 894 1173 dissolvis,
941 1115 1100 1177 atque
1145 1119 1336 1160 manus
1363 1101 1701 1159 audientium.

119 1197 250 1251 Ideo
304 1195 461 1264 prius
505 1196 615 1250 illis
654 1193 924 1265 Spiritum
969 1194 1421 1249 commemoravit
1457 1211 1470 1247 :
1518 1192 1586 1249 In
1611 1211 1709 1264 quo

116 1305 204 1342 eos
233 1289 473 1355 Spiritus
500 1297 705 1342 sanctus
751 1289 917 1357 posuit
944 1298 1171 1358 pastores
1209 1300 1257 1342 et
1285 1287 1544 1358 episc0pos
1569 1286 1703 1352 (Aet.

113 1383 207 1436 20.
237 1380 358 1450 28).
393 1380 616 1436 Etiamsi
649 1379 843 1435 Paulus
869 1380 1058 1444 abeat,
1091 1380 1290 1450 inquit,
1315 1387 1369 1432 at
1401 1377 1708 1432 Paracletns

119 1473 296 1527 adest.
333 1473 522 1528 Viden’
549 1472 817 1543 quomodo
853 1487 1038 1528 eorum
1070 1473 1241 1527 erexit
1264 1471 1496 1524 animum
1519 1510 1533 1533 ,
1570 1469 1708 1523 divi-

113 1579 246 1620 num
279 1578 712 1619 commemorans
734 1563 1034 1626 doctorem,
1063 1561 1214 1631 cujus
1234 1575 1335 1630 ope
1364 1570 1418 1614 et
1447 1561 1559 1627 ipse
1583 1558 1706 1611 dum

117 1668 362 1723 prasens
381 1664 526 1708 esset
554 1653 762 1708 valebat
780 1653 806 1707 i
825 1653 932 1709 Cur
962 1666 1093 1722 ergo
1122 1652 1366 1708 timorem
1395 1648 1615 1720 injecit?
1643 1647 1709 1704 Ut

116 1745 382 1800 desidiam
431 1744 748 1799 eliminaret.
781 1742 1078 1812 Utrumque
1100 1741 1242 1798 enim
1274 1751 1527 1810 praestare
1551 1739 1710 1794 debet

118 1836 164 1887 is
188 1837 279 1904 qui
307 1835 406 1889 dat
429 1833 741 1891 consilium:
765 1849 863 1888 nec
889 1833 1200 1903 permittere
1227 1843 1282 1885 nt
1309 1829 1520 1884 auditor
1543 1827 1706 1884 conli-

117 1926 234 1991 dat,
259 1942 330 1982 ne
359 1925 576 1996 segnior
600 1925 825 1991 evadat;
853 1939 1025 1995 neque
1046 1922 1456 1994 perterrefacere
1483 1928 1703 1985 tantum,

121 2036 194 2076 ne
241 2022 298 2073 in
345 2020 562 2074 nimium
604 2027 806 2074 metum
853 2016 1069 2073 incidat.
1119 2013 1250 2070 Cum
1290 2029 1418 2085 ergo
1449 2013 1708 2084 Spiritum

122 2112 608 2177 commemoravit,
643 2110 899 2166 timorem
923 2107 1119 2180 ejecit;
1145 2125 1272 2164 cum
1293 2107 1452 2176 lupos
1477 2106 1705 2170 addidit,

119 2206 414 2275 segnitiem
443 2203 660 2273 depulit.
693 2203 826 2274 Lupi
867 2218 1074 2273 graves,
1118 2217 1218 2255 non
1249 2210 1508 2270 parcentes
1546 2199 1705 2270 gregi.

118 2296 386 2350 Attendite
413 2295 567 2350 vobis.
603 2294 751 2349 Nihil
776 2294 1022 2358 subtraxi,
1051 2293 1221 2362 inquit
1248 2310 1262 2346 :
1286 2306 1546 2348 memores
1566 2299 1709 2347 esto-

120 2397 170 2442 te
203 2387 336 2442 mei.
384 2385 594 2442 Sufﬁcit
620 2387 764 2442 enim
790 2385 938 2439 Pauli
971 2384 1228 2439 memoria
1251 2383 1316 2437 ad
1349 2383 1590 2438 fiduciam
1623 2383 1706 2438 iu-

115 2478 376 2532 dendam.
411 2477 528 2532 Non
560 2476 870 2531 memoriam
899 2476 978 2530 sui
1009 2475 1175 2543 tangit
1201 2475 1396 2540 solum,
1428 2474 1522 2530 sed
1545 2475 1706 2530 etiam

117 2569 445 2623 memoriam
473 2579 766 2638 gestorum.
788 2565 940 2634 Quod
963 2567 1104 2620 enim
1129 2581 1234 2621 non
1261 2565 1573 2635 simpliciter
1597 2580 1709 2621 me-

117 2660 351 2713 moriam
385 2660 470 2713 sui
502 2658 772 2728 postulet:
815 2656 911 2712 sed
938 2666 995 2711 ut
1033 2655 1297 2712 recbrdati
1337 2655 1488 2725 ejus,
1526 2656 1707 2725 ipsum

115 2747 413 2801 imitentur
438 2785 453 2807 ,
504 2744 762 2798 audituro
807 2742 984 2799 cuivis
1027 2743 1250 2816 subjicit
1291 2763 1302 2798 :
1353 2744 1710 2801 Recordamtui

112 2839 208 2890 mei
235 2877 255 2902 ,
290 2839 535 2906 quoniam
579 2854 668 2909 per
695 2839 962 2892 triennium
1007 2846 1152 2892 nocte
1188 2846 1235 2891 et
1275 2836 1360 2892 die
1386 2853 1486 2891 non
1521 2837 1710 2891 cessavi

109 2943 230 2980 cum
262 2928 510 2999 lacrgntis
535 2938 582 2984 et
606 2929 869 3000 gemitibus
893 2928 996 2982 illis
1019 2927 1248 2981 omnibus
1294 2943 1502 2982 monens
1525 2942 1708 2980 unum-

110 3035 367 3088 qna-sm
391 3029 609 3076 vestrum
636 3017 773 3091 (Aet.
799 3017 889 3074 20.
915 3018 1025 3088 3|).
1052 3016 1168 3073 Non
1193 3017 1367 3072 solum
1393 3014 1502 3074 mei
1524 3031 1705 3073 recor-

109 3110 231 3166 dari
268 3125 368 3165 vos
398 3109 600 3179 cupio;
638 3108 734 3167 sed
775 3110 937 3164 etiam
979 3109 1264 3179 temporis,
1305 3107 1702 3175 admonitionis,

108 3216 302 3266 cum,
353 3199 712 3271 lacrymarum
758 3210 814 3255 et
862 3200 1154 3271 getnituutu
1193 3198 1404 3253 illorum
1443 3197 1702 3253 omnium.

107 3290 589 3359 Quemadmodum
613 3292 755 3348 enim
780 3301 1100 3362 aegrotorum
1127 3289 1356 3360 cognati,
1378 3305 1500 3344 cum
1525 3288 1708 3345 vident

109 3383 238 3437 illos
273 3382 431 3438 dictis
477 3383 587 3437 suis
630 3365 917 3454 multisque
964 3381 1179 3436 monitis
1223 3397 1327 3434 non
1375 3380 1566 3435 cedere
1606 3393 1707 3436 nec

105 3476 408 3530 admittere
436 3475 687 3530 alimenta
718 3485 773 3531 et
812 3474 1096 3545 pharmace
1141 3475 1298 3545 mgris
1323 3474 1703 3544 competentia.

103 3569 510 3638 lacrymantur,
551 3578 608 3622 ut
637 3568 760 3624 illos
801 3567 1009 3624 facilius
1036 3566 1251 3622 flectant
1281 3585 1294 3620 :
1324 3568 1402 3622 sic
1430 3575 1484 3621 et
1512 3567 1706 3623 Paulus

97 3674 235 3730 erga
294 3658 584 3730 discipulos
631 3673 690 3714 se
731 3658 984 3731 gerebat;
1028 3673 1148 3714 cum
1196 3657 1408 3714 videbat
1449 3657 1705 3714 doctrina:

95 3764 427 3806 sermonem
449 3750 515 3804 ad
545 3749 874 3806 suadendum
898 3750 1167 3806 infirmum
1187 3765 1327 3816 esse,
1351 3750 1702 3821 lacrymarum

95 3841 387 3897 medelam
417 3841 722 3898 inducebat.

167 3933 228 3990 6.
284 3933 418 4002 Quis
446 3942 624 3988 autem
654 3947 758 3988 non
790 3933 1052 3989 reveritus
1079 3942 1256 3997 esset,
1286 3931 1505 3988 Paulum
1533 3931 1704 4004 lacry-

95 4036 351 4081 naanlern
382 4038 610 4080 cernens
639 4039 703 4080 ac
738 4033 1040 4096 gementem
1059 4067 1075 4090 ,
1105 4023 1312 4081 etiamsi
1340 4035 1498 4078 sensu
1537 4025 1705 4093 magis

97 4115 414 4173 destitutus
443 4114 667 4181 fuisset,
696 4132 855 4186 quam
886 4114 1124 4185 lapides?
1171 4114 1412 4170 Vidistin’
1438 4115 1704 4184 quomodo

95 4212 272 4265 etiam
305 4208 422 4264 illic
453 4207 626 4264 futura
655 4206 998 4278 praedixerit?
1031 4207 1126 4262 llic
1154 4207 1314 4262 etiam
1342 4205 1569 4274 idipsum
1596 4206 1705 4275 agit

93 4304 296 4360 dicens
333 4320 348 4355 :
383 4300 499 4356 Hoc
523 4310 690 4356 autem
718 4302 912 4367 scitote,
944 4301 1182 4372 quoniam
1209 4300 1261 4353 in
1288 4299 1567 4352 novissimis
1592 4299 1699 4352 die-

89 4400 191 4452 bus
221 4404 387 4451 mut
414 4405 641 4462 tempore
668 4395 843 4466 gravia
870 4393 949 4465 (2.
977 4393 1106 4446 Tim.
1132 4393 1184 4446 5.
1212 4390 1285 4463 1).
1313 4389 1421 4445 Cur
1445 4400 1619 4445 autem
1649 4389 1700 4445 id

93 4489 402 4545 Timotheo
427 4487 543 4550 ait,
593 4501 691 4542 nec
719 4485 849 4542 dicit
881 4504 894 4540 :
926 4486 1110 4542 Sciant
1157 4485 1190 4540 ii
1236 4483 1327 4555 qui
1373 4494 1493 4554 post
1539 4484 1698 4540 futuri

93 4591 250 4645 sunt,
303 4582 422 4634 mre
463 4587 704 4646 tempora
749 4576 974 4648 gravia?
1015 4575 1108 4632 sed
1127 4575 1279 4632 Scito
1311 4583 1400 4641 tu,
1442 4583 1499 4630 ut
1527 4574 1700 4630 discas

95 4673 434 4742 discipulum
467 4670 684 4739 perinde
722 4679 882 4740 atque
925 4669 1236 4740 magistrum
1275 4667 1364 4722 illa
1393 4667 1551 4721 etiam
1581 4682 1700 4735 qua:

94 4765 286 4821 fnum
317 4775 446 4822 sunt
471 4781 679 4820 curare.
706 4763 762 4820 Si
792 4763 937 4820 enim
965 4777 1070 4817 non
1097 4771 1356 4827 curasset,
1384 4777 1488 4816 non
1518 4776 1697 4831 parent

95 4858 168 4908 illi
201 4856 634 4913 sollicitudinem
666 4855 1026 4925 imposuisset.
1067 4855 1143 4910 lta
1175 4853 1294 4909 fecit
1333 4864 1382 4909 et
1413 4852 1654 4909 Christus
1682 4870 1696 4906 :

93 4949 222 5015 quia
257 4948 407 5002 enim
439 4953 780 5002 accesserant
809 4943 1074 5014 discipuli,
1102 4943 1242 5014 quod
1270 4942 1468 4997 vellent
1493 4958 1554 4996 ea
1579 4959 1698 5013 qua:

91 5039 162 5093 ad
193 5039 731 5095 consummationem
765 5037 1074 5106 spectabant
1121 5036 1363 5091 ediscere
1386 5076 1402 5101 ,
1448 5035 1523 5089 ait
1551 5035 1654 5090 illis
1683 5053 1696 5090 :

95 5131 353 5184 dedituri
396 5131 513 5185 estis
542 5131 718 5199 pretia
751 5127 983 5201 (Hattlt.
1018 5126 1108 5183 24.
1138 5125 1172 5181 6
1195 5126 1234 5196 ).
1267 5125 1426 5195 Atqui
1472 5140 1576 5179 non
1621 5125 1697 5180 illi

92 5223 343 5276 audituri
386 5230 560 5279 erant.
597 5220 768 5277 Unum
798 5233 1027 5288 namque
1074 5226 1156 5272 est
1198 5231 1394 5286 corpus
1441 5215 1695 5271 fidelium.

93 5315 173 5367 Ac
198 5310 669 5382 quemadmodum
710 5311 744 5365 ii
781 5309 871 5380 qui
901 5319 1025 5364 tunc
1063 5317 1248 5372 erant,
1289 5307 1357 5362 de
1387 5306 1696 5377 postfuturis

95 5404 424 5468 audiebant,
447 5405 524 5458 sic
546 5414 600 5459 et
630 5416 730 5458 nos
756 5401 822 5457 de
849 5401 955 5458 illis
979 5401 1067 5472 qui
1094 5409 1218 5455 tunc
1247 5399 1393 5455 fuere
1417 5398 1691 5455 discimus.

97 5495 164 5552 [ι
190 5513 356 5552 ent
379 5497 487 5551 disi
509 5539 526 5562 ,
572 5510 738 5551 unum
769 5508 963 5565 corpus
1005 5508 1125 5548 cum
1171 5492 1274 5546 illis
1302 5505 1515 5558 sumus,
1549 5501 1695 5548 arcte

97 5601 298 5645 metuo
327 5589 618 5660 conjuncti,
643 5587 849 5644 etiamsi
875 5596 1164 5642 extremam
1190 5585 1548 5641 membrorum
1573 5600 1692 5656 par-

97 5691 204 5737 tem
235 5694 571 5751 occupamus
601 5700 614 5735 :
648 5694 941 5750 corpusque
967 5677 1067 5732 hoc
1097 5691 1192 5733 nec
1219 5687 1424 5750 tempus
1450 5686 1688 5752 separat,

732 251 794 307 ΙΝ
835 251 1059 319 ILLUD,
1101 250 1232 308 llOC
1270 249 1552 306 SCITOTE
1589 249 1771 317 QUOD
1812 250 1874 304 IN
1913 252 2285 315 NOVISSIMIS
2324 258 2588 328 DlEBUS.
2630 263 2779 320 ETC.

3292 271 3398 331 278

1825 383 1921 423 nec
1951 371 2096 426 locus
2131 390 2143 425 :
2178 384 2364 430 mutuo
2389 378 2532 432 enim
2561 380 2790 450 colligati
2821 397 3003 436 sumus
3023 427 3036 448 ,
3070 400 3173 441 non
3203 402 3396 443 nervo-

1818 477 1934 516 rum
1961 465 2271 520 circuitibus
2293 508 2307 528 ,
2349 468 2442 522 sed
2476 471 2712 526 caritatis
2750 473 2974 530 vinculis
3005 477 3237 546 undique
3263 496 3396 534 com

1815 553 2008 607 stricti.
2039 553 2163 609 Ideo
2190 565 2244 610 et
2283 557 2400 612 illos
2429 560 2568 614 circa
2597 576 2697 617 nos
2722 563 3040 633 alloquitur,
3069 577 3119 621 et
3152 583 3250 625 nos
3276 587 3395 640 qtae

1814 640 1880 698 ad
1921 642 2041 699 illos
2083 655 2328 715 spectant
2371 649 2668 706 audiamus.
2720 652 2909 724 Opera:
2952 658 3181 726 pretium
3215 667 3300 713 est
3341 674 3394 717 et

1815 732 1941 787 illud
1984 749 2263 804 quievere,
2291 753 2388 793 cur
2427 740 2620 811 ubique
2669 744 2837 799 tristia
2882 760 3067 802 versus
3110 753 3392 818 prtesentis

1813 823 1936 878 vitm
1987 825 2145 881 linem
2189 843 2471 885 accessura
2511 832 2673 887 dicat.
2725 835 2934 890 Etenim
2974 837 3098 892 alibi
3125 839 3254 894 dicit
3286 859 3298 894 :
3332 818 3394 895 ni

1813 918 2095 972 novissimis
2121 920 2294 975 diebus
2313 922 2568 978 discedent
2593 927 2798 995 quidam
2823 945 2853 980 a
2875 929 2977 997 ﬁde
2999 929 3222 1002 (LTim.
3239 934 3390 1000 4.1};

1813 1014 1868 1060 et
1897 1007 1979 1061 hic
2006 1023 2215 1063 rursum
2244 1013 2320 1063 ait
2352 1028 2367 1066 :
2393 1010 2459 1066 In
2487 1015 2774 1069 novissimis
2799 1016 2973 1071 diebus
3000 1030 3146 1073 erunt
3168 1031 3394 1092 tempora

1812 1099 1984 1166 gravia
2016 1097 2108 1168 (2.
2136 1098 2266 1152 Tim.
2296 1101 2350 1154 5.
2380 1102 2404 1156 l
2432 1107 2471 1170 ).
2505 1102 2747 1160 Christus
2784 1122 2997 1178 quoque
3040 1109 3122 1164 his
3164 1127 3394 1169 consona

1817 1191 2178 1257 prmnuntians
2207 1192 2381 1248 aiebat
2410 1213 2424 1248 :
2455 1194 2586 1250 Nam
2614 1195 2684 1250 In
2720 1201 3148 1256 consummatione
3169 1205 3397 1260 audituri

1812 1281 1928 1334 estis
1955 1282 2135 1350 praelia
2162 1292 2208 1336 et
2238 1285 2500 1353 opiniones
2530 1287 2822 1356 prwliorum
2845 1331 2859 1356 ,
2891 1299 2938 1345 et
2967 1295 3127 1363 fames
3161 1304 3207 1347 et
3237 1306 3396 1364 pestes

1813 1369 2037 1437 (Matth.
2062 1373 2154 1428 24.
2177 1374 2229 1429 6.
2255 1374 2340 1446 7).
2373 1376 2480 1431 Cur
2509 1392 2637 1448 ergo
2666 1379 2718 1434 in
2753 1385 3210 1440 consummatione
3241 1396 3316 1440 tot
3345 1398 3397 1441 ct

1813 1468 1976 1516 tanta:
1999 1463 2156 1516 simul
2181 1465 2551 1520 calamitates?
2579 1469 2804 1534 Quidam
2831 1471 3033 1539 dicunt,
3062 1472 3394 1530 fatiscentem

1812 1564 1865 1608 et
1894 1554 2248 1610 intirmantem
2283 1567 2545 1625 naturam,
2570 1560 2706 1616 sicut
2732 1577 2926 1633 corpus
2949 1565 3215 1634 quoddam
3247 1570 3397 1623 senio

1815 1644 2114 1701 confectum
2146 1647 2344 1703 multos
2368 1650 2588 1705 attrahit
2617 1653 2851 1717 morbos,
2884 1654 2961 1708 sic
2985 1670 3103 1709 eam
3131 1671 3389 1712 consene-

1811 1745 2048 1791 scentem
2077 1737 2271 1792 multas
2294 1740 2564 1797 attrahere
2586 1741 2933 1798 calamitates.
2963 1745 3033 1799 At
3058 1761 3251 1816 corpus
3277 1750 3394 1818 (μιῆς

1811 1825 1934 1881 dem
1973 1827 2042 1883 ob
2083 1829 2324 1898 corporis
2366 1831 2726 1888 infirmitatem
2773 1833 3065 1890 secundum
3112 1836 3281 1903 legem
3324 1838 3393 1892 ad

1812 1919 2020 1976 senium
2063 1922 2254 1975 venit:
2285 1922 2606 1991 pestilentia:
2649 1933 2862 1990 autem,
2916 1925 3089 1990 bella,
3135 1937 3191 1982 et
3239 1937 3393 1984 terra:

1812 2020 2025 2077 motus,
2066 2027 2172 2067 non
2203 2013 2271 2068 ob
2298 2022 2502 2068 natura!
2530 2024 2856 2071 senectutem
2901 2017 3166 2073 accidunt.
3211 2019 3394 2091 Neque
3448 2009 3452 2012 ’

1810 2103 1953 2157 enim
1981 2102 2102 2158 ideo
2138 2103 2385 2160 accidunt
2416 2105 2471 2160 hi
2503 2106 2706 2172 morbi,
2737 2107 2878 2176 quod
2921 2119 3180 2164 creaturae.
3207 2126 3393 2166 conse-

1811 2203 2032 2248 nescunt
2062 2212 2076 2250 :
2110 2193 2296 2250 Fames
2337 2211 2562 2267 nempe,
2607 2199 2924 2267 pestilentite,
2965 2209 3012 2253 et
3051 2202 3197 2256 terra:
3231 2212 3394 2258 motus

1813 2301 1902 2354 per
1924 2286 2035 2340 loca
2060 2302 2079 2340 :
2101 2273 2198 2342 sed
2241 2289 2363 2358 quia
2403 2289 2676 2344 hominum
2716 2291 2926 2346 animos
2952 2295 3219 2364 corrumpi
3251 2295 3391 2349 futu-

1811 2391 1929 2431 rum
1956 2386 2042 2433 est
2073 2397 2086 2433 :
2123 2379 2237 2435 lucc
2275 2381 2470 2451 quippe
2506 2383 2684 2436 omnia
2726 2391 2851 2439 sunt
2877 2382 3104 2440 ultiones
3143 2396 3390 2456 peccato-

1809 2483 1952 2534 rum.
1983 2481 2036 2527 et
2062 2473 2461 2544 aegritudinibus
2504 2474 2750 2530 humanis
2778 2476 3035 2531 remedia.
3079 2477 3210 2532 Nam
3239 2480 3393 2550 irgri-

1814 2559 2025 2616 tudines
2066 2561 2311 2618 humana:
2353 2573 2479 2619 tunc
2518 2573 2796 2634 augentur.
2843 2565 2912 2620 Et
2948 2581 3112 2636 quare
3143 2576 3267 2623 tunc
3293 2584 3391 2624 au-

1809 2654 2047 2724 gentur?
2075 2654 2300 2724 inquies.
2329 2657 2612 2725 Quoniam,
2642 2669 2697 2713 ut
2726 2658 2856 2713 mihi
2883 2659 3110 2725 videtur,
3134 2660 3390 2731 judicium

1809 2751 1864 2797 et
1892 2757 2062 2812 ptem:
2091 2745 2143 2798 in
2180 2744 2488 2801 diuturnum
2533 2755 2742 2817 tempus
2783 2748 3102 2804 differuntur
3121 2792 3136 2817 ,
3165 2765 3228 2806 ac
3254 2767 3391 2807 non-

1761 2823 1765 2834 ’
1810 2833 1936 2888 dum
1981 2835 2197 2890 advenit
2245 2836 2448 2901 Judex,
2499 2839 2588 2908 qui
2636 2841 2896 2894 rationem
2941 2841 3196 2898 reddituri
3245 2854 3389 2911 sunt,

1810 2925 2084 2994 segniores
2113 2927 2364 2982 evadunt.
2399 2927 2454 2983 Id
2484 2928 2626 2999 quod
2658 2932 2819 2985 etiam
2854 2930 3103 2986 Christus
3131 2933 3199 2988 de
3237 2947 3390 2988 servo

1813 3030 2042 3086 nequam
2070 3015 2220 3083 dicit,
2253 3019 2424 3090 ipsum
2457 3020 2577 3076 ideo
2605 3023 3044 3092 negligentiorem
3074 3024 3253 3079 fuisse.
3285 3025 3395 3080 Mo~

1811 3121 1900 3162 ras
1929 3107 2095 3163 trahit
2121 3108 2369 3166 dominus
2398 3127 2570 3178 meus,
2601 3113 2772 3184 inquit
2798 3113 2886 3170 ille
2912 3129 3101 3172 servus
3124 3157 3141 3183 ,
3167 3115 3396 3188 ideoque

1812 3212 2105 3255 conservos
2131 3200 2476 3269 verberabat,
2521 3213 2575 3260 et
2605 3203 2798 3262 heriles
2825 3205 3105 3263 facultates
3143 3222 3393 3279 pessum-

1809 3289 1988 3345 dabat.
2039 3289 2238 3348 Idcirco
2282 3293 2524 3350 Christus
2569 3297 2941 3354 accedentibus
2985 3299 3287 3370 discipulis,
3335 3312 3392 3356 et

1809 3384 2170 3451 quaerentibus
2199 3385 2440 3443 ediscere
2470 3388 2609 3443 diem
2638 3392 3148 3454 consummationis,
3179 3407 3285 3447 non
3312 3393 3394 3449 in-

1809 3472 2040 3543 dicavit,
2072 3488 2132 3532 ut
2157 3475 2454 3534 futurorum
2493 3481 2726 3538 incertos
2753 3497 2852 3539 nos
2877 3482 3092 3540 assidue
3120 3484 3173 3538 in
3202 3485 3394 3541 timore

1809 3575 2008 3633 servet,
2036 3577 2090 3624 et
2116 3569 2310 3639 singuli
2337 3585 2550 3642 semper
2577 3572 2808 3629 futurum
2835 3583 3235 3645 exspectantes,
3258 3586 3312 3632 et
3338 3577 3390 3632 in

1808 3669 1903 3724 spe
1927 3656 2128 3714 Christi
2155 3659 2417 3718 adventus
2443 3674 2718 3720 versantes
2738 3707 2752 3731 ,
2785 3664 3148 3736 diligentiores
3187 3676 3389 3722 essent.

1809 3748 1935 3806 ldeo
1978 3751 2228 3808 admonet
2266 3755 2529 3825 quispiam
2569 3757 2754 3812 dicens
2787 3775 2799 3809 :
2832 3757 2916 3812 Ne
2939 3757 3146 3825 cli/feras
3172 3760 3392 3812 converti

1807 3843 1876 3894 ad
1895 3839 2191 3905 Dominum.
2232 3861 2388 3914 neque
2411 3857 2663 3916 exspectes
2708 3849 2770 3900 de
2797 3848 2878 3902 die
2905 3849 2955 3902 in
2983 3848 3112 3900 diem
3132 3890 3146 3914 ,
3175 3865 3238 3902 ne
3259 3851 3392 3919 forte

1809 3934 1932 3988 dum
1962 3935 2161 4001 tardas,
2191 3939 2468 3992 conteraris
2498 3937 2516 4008 (
2533 3937 2698 3993 Ecrli.
2727 3939 2780 3994 5.
2809 3938 2863 3994 8.
2888 3937 2977 4008 9).
3011 3937 3214 3992 Incerta
3245 3954 3390 3993 mors

1807 4034 1910 4092 est,
1944 4025 2136 4097 inquit,
2167 4037 2222 4082 et
2263 4028 2380 4084 ideo
2423 4030 2653 4097 incerta,
2687 4039 2745 4085 ut
2769 4046 2980 4101 semper
3007 4031 3265 4088 sollicitus
3291 4033 3385 4086 sis.

1807 4115 2142 4187 Quapropter
2166 4117 2302 4173 sicut
2344 4117 2426 4171 fur
2451 4128 2610 4172 noctu
2630 4160 2645 4183 ,
2677 4120 2753 4173 sic
2792 4119 2908 4174 dies
2937 4120 3142 4174 Domini
3171 4122 3346 4175 veniet
3372 4140 3384 4175 :

1809 4221 1914 4264 non
1942 4217 1999 4262 ut
2030 4207 2256 4273 furetnr,
2285 4208 2377 4264 sed
2405 4219 2462 4263 ut
2489 4223 2586 4263 nos
2609 4209 2874 4264 cautiores
2898 4209 3104 4265 reddat.
3136 4209 3266 4264 Nam
3297 4212 3387 4282 qui

1805 4307 2086 4353 venturum
2119 4298 2288 4354 furem
2316 4301 2587 4370 pnevidet,
2619 4301 2668 4354 in
2699 4300 2890 4371 vigiliis
2919 4303 3046 4372 agit,
3073 4313 3128 4357 et
3164 4317 3387 4358 accensa

1806 4388 2018 4446 lucerna
2049 4405 2260 4460 semper
2280 4392 2478 4461 vigilat.
2507 4391 2595 4447 Sic
2620 4401 2672 4447 et
2698 4407 2791 4445 vos
2819 4393 2992 4463 itaque
3014 4408 3235 4448 accensa
3264 4394 3389 4448 ﬁdei

1806 4488 1862 4534 et
1883 4480 2012 4534 recti
2033 4480 2153 4536 vitae
2184 4481 2404 4536 instituti
2436 4482 2553 4536 luce
2573 4523 2589 4546 ,
2617 4481 2919 4552 splendidas
2942 4483 3188 4539 habetote
3216 4483 3388 4540 lucer-

1805 4585 1933 4634 nas,
1967 4570 2020 4626 in
2049 4572 2280 4628 assiduis
2309 4573 2518 4643 vigiliis.
2551 4572 2684 4642 Quia
2713 4576 2855 4629 enim
2899 4575 3170 4629 nescimus
3213 4592 3384 4646 quan-

1804 4663 1998 4719 donam
2042 4680 2274 4736 sponsus
2319 4676 2574 4722 venturus
2619 4668 2726 4732 sit,
2772 4682 2984 4737 semper
3015 4677 3224 4737 paratos
3266 4682 3386 4724 esse

1805 4765 2036 4826 oportet,
2066 4767 2126 4811 ut
2150 4772 2272 4812 cum
2298 4757 2522 4824 venerit,
2554 4773 2652 4813 nos
2679 4758 2959 4827 vigilantes
2988 4757 3241 4811 inveniat.

1874 4848 1927 4902 7.
1964 4846 2348 4919 Chrysostomus
2376 4849 2668 4917 inﬁrmitate
2705 4848 2929 4914 corporis
2967 4847 3195 4917 exposita
3221 4848 3376 4916 ﬁnem

1803 4939 2020 4992 orationi
2067 4939 2300 5009 imponit.
2343 4968 2416 4978 —
2455 4939 2615 4993 Plura
2655 4937 2838 4993 dicere
2878 4937 3070 4992 vellem
3101 4938 3232 4992 :sed
3270 4939 3385 4995 hmc

1803 5031 2041 5103 proferre
2068 5031 2349 5087 infirmitas
2378 5032 2618 5101 corporis
2642 5031 2728 5085 vix
2760 5031 3021 5100 permisit,
3048 5046 3150 5101 qua
3179 5048 3208 5087 a
3235 5033 3386 5089 vobis

1804 5122 1962 5193 longo
2005 5132 2245 5192 tempore
2287 5123 2501 5208 avulsus
2541 5137 2680 5176 sum.
2731 5121 2969 5191 Longum
3013 5121 3140 5176 mihi
3176 5133 3387 5195 tempus

1802 5213 1922 5280 l’nit,
1951 5229 2054 5268 non
2103 5229 2324 5269 numero
2367 5214 2597 5282 dierum,
2619 5212 2711 5269 sed
2755 5213 3047 5270 secundum
3077 5229 3383 5271 mensuram

1801 5305 2020 5361 affectus
2048 5305 2231 5360 animi.
2276 5305 2589 5361 Amantibus
2608 5308 2749 5361 enim
2769 5345 2784 5372 ,
2811 5305 2910 5361 etsi
2938 5305 3103 5362 breve
3128 5301 3388 5360 absentia:

1802 5404 2032 5468 tempus,
2057 5396 2278 5450 multum
2312 5406 2486 5450 tamen
2517 5396 2809 5467 ingensque
2825 5396 3053 5453 videtur.
3090 5395 3215 5450 Ideo
3243 5394 3385 5447 l‘an-

1801 5487 1882 5542 lus
1905 5503 2027 5542 cum
2053 5503 2081 5542 a
2111 5486 2675 5543 Thessalonicensibus
2689 5487 2900 5542 modico
2921 5496 3158 5556 tempore
3183 5477 3388 5535 abfuiy

1801 5589 1902 5644 set,
1926 5580 2172 5636 dicebat:
2207 5599 2224 5632 ι
2251 5579 2378 5647 Nos,
2412 5580 2634 5645 fratres,
2664 5582 2852 5652 privati
2893 5581 3043 5635 vobis
3071 5575 3138 5630 ad
3171 5584 3381 5640 tempus

1803 5675 1968 5741 horte,
2007 5673 2176 5743 vultu,
2224 5687 2328 5730 non
2377 5673 2558 5742 corde,
2610 5672 2964 5728 abundantius
3014 5663 3382 5722 festinavitnns
