3952 6200
595 299 701 357 279

597 414 789 467 facient
815 419 1048 466 vestram
1075 408 1274 467 videre.
1303 429 1322 462 ι
1365 410 1421 466 Si
1448 409 1642 465 Paulus
1669 407 1758 480 qui
1791 409 2029 461 omnium
2057 420 2172 460 ma-

596 503 739 557 xime
766 498 1131 572 philosophari
1152 499 1373 568 sciebat,
1395 515 1463 554 ne
1483 500 1549 554 ad
1570 510 1778 569 tempus
1795 497 2007 569 quidem
2030 500 2176 552 horae

597 593 733 657 tulit,
763 591 1035 663 quomodo
1061 606 1161 647 nos
1187 599 1263 646 tot
1290 589 1482 646 diebus
1504 588 1930 646 sustinebimus?
1958 588 2065 645 Sed
2087 587 2178 645 ille

592 682 808 753 quidem
838 680 917 754 (a)
940 679 1033 758 [ne
1063 681 1134 740 ad
1168 681 1355 738 horam
1384 681 1601 752 quidem
1629 681 1782 750 tulit;
1811 672 2065 752 ego'vero
2100 688 2179 735 tot

591 775 802 830 dierum
848 769 1172 848 absentiam]
1195 789 1303 830 non
1330 773 1469 829 ultra
1498 773 1695 841 ferens,
1719 771 2060 828 manentibus
2083 770 2178 826 ad-

591 864 697 920 huc
743 864 916 920 morbi
966 865 1228 937 reliquiis,
1253 864 1323 920 ad
1350 879 1446 922 vos
1483 864 1716 931 cucurri,
1742 864 2032 920 maximum
2091 875 2180 918 me

1300 292 1357 349 S.
1395 277 1668 348 ΙΟΑΝΝΙΞ
1704 288 2173 346 CIIRYSOSTOMI
2213 289 2528 346 ARCIIIEP.
2565 288 3098 346 CONSTANTINOP.
3671 302 3756 359 280

2283 412 2478 475 putans
2510 401 2804 459 remedium
2836 403 3120 469 adhibere,
3158 403 3384 461 caritatis
3407 416 3574 465 vestra:
3597 423 3769 471 censor.

2282 501 2437 555 tium.
2485 497 2539 552 ld
2567 497 2710 552 enim
2735 497 2866 552 mihi
2891 497 3002 567 ipsa
3031 495 3352 552 medicorum
3376 513 3518 568 Opera
3543 504 3712 572 utilius,
3729 518 3769 561 et

2282 590 2428 646 omni
2461 587 2600 659 quod
2628 588 2751 644 inde
2774 587 3006 643 tnutuari
3053 587 3255 660 possim
3295 588 3468 644 solatio
3505 595 3772 652 commodius

2284 690 2388 748 est,
2419 689 2592 736 vestra
2622 678 2830 735 scilicet
2855 679 2956 735 frui
2991 679 3250 745 caritate;
3279 693 3375 749 qua
3408 681 3586 736 utinam
3619 683 3770 740 diutius

2281 771 2514 844 gaudere
2543 770 2701 826 liccat
2723 810 2738 835 ,
2767 769 3012 840 precibus
3040 776 3095 824 et
3128 769 3569 826 intercessionibus
3591 775 3774 829 omnium

2288 872 2619 928 sanctorum,
2662 859 2730 914 ad
2755 859 2979 929 gloriam
3009 859 3219 914 Domini
3266 859 3423 914 nostri
3461 859 3572 916 Jesu
3606 860 3773 929 Christi,

2285 967 2379 1023 per
2398 967 2558 1024 quem
2579 961 2774 1007 etcum
2800 965 2907 1023 quo
2931 950 3072 1006 Patri
3093 950 3280 1020 gloria,
3310 950 3469 1005 honor
3485 991 3498 1017 ,
3523 951 3775 1023 imperium,

2284 1059 2388 1100 una
2407 1058 2528 1100 cum
2556 1051 2740 1098 sancto
2765 1041 2988 1113 Spiritu,
3023 1057 3164 1097 nunc
3188 1049 3243 1098 et
3262 1052 3542 1113 semper,et
3563 1045 3608 1098 in
3629 1046 3777 1099 saeculi

653 1083 727 1146 (a)
759 1089 872 1142 Qua
892 1083 1081 1134 uncinis
1103 1081 1389 1135 clauduntur
1411 1058 1754 1134 desiderantur
1776 1083 1823 1134 in
1845 1089 2010 1134 (iaceo
2033 1087 2085 1135 et
2111 1095 2175 1134 ex

2285 1133 2622 1192 mulorum.
2649 1137 2842 1190 Amen.

588 1147 874 1196 coniectura
891 1147 1066 1208 scripta
1092 1151 1221 1197 sunt.

625 1272 3751 1315 W

2013 1511 2392 1574 MONITUM

674 1721 757 1780 Ad
802 1724 945 1781 hanc
999 1725 1277 1782 homiliam
1311 1724 1428 1780 haec
1479 1732 1632 1780 notat
1684 1725 1940 1795 Savilius,
1970 1740 2028 1799 p.
2065 1723 2214 1782 815:
2251 1740 2270 1774 ι
2302 1721 2534 1778 Homilia
2568 1733 2653 1779 est
2683 1722 2923 1780 melioris
2967 1732 3111 1780 notae
3147 1733 3202 1781 et
3231 1724 3599 1797 Cbrysostomo
3625 1724 3770 1794 digna,

603 1869 854 1942 quamvis
882 1870 937 1926 in
963 1869 1221 1942 Catalogo
1247 1871 1560 1943 Augustano
1588 1871 1809 1926 minime
1831 1870 2153 1942 reperiatur.
2191 1863 2590 1935 Descripsimus
2613 1878 2732 1920 eam
2761 1879 2828 1920 ex
2867 1865 3072 1936 optimo
3122 1864 3484 1936 Manuscripto
3512 1864 3561 1918 in
3602 1862 3764 1918 Biblio-

606 2011 762 2068 theca
783 2011 1099 2084 Augnstana
1137 2031 1150 2067 :
1191 1992 1368 2085 neque
1396 2014 1544 2070 aliud
1591 1992 1854 2085 praeterea
1898 2012 2222 2084 suppetebat
2266 2005 2557 2078 exemplar.
2591 2005 2761 2063 Porro
2802 2006 2934 2063 illud
2979 2007 3315 2063 monendum
3351 2006 3606 2070 duximus,
3647 2003 3777 2059 multa

605 2144 832 2216 reperiri
859 2145 914 2200 in
948 2143 1180 2202 Homilia
1205 2155 1394 2204 octava
1431 2147 1486 2202 in
1519 2147 1748 2219 primam
1774 2147 1841 2205 ad
1871 2145 2384 2204 Thessalonicenses
2417 2142 2601 2199 aiiinia
2634 2142 2721 2209 iis,
2755 2159 2877 2215 quae
2918 2145 3020 2201 hac
3055 2144 3108 2200 in
3136 2144 3385 2200 oratione
3410 2141 3672 2205 habentur,
3697 2147 3778 2194 tam

807 2241 830 2273 ἰ
1679 2259 1688 2266 ,

1888 2342 3773 2380 —__—___——__-__——___—-—Iﬁ

622 2359 736 2376 .—

1773 2526 2602 2615 CHRYSOSTOMI

838 2701 921 2745 DE
964 2702 1290 2750 PBRFECTA
1331 2703 1668 2764 CAMTATI,
1699 2706 1784 2751 ΒΕ
1825 2706 2126 2752 HBRCEDE
2168 2707 2429 2753 OI'ERUII
2457 2707 2578 2752 PRO
2619 2709 2863 2753 MERITO
2904 2709 3302 2770 TBIBUENDA,
3350 2711 3554 2767 DBQUE

1445 2811 1449 2816 ‘
1868 2808 2356 2855 contrunc'rtonn
2401 2784 2514 2874 (a).

1835 2951 2385 2991 mm

630 3097 682 3152 1⁸.
721 3094 894 3152 Omne
939 3109 1074 3165 opus
1120 3093 1316 3150 bonum
1347 3095 1584 3150 caritatis
1625 3092 1827 3151 fructus
1863 3105 1945 3151 est
1973 3113 1986 3150 :
2015 3095 2138 3152 ideo

561 3187 726 3241 multa
754 3187 894 3242 circa
925 3184 1072 3242 illam
1107 3185 1248 3242 dicta
1288 3185 1755 3255 circumferuntur,
1797 3186 2009 3242 Christo
2056 3186 2141 3241 di-

556 3288 711 3334 cente
752 3297 767 3333 :
798 3277 868 3333 In
907 3280 1000 3334 hoc
1034 3290 1332 3352 cognoscent
1376 3297 1566 3346 omnes,
1595 3282 1713 3350 quia
1755 3280 1993 3350 discipuli
2043 3279 2140 3334 mei

556 3372 702 3436 estis,
727 3373 771 3425 si
794 3371 1110 3426 dilectionem
1157 3372 1435 3448 habueritis.
1470 3372 1538 3425 ad
1575 3373 1782 3426 invicem
1820 3370 2001 3444 (Joan.
2045 3371 2134 3427 15.

556 3461 686 3532 55)·;
719 3462 885 3516 Paulo
912 3469 1088 3516 autem
1114 3463 1415 3517 clamante:
1443 3461 1649 3517 Nemini
1667 3462 1940 3532 quidquam
1955 3463 2138 3516 debea-

556 3556 638 3618 tis,
671 3554 770 3609 nisi
794 3563 846 3607 ut
874 3553 1084 3608 invicem
1112 3554 1335 3626 diligatis
1360 3552 1536 3627 (Rom.
1568 3555 1653 3610 l3.
1687 3553 1764 3628 8).
1799 3553 1930 3608 Illud
1959 3564 2137 3610 autem

555 3661 661 3700 non
693 3645 808 3700 sine
826 3660 985 3700 causa
1017 3644 1169 3712 dixit,
1187 3645 1281 3701 sed
1306 3655 1364 3701 ut
1386 3655 1625 3701 mutuum
1640 3661 1759 3702 esse
1779 3645 2014 3701 debitum
2036 3645 2136 3701 do-

553 3745 718 3792 ceret.
747 3735 1202 3803 Quemadmodum
1227 3737 1369 3793 enim
1381 3738 1590 3807 corpori
1606 3737 1914 3792 alimentum
1927 3751 2139 3807 semper

554 3830 833 3896 debemus,
866 3829 1071 3901 ipsique
1096 3829 1285 3886 damus
1313 3830 1429 3902 (per
1446 3840 1610 3886 totam
1633 3833 1828 3903 quippe
1848 3833 2009 3887 vitam
2034 3832 2158 3888 hoc'

553 3923 788 3978 debitum
840 3921 1207 3995 extenditur):
1238 3925 1316 3979 sic
1357 3924 1500 3980 circa
1550 3925 1825 3981 caritatem
1869 3925 2138 3996 agendum

553 4015 752 4071 docet:
781 4015 888 4072 imo
927 4015 1082 4086 longe
1135 4015 1325 4086 majori
1375 4015 1574 4083 studio,
1604 4031 1671 4072 eo
1711 4016 1851 4086 quod
1879 4017 1944 4072 ad
1973 4018 2133 4073 vitam

551 4110 779 4167 deducat
827 4117 1106 4175 aeternam,
1136 4123 1201 4165 ac
1241 4124 1364 4165 cum
1405 4109 1509 4164 illis
1549 4110 1638 4180 qui
1666 4124 1728 4165 ea
1757 4110 1963 4179 prasditi
2010 4118 2136 4165 sunt

549 4217 765 4272 semper
787 4210 1017 4257 maneat.
1047 4200 1181 4256 Nam
1206 4199 1438 4268 Manent,
1467 4200 1656 4271 inquit,
1688 4201 1786 4254 tria
1809 4202 1916 4255 lucc
1935 4241 1952 4266 ,
1984 4201 2133 4271 ﬁdes,

550 4313 686 4366 spes,
717 4295 935 4357 caritas;
961 4297 1126 4364 major
1175 4303 1343 4347 autem
1385 4295 1567 4347 horum
1599 4303 1671 4348 est
1698 4294 1884 4347 caritas
1912 4291 1987 4366 (1.
2014 4293 2133 4348 Cor.

553 4389 640 4443 13.
676 4386 784 4454 15).
816 4385 934 4441 Non
957 4386 1133 4440 verbis
1151 4396 1328 4441 autem
1352 4384 1532 4450 modo,
1571 4385 1663 4439 sed
1693 4385 1852 4440 etiam
1885 4384 2136 4454 operibus

553 4477 698 4532 illam
748 4476 1020 4531 discimus.
1075 4477 1150 4531 Ac
1197 4477 1369 4546 primo
1397 4477 1606 4546 quidem
1637 4491 1733 4546 per
1763 4475 1978 4531 modum
2016 4489 2123 4545 quo

551 4585 649 4626 nos
678 4568 947 4639 propagati
968 4583 1172 4623 sumtis.
1195 4569 1325 4624 Cum
1345 4571 1486 4624 enim
1513 4570 1650 4624 Deus
1668 4584 1831 4623 unum
1851 4568 2134 4623 ell'ormas-

551 4671 631 4717 set
658 4660 952 4726 hominem,
995 4674 1062 4715 ex
1108 4658 1199 4713 illo
1243 4659 1403 4728 jussit
1448 4675 1635 4714 omnes
1663 4660 1812 4723 oriri,
1839 4669 1897 4713 ut
1946 4673 2138 4714 omnes

550 4765 734 4811 mutuo
763 4754 914 4826 quasi
937 4769 1099 4809 unum
1121 4767 1240 4808 esse
1268 4761 1592 4822 reputemus,
1613 4761 1665 4807 et
1695 4751 1746 4806 in
1773 4753 1992 4807 caritate
2016 4769 2133 4808 nnt-

551 4861 641 4904 tua
657 4849 853 4919 degere
874 4847 1201 4903 Studeamus.
1229 4845 1429 4901 Deinde
1451 4861 1544 4915 per
1558 4846 1876 4900 commercia
1899 4855 2134 4899 mutuam

550 4942 892 4996 dilectionem
911 4941 1182 5011 sapienter
1205 4938 1447 4995 curavit:
1476 4953 1578 5007 quo
1605 4949 1780 4993 autem
1810 4937 1969 4994 modo
1987 4938 2130 4993 audi.

551 5037 683 5089 (lum
719 5035 900 5090 multis
919 5034 1104 5089 orbem
1133 5034 1424 5103 compleret
1469 5031 1644 5096 bonis,
1671 5032 1888 5088 cuilibet
1930 5033 2134 5104 regioni

553 5129 819 5198 pr0priam
849 5127 1112 5182 fructuum
1155 5129 1387 5198 speciem
1433 5126 1651 5197 largitus
1687 5135 1790 5191 est,
1817 5133 1872 5179 ut
1915 5137 2136 5196 propter

553 5236 681 5276 usus
708 5219 1080 5274 necessitatem
1107 5234 1204 5274 nos
1224 5231 1408 5274 mutuo
1434 5218 1711 5286 adeuntes,
1735 5227 1788 5272 et
1811 5232 1931 5287 qua:
1947 5232 2138 5287 super~

550 5325 782 5366 vacanca
809 5319 933 5364 sunt
961 5309 1206 5379 utrinque
1247 5309 1517 5365 tradentes
1539 5351 1554 5378 ,
1581 5324 1644 5365 ac
1671 5324 1790 5380 qua:
1818 5307 2011 5364 desunt
2037 5324 2134 5362 no-

551 5405 632 5460 bis
651 5402 1325 5472 accipientes,congeneres
1343 5410 1554 5455 nostros
1569 5399 1872 5471 diligamus.
1897 5397 2129 5470 ldipsum

552 5497 710 5550 etiam
742 5494 793 5548 in
823 5491 1043 5563 singulis
1069 5489 1194 5547 fecit
1223 5490 1540 5550 hominibus.
1565 5489 1682 5546 Non
1706 5492 1848 5548 enim
1869 5491 2135 5549 concessit

613 5698 684 5760 (a)
719 5694 898 5748 Collata
923 5707 1031 5748 cum
1052 5666 1227 5746 Codice
1252 5689 1532 5742 Colbertino
1555 5691 1667 5742 9’10.

2391 2951 2554 2990 Ππδ

2251 3103 2310 3150 ut
2338 3109 2525 3151 omnes
2553 3093 2731 3150 omnia
2764 3094 2998 3163 scirent,
3025 3095 3120 3152 sed
3149 3095 3278 3153 huic
3311 3097 3460 3155 dedit
3487 3094 3786 3154 medicinam,

2244 3188 2321 3242 illi
2350 3187 2589 3244 fabrilem
2618 3197 2812 3256 artem,
2847 3189 2936 3243 alii
2965 3190 3122 3244 aliam
3143 3232 3158 3256 ,
3193 3200 3250 3246 ut
3282 3193 3482 3248 mutuis
3509 3200 3702 3263 egentes
3721 3185 3788 3241 ol—

2247 3277 2401 3346 liciis,
2434 3293 2533 3334 nos
2563 3288 2749 3334 mutuo
2782 3279 3085 3350 diligamus.
3129 3280 3186 3336 In
3216 3283 3584 3352 spiritualibus
3617 3290 3790 3351 quoque

2243 3369 2472 3439 idipsum
2501 3370 2684 3426 videre
2713 3381 2814 3436 est,
2845 3380 2903 3426 ut
2943 3371 3018 3426 ait
3043 3373 3238 3428 Paulus
3269 3391 3288 3428 :
3325 3394 3343 3428 ε
3367 3375 3471 3430 Alii
3495 3372 3690 3444 quidem
3714 3369 3790 3423 da-

2243 3470 2330 3517 tur
2355 3477 2533 3519 sermo
2561 3464 2834 3534 sapientia:
2853 3505 2869 3532 ,
2895 3464 2984 3519 alii
3011 3480 3190 3521 sermo
3235 3469 3480 3523 scientia:
3499 3507 3515 3533 ,
3541 3465 3624 3520 alii
3649 3469 3792 3516 autem

2245 3554 2548 3625 praphetia,
2577 3557 2665 3611 alii
2695 3557 2864 3628 gratia
2891 3558 3225 3614 curationum
3246 3601 3264 3627 ,
3297 3561 3386 3615 alii
3415 3572 3604 3630 genera
3630 3557 3794 3623 lingua-

2242 3664 2384 3715 rum,
2407 3649 2495 3704 alii
2513 3649 2882 3721 interpretatio
2907 3663 3213 3706 sermonum
3249 3671 3272 3704 ι
3304 3653 3381 3724 (1.
3404 3651 3520 3706 Cor.
3543 3642 3790 3714 ηις-ω).

2243 3740 2440 3799 Verum
2495 3742 2626 3798 nihil
2675 3758 2834 3814 supra
2889 3743 3172 3799 caritatem
3225 3761 3238 3798 :
3295 3745 3640 3816 quamobrem
3680 3739 3795 3792 illam

2242 3836 2489 3891 omnibus
2511 3835 2622 3905 ipse
2651 3833 2885 3906 pra-fert,
2915 3834 3000 3891 his
3023 3835 3203 3891 verbis
3234 3851 3249 3888 :
3289 3855 3310 3889 ι
3349 3835 3407 3892 Si
3451 3832 3635 3905 linguis
3658 3825 3796 3883 homi-

2243 3942 2370 3981 num
2411 3927 2599 3996 loquar
2633 3935 2686 3982 et
2711 3927 3042 3997 angelorum,
3073 3927 3358 3983 caritatem
3396 3937 3688 3982 autemnon
3726 3919 3798 3971 ba-

2241 4017 2419 4086 bcam,
2447 4019 2614 4075 iactus
2642 4033 2759 4073 sum
2784 4018 2928 4074 velut
2946 4034 3020 4074 ms
3044 4033 3263 4086 sonans,
3282 4030 3379 4075 aut
3403 4018 3688 4091 cymbalum
3714 4012 3797 4066 tin-

2243 4111 2397 4166 niens
2427 4127 2441 4165 :
2474 4119 2529 4166 et
2559 4109 2605 4165 si
2641 4108 2876 4164 habuero
2903 4110 3262 4180 prophetiam,
3323 4112 3601 4180 sciamque
3641 4115 3801 4160 arcana

2242 4201 2442 4266 omnia,
2464 4209 2518 4257 et
2547 4201 2591 4256 si
2619 4199 2854 4256 habuero
2885 4199 3064 4266 ﬁdem,
3084 4201 3157 4256 ita
3186 4210 3244 4256 ut
3267 4213 3482 4256 montes
3502 4195 3798 4254 transieram.

2241 4295 2516 4349 caritatem
2545 4301 2720 4349 antem
2747 4309 2852 4348 non
2883 4293 3139 4361 habuero,
3161 4294 3295 4350 nihil
3319 4311 3476 4350 sum)
3505 4294 3576 4365 (l.
3603 4290 3707 4347 Cor.
3735 4285 3803 4341 l3.

2241 4387 2294 4442 1.
2325 4385 2412 4459 2).
2443 4385 2627 4456 Neque
2672 4384 2760 4440 hic
2797 4387 2981 4453 stetit,
3006 4387 3113 4442 imo
3137 4387 3298 4442 etiam
3334 4397 3564 4442 mortem
3612 4395 3699 4453 pro
3736 4377 3800 4449 pia

2241 4477 2500 4548 religione
2529 4476 2660 4533 nihil
2685 4477 2817 4532 lucri
2847 4477 3045 4533 habere
3075 4480 3427 4548 pronuntiat,
3461 4477 3561 4534 nisi
3588 4474 3713 4530 adsit
3735 4484 3808 4524 ca-

2241 4572 2388 4626 ritas.
2420 4569 2601 4640 Neque
2621 4571 2737 4625 sine
2763 4585 2922 4626 causa
2955 4571 3069 4626 haec
3094 4571 3161 4626 de
3184 4572 3415 4628 caritate
3437 4571 3573 4626 dixit
3597 4585 3610 4620 :
3635 4562 3808 4620 sciebat

2240 4662 2405 4727 enim,
2435 4661 2592 4732 plane
2611 4661 2828 4728 sciebat,
2862 4672 3048 4733 utpote
3091 4673 3491 4734 praceptorum
3521 4661 3612 4717 Dei
3644 4655 3810 4716 cultor,

2238 4752 2342 4807 hac
2374 4752 2554 4806 ﬁrmas
2595 4753 2806 4807 radices
2859 4763 3111 4823 ponente,
3141 4757 3386 4808 omnium
3438 4755 3694 4810 bonorum
3723 4745 3813 4798 fru-

2240 4855 2358 4901 ctus
2377 4846 2566 4901 emitti.
2593 4845 2721 4901 Illud
2744 4847 2907 4912 enim,
2935 4845 3054 4900 Non
3086 4847 3420 4901 mtecltaberis
3439 4890 3452 4910 ,
3479 4863 3579 4900 non
3605 4839 3813 4897 occides.

2241 4956 2342 4992 non
2367 4938 2636 5010 furaberis,
2669 4955 2771 4991 non
2797 4937 2984 5010 falsum
3009 4939 3351 4992 testimonium
3373 4939 3513 4992 dices
3535 4931 3717 5006 (Exod.
3737 4925 3812 4980 20.

2243 5031 2456 5101 15-16),
2513 5040 2567 5086 et
2595 5030 2638 5085 si
2665 5045 2767 5100 qua
2812 5030 2910 5084 alia
2944 5040 3227 5100 prmcepta,
3254 5031 3308 5084 in
3347 5031 3455 5086 hoc
3495 5043 3620 5093 uno,
3659 5037 3746 5078 ceu
3772 5019 3816 5071 in

2243 5125 2417 5194 capite
2443 5121 2991 5192 comprehenduntur,
3023 5121 3212 5192 Diliges
3234 5123 3539 5190 proximum
3558 5129 3691 5172 mum
3710 5111 3816 5165 sicut

2242 5220 2455 5286 teipsum
2485 5217 2628 5285 (Leu.
2656 5217 2743 5271 19.
2771 5215 2855 5271 18.
2880 5213 2997 5270 Gal.
3031 5217 3083 5270 5.
3109 5216 3216 5286 14).
3238 5214 3455 5285 Ecquid
3479 5225 3613 5283 opus
3630 5215 3706 5265 εει
3720 5204 3820 5258 hzcc

2245 5326 2404 5382 parta
2454 5309 2662 5375 dicere,
2698 5324 2993 5380 magnaque
3025 5307 3239 5363 tacere?
3267 5306 3512 5377 Propter
3566 5303 3817 5360 caritatem

2243 5404 2311 5459 ad
2356 5419 2456 5458 nos
2498 5401 2776 5458 descendit
2823 5402 3048 5456 dilectus
3078 5401 3168 5455 Dei
3201 5399 3398 5466 Filius,
3442 5398 3537 5469 qui
3567 5392 3820 5451 nobiscum

2245 5496 2552 5554 hominibus
2597 5502 2839 5550 versatus
2885 5502 3048 5549 estet
3076 5491 3358 5558 habitavit,
3386 5501 3448 5546 ut
3474 5483 3822 5556 multiplicium

2245 5591 2465 5647 deorum
2493 5603 2681 5646 errore
2709 5587 2936 5653 sublato,
2963 5599 3192 5655 veraque
3214 5585 3542 5639 annuntiata
3568 5575 3821 5649 religione.

2250 5691 2486 5739 mutuam
2516 5681 2792 5737 caritatem
2843 5679 3082 5735 homines
3115 5677 3358 5744 doceret,
3389 5668 3824 5748 quemadmodum
