4104 6214
219 336 317 390 279

220 447 522 519 συντυχίαν.
541 449 694 521 Ἐμοὶ
724 449 830 520 γάρ
858 450 952 504 καὶ
985 451 1185 521 ίατρῶν
1217 452 1413 523 χειρῶν
1441 454 1871 526 χρησιμώτερον,

1470 340 1558 396 DE
1596 339 1953 395 PERFECTA
1990 341 2360 397 CARITATE.

3534 339 3634 393 980

1977 455 2135 519 δόξαν
2160 455 2252 508 τοῦ
2284 455 2482 526 Κυρίου
2509 455 2664 528 ήμῶν
2705 454 2876 524 Ἰησοῦ
2905 454 3159 525 Χριστοῦ,
3189 455 3252 508 δι’
3280 446 3342 507 οῦ
3379 453 3474 508 καὶ
3517 454 3635 528 μεθ’

215 538 310 590 καὶ
353 537 535 608 πάσης
566 537 664 608 τῆς
692 537 898 590 ἐκεῖθεν
943 539 1292 608 παραμυθίας
1332 538 1782 611 λυσιτελέστερον,
1811 542 1874 594 τὸ
1977 535 2039 595 οῦ
2071 541 2148 612 τῷ
2177 543 2352 614 Πατρὶ
2379 543 2526 610 δόξα,
2571 543 2724 612 τιμὴ,
2773 541 2990 612 κράτος,
3021 542 3138 610 ἅμα
3180 539 3258 612 τῷ
3297 540 3435 611 ἁγίῳ
3462 538 3630 595 Πνεύ⁴

212 623 311 694 τῆς
343 625 614 696 ὑμετέρας
643 625 932 679 ἀπολαύειν
961 626 1181 694 ἀγάπης
1203 642 1217 656 ⁸
1248 621 1316 696 ἧς
1359 627 1567 695 γένοιτο
1610 629 1872 699 διηνεκῶς

213 710 502 782 ἐντρυφᾷν,
535 713 720 783 εὐχαῖς
751 722 844 766 καὶ
872 713 1188 784 πρεσϐείαις
1212 713 1428 768 πάντων
1453 715 1559 769 τῶν
1583 716 1770 783 ἁγίων,
1793 716 1873 777 εἰς

1983 646 2112 699 ματι
2136 669 2152 692 ,
2191 629 2286 684 νῦν
2325 631 2418 685 καὶ
2455 631 2542 685 ἀεὶ
2567 669 2582 694 ,
2621 630 2714 683 καὶ
2750 632 2829 693 είς
2865 631 2992 692 τοὺς
3027 630 3229 692 αἰῶνας
3265 629 3370 682 τῶν
3406 627 3633 685 αἰώνων.

1993 716 2180 783 Ἀμήν.

317 1336 3517 1374 mm

1097 1505 1205 1564 AD
1260 1503 1676 1564 HOMILIAM
1727 1506 1828 1564 DE
1889 1505 2295 1567 PEBFECTA
2351 1503 2778 1565 CARITATE.

325 1722 507 1782 verbis
530 1736 690 1793 quam
719 1733 905 1774 sensu.
932 1717 1121 1787 Neque
1148 1723 1330 1770 tamen
1375 1715 1696 1785 ἀπάνθισμα
1725 1730 1845 1770 esse
1894 1725 2048 1786 puto,
2093 1715 2186 1770 sed
2217 1718 2468 1773 eumdem
2497 1718 2566 1772 de
2589 1717 2778 1773 iisdem
2803 1715 2966 1770 rebus
2989 1713 3182 1770 eodem
3220 1727 3364 1784 pene
3395 1710 3557 1768 modo

325 1863 558 1921 diversis
589 1858 928 1929 temporibus
973 1855 1196 1911 dixisse.
1237 1874 1257 1908 ›
1308 1853 1491 1909 Savilii
1517 1856 1584 1910 de
1615 1856 1714 1909 hac
1766 1855 1988 1910 homilia
2034 1856 2359 1912 sententiam
2409 1858 2644 1916 libenter
2671 1857 2990 1927 amplector.
3022 1853 3119 1910 Est
3149 1853 3296 1909 enim
3319 1852 3558 1926 Chryso-

328 2014 509 2060 stomo
543 2004 724 2075 digna,
770 2003 838 2058 ad
875 2017 1054 2060 mores
1085 2001 1449 2057 instituendos
1481 2002 1706 2072 optima,
1737 2011 1789 2057 et
1817 2001 1986 2057 sancti
2012 2001 2251 2056 doctoris
2295 2002 2491 2072 stylum
2532 2002 2692 2074 sapit.
2729 1999 3000 2057 Caeterum
3045 1996 3184 2052 nihil
3223 1996 3400 2064 oﬂ‘ert,
3453 2009 3565 2067 quo

331 2144 609 2215 possimus
633 2144 1002 2200 internoscere
1029 2143 1405 2200 Antiochiame
1428 2159 1498 2198 an
1527 2144 1995 2214 Constantinopoli
2021 2145 2206 2200 habita
2241 2145 2424 2202 fuerit.

1511 2451 2335 2541 ΧΡΥΣΟΣΤΟΜΟΥ

527 2635 663 2704 Περὶ
699 2637 934 2703 τελείας
964 2637 1219 2707 ἀγάπης,
1243 2639 1340 2694 καὶ
1368 2640 1478 2709 τῆς
1504 2644 1628 2696 κατ’
1655 2642 1836 2707 ἀξίαν
1855 2641 1976 2697 τῶν
2001 2641 2190 2712 ἔργων
2218 2640 2697 2705 ἀνταποδόσεως,
2732 2637 2829 2692 καὶ
2858 2638 2990 2706 περὶ
3019 2636 3416 2703 κατανύξεως.

330 3021 399 3078 α’.
426 3022 576 3077 Πᾶσα
599 3021 794 3092 πρᾶξις
825 3021 1002 3093 ἀγαθὴ
1031 3023 1240 3094 καρπὸς
1269 3023 1487 3094 ἀγάπης
1536 3025 1681 3078 ἐστί’
1710 3025 1791 3079 διὸ
1819 3027 1914 3079 καὶ

261 3109 424 3174 πολὺς
439 3110 561 3180 περὶ
580 3110 746 3180 αὐτῆς
767 3112 795 3162 ὁ
815 3109 988 3177 λόγος,
1009 3109 1103 3164 τοῦ
1127 3110 1224 3181 μὲν
1246 3111 1480 3183 Χριστοῦ
1510 3112 1776 3181 λέγοντος·
1818 3114 1915 3167 Ἐν

259 3198 439 3262 τούτῳ
461 3198 789 3267 γνώσονται
811 3197 1053 3263 πάντες,
1074 3199 1164 3251 ὅτι
1191 3198 1320 3266 ἐμοὶ
1337 3200 1596 3268 μαθηταί
1619 3200 1780 3265 ἐστε,
1806 3201 1915 3255 ἐὰν

254 3283 514 3356 ἀγαπᾶτε
548 3283 894 3351 ἀλλήλους·
923 3283 1020 3338 τοῦ
1058 3284 1116 3338 δὲ
1153 3285 1362 3340 Παύλου
1389 3286 1650 3357 βοῶντος·
1689 3287 1914 3356 Μηδενὶ

250 3369 439 3436 μηδὲν
475 3370 766 3438 ὀφείλετε,
798 3372 850 3422 εί
894 3369 981 3439 μὴ
1029 3370 1097 3424 τὸ
1145 3370 1384 3440 ἀγαπᾷν
1429 3373 1763 3439 ἀλλήλους.
1801 3375 1913 3444 Ούχ

252 3455 437 3520 ἁπλῶς
476 3450 651 3523 εἶπεν,
691 3455 804 3509 ἀλλ’
831 3456 906 3520 ὡς
936 3457 1246 3526 ὀφείλοντας
1283 3458 1653 3531 ἀλλήλοις-,Ὡς
1693 3461 1801 3532 γὰρ
1835 3461 1914 3532 τῷ

251 3543 465 3614 σώματι
495 3543 597 3614 τὴν
629 3543 831 3614 τροφὴν
859 3544 944 3597 ἀεὶ
979 3545 1076 3614 μὲν
1101 3545 1386 3617 ὀφείλομεν
1413 3546 1579 3618 αὐτῷ,
1623 3547 1708 3602 ἀεὶ
1761 3547 1908 3622 [288]

246 3628 310 3682 δὲ
335 3629 656 3702 ἀποδίδομεν
683 3629 853 3703 (πάσῃ
882 3630 990 3701 γὰρ
1011 3633 1043 3702 ἡ
1054 3630 1166 3698 μῶν
1191 3634 1256 3703 τῇ
1288 3633 1401 3704 ζωῇ
1427 3633 1489 3687 τό
1522 3635 1759 3690 τοιοῦτον
1790 3653 1915 3691 συν-

247 3717 550 3772 εκτείνεται
593 3717 814 3788 χρέος)·
849 3717 991 3772 οὕτω
1021 3719 1114 3771 καὶ
1155 3719 1246 3772 ἐπὶ
1285 3723 1383 3792 τῆς
1411 3721 1630 3792 ἀγάπης
1673 3723 1912 3778 διδάσκει

245 3807 427 3858 ποιεῖν
447 3823 462 3837 ο
497 3806 695 3877 μᾶλλον
718 3805 775 3858 δὲ
799 3806 892 3858 καὶ
921 3805 1100 3877 πολλῷ
1127 3806 1308 3870 πλέον,
1335 3809 1444 3878 ὅσῳ
1470 3811 1563 3862 καὶ
1603 3810 1738 3880 πρὸς
1779 3810 1912 3864 αἰώ-

243 3909 364 3945 νιον
395 3893 579 3964 ὁδηγεῖ
603 3892 768 3964 ζωὴν,
790 3894 883 3948 καὶ
913 3894 1333 3965 ωμπαραμένει
1357 3899 1469 3960 τοῖς
1489 3897 1698 3967 ἔχουσιν
1720 3900 1912 3971 αύτήν.

241 3980 431 4034 Μένει
463 3980 590 4051 γὰρ,
627 3981 780 4051 φησὶ,
812 3979 885 4033 τὰ
914 3981 1046 4048 τρία
1075 3979 1277 4046 ταῦτα,
1308 3983 1529 4046 πίστις,
1559 3984 1753 4050 ἐλπὶς,
1778 3983 1916 4054 ἀγάο

243 4082 336 4134 πη
355 4084 371 4101 ·
393 4067 604 4137 μείζων
629 4067 697 4121 δὲ
723 4067 949 4122 τούτων
976 4069 1014 4136 ἡ
1050 4065 1270 4136 ἀγάπη.
1307 4066 1382 4121 Οὐ
1419 4069 1577 4138 μόνον
1604 4069 1660 4122 δὲ
1689 4070 1776 4124 διὰ
1815 4075 1914 4143 ρη-

247 4154 458 4224 μάτων,
489 4155 624 4208 ἀλλά
666 4156 758 4208 καὶ
786 4155 872 4208 διὰ
905 4153 1246 4226 πραγμάτων
1283 4152 1646 4226 διδασκόμεθα
1685 4156 1910 4228 ταύτην.

247 4241 366 4294 Καὶ
409 4241 626 4312 πρῶτον
674 4242 769 4311 μὲν
806 4241 893 4294 διά
922 4242 1015 4294 τοῦ
1055 4240 1256 4311 τρόπου
1301 4242 1397 4312 τῆς
1433 4242 1704 4315 ἡμετέρας
1749 4262 1915 4298 κατα-

247 4329 616 4399 σκευῆς.”Ενα
657 4329 764 4400 γάρ
813 4328 1022 4390 πλάσας
1066 4330 1095 4382 ό
1145 4327 1277 4394 Θεὸς
1319 4329 1622 4401 ἄνθρωπον,
1653 4332 1710 4398 ἐξ
1749 4333 1912 4387 αὐτοῦ

245 4416 460 4479 πάντας
504 4415 805 4487 προσέταξε
851 4415 1123 4485 γενέσθαι,
1169 4417 1254 4470 ἵνα
1296 4419 1495 4482 πάντες
1536 4419 1798 4492 ἀλλήλους
1838 4421 1914 4486 ὡς

239 4503 349 4557 ἕνα
381 4502 690 4574 νομίζωμεν
707 4512 748 4567 ⁸,
782 4504 875 4556 καὶ
914 4503 972 4555 ὲν
1003 4503 1190 4575 ἀγάπῃ
1233 4505 1367 4575 πρὸς
1408 4505 1666 4578 ἀλλήλους
1710 4508 1914 4577 διάγειν

245 4591 899 4661 σπουδάζωμεν.Ἔπειτα
924 4591 1019 4644 καὶ
1045 4590 1132 4644 διὰ
1169 4591 1268 4661 τῆς
1304 4593 1411 4646 τῶν
1453 4595 1912 4667 συναλλαγμάτων

245 4678 530 4749 ἐπιμιξίας
574 4677 752 4748 σοφῶς
783 4679 916 4748 ἡμῖν
946 4678 1006 4731 τὸ
1035 4679 1354 4747 φιλάλληλον
1390 4683 1877 4754 ἐπραγματεύσατο
1895 4703 1908 4716 ·

244 4766 347 4818 καὶ
372 4764 512 4832 πῶς,
534 4765 715 4821 άκουε.
743 4764 959 4819 Πολλῶν
982 4765 1193 4836 πλήσας
1211 4765 1308 4837 τὴν
1328 4769 1651 4842 οἰκουμένην
1671 4772 1910 4841 ἀγαθῶν,

248 4853 453 4907 ἔδωκεν
498 4854 700 4924 ἑκάστῃ
743 4852 898 4924 χώρα
940 4853 1102 4907 πάλιν
1149 4853 1450 4919 ἰδιάζουσαν
1506 4858 1914 4931 ἐπιτηδειότητα

249 4939 500 5010 καρπῶν,
524 4940 612 4992 ἵνα
637 4939 726 4993 διά
748 4940 810 4993 τὸ
837 4941 935 5010 τῆς
959 4939 1148 5012 χρείας
1170 4939 1464 5008 ἀναγκαῖον
1495 4945 1632 5014 πρὸς
1655 4944 1914 5018 ἀλλήλους

251 5027 582 5096 βαδίζοντες,
617 5028 712 5081 καὶ
758 5026 869 5080 τῶν
911 5026 1336 5098 περιττευόντων
1386 5029 1775 5098 μεταδιδόντες,
1821 5033 1916 5086 καὶ

246 5113 362 5166 τῶν
409 5113 702 5167 λειπόντων
744 5115 876 5185 ἡμῖν
930 5113 1447 5184 ἀντιλαμϐάνοντες,
1497 5115 1802 5188 ἀγαπῶμεν
1856 5120 1916 5173 τὸ

245 5202 540 5272 ὁμόφυλον.
580 5201 750 5256 Τοῦτο
775 5202 870 5255 καὶ
898 5203 983 5270 ἐφ’
1011 5202 1242 5258 ἑκάστου
1277 5202 1573 5272 πεποίηκεν
1601 5203 1910 5276 ἀνθρώπου.

246 5290 323 5342 Ού
353 5290 464 5362 γάρ
491 5289 668 5344 πάντα
697 5291 860 5345 πᾶσιν
889 5289 1090 5343 ἔδωκεν
1111 5288 1328 5352 εἰδέναι,
1357 5289 1491 5344 ἀλλά
1517 5290 1595 5361 τῷ
1623 5293 1720 5362 μὲν
1747 5294 1917 5365 ἰατρι-

248 5378 374 5448 κήν,
402 5376 570 5449 τῷίδὲ
598 5376 933 5447 τεκτονικὴν,
965 5377 1058 5430 καὶ
1098 5375 1242 5449 ἄλλῳ
1266 5376 1450 5449 ἀλλην,
1495 5377 1582 5433 ἴνα
1625 5381 1916 5452 χρῄζοντες

282 5601 337 5676 ,⁸
363 5601 500 5682 Εςιι).
543 5603 773 5681 ἀλλῄλους
816 5602 1076 5677 νομίζομεν.
1123 5601 1304 5678 Ρειιῐο.
1330 5607 1460 5682 post‘
1481 5603 1617 5682 εφη).
1655 5605 1913 5682 ἐπιμιξίας

248 5664 532 5784 iit-rixam;
561 5665 672 5726 ἡμῖν
708 5664 1084 5723 πραγματεύεται
1124 5664 1180 5711 τὸ
1242 5664 1540 5727 φιλάλληλον·
1589 5664 1780 5715 πολλῶν
1822 5669 1912 5728 γὰρ

383 5741 524 5782 ησας.

622 5824 888 5887 ΡΑτιιοι..
936 5829 1051 5888 Gn.
1097 5828 1245 5890 LVI.

1923 2849 1994 2861 ..-

2016 3024 2278 3098 ἀλλήλων,
2313 3024 2614 3096 ἀγαπῶμεν
2643 3023 2924 3094 ἀλλήλους.
2961 3023 3069 3077 Καὶ
3119 3025 3176 3077 ὲν
3220 3025 3334 3088 τοῖς
3379 3041 3677 3096 πνευματι-

2015 3115 2130 3177 κοῖς
2157 3112 2213 3165 δὲ
2251 3111 2410 3166 πάλιν
2440 3111 2501 3166 τὸ
2535 3111 2665 3166 αύτό
2695 3112 2974 3183 γινόμενον
3004 3112 3100 3165 ῐδοι
3125 3129 3209 3175 τις
3235 3111 3323 3173 ἂν.
3356 3111 3431 3176 ῶς
3458 3130 3620 3184 φησιν
3645 3113 3674 3168 ὁ

2015 3199 2246 3264 Παῦλος,
2279 3200 2360 3252 ὅτι
2397 3197 2482 3264 Τῷ
2504 3199 2621 3268 μὲν
2646 3198 2874 3253 δίδοται
2901 3199 3082 3268 λόγος
3111 3198 3348 3268 σοφίας,
3369 3198 3449 3264 τῷ
3479 3199 3547 3253 δὲ
3570 3201 3677 3254 λόσ

2015 3305 2118 3356 γος
2161 3286 2456 3358 γνώσεως,
2499 3287 2664 3350 ἄλλῳ
2706 3286 2776 3340 δὲ
2817 3287 3164 3357 προφητεία,
3199 3287 3367 3352 ἄλλῳ
3398 3287 3467 3341 δὲ
3508 3289 3675 3358 χαρί-

2013 3388 2212 3443 σματα
2242 3373 2522 3444 ἰαμάτων,
2568 3373 2739 3438 ἄλλῳ
2771 3373 2840 3428 δὲ
2881 3373 3025 3443 γένη
3066 3374 3384 3443 γλωσσῶν,
3406 3376 3574 3440 ἄλλῳ
3607 3375 3678 3430 δὲ

2013 3459 2292 3528 ἑρμηνεία
2322 3461 2634 3530 γλωσσῶν.
2654 3460 2793 3514 Ἀλλ’
2820 3460 2972 3514 οὐδὲν
2997 3460 3097 3532 τῆς
3125 3463 3344 3534 ἀγάπης
3371 3462 3640 3534 ἀνώτερον
3659 3479 3674 3494 ο

2012 3546 2089 3601 διὸ
2127 3549 2218 3602 καὶ
2255 3549 2471 3604 πάντων
2504 3548 2672 3620 αὐτὴν
2711 3548 3034 3620 προέθηκεν,
3079 3549 3251 3614 οὕτως
3287 3549 3490 3604 εἰπών’
3537 3549 3683 3606 Ἐὰν

2013 3632 2081 3686 δὲ
2102 3633 2228 3701 ταῖς
2254 3633 2563 3705 γλώσσαις
2589 3634 2707 3689 τῶν
2731 3635 3058 3704 ἀνθρώπων
3087 3635 3256 3691 λαλῶ
3295 3637 3393 3694 καὶ
3433 3637 3553 3691 τῶν
3575 3637 3680 3708 ἀγα

2012 3717 2227 3788 γέλων,
2257 3722 2500 3791 ἀγάπην
2526 3721 2595 3774 δὲ
2619 3721 2704 3791 μὴ
2736 3722 2875 3791 ἔχω,
2910 3722 3130 3792 γέγονα
3168 3723 3401 3794 χαλκὸς
3422 3725 3609 3794 ἠχῶν,
3637 3727 3678 3794 ἢ

2014 3807 2323 3876 κύμϐαλον
2365 3806 2683 3868 ἀλαλάζον⁸
2732 3809 2830 3862 καὶ
2868 3808 2977 3864 ἐὰν
3009 3809 3126 3879 ἔχω
3159 3814 3546 3880 προφητείαν,
3580 3814 3680 3867 καὶ

2013 3891 2146 3945 εῑδῶ
2171 3893 2241 3946 τὰ
2266 3893 2570 3960 μυστήρια
2601 3892 2818 3957 πάντα,
2851 3894 2949 3948 καὶ
2977 3895 3087 3948 ἐὰν
3117 3897 3234 3965 ἔχω
3259 3899 3488 3963 πίστιν,
3522 3897 3679 3953 ὥστε

2015 3979 2121 4045 ὄρη
2141 3979 2543 4047 μεθιστάνειν,
2566 3978 2810 4048 ἀγάπην
2836 3978 2904 4032 δὲ
2919 3980 3006 4050 μὴ
3030 3981 3168 4050 ἔχω,
3202 3983 3384 4037 οὐδέν
3402 3986 3537 4052 ειμι.
3570 3987 3678 4038 Καὶ

2015 4065 2134 4117 οὐδὲ
2162 4064 2323 4135 μέχρι
2356 4064 2560 4117 τούτων
2602 4064 2753 4134 ἔστη,
2801 4065 2937 4120 ἀλλά
2964 4067 3060 4120 καὶ
3090 4068 3184 4120 τὸν
3225 4069 3364 4139 ὑπὲρ
3400 4070 3680 4133 εὐσεϐείας

2015 4150 2244 4204 θάνατον
2284 4151 2436 4205 οὐδὲν
2465 4151 2607 4222 ἔχειν
2635 4151 2994 4220 ἀποφαίνεται
3023 4153 3232 4224 κέρδος,
3262 4156 3337 4226 μὴ
3370 4156 3679 4228 προσούσης

2017 4237 2254 4308 ἀγάπης.
2292 4238 2364 4291 Ού
2401 4239 2575 4308 μάτην
2604 4238 2660 4291 δὲ
2685 4237 2921 4292 τοσαῦτα
2944 4239 3072 4309 περὶ
3099 4239 3264 4310 αὐτῆς
3301 4240 3540 4312 εἴρηκενο
3560 4242 3679 4314 ᾔδει

2015 4325 2142 4396 γὰρ,
2177 4325 2295 4396 ᾔδει
2323 4324 2529 4393 σαφῶς,
2577 4325 2672 4379 ἀτε
2723 4325 2965 4398 γεωργὸς
3007 4325 3113 4380 τῶν
3150 4326 3376 4381 ἐντολῶν
3404 4327 3494 4381 τοῦ
3520 4329 3676 4396 Θεοῦ,

2013 4414 2113 4477 ὅτι,
2144 4411 2347 4484 ταύτης
2376 4412 2747 4484 ὲρῤιζωμένης
2775 4412 3050 4484 ἀσφαλῶς,
3071 4416 3098 4467 ὁ
3115 4413 3225 4467 τῶν
3262 4414 3479 4484 ἀγαθῶν
3507 4416 3679 4472 ἀπάνο

2012 4518 2119 4554 των
2159 4499 2443 4570 βλαστάνει
2494 4499 2722 4570 καρπός.
2773 4499 2845 4552 Τὸ
2877 4499 2984 4574 γάρ
3009 4539 3024 4565 ,
3075 4503 3158 4556 Οὐ
3196 4503 3562 4572 μοιχεύσεις,
3605 4507 3679 4559 οὐ

2013 4589 2350 4657 φονεύσεις,
2381 4588 2452 4640 οὐ
2491 4586 2771 4655 κλέψεις,
2818 4589 2889 4643 οὐ
2929 4587 3552 4660 ψευδομαρτυρήσεις,
3585 4593 3678 4645 καὶ

2014 4674 2067 4725 εἴ
2094 4692 2176 4736 τις
2197 4673 2356 4744 ἑτέρα
2384 4673 2590 4744 ἐντολὴ,
2610 4674 2666 4726 ὲν
2692 4673 2865 4746 τούτῳ
2886 4675 2962 4746 τῷ
2980 4675 3123 4747 λόγῳ
3151 4675 3674 4746 ἀνακεφαλαιοῦται,

2015 4763 2072 4814 ὲν
2107 4760 2202 4831 τῷ,
2245 4759 2591 4830 Ἀγαπήσεις
2640 4760 2746 4814 τὸν
2790 4762 3057 4829 πλησίον
3100 4776 3218 4815 σου
3267 4763 3347 4828 ὠς
3393 4764 3674 4817 σεαυτόν.

2015 4846 2123 4899 Καὶ
2152 4846 2204 4899 τι
2243 4845 2347 4919 χρὴ
2380 4846 2449 4899 τά
2503 4846 2674 4917 μικρά
2713 4846 2912 4914 λέγειν,
2946 4846 3013 4899 τά
3063 4846 3275 4916 μεγάλα
3321 4847 3676 4914 σιωπῶνταςς

2015 4934 2091 4987 Δι’
2137 4935 2358 5004 ἀγάπην
2395 4931 2631 5002 κατῆλθε
2684 4934 2819 5000 πρὸς
2856 4933 3006 5002 ἡμᾶς
3055 4934 3084 4984 ὀ
3121 4933 3402 5004 ἀγαπητὸς
3426 4934 3552 5000 Υἱὸς
3578 4937 3678 4991 τοῦ

2013 5020 2171 5084 Θεοῦ,
2230 5022 2323 5075 καὶ
2369 5020 2671 5090 ὁμόσκηνος
2718 5019 2812 5072 καὶ
2863 5017 3166 5088 ὁμοδίαιτος
3216 5023 3326 5085 τοῖς
3372 5022 3678 5095 ἀνθρώποις

2014 5109 2256 5177 γέγονεν,
2289 5108 2375 5161 ἵνα
2395 5106 2492 5176 τὴν
2527 5104 2785 5159 πολύθεον
2817 5103 3122 5170 καταλύσας
3157 5106 3364 5179 πλάνην
3383 5148 3398 5174 ,
3447 5111 3541 5165 καὶ
3579 5112 3680 5183 τὴν

2015 5195 2191 5266 ἀληθῆ
2244 5193 2605 5262 καταγγείλας
2656 5191 3014 5259 θεογνωσίαν,
3081 5192 3180 5264 τὴν
3229 5194 3367 5266 πρὸς
3417 5197 3678 5270 ἀλλήλους

2016 5285 2234 5353 ἀγάπην
2260 5281 2444 5353 διδάξῃ
2472 5279 2600 5343 τοὺς
2629 5277 2970 5350 ἀνθρώπους,
3010 5279 3192 5345 καθὼς
3239 5282 3492 5355 Ἰωάννης
3536 5300 3678 5355 μαρ.

2015 5371 2168 5440 τυρεῖ
2208 5369 2382 5436 λέγων
2403 5383 2418 5398 ·
2444 5366 2638 5430 Οὕτως
2667 5364 2984 5434 ἠγάπησεν
3018 5367 3052 5420 ὁ
3082 5367 3226 5434 Θεὸς
3268 5370 3376 5422 τὸν
3425 5373 3676 5438 κόσμον,

2017 5456 2105 5510 ὅτι
2133 5455 2240 5511 τὸν
2279 5454 2412 5509 Υίδν
2443 5453 2628 5508 αὐτοῦ
2660 5453 2768 5506 τὸν
2805 5453 3104 5522 μονογενῆ
3135 5454 3393 5520 ἔδωκεν,
3426 5455 3526 5509 ἵνα
3558 5453 3675 5518 πᾶς

2017 5547 2051 5597 ό
2077 5543 2376 5596 πιστεύων
2406 5543 2492 5606 είς
2521 5541 2708 5596 αὐτὸν
2737 5541 2822 5610 μὴ
2865 5543 3182 5609 ἀπόληται,
3223 5541 3361 5596 ἀλλ’
3385 5541 3495 5610 ἔχῃ
3526 5540 3680 5607 ζωὴν

2017 5629 2274 5684 αἰώνιον.
2317 5631 2451 5684 Ὑπὸ
2496 5629 2697 5701 ταύτης
2745 5629 3093 5698 ὲκκαιόμενος
3133 5632 3160 5682 ὁ
3203 5627 3410 5689 Παῦλος
3455 5628 3552 5700 τὴν
3583 5630 3674 5681 ού-

2023 5717 2204 5788 ράνιον
2229 5715 2415 5785 ἀφῆκέ
2436 5715 2640 5787 φωνὴν,
2675 5714 2774 5783 Τίς
2801 5713 2955 5785 ἡμᾶς
2978 5714 3215 5783 χωρίσει
3248 5713 3364 5767 ἀπὸ
3403 5711 3508 5782 τῆς
3530 5714 3674 5781 ἁγά-

3120 5825 3192 5883 18
