4104 6214
406 497 525 550 πης
564 480 668 536 τοῦ
699 476 997 548 Χριστοῦ;
1029 473 1218 543 λέγων·
1245 472 1472 540 θλίψις,
1506 471 1544 539 ἢ
1581 467 1731 542 [289]
1766 478 2060 530 στενοχω-

404 573 522 638 ρίαν
564 569 604 637 ἢ
651 564 923 635 διωγμὸς,
953 561 992 630 ἢ
1030 560 1224 630 λιμὸς,
1257 559 1296 627 ἢ
1337 560 1653 627 μ’μνότης.
1683 556 1723 624 ἢ
1762 552 2057 615 κίνδυνος.

406 657 447 725 ἢ
472 654 764 726 μάχαιρα;
793 649 1228 720 Καταφρονήσας
1255 647 1312 700 δέ
1348 645 1553 700 τούτων
1576 644 1650 708 ὡς
1679 640 1930 703 εὐτελῶν,
1974 638 2068 691 καὶ

406 745 476 796 τὰ
505 739 684 810 πολλῷ
706 737 909 793 τούτων
940 734 1159 808 μείζονα
1185 734 1415 788 τέθεικε·
1462 733 1593 802 φησὶ
1619 733 1745 801 γὰρ,
1786 729 1914 782 Ὅτι
1934 726 2069 780 οὔτε

410 829 684 894 θάνατος,
715 827 859 880 οὔτε
883 823 1016 892 ζωὴ,
1047 823 1184 877 οὔτε
1214 820 1530 882 ἐνεστῶτα,
1571 818 1707 872 οὔτε
1731 815 2034 886 μέλλοντα
2053 852 2068 878 ,

410 919 549 970 οὔτε
568 916 802 985 ὕψωμα,
828 915 965 968 οὔτε
979 910 1189 977 βάθος,
1214 910 1354 964 οὔτε
1377 926 1465 975 τις
1482 910 1680 973 κτίσις
1695 907 1866 973 ἑτέρα
1885 902 2072 969 δυνή-

413 1018 580 1059 σεται
609 1001 767 1071 ἡμᾶς
801 1001 1050 1070 χωρίσαι
1087 997 1204 1052 ἀπὸ
1237 995 1346 1064 τῆς
1377 994 1612 1064 ἀγάπης
1639 993 1744 1048 τοῦ
1779 991 1926 1046 Θεοῦ
1964 989 2073 1058 τῆς

412 1092 481 1142 ἐν
507 1087 738 1157 Χριστῷ
789 1085 991 1154 Ἰησοῦ
1034 1082 1114 1150 τῷ
1157 1083 1351 1150 Κυρίῳ
1379 1080 1565 1150 ἡμῶν.
1613 1077 1889 1132 Ἐντεῦθεν
1923 1076 2073 1130 οὐδὲν

414 1174 638 1245 ἠδύνατο
659 1187 686 1216 α
719 1173 947 1245 χωρίσαι
974 1171 1065 1224 τὸν
1101 1169 1364 1240 μακάριον
1385 1169 1588 1221 ἐκεῖνον
1619 1166 1722 1218 ὑπὸ
1737 1165 1835 1234 τῆς
1857 1163 2076 1233 ἀγάπης

415 1262 882 1334 πυρπολούμενον,
912 1259 1013 1313 οὐκ
1037 1257 1286 1330 οὐρανὸς,
1311 1257 1370 1308 οὐ
1409 1256 1503 1326 γῆ,
1533 1255 1593 1308 οὐ
1618 1253 1881 1316 θάλασσα,
1909 1252 1969 1304 οὐ
2009 1252 2076 1303 τά

416 1352 473 1403 ἐν
500 1351 610 1412 τοῖς
637 1349 884 1420 οὐρανοῖς
913 1344 1176 1415 βασίλεια,
1215 1343 1274 1396 οὐ
1328 1341 1398 1394 τὰ
1439 1344 1496 1394 ὲν
1547 1341 1673 1412 ᾅδου
1708 1339 2038 1409 κολαστήρια
2059 1353 2073 1367 ⁸

419 1437 636 1490 πάντων
666 1435 773 1504 γὰρ
804 1432 1092 1504 ὑπερεώρα
1120 1430 1208 1483 διά
1230 1428 1320 1482 τὸν
1347 1429 1600 1498 Χριστόν.
1649 1429 1714 1482 Εἰ
1746 1428 1802 1481 δὲ
1835 1426 1929 1480 καὶ
1953 1426 2079 1487 τούς

416 1521 606 1585 ἄλλους
633 1520 983 1588 ἐξετάσαιμεν
1001 1518 1209 1586 ἁγίους,
1226 1516 1434 1579 πάντας
1454 1516 1756 1587 εὑρήσομεν
1776 1516 1841 1569 δι’
1861 1513 2080 1583 ἀγάπην

421 1608 919 1679 εὐαρεστήσαντας.

491 1695 559 1765 β’.
579 1696 644 1748 Ἥ
664 1693 852 1764 ἀγάπη
873 1691 1110 1745 δείκνυσί
1138 1707 1219 1744 σοι
1245 1691 1337 1744 τὸν
1365 1689 1592 1761 πλησίον
1617 1689 1691 1751 ὡς
1721 1685 1963 1751 σεαυτὸν,
1991 1686 2084 1738 καὶ

422 1782 630 1852 χαίρειν
667 1796 727 1833 σε
751 1778 990 1832 διδάσκει
1035 1778 1125 1831 ἐπὶ
1153 1781 1267 1840 τοῖς
1294 1777 1502 1829 ἐκείνου
1535 1775 1740 1840 καλοῖς,
1775 1773 1961 1844 ὥσπερ
1991 1773 2086 1824 ἐπὶ

419 1871 530 1930 τοῖς
561 1869 693 1929 σοῖς,
723 1865 825 1919 καὶ
858 1865 1045 1936 φέρειν
1068 1865 1233 1919 αὐτοῦ
1268 1864 1336 1917 τά
1367 1863 1743 1933 ἐλαττώματα,
1779 1860 1968 1931 ὥσπερ
1991 1861 2086 1912 καὶ

421 1955 490 2008 τά
529 1955 615 2008 σά.
661 1954 724 2007 Ἡ
755 1953 941 2022 ἀγάπη
985 1953 1044 2006 ἓν
1077 1952 1236 2022 σῶμα
1275 1954 1399 2015 τοὺς
1422 1951 1649 2013 πολλοὺς
1693 1946 2084 2019 ἀπεργάζεται,

422 2041 516 2096 καὶ
545 2041 863 2112 Πνεύματος
896 2034 1051 2109 ἁγίου
1092 2028 1273 2109 δοχεϊα
1314 2040 1412 2102 τάς
1457 2038 1658 2092 τούτων
1692 2033 2088 2098 κατασκευάζει

422 2125 620 2195 ψυχάς·
649 2124 711 2178 οὐ
737 2123 846 2196 γάρ
873 2123 1222 2196 διῃρημένοις
1251 2121 1513 2194 ἀλλήλων,
1536 2119 1836 2191 ήνωμένοις
1865 2118 1922 2173 δὲ
1947 2118 2088 2172 κατά

423 2212 600 2284 ψυχὴν
621 2211 684 2266 τὸ
701 2213 799 2284 τῆς
823 2213 1045 2284 εἰρήνης
1069 2211 1514 2264 ὲπαναπαύσεται
1543 2207 1787 2278 Πνεῦμα.
1815 2206 1880 2259 Ἥ
1902 2205 2088 2275 ἀγάπη

425 2299 586 2354 κοινά
623 2301 768 2352 ποιεῖ
799 2300 934 2352 πᾶσι
965 2296 1036 2351 τά
1066 2298 1294 2352 ἑκάστου
1327 2296 1655 2367 ὑπάρχοντα,
1699 2291 1882 2356 καθώς
1927 2309 2091 2364 φησιν

427 2389 462 2458 ἡ
499 2386 680 2457 βίϐλος
711 2385 818 2439 τῶν
843 2384 1123 2457 ῐῐράξεωνο
1157 2384 1266 2440 Τοῦ
1303 2383 1372 2437 δὲ
1401 2381 1672 2449 πλήθους
1706 2379 1826 2435 τῶν
1851 2392 2093 2434 πιστευ-

429 2474 668 2529 σάντων
691 2469 770 2546 ἦν
794 2474 832 2542 ἡ
852 2468 1075 2541 ’καρδία
1116 2471 1214 2527 καὶ
1243 2473 1281 2540 ή
1313 2469 1484 2540 ψυχὴ
1506 2470 1632 2538 μία⁹
1677 2467 1777 2523 καί
1806 2468 2008 2533 οὐδείς
2038 2483 2093 2519 τι

429 2560 548 2616 τῶν
572 2561 964 2629 ὑπαρχόντων
1001 2557 1160 2624 αὺτῷ
1190 2559 1401 2627 ἔλεγεν
1451 2555 1606 2609 ἴδιον
1637 2549 1811 2618 εἶναι,
1844 2553 1982 2608 ἀλλ’
2017 2548 2096 2622 ἦν

428 2647 641 2714 αὐτοῖς
662 2648 898 2704 ἅπαντα
926 2645 1116 2700 κοινά·
1143 2644 1240 2698 καὶ
1267 2643 1556 2698 διεδίδοτο
1591 2639 1846 2706 ἑκάστῳ,
1891 2641 2096 2695 καθότι

431 2735 510 2789 ἄν
532 2752 621 2801 τις
646 2736 856 2804 χρείαν
882 2731 1026 2802 εἶχε.
1055 2734 1214 2786 Ποῖον
1241 2731 1383 2785 οὓτω
1407 2733 1584 2802 τεῖχος
1611 2730 1870 2802 ἀῤῥαγές,
1925 2729 2097 2799 ἁρμο-

433 2823 524 2892 νίᾳ.
559 2821 724 2878 λίθων
756 2820 1068 2892 εὐμεγεθῶν
1109 2819 1502 2892 ὠχυρωμένον,
1543 2818 1850 2889 ἀπόρθητον
1891 2815 2098 2886 γίνεται

433 2911 550 2972 ταῖς
579 2907 688 2961 τῶν
734 2908 941 2979 ἐχθρῶν
973 2906 1201 2977 ἐφόδοις,
1235 2906 1310 2970 ὡς
1341 2905 1402 2959 τὸ
1431 2905 1681 2976 σύστημα
1706 2904 1815 2958 τῶν
1840 2902 2098 2973 ἀλλήλους

434 2993 796 3076 ἀγαπώντων,
844 2995 938 3049 καὶ¹
983 2995 1041 3049 ἐν
1077 2991 1423 3066 ὁμοφροσύνῃ
1450 2991 1956 3064 περιεσφιγμένων;
1990 2990 2100 3044 Καὶ

435 3084 606 3148 αὐτάς
633 3084 727 3138 τοῦ
761 3082 1004 3140 διαϐόλου
1032 3079 1336 3154 προσϐολὰς
1353 3079 1382 3120 1³
1408 3079 1788 3152 ἀποκρούεται·
1826 3077 1921 3132 καὶ
1956 3077 2102 3148 μάλα

437 3172 682 3235 εἰκότως.
708 3172 768 3226 Οἱ
795 3170 904 3242 γὰρ
931 3171 1046 3242 μετ’
1074 3169 1320 3240 ἀλλήλων
1356 3167 1476 3222 κατ’
1518 3167 1727 3221 ἐκείνου
1751 3165 2102 3238 παρατασσό-

442 3277 612 3331 μενοι,
630 3258 725 3312 καὶ
751 3258 823 3330 μὴ
842 3261 958 3330 μετ’
981 3257 1188 3311 ἐκείνου
1213 3256 1330 3310 κατ’
1346 3255 1588 3326 ἀλλήλων
1609 3254 1881 3324 ἱστάμενοι
1899 3263 1948 3317 ο,
1973 3253 2106 3324 ἀήτ-

439 3364 588 3415 τητοι
618 3346 854 3414 γίνονται
877 3347 989 3409 τοῖς
1011 3343 1176 3399 αὐτοῦ
1220 3344 1596 3414 μηχανήμασι,
1641 3339 1712 3394 τὰ
1747 3340 1974 3412 λαμπρά
2005 3338 2105 3406 τῆς

441 3431 661 3502 ἀγάπης
693 3430 995 3501 ἐγείροντες
1017 3430 1275 3501 τρόπαια.
1313 3430 1421 3482 Καὶ
1453 3427 1700 3497 καθάπερ
1723 3426 1780 3479 αί
1805 3426 1904 3494 τῆς
1938 3423 2106 3496 λύρας

443 3521 648 3592 νευραὶ,
683 3518 878 3572 πολλαὶ
915 3517 1012 3589 μὲν
1053 3511 1244 3581 οὖσαι,
1287 3517 1366 3578 εἱς
1415 3514 1542 3585 μίαν
1580 3514 1638 3567 δὲ
1676 3511 1928 3567 νεύουσαι
1965 3528 2107 3581 συμ-

444 3607 672 3677 φωνίαν,
710 3603 1071 3678 τερπνότατόν
1113 3621 1164 3656 τι
1209 3602 1368 3673 μέλος
1392 3599 1615 3671 ὴχοῦσιν
1640 3617 1653 3631 ·
1691 3598 1863 3662 οὕτως
1886 3599 1936 3652 οἱ
1973 3598 2109 3670 πρὸς

449 3696 578 3766 μίαν
612 3691 1046 3764 συγκεκραμένοι
1067 3689 1312 3761 γνώμην,
1358 3688 1554 3758 εὐηχον
1588 3686 1980 3758 ἀνακρούονται
2011 3686 2110 3758 τῆς

445 3784 666 3854 ἀγάπης
697 3781 789 3836 τὸν
819 3781 1076 3850 φθόγγον.
1120 3778 1218 3831 Διά
1261 3775 1418 3830 τοῦτο
1459 3774 1811 3845 συμϐουλεύει
1838 3776 1866 3828 ό
1900 3773 2112 3838 Παῦλος

448 3873 509 3926 τὸ
543 3871 672 3926 αὐτὶ
724 3871 970 3941 φρονεῖν,
1017 3866 1112 3922 καὶ
1152 3865 1350 3935 λέγειν,
1403 3864 1498 3918 καὶ
1546 3861 1808 3932 ἀλλήλους
1860 3860 2112 3932 ἡγεῖσθαι

451 3960 811 4033 ὑπερέχοντας
842 3955 1068 4017 ἑαυτῶν,
1105 3953 1244 4008 ὥστε
1282 3951 1356 4022 μὴ
1382 3954 1448 4021 τῇ
1494 3948 1773 4020 φιλοτιμίᾳ
1803 3946 2113 4002 διαλύεσθαι

449 4049 548 4121 τὴν
581 4048 820 4116 ἀγάπην,
859 4042 994 4097 ἀλλά
1023 4041 1120 4113 τὴν
1150 4040 1313 4111 τιμὴν
1351 4034 1939 4108 ἀντιπαραχωροῦντας
1967 4034 1994 4075 ἀ
2024 4034 2116 4088 ἀλ-

450 4136 654 4208 λήλοις,
699 4135 757 4186 ἐν
782 4129 1010 4203 ’ὁμονοίᾳ
1041 4127 1270 4197 διάγειν.
1312 4125 1420 4180 Καὶ
1450 4125 1612 4179 πάλιν
1658 4122 1824 4194 φησί⁸
1854 4124 1932 4176 Δι’
1976 4121 2116 4192 ἀγά-

454 4206 567 4291 πης
603 4220 921 4274 δουλεύετε
959 4216 1269 4282 ἀλλήλοις.
1314 4213 1378 4266 '0
1410 4211 1519 4282 γὰρ
1560 4208 1680 4276 πᾶς
1715 4209 1898 4277 νόμος
1931 4208 2000 4261 ἐν
2027 4206 2118 4261 ἐνὶ

453 4310 612 4379 λόγῳ
661 4304 1030 4374 πληροῦται,
1074 4303 1143 4355 ἐν
1183 4300 1283 4366 τῷ,
1327 4297 1687 4368 Ἀγαπήσεις
1713 4295 1820 4348 τὸν
1850 4294 2120 4361 πλησίον

457 4413 573 4450 σου
602 4395 681 4460 ὡς
710 4391 989 4446 σεαυτόν.
1024 4389 1091 4442 Ὅ
1139 4385 1366 4457 ἀγαπῶν
1401 4385 1501 4438 οὐκ
1532 4383 1839 4437 ἐπιτάττειν
1873 4380 2119 4452 βούλεται

463 4482 640 4552 μόνον,
660 4479 796 4534 ἀλλά
824 4474 1335 4530 καὶὲπιτάττεσθαι·
1362 4473 1454 4526 καὶ
1481 4470 1661 4541 χαίρει
1689 4467 1888 4540 μᾶλλον
1909 4469 2122 4521 ἐπιτατ-

459 4570 704 4639 τόμενος,
733 4566 877 4635 ἤπερ
906 4562 1224 4615 ἐπιτάττων.
1267 4561 1325 4612 '0
1356 4557 1582 4626 ἀγαπῶν
1625 4555 1944 4628 χαρίζεσθαι
1997 4553 2120 4624 βούο

461 4658 610 4710 λεται
641 4652 862 4725 μᾶλλον,
897 4649 930 4721 ἢ
959 4647 1118 4720 χάριν
1148 4647 1444 4717 λαμϐάνειν
1465 4662 1480 4676 ο
1514 4644 1658 4697 θέλει
1705 4643 1813 4714 γὰρ
1844 4642 2124 4712 ὀφειλέτην

464 4745 604 4815 ἔχειν
626 4742 719 4797 τὸν
749 4738 918 4810 φίλον,
944 4738 1088 4807 ἥπερ
1113 4734 1272 4798 αὐτὸς
1292 4733 1527 4802 ὀφείλειν
1556 4732 1768 4802 ἐκείνῳ.
1806 4733 1864 4784 '0
1894 4729 2122 4798 ἀγαπῶν

466 4833 558 4886 καὶ
584 4830 832 4902 βούλεται
863 4822 1181 4898 χαρίζεσθαι
1211 4820 1288 4891 τῷ
1323 4819 1691 4890 ἀγαπωμένῳ,
1729 4818 1821 4871 καὶ
1851 4817 1911 4870 οὐ
1946 4816 2122 4887 βούλεο

466 4937 556 4973 ται
581 4919 756 4972 δοκεῖν
793 4911 1145 4987 χαρίζεσθαι,
1198 4910 1290 4963 καὶ
1329 4908 1515 4976 ἄρχειν
1565 4907 1730 4970 αὐτὸς
1777 4904 2125 4976 εὐεργεσίας,

470 5007 564 5060 καὶ
598 5007 670 5075 μὴ
703 5004 875 5057 δοκεῖν
919 5001 1106 5073 ἄρχειν
1147 4995 1482 5068 εὐεργεσίας.
1531 4995 1682 5064 Τάχα
1709 4993 1853 5056 τινὲς
1879 4990 2130 5060 ἀγνοοῦσι

471 5092 530 5143 τὸ
560 5089 766 5159 λεχθένο
791 5086 986 5141 οὐκοῦν
1011 5087 1076 5139 δι’
1112 5082 1503 5152 ὐποδείγματος
1537 5080 1668 5134 αὐτὸ
1701 5080 1911 5149 ποιήσω
1941 5077 2127 5145 σαφές.

479 5177 737 5249 Ἐμελλεν
759 5178 787 5228 ὁ
816 5174 1191 5243 φιλάνθρωπος
1223 5169 1375 5242 [290]
1398 5167 1672 5236 Δεσπότης
1697 5166 1786 5219 τὸν
1816 5166 1943 5218 Υἱδν
1969 5163 2131 5217 αὐτοῦ

476 5261 794 5336 χαρίζεσθαι
826 5260 966 5329 ὑπὲρ
995 5259 1182 5329 ήμῶνο
1233 5258 1348 5312 ἀλλ’
1383 5258 1470 5310 ἵνα
1507 5254 1581 5326 μὴ
1624 5251 1750 5324 δόξῃ
1789 5249 2131 5323 χαρίζεσθαι,

542 5480 568 5507 ⁸
603 5476 737 5530 (ΞΟΠ).
760 5476 913 5533 ἡμῶν.
941 5471 1194 5533 Καὶοὐδὲν
1216 5470 1434 5527 ἠδύνατο.

541 5536 573 5577 δ
595 5539 731 5591 Colb.
759 5531 842 5591 τὰς
859 5537 948 5598 γὰρ
969 5532 1055 5598 τοῦ
1078 5533 1298 5598 διαϐόλου
1317 5531 1489 5598 προσῇ..

485 5665 495 5674 .
545 5606 566 5630 θ
959 5596 1057 5659 μετ’
1081 5594 1258 5641 ἐκείνου
1281 5583 1385 5639 κατ’
1409 5591 1624 5646 ἀλλήλων
1656 5588 1917 5649 ἱστάμενοι,
1957 5583 2137 5632 desunt

485 5665 495 5674 '
693 5697 708 5711 λ
744 5662 752 5704 1
797 5697 806 5707 .

483 5659 844 5771 ωιῖηέἱρζὲιῗίι.
890 5718 1039 5768 Ξιιιτὶι.
1083 5729 1200 5764 vero
1244 5711 1656 5777 παραχωροῦντας.
1709 5708 1830 5757 lnl‘ra
1865 5706 2134 5770 legendum

487 5792 605 5845 puto
633 5784 718 5831 οὐκ
749 5782 1008 5831 ἐπιτάττειν
1029 5779 1081 5829 οὐ
1111 5778 1343 5841 βούλεται.

1183 358 1247 414 ’8.
1283 354 1564 412 1οᾹΝΝ18
1600 343 2083 408 ΟΠΒΥδΟΞΤΟΜΙ

2210 338 2443 394 λωιιειι.
2484 331 3036 391 CONSTANTINOP.

3724 319 3837 376 282

2174 456 2288 510 ἀλλ’
2319 452 2538 525 ὀφειλὴν
2575 450 2904 515 ἀποδιδόναι,
2939 443 3236 519 προσέταξε
3268 442 3346 514 τῷ
3376 440 3624 513 Ἀϐραὰμ
3651 437 3843 525 δοῦναι

2172 542 2263 596 τὸν
2297 542 2410 594 υἱὸν
2439 524 2625 605 αὐτοῦ,
2654 540 2741 592 ἵνα
2767 535 2926 590 τοῦτο
2947 534 3042 589 καὶ
3063 532 3224 594 αὐτὸς
3247 527 3438 591 ποιῶν,
3476 527 3551 597 μὴ
3574 525 3648 587 ὡς
3673 524 3849 596 χάριν

2174 633 2369 696 διδοὺς,
2391 630 2504 684 ἀλλ’
2532 632 2608 693 ὡς
2655 628 2815 700 χρέος
2859 624 3143 686 ἀποδιδοὺς
3194 618 3387 690 εὑρεθῇ
3422 616 3508 700 διά
3540 613 3630 667 τὸν
3665 613 3848 700 ὓπερ-

2177 720 2439 774 σάλλοντα
2463 699 2691 772 πλοῦτον
2714 717 2814 786 τῆς
2848 711 3012 768 αὐτοῦ
3041 708 3394 779 ἀγαθότητος.
3423 699 3553 756 Οἶδα
3579 702 3663 754 ὅτι
3690 699 3850 767 ξένον

2179 806 2427 874 φαίνεται
2455 808 2566 868 τοῖς
2596 803 2808 865 πολλοῖς
2841 801 2902 854 τὸ
2926 797 3136 869 λεχθέν.
3165 796 3238 849 Τὸ
3274 793 3332 846 δὲ
3358 791 3530 845 αῐτιον
3550 829 3565 854 ,
3589 789 3676 857 δτι
3713 786 3850 856 περὶ

2180 895 2502 965 πράγματος
2538 891 2855 961 διαλέγομαι
2879 888 2970 942 τὸν
2997 883 3222 956 οὐρανὸν
3248 879 3524 965 οἰκοῦντος
3558 876 3673 930 νῦν.
3712 875 3850 928 Ὠσ-

2180 961 2288 1053 περ
2310 961 2428 1051 γὰρ
2467 981 2516 1033 εί
2549 979 2733 1046 ἔλεγον
2762 976 2890 1046 περί
2925 990 3068 1036 τινος
3109 968 3277 1041 φυτοῦ
3311 969 3368 1021 έν
3405 964 3562 1037 Ἰνδίᾳ
3588 961 3851 1053 τικτομέ-

2181 1049 2294 1136 νου,
2323 1049 2418 1123 καλ⁸
2457 1060 2518 1121 οὗ
2566 1066 2754 1137 μηδεὶς
2791 1065 2986 1135 πεῖραν
3031 1060 3222 1114 ἐλαϐεν
3245 1098 3261 1124 ,
3309 1053 3428 1137 οὐκ-
3457 1053 3523 1108 ἂν
3573 1051 3792 1121 ἴσχυσεν
3817 1049 3853 1101 6

2182 1131 2338 1226 λόγος
2361 1131 2732 1224 παραστῆσαι,
2767 1151 2869 1205 κᾶν
2888 1131 3069 1221 ’μυρία
3108 1147 3235 1221 περὶ
3263 1131 3428 1200 αὐτοῦ
3465 1140 3670 1226 ἐλεγονξ
3703 1137 3855 1190 οὕτω

2184 1224 2278 1298 καὶ
2310 1243 2404 1297 νῦν
2429 1244 2528 1296 ὅσα
2551 1241 2616 1296 ἂν
2640 1241 2798 1304 εἴπω,
2832 1239 3006 1309 μάτην
3040 1234 3170 1306 ἐρῶ*
3202 1234 3263 1286 οὐ
3291 1231 3400 1300 γὰρ
3429 1224 3669 1281 συνιοῦσὶ
3701 1239 3855 1285 τινες

2184 1332 2252 1386 τὰ
2271 1330 2558 1400 λεγόμενα.
2604 1327 2692 1381 Ἐν
2711 1326 2923 1397 οὐρανῷ
2943 1325 3073 1393 γὰρ,
3100 1322 3174 1385 ὡς
3203 1320 3338 1390 ἔφην
3355 1357 3370 1381 ,
3398 1315 3555 1368 τοῦτο
3581 1309 3859 1400 πεφύτευς

2186 1437 2273 1472 ται
2309 1394 2369 1472 τδ
2398 1394 2583 1486 φυτόν.
2619 1414 2758 1467 Ἀλλ’
2779 1394 2906 1466 ’ἐὰν
2933 1411 3204 1479 θέλωμεν,
3249 1405 3344 1459 καὶ
3386 1401 3516 1472 παρ’
3551 1400 3686 1486 ήμῖν
3717 1394 3859 1450 αὐτὸ

2189 1485 2515 1575 φυτευθῆναι
2537 1501 2779 1556 δυνατόν.
2810 1499 2908 1552 Διά
2945 1496 3102 1550 τοῦτο
3145 1495 3254 1564 γάρ
3293 1489 3648 1560 ἐδιδάχθημεν
3674 1485 3859 1575 λέγειν

2189 1571 2324 1666 πρὸς
2367 1571 2457 1644 τδν
2505 1593 2563 1644 ὲν
2595 1589 2843 1658 οὐρανοῖς
2890 1583 3110 1654 Πατέρα
3130 1598 3144 1612 ·
3182 1577 3499 1646 Γενηθήτω
3524 1575 3592 1629 τὸ
3624 1571 3862 1642 θέλημά

2191 1696 2308 1734 σου
2337 1680 2407 1733 ἐν
2429 1675 2662 1746 οὐρανῷ
2690 1674 2788 1728 καὶ
2818 1672 2917 1727 ἐπὶ
2943 1670 3054 1739 τῆς
3076 1668 3211 1739 τῆς.

2258 1775 2328 1838 γ’.
2369 1767 2459 1837 Μὴ
2491 1766 2669 1819 τοίνυν
2699 1761 2958 1817 ἀδύνατον
2996 1755 3136 1811 εἶναι
3165 1754 3476 1826 νομίσωμεν
3507 1750 3570 1806 τὸ
3611 1748 3861 1804 τοιοῦτον

2191 1856 2393 1925 ἀγαθὸν
2433 1851 2754 1924 κτήσασθαι.
2794 1847 3028 1902 Δυνατὸν
3066 1846 3196 1916 γὰρ,
3224 1843 3392 1904 ὅντως
3429 1838 3673 1904 δυνατὸν,
3705 1839 3760 1890 εῑ
3789 1853 3859 1904 γε

2197 1941 2494 2016 βουλόμεθα
2541 1941 2730 2012 νήφειν
2749 1954 2763 1968 ·
2794 1935 2855 1990 οὐ
2890 1934 3044 1989 τοῦτο
3073 1934 3129 1986 δὲ
3156 1931 3331 2003 μόνον,
3371 1927 3506 1983 ἀλλά
3552 1926 3646 1981 καὶ
3679 1928 3864 1978 πᾶσαν

2195 2013 2535 2104 κατορθῶσαι
2589 2027 2690 2098 τὴν
2742 2024 2965 2097 ἀρετήν.
3026 2018 3364 2088 Δύτεξουσὶῳ
3393 2015 3503 2088 γάρ
3542 2013 3865 2084 προαιρέσει

2197 2101 2605 2190 κυϐερνώμεθα,
2636 2114 2732 2168 καὶ
2760 2114 2859 2184 οὐχ
2887 2109 3226 2183 εἱμαρμένης
3255 2107 3488 2178 ἀνάγκῃ,
3517 2101 3659 2157 κατά
3685 2117 3864 2164 τινας,

2199 2204 2552 2275 ὐποκείμεθα,
2587 2205 2646 2256 ἐν
2674 2201 2752 2272 τῷ
2785 2201 2957 2255 θέλειν
2997 2197 3092 2252 καὶ
3124 2194 3198 2267 μὴ
3231 2195 3402 2248 θέλειν
3430 2190 3733 2262 ὁριζόμενοι
3770 2191 3869 2240 καὶ

2198 2294 2267 2348 τά
2296 2292 2436 2347 καλά
2469 2290 2682 2345 κεῖσθαι
2713 2288 2809 2343 καὶ
2841 2289 2911 2342 τὰ
2933 2285 3099 2340 κακά.
3151 2281 3250 2336 Διά
3300 2280 3456 2334 τοῦτο
3503 2276 3610 2347 γάρ
3656 2276 3685 2328 δ
3731 2275 3869 2337 Θεὸς

2200 2381 2294 2435 καὶ
2325 2378 2595 2450 βασιλείαν
2625 2376 2926 2446 ὑπέσχετο,
2949 2372 3044 2426 καὶ
3089 2368 3358 2441 τιμωρίαν
3388 2365 3704 2437 ἠπείλησεν.
3749 2362 3871 2415 Οὐκ

2201 2468 2266 2522 ἂν
2291 2467 2348 2522 δὲ
2380 2469 2492 2528 τοῖς
2517 2465 2728 2534 ἀνάγκῃ
2751 2459 3054 2532 δεδεμένοις
3085 2457 3256 2520 οὕτως
3307 2453 3528 2525 ἐποίησε
3550 2469 3565 2483 ο
3608 2450 3716 2504 τῶν
3756 2450 3872 2520 γάρ

2201 2553 2310 2609 ἀπὸ
2336 2551 2559 2622 γνώμης
2586 2547 2884 2620 γινομένων
2931 2542 3196 2606 ἀντίδοσις
3224 2543 3370 2595 ἐστιν
3411 2537 3701 2609 ἐκατέρων.
3751 2535 3873 2589 Οὐκ

2204 2642 2270 2696 ἀν
2295 2640 2491 2712 νόμους
2519 2638 2734 2708 έθηκεν,
2756 2636 2858 2689 οὐκ
2879 2635 2945 2689 ἂν
2971 2631 3320 2702 παραινέσεις
3345 2627 3561 2712 ἔδωκεν,
3583 2626 3634 2712 εἱ
3649 2623 3879 2712 δεσμοῖς

2205 2708 2540 2798 εἱμαρμένης
2568 2721 2962 2795 κεκρατημένοι
2991 2716 3156 2792 ἦμεν.
3201 2716 3340 2769 Ἀλλ’
3379 2711 3564 2783 ἐπειδὴ
3595 2708 3876 2798 ἐλεύθεροί

2207 2795 2393 2886 ἐσμεν,
2418 2795 2511 2868 καῖ
2541 2813 2640 2883 τῆς
2670 2811 2806 2874 ιδίας
2831 2807 3202 2880 προαιρέσεως
3245 2801 3444 2874 κύριοι,
3479 2800 3575 2853 καὶ
3615 2796 3722 2851 ἀπὸ
3771 2795 3879 2866 μὲν

2210 2884 2478 2976 ῥᾳθυμίας
2501 2899 2762 2972 γινόμεθα
2789 2897 3000 2968 φαῦλοι,
3030 2895 3138 2949 ἀπὸ
3165 2893 3222 2947 δὲ
3253 2891 3484 2961 σπουδῆς
3505 2885 3751 2976 χρηστοὶ,
3783 2884 3880 2940 διὰ

2207 2974 2365 3045 τοῦτο
2388 2988 2563 3044 ταῦτα
2591 2985 2959 3042 κατεσκεύασε
3004 2983 3075 3037 τά
3116 2981 3418 3052 φάρμακα,
3457 2977 3537 3048 τῷ
3579 2974 3728 3044 φόδῳ
3773 2976 3880 3044 τῆς

2211 3079 2484 3141 κολάσεως
2522 3076 2616 3131 καὶ
2642 3077 2710 3146 τῇ
2753 3070 3046 3144 προσδοκίᾳ
3069 3069 3169 3140 τῆς
3196 3065 3472 3139 βασιλείας
3496 3062 3882 3136 διορθούμενος

2211 3167 2378 3236 ἡμᾶς,
2413 3163 2510 3218 καὶ
2541 3162 2848 3232 φιλοσοφεῖν
2885 3157 3170 3215 παιδεύων.
3196 3157 3311 3210 Οὐκ
3342 3155 3405 3206 ἐκ
3434 3150 3636 3205 τούτων
3671 3149 3728 3202 δὲ
3776 3148 3881 3219 μό-

2211 3273 2322 3319 νον,
2375 3253 2510 3307 ἀλλά
2554 3251 2650 3306 καὶ
2697 3249 2758 3315 ἐξ
2799 3243 2873 3303 ὧν
2903 3248 3063 3319 ἡμεῖς
3089 3244 3242 3299 αὐτοὶ
3273 3241 3556 3312 ποιοῦμεν,
3601 3237 3761 3309 δῆλον
3793 3238 3882 3290 ὅτι

2213 3342 2336 3396 οὐτε
2363 3339 2690 3412 εἱμαρμένη,
2721 3337 2845 3392 οὐτε
2875 3336 3036 3406 τύχη,
3077 3333 3202 3388 οὐτε
3239 3331 3486 3401 γένεσις,
3522 3325 3646 3381 οὔτε
3681 3325 3886 3398 δρόμος

2214 3429 2459 3502 ἀστέρων
2498 3428 2567 3482 τά
2598 3427 2720 3482 καθ’
2750 3427 2898 3497 ἡμᾶς
2925 3424 3138 3478 διοικεῖ.
3175 3422 3240 3474 Et
3279 3419 3389 3489 γὰρ
3419 3416 3626 3471 ἐκεῖθεν
3645 3415 3886 3486 ἢρτηται

2215 3519 2283 3574 τὰ
2318 3501 2577 3589 γινόμενα
2620 3515 2819 3578 πάντα,
2865 3514 2959 3567 καὶ
3003 3512 3062 3564 οὐ
3106 3510 3208 3580 τῆς
3241 3505 3613 3578 προαιρέσεως
3651 3502 3759 3555 τῶν
3789 3501 3888 3555 ἀν-

2219 3605 2472 3678 θρώπων,
2492 3605 2635 3668 τίνος
2664 3603 2851 3656 ἕνεκεν
2884 3600 3166 3671 μαστιγοῖς
3188 3596 3278 3650 τὸν
3301 3595 3516 3663 οἱκέτην
3547 3590 3885 3658 κεκλοφότας

2218 3693 2361 3757 τίνος
2393 3693 2578 3746 ἕνεκεν
2614 3687 2988 3762 μοιχευθεῖσαν
3015 3686 3113 3756 τὴν
3137 3684 3372 3754 γυναῖκα
3415 3681 3494 3744 εἱς
3532 3678 3890 3747 δικαστήριον

2219 3781 2434 3845 ἓλκεις;
2467 3779 2611 3842 τίνος
2639 3776 2823 3830 ἐνεκεν
2861 3772 3089 3844 αἰσχύνῃ
3118 3772 3371 3844 πράττων
3406 3768 3474 3822 τὰ
3497 3768 3707 3833 item;
3737 3764 3892 3828 τίνος

2219 3869 2404 3923 ἕνεκεν
2435 3867 2556 3920 οὐδὲ
2579 3865 2648 3920 τὰ
2688 3866 2905 3936 ῥήματα
2936 3862 3122 3932 φέρεις
3155 3857 3542 3928 ὀνειδιζόμενος
3561 3895 3578 3920 ,
3630 3853 3744 3906 ἀλλ’
3791 3852 3891 3936 ἐάν

2220 3956 2304 4020 τίς
2339 3972 2397 4008 σε
2421 3953 2624 4025 καλέσῃ
2652 3935 2910 4021 μοιχὸν,ἢ
2941 3948 3157 4018 πόρνον,
3193 3945 3226 4016 ἢ
3260 3943 3489 4014 μέθυσον
3509 3983 3524 4007 ,
3560 3941 3594 4012 ἦ
3627 3957 3680 3993 τι
3709 3935 3892 4025 τοιοῦο

2221 4062 2333 4108 τον,
2366 4041 2522 4114 ὓϐριν
2553 4024 2614 4094 τδ
2645 4041 2874 4110 πρᾶγμα
2903 4036 3125 4099 καλεῖς;
3157 4033 3220 4086 Εἰ
3249 4031 3355 4102 γὰρ
3388 4029 3462 4102 μὴ
3495 4029 3594 4098 τῆς
3620 4029 3718 4098 σῆς

2228 4150 2332 4204 μης
2357 4111 2800 4201 τδάμαρτάνειν,
2846 4122 2972 4178 οὐτε
3013 4121 3264 4191 ἔγκλημα
3310 4118 3386 4204 τὸ-
3414 4116 3714 4187 γινόμενον,
3761 4111 3894 4166 οὔτε

2227 4198 2381 4291 ῦϐρις
2412 4198 2824 4285 τὸλεγόμενον.
2871 4208 2984 4264 Νῦν
3030 4208 3086 4262 δὲ
3129 4208 3223 4262 καὶ
3253 4207 3318 4291 δι’
3351 4198 3426 4258 ὧν
3473 4205 3585 4265 τοῖς
3639 4200 3897 4270 ἁμαρτά-

2227 4324 2407 4362 νουσιν
2445 4305 2505 4358 οὐ
2555 4299 2967 4371 συγγινώσκεις,
3009 4295 3103 4350 καὶ
3139 4295 3203 4348 δι’
3245 4287 3321 4348 ὧν
3353 4291 3514 4354 αὐτὸς
3557 4288 3784 4358 αἱσχύνῃ
3819 4288 3896 4340 τὰ

2229 4393 2375 4448 κακά
2401 4367 2682 4462 πράττων,
2717 4387 2813 4441 καὶ
2839 4385 3122 4439 λανθάνειν
3167 4379 3520 4444 σπουδάζεις,
3553 4378 3648 4431 καὶ
3691 4375 3760 4427 δι’
3813 4367 3894 4429 ὧν

2229 4482 2354 4544 τοὺς
2395 4461 2566 4532 ταῦτά
2614 4493 2694 4528 σοι
2749 4473 3118 4546 προφέροντας
3166 4466 3426 4540 ὐϐριστάς
3476 4462 3753 4534 νομίζεις,
3803 4461 3896 4514 διά

2232 4568 2445 4622 πάντων
2471 4564 2768 4635 ὁμολογεῖς,
2810 4562 2892 4614 δτι
2921 4559 3020 4613 οὐκ
3049 4557 3267 4627 ἀνάγκῃ
3292 4554 3497 4607 δέδεται
3524 4551 3593 4605 τά
3624 4549 3894 4620 ἡμέτερα,

2232 4655 2289 4709 ἀ)
2299 4652 2366 4706 λά
2386 4650 2753 4724 προαιρέσεως
2772 4645 3052 4717 ἐλευθερίᾳ
3071 4643 3376 4713 τετίμηται.
3391 4640 3516 4702 Τοῖς
3530 4637 3660 4706 γοῦν
3678 4635 3896 4705 ἀνάγκῃ

2235 4722 2617 4811 κατεχομένοις
2641 4735 3029 4806 συγγινώσκειν
3069 4731 3309 4800 οἴδαμεν.
3355 4727 3476 4782 Κᾶν
3509 4725 3614 4779 ὑπὸ
3644 4722 3898 4792 δαίμονός

2235 4848 2317 4894 τις
2344 4808 2686 4900 ὀχλούμενος,
2710 4825 2743 4896 ἢ
2773 4824 2862 4878 τὸν
2886 4821 3089 4894 χιτῶνα
3127 4818 3389 4889 διαρρήξῃ
3417 4815 3508 4870 τὸν
3540 4808 3898 4900 ἡμέτερυνὶῆ

2237 4895 2449 4989 πληγάς
2486 4895 2775 4986 ἐπενέγκῃ,
2821 4910 2881 4964 οὐ
2918 4910 3077 4980 μόνον
3107 4907 3166 4960 οὐ
3197 4904 3496 4973 κολάζομεν
3525 4899 3708 4960 αὐτὸν,
3760 4895 3903 4949 ἀλλά

2239 4984 2388 5075 [ἢθη
2420 5002 2514 5056 καὶ
2542 4984 2795 5069 ἐλεοῦμεν
2823 4999 2917 5049 καὶ⁸
2953 4993 3415 5063 συγγινώσκομεν.
3451 4989 3517 5041 Τί
3541 4987 3774 5057 δήποτε;
3815 4984 3900 5036 ὅτι

2238 5073 2391 5162 οὐχή
2419 5091 2516 5160 τῆς
2553 5086 2919 5158 προαιρέσεως
2952 5082 3254 5152 ἐλευθερία,
3297 5079 3410 5133 ἀλλ’
3440 5079 3473 5148 ὴ
3512 5075 3606 5129 τοῦ
3643 5073 3896 5142 δαίμονος

2244 5181 2335 5251 βία
2365 5179 2537 5232 ταῦτα
2569 5174 2879 5246 εἰργάσατο.
2904 5173 3064 5224 Ὥστε
3099 5172 3146 5223 εἱ
3167 5169 3259 5223 καὶ
3282 5167 3350 5220 τά
3379 5165 3513 5222 ἄλλα
3532 5163 3907 5234 ἁμαρτήματα

2243 5247 2349 5321 ἀπὸ
2381 5265 2481 5334 τῆς
2530 5263 2772 5332 ἀνάγκης
2804 5259 2902 5330 τῆς
2952 5256 3092 5312 κατά
3136 5256 3234 5327 τὴν
3277 5252 3613 5326 εἱμαρμένην
3654 5247 3907 5316 ἐγίνετο,

2245 5354 2585 5422 συνέγνωμεν
2605 5349 2690 5403 ἀν·
2713 5346 2972 5418 ἐπειδὴδὲ
2993 5347 3149 5415 ῐσμεν
3169 5353 3216 5410 ο,
3239 5344 3318 5397 ὅτι
3344 5341 3444 5395 οὐκ
3471 5338 3616 5392 ἐστιν
3637 5335 3910 5422 ἀνάγκης,

2244 5442 2330 5494 διά
2365 5421 2519 5508 τοῦτο
2559 5437 2620 5490 οὐ
2670 5435 3144 5504 συγγινώσκομεν,
3193 5429 3315 5484 οὕτε
3351 5426 3604 5482 δεσπόται
3644 5421 3911 5484 οἰκέταις,

2245 5529 2366 5581 οὐτε
2403 5506 2590 5597 ἄνδρες
2628 5523 2870 5593 γυναιξὶν
2897 5564 2912 5590 ,
2966 5520 3088 5574 οὐτε
3146 5521 3402 5588 γυναῖκες
3452 5512 3730 5585 ἀνδράσιν,
3781 5506 3914 5562 οὕτε

2317 5764 2340 5791 ε’
2367 5758 2498 5820 Haec,
2528 5757 2688 5814 ἐπειδή
2713 5757 2763 5804 δὲ
2785 5755 2938 5818 ἴσμεν,
2963 5753 3143 5803 desuul
3163 5761 3211 5802 ιιι
3233 5745 3366 5800 Colb.
