3962 6190
260 258 357 314 εει

256 375 488 430 .loannes
515 369 830 428 tcStiﬁcatur
870 367 1094 424 dicens:
1121 384 1141 420 ι
1181 367 1272 425 Sic
1293 368 1430 424 Deus
1459 367 1643 423 dilexit
1681 381 1838 420 mun-

256 467 405 531 dum,
434 475 492 519 ut
525 461 718 519 Filium
749 476 904 516 suum
931 460 1261 530 unigenitum
1285 460 1531 528 daret,ut
1548 462 1722 513 omnis
1747 458 1840 527 qui

254 559 426 614 credit
449 558 500 613 in
529 558 701 629 ipsum
724 571 830 610 non
860 563 1063 625 pereat,
1091 553 1186 608 sed
1236 552 1432 607 habeat
1471 552 1634 606 vitam
1676 555 1837 603 aeter-

254 666 376 705 nam
405 669 427 703 ι
469 648 652 719 (Joan.
678 648 732 703 5.
764 647 878 719 16).
909 646 1020 701 Hac
1056 644 1251 700 ardens
1283 643 1478 698 Paulus
1506 641 1644 696 hanc
1671 639 1835 696 caale-

253 751 388 796 stem
417 739 596 794 emisit
635 753 820 794 vocem
858 754 872 790 :
911 755 930 789 ι
953 735 1083 804 Quis
1119 749 1218 789 nos
1263 733 1528 804 separabit
1556 747 1586 786 a
1614 731 1836 786 caritate

250 829 491 886 Christi?
518 829 811 894 tribulatio,
843 842 911 882 an
962 826 1228 897 angustia,
1270 839 1332 879 ac
1367 821 1728 893 persequutio,
1765 835 1834 874 an

247 920 439 983 fames,
470 934 538 973 an
560 919 792 985 nuditas,
817 932 884 972 an
914 914 1227 987 periculum,
1251 929 1318 968 an
1335 910 1759 985 gladius»(Rom.
1778 910 1831 964 8.

249 1012 383 1081 55)?
409 1011 506 1066 llis
550 1025 711 1080 porro
754 1008 904 1079 quasi
930 1006 1204 1062 vilioribus
1247 1004 1534 1077 despectis,
1557 1004 1623 1059 iis
1667 1003 1835 1059 multo

248 1103 453 1174 majora
487 1102 681 1173 adjecit
711 1119 724 1154 :
758 1101 929 1169 «Quia
963 1115 1134 1170 neque
1159 1114 1324 1166 mors,
1349 1116 1370 1150 ι
1428 1097 1630 1168 inquit,
1691 1113 1710 1147 ς
1737 1111 1832 1151 ne-

246 1210 354 1262 que
381 1197 510 1260 vita,
539 1207 712 1264 neque
733 1191 1005 1258 instantia,
1033 1205 1205 1262 neque
1225 1189 1422 1254 futura,
1445 1203 1620 1258 neque
1650 1185 1832 1241 altitu-

245 1285 337 1350 do,
368 1298 542 1354 neque
570 1281 916 1355 profundum,
941 1297 1117 1352 neque
1136 1288 1383 1337 creatura
1404 1279 1506 1334 alia
1520 1278 1714 1350 poterit
1736 1292 1834 1333 nos

245 1390 499 1445 separare
523 1389 555 1430 a
583 1375 805 1429 caritate
829 1374 921 1429 Dei
939 1415 954 1439 ,
976 1388 1097 1444 quae
1122 1381 1206 1428 est
1232 1371 1286 1428 in
1314 1371 1526 1426 Christo
1572 1368 1698 1425 Jesu
1733 1368 1836 1422 Do-

245 1469 395 1523 mino
423 1477 608 1523 nostro
648 1486 669 1519 s
702 1465 865 1537 (Ibid.
887 1482 934 1520 υ.
965 1467 1056 1522 55.
1082 1466 1198 1538 59).
1228 1465 1360 1520 Hinc
1407 1462 1538 1518 nihil
1584 1474 1834 1532 separare

246 1560 420 1629 potuit
465 1559 680 1615 beatum
709 1557 855 1611 illum
897 1557 1121 1612 caritate
1158 1555 1456 1620 ardentem,
1486 1568 1592 1608 non
1619 1552 1829 1620 caelum,

243 1666 351 1706 non
382 1659 550 1717 terra,
583 1665 688 1704 non
715 1664 863 1705 mare
885 1689 899 1714 ,
923 1663 1028 1703 non
1056 1663 1279 1718 regnum
1298 1646 1550 1704 caelorum
1569 1684 1586 1710 ,
1618 1659 1723 1698 non
1752 1643 1834 1699 in-

241 1740 380 1797 ferni
409 1741 666 1811 supplicia
699 1741 913 1795 :omnia
955 1740 1151 1810 quippe
1177 1747 1395 1809 propter
1426 1735 1696 1792 Christum
1731 1732 1831 1789 de-

243 1833 522 1902 spiciebat.
541 1831 694 1900 Quod
732 1833 775 1887 si
800 1833 936 1887 alios
971 1846 1183 1901 quoque
1221 1837 1435 1885 sanctos
1463 1827 1828 1896 exploremus,

243 1938 434 1979 omnes
459 1923 923 1994 deprehendemus
947 1923 1017 1978 ob
1041 1923 1316 1979 caritatem
1338 1921 1600 1992 placuisse
1623 1919 1756 1975 Deo.

319 2013 378 2068 Ξ.
424 2013 624 2070 Ciuitas
673 2031 795 2086 erga
848 2015 1135 2084 proximum
1170 2028 1301 2084 quae.
1325 2042 1400 2052 —
1419 2011 1624 2068 Caritas
1651 2010 1834 2081 proxi-

254 2121 400 2160 mum
427 2105 516 2162 tibi
553 2105 773 2162 exhibet
811 2107 951 2162 sicut
984 2106 1346 2175 temetipsum,
1391 2112 1552 2174 teque
1577 2102 1649 2158 de
1687 2101 1831 2157 illius

253 2197 422 2263 bonis,
451 2197 676 2269 perinde
705 2207 864 2269 atque
891 2197 958 2253 de
985 2198 1092 2252 tuis
1119 2195 1355 2267 gaudere
1381 2194 1558 2261 docet,
1581 2194 1831 2263 illiusque

245 2288 438 2344 damna
469 2289 622 2358 quasi
650 2296 740 2344 tua
769 2289 930 2344 ferre.
963 2288 1171 2344 Caritas
1201 2287 1398 2342 multos
1442 2300 1606 2341 unum
1632 2297 1830 2354 corpus

238 2381 431 2447 efﬁcit,
464 2381 783 2450 illorumque
810 2381 1017 2436 animas
1055 2379 1289 2449 Spiritus
1323 2377 1492 2432 sancti
1523 2373 1830 2430 habitacula

237 2471 418 2526 reddit
442 2489 457 2525 :
485 2485 594 2526 non
619 2471 765 2526 enim
785 2472 838 2526 in
866 2470 1088 2534 divisos,
1109 2469 1207 2525 sed
1233 2468 1286 2523 in
1312 2467 1626 2538 coniunctos
1651 2465 1830 2520 animo

233 2563 476 2632 Spiritus
517 2562 666 2632 pacis
705 2561 1014 2633 requiescit.
1066 2560 1276 2617 Caritas
1321 2558 1649 2630 singulorum
1689 2555 1829 2610 bona

228 2654 495 2710 omnibus
538 2655 844 2711 communia
889 2653 1086 2720 reddit,
1137 2660 1200 2708 ut
1247 2652 1323 2707 ait
1374 2649 1512 2732 liber
1555 2649 1824 2704 Actuum:

237 2765 256 2797 ι
290 2745 656 2800 Ilultitudinis
695 2755 873 2801 autem
899 2743 1233 2800 credentium
1275 2750 1393 2798 erat
1417 2755 1516 2797 cor
1555 2755 1739 2804 unum,
1774 2746 1830 2794 et

230 2838 423 2891 anima
454 2851 558 2892 una
587 2853 600 2890 :
629 2851 729 2893 nec
767 2838 1045 2910 quisquam
1088 2849 1301 2902 eorum,
1349 2848 1470 2904 quae
1497 2831 1826 2904 possidebat,

229 2928 442 2999 aliquid
464 2944 616 2984 suum
638 2943 760 2984 esse
779 2927 1006 2993 dicebat,
1034 2926 1130 2983 sed
1158 2934 1314 2982 erant
1338 2925 1443 2979 illis
1471 2924 1650 2979 omnia
1675 2935 1829 2978 com-

229 3023 425 3078 munia
467 3040 483 3077 :
528 3032 583 3078 et
627 3022 963 3079 dividebatur
996 3021 1218 3093 singulis
1261 3027 1417 3090 prout
1452 3018 1644 3088 cuique
1692 3029 1829 3087 opus

229 3123 359 3171 erat
391 3133 410 3167 ι
457 3116 593 3184 (Act.
619 3115 674 3170 4.
705 3113 795 3170 '52.
821 3114 934 3185 55).
964 3113 1147 3182 Qualis
1174 3125 1358 3166 murus
1403 3109 1474 3165 ita
1519 3107 1723 3173 ﬁrmus,
1755 3107 1826 3161 ita

222 3209 600 3264 concinnitate
645 3207 923 3279 grandium
959 3205 1220 3276 lapidum,
1267 3202 1500 3258 hostium
1545 3198 1826 3256 conatibus

228 3300 668 3371 inexpugnabilis
693 3309 796 3364 est,
826 3307 885 3352 ut
909 3309 1082 3354 cattus
1117 3310 1236 3350 sese
1257 3303 1444 3348 mutuo
1467 3290 1820 3362 diligentium,

224 3403 280 3447 ct
323 3392 636 3448 mncordia:
678 3405 818 3446 nexu
850 3388 1196 3460 iunctorum?
1238 3385 1408 3440 Etiam
1456 3383 1599 3453 ipsos
1627 3378 1826 3436 diaboli

227 3487 473 3556 impetus
509 3493 755 3550 coercet;
803 3489 861 3538 et
885 3480 1100 3552 quidem
1137 3479 1257 3549 jure
1303 3475 1517 3533 merito.
1561 3471 1696 3528 Nam
1733 3471 1824 3542 qui

223 3578 492 3634 concordi
521 3577 699 3632 animo
737 3583 924 3631 contra
964 3574 1115 3628 illum
1157 3572 1327 3625 aciem
1353 3569 1641 3632 instruunt,
1670 3567 1742 3620 ita
1769 3571 1827 3618 ut

225 3670 402 3724 nullis
431 3683 460 3720 a
491 3679 633 3723 cmtu
678 3664 1071 3730 deﬁcientibus,
1117 3677 1240 3718 cum
1286 3660 1377 3715 illo
1417 3666 1563 3714 stent
1589 3654 1822 3721 adversi,

219 3762 359 3831 ejus
382 3759 647 3815 machinis
671 3767 798 3813 sunt
819 3756 1020 3822 invicti,
1048 3753 1430 3825 splendidaque
1459 3749 1696 3806 caritatis
1715 3748 1825 3803 eri-

219 3865 372 3924 gunt
415 3863 638 3923 tropzea.
681 3853 758 3906 Ac
797 3847 1247 3921 quemadmodum
1291 3847 1424 3918 lyra:
1463 3843 1633 3908 nervi,
1673 3840 1826 3897 multi

219 3961 361 4002 cum
404 3945 534 4008 sint,
563 3944 608 3998 si
649 3943 700 3998 in
735 3957 897 3998 unum
926 3949 1246 3997 concentum
1291 3937 1532 4002 tendant,
1573 3933 1827 3990 suavissi-

222 4052 378 4091 mam
429 4033 753 4089 cantilenam
816 4032 981 4088 edunt
1024 4047 1039 4084 :
1092 4031 1172 4086 sic
1216 4028 1306 4099 qui
1361 4041 1469 4081 uno
1521 4024 1828 4080 coalescunt

218 4129 443 4195 animo,
462 4124 757 4196 jucundum
791 4123 1028 4180 caritatis
1054 4121 1296 4192 pulsibus
1334 4132 1524 4173 sonum
1554 4115 1823 4171 emittunt.

219 4221 361 4276 ideo
394 4208 586 4274 auctor
611 4227 694 4273 est
720 4217 938 4284 Paulus,
967 4225 1024 4271 ut
1048 4215 1235 4270 ﬁdeles
1262 4212 1492 4285 idipsum
1514 4208 1746 4264 sentiant
1771 4214 1828 4263 et

218 4316 438 4377 dicant.
468 4314 706 4384 aliosque
731 4320 919 4384 putent
937 4326 995 4366 se
1021 4310 1328 4380 superiores
1358 4320 1499 4372 esse,
1529 4319 1597 4360 ne
1624 4301 1827 4358 ambitu

219 4407 479 4462 solvatur
495 4405 712 4471 caritas,
730 4403 822 4459 sed
836 4402 1041 4458 honore
1055 4401 1172 4456 aliis
1185 4399 1458 4465 cedentes,
1474 4398 1526 4451 in
1541 4393 1824 4452 concordia

223 4501 438 4566 degant
461 4494 718 4567 (Philipp.
750 4495 803 4550 5.
836 4493 922 4550 16.
954 4503 1000 4548 et
1027 4493 1082 4547 2.
1106 4491 1186 4564 5).
1212 4490 1553 4560 Rursumque
1579 4487 1692 4542 ait:
1723 4484 1826 4539 Per

221 4591 504 4644 caritatem
532 4590 708 4643 servile
735 4588 964 4641 invicem.
1005 4584 1183 4637 Omnis
1209 4584 1344 4637 enim
1372 4582 1454 4635 lea:
1494 4582 1548 4634 in
1574 4594 1675 4633 uno
1713 4593 1823 4630 ser-

221 4698 389 4735 mone
430 4681 669 4750 impletur
692 4693 711 4732 :
738 4677 930 4746 Diliges
953 4675 1239 4748 proximum
1269 4682 1415 4726 tuum
1449 4672 1578 4725 sicut
1612 4669 1826 4739 teipsum

218 4781 240 4845 (
281 4772 415 4826 Gal.
462 4772 517 4825 5.
567 4772 650 4826 l3.
700 4771 788 4824 14.
845 4767 1004 4822 Leuit.
1040 4765 1290 4836 19.18).
1337 4764 1436 4831 Qui
1483 4762 1672 4833 diligit,
1719 4775 1826 4815 non

224 4864 408 4918 modo
448 4880 554 4918 non
583 4865 865 4934 imperare,
913 4859 1006 4917 sed
1051 4860 1210 4916 etiam
1240 4855 1488 4926 imperari
1529 4855 1639 4909 vult
1665 4872 1676 4907 :
1701 4868 1829 4924 gau-

220 4948 440 5025 detque
483 4957 651 5026 magis
678 4956 967 5025 imperatus
987 4967 1144 5023 quam
1188 4951 1474 5021 imperans.
1504 4947 1605 5014 Qui
1630 4945 1824 5015 diligit,

223 5049 470 5119 gratiam
521 5046 766 5102 conferre
814 5045 1036 5110 mavult,
1090 5058 1249 5113 quam
1302 5041 1574 5109 accipere;
1627 5037 1831 5092 mavult

222 5142 445 5211 quippe
468 5140 763 5196 debitorem
794 5141 1020 5195 amicum
1063 5137 1281 5202 habere,
1309 5150 1467 5206 quam
1509 5135 1623 5204 ipse
1651 5133 1699 5188 ei
1729 5132 1827 5187 de-

224 5232 392 5287 bitor
417 5247 555 5288 esse.
577 5231 676 5299 Qui
702 5232 896 5302 diligit,
929 5231 1102 5286 amico
1128 5230 1349 5300 gratiam
1386 5226 1626 5282 conferre
1662 5226 1826 5294 cupit,

225 5338 352 5380 nec
393 5334 570 5380 tamen
604 5327 712 5380 vult
757 5323 1003 5379 conferre
1051 5321 1257 5377 videri:
1292 5321 1343 5375 in
1390 5318 1650 5375 beneﬁcio
1688 5332 1829 5389 prae-

225 5414 445 5470 stando
469 5416 665 5486 primas
707 5424 913 5484 tenere,
949 5431 1048 5470 nec
1093 5424 1268 5469 tamen
1302 5413 1500 5484 primas
1543 5420 1724 5467 tenere
1747 5410 1829 5465 vi-

224 5506 392 5562 ncti.
423 5507 532 5563 lloc
570 5507 708 5564 forte
735 5508 949 5580 quidam
981 5523 1086 5564 non
1119 5507 1455 5578 intelligunt:
1482 5505 1830 5578 quamobrem

225 5599 292 5650 id
326 5599 577 5669 exemplo
605 5602 944 5671 conspicuum
976 5600 1211 5657 reddam.
1241 5601 1698 5658 Clementissimus
1729 5601 1831 5658 Do-

232 5704 432 5745 ramus
459 5706 553 5763 pro
597 5693 747 5747 nobis
786 5693 973 5748 Filium
1019 5709 1172 5749 suum
1198 5693 1413 5754 daturus
1446 5707 1597 5766 erat;
1636 5707 1696 5750 ut
1737 5712 1827 5750 au-

1424 249 1516 307 DE
1557 242 1913 304 PERFECTA
1950 245 2322 310 CARITATB.

3422 270 3526 326 28?.

1946 369 2053 421 lem
2081 383 2187 423 non
2213 369 2484 428 videretur
2523 371 2577 428 id
2605 371 2807 446 largiri,
2855 375 2951 431 sed
2992 375 3230 435 debitum
3278 381 3524 451 reddere,

1943 458 2196 527 praecepit
2237 461 2544 520 Abrahamo
2587 473 2646 521 ut
2683 466 2851 524 ﬁlium
2895 481 3051 525 suum
3080 470 3252 539 daret,
3300 484 3361 530 ut
3401 489 3525 532 cum

1943 546 2171 616 idipsum
2191 551 2306 621 ipse
2329 553 2549 623 faceret,
2578 571 2684 612 non
2706 559 2926 628 gratiam
2949 569 3205 631 praestare
3230 563 3524 633 videretur,

1941 639 2035 693 sed
2065 639 2303 698 debitum
2342 645 2590 715 reddere,
2635 657 2856 718 propter
2896 654 3361 722 supereminentes
3385 657 3522 713 divi-

1943 729 2040 785 tias
2060 730 2317 791 bonitatis
2343 751 2472 792 sute.
2507 737 2632 794 Scio
2660 741 2842 796 multis
2871 741 2943 809 id,
2977 744 3118 813 quod
3144 745 3397 816 diximus,
3427 765 3522 804 no-

1939 837 2064 878 vum
2100 825 2444 900 insolensque
2469 831 2656 886 videri.
2684 831 2740 887 ln
2770 849 2928 891 causa
2970 845 3148 893 autem
3184 848 3268 895 est
3292 841 3431 911 quod
3458 842 3522 898 de

1940 927 2001 968 re
2027 913 2233 985 loquar,
2264 933 2382 988 qua:
2420 935 2564 975 nunc
2605 923 2660 976 in
2691 923 2836 980 caelis
2876 935 3138 982 versatur.
3168 928 3524 997 Quemadmo-

1939 1001 2065 1056 dum
2101 1005 2243 1059 enim
2276 1021 2320 1060 ει
2346 1007 2412 1063 de
2456 1010 2634 1079 planta
2675 1012 2922 1083 loquerer
2962 1016 3016 1071 in
3057 1016 3202 1073 lndia
3246 1031 3518 1091 nascente,

1945 1108 2100 1163 quam
2131 1110 2289 1151 nemo
2313 1099 2640 1168 experientia
2666 1113 3036 1173 cognosceret,
3067 1122 3173 1162 non
3202 1123 3415 1178 possem
3452 1111 3523 1166 il-

1942 1186 2042 1239 lam
2066 1201 2315 1244 sermone
2348 1191 2636 1261 explicare,
2666 1196 2876 1251 etiamsi
2901 1209 3152 1254 sexcenta
3181 1199 3249 1256 de
3275 1202 3362 1257 illa
3393 1218 3520 1258 nar-

1940 1292 2113 1333 rarem
2140 1297 2152 1331 :
2181 1281 2260 1336 sic
2302 1283 2462 1337 etiam
2503 1299 2646 1339 nunc
2686 1285 2879 1342 frustra
2905 1289 3114 1360 loquar,
3154 1307 3275 1346 cum
3307 1294 3522 1364 quidam

1939 1383 2001 1422 ea
2030 1385 2150 1439 qua:
2174 1371 2285 1440 jam
2315 1373 2436 1430 dico
2465 1389 2569 1430 non
2596 1376 2910 1449 intelligant.
2941 1381 2996 1435 In
3025 1381 3158 1437 caelo
3183 1399 3432 1455 namque,
3464 1395 3518 1440 ut

1937 1458 2068 1525 dixi,
2099 1460 2213 1517 haec
2241 1463 2420 1533 planta
2441 1463 2686 1522 habetur.
2711 1467 2816 1524 Sed
2842 1470 2885 1525 si
2915 1471 3260 1540 voluerimus,
3285 1475 3336 1529 in
3368 1477 3524 1532 nobis

1939 1550 2097 1606 etiam
2133 1553 2221 1607 illa
2267 1554 2429 1610 inseri
2467 1566 2667 1628 potest.
2710 1558 2836 1615 ldeo
2882 1563 3027 1618 enim
3063 1564 3288 1621 instituti
3335 1581 3521 1624 sumus

1938 1653 1997 1700 ut
2021 1644 2260 1702 dicamus
2285 1647 2427 1703 Patri
2475 1650 2545 1704 illi
2585 1652 2674 1722 qui
2712 1661 2794 1708 est
2839 1653 2891 1708 in
2921 1655 3067 1711 caelis
3098 1673 3110 1709 :
3142 1655 3263 1712 Fiat
3290 1659 3522 1716 voluntas

1937 1745 2025 1791 tua
2045 1737 2097 1792 in
2123 1738 2247 1793 caelo
2272 1747 2319 1794 et
2345 1739 2397 1794 in
2425 1750 2558 1795 terra
2587 1741 2798 1814 (Matth.
2823 1744 2875 1800 6.
2912 1745 3020 1818 10).

2008 1831 2062 1886 5.
2103 1829 2284 1886 Libero
2307 1832 2538 1900 arbitrio,
2570 1851 2673 1889 non
2701 1835 2798 1905 fati
2837 1839 3127 1894 necessitate
3157 1840 3516 1912 gubernantur.

1934 1951 2006 1963 ——
2027 1921 2104 1976 Ne
2129 1938 2260 1994 ergo
2287 1933 2532 1994 putemus
2558 1941 2663 1982 non
2693 1943 2848 1998 posse
2869 1945 2967 1986 nos
2993 1930 3294 2002 hujusmodi
3319 1935 3519 1994 bonum

1942 2014 2229 2088 possidere.
2267 2017 2557 2073 Possumus
2597 2017 2762 2086 enim,
2793 2035 2918 2076 vere
2960 2037 3265 2093 possumus,
3305 2027 3349 2081 si
3375 2028 3510 2083 veli-

1935 2118 2055 2158 mus
2073 2104 2397 2176 advigilare;
2426 2123 2598 2178 neque
2619 2108 2720 2166 hoc
2739 2118 2968 2178 tantum,
2999 2112 3092 2169 sed
3119 2115 3277 2170 etiam
3302 2129 3518 2173 omnem

1935 2211 2193 2252 exercere
2217 2199 2486 2253 virtutem.
2514 2199 2710 2256 Libero
2732 2202 2872 2257 enim
2897 2203 3118 2259 arbitrio
3135 2205 3514 2277 gubernamur,

1933 2302 2110 2358 neque
2137 2286 2231 2343 fati
2258 2290 2584 2357 necessitati,
2626 2299 2685 2347 ut
2709 2293 2923 2364 quidam
2949 2304 3155 2365 putant,
3183 2298 3516 2370 subjicimur,

1933 2395 2053 2436 cum
2078 2381 2355 2464 deﬁnitum
2382 2384 2451 2440 sit
2482 2393 2540 2439 ut
2567 2384 2705 2441 intra
2731 2385 2868 2442 velle
2895 2397 2949 2443 et
2975 2389 3116 2444 nolle
3141 2389 3280 2446 bona
3311 2392 3520 2450 malave

1932 2472 2032 2527 sita
2059 2475 2189 2529 sint.
2220 2473 2343 2530 Ideo
2370 2490 2598 2548 namque
2627 2478 2768 2534 Deus
2807 2487 2863 2533 et
2905 2495 3125 2552 regnum
3162 2485 3427 2554 promisit,
3464 2494 3520 2542 et

1933 2567 2251 2638 supplicium
2282 2570 2514 2625 minatus
2551 2578 2653 2627 est.
2694 2571 2854 2642 Atqui
2897 2572 2948 2627 id
2986 2589 3276 2646 numquam
3322 2577 3520 2649 egisset

1935 2673 2058 2728 erga
2096 2660 2417 2715 necessitate
2443 2662 2651 2716 vinctos
2679 2679 2692 2716 :
2722 2677 2845 2717 nam
2876 2677 3063 2719 eorum
3094 2681 3212 2736 qua:
3236 2683 3303 2723 ex
3331 2669 3520 2724 volun-

1935 2759 2044 2805 tate
2068 2749 2222 2817 ﬁunt,
2249 2749 2509 2805 alterutra
2547 2765 2666 2808 sors
2705 2752 2879 2808 datur.
2918 2743 3217 2826 Numquam
3247 2756 3390 2828 leges
3418 2773 3518 2829 po-

1933 2839 2148 2906 suisset,
2180 2853 2281 2896 nec
2308 2841 2509 2896 monita
2548 2841 2809 2909 dedisset,
2842 2843 2888 2898 si
2919 2857 3018 2900 nos
3050 2843 3144 2900 fati
3172 2845 3399 2902 vinculis
3422 2847 3519 2903 de-

1933 2933 2245 2988 tineremur.
2274 2932 2382 2989 Sed
2411 2933 2535 3004 quia
2559 2933 2713 2989 liberi
2757 2948 2962 3002 sumus,
2996 2936 3274 3008 nostrique
3310 2937 3517 2994 arbitrii

1932 3023 2155 3088 domini,
2183 3034 2342 3096 atque
2370 3040 2437 3081 ex
2474 3025 2680 3096 ignavia
2721 3027 2891 3097 pravi,
2935 3043 3107 3099 exque
3134 3029 3311 3085 studio
3341 3039 3396 3094 et
3420 3046 3516 3087 co-

1933 3125 2060 3172 natu
2103 3116 2227 3173 boni
2262 3117 2543 3185 elﬁcimur,
2592 3118 2793 3174 idcirco
2847 3119 2964 3176 hate
3003 3121 3240 3178 remedia
3285 3126 3517 3194 paravit,

1931 3224 2126 3279 nempe
2163 3218 2307 3264 metu
2334 3208 2578 3279 supplicii
2609 3225 2673 3265 ac
2709 3225 2804 3281 spe
2839 3211 2988 3282 regni
3021 3226 3122 3268 nos
3146 3213 3416 3282 emendat,
3462 3225 3519 3271 et

1931 3299 1998 3354 ad
2021 3298 2498 3369 philosophandum
2527 3299 2774 3355 instituit.
2802 3299 2986 3372 Neque
3008 3301 3134 3358 hinc
3159 3310 3386 3370 tantum,
3420 3306 3518 3362 sed

1931 3393 2091 3448 etiam
2121 3407 2189 3448 ex
2217 3393 2302 3459 iis,
2325 3406 2445 3462 qua:
2469 3406 2570 3447 nos
2602 3391 2702 3462 ipsi
2745 3392 2972 3462 agimus,
3003 3392 3191 3465 liquet,
3232 3410 3405 3467 neque
3432 3396 3515 3450 fa-

1930 3492 2064 3549 tum,
2091 3498 2266 3554 neque
2290 3483 2578 3552 fortunam,
2609 3499 2783 3555 neque
2808 3486 3067 3556 genesim,
3096 3501 3272 3558 neque
3299 3503 3514 3544 cursum

1931 3584 2197 3630 astrorum
2225 3584 2407 3630 nostra
2439 3589 2641 3647 regere.
2677 3575 2808 3630 Nam
2851 3577 2897 3632 si
2922 3575 3047 3632 hinc
3073 3577 3308 3648 pendent
3335 3581 3516 3636 omnia

1930 3684 2048 3738 qua:
2073 3677 2350 3739 geruntur,
2374 3683 2482 3724 non
2511 3677 2689 3725 autem
2716 3684 2748 3723 a
2774 3668 2944 3726 libero
2972 3670 3246 3727 hominum
3268 3672 3512 3741 arbitrio,

1931 3775 2028 3814 cur
2051 3759 2285 3831 ﬂagellas
2311 3774 2526 3816 servum
2557 3759 2788 3816 furatum
2803 3761 2828 3811 τ
2851 3775 2950 3816 cur
2968 3762 3265 3820 adulteram
3293 3781 3514 3821 uxorem

1931 3852 1996 3905 ad
2024 3851 2194 3906 furum
2226 3851 2434 3906 trahis?
2459 3867 2553 3906 cur
2580 3864 2632 3908 te
2673 3851 2856 3922 pudet,
2903 3869 3025 3910 cum
3054 3857 3287 3913 absurda
3321 3874 3514 3930 perpe-

1932 3943 2076 3999 tras?
2103 3958 2203 4013 qua
2235 3943 2304 3998 de
2346 3957 2505 3998 causa
2551 3959 2619 4000 ne
2645 3945 2808 4000 verba
2848 3945 3063 4016 quidem
3098 3949 3514 4019 vituperantium

1931 4037 2186 4103 sustines,
2222 4034 2316 4091 sed
2345 4035 2390 4090 si
2425 4035 2546 4106 quis
2574 4045 2626 4091 te
2663 4037 2957 4106 machum,
2989 4047 3082 4094 aut
3111 4039 3512 4108 fornicatorem,

1932 4137 2024 4183 aut
2048 4127 2340 4194 ebriosum,
2368 4127 2453 4182 vel
2483 4126 2610 4198 quid
2634 4127 2813 4184 simile
2834 4136 3010 4195 vocet,
3043 4129 3095 4185 id
3132 4131 3512 4188 contumeliam

1931 4218 2205 4290 appellas?
2243 4218 2373 4273 Nam
2417 4219 2460 4272 si
2508 4232 2613 4273 non
2660 4233 2728 4274 ex
2770 4227 2862 4273 tuo
2899 4219 3121 4276 arbitrio
3159 4235 3370 4292 peccas,
3417 4239 3518 4279 nec

1931 4311 2132 4366 crimen
2161 4310 2262 4364 erit
2289 4308 2429 4380 quod
2462 4308 2673 4376 feceris,
2707 4324 2806 4365 nec
2847 4311 3167 4367 contumelia
3197 4314 3337 4384 quod
3367 4314 3516 4370 dica-

1933 4410 2038 4457 tur.
2068 4401 2220 4458 Nunc
2245 4411 2422 4456 autem
2457 4410 2512 4456 et
2541 4399 2683 4471 quod
2714 4401 3057 4471 peccantibus
3088 4419 3192 4458 non
3227 4418 3435 4472 parcas,
3463 4416 3518 4460 et

1933 4493 2074 4565 quod
2116 4507 2343 4564 peccans
2392 4492 2697 4560 erubescas,
2739 4501 2795 4550 et
2839 4493 3009 4549 latere
3047 4509 3221 4560 cures,
3271 4504 3326 4551 et
3375 4498 3518 4567 quod

1933 4584 2351 4640 contumeliosos
2381 4591 2536 4654 putes
2572 4597 2686 4648 eos,
2735 4583 2828 4654 qui
2869 4582 2987 4639 haec
3016 4585 3109 4639 tibi
3141 4585 3469 4654 exprobrant
3501 4604 3513 4617 -

1935 4677 2019 4733 his
2045 4687 2191 4733 certe
2217 4676 2466 4732 omnibus
2494 4675 2784 4741 conﬁteris,
2817 4683 2999 4731 nostra
3045 4690 3150 4730 non
3199 4677 3516 4731 necessitate

1934 4771 2108 4825 vineta
2135 4785 2275 4834 esse,
2301 4769 2395 4825 sed
2425 4768 2628 4824 arbitrii
2659 4767 2903 4823 libertate
2930 4768 3129 4822 ornari.
3161 4767 3227 4821 lis
3253 4777 3400 4824 certe
3428 4772 3512 4840 qui

1934 4864 2256 4920 necessitate
2285 4862 2589 4917 detinentur
2610 4875 2830 4930 parcere
2855 4860 3108 4915 solemus.
3132 4860 3184 4915 Si
3210 4862 3328 4931 quis
3353 4877 3382 4916 a
3410 4862 3520 4917 da:-

1934 4971 2093 5010 mone
2126 4953 2373 5024 agitatus,
2421 4961 2512 5006 aut
2557 4951 2786 5006 tunicam
2833 4958 3067 5005 nostram
3099 4950 3386 5022 discerpat,
3431 4965 3522 5010 aut

1937 5049 2118 5118 plagas
2148 5045 2361 5109 inferat,
2412 5058 2516 5098 non
2548 5042 2710 5098 modo
2738 5057 2846 5098 non
2889 5042 3196 5098 ulciscimur
3231 5060 3379 5112 eum,
3424 5047 3519 5101 sed

1936 5139 2097 5194 etiam
2127 5139 2447 5192 miseramur
2481 5135 2636 5205 eique
2661 5135 2950 5204 parcimus.
2982 5135 3196 5205 Quare?
3235 5137 3367 5206 Quia
3412 5154 3518 5193 non

1937 5228 2141 5283 arbitrii
2171 5227 2408 5291 libertas,
2441 5223 2536 5280 sed
2577 5224 2838 5280 daemonis
2863 5224 3116 5282 violentia
3158 5227 3273 5282 lucc
3300 5238 3519 5297 operata

1939 5334 2042 5380 est.
2073 5323 2254 5391 Itaque
2299 5321 2343 5375 si
2389 5320 2491 5374 alia
2532 5319 2694 5375 etiam
2724 5329 2938 5390 peccata
2970 5335 3037 5376 ex
3081 5319 3172 5374 fati
3204 5322 3522 5376 necessitate

1941 5418 2398 5486 perpetrarentur,
2430 5411 2829 5481 ignosceremus
2855 5413 3065 5483 utique;
3107 5412 3229 5480 quia
3258 5424 3386 5464 vero
3410 5408 3518 5463 sci-

1942 5523 2061 5565 mus
2084 5508 2174 5562 illa
2202 5519 2308 5561 non
2342 5520 2408 5561 ex
2449 5504 2768 5560 necessitate
2793 5502 3079 5574 proﬁcisci,
3126 5501 3248 5555 ideo
3274 5516 3373 5555 nec
3402 5498 3518 5552 beri

1941 5602 2154 5660 famulis
2177 5608 2420 5672 parcunt,
2453 5614 2554 5655 nec
2579 5597 2674 5652 viri
2716 5596 2991 5660 uxoribus,
3027 5605 3124 5646 nec
3151 5606 3346 5645 uxores
3369 5591 3517 5650 viris,

1946 5711 2116 5764 neque
2145 5702 2322 5765 patres
2367 5690 2506 5758 filiis,
2550 5701 2720 5760 neque
2749 5684 2986 5754 magistri
3015 5679 3310 5748 discipulis,
3344 5692 3522 5737 neque
