3962 6190
620 307 723 365 9.83

628 420 893 489 principes
938 417 1182 481 subditis,
1232 414 1325 469 sed
1355 429 1506 469 acres
1535 413 1798 468 scelerum
1837 412 2199 480 exploratores

630 511 935 578 ultoresque
986 522 1186 571 sumus,
1259 506 1326 560 ad
1383 504 1664 560 tribunalia
1717 503 1974 565 sistimus,
2035 501 2201 570 plagis

625 601 956 669 subjicimus.
984 597 1410 666 correptionibus
1439 597 1656 662 utimur,
1683 594 1922 664 nihilque
1951 607 2057 648 non
2086 592 2200 662 agi-

626 705 765 754 mus,
799 699 856 743 ut
885 689 1004 743 illos
1041 704 1069 742 a
1116 689 1270 743 malis
1316 687 1623 757 eripiamus.
1659 685 1810 739 Filiis
1835 699 1964 738 vero
2005 682 2204 737 nostris

627 779 944 852 ptedagogos
980 779 1188 846 damus,
1226 779 1452 850 illosque
1498 777 1565 833 ad
1609 776 1894 846 magistros
1923 773 2202 836 mittimus,

626 871 797 924 minas
822 871 1168 935 intentamus,
1198 868 1421 924 verbera
1449 866 1757 937 inﬂigimus,
1801 865 2077 934 multaque
2103 864 2203 916 alia

625 959 962 1022 adhibemus,
988 967 1044 1013 ut
1073 959 1223 1028 probi
1249 956 1494 1012 evadant.
1527 955 1663 1024 Quid
1690 970 1818 1025 ergo
1841 969 1977 1024 opus
2002 953 2206 1008 labori-

627 1051 729 1105 bus
793 1051 1148 1106 sudoribusve
1173 1049 1242 1104 ad
1266 1050 1512 1103 virtutem
1553 1046 1908 1103 exercendam
1929 1047 1954 1098 ?
1982 1044 2115 1099 Nam
2162 1043 2206 1095 si

630 1139 736 1194 fato
770 1141 1117 1196 constitutum
1145 1141 1234 1204 sit,
1279 1139 1477 1193 bonum
1504 1139 1618 1193 fore
1643 1137 1980 1208 quempiam;
2025 1136 2072 1191 is
2097 1135 2208 1190 sive

630 1230 858 1286 dormiat
887 1239 980 1284 aut
1005 1239 1193 1285 stertat
1217 1229 1391 1284 bonus
1415 1228 1515 1283 erit
1545 1245 1558 1282 :
1591 1229 1700 1282 imo
1721 1227 1896 1297 potius
1920 1226 2091 1281 bonus
2122 1224 2209 1278 ille

630 1324 901 1380 vocandus
927 1340 1035 1378 non
1075 1331 1178 1387 est,
1205 1322 1294 1392 qui
1337 1337 1402 1376 ex
1433 1322 1753 1376 necessitate
1781 1319 1904 1374 talis
1948 1318 2037 1372 sit.
2069 1315 2208 1385 Quid

629 1431 766 1485 opus
785 1413 1058 1469 laboribus
1086 1411 1435 1467 sudoribusve
1457 1410 1525 1466 ad
1551 1410 1837 1481 nequitiam
1865 1407 2211 1480 fugiendam?

634 1506 764 1561 Nam
806 1506 849 1559 si
878 1504 988 1558 fato
1012 1504 1364 1559 constitutum
1392 1503 1482 1571 sit,
1511 1503 1708 1558 malum
1735 1502 1848 1559 fore
1868 1501 2208 1571 quempiam;

634 1599 679 1652 is
721 1596 928 1652 etiamsi
982 1602 1262 1651 sexcentas
1307 1593 1496 1650 subeat
1528 1593 1788 1660 miserias,
1836 1591 2009 1647 malus
2037 1599 2212 1646 tamen

631 1690 768 1746 erit:
799 1689 907 1744 imo
935 1703 1041 1742 non
1070 1687 1267 1741 malum
1292 1700 1414 1740 eum
1443 1701 1539 1756 par
1562 1695 1645 1741 est
1673 1699 1886 1751 vocare,
1910 1685 1999 1754 qui
2027 1697 2214 1739 neces-

631 1780 791 1834 sitate
831 1778 898 1832 ad
943 1775 997 1831 id
1040 1775 1362 1845 impellatur.
1412 1775 1482 1832 Ut
1526 1776 1668 1830 enim
1707 1773 2114 1838 dtemoniacum,
2169 1773 2212 1828 si

634 1868 986 1926 contumelias
1014 1867 1270 1937 proferat,
1303 1867 1346 1922 si
1376 1867 1639 1937 percutiat
1667 1865 1790 1938 (hoc
1828 1866 1972 1920 enim
2002 1880 2214 1920 rursum

637 1971 758 2017 utor
777 1958 1069 2032 exemplo),
1104 1974 1212 2014 non
1234 1958 1677 2014 contumeliosum
1705 1957 2036 2028 appellamus
2065 1974 2078 2011 :
2108 1970 2216 2010 non

636 2055 735 2126 ipsi
764 2053 962 2125 quippe
989 2050 1364 2108 contumeliam
1400 2050 1775 2116 adscribimus,
1821 2049 1916 2106 sed
1958 2048 2218 2104 daemonis

639 2146 943 2203 necessitati
975 2162 988 2198 :
1015 2144 1092 2200 sic
1116 2157 1216 2198 nec
1243 2141 1567 2214 improbum,
1596 2142 1642 2198 si
1681 2142 1790 2197 fato
1818 2141 1888 2197 ad
1927 2139 2218 2211 nequitiam

641 2239 963 2310 impellatur,
1003 2250 1254 2293 vocemus
1298 2233 1628 2305 improbum;
1673 2241 1732 2288 ut
1776 2248 1949 2303 neque
1995 2232 2220 2302 probum

641 2332 970 2404 appellemus
986 2327 1232 2400 probum.
1256 2326 1466 2382 Etenim
1482 2326 1527 2381 si
1551 2326 1652 2381 hoc
1671 2325 2019 2386 concedatur.
2041 2325 2219 2380 omnia

643 2434 826 2479 nostra
855 2435 1068 2492 pessum
1105 2419 1253 2474 ibunt
1277 2433 1292 2483 ;
1335 2417 1479 2472 nulla
1507 2418 1611 2473 erit
1649 2417 1838 2483 virtus,
1866 2416 2010 2474 nulla
2038 2415 2222 2486 nequi-

645 2515 736 2577 tia,
784 2528 889 2567 non
945 2519 1110 2576 artes,
1160 2525 1265 2564 non
1305 2508 1470 2580 leges,
1519 2508 1756 2578 nihilque
1794 2507 2076 2578 ejusmodi.
2117 2505 2225 2562 Cur

648 2620 808 2675 porro
837 2612 1034 2658 tantam
1063 2617 1244 2658 curam
1266 2603 1452 2674 aegroti
1477 2600 1813 2665 adhibemus,
1844 2597 2098 2670 pecunias
2125 2611 2224 2652 ex-

647 2695 952 2764 pendimus,
999 2693 1236 2748 medicns
1281 2692 1627 2755 accersimus.
1669 2690 1954 2762 pharmaca
2001 2687 2228 2759 apponi-

647 2800 788 2850 mus,
816 2784 988 2839 ventri
1017 2783 1394 2839 abstinentiam
1435 2783 1740 2848 indicimus,
1779 2779 2227 2851 concupiscentiae

641 2876 856 2932 frenum
886 2874 1189 2945 injicimus?
1209 2874 1344 2930 Nam
1369 2874 1413 2930 si
1443 2888 1510 2929 ex
1540 2873 1648 2929 fato
1678 2873 1912 2944 pendent
1947 2871 2148 2928 sanitas
2174 2879 2229 2926 et

648 2967 889 3031 morbus,
918 2968 1201 3036 superﬂuae
1227 2975 1352 3022 sunt
1371 2967 1717 3038 pecuniarum
1743 2978 2013 3036 expensas,
2041 2978 2230 3034 super-

647 3059 787 3116 ﬂuus
813 3059 1144 3114 medicorum
1180 3072 1327 3124 usus,
1359 3071 1754 3128 supervacanea
1801 3053 2026 3110 inﬁrmis
2066 3068 2228 3110 accu-

649 3159 764 3207 rata
810 3151 899 3206 illa
939 3151 1042 3206 cibi
1088 3152 1336 3206 tenuitas.
1364 3149 1515 3205 Nunc
1558 3158 1736 3204 autem
1781 3157 1837 3204 et
1863 3162 1930 3202 ex
1961 3146 2044 3202 his
2072 3155 2128 3202 et
2164 3161 2230 3202 ex

649 3243 769 3297 aliis
792 3241 1148 3307 ostendimus,
1194 3241 1328 3296 nihil
1369 3256 1555 3297 eorum
1583 3254 1703 3296 esse
1747 3237 2096 3309 superﬂuum.
2123 3236 2231 3292 Ve-

653 3349 770 3387 rum
798 3333 1032 3388 facessat
1061 3333 1150 3387 illa
1181 3333 1274 3388 fati
1305 3331 1480 3388 fabttla
1511 3349 1524 3385 :
1559 3347 1681 3387 nam
1707 3347 1828 3402 quae
1870 3329 1936 3386 ad
1983 3344 2083 3386 nos
2111 3343 2235 3400 per-

656 3426 846 3490 tinent,
879 3425 1008 3479 nulli
1052 3425 1408 3495 subjiciuntur
1445 3424 1775 3490 necessitati,
1820 3422 1916 3477 sed
1943 3421 2143 3488 omnia,
2174 3430 2234 3476 ιιι

655 3518 786 3583 dixi,
813 3517 1016 3572 arbitrii
1045 3518 1291 3573 libertate
1316 3517 1510 3572 dunata
1538 3526 1680 3571 sunt.

725 3613 779 3666 4.
822 3611 1038 3666 Moralis
1079 3610 1382 3666 exhortatio.
1423 3607 1684 3662 Iudicium
1725 3605 1821 3660 Dei
1857 3621 2007 3677 quam
2050 3591 2234 3658 tinten-

658 3702 799 3756 dum.
826 3732 896 3741 —
922 3701 1047 3758 [hec
1091 3715 1214 3756 cum
1257 3700 1506 3762 sciamus,
1551 3696 1751 3764 dilecti,
1799 3696 1907 3751 imo
1949 3693 2032 3750 his
2082 3694 2238 3766 longe

660 3795 813 3865 plura
841 3793 1026 3864 (multa
1053 3792 1198 3848 enim
1241 3791 1344 3846 alia
1391 3789 1495 3844 dici
1537 3799 1771 3858 possent,
1815 3786 1910 3842 sed
1938 3785 2054 3841 haec
2081 3793 2239 3842 erunt

660 3882 1070 3954 sapientioribus
1103 3881 1273 3952 satis),
1303 3880 1564 3952 fugiamus
1602 3877 1916 3948 nequitiam,
1957 3877 2240 3948 diligamus

661 3976 933 4041 virtutem,
968 3983 1024 4030 ut
1052 3989 1116 4029 ex
1146 3974 1304 4030 rebus
1344 3973 1473 4043 ipsis
1517 3971 1879 4035 ostendamus,
1926 3984 2026 4026 nos
2073 3970 2240 4026 libero

661 4066 736 4121 uti
762 4065 827 4120 ad
864 4081 924 4121 ea
953 4081 1071 4137 qua:
1101 4066 1312 4135 placent
1350 4061 1590 4130 arbitrio,
1623 4077 1692 4118 ne
1736 4060 2124 4117 confundamur
2151 4061 2242 4116 illo

662 4157 769 4223 die,
797 4173 905 4229 quo
933 4157 1258 4228 singulorum
1283 4171 1440 4227 opera
1470 4154 1866 4210 revelabuntur.
1899 4153 2083 4208 Omnes
2111 4156 2243 4208 enim

663 4265 756 4304 nos
806 4249 1122 4321 manifestari
1160 4257 1354 4316 oportet
1396 4255 1512 4314 ante
1548 4246 1768 4300 tribunal
1807 4243 2016 4308 Christi,
2065 4254 2123 4300 ut
2171 4247 2245 4298 ait

664 4341 879 4407 Paulus,
903 4351 953 4394 ut
971 4340 1155 4416 referat
1176 4340 1530 4408 unusquisque,
1555 4347 1702 4408 prout
1721 4337 1893 4407 gessit,
1917 4338 2018 4391 sive
2038 4336 2241 4402 bonum,

664 4435 768 4487 sive
803 4433 994 4486 malum
1020 4431 1096 4505 (2.
1149 4431 1266 4486 Cor.
1300 4433 1354 4487 5.
1403 4431 1511 4501 10).
1553 4431 1828 4496 Tribunal,
1869 4445 2070 4502 qumso,
2117 4431 2244 4486 illud

667 4524 945 4580 nobiscum
983 4532 1313 4594 reputemus,
1356 4523 1507 4594 quasi
1542 4524 1654 4594 jam
1701 4523 1932 4589 adesset,
1971 4523 2246 4593 Judquue

665 4615 894 4681 sederet,
923 4623 979 4670 et
1004 4613 1182 4668 omnia
1208 4613 1588 4679 revelarentur,
1622 4614 1675 4668 in
1707 4613 2046 4684 mediumque
2072 4613 2245 4669 addu~

665 4716 936 4766 cerentur.
969 4706 1085 4762 Non
1127 4706 1292 4762 modo
1331 4705 1474 4760 enim
1503 4719 1603 4760 nos
1645 4705 1858 4760 adstare
1886 4714 2118 4775 oportet,
2149 4705 2245 4761 sed

666 4802 826 4857 etiam
856 4797 1202 4856 manifestari.
1227 4798 1418 4853 Annon
1440 4795 1792 4852 erubescitis?
1818 4810 1996 4851 annon
2027 4795 2249 4867 perhor-

667 4895 915 4950 rescitis?
944 4907 1124 4949 annon
1153 4907 1295 4964 saepe
1322 4890 1457 4946 mori
1479 4889 1653 4961 potius
1672 4898 1938 4959 optamus,
1969 4905 2127 4961 quam
2157 4905 2248 4946 oc-

665 4986 866 5042 cultum
917 4986 1092 5042 scelus
1135 4983 1528 5042 venerabiiibus
1573 4981 1757 5036 amicis
1800 4982 1997 5037 nostris
2036 4981 2251 5054 detegi?

668 5078 784 5147 Quo
813 5087 936 5132 tunc
979 5093 1140 5134 sensu
1171 5078 1486 5144 afﬁciemur,
1527 5091 1650 5131 cum
1675 5082 1893 5146 peccata
1934 5084 2117 5132 nostra
2151 5092 2245 5134 co-

669 5184 783 5224 ram
830 5169 1080 5223 omnibus
1123 5169 1324 5238 angelis
1372 5166 1782 5236 hominibusque
1833 5165 2150 5237 detegentur
2195 5177 2245 5224 et

668 5273 792 5318 ante
822 5261 1005 5317 oculos
1040 5261 1332 5318 sistentur?
1361 5262 1588 5332 Arguam
1628 5271 1699 5330 te.
1727 5260 1920 5332 inquit,
1952 5270 2000 5316 et
2029 5271 2246 5318 statuam

667 5365 845 5410 contra
879 5353 1059 5425 facient
1087 5362 1227 5407 tuam
1266 5363 1469 5424 peccata
1503 5362 1588 5406 tua
1615 5351 1784 5423 (Psal.
1830 5355 1919 5409 49.
1950 5352 2066 5424 21).
2096 5353 2248 5422 Quod

667 5449 715 5504 si
752 5463 810 5504 re
840 5446 1075 5501 nondum
1105 5453 1386 5514 praesente,
1421 5445 1516 5500 sed
1555 5454 1760 5500 tantum
1800 5446 2094 5516 supposita,
2128 5461 2246 5502 ser-

671 5555 936 5612 suoneque
977 5537 1266 5608 descripta,
1316 5538 1644 5592 conscientia
1689 5546 1911 5608 urgente
1948 5524 2244 5606 obruiniur,

671 5633 796 5704 quid
836 5633 1092 5688 faciemus
1136 5644 1256 5684 cum
1287 5637 1496 5699 tempus
1542 5627 1734 5694 aderit,
1766 5642 1889 5682 cum
1934 5634 2076 5684 totus
2104 5627 2248 5684 orbis

675 5738 911 5793 praesens
948 5723 1072 5788 erit,
1098 5735 1220 5776 cum
1244 5719 1416 5792 angeli
1444 5727 1500 5774 ct
1538 5717 1867 5787 archangeli,
1894 5731 2016 5774 cum
2047 5721 2243 5788 princi-

1385 304 1441 358 S.
1480 298 1754 356 JOANNIS
1788 294 2258 354 CHRYSOSTOMI
2298 295 2613 351 ARCIIIEP.
2657 297 3188 352 CONSTANTINOP.

2313 415 2467 474 patus
2509 415 2564 462 et
2599 418 2909 476 potestates,
2958 427 3078 465 eum
3109 414 3248 467 tubte
3289 413 3562 483 frequentes
3584 419 3730 488 clangt

2309 513 2430 553 cum
2449 499 2576 569 justi
2604 501 2877 569 rapientur
2903 503 2956 558 in
2984 505 3238 572 nubibus,
3267 515 3319 561 et
3343 507 3514 574 ingens
3535 510 3625 563 erit
3647 525 3729 579 pec

2311 600 2484 646 torum
2515 593 2669 648 ﬂetus
2692 594 2714 646 ?
2740 595 2871 663 Quis
2901 605 3024 652 tunc
3060 607 3232 654 terror
3273 597 3610 666 apprehendet
3643 617 3724 658 eos

2311 683 2367 738 in
2398 693 2538 739 terra
2575 687 2898 742 manebunt?
2943 687 3078 742 Nam
3128 687 3280 756 Una,
3325 689 3505 759 inquit,
3536 693 3730 760 rapietur

2311 792 2414 830 una
2449 776 2756 847 relinquetur
2783 794 2802 832 :
2825 795 2956 833 unus
2993 790 3295 846 assumetur,
3337 791 3382 835 et
3407 798 3531 835 unus
3565 784 3730 853 relinqu

2311 867 2528 937 (Matth.
2569 868 2660 923 24.
2684 867 2797 938 40).
2823 869 2941 937 Quo
2969 879 3127 926 erunt
3152 870 3230 924 illi
3259 871 3452 934 animo,
3491 872 3682 940 quando
3705 889 3730 924 v

2313 960 2442 1012 bunt
2470 958 2592 1012 illos
2632 975 2827 1028 magno
2861 975 2984 1015 cum
3023 960 3228 1016 honore
3254 961 3467 1024 assumi,
3498 977 3554 1017 se
3587 978 3701 1017 vero

2313 1047 2478 1101 multa
2502 1048 2826 1116 turpitudine
2848 1050 3113 1120 relinqui?
3137 1049 3252 1104 Non
3278 1059 3464 1120 potest,
3487 1066 3608 1117 non,
3634 1053 3730 1120 inqt

2316 1145 2513 1205 potest,
2546 1137 2750 1192 credite
2775 1137 2929 1204 mihi,
2968 1139 3135 1194 verbo
3162 1140 3418 1196 declarari
3454 1141 3640 1196 doloris
3663 1157 3730 1196 ma

2315 1226 2463 1281 tudo.
2490 1227 2712 1283 Vidistis
2741 1244 2884 1300 saepe
2911 1245 3005 1286 eos
3034 1231 3122 1301 qui
3152 1231 3220 1285 ad
3257 1241 3484 1287 mortem
3513 1231 3730 1288 adducun

2315 1317 2433 1385 Quo
2453 1317 2574 1373 illos
2598 1319 2778 1376 animo
2804 1321 3002 1391 putatis
3022 1336 3141 1376 esse
3167 1322 3292 1376 dum
3313 1322 3378 1377 ad
3403 1322 3591 1378 ostium
3615 1339 3730 1393 pcrg

2315 1410 2451 1479 Quid
2477 1427 2584 1466 non
2610 1427 2812 1483 agere;
2833 1413 2959 1483 quid
2999 1429 3104 1469 non
3132 1415 3239 1484 pati
3267 1424 3532 1485 optarent,
3573 1424 3631 1470 ut
3668 1432 3696 1471 a

2315 1502 2544 1572 caligine
2577 1503 2945 1573 eriperentur?
2983 1505 3174 1560 Audivi
3208 1521 3306 1576 ego
3348 1507 3542 1560 multos
3565 1521 3730 1562 eorum

2317 1603 2598 1664 postquam
2642 1593 2856 1650 abducti
2902 1595 3133 1662 fuerant,
3178 1595 3564 1667 lmperatorum
3608 1598 3730 1651 clem

2319 1687 2574 1755 revocati,
2607 1687 2848 1743 dicerent
2886 1703 2945 1744 se
2981 1689 3161 1744 animo
3199 1691 3268 1744 ita
3298 1690 3629 1760 perturbato,
3660 1689 3723 1742 ita

2319 1778 2470 1833 culso
2508 1777 2693 1847 fuisse,
2721 1787 2780 1834 ut
2819 1794 2994 1849 neque
3033 1780 3277 1836 homines
3301 1782 3454 1850 quasi
3485 1781 3716 1836 homines

2322 1878 2466 1926 rent.
2510 1870 2706 1926 Verum
2735 1871 2862 1941 quid
2886 1871 2954 1927 de
2985 1872 3230 1927 abductis
3256 1872 3488 1942 loquor?
3514 1871 3730 1927 Circum:

2322 1963 2607 2019 multitudo
2649 1964 2925 2020 hominum
2972 1980 3199 2035 quorum
3243 1980 3436 2036 magna
3479 1979 3603 2035 pars
3646 1964 3730 2019 abd

2323 2069 2432 2111 non
2456 2064 2694 2110 noverat.
2723 2055 2912 2126 Siquis
2937 2056 3266 2127 singulorum
3307 2058 3524 2110 animos
3549 2055 3728 2124 explor

2323 2149 2528 2204 nullum
2554 2149 2844 2220 reperisset
2872 2158 2978 2204 tam
3021 2150 3331 2216 immanem,
3365 2157 3476 2204 tam
3508 2148 3727 2204 ferocem

2323 2249 2597 2295 strenuum
2610 2239 2824 2310 qui,pr:e
2841 2249 3042 2296 terrore
3055 2248 3112 2296 et
3125 2256 3346 2311 angore,
3363 2256 3472 2296 non
3491 2240 3718 2295 demisso

2324 2339 2486 2386 esset.
2509 2329 2666 2398 Quod
2698 2331 2743 2386 si
2763 2329 2890 2386 dum
2911 2331 3024 2398 alii,
3048 2330 3177 2400 ipsis
3195 2331 3341 2386 nullo
3359 2330 3730 2387 necessitudini

2325 2420 2450 2477 culo
2498 2422 2691 2490 juncti,
2751 2429 2926 2477 morte
2979 2421 3348 2490 mulctantur,
3407 2422 3484 2476 ita
3531 2420 3702 2476 affecti

2325 2511 2539 2582 quando
2559 2527 2658 2566 nos
2677 2513 2729 2567 in
2750 2511 2993 2582 graviora
3017 2511 3334 2578 incidemus,
3363 2527 3476 2582 quo
3498 2511 3730 2566 erimus:

2328 2619 2360 2659 a
2385 2602 2580 2674 gaudio
2601 2603 2694 2658 illo
2720 2601 2974 2658 ineffabili
2995 2602 3173 2673 ejecti.
3202 2611 3259 2658 et
3278 2603 3334 2658 in
3356 2603 3730 2673 sempiternun

2331 2693 2684 2764 supplicium?
2712 2693 2924 2748 Etenim
2971 2692 3182 2749 etiamsi
3212 2694 3362 2748 nulla
3402 2701 3558 2751 esset
3593 2697 3726 2763 gehe

2334 2794 2484 2842 tanto
2515 2784 2803 2856 splendore
2829 2784 2972 2855 ejici,
3004 2793 3058 2840 et
3083 2785 3200 2840 sine
3227 2783 3445 2841 honore
3469 2783 3730 2841 recedere

2336 2887 2446 2931 tum
2474 2884 2618 2932 esset
2638 2875 2985 2946 supplicium!
3015 2875 3146 2930 Nam
3170 2876 3214 2930 si
3241 2874 3525 2947 hodieque
3549 2876 3726 2944 Imper

2335 2967 2727 3040 ingredientem
2757 2968 2906 3024 multi
2933 2977 3234 3034 cernentes,
3262 2982 3543 3038 suamque
3567 2980 3730 3037 paupt

2335 3059 2758 3128 considerantes,
2792 3075 2898 3116 non
2941 3069 3140 3114 tantam
3171 3060 3489 3129 percipiunt
3513 3075 3583 3116 ex
3612 3059 3715 3113 hoc

2336 3151 2458 3206 culo
2503 3151 2852 3221 voluptatem,
2897 3160 3154 3220 quantum
3191 3165 3504 3206 mter-orem
3557 3165 3628 3205 ex
3673 3164 3730 3204 eo

2338 3241 2536 3296 nullius
2568 3240 2760 3296 borum
2797 3241 2908 3297 sint
2945 3248 3227 3296 consortes
3254 3241 3573 3308 bonorum,
3605 3256 3730 3310 neqt

2338 3333 2563 3388 clientes
2610 3331 2922 3402 imperantis
2950 3340 3450 3400 connumerentur,
3480 3331 3614 3402 quid
3656 3339 3730 3386 tut

2340 3423 2475 3479 Num
2504 3439 2727 3494 parvum
2769 3438 2893 3479 esse
2922 3425 3122 3493 putatis
3157 3423 3504 3493 supplicium
3549 3425 3605 3478 in
3646 3425 3730 3478 cln

2342 3531 2449 3572 non
2478 3517 2791 3573 accenseri?
2820 3517 3070 3572 ineffabili
3097 3517 3265 3587 gloria
3306 3531 3427 3572 non
3463 3517 3730 3588 dignari?

2343 3618 2486 3664 coetu
2525 3617 2579 3664 et
2605 3607 3052 3663 inenarrabilibus
3079 3608 3234 3664 bonis
3271 3610 3480 3679 procul
3503 3609 3717 3678 abjici?

2344 3709 2540 3771 praeter
2569 3701 2683 3756 hate
2705 3708 2865 3756 erunt
2895 3699 3155 3769 tenebras,
3198 3701 3409 3756 stridor
3443 3701 3729 3768 dentium,

2343 3793 2671 3861 insolubilia,
2703 3793 2904 3850 vermis
2942 3795 3034 3866 qui
3075 3809 3186 3849 non
3227 3793 3507 3863 moritur,
3565 3795 3715 3866 ignis

2345 3887 2723 3956 exstinguitur,
2767 3887 2934 3942 animi
2981 3901 3202 3954 mceror,
3244 3889 3514 3958 angustia
3553 3929 3573 3956 ,
3636 3887 3730 3956 lin;

2347 3988 2502 4046 ustae,
2517 3988 2574 4034 ut
2596 3979 2681 4033 illa
2709 3977 2908 4045 divitis,
2931 3993 3050 4034 cum
3077 3977 3441 4049 plorabimus,
3469 3990 3532 4035 et
3557 3995 3730 4035 nemo

2348 4070 2548 4136 audiat,
2579 4085 2700 4126 cum
2746 4071 3166 4141 ingemiscentus
3207 4079 3263 4125 et
3303 4069 3634 4126 frememus
3679 4087 3730 4125 ει]

2353 4163 2468 4227 bus,
2495 4170 2551 4216 et
2576 4177 2734 4217 nemo
2753 4160 3014 4228 attendet,
3038 4161 3273 4232 undique
3299 4162 3728 4232 reSpiciemus,

2350 4251 2522 4308 aderit
2548 4251 2640 4322 qui
2669 4252 2981 4308 consoletur
3010 4267 3024 4306 :
3057 4267 3164 4322 quo
3193 4253 3249 4306 in
3278 4252 3494 4308 ordine
3523 4253 3729 4308 locabi

2351 4345 2440 4414 qui
2472 4344 2525 4398 in
2567 4342 2874 4413 bujusmodi
2911 4351 3055 4398 statu
3099 4343 3432 4398 versantur?
3489 4343 3646 4415 quid
3674 4342 3730 4398 bl

2349 4437 2631 4492 animabus
2652 4435 3047 4491 miserabilius?

2421 4529 2474 4585 5.
2516 4529 2572 4584 Si
2612 4543 2770 4598 porro
2805 4529 2858 4584 in
2899 4541 3142 4583 carceres
3191 4527 3423 4597 ingressi
3453 4569 3476 4596 ,
3513 4527 3671 4584 dum
3724 4542 3730 4582 l

2351 4619 2471 4674 illos
2511 4619 2788 4686 videmus,
2815 4618 2906 4688 qui
2951 4617 3155 4672 catenis
3202 4615 3394 4672 ferreis
3429 4618 3631 4674 vincti
3666 4633 3730 4672 su

2355 4725 2481 4764 vero
2506 4708 2560 4764 in
2588 4708 2822 4764 tenebris
2849 4706 3163 4773 conclusos,
3191 4705 3538 4776 frangimur,
3577 4707 3728 4763 horr

2355 4799 2593 4869 nihilque
2618 4815 2727 4854 non
2754 4798 2960 4868 agimus
2986 4813 3055 4853 ne
3092 4798 3146 4852 in
3172 4805 3374 4852 tantam
3406 4801 3730 4854 calamitat

2354 4889 2576 4944 damus:
2599 4903 2721 4943 cum
2749 4887 3076 4943 abducemur
3096 4888 3254 4943 vincti
3281 4887 3334 4942 in
3359 4888 3681 4958 gehennae
3714 4899 3730 4944 t

2355 4995 2463 5052 quo
2506 4980 2708 5036 erimus
2762 4978 3138 5049 auimo?quid
3193 4977 3511 5034 faciemus?
3568 4979 3714 5035 Non

2357 5073 2503 5128 ferro
2542 5086 2669 5128 cusa
2709 5079 2834 5126 sunt
2877 5070 2966 5124 illa
2993 5071 3224 5136 vincula,
3247 5068 3342 5126 sed
3369 5085 3450 5126 ex
3495 5071 3673 5141 igne,
3704 5089 3730 5140 q

2357 5180 2514 5235 quam
2541 5162 2926 5232 exstinguitur,
2965 5175 3065 5215 nec
3103 5161 3332 5230 mquales
3373 5161 3570 5216 nobis
3603 5181 3723 5218 sun

2357 5254 2512 5312 nobis
2528 5251 3078 5322 praeﬁciuntur,quos
3106 5266 3249 5320 saepe
3283 5250 3650 5308 demulcere
3695 5255 3730 5308 li

2359 5346 2532 5417 angeli
2565 5343 2830 5398 terribiles
2858 5351 2913 5396 et
2956 5341 3405 5397 immisericordes
3436 5383 3457 5409 ,
3515 5361 3692 5415 quos

2358 5452 2481 5493 cere
2524 5435 2735 5508 quidem
2781 5433 3066 5504 possimus.
3108 5435 3302 5504 quique
3347 5432 3421 5487 ob
3480 5448 3730 5490 contun

2362 5529 2644 5586 Dominum
2672 5524 3330 5596 irrogatam,vehementer
3346 5527 3655 5584 saeviunt.
3693 5530 3730 5585 Β

2359 5631 2462 5684 est,
2494 5633 2551 5676 ut
2589 5619 2696 5683 hic,
2723 5618 2854 5673 alios
2881 5626 3122 5689 argento,
3163 5616 3298 5672 alios
3322 5616 3482 5682 cibo,
3524 5620 3703 5675 alios

2364 5719 2460 5772 sibi
2492 5713 2910 5770 consolationem
2958 5725 3181 5782 parare,
3212 5709 3308 5767 sed
3353 5713 3580 5770 omnia
3628 5715 3721 5772 ibi
