4090 6216
304 302 409 358 233

309 412 538 487 πατέρες
569 417 775 482 παισὶν,
813 415 936 470 οὔτε
966 418 1269 474 διδάσκαλοι
1297 422 1584 492 μαθηταῖς,
1618 422 1740 477 οὔτε
1767 425 1963 495 άρχον-

301 517 391 566 τες
414 502 755 573 ἀρχομένοις,
778 503 912 558 ἀλλά
930 506 1115 577 πικροὶ
1131 507 1236 560 τῶν
1249 509 1662 580 τετολμημένων
1681 511 1965 576 ἐξετασταὶ

235 572 256 585 ’
297 588 395 641 καὶ
419 572 650 658 τιμωροὶ
677 591 955 660 γινόμεθα,
991 572 1084 646 καὶ
1107 594 1330 666 δικαστὴ
1341 572 1431 667 ρια
1451 572 1960 670 καταλαμϐάνομεν,

297 676 396 729 καὶ
442 675 676 746 πληγαῖς
717 677 1111 751 ὑποϐάλλομεν,
1147 682 1238 734 καὶ
1279 684 1627 756 ἐπιτιμήσεσι
1680 687 1958 757 χρώμεθα,

297 762 396 815 καὶ
431 763 609 816 πάντα
645 764 988 836 πράττομεν,
1026 768 1174 832 ὅπως
1198 771 1594 842 ἀπαλλάξωμεν
1633 775 1828 837 αὐτοὺς
1851 776 1960 828 τῶν

297 849 505 904 κακῶν.
529 852 654 914 Τοῖς
685 852 742 905 δέ
780 855 937 907 παισὶ
983 857 1096 916 τοῖς
1125 858 1416 928 ἡμετέροις
1459 861 1553 912 καὶ
1580 862 1961 930 παιδαγωγοὺς

293 936 628 1007 ἐφιστῶμεν,
660 940 754 992 καὶ
785 943 864 1004 είς
895 941 1245 1007 διδασκάλους
1273 946 1584 1016 πέμπομεν,
1612 949 1705 1000 καὶ
1733 950 1960 1012 ἀπειλὰς

291 1023 679 1096 προστίθεμεν,
707 1027 800 1079 καὶ
825 1027 1098 1098 μάστιγας
1114 1031 1444 1102 ἐπιτίθεμεν,
1482 1035 1576 1087 καὶ⁸
1602 1036 1770 1089 πολλά
1797 1038 1958 1107 ἔτερα

292 1110 621 1181 βοηθήματα
660 1115 1026 1185 προσάγομεν,
1069 1117 1155 1170 ἴνα
1197 1119 1353 1172 καλοὶ
1403 1121 1686 1190 γένωνται.
1741 1125 1837 1188 Τίς
1863 1122 1956 1180 οὖν

289 1195 454 1266 χρεία
488 1197 664 1251 πόνων
701 1201 795 1252 καὶ
826 1201 1060 1271 ἱδρώτων
1101 1204 1237 1275 πρὸς
1279 1205 1340 1258 τὸ
1375 1209 1671 1278 κατορθοῦν
1713 1212 1952 1283 ἀρετήνς

290 1282 354 1333 Εί
393 1282 503 1350 γὰρ
536 1284 793 1355 εῖμαρταί
839 1305 945 1340 τινι
990 1290 1242 1356 γενέσθαι
1291 1293 1471 1357 καλὸν,
1503 1296 1596 1348 καὶ
1625 1282 1897 1352 καθεύδων
1926 1302 1955 1352 ὁ

287 1367 535 1432 τοιοῦτος
561 1372 654 1424 καὶ
686 1372 898 1443 ῥέγχων
927 1374 1078 1428 ἔσται
1105 1377 1289 1441 καλόςο
1325 1380 1523 1449 μᾶλλον
1552 1383 1608 1435 δὲ
1638 1384 1760 1436 οὐδὲ
1789 1385 1952 1438 καλὸν

285 1453 386 1506 τὸν
417 1455 654 1510 τοιοῦτον
704 1456 850 1511 ἐστιν
891 1462 1094 1525 είπεῖν,
1141 1464 1231 1516 τὸν
1260 1465 1318 1530 ἐξ
1348 1466 1592 1538 ἀνάγκης
1621 1470 1778 1524 τοῦτο
1805 1473 1953 1539 γινό-

293 1557 478 1608 μενον.
515 1543 610 1605 Τίς
635 1544 791 1615 χρεία
836 1546 1012 1601 πόνων
1051 1550 1144 1602 καὶ
1170 1550 1408 1622 ἱδρώτων
1449 1555 1587 1625 πρὸς
1627 1555 1687 1610 τὸ
1731 1559 1952 1627 φεύγειν

289 1629 517 1696 κακίαν;
550 1631 738 1701 Είγάρ
752 1633 1007 1705 εἵμαρται
1031 1654 1134 1689 τινι
1154 1639 1402 1706 γενέσθαι
1435 1644 1620 1709 κακὸν,
1655 1644 1758 1698 κᾶν
1785 1647 1953 1717 μυρία

287 1715 641 1787 ταλαιπωρῇ,
692 1720 860 1783 κακὸς
911 1721 1063 1776 ἐσται
1089 1740 1104 1755 ·
1163 1725 1362 1795 μᾶλλον
1397 1727 1454 1781 δὲ
1499 1730 1618 1784 οὐδὲ
1650 1715 1818 1786 κακὸν
1858 1715 1950 1786 τὸν

287 1801 530 1856 τοιοῦτον
576 1802 723 1858 ἐστιν
778 1809 982 1870 εἰπεῖν,
1037 1811 1129 1864 τὸν
1182 1813 1273 1865 ὑπ’
1321 1815 1564 1887 ἀνάγκης
1612 1819 1746 1890 πρὸς
1793 1821 1950 1874 τοῦτο

285 1888 628 1982 ὠθούμενον..
656 1893 868 1982 ’ςσπερ
899 1897 1009 1967 γὰρ
1051 1886 1142 1952 τδν
1171 1886 1541 1972 δαιμονῶντα,
1571 1886 1674 1962 κᾶν
1715 1909 1944 1982 λοιδορῇ,

285 1972 394 2067 κάν
412 1974 590 2046 τύπτῃ
611 1977 795 2067 (πάλιν
824 1983 932 2053 γὰρ
952 1983 1028 2054 τῷ
1045 1985 1190 2058 αὺτῷ
1210 1989 1482 2062 κέχρημαι
1505 1972 1947 2067 παραδείγματιδ,

285 2063 352 2156 οὐ
383 2065 762 2156 προσεροῦμεν
792 2069 1071 2143 ὑϐριστήν·
1101 2076 1159 2128 οὐ
1190 2077 1298 2149 γὰρ
1327 2080 1473 2150 αὐτῷ
1503 2063 1826 2153 λογιζόμεθα
1853 2063 1948 2156 τῆν

287 2149 578 2223 λοιδορίαν,
618 2153 752 2207 ἀλλά
779 2160 844 2227 τῇ
875 2159 1086 2231 ἀνάγκῃ
1124 2163 1218 2215 τοῦ
1259 2149 1526 2235 δαίμονος·
1558 2149 1700 2224 οὕτω
1737 2174 1830 2226 καὶ
1857 2149 1947 2226 τδν

284 2237 479 2331 κακδν,
512 2241 560 2292 εί
721 2242 823 2312 τῆς
853 2245 1191 2318 εἱμαρμένης
1225 2250 1445 2306 ὠθεῖται
1485 2257 1622 2324 πρὸς
1651 2257 1825 2323 τοῦτο,
1870 2261 1945 2331 μὴ

281 2321 542 2392 καλῶμεν
575 2325 737 2379 αὐτὸν
784 2331 984 2394 κακὸν,
1016 2332 1202 2405 ὥσπερ
1247 2338 1369 2393 ούδέ
1411 2342 1501 2394 τὸν
1529 2321 1710 2396 -καλὺν

282 2407 398 2497 Kal
417 2409 524 2479 γὰρ
562 2411 611 2463 εί
635 2412 792 2465 τοῦτο
817 2414 993 2486 δοθείη
1018 2457 1032 2480 ,
1089 2420 1265 2474 πάντα
1300 2427 1698 2497 συγχυθήσεται
1731 2429 1799 2484 τὰ
1824 2432 1944 2485 καθ’

291 2494 450 2588 ἡμᾶς,
484 2498 576 2549 καὶ
612 2497 932 2588 οὕτεᾲάρετὴ
963 2503 1114 2559 ἔσται
1156 2525 1236 2574 τι,
1269 2509 1392 2564 οὔτε
1429 2494 1621 2580 κακία,
1645 2518 1706 2569 οὐ
1735 2517 1938 2588 τέχναι,

286 2581 345 2631 οὐ
373 2581 544 2652 νόμοι,
579 2584 680 2638 οὐκ
708 2586 836 2640 ἄλλο
879 2589 987 2644 τῶν
1013 2593 1264 2648 τοιούτων
1295 2599 1465 2654 οὐδέν.
1504 2602 1660 2664 Τίνος
1684 2604 1739 2656 δὲ
1763 2605 1942 2659 ἕνεκεν

289 2668 516 2761 σπουδὴν
548 2671 750 2761 πολλὴν
776 2676 1073 2747 ποιούμεθα
1111 2683 1408 2749 νοσοῦντες,
1438 2690 1531 2741 καὶ
1559 2691 1815 2761 χρήματα
1851 2693 1942 2746 δα-

290 2757 569 2848 πανῶμεν,
595 2760 689 2813 καὶ
737 2762 954 2834 ίατροὺς
993 2767 1282 2840 καλοῦμεν,
1334 2776 1426 2827 καὶ
1465 2757 1731 2848 φάρμακα
1769 2781 1941 2833 ἐπιτί-

293 2839 472 2936 (ia-p.811,
493 2845 584 2936 καλ
599 2849 832 2919 γαστρὸς
850 2839 1175 2925 κατέχομεν,
1187 2860 1280 2912 κα)⁵
1302 2839 1594 2931 ἐπιθυμίαν
1610 2865 1906 2936 κολάζομεν
1922 2885 1936 2934 ;

300 2926 363 2978 Et
387 2927 982 3020 yép-ﬁqﬁeipappévn;
1010 2943 1236 3014 ἡρτηται
1271 2950 1364 3000 καὶ
1413 2926 1591 3018 ὑγίεια
1621 2955 1714 3006 καὶ
1752 2926 1936 3020 νόσος,

296 3016 536 3112 περιττά-
562 3019 670 3112 τῶν
703 3025 1014 3112 Δχρημάτων
1057 3030 1125 3083 τά
1170 3016 1530 3105 ἀναλώματα,
1574 3041 1799 3112 περιττὴ

294 3101 544 3200 ίατρῶνρὴ
587 3107 785 3174 εἴσοδος
805 3153 817 3175 ,
861 3117 1086 3184 περιττὴ
1119 3119 1216 3189 τῆς
1248 3101 1365 3173 τῶν-
1396 3101 1691 3178 νοσούντων
1731 3101 1937 3200 διαίτης

285 3187 318 3244 ἠ
353 3189 618 3258 ἀκρίϐεια.
649 3195 763 3250 Νῦν
785 3197 839 3250 δὲ
875 3203 1013 3268 μετὰ
1049 3203 1156 3258 τῶν
1173 3187 1357 3259 ἀλλων
1387 3211 1480 3262 καὶ
1515 3213 1578 3263 ἐκ
1605 3213 1810 3268 τούτων
1840 3187 1936 3286 δη-

280 3273 608 3375 λοῦμεν.-ὂτι
640 3283 791 3338 οὐδὲν
839 3288 1017 3342 αὐτῶν
1054 3295 1304 3361 περιττόν
1353 3298 1519 3354 ἐστιν.
1560 3300 1699 3354 Ἀλλ’
1730 3273 1934 3375 οἴχεται

281 3361 561 3463 μὲΪ“ὸ.τῆ“ς
611 3371 947 3463 εἱμαρμένης
989 3376 1174 3446 μῦθοςσ
1213 3382 1436 3454 οὐδεμιᾷ
1473 3385 1582 3456 γὰρ
1619 3361 1830 3463 ἀνάγκη
1866 3397 1934 3448 τά

275 3449 397 3554 καθ’
429 3455 460 3522 ἡ
472 3456 578 3522 μᾶς
607 3457 908 3554 ὑπόκειται·
949 3465 1125 3518 πάντα
1158 3466 1231 3534 δὲ,
1265 3449 1446 3535 καθὼς
1472 3449 1629 3546 ἔφην,
1654 3449 1932 3554 ἐλεύθέρίᾳ

273 3539 560 3610 τετίμηται
590 3547 983 3618 προαιρέσεως.

335 3686 398 3740 δ’.
425 3689 587 3743 Ταῦτ’
616 3687 708 3746 οὖν
724 3695 943 3760 εἰδότες,
968 3698 1264 3768 ἀγαπητοὶ,
1288 3706 1381 3757 καὶ
1405 3705 1471 3760 τά
1486 3707 1688 3764 τούτων
1708 3712 1932 3769 πλείονα

269 3768 464 3836 (πολλά
511 3775 620 3844 γὰρ
667 3777 778 3829 ἐστι
817 3779 911 3831 καὶ
952 3781 1088 3834 ἄλλα
1122 3785 1249 3854 περὶ
1290 3787 1494 3841 τούτων
1539 3793 1750 3858 εἰπεῖν,
1795 3768 1932 3852 ἀλλά

264 3859 377 3922 τοῖς
440 3863 823 3933 συνετωτέροις
875 3867 1036 3938 ἀρκεῖ
1089 3871 1319 3943 ταῦτα),
1369 3875 1628 3949 φύγωμεν
1692 3885 1928 3948 κακίαν,

264 3942 543 4038 ἐλώμεθα-
562 3949 796 4038 ἀρετὴν,
836 3951 919 4005 ἵνα
967 3953 1228 4026 δείξωμεν
1278 3942 1928 4038 διά-τῶνπραγμάτων,

264 4031 343 4084 ὅτι
378 4033 723 4098 αὐτεξούσιον
749 4037 946 4108 ἔχομεν
972 4043 1108 4113 πρὸς
1138 4043 1208 4098 τά
1250 4045 1508 4104 δοκοῦντα
1548 4031 1646 4122 τῆν
1682 4031 1927 4128 γνώμην,

263 4117 344 4212 ῖνα
395 4120 472 4212 μὴ
495 4123 1003 4212 Δκαταισχυνθῶμεν
1050 4129 1108 4184 ἐν
1144 4134 1210 4204 τῇ
1249 4134 1433 4206 ἡμέρᾳ
1470 4139 1569 4209 τῆς
1602 4117 1716 4195 ’τῶν

259 4205 675 4297 ἀπρκαλύψεως.
717 4211 862 4277 Τοὺς
898 4215 1007 4284 γὰρ
1053 4230 1280 4285 πάντας
1324 4205 1484 4291 ἡμᾶς
1512 4205 1929 4297 ’φανερωθῆναι

259 4291 351 4345 δεῖ
374 4292 719 4360 ἔμπροσθεν
749 4299 852 4352 τοῦ
874 4299 1147 4370 βήματος
1171 4305 1278 4358 τοῦ
1308 4291 1584 4374 Χριστοῦ,
1611 4291 1793 4374 καθώς
1813 4291 1929 4385 ’φη-

264 4395 342 4431 σιν
373 4383 407 4433 ὁ
449 4381 680 4447 Παῦλος,
729 4386 830 4438 ἵνα
866 4390 1182 4457 κομίσηται
1221 4391 1478 4462 ἕκαστος
1513 4398 1663 4464 πρὸς
1708 4398 1746 4453 ἅ

261 4469 546 4538 ἔπραξεν,
601 4475 993 4564 είτενάγαθὸν,
1027 4483 1147 4536 εἴτε
1188 4488 1395 4541 κακόν.
1427 4487 1714 4560 Λάϐωμεν,
1745 4469 1924 4564 πῖαραί

260 4559 433 4620 καλῶ,
477 4562 616 4615 κατά
659 4563 782 4618 νοῦν
813 4567 986 4620 ἐκεῖνο
1028 4569 1088 4622 τὸ
1128 4570 1508 4644 δικαστήριον,
1554 4559 1646 4632 καὶ
1695 4581 1927 4650 νομίσω-

260 4659 355 4704 μεν
389 4645 523 4697 αὐτὸ
556 4651 803 4717 παρεῖναι
831 4649 924 4704 νῦν
944 4690 959 4715 ,
988 4654 1081 4705 καὶ
1111 4654 1203 4706 τὸν
1233 4658 1423 4729 κριτὴν
1450 4645 1769 4725 καθέζεσθαί
1794 4704 1808 4729 ,
1833 4668 1926 4720 καὶ

259 4728 322 4782 τὰ
361 4732 547 4784 πάντα
579 4735 1068 4804 ἀνακαλύπτεσθαι,
1110 4742 1202 4794 καὶ
1239 4746 1318 4806 είς
1361 4728 1524 4816 μέσον
1565 4728 1811 4817 ἄγεσθαι.
1851 4755 1925 4808 Οὐ

259 4817 362 4910 γὰρ
393 4818 578 4882 ἀπλῶς
602 4823 942 4894 παραστῆναι
961 4827 1060 4892 δεῖ,
1084 4829 1219 4882 ἀλλά
1243 4832 1332 4884 καὶ
1357 4837 1734 4908 φανερωθῆναι
1758 4841 1925 4910 ἡμᾶς.

257 4899 405 4976 Ἆρα
430 4908 529 4997 οὐκ
558 4909 950 4981 ἠρυθριάσατε;
987 4910 1094 4982 ἄρα
1125 4917 1225 4970 οὐκ
1256 4899 1541 4988 ἐφρίξατες
1582 4899 1689 4994 ἄρα
1712 4899 1810 4997 οὐχ
1838 4899 1924 4981 al—

261 4992 497 5062 ρούμεθα
539 4997 796 5062 πολλάκις
838 5001 1159 5067 ἀποθανεῖν,
1213 5005 1251 5074 ἦ
1286 5007 1378 5059 ἐπὶ
1425 5010 1593 5076 φίλων
1623 4992 1924 5085 -αίδεσίμων

258 5082 500 5150 πταῖσμα
525 5084 764 5153 κρυπτὸν
793 5087 948 5156 ἡμῶν
977 5091 1381 5162 φανερωθῆναι;
1409 5095 1530 5159 Πῶς
1552 5093 1644 5150 οὖν
1670 5100 1788 5151 τότε
1811 5102 1922 5154 δια-

256 5165 566 5236 κεισόμεθα,
601 5171 692 5222 ἐπὶ
723 5171 938 5227 πάντων
965 5175 1209 5243 ἀγγέλων
1244 5180 1338 5232 καὶ⁹
1374 5181 1587 5235 πάντων
1622 5186 1922 5257 ἀνθρώπων

259 5256 674 5347 φανερρυμένων
713 5259 819 5311 τῶν
862 5262 1144 5332 ἡμετέρων
1191 5266 1627 5337 ἁμαρτημάτων,
1679 5256 1771 5326 καὶ
1819 5278 1922 5347 πρὸ

255 5338 360 5391 τῶν
415 5339 705 5412 ὀφθαλμῶν
759 5346 915 5415 ἡμῶν
973 5349 1304 5419 ίσταμένων;
1367 5353 1628 5425 Ἐλέγξω
1667 5377 1742 5413 σε
1780 5338 1920 5434 γὰρ,

258 5427 423 5494 φησὶ,
491 5429 590 5482 καί
645 5433 1015 5501 παραστήσω
1083 5437 1231 5491 κατὰ
1280 5442 1603 5507 πρόσωπόν
1650 5462 1767 5500 σου
1794 5427 1922 5516 τάξ

256 5513 538 5601 ἁμαρτίας
580 5533 716 5572 σου.
761 5520 823 5572 Εί
861 5521 917 5573 δὲ
949 5523 1114 5592 μήπω
1135 5522 1228 5576 τοῦ
1263 5527 1584 5597 πράγματος
1628 5513 1918 5601 παρόντος,

257 5600 388 5653 ἀλλά
433 5603 554 5656 καθ’
590 5606 841 5660 ὑπόθεσιν
879 5609 1152 5672 δοθέντος.
1200 5613 1292 5666 καὶ
1329 5614 1469 5684 λόγῳ
1511 5600 1917 5690 διαγραφέντος,

256 5688 600 5761 ἀπολλύμεθα
646 5694 753 5748 ὑπὸ
797 5697 891 5750 τοῦ
951 5700 1280 5767 συνειδότος,
1335 5703 1386 5754 τί
1435 5708 1730 5777 ποιήσομεν
1789 5711 1915 5765 ὃταν

1437 307 1443 312 ’
1537 308 1624 364 DE
1665 307 2027 364 PERFECTA
2065 309 2436 365 CARlTATE.

3623 321 3745 382 28L

2068 425 2466 495 παραγένηται,
2531 426 2658 479 ὅταν
2712 428 2744 495 ἡ
2808 427 3096 496 οἰκουμένη
3154 431 3302 484 πᾶσα
3364 436 3542 503 παρῇ,
3599 434 3730 490 ὅταν

2061 515 2279 580 ἄγγελοι
2337 513 2432 565 καὶ
2494 513 2849 583 ἀρχάγγελοι,
2907 515 3034 568 ὅταν
3089 516 3248 585 ἀρχαὶ
3303 519 3396 572 καὶ
3454 518 3724 585 ἐξουσίαι,

2059 601 2186 654 ὅταν
2225 599 2520 668 σάλπιγγες
2557 601 2760 669 ἡχῶσιν
2787 603 2844 654 αί
2880 605 3116 671 συνεχεῖς
3159 605 3252 656 καὶ
3289 606 3597 676 ἐπάλληλοι,
3630 611 3727 662 καὶ

2059 685 2281 757 ἁρπαγὴ
2312 686 2420 739 τῶν
2443 687 2664 740 δικαίων
2694 688 2786 740 ἐπὶ
2813 689 3070 756 νεφελῶν,
3097 691 3191 742 καὶ
3220 690 3385 755 πολὺς
3405 693 3511 746 τῶν
3543 694 3724 764 ἡμαρ-

2055 775 2298 844 τηκότων
2321 775 2349 826 ὁ
2375 773 2678 844 κλαυθμὸς;
2707 776 2862 838 Ποῖος
2886 775 2993 844 ἄρα
3020 777 3181 845 φόϐος
3208 777 3318 842 ἒξει
3342 779 3459 831 τότε
3485 781 3608 842 τοὺς
3631 781 3724 834 ἐπὶ

2063 861 2154 930 τῆς
2188 861 2291 930 γῆς
2321 861 2719 930 ἀπομένοντας;
2749 865 2870 916 Μία
2892 864 3020 934 γὰρ,
3048 865 3230 935 φησὶν,
3263 863 3595 934 ἁρπάζεται,
3626 868 3721 920 καί

2047 949 2158 1014 μία
2183 947 2416 1014 ἀφίεται
2439 963 2455 977 ο
2482 947 2583 1000 καὶ
2610 943 2698 1014 εἷς
2727 950 3276 1020 παραλαμϐάνεται,
3303 953 3401 1006 καὶ
3428 949 3514 1020 εἷς
3543 972 3720 1008 κατα-

2052 1031 2428 1101 λιμπάνεται.
2459 1035 2555 1098 Τίς
2588 1035 2738 1089 ἐσται
2770 1038 2804 1107 ἡ
2831 1037 2977 1108 ψυχὴ
3007 1038 3252 1104 ἐκείνων,
3294 1040 3422 1094 ὅταν
3464 1042 3591 1104 τοὺς
3623 1043 3722 1112 μὲν

2052 1120 2249 1190 ὁρῶσιν
2290 1121 2670 1192 ἀπαγομένους
2715 1123 2854 1192 μετὰ
2889 1127 3054 1194 τιμῆς
3095 1125 3355 1195 μεγάλης,
3401 1128 3626 1191 ἐαυτοὺς
3663 1129 3720 1181 δὲ

2052 1207 2376 1277 ἀφιεμένους
2402 1209 2540 1278 μετὰ
2564 1208 2761 1279 πολλῆς
2788 1209 3083 1280 αίσχύνης;
3120 1212 3232 1264 Οὐκ
3261 1212 3424 1278 ἐστιν,
3461 1214 3558 1266 οὐκ
3582 1213 3716 1276 ἐστι,

2052 1293 2396 1358 πιστεύσατε,
2417 1297 2764 1365 παραστῆσαι
2789 1295 2929 1363 λόγῳ
2947 1297 3007 1348 τὸ
3025 1297 3212 1361 πάθος.
3232 1299 3410 1352 Είδετέ
3440 1317 3567 1353 ποτε
3592 1303 3717 1362 τοὺς

2049 1380 2426 1451 ἀπαγομένους
2466 1383 2558 1446 ἐπὶ
2595 1381 2856 1447 θάνατον;
2893 1383 3060 1438 Ποίαν
3096 1385 3275 1448 αὐτοῖς
3304 1386 3547 1455 νομίζετε
3579 1384 3716 1441 εἶναι

2048 1465 2146 1535 τὴν
2174 1465 2350 1536 ψυχὴν
2377 1466 2474 1536 τὴν
2509 1467 2670 1538 μέχρι
2707 1469 2804 1539 τῆς
2843 1470 3014 1540 πύλης
3042 1470 3159 1523 ὁδὸν
3187 1471 3488 1539 βαδίζουσις
3526 1474 3589 1525 Τί
3617 1475 3718 1526 ούκ

2049 1551 2116 1602 ἂν
2152 1550 2356 1603 εἵλοντο
2385 1553 2478 1604 καὶ
2519 1555 2740 1623 ποιῆσαι
2777 1554 2870 1606 καὶ¹
2907 1555 3118 1618 παθεῖν,
3157 1555 3294 1610 ῶστε
3339 1557 3714 1625 ἀπαλλαγῆναι

2046 1636 2148 1706 τῆς
2174 1636 2370 1706 ἀχλύος
2401 1638 2643 1708 ἐκείνης;
2673 1639 2816 1710 Ἐγὼ
2843 1642 3050 1694 πολλῶν
3081 1643 3287 1713 ἥκουσα
3314 1644 3575 1712 λεγόντων
3605 1644 3714 1697 τῶν

2047 1723 2426 1796 φιλανθρωπίᾳ
2459 1724 2708 1798 βασιλικῇ
2749 1728 2887 1798 μετά
2914 1728 3012 1800 τὴν
3037 1730 3338 1800 ἀπαγωγὴν
3366 1732 3446 1794 είς
3475 1732 3716 1786 τούπίσω

2046 1811 2474 1882 ἀνακληθέντων,
2515 1813 2596 1866 ὅτι
2627 1815 2746 1868 οὐδὲ
2781 1815 3100 1887 ἀνθρώπους
3134 1816 3318 1887 ἐώρων
3349 1819 3476 1880 τοὺς
3505 1819 3710 1890 ἀνθρώ-

2047 1912 2211 1962 πους,
2257 1899 2692 1971 τεθορυϐημένης
2734 1902 2834 1972 τῆς
2877 1903 3058 1972 ψυχῆς
3098 1903 3192 1957 καὶ
3235 1904 3708 1976 ἐκπεπληγμένης.

2045 1985 2153 2038 Καὶ
2180 1985 2232 2039 τί
2257 1985 2398 2054 λέγω
2435 1988 2562 2058 περὶ
2600 1988 2707 2042 τῶν
2737 1990 3128 2060 ἀπαγομένων;
3160 1992 3351 2062 Ὄχλος
3382 1993 3708 2062 περιέστηκε

2043 2075 2187 2138 τότε,
2233 2075 2282 2126 οί
2325 2073 2542 2136 πλείους
2580 2076 2679 2129 οὐκ
2721 2077 2920 2140 εἰδότες
2960 2077 3176 2142 αὐτούς.
3224 2079 3295 2133 Et
3323 2097 3406 2142 τις
3441 2081 3560 2144 ἐνὸς
3589 2081 3709 2134 τότε

2044 2160 2276 2212 ἑκάστου
2304 2160 2404 2230 τὴν
2434 2160 2612 2232 ψυχὴν
2648 2165 3098 2236 περιεσκόπησεν,
3133 2167 3306 2228 οὐδεὶς
3334 2165 3505 2230 οὕτως
3538 2168 3720 2236 ὠμὸς..

2041 2246 2213 2309 οὐδεὶς
2240 2261 2262 2285 ι
2295 2246 2438 2300 οὕτω
2469 2249 2692 2316 θρασὺς.
2720 2251 2891 2314 οὐδεὶς
2916 2251 3056 2306 οὕτω
3078 2257 3338 2322 γενναῖος,
3366 2255 3424 2308 ὃν
3456 2255 3517 2308 οὐ
3543 2272 3709 2309 κατα-

2041 2337 2391 2388 πεπτωκυῖαν
2419 2335 2586 2406 αὐτὴν
2610 2337 2803 2407 ἔχοντα
2826 2337 2974 2409 εὕροι
3002 2340 3096 2392 καὶ
3122 2343 3455 2412 παρειμένην
3486 2342 3590 2395 ὑπὸ
3611 2341 3708 2394 τοῦ

2041 2421 2204 2489 φόϐου
2240 2424 2332 2475 καὶ
2361 2423 2460 2492 τῆς
2499 2423 2755 2494 ἀθυμίας.
2799 2426 2860 2478 Εἰ
2891 2425 2947 2480 δέ
2981 2427 3182 2498 ἐτέρων
3216 2429 3621 2500 ἀναιρουμένων
3654 2433 3705 2484 οί

2041 2509 2207 2579 μηδὲν
2239 2510 2422 2573 αὐτοῖς
2451 2511 2829 2576 κοινωνοῦντες
2857 2511 2998 2566 οὕτω
3021 2513 3366 2577 διατίθενται,
3387 2516 3514 2570 ὅταν
3543 2519 3706 2586 ἡμεῖς

2036 2594 2187 2647 αὐτοὶ
2217 2598 2326 2658 τοῖς
2357 2595 2563 2665 μείζοσι
2589 2597 2990 2666 περιπέσωμεν,
3024 2600 3163 2662 τίνες
3187 2601 3296 2670 ἄρα
3323 2602 3578 2671 ἐσόμεθα,
3605 2605 3704 2674 τῆς

2039 2681 2137 2749 μὲν
2165 2683 2404 2752 ἀρρήτου
2439 2684 2610 2754 χαρᾶς
2638 2685 2850 2754 ἐκείνης
2876 2686 3344 2756 ἀποπεμπόμενοι,
3373 2689 3453 2751 είς
3479 2689 3702 2744 αίωνίαν

2034 2767 2090 2820 δὲ
2137 2769 2404 2839 τιμωρίαν
2452 2770 2974 2841 παραπεμπόμενοι;
3011 2773 3074 2825 Et
3106 2772 3214 2843 γάρ
3256 2775 3348 2826 καὶ
3389 2775 3580 2842 γέεννα
3626 2777 3704 2848 μὴ

2033 2849 2122 2923 ἦν,
2147 2855 2208 2907 τὸ
2232 2857 2295 2909 ἐκ
2317 2856 2581 2926 τοσαύτης
2608 2856 2986 2928 λαμπρότητος
3017 2860 3354 2931 ἀπωσθῆναι,
3386 2863 3478 2916 καὶ
3498 2863 3700 2933 ’ἄτιμον

2033 2940 2404 3011 ἀναχωρῆσαι,
2450 2943 2590 3012 πόση
2627 2943 2877 3010 κόλασις;
2917 2945 3026 2998 Καὶ
3061 2945 3168 3015 γάρ
3207 2948 3255 2998 εί
3293 2947 3408 3010 νῦν,
3441 2949 3702 3018 βασιλέως

2033 3027 2448 3094 εἰσελαύνοντος,
2463 3029 2788 3101 θεωροῦντες
2816 3032 3016 3092 πολλοὶ,
3043 3035 3136 3086 καὶ
3158 3034 3254 3106 τὴν
3282 3036 3487 3088 ἑαυτῶν
3514 3038 3700 3090 πενίαν

2032 3114 2354 3182 ἐννοοῦντες,
2373 3118 2432 3169 ού
2451 3117 2716 3186 τοσαύτην
2733 3119 2839 3171 ἀπὸ
2852 3120 2952 3190 τῆς
2969 3122 3094 3184 θέας
3109 3122 3469 3194 λαμϐάνουσιν
3488 3125 3700 3197 ἡδονὴν,

2031 3197 2163 3267 ὅσην
2204 3200 2313 3252 ἀπὸ
2349 3201 2442 3253 τοῦ
2480 3202 2706 3271 μηδενὸς
2739 3204 2984 3273 μετέχειν
3015 3205 3122 3260 τῶν
3168 3209 3294 3278 περὶ⁵
3325 3207 3416 3260 τὸν
3456 3208 3697 3279 βασιλέα,

2035 3286 2168 3356 μηδὲ
2198 3287 2364 3355 ἐγγὺς
2393 3285 2528 3341 εἶναι
2560 3289 2654 3342 τοῦ
2689 3291 3034 3361 κρατοῦντος,
3074 3293 3311 3365 ἀθυμίαν
3347 3296 3696 3366 ὑπομένουσι,

2028 3372 2081 3424 τί
2107 3373 2227 3425 τότε
2255 3373 2442 3434 ἐσταις
2478 3377 2545 3428 Ἦ
2583 3377 2784 3445 μικράν
2815 3373 2949 3431 εἶναι
2984 3379 3230 3450 νομίζετε
3268 3382 3489 3436 κόλασιν
3527 3383 3588 3436 τὸ
3623 3384 3697 3454 μὴ

2027 3459 2451 3514 κατατάττεσθαι
2483 3464 2541 3514 ἐν
2573 3464 2762 3534 ἐκείνῳ
2791 3464 2867 3534 τῷ
2894 3465 3072 3536 χορῷς
3109 3466 3168 3519 τὸ
3206 3467 3282 3539 μὴ
3313 3467 3696 3536 καταξιοῦσθαι

2024 3546 2122 3616 τῆς
2140 3546 2452 3619 ἀπορρήτου
2469 3547 2654 3621 δόξης;
2671 3550 2730 3603 τὸ
2746 3550 2842 3621 τῆς
2860 3555 3215 3626 πανηγύρεως
3234 3555 3448 3626 ἐκείνης
3475 3559 3568 3609 καὶ
3588 3556 3696 3611 τῶν

2026 3633 2318 3702 ἀφράστων
2347 3635 2568 3703 ἀγαθῶν
2596 3638 2784 3708 πόρρω
2813 3656 2913 3691 που
2949 3642 3043 3693 καὶ
3079 3643 3294 3713 μακράν
3327 3643 3694 3716 ἀπεῤῥῖφθαις

2029 3719 2194 3773 Ὅταν
2220 3722 2276 3774 δὲ
2301 3723 2398 3776 καὶ⁸
2430 3724 2616 3786 σκότος
2640 3720 2696 3797 ᾖ,
2727 3727 2818 3778 καὶ
2849 3725 3088 3798 βρυγμὸς
3114 3729 3359 3795 ὀδόντων,
3398 3731 3491 3784 καὶ
3520 3733 3696 3801 δεσμὰ

2027 3805 2178 3878 [293]
2210 3809 2405 3874 ἄλυτα,
2449 3813 2542 3864 καὶ
2584 3813 2798 3884 σκώληξ
2835 3815 3214 3885 ἀτελεύτητος,
3250 3819 3343 3871 καὶ
3386 3819 3494 3891 πῦρ
3534 3819 3694 3872 ἄσϐεε

2028 3909 2170 3958 στον,
2201 3895 2295 3948 καὶ¹
2326 3895 2502 3964 θλίψις
2530 3899 2624 3950 καὶ
2656 3902 3001 3971 στενοχωρία,
3027 3905 3118 3954 καὶ
3147 3902 3385 3970 γλῶσσαι
3409 3905 3694 3975 τηγανιζό-

2030 4001 2210 4053 μεναι,
2245 3984 2495 4054 καθάπερ
2527 3988 2560 4056 ἡ
2592 3985 2686 4038 τοῦ
2717 3987 2989 4054 πλουσίου,
3025 3992 3121 4043 καὶ
3158 3990 3570 4063 όλοφυρώμεθα,
3601 3996 3694 4046 καὶ

2029 4069 2214 4139 μηδεὶς
2253 4070 2446 4143 ἀκούῃ,
2496 4073 2584 4127 καὶ
2625 4073 2916 4143 στένωμεν,
2969 4077 3062 4128 καὶ
3106 4077 3392 4147 βρύχωμεν
3439 4079 3544 4130 ὑπὸ
3584 4080 3695 4134 τῶν-

2025 4156 2353 4226 ἀλγηδόνων,
2393 4159 2484 4210 καὶ
2519 4159 2707 4230 μηδεὶς
2736 4162 2995 4233 προσέχῃ,
3045 4165 3137 4216 καὶ
3181 4165 3454 4235 πανταχοῦ
3485 4165 3690 4235 βλέπω-

2028 4258 2148 4311 μεν,
2175 4245 2268 4296 καὶ
2299 4243 2546 4315 μηδαμοῦ
2581 4246 2768 4317 μηδεὶς
2793 4249 2822 4300 ὁ
2851 4249 3332 4320 παραμυθούμενος
3418 4267 3430 4280 ⁸
3464 4252 3564 4305 ποῦ
3599 4254 3692 4306 τά-

2026 4328 2186 4396 ξομεν
2227 4332 2351 4394 τοὺς
2392 4333 2448 4384 ἐν
2489 4332 2695 4396 τούτοις
2720 4334 2908 4400 (BV-lac;
2943 4336 3075 4388 τίδὲ
3112 4338 3331 4392 ἐκείνων
3367 4338 3689 4410 ἀθλιώτερον

2022 4417 2130 4469 τῶν
2154 4417 2367 4487 ψυχῶν;
2395 4420 2448 4472 τί
2480 4419 2536 4472 δὲ
2563 4419 2915 4492 ἐλεεινότερον
2937 4440 2950 4489 ;

2094 4511 2156 4558 ε’.
2177 4506 2234 4557 Εἰ
2248 4506 2304 4558 δέ
2321 4507 2398 4569 είς
2410 4506 2776 4578 δεσμωτήριον
2789 4511 3062 4576 εἰσιόντες,
3077 4513 3309 4578 καὶτοὺς
3326 4515 3426 4584 μὲν
3441 4517 3694 4590 αὐχμῶν-

2023 4609 2120 4656 τας
2149 4591 2398 4663 ὁρῶντες,
2430 4595 2557 4656 τοὺς
2588 4593 2644 4646 δὲ
2685 4595 2927 4667 σιδηραῖς
2956 4597 3174 4651 ἁλύσεσι
3199 4599 3530 4670 δεδεμένους,
3562 4608 3687 4669 τοὺς

2022 4679 2077 4733 δὲ
2107 4681 2281 4750 σκότῳ
2309 4681 2884 4752 κατακεκλασμένους,
2916 4684 3335 4756 κατακλώμεθα,
3370 4690 3684 4760 φρίττομεν,

2022 4769 2196 4821 πάντα
2245 4770 2554 4840 πράττομεν
2593 4770 2732 4840 ὑπὲρ
2777 4771 2875 4823 τοῦ
2904 4773 2982 4842 μὴ
3025 4774 3284 4842 ἐμπεσεῖν
3317 4777 3397 4838 είς
3433 4778 3686 4848 τοιαύτην

2021 4855 2263 4925 ἀνάγκην
2295 4855 2389 4909 καὶ
2423 4855 2597 4924 θλίψιν
2622 4874 2635 4888 ο
2667 4857 2794 4909 ὅταν
2825 4857 3164 4928 ἁπαγώμεθα
3205 4862 3285 4923 είς
3327 4863 3466 4916 αὐτὰ
3492 4865 3561 4919 τά
3588 4868 3685 4936 τῆς

2020 4941 2242 5012 γεέννης
2290 4943 2680 5013 βασανιστήρια
2720 4943 3010 5012 δεδεμένοι,
3054 4945 3190 5010 τίνες
3229 4948 3490 5019 ἐσόμεθα;
3533 4953 3586 5006 τί
3627 4953 3683 5006 δὲ

2021 5029 2327 5101 πράξομεν;
2359 5031 2433 5082 Οὐ
2459 5030 2568 5101 γὰρ
2593 5033 2655 5083 ἐκ
2685 5031 2899 5101 σιδήρου
2927 5031 2996 5084 τά
3018 5033 3190 5103 δεσμὰ
3215 5036 3416 5104 ἐκεῖνα,
3441 5039 3554 5093 ἀλλ’
3577 5041 3684 5095 ἀπὸ

2021 5118 2188 5186 πυρός
2211 5118 2347 5169 εἰσιν
2371 5117 2622 5169 οὐδέποτε
2649 5117 3028 5187 σϐεννυμένου,
3057 5121 3174 5174 οὐδὲ
3199 5124 3448 5196 όμότιμοί
3466 5145 3609 5192 τινες
3633 5131 3681 5181 οί

2019 5203 2319 5271 ἐφεστῶτες
2335 5205 2484 5273 ἡμῖν,
2509 5202 2602 5266 οὒς
2619 5203 2710 5256 καί⁵
2727 5205 3131 5274 ἐκμειλίξασθαι
3160 5211 3416 5275 πολλάκις
3442 5215 3541 5276 ενι,
3563 5216 3679 5268 ἀλλ’

2018 5290 2237 5357 ἄγγελοι
2283 5289 2500 5359 φοϐεροὶ
2542 5293 2634 5343 καὶ
2677 5293 3036 5361 ἀσυμπαθεῖς,
3086 5291 3167 5360 οἷς
3206 5298 3324 5350 ούδέ
3364 5300 3680 5369 ἀντιϐλέψαι

2017 5375 2258 5455 δυνατὸν,
2296 5376 2536 5447 σφοδρῶς
2569 5378 2707 5448 ὑπὲρ
2743 5372 2816 5431 ὧν
2846 5380 2932 5431 τὸν
2964 5383 3238 5454 Δεσπότην
3267 5383 3564 5453 ύϐρίσαμεν
3587 5387 3680 5455 ὀρ-

2018 5451 2312 5534 γιζόμενοι.
2351 5465 2463 5519 υύκ
2491 5465 2623 5530 ἔστι,
2659 5466 2905 5539 καθάπερ
2936 5451 3350 5534 ἐνταῦθα,⁷τοὺς-
3378 5451 3477 5540 μὲν
3503 5451 3678 5543 ἀργύ-

2085 5657 2108 5684 ⁸
2133 5657 2214 5705 Sic
2250 5658 2462 5723 Colhert.
2509 5657 2560 5707 In
2603 5661 2748 5711 Savﬂ.
2775 5670 2940 5712 autem
2981 5665 3145 5711 οὐδένα
3170 5663 3317 5716 οὕτως
3351 5662 3499 5723 ὠμὸν,
3543 5662 3675 5713 οὐδείς

2023 5735 2098 5779 να,
2124 5731 2243 5780 elo,
2264 5722 2331 5771 ita
2353 5728 2406 5771 ut
2427 5725 2672 5774 sententia
2693 5725 2982 5788 hperfecta
3003 5730 3153 5772 esset.
