4090 6216
381 317 486 374 285

375 449 511 506 ριον,
541 433 666 498 τοὺς
691 434 748 488 δέ
775 433 1011 506 τροφὰς,
1044 434 1168 497 τοὺς
1199 433 1256 486 δέ
1283 434 1474 502 λόγους
1510 434 1826 502 εἰσάγοντας
1862 449 2042 504 παρα-

1152 320 1210 374 S.
1247 317 1534 374 JOANNIS
1571 317 2062 375 CHRYSOSTOMI
2097 316 2415 374 ARCHIEP.
2450 320 2995 378 CONSTANTINOP.

3703 313 3816 371 286

2219 435 2279 500 ς’.
2306 434 2543 489 Τοῦτοδέ
2565 437 2748 508 ἡλίκον
2772 438 2939 500 ἐστὶν,
2961 433 3205 488 ἐντεῦθεν
3221 430 3505 502 εἰσόμεθαο
3533 427 3731 499 μᾶλλον
3754 429 3816 482 δέ

374 496 666 589 κλητικούς
717 496 863 586 ἰδεῖν,
888 496 1004 574 ’καί
1051 496 1403 591 παραμυθίας
1442 496 1656 590 τυχεῖν,
1686 496 1820 574 ἀλλά
1866 496 2118 574 nd;va
2149 496 2334 588 σαφῶς
2365 521 2465 592 μέν
2500 496 2796 592 οὐδαμόθεν
2823 496 3079 593 εἰσόμεθα
3108 535 3121 551 °
3156 496 3380 572 ὥστεδέ
3408 515 3516 570 ἀπὺ
3535 496 3650 568 τῶν
3679 514 3815 585 παρ’

370 608 491 660 ἐκεῖ
525 606 904 676 ἀσύγγνωστα.
939 608 1059 663 Κάν
1097 609 1222 662 Νῶε
1261 605 1318 681 ᾗ,
1361 608 1464 662 κάν
1495 607 1636 671 Ἰὼϐ,
1679 609 1782 663 κάν
1822 608 2040 678 Δανιὴλ,

372 694 468 748 καὶ
497 695 624 759 τοὺς
659 696 891 759 οἰκείους
914 697 1062 750 ἴδωσι
1089 696 1500 767 κολαζομένους,
1527 699 1587 751 οὐ
1612 697 1849 768 τολμῶσι
1873 715 2044 768 παρα-

371 780 581 852 στῆναι,
609 783 702 836 καὶ
732 786 889 855 χεῖρα
915 783 1118 854 ὀρέξαι.
1153 785 1261 837 Καὶ
1291 786 1399 856 γὰρ
1433 786 1532 857 τὴν
1564 786 1630 839 ἐκ
1658 787 1871 856 φύσεως
1901 803 2040 855 συμ-
2087 788 2096 802 ¹

369 866 601 922 πάθειαν
629 869 968 940 ἀναιρεῖσθαι
999 871 1121 923 τότε
1153 871 1460 941 συμϐαίνει,
1499 871 1717 942 Ἐπειδὴ
1749 871 1858 942 γὰρ
1889 871 2038 942 εὑρί-

371 970 589 1008 σκονται
618 954 816 1009 δίκαιοι
843 957 1050 1012 τέκνων
1076 958 1415 1028 ἁμαρτωλῶν
1441 960 1696 1030 πατέρες,
1730 960 1823 1012 καί⁵
1851 959 2046 1026 παῖδες,

365 1039 564 1108 ἀγαθοὶ
583 1040 788 1109 γονέων
810 1042 1062 1114 πονηρῶν
1086 1043 1166 1113 (οὐ
1188 1042 1294 1116 γὰρ
1321 1044 1533 1113 φύσεώς
1556 1047 1719 1108 ἐστιν,
1742 1043 1876 1098 ἀλλά
1900 1043 2038 1112 γνώ-

369 1142 479 1195 μης
508 1127 578 1180 τά
604 1127 793 1198 κακά),
824 1127 965 1182 ὥστε
1003 1128 1252 1199 καθαρὰν
1277 1131 1460 1194 αὐτοῖς
1485 1127 1622 1185 εἶναι
1647 1130 1745 1201 τὴν
1772 1129 2039 1202 εὐφροσύ-

365 1227 483 1282 νην,
520 1213 615 1266 καί
653 1213 728 1284 μή
768 1217 837 1286 τῇ
877 1216 976 1287 τῆς
1023 1215 1364 1286 συμπαθείας
1403 1217 1614 1287 ἀνάγκῃ
1664 1215 2035 1270 κατακλᾶσθαι

363 1299 490 1362 τοὺς
537 1299 908 1364 ἀπολαύοντας
949 1300 1060 1355 τῶν
1105 1301 1324 1370 ἀγαθῶν
1375 1303 1630 1369 ἐκείνων,
1684 1304 1778 1356 καὶ
1831 1303 2036 1374 ταύτην

366 1383 690 1439 σϐέννυσθαι
718 1387 841 1440 τότε
868 1386 1005 1454 ἐστὶ,
1032 1388 1126 1441 καὶ
1157 1389 1354 1452 αὐτοὺς
1379 1391 1809 1458 συναγανακτεῖν
1835 1390 1914 1460 τῷ
1940 1392 2037 1442 Δε-

366 1470 541 1544 σπότῃ
581 1473 721 1526 κατά
767 1473 875 1526 τῶν
915 1474 1130 1526 οἰκείων
1173 1475 1512 1545 σπλάγχνων.
1558 1477 1618 1531 Εἰ
1661 1477 1770 1548 γὰρ
1815 1479 1908 1532 καὶ
1939 1478 2035 1532 νῦν

360 1572 527 1624 τινες,
560 1557 691 1612 ὅταν
717 1558 867 1612 ἴδωσι
887 1559 1120 1628 φαύλους
1141 1562 1266 1625 τοὺς
1288 1563 1464 1616 αὐτῶν
1486 1562 1698 1628 παῖδας,
1724 1565 2035 1636 ἀποκηρύτ-

358 1658 534 1710 τουσι,
573 1644 664 1698 καὶ
696 1647 792 1713 τῆς
833 1646 1150 1716 συγγενείας
1188 1649 1580 1719 ἀποτέμνουσι,
1620 1652 1801 1723 πολλῷ
1835 1653 2033 1723 μᾶλλον

360 1728 422 1782 ἐν
447 1731 514 1800 τῇ
558 1731 735 1802 κρίσει
767 1731 924 1785 τοῦτο
965 1735 1274 1804 γενήσεται.
1315 1733 1614 1807 Τοιγαροῦν
1649 1739 1838 1809 μηδεὶς
1877 1739 2032 1793 ἐλπι-

360 1814 519 1878 ζέτω,
549 1817 760 1887 χρηστά
784 1819 858 1890 μὴ
883 1820 1278 1891 ἐργασάμενος,
1299 1823 1355 1875 τί
1386 1824 1639 1894 χρηστὸν,
1670 1825 1771 1879 κᾶν
1804 1828 2032 1897 μυρίους

358 1902 458 1976 ἔχῃ
481 1905 778 1975 προγόνους
797 1906 1056 1972 δικαίους.
1079 1909 1371 1978 ’Ἕκαστος
1389 1913 1500 1982 γὰρ
1522 1914 1848 1983 κομίσεται,
1873 1917 2028 1986 φησὶ,

356 1988 432 2042 τὰ
462 1988 560 2044 διὰ
595 1989 706 2045 τοῦ
742 1991 1036 2062 σώματος,
1068 1995 1218 2063 πρὸς
1247 1996 1287 2051 d
1321 1998 1600 2066 ἔπραξεν,
1636 2001 1756 2054 εἶτε
1783 2001 2027 2070 ἀγαθὸν,

353 2075 477 2130 alta
515 2080 728 2134 κακόν.
764 2079 1132 2151 Ἀκούσωμεν,
1165 2085 1485 2155 παρακαλῶ,
1516 2087 1610 2140 καὶ
1643 2089 2026 2160 σωφρονῶμεν.

315 2238 317 2240 _
359 2163 456 2216 Ἂν
483 2163 595 2236 πῦρ
621 2164 752 2238 ἔχῃς
769 2167 1062 2238 ἐπιθυμίας
1083 2173 1344 2242 πονηρᾶς,
1370 2173 1618 2244 ἐννόησον
1638 2175 1736 2245 τῆς
1757 2176 2029 2240 κολάσεως

353 2248 569 2320 ἐκείνης
588 2249 650 2304 τὸ
668 2250 800 2322 πῦρ,
829 2253 923 2306 καὶ
949 2255 1106 2308 τοῦτο
1133 2257 1499 2312 κατασϐεσθὲν
1525 2259 1750 2330 οἴχεται.
1786 2263 1881 2314 "Av
1907 2261 2031 2332 βου-

351 2333 521 2407 ληθῇς
543 2335 875 2406 φθέγξασθαί
907 2357 961 2394 τι
997 2341 1103 2397 τῶν
1132 2342 1368 2408 ἀτόπων,
1393 2345 1644 2417 ἐννόησον
1667 2348 1758 2401 τὸν
1784 2347 2026 2419 βρυγμὸν

351 2436 460 2492 τῶν
495 2438 743 2505 ὀδόντων,
783 2442 877 2496 καὶ
905 2443 1122 2514 χαλινὸς
1157 2445 1308 2500 ἔσται
1342 2465 1424 2500 σοι
1463 2449 1754 2518 φόϐος.“Αν
1781 2453 2025 2523 ἁρπάσαι

351 2523 605 2601 θελήσῃς,
631 2527 861 2582 ἄκουσον
888 2529 981 2583 τοῦ
1014 2531 1266 2586 δικαστοῦ
1289 2534 1556 2602 λέγοντος,
1578 2529 2025 2602 Δήσατεάὐτοῦ

348 2613 551 2682 χεῖρας
575 2614 673 2668 καί
696 2614 906 2681 πόδας,
930 2617 1028 2671 καὶ
1047 2617 1272 2681 ,βάλετε
1298 2621 1484 2674 αὐτὸν
1509 2623 1596 2688 είς
1624 2623 1690 2676 τὸ
1719 2624 1936 2690 σκότος
1955 2628 2023 2680 τὸ

347 2699 657 2768 ἐξώτερον,
683 2701 778 2754 καὶ
801 2703 1004 2773 ταύτην
1028 2704 1277 2768 ἐκϐαλεῖς
1297 2705 1394 2777 τὴν
1415 2707 1724 2779 ἐπιθυμίαν.
1754 2712 1850 2764 "Av
1875 2713 2023 2782 ὠμὸς

349 2788 446 2842 καὶ
475 2786 789 2858 ἀνελεήμων
817 2787 906 2864 ᾖς,
935 2790 1308 2862 ἀναμνήσθητι
1333 2794 1442 2846 τῶν
1467 2795 1751 2866 παρθένων
1777 2800 2017 2865 ἐκείνων,

347 2871 427 2938 αῖ,
468 2872 575 2926 τῶν
617 2873 912 2945 λαμπάδων
946 2877 1123 2932 αὐτῶν
1165 2879 1489 2934 σϐεσθεισῶν
1528 2882 1616 2936 διὰ
1656 2885 1717 2937 τὸ
1763 2886 1837 2957 μὴ
1878 2886 2022 2958 ἔχειν

345 2958 548 3026 ἔλαιον,
575 2959 670 3015 τοῦ
709 2963 994 3034 νυμφῶνος
1021 2964 1298 3034 ἐξέπεσον,
1329 2967 1423 3021 καὶ
1454 2970 1663 3043 ταχέως
1695 2970 1794 3043 ἔσῃ
1832 2975 2019 3042 φιλάν-

345 3045 585 3119 θρωπος.
616 3049 713 3103 Ἂν
744 3050 964 3122 μεθύειν
992 3053 1086 3107 καὶ⁴
1114 3056 1326 3125 τρυφᾷν
1352 3040 1646 3128 ἐπιθυμῇς,
1673 3040 1900 3113 ἄκουσον
1925 3061 2019 3115 τοῦ

346 3134 601 3190 πλουσίου
635 3137 902 3207 λέγοντος,
926 3140 1176 3210 Πέμψον
1200 3141 1484 3211 Λάζαρον,
1523 3144 1610 3197 ῖνα
1644 3145 1798 3217 ἄκρῳ
1825 3147 1902 3218 τῷ
1928 3149 2020 3202 δα-

345 3221 526 3294 κτύλῳ
565 3224 848 3298 καταψύξῃ
896 3227 994 3299 τὴν
1029 3230 1461 3302 τηγανιζομένην
1505 3231 1776 3302 γλῶσσαν,
1819 3235 1914 3289 καὶ
1958 3237 2018 3289 οὐ

341 3309 701 3380 τυγχάνοντος
733 3313 832 3381 τῆς
854 3314 1142 3384 αἰτήσεως,
1170 3317 1264 3370 καὶ
1279 3318 1485 3388 ταχέως
1500 3321 1786 3392 ἀποστήσῃ
1801 3322 1894 3374 τοῦ
1914 3323 2020 3376 πάο

343 3396 468 3461 θους
499 3396 672 3470 [29η.
717 3399 828 3453 Καὶ
857 3401 926 3453 τὰ
969 3401 1104 3455 ἀλλα
1134 3403 1191 3456 δέ
1225 3403 1403 3457 πάντα
1438 3404 1614 3476 τούτῳ
1655 3407 2018 3480 κατορθώσεις

339 3482 420 3552 τῷ
445 3484 632 3555 τρόπῳ
660 3498 674 3512 ⁸
706 3484 860 3539 οὐδὲν
890 3487 999 3557 γάρ
1026 3487 1281 3558 φορτικὸν
1319 3489 1580 3556 ἐπέταξεν
1605 3493 1633 3544 ό
1656 3491 1807 3556 Θεός.
1846 3495 2018 3549 Πόθεν

339 3564 434 3622 οὖν
462 3570 695 3643 φορτικά
734 3570 982 3640 φαίνεται
1022 3573 1092 3626 τὰ
1130 3574 1515 3646 ἐπιτάγματα;
1546 3577 1682 3631 ’Λπὸ
1718 3579 1819 3650 τῆς
1852 3580 2018 3652 ῥᾳθυ-

341 3657 472 3725 μίας
501 3657 599 3728 τῆς
629 3657 922 3730 ἡμετέρας.
957 3659 1167 3730 Ὠσπερ
1194 3660 1323 3730 γάρ,
1359 3661 1454 3714 ἐὰν
1489 3664 1895 3736 σπουδάζωμεν,
1922 3670 2016 3722 καὶ

335 3743 408 3798 τά
443 3744 702 3798 δοκοῦντα
741 3745 913 3816 βαρέα
952 3746 1128 3816 κοῦφα
1165 3747 1319 3802 ἔσται
1359 3750 1454 3802 καὶ
1492 3750 1669 3822 ῥᾴδια,
1698 3751 1892 3819 οὕτως,
1920 3755 2015 3809 ἐάν

340 3847 693 3920 ρᾳθυμῶμεν,
715 3850 809 3904 καὶ
825 3851 892 3904 τὰ
911 3851 1121 3926 φορητά
1144 3854 1390 3920 φανεῖται
1409 3853 1644 3909 δύσκολα
1663 3857 1815 3927 ἡμῖν.
1837 3858 2014 3932 ’Ἂπερ

335 3932 554 3990 ἅπαντα
577 3936 944 4010 λογισάμενοι,
978 3939 1052 4013 μὴ
1087 3940 1214 4003 τοὺς
1244 3941 1567 4012 τρυφῶντας
1601 3944 2010 4016 μακαρίζωμεν,

332 4019 471 4073 ἀλλά
490 4021 552 4074 τὸ
570 4021 722 4086 τέλος
743 4022 921 4079 αὐτῶν
951 4025 1240 4096 ἐννοῶμεν.
1261 4027 1274 4048 ’
1289 4027 1534 4082 Ενταῦθα
1560 4029 1658 4099 μὲν
1683 4032 1792 4101 γὰρ
1811 4032 2013 4102 κόπρος

334 4106 433 4163 καὶ
473 4108 833 4182 πολυσαρκία,
869 4113 986 4165 ἐκεῖ
1011 4111 1068 4166 δὲ
1100 4111 1318 4184 σκώληξ
1342 4113 1436 4168 καὶ
1477 4114 1606 4186 πῦρ.
1637 4117 1730 4186 Μὴ
1757 4119 1882 4181 τοὺς
1911 4120 2012 4189 ἀρ-

333 4195 626 4263 τιάζοντας,
665 4197 802 4250 ἀλλά
830 4198 884 4253 τί
911 4199 973 4252 τὸ
1000 4198 1153 4264 τέλος
1183 4201 1383 4255 αὐτῶν.
1428 4202 1695 4256 Ἐνταῦθα
1734 4205 2012 4275 φροντίδες

331 4301 428 4357 καὶ
461 4301 636 4370 πόνοι,
680 4305 798 4359 ἐκεῖ
840 4303 1015 4375 δεσμά
1055 4304 1224 4362 ἄλυτα
1256 4305 1351 4360 καὶ
1388 4305 1577 4370 σκότος
1605 4306 1888 4379 ἐξώτερον.
1917 4309 2010 4382 Μὴ

328 4391 457 4453 τοὺς
497 4388 652 4460 δόξης
679 4390 942 4460 ἐρῶντας,
986 4390 1122 4445 ἀλλά
1153 4392 1206 4446 τί
1235 4391 1296 4446 τὺ
1327 4392 1479 4456 τέλος
1506 4393 1703 4449 αὐτῶν.
1747 4395 2010 4450 Ἐνταῦθα

329 4475 543 4530 δουλεία
569 4477 664 4530 καὶ
692 4478 963 4548 εἰρωνεία,
993 4480 1108 4532 ἐκεῖ
1139 4478 1311 4550 ζημία
1339 4481 1504 4550 πολλὴ
1546 4483 1639 4536 καὶ
1667 4482 1728 4534 τὸ
1763 4483 2005 4556 διηνεκὲς

328 4563 746 4635 ἐμπυρίζεσθαι.
769 4565 865 4618 Ἂν
887 4565 1058 4628 οὕτως
1077 4568 1288 4630 ἐαυτοίς
1309 4567 1701 4638 διαλεγώμεθα,
1724 4573 2007 4626 καὶταῦτα

328 4651 521 4707 καὶτὰ
545 4650 769 4705 τοιαῦτα
802 4651 1039 4724 συνεχῶς
1072 4653 1362 4725 ἐπᾴδωμεν
1393 4657 1510 4716 ταῖς
1553 4661 1816 4727 πονηραῖς
1850 4659 2005 4728 ήμῶν

326 4741 663 4812 ἐπιθυμίαις,
696 4741 907 4813 ταχέως
933 4741 1026 4796 καὶ
1059 4741 1258 4796 κακίαν
1293 4741 1643 4812 ἐκφύγωμεν,
1681 4744 1775 4797 καὶ
1805 4747 2004 4817 ἀρετὴν

326 4828 770 4901 κατορθώσομεν,
805 4830 900 4885 καί
930 4829 1022 4882 τὸν
1056 4828 1166 4882 τῶν
1194 4827 1476 4901 παρόντων
1502 4829 1680 4900 ἔρωτα
1713 4831 2000 4904 σϐέσομεν,

326 4917 421 4970 καὶ
451 4917 544 4970 τὸν
576 4918 684 4970 τῶν
727 4918 1029 4989 μελλόντων
1065 4917 1362 4987 ἀνάψομεν.
1406 4918 1471 4971 Τί
1503 4919 1610 4988 γὰρ
1642 4919 1756 4990 ἔχει
1797 4921 1867 4976 τὰ
1901 4940 2004 4976 πα-

328 5003 491 5074 ρόντα
526 5004 761 5074 βέϐαιον,
787 5005 820 5076 ἢ
853 5005 904 5058 τί
933 5006 1082 5072 ξένον
1108 5005 1197 5058 καὶ
1231 5006 1553 5077 παράδοξον,
1582 5009 1662 5064 ὅτι
1693 5011 1870 5063 πᾶσαν
1902 5011 2002 5082 τὴν

326 5092 560 5162 σπουδὴν
587 5093 666 5154 είς
696 5092 834 5146 αὐτά
859 5092 1267 5164 ἀναλίσκωμεν;
1294 5095 1427 5166 Οὐχὶ
1453 5096 1519 5148 τά
1549 5083 1689 5150 αὐτὰ
1711 5097 1999 5164 διαπαντὸς

321 5179 538 5250 ὁρῶμεν
567 5166 1168 5250 ἀνακυκλούμενα,οἴον
1219 5182 1402 5254 ήμέρα
1448 5183 1541 5238 καί
1591 5184 1705 5253 νὺξ,
1757 5187 1851 5252 νὺξ
1904 5187 1998 5240 καὶ

268 5331 275 5338 ,
318 5269 522 5338 ἡμέρα,
553 5265 760 5338 χειμὼν
789 5268 884 5321 καὶ
917 5268 1093 5341 θέρος,
1130 5269 1285 5340 θέρος
1314 5270 1408 5323 καὶ
1446 5269 1669 5341 χειμὼν,
1704 5271 1798 5324 καὶ
1837 5270 1996 5324 πλέον

317 5356 501 5424 ούδέν;
551 5353 871 5426 Ἀνάψωμεν
913 5356 1089 5411 τοίνυν
1139 5356 1247 5413 τῶν
1295 5356 1591 5427 μελλόντων
1637 5356 1854 5426 ἀγαθῶν
1902 5357 1994 5412 τὸν

319 5444 504 5500 πόθον.
545 5444 770 5514 Μεγάλη
815 5443 924 5515 γὰρ
967 5443 1254 5498 ἀπόκειται
1291 5444 1417 5512 δόξα
1452 5449 1562 5508 τοῖς
1604 5445 1830 5508 δικαίοις
1852 5485 1867 5509 ,
1899 5447 1993 5500 κα)⁸

316 5533 385 5602 ἣν
411 5533 512 5588 οὐκ
539 5532 619 5586 ἐνι
647 5532 994 5605 παραστῆσαι
1018 5531 1180 5604 λόγῳ.
1213 5531 1295 5586 Τά
1324 5531 1431 5604 γὰρ
1464 5531 1692 5603 σώματα
1723 5533 1861 5604 μετά
1891 5533 1990 5604 τὴν

315 5623 608 5678 ἀνάστασιν
671 5619 1033 5684 ἀπολαϐόντες
1087 5617 1362 5695 ἄφθαρτα,
1424 5619 1833 5691 συνδοξάςονται
1901 5623 1990 5676 καί

319 5709 772 5781 συμϐασιλεύουσι
801 5709 876 5782 τῷ
906 5707 1146 5781 Χριστῷ.

2146 608 2277 677 ἡμῖν
2306 610 2528 678 ἀγαθῶν
2555 610 2894 682 ἀναχθέντες,
2925 607 3126 681 μικρὰν
3149 605 3277 676 γοῦν
3299 621 3420 658 τινα
3446 602 3699 672 λάϐωμεν
3725 600 3819 654 ἐν-

2147 713 2313 761 νοιαν,
2329 697 2404 761 ὡς
2425 697 2489 751 ἂν
2509 692 2618 762 οἷός
2635 716 2694 751 τε
2713 691 2779 763 ὦ,
2801 696 3144 768 παραστῆσαι
3162 693 3493 764 πειράσομαι
3517 689 3576 742 τὸ
3600 688 3815 757 λεχθέν.

2145 783 2281 836 Εἰπέ
2307 785 2414 856 γάρ
2446 803 2556 855 μοι,
2584 785 2639 838 εἰ
2659 785 2744 848 τίς
2768 802 2827 839 σε
2851 782 3216 854 γεγηρακότα,
3247 782 3340 834 καὶ
3372 781 3429 833 ἐν
3454 777 3614 848 πενίᾳ
3634 774 3818 840 ζῶντα

2145 872 2507 943 ἐπηγγέλλετο
2529 875 2774 945 ποιήσειν
2797 872 3055 942 ἐξαίφνης
3080 871 3213 936 νέον,
3243 869 3338 922 καὶ
3365 870 3445 930 εἰς
3472 865 3639 936 αὐτὴν
3662 863 3816 928 ἄξειν

2145 959 2244 1028 τῆς
2275 959 2491 1029 ήλικίας
2517 961 2616 1032 τὴν
2646 960 2847 1031 ἀκμὴν,
2884 959 2979 1012 καὶ
3012 958 3212 1028 σφόδρα
3245 955 3462 1026 ἰσχυρὸν
3489 953 3582 1006 καὶ
3611 952 3815 1022 ὡραῖον

2146 1047 2284 1118 ὐπέρ
2329 1048 2537 1110 πάντας
2563 1047 3012 1109 κατασκευάσειν,
3044 1045 3137 1098 καί¹
3178 1042 3452 1114 βασιλείαν
3479 1039 3672 1093 δώσειν
3713 1041 3816 1106 τῆς

2142 1134 2245 1203 γῆς
2274 1134 2490 1205 ἁπάσης
2512 1135 2604 1188 ἐπὶ
2628 1134 2770 1187 ἔτεσι
2803 1133 3009 1204 χιλίοις,
3037 1130 3312 1202 βασιλείαν
3335 1128 3556 1199 εἰρήνην
3583 1125 3815 1195 ἔχουσαν

2144 1219 2468 1291 βαθυτάτην,
2502 1221 2554 1273 τί
2578 1222 2677 1274 οὐκ
2702 1221 2766 1275 ἂν
2799 1220 2937 1291 ὑπὲρ
2969 1218 3169 1289 ταύτης
3196 1216 3338 1270 εἵλου
3366 1215 3464 1284 τῆς
3501 1211 3815 1274 ὑποθέσεως

2142 1308 2236 1360 καὶ
2276 1309 2499 1378 ποιῆσαι
2538 1309 2631 1362 κοιλ⁸
2672 1308 2890 1370 παθεῖν;
2934 1307 3065 1362 Ἰδοὺ
3102 1305 3299 1366 τοίνυν,
3340 1305 3369 1357 ὀ
3411 1300 3646 1371 Χριστὸς
3688 1298 3814 1368 οὐχὶ

2139 1394 2333 1458 ταῦτα,
2379 1395 2514 1449 ἀλλά
2558 1395 2736 1466 πολλῷ
2783 1396 3001 1466 μείζονα
3045 1394 3246 1447 τούτων
3285 1388 3699 1458 ἐπαγγέλλεται.
3731 1387 3810 1439 0-3

2140 1485 2248 1556 γὰρ
2275 1485 2398 1538 ὅσον
2427 1487 2611 1556 γήρως
2632 1487 2728 1540 καὶ¹
2750 1485 2995 1554 νεότητος
3027 1483 3086 1536 τὸ
3120 1482 3303 1552 μέσον,
3327 1476 3576 1533 τοσοῦτον
3601 1475 3812 1547 φθορῂ

2141 1574 2236 1626 καί¹
2265 1572 2570 1643 ἀφθαρσίας
2591 1573 2652 1626 τὸ
2677 1573 2929 1643 διάφορον
2958 1590 2972 1605 ·
3001 1571 3120 1625 οὐδέ
3147 1571 3269 1623 ὅσον
3297 1566 3566 1637 βασιλείας
3593 1565 3688 1617 καὶ
3713 1579 3812 1614 περ

2139 1659 2277 1724 νίας,
2305 1659 2555 1714 τοσοῦτον
2580 1660 2679 1730 τῆς
2701 1659 2856 1730 δόξης
2881 1659 2983 1730 τῆς
3012 1657 3289 1727 παρούσης
3323 1655 3418 1708 καὶ
3449 1653 3549 1721 τῆς
3584 1649 3812 1720 μελλού-

2139 1765 2241 1819 σης
2270 1764 2286 1779 ο
2319 1748 2436 1802 ἀλλ’
2467 1749 2592 1802 ὅσον
2621 1748 2910 1819 ὀνειράτων
2943 1745 3036 1800 καὶ
3066 1742 3344 1815 ἀληθείας.
3380 1739 3596 1794 Μᾶλλον
3624 1737 3681 1790 δέ
3712 1738 3810 1790 οὐ-

2136 1835 2226 1889 δέν
2256 1835 2464 1889 οὐδέπω
2495 1837 2694 1907 εἴρηκα
2724 1853 2738 1867 ·
2779 1834 2899 1888 οὐδέ
2927 1833 3037 1903 γάρ
3066 1832 3181 1884 ἐστι
3217 1829 3372 1897 λόγος
3411 1827 3591 1890 ἱκανὸς
3620 1842 3808 1895 παρα-

2139 1926 2333 1994 στῆσαι
2373 1923 2435 1977 τὸ
2469 1922 2698 1994 μέγεθος
2720 1922 2820 1993 τῆς
2845 1921 3103 1992 διαφορᾶς
3128 1917 3237 1972 τῶν
3265 1915 3536 1986 ἐσομένων
3568 1913 3702 1984 πρὸς
3735 1913 3809 1965 τά

2137 2012 2396 2082 παρόντα.
2429 2011 2640 2081 Χρόνου
2684 2010 2742 2064 δέ
2787 2010 2971 2063 ἐνεκεν
2994 2047 3010 2072 ,
3050 2007 3170 2061 οὐδέ
3197 2004 3347 2077 [295]
3374 2003 3624 2073 ἐννοῆσαι
3665 2001 3808 2064 ὅλως

2137 2095 2252 2150 ἔστι
2277 2097 2556 2170 διαφοράν.
2587 2097 2712 2160 Πῶς
2741 2097 2849 2168 γὰρ
2885 2097 2949 2151 ἄν
2982 2112 3066 2159 τις
3099 2092 3400 2164 παραϐάλοι
3426 2093 3537 2152 τοῖς
3568 2087 3808 2156 παροῦσι

2135 2182 2281 2254 ζωὴν
2323 2187 2497 2255 πέρας
2539 2186 2638 2240 οὐκ
2676 2185 2936 2255 ἐχουσαν;
2975 2183 3085 2252 Τῆς
3125 2182 3182 2235 δὲ
3218 2181 3439 2250 εἰρήνης
3477 2175 3698 2230 τοσοῦτο
3742 2173 3808 2226 τὺ

2136 2271 2320 2341 μέσον,
2349 2272 2472 2325 ὅσον
2499 2274 2719 2344 εἰρήνης
2756 2273 2849 2328 καὶ
2881 2271 3118 2342 πολέμου
3149 2270 3208 2323 τὸ
3245 2270 3497 2337 διάφορον
3528 2281 3544 2296 ⁶
3575 2266 3673 2319 καὶ
3705 2265 3807 2334 τῆς

2133 2358 2338 2429 φθορᾶς
2360 2359 2454 2413 καὶ
2467 2363 2567 2432 τῆς
2590 2359 2916 2431 ἀφθαρσίας,
2939 2359 3060 2412 ὅσον
3083 2357 3252 2428 βώλου
3274 2355 3501 2425 πηλίνης
3517 2353 3546 2405 ὁ
3563 2351 3805 2421 καθαρὸς

2135 2449 2479 2520 μαργαρίτης
2509 2449 2767 2518 ἀμείνων.
2791 2447 3004 2501 Μᾶλλον
3032 2445 3110 2508 δὲ,
3140 2446 3239 2498 ὅσα
3271 2444 3335 2497 ἂν
3358 2445 3487 2515 εῐπῃ
3518 2459 3620 2505 τις,
3648 2439 3806 2492 οὐδὲν

2131 2534 2475 2604 παραστῆσαι
2489 2534 2794 2605 δυνήσεται.
2807 2531 2924 2586 Κᾶν
2939 2531 3133 2603 γάρτῷ
3148 2531 3248 2600 τῆς
3267 2531 3480 2591 ἀκτῖνος
3499 2525 3806 2598 παραϐάλω

2131 2620 2268 2687 φωτί
2281 2619 2342 2673 τὸ
2367 2620 2560 2683 κάλλος
2579 2621 2684 2674 τῶν
2715 2620 2836 2674 τότε
2862 2619 3146 2690 σωμάτων,
3175 2618 3277 2674 κᾶν
3305 2618 3556 2687 ἀστραπῇ
3587 2617 3656 2685 τῇ
3693 2631 3805 2682 φα-

2129 2705 2343 2778 νοτάτῃ,
2362 2705 2512 2760 οὐδὲν
2526 2707 2734 2760 οὐδέπω
2746 2707 2844 2778 τῆς
2858 2706 3235 2776 λαμπρότητος
3260 2703 3473 2773 ἐκείνης
3493 2703 3641 2768 ἀξιον
3667 2701 3799 2771 ὲρῶο

2141 2793 2311 2866 ’Υπὲρ
2335 2794 2398 2866 δή
2422 2794 2626 2848 τούτων
2659 2796 2798 2849 πόσα
2825 2795 2926 2848 οὐκ
2954 2793 3101 2858 ἀξιον
3129 2792 3391 2865 προέσθαι
3422 2792 3684 2862 χρήματα
3706 2789 3805 2842 καὶ

2130 2880 2385 2952 σώματα;
2408 2883 2605 2952 μᾶλλον
2625 2883 2682 2936 δὲ
2702 2883 2874 2946 πόσας
2892 2882 2991 2935 οὐκ
3005 2880 3152 2945 ἀξιον
3171 2879 3429 2951 προέσθαι
3448 2877 3655 2948 ψυχάς;
3683 2876 3804 2930 Νῦν

2127 2967 2213 3031 δέ,
2249 2970 2300 3021 εἰ
2345 2969 2445 3040 μέν
2487 2970 2572 3033 τίς
2612 2987 2672 3023 σε
2716 2972 2796 3033 εἰς
2839 2969 3082 3040 βασίλεια
3121 2969 3403 3039 εἰσήγαγε,
3444 2967 3538 3019 καὶ
3578 2965 3803 3020 πάντων

2129 3052 2408 3123 παρόντων
2433 3053 2770 3124 διαλεχθῆναί
2803 3071 2883 3106 σοι
2911 3051 3002 3106 τὸν
3029 3052 3248 3122 βασιλέα
3273 3049 3672 3121 παρεσκεύασε,
3702 3051 3804 3103 καὶ

2126 3139 2498 3211 ὁμοτράπεζον
2537 3139 2684 3211 αὐτῷ
2715 3141 2808 3194 καὶ
2845 3139 3145 3210 ὁμοδίαιτον
3184 3139 3431 3208 ἐποίησε,
3475 3137 3691 3191 πάντων
3731 3135 3802 3190 ἂν

2126 3225 2263 3296 ἔφης
2305 3227 2498 3280 σαυτὸν
2543 3225 2682 3281 εἰναι
2725 3226 3137 3298 μακαριώτερον
3172 3243 3187 3258 ο
3227 3227 3307 3287 εἰς
3347 3225 3404 3277 δέ
3445 3224 3536 3278 τὸν
3567 3224 3800 3294 οὐρανὸν

2129 3312 2336 3382 μέλλων
2376 3312 2675 3384 ἀναϐῆναι,
2705 3313 2797 3366 καὶ
2831 3312 2961 3383 παρ’
2989 3311 3150 3365 αὐτὸν
3187 3310 3407 3364 ἐστάναι
3440 3310 3531 3362 τὸν
3571 3308 3801 3378 βασιλέα

2124 3397 2233 3450 τῶν
2260 3396 2416 3459 ὅλων,
2439 3398 2533 3451 καὶ
2559 3401 2673 3463 τοῖς
2697 3398 2951 3467 ἀγγέλοις
2976 3396 3351 3466 ἀντιλάμπειν,
3380 3396 3471 3450 καὶ
3499 3395 3599 3464 τῆς
3625 3396 3801 3465 ἀπροο

2126 3483 2272 3536 σίτου
2303 3482 2460 3553 δόξης
2481 3484 2774 3538 ἀπολαύειν
2799 3485 3034 3554 ἐκείνης,
3059 3482 3416 3553 ἀμφιϐάλλεις
3441 3483 3488 3534 εί
3516 3481 3622 3534 δέοι
3656 3498 3799 3551 προ-

2127 3568 2277 3622 έσθαι
2321 3570 2604 3640 χρήματα,
2631 3570 2769 3646 δέον,
2800 3572 2848 3623 εἰ
2879 3569 2974 3623 καί¹
3000 3568 3098 3638 τὴν
3131 3566 3275 3638 ζωὴν
3315 3567 3483 3638 αὐτὴν
3523 3568 3799 3621 ἀποδύσα-

2123 3655 2247 3709 σθαι
2274 3657 2410 3719 ἐδει.
2448 3659 2672 3728 σκιρτᾷν
2705 3659 2797 3711 καὶ
2827 3657 3152 3725 ἀγάλλεσθαι
3194 3657 3288 3710 καὶ
3318 3655 3644 3728 πτεροῦσθαι
3689 3656 3799 3710 ὑπὸ

2121 3743 2221 3814 τῆς
2244 3743 2469 3814 ήδονῆς;
2496 3746 2568 3798 Σὺ
2596 3745 2677 3811 δὲ,
2696 3745 2781 3798 ἵνα
2809 3744 2909 3815 μέν
2933 3745 3108 3816 ἀρχὴν
3128 3744 3298 3815 λάϐῃς
3324 3743 3423 3814 τὴν
3449 3743 3797 3814 παρέχουσάν

2122 3846 2204 3884 σοι
2245 3830 2461 3886 κλοπῶν
2505 3831 2759 3903 ἀφορμὰς
2802 3831 2885 3902 (οὐ
2928 3833 3036 3902 γὰρ
3077 3831 3264 3904 κέρδος
3303 3831 3364 3884 τὸ
3403 3829 3638 3884 τοιοῦτον
3681 3830 3798 3897 ἐγὼ

2120 3935 2313 4005 καλῶ),
2340 3938 2434 3991 καὶ
2460 3937 2529 3991 τά
2559 3937 2686 3991 ὄντα
2710 3937 3007 4001 ἐκϐάλλεις.
3039 3938 3133 3991 καὶ
3162 3937 3230 3990 τά
3255 3937 3453 4008 ἐτέρων
3475 3935 3791 4005 δανεισάμε-

2119 4041 2231 4093 νος,
2261 4027 2309 4079 εἰ
2338 4025 2464 4090 δέοι,
2495 4026 2586 4079 καὶ
2611 4025 2710 4096 τὴν
2745 4027 2976 4093 γυναῖκα
3007 4025 3102 4078 καὶ
3125 4025 3193 4077 τά
3215 4025 3377 4077 τέκνα
3407 4023 3701 4076 ὑποθέσθαι
3731 4024 3793 4076 οὐ

2118 4115 2422 4177 κατοκνεῖς,
2457 4113 2558 4184 τῆς
2584 4113 2642 4167 δέ
2677 4113 2947 4183 βασιλείας
2977 4111 3088 4166 τῶν
3119 4112 3364 4182 οὐρανῶν
3392 4111 3791 4182 προκειμένης,

2115 4199 2216 4268 τῆς
2241 4199 2431 4252 οὐδένα
2465 4199 2705 4270 διάδοχον
2745 4199 2972 4269 ἐχούσης
3002 4199 3193 4270 ἀρχῆς,
3235 4200 3410 4261 ὀκνεῖς
3452 4199 3545 4250 καὶ
3584 4196 3793 4269 ἀναδύῃ

2117 4285 2212 4340 καὶ
2258 4287 2394 4357 πρὸς
2427 4288 2682 4358 χρήματα
2715 4288 2976 4359 κέχηνας;
3010 4287 3103 4340 καί
3129 4287 3229 4339 οὐκ
3269 4287 3488 4350 ἐννοεῖς,
3519 4286 3601 4339 ὃτι
3636 4287 3686 4338 εί
3722 4287 3793 4339 τὰ

2116 4373 2253 4445 πρὸς
2282 4375 2428 4445 ἡμᾶς
2457 4373 2552 4427 τοῦ
2594 4375 2822 4446 οὐρανοῦ
2867 4375 3007 4447 μέρη
3053 4374 3195 4429 οὕτω
3243 4375 3384 4428 καλὰ
3421 4375 3516 4428 καὶ
3558 4375 3790 4446 τερπνὰ,

2115 4460 2277 4530 ήλίκα
2317 4461 2385 4514 τὰ
2429 4461 2696 4526 ἀνώτατα,
2731 4463 2826 4515 καὶ
2865 4465 2894 4515 ό
2941 4463 3035 4517 τοῦ
3079 4463 3308 4533 οὐρανοῦ
3348 4463 3609 4534 οὐρανός;

2187 4548 2328 4600 Ἀλλ’
2382 4549 2568 4620 ἐπειδὴ
2606 4553 2933 4620 σωματικοῖς
2981 4551 3272 4621 ὀφθαλμοῖς
3315 4551 3486 4604 ταῦτα
3523 4551 3648 4604 ἰδεῖν
3690 4552 3792 4604 οὐκ

2114 4634 2279 4697 ἔστιν,
2303 4635 2531 4706 ἀνάϐηθι
2557 4636 2635 4707 τῷ
2663 4637 2926 4709 λογισμῷ,
2952 4639 3044 4692 καὶ
3073 4639 3210 4710 ὑπὲρ
3235 4638 3325 4692 τὸν
3351 4640 3574 4710 οὐρανὸν
3599 4639 3793 4693 τοῦτον

2113 4721 2265 4785 στὰς,
2293 4721 2590 4792 ἀνάϐλεψον
2617 4725 2695 4787 εἰς
2711 4726 2914 4778 ἐκεῖνον
2936 4726 3026 4779 τὸν
3049 4726 3302 4797 ἀνωτέρω
3324 4725 3514 4779 τούτου
3535 4727 3790 4798 οὐρανὸν,

2111 4813 2191 4874 εἰς
2208 4808 2269 4862 τὸ
2281 4808 2413 4880 ὕψος
2438 4809 2499 4862 τὸ
2522 4809 2766 4881 ἄπειρον,
2793 4812 2871 4876 εἰς
2897 4812 2958 4866 τὸ
2985 4814 3098 4881 φῶς
3122 4812 3183 4865 τὸ
3205 4814 3519 4886 ἀπρόσιτον,
3553 4816 3633 4878 εἰς
3661 4817 3794 4880 τοὺς

2109 4915 2312 4986 δήμους
2339 4913 2448 4968 τῶν
2479 4914 2746 4984 ἀγγέλων,
2774 4916 2854 4979 εἰς
2869 4915 2966 4980 τὰς
2983 4914 3163 4982 τάξεις
3177 4918 3284 4970 τῶν
3303 4919 3681 4989 ἀρχαγγέλων,
3710 4923 3794 4984 είς

2107 5003 2205 5066 τὰς
2232 5002 2394 5064 ἄλλας
2419 5002 2676 5071 δυνάμεις
2700 5002 2796 5067 τάς
2828 5004 3152 5073 ἀσωμάτους
3169 5022 3185 5036 ο
3218 5006 3310 5058 καὶ
3340 5006 3501 5058 πάλιν
3523 5007 3789 5060 ἐπιλαϐοῦ

2108 5093 2204 5162 τῆς
2229 5090 2358 5161 παρ’
2387 5091 2519 5161 ἡμῖν
2553 5089 2776 5152 εἰκόνος,
2809 5090 3053 5155 καταϐάς
3087 5090 3312 5155 ἄνωθεν,
3345 5093 3440 5145 καὶ
3472 5093 3795 5164 ὑπόγραψόν

2110 5195 2199 5248 μοι
2224 5177 2291 5230 τά
2321 5177 2448 5248 περὶ
2475 5175 2565 5230 τὸν
2596 5176 2817 5246 βασιλέα
2850 5177 2942 5230 τὸν
2983 5178 3075 5231 ἐπὶ¹
3105 5179 3228 5250 γῆς,
3257 5174 3389 5244 οἷον,
3418 5179 3619 5252 ἄνδρας
3649 5199 3787 5251 χρυ⁴

2107 5263 2488 5336 σοφοροῦντας,
2523 5265 2617 5318 καὶ
2645 5261 2835 5334 ζεῦγος
2859 5265 3068 5320 λευκῶν
3095 5267 3336 5338 ήμιόνων
3361 5268 3549 5338 χρυσῷ
3574 5268 3786 5323 καλλω-

2105 5351 2410 5421 πιζομένων
2454 5352 2548 5404 καὶ
2587 5352 2768 5422 ὄχημα
2799 5351 3193 5423 λιθοκόλλητον,
3227 5355 3321 5408 καί.
3359 5355 3569 5409 πέταλα
3602 5355 3781 5429 τούτῳ

2105 5456 2170 5492 πε
2180 5438 2510 5509 ρισειόμενα,
2531 5439 2624 5491 καὶ
2637 5439 2932 5510 δράκοντας
2949 5441 3007 5493 ἐν
3027 5441 3042 5492 ἰ
3049 5458 3156 5510 ματ
3164 5441 3262 5506 ίοις
3275 5458 3376 5514 σχη
3385 5443 3577 5512 ματιζο
3584 5443 3785 5512 μένους

2104 5543 2364 5612 σηρικοῖς,
2393 5541 2486 5595 καὶ
2514 5542 2742 5605 ἀσπίδας
2778 5543 3010 5614 χρυσοῦς
3037 5543 3266 5615 ἐχούσας
3295 5547 3626 5617 ὀφθαλμοὺς,
3671 5548 3776 5603 καὶ

2104 5626 2301 5693 ἵππους
2344 5629 2842 5700 χρυσοφοροῦντας,
2893 5630 2987 5684 καὶ
3037 5631 3290 5702 χαλινοὺς
3337 5634 3589 5704 χρυσοῦς.
3629 5634 3773 5688 Ἀλλ’

2103 5719 2230 5773 ὅταν
2262 5716 2354 5770 τὸν
2391 5716 2610 5787 βασιλέα
2654 5717 2868 5789 ἴδωμεν,
2895 5718 3045 5774 οὐδὲν
3077 5718 3281 5778 τούτων
3308 5719 3522 5791 ὁρῶμεν
3551 5720 3757 5780 λοιπόν·
