3962 6190
191 274 298 328 283

202 396 341 442 rent.
389 385 606 439 Etiamsi
639 383 750 440 Noe
795 382 984 448 fuerit,
1036 382 1117 437 vel
1145 382 1276 447 .l‘ob,
1311 382 1391 437 vel
1435 381 1658 447 Daniel,
1689 380 1780 450 qui

197 492 328 534 suos
369 477 604 530 viderint
657 476 922 545 supplicio
972 475 1228 540 affectos,
1275 489 1380 528 non
1433 474 1631 528 audent
1681 473 1785 526 illis

193 568 433 634 adstare,
463 574 518 621 et
556 580 775 619 manum
817 565 1111 635 porrigere.
1154 564 1369 619 Naturae
1395 564 1592 633 quippe
1635 577 1786 617 com-

194 657 601 714 miserationem
624 665 751 711 tunc
771 655 969 711 auferri
999 656 1276 724 contingit.
1306 655 1439 723 Quia
1465 655 1605 709 enim
1634 669 1787 722 repe-

195 750 406 804 riuntur
444 748 574 816 justi
636 755 976 816 peccatorum
1032 745 1264 800 filiorum
1321 753 1539 814 patres,
1591 744 1787 813 ﬁliique

197 841 346 913 probi
374 850 657 910 parentum
686 839 1056 909 improborum
1087 839 1218 906 (non
1248 838 1389 891 enim
1435 846 1659 900 natura},
1690 835 1785 890 sed

195 933 402 988 arbitrii
430 933 571 986 mala
607 930 792 1004 sunt),
823 941 884 984 ut
911 930 984 985 illi
1028 945 1214 1000 puram
1244 929 1474 984 habeant
1511 929 1744 982 laetitiam
1767 967 1782 992 ,

195 1039 295 1081 nec
340 1023 728 1079 misericordia:
773 1023 826 1076 vi
873 1022 1219 1092 frangantur,
1246 1022 1334 1092 qni
1388 1021 1493 1075 illis
1541 1020 1788 1074 fruuntur

197 1115 350 1168 bonis
373 1155 389 1180 ,
423 1114 570 1168 illam
617 1123 745 1168 tunc
788 1111 1055 1183 exstingui
1099 1112 1393 1183 contingit,
1424 1111 1629 1181 ipsique
1663 1125 1784 1165 cum

199 1204 426 1260 Domino
450 1215 636 1260 contra
671 1205 889 1274 propria
937 1205 1140 1258 viscera
1184 1204 1543 1274 indignantur.
1576 1203 1785 1257 Etenim

198 1296 242 1350 si
271 1310 441 1360 nunc,
462 1309 586 1349 cum
616 1295 799 1348 vident
846 1294 1060 1364 quidam
1113 1294 1249 1349 filius
1290 1308 1419 1349 suos
1468 1294 1743 1363 improbos
1767 1334 1784 1359 ,

198 1387 341 1454 ipsos
380 1385 710 1440 exheredant
753 1394 808 1440 et
846 1400 877 1438 a
917 1385 1114 1438 familia
1169 1400 1263 1440 sua
1320 1385 1679 1449 abscindunt,
1734 1383 1788 1438 id

198 1463 362 1533 multo
383 1478 553 1547 magis
583 1477 634 1531 in
657 1477 860 1547 judicio
883 1477 1114 1531 eveniet.
1140 1476 1307 1531 Nemo
1330 1477 1506 1547 igitur,
1529 1477 1616 1546 qui
1648 1475 1787 1530 bona

196 1583 300 1623 non
326 1577 612 1638 operetur,
641 1567 842 1636 aliquid
872 1567 998 1621 boni
1034 1575 1234 1636 speret,
1263 1567 1474 1622 etiamsi
1505 1575 1786 1621 sexcentos

193 1660 367 1728 justas
392 1659 761 1728 progenitores
781 1657 974 1712 habeat
1004 1675 1017 1710 :
1052 1657 1405 1728 Unusquisque
1430 1659 1561 1712 enim
1585 1662 1783 1728 referet,

195 1748 387 1818 inquit,
417 1762 534 1816 qua
555 1763 645 1817 per
666 1763 851 1816 corpus
876 1757 993 1801 sunt
1025 1787 1040 1813 ,
1065 1762 1212 1818 prout
1238 1737 1409 1818 gessit,
1442 1749 1544 1801 sive
1575 1749 1784 1816 bonum,

193 1842 298 1894 sive
325 1842 522 1894 nactum
546 1840 624 1912 (2.
657 1840 775 1895 Cor.
804 1842 856 1896 5.
895 1841 1006 1910 10).
1032 1842 1357 1907 Audiamus,
1388 1857 1590 1911 quzeso,
1615 1851 1670 1896 et
1697 1856 1787 1896 re-

195 1932 540 2002 sipiscamus.
590 1931 646 1987 Si
692 1947 870 2002 prava:
916 1935 1360 2003 concupiscentiae
1407 1935 1530 2005 igne
1577 1935 1786 2001 ardeas,

199 2023 384 2092 cogita
404 2022 538 2090 illius
561 2021 810 2093 supplicii
829 2023 1025 2092 ignem,
1049 2031 1106 2078 et
1127 2022 1214 2078 hic
1238 2023 1375 2093 ignis
1397 2025 1786 2095 exstinguetnr.

204 2113 264 2168 Si
294 2112 526 2168 volueris
548 2114 677 2184 quid
700 2114 958 2169 absonum
990 2115 1158 2185 loqui,
1184 2123 1358 2171 tecum
1381 2125 1568 2186 reputa
1595 2116 1790 2172 strido-

199 2219 318 2259 rem
368 2203 635 2270 dcntium,
664 2213 720 2259 et
749 2213 924 2260 metus
964 2205 1057 2260 tibi
1094 2207 1229 2262 freni
1257 2207 1377 2262 loco
1406 2209 1535 2264 erit.
1569 2204 1626 2260 Si
1653 2207 1790 2263 alie-

197 2309 328 2348 num
360 2308 553 2364 rapere
577 2295 834 2363 volueris,
861 2295 984 2350 audi
1012 2295 1254 2352 Judicem
1283 2296 1553 2353 dicentem
1576 2315 1590 2350 :
1613 2296 1791 2369 Ligate

195 2401 384 2439 manus
413 2395 462 2439 et
491 2385 642 2455 pedes
670 2388 802 2457 ejus,
835 2395 882 2441 et
910 2387 1143 2458 projicite
1165 2404 1279 2443 eum
1319 2389 1373 2442 in
1399 2389 1626 2444 tenebras
1649 2399 1791 2442 exte-

194 2476 357 2530 riores
388 2473 604 2545 (lauit.
633 2475 724 2531 22.
750 2477 865 2547 15),
890 2487 946 2532 et
983 2477 1120 2533 hanc
1155 2478 1373 2549 abjicies
1405 2480 1790 2549 concupiscen-

197 2568 350 2622 tiam.
393 2567 463 2622 Si"
488 2567 720 2624 crudelis
749 2578 803 2624 et
850 2570 1233 2626 immisericors
1279 2572 1478 2639 fueris,
1509 2572 1792 2629 recordare

197 2660 471 2729 virginum
520 2659 732 2714 illarum
753 2702 770 2726 ,
797 2677 916 2732 quae
935 2704 950 2728 ,
975 2663 1253 2720 exstinctis
1280 2664 1612 2733 lampadibus
1658 2665 1789 2730 suis,

196 2767 322 2805 cum
353 2767 462 2805 non
492 2751 754 2808 haberent
775 2753 976 2821 oleum,
1002 2771 1073 2810 ex
1102 2757 1283 2826 sponsi
1307 2755 1537 2811 thalamo
1562 2757 1793 2812 exclusze

198 2851 325 2897 sunt
352 2841 576 2914 (lauit.
601 2843 695 2914 25)
719 2885 734 2909 ,
763 2859 826 2898 ac
852 2844 958 2900 cito
984 2846 1244 2918 benignus
1270 2847 1486 2903 evades.
1526 2847 1581 2904 Si
1614 2849 1791 2904 ebrie-

201 2936 292 2989 tati
321 2945 380 2990 et
401 2936 882 2992 comessationibus
912 2952 1129 3007 Operam
1157 2938 1287 2994 dare
1314 2940 1519 3009 cupias,
1551 2940 1675 2995 audi
1700 2940 1784 2995 di-

197 3027 366 3081 vitem
417 3025 691 3080 dicentem
711 3067 728 3090 ,
756 3025 904 3080 Mitte
941 3027 1197 3082 Lazarum
1226 3029 1378 3099 (Luc.
1423 3030 1511 3085 {6.
1550 3027 1644 3100 24)
1665 3070 1680 3097 ,
1704 3031 1792 3100 qui

197 3131 415 3171 summo
457 3116 626 3186 digito
677 3115 961 3188 refrigeret
1011 3118 1254 3174 adustam
1299 3121 1572 3191 linguam,
1622 3136 1794 3192 neque

197 3215 442 3277 optatum
474 3219 836 3278 consequutus
857 3219 958 3276 est,
985 3219 1038 3266 et
1065 3211 1244 3265 statim
1275 3211 1344 3266 ab
1366 3211 1467 3266 hoc
1485 3211 1793 3282 cupiditatis

198 3299 391 3353 morbo
417 3299 704 3353 averteris.
721 3298 927 3354 Caetera
949 3315 1161 3371 quoque
1185 3303 1363 3356 omnia
1387 3304 1597 3358 virtutis
1615 3303 1790 3360 officia

204 3393 284 3448 sic
313 3391 633 3461 exsequeris
666 3410 679 3446 :
711 3391 840 3446 nihil
870 3393 1011 3448 enim
1038 3409 1324 3450 onerosum
1349 3395 1491 3450 Deus
1519 3397 1791 3466 praecepit.

200 3484 356 3541 Unde
403 3487 568 3557 igitur
622 3495 884 3556 praecepta
931 3500 1158 3542 onerosa
1208 3501 1329 3543 esse
1379 3488 1670 3543 videntur?
1717 3489 1794 3543 Ex

199 3576 431 3648 segnitie
453 3585 660 3631 nostra.
681 3577 1139 3644 Quemadmodum
1166 3580 1308 3633 enim
1337 3579 1383 3633 si
1411 3579 1648 3634 studiose
1669 3579 1794 3635 dili-

195 3676 501 3736 genterque
542 3682 792 3736 agamus,
819 3683 938 3737 qua:
977 3669 1226 3724 videntur
1263 3683 1384 3725 esse
1421 3671 1622 3741 gravia,
1657 3671 1794 3727 levia

197 3755 492 3826 faciliaque
533 3766 726 3810 erunt:
757 3758 834 3812 sic
853 3797 868 3822 ,
900 3757 945 3812 si
998 3758 1231 3828 segniter
1256 3773 1474 3829 agamus
1493 3800 1508 3825 ,
1540 3760 1793 3816 tolerabi-

196 3849 334 3903 liora
360 3862 581 3917 qnoque
619 3847 858 3902 difficilia
900 3848 1054 3904 nobis
1082 3849 1425 3905 videbuntur.
1457 3851 1586 3917 Quae
1615 3851 1792 3906 omnia

197 3939 489 3994 nobiscum
513 3946 839 4007 reputantes,
872 3954 940 3994 ne
965 3939 1153 3995 beatos
1179 3940 1300 3995 illos
1329 3939 1680 4010 prmdicemus
1703 3944 1794 4012 qui

198 4030 349 4082 lauta
379 4029 630 4082 fruuntur
658 4043 862 4092 mensa,
886 4030 979 4084 sed
1025 4029 1238 4084 illorum
1271 4030 1429 4086 finem
1470 4032 1790 4102 cogitemus.

194 4121 338 4174 Nam
366 4119 457 4174 hic
477 4129 683 4175 stercus
703 4129 757 4175 et
780 4120 1062 4190 pinguedo,
1095 4121 1206 4176 illic
1233 4122 1428 4176 vermis
1449 4131 1504 4176 et
1537 4121 1692 4192 ignis.
1715 4121 1794 4180 Ne

200 4223 472 4282 raptores,
494 4212 587 4268 sed
608 4228 793 4267 eorum
818 4213 976 4268 finem
1008 4214 1282 4270 nobiscum
1310 4224 1638 4285 reputemus.
1659 4215 1791 4272 Nam

201 4306 290 4359 hic
338 4305 731 4361 sollicitudines
761 4315 818 4360 et
851 4305 1082 4370 labores,
1111 4307 1221 4363 illic
1241 4308 1447 4363 vincula
1489 4309 1791 4366 insolubilia

202 4405 257 4449 et
281 4395 526 4450 tenebrae
553 4396 867 4450 exteriores.
889 4396 966 4452 Ne
994 4397 1176 4467 gloriae
1207 4397 1455 4452 humana:
1483 4410 1749 4455 amatores
1773 4417 1788 4465 ;

203 4486 294 4541 sed
324 4487 448 4558 quis
474 4487 544 4541 sit
569 4502 754 4542 eorum
781 4488 973 4553 exitus,
988 4487 1409 4545 consideremus.
1435 4490 1528 4545 Hic
1553 4492 1791 4548 servitus

202 4589 259 4633 et
287 4579 460 4646 fucus,
492 4580 601 4634 illic
627 4579 880 4634 damnum
905 4580 1130 4635 multum
1157 4590 1213 4636 et
1244 4582 1544 4638 combustio
1564 4593 1786 4639 :eterna.

205 4670 258 4724 Si
289 4672 362 4724 ita
391 4671 534 4740 apud
579 4686 678 4726 nos
713 4672 1130 4738 ratiocinemur,
1157 4683 1319 4744 atque
1364 4675 1477 4730 haec
1501 4686 1554 4731 et
1594 4676 1788 4731 similia

211 4763 382 4827 pravis
400 4762 602 4817 nostris
623 4763 1077 4833 concupiscentiis
1092 4765 1306 4820 assidue
1331 4767 1660 4832 occinamus,
1682 4769 1790 4824 cito

213 4854 494 4922 nequitiam
516 4853 832 4924 effugiemus
865 4864 920 4910 et
942 4856 1191 4911 virtutem
1229 4871 1609 4927 exsequemur,
1643 4875 1786 4927 prae-

213 4945 431 4998 sentium
461 4959 700 4998 amorem
727 4945 1148 5015 exstinguemus,
1179 4953 1234 5000 et
1274 4945 1573 5000 futurorum
1601 4963 1790 5002 accen~

210 5030 410 5088 demus.
430 5033 569 5102 Quid
599 5033 742 5088 enim
774 5034 1040 5089 firmitatis
1067 5034 1267 5091 habent
1299 5033 1582 5105 praesentia
1605 5077 1622 5101 ,
1662 5039 1786 5108 quid

212 5133 312 5180 tam
342 5126 639 5192 insolitum,
660 5125 788 5197 quid
810 5136 917 5181 tam
947 5128 1267 5197 stupendum
1289 5170 1304 5194 ,
1335 5137 1395 5182 ut
1419 5143 1634 5184 omnem
1663 5147 1788 5201 erga

211 5217 293 5269 illa
323 5232 506 5273 curam
543 5219 920 5273 insumamus?
946 5221 1139 5274 Annon
1169 5219 1356 5276 eadem
1389 5221 1501 5291 ipsa
1531 5233 1790 5291 perpetuo

211 5307 448 5363 videmus
472 5309 625 5379 quasi
658 5309 711 5363 in
751 5309 1011 5364 circulum
1063 5311 1394 5367 recurrentia
1419 5351 1436 5376 ,
1465 5321 1521 5366 ut
1557 5312 1698 5368 diem
1733 5324 1790 5369 et

214 5409 437 5464 noctem,
466 5411 681 5456 noctem
704 5409 756 5456 et
784 5401 951 5467 diem,
977 5400 1208 5458 hiemem
1235 5411 1289 5458 et
1318 5412 1559 5459 aestatem
1585 5445 1600 5471 ,
1624 5415 1787 5459 sesta-

216 5499 315 5544 tem
339 5499 397 5546 et
432 5492 688 5557 hiemem,
713 5501 768 5547 et
799 5493 928 5547 nihil
959 5493 1221 5549 ulterius?
1263 5494 1636 5551 Accendamus
1659 5511 1790 5566 ergo

219 5584 506 5641 futurorum
535 5585 859 5643 desiderium
890 5589 1172 5645 bonorum.
1206 5588 1390 5661 Magna
1415 5592 1612 5662 quippe
1630 5590 1790 5661 justis

227 5676 448 5744 reposita
485 5685 568 5735 est
610 5679 798 5751 gloria,
821 5690 869 5736 et
917 5697 1073 5752 quam
1107 5681 1281 5740 verbis
1327 5685 1628 5755 exprimere
1679 5699 1784 5739 non

1403 267 1487 322 DE
1530 264 1887 323 PEBFECTA
1929 264 2294 320 CARITATB.

3364 274 3481 330 ξεθ

1895 393 2198 448 possumus.
2226 378 2356 433 Nam
2395 393 2617 449 corpora
2652 388 2782 449 post'
2805 384 3248 439 resurrectionem
3298 389 3470 442 incor-

1889 470 2159 540 ruptibilia
2199 470 2553 540 accipientes,
2581 470 2770 540 gloria:
2814 473 3068 543 regnique
3096 475 3294 531 Christi
3335 494 3468 533 con-

1888 571 2062 616 sortes
2077 568 2258 614 erunt.

1960 651 2013 706 6.
2038 650 2355 705 Resurrectio
2385 654 2558 722 futura
2582 663 2826 723 quantum
2848 656 3311 713 bonum.Futurnm
3341 661 3470 716 inter

1890 752 1936 795 et
1963 751 2253 812 prasente»:
2293 744 2447 796 vitam
2490 744 2777 800 discrimen.
2809 778 2881 788 —
2911 749 3021 804 Hoc
3062 765 3188 805 vero
3214 763 3467 822 quantum

1890 833 1980 899 sit,
2024 832 2148 888 hinc
2192 833 2591 904 intelligemus;
2645 838 2752 891 imo
2793 840 2967 907 potius
3011 856 3295 911 numquam
3327 846 3470 899 clare

1892 923 2279 992 intelligemus;
2307 935 2363 980 ut
2389 935 2565 982 autem
2589 930 2836 999 exemplo
2858 945 2921 984 ex
2947 932 3098 986 bonis
3119 936 3472 1002 praesentibus

1891 1025 2188 1086 assumpto,
2219 1033 2436 1086 parvam
2472 1022 2756 1090 quamdam
2803 1023 2918 1092 ejus
2957 1026 3198 1079 notitiam
3239 1028 3474 1097 attinga—

1892 1123 2030 1174 mus,
2060 1123 2158 1178 pro
2201 1110 2342 1164 virili
2392 1127 2509 1166 mea
2554 1112 2604 1166 id
2653 1115 2794 1181 quod
2835 1115 3034 1170 dictum
3077 1127 3162 1171 est
3203 1119 3475 1174 declarare

1891 1197 2108 1252 curabo.
2151 1199 2246 1254 Dic
2272 1199 2423 1264 mihi,
2453 1202 2498 1254 si
2529 1203 2647 1271 quis
2681 1203 2774 1256 tibi
2803 1204 2917 1257 seni
2943 1213 2997 1259 et
3037 1207 3089 1259 in
3127 1210 3344 1276 penuria
3379 1210 3477 1263 de-

1891 1291 2034 1360 genti
2079 1291 2426 1360 polliceretur
2481 1294 2534 1347 id
2589 1297 2953 1362 praestiturum
3004 1313 3102 1364 se,
3153 1311 3211 1353 ut
3257 1310 3486 1370 repente

1889 1380 2104 1449 juvenis
2129 1397 2300 1449 esses,
2329 1391 2385 1437 et
2413 1384 2464 1438 in
2496 1385 2670 1454 ipsum
2693 1387 2866 1441 aetatis
2895 1386 3081 1442 florem
3114 1390 3473 1455 reducereris,

1894 1471 2171 1543 formaque
2205 1489 2270 1528 ac
2301 1475 2495 1531 robore
2521 1477 2765 1545 corporis
2793 1479 3001 1533 cunctis
3032 1491 3314 1548 prrestares
3332 1521 3349 1548 ,
3377 1480 3478 1536 da-

1893 1572 2178 1636 turumque
2216 1566 2309 1620 tibi
2343 1567 2504 1621 totius
2533 1568 2680 1623 orbis
2729 1585 2970 1638 regnum,
2999 1571 3162 1641 idque
3214 1573 3281 1627 ad
3327 1573 3479 1629 mille

1894 1671 2084 1724 annos,
2133 1673 2392 1726 regnum,
2442 1659 2691 1729 inquam,
2745 1661 2798 1715 in
2866 1661 3282 1731 profundissima
3343 1681 3476 1735 pace

1895 1736 2329 1818 transigendum,
2358 1749 2484 1820 quid
2531 1766 2629 1820 pro
2675 1752 2767 1806 tali
2822 1754 3162 1823 assequendo
3213 1759 3480 1824 promisso

1894 1857 2000 1896 non
2036 1842 2244 1910 facere,
2275 1844 2399 1914 quid
2421 1859 2527 1898 non
2551 1846 2658 1914 pati
2686 1845 2896 1900 velles?
2924 1847 3002 1900 En
3034 1848 3212 1917 igitur,
3237 1848 3479 1906 Christus

1895 1946 2001 1986 non
2042 1932 2178 1997 haec,
2202 1933 2297 1988 sed
2332 1933 2417 1988 his
2439 1935 2597 2004 longe
2625 1935 2828 2004 majora
2855 1937 3153 2005 pollicetur.
3186 1937 3302 1991 Non
3333 1939 3476 1994 enim

1895 2035 2090 2094 quanta
2123 2035 2451 2081 senectutem
2484 2027 2625 2082 inter
2650 2035 2706 2082 et
2735 2027 3066 2097 juventutem
3087 2068 3104 2094 ,
3134 2037 3274 2084 tanta
3303 2030 3476 2085 solum

1894 2123 1980 2170 est
2010 2117 2148 2171 inter
2171 2116 2566 2186 corruptionem
2590 2124 2645 2170 et
2675 2116 3129 2186 incorruptionem
3156 2119 3476 2186 differentia;

1895 2219 2068 2274 neque
2109 2217 2368 2275 quantum
2416 2214 2498 2261 est
2544 2206 2682 2261 inter
2733 2223 2953 2276 regnum
3004 2218 3059 2263 et
3111 2219 3478 2279 paupertatem

1896 2296 2204 2364 discrimen,
2230 2307 2432 2352 tantum
2456 2297 2614 2352 etiam
2641 2307 2724 2353 est
2750 2298 2888 2355 inter
2914 2299 3136 2370 gloriam
3160 2311 3478 2372 presentem

1895 2396 1950 2444 et
1978 2388 2204 2442 futuram
2235 2405 2247 2441 :
2275 2389 2369 2444 sed
2396 2399 2654 2460 quantum
2696 2392 2836 2446 inter
2866 2393 3073 2447 somnia
3100 2403 3154 2448 et
3183 2395 3258 2449 rei
3287 2397 3481 2450 verita-

1897 2489 2027 2533 tem.
2051 2479 2163 2534 lmo
2189 2495 2316 2535 vero
2361 2479 2596 2535 nondum
2623 2481 2892 2552 quidpiam
2915 2482 3024 2537 dixi
3049 2501 3063 2537 :
3087 2485 3262 2540 nullus
3287 2486 3482 2556 quippe

1897 2585 2077 2625 sermo
2107 2577 2281 2640 potest
2323 2570 2682 2628 differentiam
2717 2572 2860 2627 illam
2900 2575 3218 2643 exprimere,
3249 2591 3371 2646 quae
3399 2587 3484 2632 est

1898 2657 2038 2715 inter
2074 2659 2251 2715 futura
2289 2660 2347 2716 et
2380 2663 2685 2732 prtesentia.
2722 2662 2776 2718 Si
2821 2664 2956 2718 ratio
2999 2673 3174 2720 autem
3228 2666 3484 2720 habeatur

1899 2751 2180 2821 temporis,
2219 2751 2365 2806 nulla
2394 2752 2615 2806 omnino
2671 2761 2850 2822 potest
2896 2755 3118 2824 cogitari
3163 2754 3480 2811 differentia.

1898 2840 2176 2908 Quomodo
2213 2843 2358 2897 enim
2395 2841 2642 2898 conferre
2696 2842 2816 2913 quis
2860 2853 3037 2912 potest
3087 2846 3440 2915 praesentibus
3463 2889 3478 2913 ,

1898 2933 2060 2988 vitam
2103 2933 2304 2988 nullum
2341 2935 2630 2990 terminum
2671 2933 3018 2990 habituram?
3045 2935 3102 2991 In
3142 2950 3274 3006 pace
3300 2947 3479 2992 autem

1899 3033 2104 3079 tantum
2126 3033 2211 3080 est
2252 3023 2565 3092 discrimen,
2592 3034 2848 3096 quantum
2887 3027 3028 3082 inter
3056 3041 3244 3097 pacem
3273 3025 3328 3084 et
3369 3028 3483 3084 bel-

1897 3115 2042 3183 lum,
2093 3117 2234 3172 inter
2268 3118 2666 3188 corruptionem
2710 3134 2840 3173 vero
2894 3129 2949 3173 et
3001 3119 3478 3190 incorruptionem,

1898 3215 2156 3277 quantum
2198 3209 2340 3263 inter
2375 3209 2572 3263 luteum
2625 3208 2851 3263 frustum
2884 3219 2940 3265 et
2976 3225 3239 3280 gemmam
3272 3228 3480 3282 puram.

1899 3299 2008 3354 lmo
2033 3315 2158 3354 vero
2187 3299 2365 3370 potius
2391 3299 2647 3369 quidquid
2674 3300 2839 3366 dicas,
2866 3300 2998 3355 nihil
3028 3302 3302 3358 declarare
3331 3313 3493 3373 potes

1899 3391 1991 3446 ris.
2024 3391 2276 3457 Quamvis
2322 3391 2467 3446 enim
2517 3405 2804 3462 corporum
2852 3393 3133 3448 beatorum
3183 3395 3488 3464 pulchritu-

1899 3480 2076 3536 dinem
2130 3481 2281 3536 radio
2332 3481 2471 3536 lucis
2525 3483 2842 3550 conferam,
2900 3485 3144 3554 quamvis
3197 3489 3484 3557 conspicuo

1898 3567 2115 3639 fulguri,
2159 3570 2292 3625 nihil
2334 3571 2428 3624 illo
2467 3571 2752 3639 splendore
2795 3571 3014 3643 dignum
3041 3574 3235 3630 dicam.
3270 3576 3372 3634 Pro
3400 3577 3486 3633 his

1898 3671 2044 3716 certe
2070 3672 2201 3731 quot
2229 3677 2334 3716 non
2374 3665 2651 3732 pecunias,
2683 3673 2816 3734 quot
2850 3681 2957 3719 non
2987 3681 3212 3736 corpora
3260 3669 3484 3738 profun-

1899 3753 2027 3807 dere
2050 3769 2146 3823 par
2171 3755 2356 3809 esset?
2386 3755 2494 3810 imo
2513 3764 2647 3826 quot
2691 3771 2796 3810 non
2844 3757 3088 3828 animas?
3111 3758 3262 3815 Nunc
3295 3776 3477 3830 porro,

1899 3846 1942 3899 si
1969 3847 2089 3915 quis
2114 3854 2166 3900 te
2208 3846 2262 3899 in
2290 3847 2492 3916 regiam
2538 3846 2926 3910 introduceret,
2959 3849 3316 3920 omnibusque
3347 3868 3484 3922 pra:-

1899 3939 2139 3993 sentibus
2167 3937 2219 3992 id
2250 3947 2466 3992 curaret
2494 3948 2547 3992 ut
2578 3938 2876 4008 Imperator
2907 3949 2959 3994 te
2985 3940 3365 4009 alloqueretur,
3398 3953 3482 3999 te-

1898 4045 2004 4099 que
2033 4039 2088 4084 et
2134 4042 2333 4083 mensa:
2358 4036 2414 4083 et
2449 4029 2642 4084 :edium
2696 4040 3002 4084 consortem
3050 4029 3390 4099 admitteret,
3429 4045 3483 4089 te

1897 4123 2137 4176 onmium
2166 4119 2533 4175 beatissimum
2559 4134 2681 4175 esse
2727 4120 3104 4190 pronuntiares
3129 4138 3142 4174 :
3172 4129 3229 4174 at
3255 4136 3377 4176 cum
3426 4125 3478 4178 in

1898 4213 2086 4267 cadum
2115 4211 2191 4267 sis
2220 4225 2564 4276 ascensurus,
2599 4222 2654 4266 et
2683 4226 2804 4266 cum
2835 4211 2952 4282 ipso
2980 4212 3352 4268 universorum
3379 4217 3478 4270 hn-

1898 4313 2146 4372 peratore
2167 4310 2500 4368 versaturus,
2522 4318 2644 4358 cum
2671 4303 2876 4372 angelis
2896 4303 3129 4358 vicissim
3161 4305 3453 4365 micaturus
3469 4357 3486 4376 ,

1897 4405 1953 4452 et
1982 4395 2255 4450 inaccessa
2288 4395 2379 4449 illa
2407 4394 2576 4464 gloria
2610 4393 2913 4461 fruiturus,
2942 4395 3169 4466 ambigis
3213 4413 3339 4452 num
3386 4416 3486 4470 pe-

1897 4487 2082 4542 cunias
2105 4485 2430 4556 profundere
2465 4493 2743 4556 oporteat,
2782 4501 2903 4540 cum
2951 4499 3050 4557 par
3079 4496 3242 4555 esset,
3270 4490 3482 4545 etiamsi

1898 4578 2064 4633 vitam
2117 4577 2366 4632 emittere
2415 4592 2549 4646 opus
2599 4585 2782 4641 esset,
2813 4579 3111 4644 exsultare,
3151 4579 3388 4647 gaudere
3426 4592 3483 4637 et

1899 4687 2009 4742 pra:
2035 4670 2308 4739 voluptate
2333 4669 2448 4724 alas
2475 4669 2787 4725 assumere?
2819 4673 2890 4724 At
2921 4679 3068 4733 tu,ut
3108 4672 3480 4739 pra-fecturam

1897 4761 2237 4831 adipiscaris,
2270 4776 2390 4830 qua:
2421 4760 2521 4815 tibi
2553 4761 2816 4816 furtorum
2859 4760 3171 4815 occasiones
3199 4763 3434 4830 praibeat
3460 4782 3479 4822 :

1898 4870 2004 4908 non
2027 4853 2169 4908 enim
2197 4852 2251 4908 id
2277 4853 2486 4907 lucrum
2511 4853 2780 4908 vocarim:
2812 4861 2867 4906 et
2889 4851 3167 4908 facultates
3190 4856 3474 4925 expendis,

1895 4942 1962 4997 ab
1990 4943 2214 5014 aliisque
2242 4943 2524 5010 mutuaris,
2556 4958 2620 4998 ac
2643 4943 2688 4999 si
2719 4951 2967 5012 oporteat
2990 4944 3150 4998 etiam
3179 4961 3400 5003 uxorem
3425 4959 3481 5006 et

1897 5037 2096 5092 liberos
2122 5036 2330 5107 pignori
2360 5035 2489 5091 dare
2539 5050 2647 5090 non
2692 5035 2916 5100 vereris,
2949 5051 3116 5106 regno
3150 5049 3328 5094 autem
3357 5055 3481 5097 cte-

1895 5128 2070 5183 lorum
2091 5128 2184 5183 tibi
2208 5129 2504 5198 proposito,
2523 5127 2856 5196 imperioque
2881 5130 3211 5184 successoris
3237 5144 3478 5201 experte,

1896 5221 2075 5290 segnis
2102 5234 2190 5284 es,
2223 5218 2441 5288 refugis.
2466 5226 2521 5272 et
2568 5217 2810 5287 pecuniis
2856 5216 3030 5272 inhias
3051 5218 3076 5271 ‘l
3101 5235 3200 5274 nec
3243 5221 3475 5290 cogitas,

1895 5313 1941 5368 si
1995 5312 2112 5367 caeli
2164 5320 2346 5382 partes
2401 5310 2537 5376 illm,
2577 5326 2710 5381 quas
2751 5312 3065 5382 conspicere
3113 5313 3373 5378 valemus,
3408 5312 3480 5364 ita

1895 5403 2153 5474 pulchrae,
2201 5401 2273 5456 ita
2318 5401 2568 5471 jucunda:
2617 5409 2764 5468 sunt,
2796 5414 3010 5472 quanta:
3040 5411 3193 5455 erunt
3225 5401 3346 5454 alia:
3394 5399 3479 5453 bis

1895 5497 2226 5566 superiores,
2251 5504 2508 5564 quantum
2540 5494 2728 5550 uelum
2754 5496 2918 5550 caili?

1975 5584 2342 5659 Imperatorem
2393 5585 2560 5642 cultus
2597 5603 2712 5640 cum
2741 5586 2930 5641 Christi
2967 5583 3482 5639 novissimeadveutu

1899 5692 2240 5752 comparatus.
2269 5711 2335 5722 —
2363 5681 2469 5736 Sed
2499 5681 2623 5752 quia
2650 5680 2924 5748 corporeis
2951 5674 3118 5732 oculis
3162 5675 3275 5730 [nec
3301 5673 3484 5729 videre
