3966 6192
509 329 611 385 28⁸1

509 464 617 503 non
677 444 819 510 licet,
876 449 1056 496 mente
1109 433 1381 499 ascende,
1428 443 1482 488 et
1533 445 1695 501 supra
1753 430 1856 484 hoc
1901 427 2094 482 caelum

510 550 684 604 stans,
709 535 920 605 respice
945 534 999 587 in
1026 530 1155 586 illud
1179 527 1428 598 superius
1451 524 1667 588 caelum,
1700 524 1754 578 in
1772 526 2094 582 immensam

506 627 863 690 altitudinem,
894 626 947 679 in
974 623 1148 678 lucem
1178 622 1524 684 inaccessam,
1549 617 1601 671 in
1641 615 1948 686 angelorum
1997 629 2096 684 po-

516 721 689 791 pulos,
716 718 770 773 in
797 713 1240 786 archangelorum
1267 710 1519 774 ordines,
1565 716 1619 762 et
1650 706 1702 760 in
1745 706 1879 760 alias
1918 705 2096 760 incor-

512 826 706 882 poreas
742 810 967 865 virtutes
1001 825 1014 861 :
1047 820 1111 860 ac
1150 818 1336 860 rursus
1367 802 1490 856 hinc
1531 799 1863 856 descendens
1913 796 2098 866 imagio

511 917 636 957 nem
689 901 836 955 illam
884 907 1120 953 nostram
1171 905 1437 950 terrenam
1483 892 1703 961 accipe,
1742 903 1806 944 ac
1855 888 2098 944 describe

511 993 645 1048 mihi
690 993 776 1047 illa
821 1005 940 1061 quae
985 998 1254 1044 terrenum
1309 986 1687 1056 Imperatorem
1733 982 2094 1042 circumstant,

511 1092 638 1154 puta
663 1085 810 1138 viros
835 1096 968 1136 auro
991 1081 1272 1135 decoratos
1291 1118 1306 1144 ,
1330 1077 1516 1146 jugum
1554 1074 1793 1130 albarum
1836 1073 2097 1126 mularum

512 1189 644 1230 auro
674 1183 1004 1236 ornatarum,
1035 1183 1250 1226 currum
1295 1166 1486 1237 lapillis
1510 1172 1934 1234 coagmentatum
1959 1202 1975 1229 ,
2022 1160 2097 1214 la-

514 1265 691 1319 minas
720 1264 774 1318 iu
804 1262 896 1317 illo
925 1261 1147 1316 mobiles
1189 1267 1245 1314 et
1271 1258 1492 1328 agitatas
1511 1297 1526 1322 ,
1559 1255 1823 1310 dracones
1852 1254 1905 1308 in
1933 1253 2096 1308 vesti-

512 1356 712 1411 mentis
757 1353 944 1409 sericis
991 1352 1268 1422 depictos,
1318 1348 1532 1419 aspides
1581 1347 1760 1402 aureis
1812 1347 2098 1401 instructas

513 1448 684 1502 oculis
708 1487 723 1512 ,
755 1460 923 1516 equos
952 1459 1085 1499 auro
1110 1452 1332 1499 ornatos
1355 1484 1370 1510 ,
1404 1441 1553 1496 frena
1579 1456 1761 1495 aurea.
1793 1440 1864 1494 At
1886 1439 2098 1510 quando

515 1539 898 1608 Imperatorem
923 1535 1186 1599 videmus,
1217 1531 1352 1588 nihil
1374 1546 1558 1587 eorum
1585 1531 1722 1586 ultra
1746 1529 2093 1600 respicimus:

515 1629 608 1684 ille
635 1628 830 1699 quippe
855 1627 1005 1683 solus
1029 1640 1126 1680 nos
1154 1626 1206 1679 in
1231 1639 1290 1679 se
1318 1623 1616 1685 convertit;
1662 1636 1855 1692 nempe
1899 1636 2096 1691 purpu-

517 1733 610 1773 rea
647 1719 984 1783 vestimenta,
1015 1714 1260 1770 diadema
1279 1755 1294 1781 ,
1329 1713 1480 1778 sella,
1507 1712 1688 1778 fibula,
1711 1711 1896 1779 calcei,
1923 1714 2097 1766 vultus

517 1810 792 1880 splendor.
823 1809 919 1864 llis
955 1807 1204 1864 omnibus
1245 1805 1403 1862 simul
1428 1813 1676 1860 accurate
1704 1803 2000 1874 perpensis,
2029 1802 2098 1857 ab

515 1901 600 1956 his
626 1915 839 1956 rursum
867 1899 1240 1970 cogitationem
1288 1895 1518 1952 transfer
1542 1895 1610 1950 ad
1639 1909 1890 1965 superna,
1921 1893 2094 1948 diem-

513 2006 618 2063 que
661 1991 952 2047 terribilem
996 1989 1166 2060 cogita
1192 2031 1208 2056 ,
1253 2004 1356 2060 qua
1395 1988 1639 2044 Christus
1665 1986 1931 2042 adveniet.
1980 1985 2095 2040 Non

516 2084 658 2140 enim
685 2083 872 2154 jugum
902 2082 1164 2138 mularum
1209 2092 1333 2136 tunc
1363 2079 1598 2144 videbis,
1645 2093 1752 2133 non
1779 2091 1969 2134 currus
1996 2093 2094 2132 au-

513 2189 670 2242 reos,
701 2188 808 2229 non
847 2172 1111 2228 dracones
1150 2181 1206 2228 et
1246 2170 1494 2241 aspides,
1525 2169 1620 2224 sed
1647 2167 1789 2240 quod
1815 2167 2096 2223 horrorem

513 2265 754 2332 incutiat,
775 2275 828 2319 et
847 2272 1050 2319 tantum
1070 2272 1345 2333 stuporem
1370 2261 1592 2331 injiciat,
1620 2267 1680 2315 ut
1703 2259 1944 2315 calestes
1964 2259 2096 2328 ipsa:

514 2356 737 2411 virtutes
761 2362 906 2410 stent
929 2354 1170 2410 attonitae
1195 2369 1210 2407 :
1235 2367 1356 2408 nam
1387 2351 1601 2406 Virtutes
1621 2350 1882 2416 certorum,
1904 2349 2094 2420 inquit,

515 2446 954 2503 commovebuntur
989 2445 1218 2518 (Matth.
1247 2445 1339 2501 24.
1366 2445 1438 2500 29
1458 2445 1501 2513 ).
1533 2445 1682 2498 Tunc
1709 2444 1900 2499 caelum
1929 2453 2096 2498 totum

513 2540 814 2610 aperietur,
840 2537 1131 2594 descendet
1157 2551 1286 2592 vero
1314 2536 1618 2606 unigenitus
1648 2535 1744 2590 Dei
1769 2535 1957 2599 Filius,
1989 2551 2095 2590 non

513 2629 720 2699 viginti,
765 2643 874 2684 non
902 2636 1118 2683 centum
1169 2626 1488 2682 satellitibus
1516 2627 1762 2696 stipatus,
1795 2625 1891 2681 sed
1921 2625 2095 2681 mille-

516 2718 601 2772 nis
642 2726 698 2773 et
733 2716 914 2773 decies
954 2716 1146 2772 millies
1174 2716 1402 2772 millenis
1430 2715 1634 2787 angelis
1661 2724 1716 2771 et
1742 2715 2096 2787 archangelis,

517 2807 799 2877 omniaque
817 2816 975 2863 erunt
996 2807 1185 2863 timore
1200 2815 1254 2862 et
1273 2816 1476 2863 terrore
1497 2808 1673 2877 plena,
1692 2807 1914 2863 discissa
1937 2817 2096 2874 terra,

517 2898 870 2969 omnibusque
891 2897 1197 2954 hominibus
1213 2898 1282 2953 ab
1298 2897 1467 2953 Adam
1491 2913 1657 2968 usque
1677 2898 1744 2952 ad
1769 2899 1914 2953 illam
1933 2898 2096 2964 diem,

516 3005 585 3046 ex
613 2999 758 3046 terra
784 2989 1124 3060 surgentibus
1151 2997 1207 3046 et
1233 2990 1488 3060 abreptis,
1520 2991 1636 3060 ipso
1661 3005 1782 3045 cum
1813 2999 1955 3045 tanta
1979 2991 2098 3061 glo-

521 3081 600 3136 ria
631 3080 904 3152 fulgente,
929 3089 991 3136 ut
1015 3080 1146 3136 solis
1170 3089 1226 3136 et
1249 3081 1388 3135 lunae
1419 3089 1582 3135 totam
1609 3082 1781 3136 lucem
1808 3081 2096 3144 occultent,

517 3173 682 3227 radiis
710 3173 816 3229 illis
837 3173 1008 3243 ipsam
1034 3173 1429 3244 superantibus.
1458 3172 1584 3242 Sed,
1613 3173 1716 3229 heu
1743 3189 1849 3240 me,
1871 3183 2102 3244 quantus

518 3271 705 3334 stupor
733 3265 852 3332 ille,
879 3279 1001 3320 cum
1031 3267 1154 3321 talia
1183 3275 1554 3336 exspectantes
1581 3267 1719 3322 bona
1750 3267 2103 3336 praesentibus

522 3355 822 3422 inhiamus,
869 3370 971 3411 nec
998 3357 1295 3428 cogitamus
1323 3358 1519 3414 diaboli
1551 3357 1813 3414 vafritiem
1835 3399 1850 3422 ,
1878 3360 1968 3427 qui
2008 3375 2104 3429 per

523 3459 610 3500 res
635 3444 752 3500 illas
784 3443 1004 3515 exiguas
1028 3447 1235 3516 magnis
1263 3462 1362 3502 nos
1386 3449 1560 3518 privat
1583 3447 1757 3514 bonis,
1793 3449 1883 3503 dat
1909 3450 2100 3516 lutum,

521 3544 580 3590 ut
605 3535 835 3605 abripiat
859 3535 1070 3601 caelum,
1101 3536 1341 3591 umbram
1367 3537 1606 3605 exhibet,
1633 3546 1693 3593 ut
1715 3539 1947 3608 expellat
1964 3541 2102 3594 veri-

523 3636 708 3695 tatem,
735 3635 895 3698 atque
919 3628 974 3682 in
994 3628 1216 3683 somniis
1234 3643 1428 3683 vanam
1448 3629 1683 3684 ostendit
1705 3645 1954 3700 pompam
1977 3631 2104 3700 (hoc

519 3719 663 3776 enim
705 3727 832 3774 sunt
859 3728 1154 3789 praesentes
1187 3719 1421 3791 divitizn)
1443 3762 1460 3787 ,
1487 3729 1573 3788 ut,
1613 3721 1934 3778 adveniente
1963 3722 2100 3790 luce,

522 3825 620 3866 nos
661 3811 900 3866 omnium
932 3813 1297 3882 pauperrimos
1325 3811 1594 3868 exhibeat.
1635 3813 1766 3880 Quae
1802 3828 1923 3868 cum
1963 3814 2104 3870 scia-

523 3917 643 3959 mus
661 3943 678 3970 ,
709 3901 932 3970 dilecti,
961 3903 1076 3973 ejus
1099 3903 1281 3958 dolum
1310 3903 1574 3974 fugiamus
1596 3945 1614 3972 ,
1645 3904 1697 3959 id
1725 3906 1892 3961 vitare
1943 3921 2103 3962 cure-

523 4009 665 4061 mus,
697 4007 767 4049 ne
794 4008 915 4066 cum
945 3993 1037 4049 illo
1063 3993 1414 4060 damnemur,
1444 4009 1512 4049 ne
1541 3995 1694 4050 nobis
1716 3995 1886 4052 Judex
1918 3995 2059 4051 dicat
2087 4015 2103 4053 :

520 4085 776 4140 Discedite
799 4101 832 4139 α
855 4101 967 4152 me,
995 4087 1289 4153 maledicti,
1320 4087 1376 4141 in
1401 4087 1568 4157 ignem
1594 4097 1838 4142 aeternum
1865 4097 2104 4158 paratum

519 4177 722 4233 diabolo
745 4186 794 4232 et
819 4178 1018 4250 angelis
1045 4180 1155 4248 ejus
1185 4177 1401 4248 (Matth.
1428 4177 1520 4234 25.
1545 4179 1609 4234 41
1632 4178 1676 4251 ).

589 4269 644 4325 7.
681 4268 756 4324 At
782 4269 1045 4339 benignus
1068 4278 1151 4324 est
1182 4269 1350 4334 Deus;
1385 4269 1438 4323 id
1467 4284 1574 4324 non
1605 4269 1846 4332 accidet,
1873 4269 2102 4340 inquies.

521 4361 734 4428 Ergone
763 4364 961 4414 frustra
988 4359 1245 4429 scriptum
1273 4360 1397 4414 est?
1426 4360 1770 4430 Nequaquam
1788 4401 1804 4426 ,
1830 4362 1977 4428 aies;
2007 4363 2105 4419 sed

519 4449 588 4505 ad
615 4450 1084 4507 comminationem
1111 4452 1306 4517 solum,
1335 4460 1397 4507 ut
1432 4454 1832 4523 resipiscamus.
1862 4455 1919 4511 Si
1947 4455 2106 4526 igitur

521 4556 628 4598 non
647 4542 1042 4612 resipiscamus,
1068 4544 1163 4598 sed
1183 4545 1412 4614 improbi
1442 4561 1772 4613 maneamus,
1800 4564 1998 4617 nonne,
2019 4551 2107 4608 dic

520 4633 671 4700 mihi,
689 4632 1004 4703 supplicium
1026 4632 1240 4689 inferet?
1264 4635 1403 4704 Ergo
1432 4652 1605 4707 neque
1633 4637 1786 4694 bonis
1805 4642 2104 4698 mercedem

517 4723 820 4780 retribuet?
869 4723 1172 4791 Retribuet,
1205 4724 1410 4794 inquies
1439 4743 1453 4782 :
1483 4728 1536 4782 id
1565 4729 1706 4783 enim
1728 4730 1899 4800 ipsum
1925 4732 2101 4801 decet,

517 4815 679 4872 etiam
705 4829 864 4885 supra
889 4816 1136 4870 meritum
1159 4815 1416 4872 beneficia
1457 4817 1720 4874 conferre.
1760 4820 1886 4876 Haec
1927 4823 2106 4894 itaque

519 4923 645 4963 vera
672 4918 817 4974 sunt,
844 4918 900 4966 et
915 4923 1133 4979 prorsus
1159 4909 1406 4964 evenient
1437 4929 1450 4964 :
1481 4927 1599 4982 quae
1619 4921 1796 4968 autem
1817 4915 1883 4970 ad
1898 4917 2104 4987 supplio

519 5001 600 5056 cia
623 5001 872 5066 attinent,
893 5000 1259 5072 nequaquam?
1287 4999 1331 5056 Ο
1351 5003 1568 5058 multam
1589 5005 1784 5062 diaboli
1805 5006 2065 5063 vafritiem
2086 5011 2100 5065 Ξ

520 5107 555 5146 o
573 5089 915 5146 inhumanam
928 5093 1046 5162 ejus
1065 5093 1483 5152 humanitatem!
1516 5096 1685 5168 Ipsius
1713 5098 1853 5155 enim
1883 5109 1965 5156 est
1989 5101 2104 5158 haec

519 5183 788 5253 cogitatio,
815 5192 876 5239 ut
897 5186 1121 5256 gratiam
1171 5187 1414 5244 conferat
1451 5190 1692 5246 inutilem
1743 5200 1800 5247 et
1827 5194 2103 5262 segniores

517 5274 727 5330 reddat.
753 5274 886 5343 Quia
910 5277 1062 5331 novit
1087 5280 1252 5344 enim,
1280 5281 1524 5351 supplicii
1547 5291 1765 5349 metum,
1807 5300 1904 5339 ceu
1930 5287 2102 5355 quod-

517 5365 641 5421 dam
667 5366 901 5435 frenum,
934 5366 985 5423 id
1008 5378 1262 5438 praestare
1297 5380 1357 5426 ut
1381 5374 1572 5428 animis
1599 5389 1854 5446 angamur
1883 5384 1939 5432 et
1962 5392 1991 5431 a
2018 5379 2100 5433 vi-

519 5457 607 5511 tiis
648 5457 1002 5524 retrahamur,
1035 5459 1166 5514 nihil
1207 5475 1310 5517 non
1350 5463 1459 5533 agit
1499 5472 1554 5518 et
1589 5465 1837 5531 molitur,
1879 5475 1938 5521 ut
1971 5468 2099 5525 illud

521 5547 777 5604 radicitus
800 5550 1012 5619 evellat,
1041 5567 1149 5622 quo
1173 5552 1387 5608 demum
1425 5553 1544 5609 sine
1569 5556 1762 5612 timore
1789 5572 1885 5627 per
1911 5561 2098 5628 praeci-

519 5637 644 5705 pitia
686 5638 945 5696 feramur.
985 5641 1268 5708 Quomodo
1297 5642 1458 5713 igitur
1491 5643 1642 5699 illum
1681 5647 2097 5717 stupet-abimus?

519 5732 873 5804 Quaecumque
899 5749 965 5792 ex
1012 5734 1301 5806 Scripturis
1330 5733 1651 5805 proferimus
1678 5738 1858 5796 dicent
1896 5742 1958 5808 ii,
1999 5747 2089 5815 qui

1256 322 1313 378 S.
1353 316 1628 377 JOANNlS
1651 313 2124 372 CIIRYSOSTOMI
2163 314 2481 374 ARCHIEP.
2522 318 3056 383 CONSTANTINOP.
3621 351 3705 408 938

2210 428 2603 498 contradicunt,
2634 434 3065 491 comminationis
3092 451 3242 494 causa
3276 443 3452 514 scripta
3474 465 3594 507 esse.
3621 455 3708 512 Ye-

2205 531 2324 572 rum
2352 516 2403 573 id
2424 519 2492 575 de
2520 521 2710 578 futuris
2740 525 2875 580 forte
2894 526 3075 582 dicere
3103 531 3317 601 possint,
3345 538 3436 592 etsi
3471 540 3708 604 admodum

2204 609 2399 680 impie;
2429 612 2496 668 de
2524 616 2808 683 praeteritis
2832 633 2984 686 vero,
3013 619 3180 691 deque
3210 623 3272 678 iis
3307 641 3416 696 qua:
3451 630 3550 700 jam
3571 637 3711 694 conti-

2203 713 2526 772 gerunt,non
2555 706 2704 761 item.
2729 708 3117 780 lnterrogemus
3143 713 3293 785 igitur
3305 732 3390 772 eos
3422 737 3433 772 :
3459 723 3716 787 Audistisne

2203 794 2270 848 de
2297 795 2517 863 diluvio,
2548 797 2722 867 deque
2751 802 2985 870 pernicie
3009 803 3097 857 illa
3124 806 3432 864 universali?
3456 828 3568 869 num
3587 819 3715 876 etiam

2202 885 2331 941 illud
2359 889 2786 945 comminationis
2811 907 2967 947 causa
2991 894 3186 951 dictum
3208 896 3406 955 fuerat?
3431 917 3586 960 annon
3610 924 3716 965 con-

2204 979 2340 1047 tigit,
2373 989 2427 1035 et
2456 980 2508 1034 in
2540 982 2737 1036 exitum
2763 983 3048 1040 deductum
3079 988 3197 1043 est?
3221 1004 3392 1047 nonne
3417 993 3464 1048 id
3480 997 3719 1053 testifican-

2204 1078 2290 1124 tur
2315 1072 2585 1128 Armenia:
2628 1083 2858 1141 montes,
2891 1077 2979 1132 ubi
3026 1093 3147 1134 arca
3175 1083 3444 1138 consedit?
3470 1100 3626 1144 annon
3649 1105 3720 1144 re-

2203 1159 2380 1230 liquiae
2433 1164 2550 1232 ejus
2597 1165 2705 1220 illic
2768 1166 3022 1224 hactenus
3082 1182 3356 1227 servantur
3407 1175 3468 1228 ad
3523 1188 3720 1234 nostram

2203 1250 2619 1309 admonitionem
2649 1256 2999 1328 (a)?Similia
3044 1266 3172 1315 tunc
3213 1263 3364 1317 multi
3405 1263 3643 1332 dicebant,
3675 1285 3724 1324 ac

2204 1361 2300 1415 per
2319 1355 2533 1401 centum
2589 1363 2760 1404 annos
2812 1350 2939 1406 dum
2986 1368 3108 1408 arca
3161 1364 3573 1424 construeretur,
3613 1361 3725 1429 ligna

2202 1445 2529 1506 aptarentur,
2559 1439 2840 1511 justusque
2857 1442 3130 1510 clamaret,
3160 1461 3315 1502 nemo
3337 1458 3447 1504 erat
3467 1451 3547 1518 qui
3572 1451 3725 1507 crede-

2203 1536 2286 1582 ret
2319 1545 2334 1582 :
2363 1529 2455 1584 sed
2483 1532 2606 1601 quia
2637 1547 2742 1588 non
2785 1535 3130 1591 crediderunt
3165 1540 3542 1596 comminationi
3566 1543 3726 1599 verbo-

2201 1633 2344 1685 rum,
2377 1621 2632 1676 ultionem
2667 1634 2891 1694 repente
2919 1641 2983 1682 ac
3011 1628 3191 1697 reipsa
3214 1629 3498 1686 subierunt.
3521 1634 3658 1704 Atqui
3672 1635 3726 1700 is,

2201 1708 2292 1777 qui
2324 1718 2524 1765 tantum
2551 1713 2680 1782 ipsis
2700 1716 3015 1785 supplicium
3043 1719 3242 1787 intulit,
3265 1735 3435 1776 annon
3461 1723 3612 1777 multo
3635 1740 3728 1778 ma-

2197 1799 2285 1869 jus
2339 1802 2493 1858 nobis
2523 1802 2754 1860 inferet?
2779 1821 2883 1860 non
2911 1808 3055 1863 enim
3086 1810 3290 1864 minora
3322 1823 3442 1866 sunt
3472 1812 3578 1867 inec
3608 1814 3732 1868 malis

2201 1889 2346 1945 illius
2374 1893 2646 1962 temporis.
2666 1895 2816 1950 Tune
2837 1897 3033 1952 illicitis
3057 1900 3290 1954 coitibus
3307 1915 3514 1971 operam
3540 1903 3729 1957 dabant:

2202 1997 2326 2038 nam
2358 1983 2581 2054 lngressi
2608 1997 2745 2055 sunt,
2777 1990 2965 2060 inquit,
3011 1993 3110 2060 ﬁlii
3153 1993 3250 2048 Dei
3277 1995 3342 2049 ad
3366 1995 3496 2064 ﬁlias
3521 1997 3736 2051 hominum

2204 2072 2353 2141 (Gen.
2382 2075 2434 2130 6.
2464 2076 2519 2146 2)
2551 2095 2562 2130 :
2589 2094 2732 2134 nunc
2775 2091 2953 2137 autem
3003 2085 3210 2140 nullum
3253 2097 3336 2142 est
3379 2101 3540 2157 genus
3563 2089 3734 2156 peccati

2202 2165 2342 2234 quod
2371 2176 2514 2222 retro
2538 2171 2887 2240 relinquatur.

2273 2257 2606 2314 Maledictum
2658 2261 2999 2318 Sodomorum
3051 2283 3158 2321 non
3199 2271 3430 2338 temporis
3476 2271 3626 2338 spatio
3667 2270 3740 2323 deo

2203 2349 2377 2408 letum.
2423 2380 2494 2390 —
2541 2350 2774 2421 Verum,
2803 2355 2846 2409 si
2888 2357 3094 2425 placet,
3146 2358 3214 2412 ad
3256 2360 3358 2414 alia
3409 2360 3632 2430 supplicii
3668 2375 3743 2429 ge-

2203 2455 2330 2495 nera
2359 2457 2660 2499 sermonem
2689 2458 3094 2516 convertamus,
3135 2459 3196 2505 ut
3225 2468 3289 2506 ex
3317 2451 3582 2521 praeteritis
3603 2451 3742 2505 futura

2201 2531 2504 2588 credantur.
2563 2535 2699 2590 Num
2752 2538 2872 2606 quis
2922 2548 3162 2596 vestrum
3211 2557 3461 2612 umquam
3509 2542 3559 2597 in
3604 2541 3744 2597 Palae-

2203 2622 2394 2676 stinam
2437 2626 2801 2695 peregrinatus
2844 2629 2963 2684 est?
2992 2630 3123 2685 Mihi
3164 2633 3379 2701 quidem
3424 2631 3636 2687 videtur.
3666 2631 3746 2685 Vos

2203 2727 2332 2783 ergo
2374 2714 2634 2770 dictorum
2680 2719 2889 2776 veritati
2929 2721 3297 2777 testimonium
3341 2723 3492 2778 ferte.
3533 2721 3649 2777 Nam
3686 2720 3749 2773 ul-

2205 2812 2284 2856 tra
2315 2804 2631 2862 Ascalonem
2659 2817 2714 2862 et
2752 2807 2946 2864 Gazam
2991 2812 3057 2867 ad
3097 2813 3276 2883 ipsum
3325 2825 3630 2884 postremum
3655 2813 3750 2868 Jor-

2203 2894 2356 2950 danis
2401 2897 2543 2952 lluvii
2575 2903 2859 2956 terminum
2906 2912 3022 2958 erat
3056 2906 3310 2974 quzcdam
3337 2907 3481 2977 regio
3506 2920 3674 2976 magna
3709 2912 3752 2956 et

2203 2987 2550 3057 feracissima,
2575 3007 2694 3061 quae
2735 3008 2858 3048 cum
2896 2996 3150 3064 paradiso
3192 2999 3286 3053 Dei
3316 3008 3613 3054 concertare
3654 3010 3753 3065 pos-

2204 3088 2286 3134 set
2319 3095 2332 3130 :
2364 3095 2486 3134 nam
2538 3079 2696 3148 Vidit,
2727 3084 2918 3154 inquit,
2948 3084 3047 3140 Lot
3087 3104 3294 3141 omnem
3332 3089 3575 3158 regionem
3600 3086 3752 3138 circum

2204 3171 2502 3238 Iordanem,
2545 3190 2657 3242 quae
2699 3176 3007 3245 irrigabatur
3029 3181 3180 3248 quasi
3210 3180 3480 3250 paradisus
3502 3178 3592 3234 Dei
3615 3181 3631 3247 (
3651 3175 3752 3230 Gen.

2207 3264 2296 3319 15.
2330 3265 2444 3334 10).
2477 3264 2668 3321 Verum
2713 3267 2830 3324 btec
2874 3283 3018 3325 nunc
3059 3279 3147 3324 est
3192 3272 3432 3326 omnium
3461 3271 3756 3325 desertorum

2206 3353 2590 3412 desertissima.
2620 3357 2773 3412 Stant
2799 3359 2941 3414 enim
2963 3359 3212 3428 arbores,
3237 3372 3294 3417 ct
3322 3363 3543 3418 fructum
3571 3359 3754 3420 habent,

2205 3454 2262 3499 at
2302 3444 2505 3501 fructus
2547 3446 2637 3502 ille
2680 3448 2773 3502 irae
2818 3448 3012 3504 divinae
3059 3452 3455 3506 monimentum
3503 3458 3598 3504 est.
3635 3448 3758 3502 Stant

2208 3537 2570 3607 malogranata
2599 3539 2878 3608 splendida
2911 3540 3046 3597 facie
3072 3556 3231 3612 spem
3276 3544 3472 3598 bonam
3507 3539 3758 3612 ignoranti-

2209 3627 2308 3682 bus
2360 3627 2689 3696 praebentia,
2729 3630 2975 3686 manibus
2999 3642 3184 3688 autem
3228 3643 3448 3702 accepta
3497 3641 3550 3686 et
3591 3631 3757 3688 fracta,

2208 3716 2440 3774 fructum
2469 3719 2686 3789 quidem
2711 3721 2947 3788 nullum,
2995 3722 3091 3777 sed
3145 3724 3424 3794 pulverem
3466 3724 3764 3787 cineremque

2209 3809 2432 3864 multum
2458 3812 2604 3868 intus
2633 3813 2866 3882 positum
2889 3814 3169 3871 exhibent.
3201 3817 3349 3871 Talis
3373 3825 3454 3871 est
3477 3824 3630 3878 terra,
3659 3810 3763 3864 tales

2208 3899 2433 3970 lapides,
2464 3902 2582 3957 talis
2607 3903 2722 3973 ipse
2750 3919 2864 3958 aer.
2895 3904 3087 3960 Omnia
3107 3906 3334 3962 incensa
3354 3915 3483 3961 sunt
3511 3946 3526 3971 ,
3549 3901 3708 3958 omnia
3723 3899 3766 3952 in

2209 3991 2444 4048 cinerem
2471 3992 2709 4059 redacta,
2739 4003 3097 4064 praeterquam
3127 3996 3227 4050 ira:
3263 3998 3607 4057 monimenta,
3634 3990 3765 4044 futuri

2212 4083 2458 4152 supplicii
2483 4084 2696 4139 indicia.
2725 4083 2862 4138 Num
2889 4093 2944 4139 et
2971 4086 3089 4140 haec
3105 4095 3238 4142 sunt
3268 4087 3554 4143 verborum
3573 4078 3767 4138 commi-

2209 4175 2496 4230 nationes?
2524 4189 2654 4229 num
2683 4184 2738 4230 et
2765 4174 2882 4230 haec
2909 4189 3224 4232 sermonum
3259 4176 3556 4248 strepitus?
3588 4173 3638 4229 Si
3673 4169 3767 4239 quis

2209 4282 2318 4322 non
2339 4267 2512 4322 credit
2527 4267 2810 4337 gehennae,
2839 4267 3126 4324 Sodomam
3173 4270 3421 4340 cogitet,
3453 4263 3769 4325 Gomorrbam

2210 4373 2392 4415 secum
2436 4368 2680 4428 reputet,
2731 4359 3046 4430 supplicium
3091 4361 3350 4417 videlicet
3388 4361 3498 4431 jam
3537 4365 3770 4426 sumptum

2210 4459 2264 4503 et
2287 4449 2546 4503 hactenus
2571 4463 2813 4504 manens.
2849 4449 2902 4503 Id
2930 4449 3072 4519 quod
3107 4451 3295 4506 divina
3338 4451 3610 4520 Scriptura
3640 4457 3772 4501 enar-

2209 4555 2334 4596 rans
2355 4540 2422 4596 de
2441 4541 2698 4611 sapientia
2726 4542 2804 4597 sic
2831 4543 3068 4611 loquitur
3095 4561 3109 4598 :
3144 4543 3280 4599 lltee
3295 4546 3520 4616 justum,
3555 4537 3772 4612 pereunti-

2211 4633 2302 4686 bus
2327 4633 2515 4702 impiis,
2554 4631 2781 4687 liberavit
2817 4635 3092 4704 fugientem
3119 4635 3516 4690 descendentem
3547 4634 3700 4704 ignem
3730 4627 3771 4679 in

2210 4723 2535 4795 Pentapolim
2564 4724 2719 4794 (Sap.
2752 4725 2835 4780 10.
2866 4727 2918 4781 6.
2946 4727 3024 4796 7).
3053 4726 3180 4782 llaec
3207 4729 3379 4782 etiam
3411 4741 3550 4781 nunc
3578 4724 3637 4778 lu
3663 4720 3774 4774 testi-

2209 4816 2432 4869 monium
2456 4815 2686 4885 nequitia:
2707 4815 2964 4886 {umigatus
2981 4827 3080 4871 stat
3100 4817 3304 4872 deserta
3330 4829 3467 4873 terra
3485 4859 3499 4881 ,
3531 4825 3577 4870 et
3611 4815 3775 4866 incerto

2209 4915 2428 4976 tempore
2453 4910 2647 4976 [ructus
2670 4909 2906 4961 arborum
2933 4911 3132 4964 emittit.
3157 4910 3404 4966 Necesse
3444 4919 3616 4964 autem
3644 4908 3777 4960 estet

2209 5020 2425 5061 causam
2456 5006 2636 5063 dicere
2660 5008 2730 5063 ob
2763 5023 2920 5076 quam
2953 5007 3080 5062 talia
3119 5009 3268 5078 passi
3305 5016 3456 5064 sunt.
3489 5005 3656 5062 Unum
3680 5003 3778 5054 erat

2209 5111 2394 5153 eorum
2417 5099 2607 5162 scelus,
2619 5112 2783 5167 grave
2795 5097 3005 5168 quidem
3033 5108 3088 5154 et
3119 5098 3553 5161 exsecrandum;
3575 5102 3778 5148 attamen

2208 5205 2395 5244 unum.
2422 5190 2687 5244 lnsanoin
2730 5203 2925 5259 pueros
2969 5205 3152 5245 amore
3196 5189 3550 5252 ferebantur,
3581 5183 3778 5250 ideoque

2209 5280 2362 5349 ignea
2417 5281 2603 5352 pluvia
2640 5281 2903 5336 combusti
2940 5289 3104 5336 sunt:
3138 5296 3290 5337 nunc
3335 5290 3518 5335 autem
3555 5278 3776 5332 sexcenta

2207 5387 2352 5441 parta
2377 5381 2432 5427 et
2454 5374 2702 5443 graviora
2734 5382 3129 5443 perpetrantur,
3161 5387 3350 5443 neque
3378 5372 3484 5428 tale
3504 5366 3774 5426 incendium

2206 5469 2528 5520 immittitur.
2558 5464 2772 5532 Quare?
2795 5465 2929 5533 Quia
2967 5465 3104 5521 alius
3145 5465 3293 5534 ignis
3323 5472 3655 5536 praiparatus
3677 5461 3777 5517 est.

2204 5571 2492 5627 numquam
2519 5556 2957 5629 cxstinguendus.
2983 5555 3266 5625 Quomodo
3297 5557 3449 5612 enim
3473 5554 3561 5625 qui
3580 5563 3671 5622 pro
3688 5557 3778 5600 uno

2264 5691 2337 5754 (α)
2359 5689 2587 5756 Reliquiae
2609 5704 2732 5756 arcae
2754 5699 2852 5744 Noe
2875 5699 3097 5755 tempore
3119 5687 3463 5756 Chryaostoml
3486 5690 3537 5739 in
3559 5678 3779 5737 montibus

2204 5754 2446 5806 Armenia:
2467 5755 2798 5807 servabantur.
