4090 6216
247 281 354 339 287

242 399 448 462 ἐκεῖνος
487 399 599 472 γάρ
640 400 790 471 ἡμᾶς
833 400 1151 473 ἐπιστρέφει
1183 403 1372 474 μόνος,
1413 405 1505 457 καὶ
1537 406 1610 460 τά
1657 411 1912 479 πορφυρᾶ

243 496 454 566 ἱμάτια,
477 498 572 551 7:01
597 499 658 551 τὸ
686 498 942 569 διάδημα,
972 500 1065 554 καὶ
1103 503 1136 572 ή
1175 501 1434 573 καθέδρα,
1477 506 1572 559 7:01
1618 506 1651 575 ή
1682 508 1906 578 περόνη,

240 595 333 646 7:01
373 593 442 648 τὰ
476 594 814 665 ὑποδήματα,
843 597 992 667 καὶὴ
1025 597 1123 667 τῆς
1156 597 1332 668 ὅψεως
1369 599 1688 676 λαμπηδὼν.
1725 605 1911 659 Ταῦτα

239 686 330 744 οὖν
372 693 590 746 ἅπαντα
621 693 940 762 συναγαγὼν
985 696 1247 766 ἀκριϐῶς,
1297 697 1404 750 ἀπὸ
1431 699 1633 756 τούτων
1683 703 1914 772 μετάθες

241 786 405 842 πάλιν
435 789 527 844 ἐπὶ
560 789 628 844 τά
655 789 765 844 ἀνω
798 791 887 844 τὸν
916 791 1194 863 λογισμὸν,
1230 795 1325 848 καὶ
1353 793 1453 866 τὴν
1481 797 1696 869 ἡμέραν
1728 800 1916 870 ἐννόη-

242 899 332 938 σον
374 884 474 955 τὴν
521 885 774 958 φοϐεράν,
817 887 938 941 καθ’
983 889 1050 959 ἢν
1088 892 1116 943 6
1149 891 1381 961 Χριστὸς
1412 895 1795 964 παραγίνεται.
1829 898 1905 950 Ού

238 980 348 1052 γὰρ
393 981 591 1052 ζεῦγος·
629 985 866 1056 ἡμιόνων
903 987 1020 1057 ὄψει
1058 991 1200 1054 τότε,
1249 991 1368 1044 οὐδὲ
1407 994 1656 1063 ὀχήματα
1699 998 1910 1066 χρυσᾶ,

236 1075 356 1130 οὐδέ
400 1078 697 1149 δράκοντας
729 1082 823 1134 καὶ
854 1083 1103 1148 ἀσπίδας,
1135 1087 1248 1139 ἀλλ’
1275 1087 1303 1140 ὃ
1346 1089 1544 1160 πολλῆς
1583 1090 1744 1160 γέμει
1788 1093 1913 1164 φρί-

238 1188 366 1243 κης,
404 1177 497 1228 καὶ
523 1177 789 1248 τοσαύτην
814 1180 1032 1250 ἐμποιεῖ
1065 1181 1164 1252 τὴν
1191 1181 1467 1248 ἔκστασιν,
1511 1187 1587 1250 ώς
1619 1187 1714 1240 7:01
1745 1187 1913 1252 αύτάς

239 1270 584 1344 ἐκπλαγῆναι
609 1275 710 1340 τὰς
748 1277 1030 1348 οὐρανίους
1068 1281 1353 1351 δυνάμειςο
1383 1285 1454 1337 Αἱ
1488 1283 1596 1352 γὰρ
1631 1283 1914 1353 δυνάμεις

239 1366 366 1420 τῶν
393 1369 684 1437 οὐρανῶν,
712 1373 864 1442 φησὶ,
888 1376 1393 1442 σαλευθήσονται.
1431 1376 1580 1449 [296]
1609 1381 1742 1434 Τότε
1776 1381 1914 1435 ἀνοί-

241 1477 404 1528 γεται
444 1465 542 1532 μὲν
579 1465 724 1530 ἄπας
746 1467 776 1520 6
803 1468 1058 1539 οὐρανὸς,
1099 1471 1310 1525 κάτεισι
1343 1473 1400 1526 δὲ
1426 1476 1454 1527 6
1489 1477 1779 1548 μονογενὴς
1818 1477 1910 1532 τοῦ

241 1556 384 1611 Θεοῦ
426 1559 574 1626 Υίδς,
599 1562 700 1615 οὐκ
741 1565 936 1630 εἴκοσι,
965 1565 1084 1620 οὐδὲ
1113 1567 1304 1620 ἑκατὸν
1333 1568 1770 1640 δορυφορούντων
1811 1573 1912 1626 αύ-

241 1652 357 1720 τὸν,
400 1655 534 1710 ἀλλά
560 1658 811 1727 χιλιάδων
844 1661 937 1715 7:01
972 1663 1248 1733 μυριάδων
1273 1663 1518 1732 ἀγγέλων
1553 1682 1614 1718 τε
1651 1667 1744 1720 7:01
1774 1668 1913 1738 ἀρχ-

242 1749 535 1818 αγγέλων,
576 1753 669 1807 7:01
714 1755 892 1809 πάντα
935 1757 1087 1811 ἐσται
1140 1759 1304 1828 φόϐου
1346 1761 1440 1813 7:01
1475 1760 1673 1832 τρόμου
1710 1761 1908 1832 μεστά,

240 1845 346 1915 τῆς
378 1847 481 1916 γῆς
507 1848 1014 1924 ἀναρρηγνυμένης,
1055 1856 1149 1908 καὶ
1195 1855 1303 1908 τῶν
1345 1857 1564 1911 πώποτε
1608 1859 1913 1929 γενομένων

241 1939 576 2010 ἀνθρώπων,
618 1945 677 2010 ἐξ
726 1937 785 1998 οὗ
817 1947 1039 2016 γέγονεν
1080 1952 1108 2005 6
1147 1953 1316 2023 Ἀδάμ
1362 1954 1523 2026 μέχρι
1568 1957 1668 2028 τῆς
1702 1957 1915 2029 ἠμέρας

243 2036 490 2106 ἐκείνης,
519 2039 625 2094 ἀπὸ
662 2042 763 2112 γῆς
791 2045 1182 2116 ἀνισταμένων,
1228 2052 1323 2105 7:01
1357 2053 1775 2124 ἁρπαζομένων,
1818 2057 1916 2109 αὐ-

241 2131 344 2184 τοῦ
391 2134 530 2202 μετὰ
574 2137 840 2211 τοσαύτης
877 2145 1195 2214 φαινομένου
1227 2147 1414 2218 δόξης,
1459 2150 1599 2204 ὥστε
1637 2152 1728 2206 τὸν
1765 2152 1916 2226 ἣλιον

244 2229 346 2281 7:01
373 2229 474 2301 τήν
516 2233 744 2306 σελήνην
778 2240 922 2294 ἅπαν
955 2243 1157 2314 κρύψαι
1203 2244 1264 2298 τὸ
1301 2247 1437 2314 φῶς,
1479 2249 1584 2302 67:6
1612 2250 1712 2318 τῆς
1743 2249 1917 2318 αὐγῆς

241 2323 464 2395 ἐκείνης
488 2327 992 2405 ὑπερλαμπόμενον.
1031 2337 1190 2405 Ἀλλ’,
1233 2339 1379 2411 οῐμοι
1414 2344 1512 2414 τῆς
1543 2343 1741 2414 πολλῆς
1769 2344 1917 2398 ἀναι-

245 2419 496 2489 σθησίας,
523 2425 626 2488 ὅτι.
653 2426 905 2484 τοιούτων
929 2435 1391 2507 προσδοκωμένων
1411 2438 1650 2507 ἀγαθῶν,
1677 2439 1756 2493 ἔτι
1780 2440 1916 2511 7:96;

246 2515 320 2570 τά
353 2520 598 2591 παρόντα
634 2527 963 2598 κεχήναμεν,
1010 2531 1104 2584 7:01
1141 2533 1240 2586 οὐκ
1277 2533 1560 2605 ἐννοοῦμεν
1602 2535 1697 2589 τοῦ
1738 2536 1918 2590 διαϐός-

249 2613 342 2666 λου
365 2615 461 2684 τὴν
488 2621 846 2690 κακουργίαν,
869 2622 928 2687 ὃς
954 2625 1041 2679 διὰ
1066 2627 1174 2680 τῶν
1208 2629 1418 2700 μικρῶν
1439 2630 1506 2684 τὰ
1537 2632 1746 2702 μεγάλα
1773 2634 1922 2704 ἡμᾶς

256 2707 582 2780 ἀφαιρεῖται,
615 2715 710 2767 7:01
737 2715 918 2770 δίδωσι
947 2719 1136 2789 πηλὸν,
1163 2722 1253 2777 ἵνα
1293 2724 1512 2796 ἁρπάσῃ
1545 2725 1791 2796 οὐρανὸν,
1824 2727 1919 2781 7:01

260 2801 493 2858 δείκνυσι
527 2809 698 2872 σκιὰν,
740 2811 828 2865 ῖνα
874 2813 1076 2886 ἐκϐάλῃ
1106 2819 1206 2888 τῆς
1241 2817 1522 2889 ἀληθείας,
1564 2821 1657 2874 7:01
1685 2823 1744 2876 ἐν
1782 2822 1920 2876 ὀνεί-

271 2913 382 2964 ροις
424 2903 670 2968 φαντάζει
705 2905 895 2976 (τοῦτο
927 2910 1034 2980 γὰρ
1063 2911 1091 2964 6
1123 2913 1311 2978 παρὼν
1346 2915 1622 2987 πλοῦτος),
1655 2917 1743 2984 ἵν’,
1775 2919 1918 2988 ἡμέ-

270 3008 369 3062 ρας
414 3000 720 3072 γενομένης,
758 3000 908 3076 δείξῃ
946 3006 1162 3061 πάντων
1199 3011 1573 3082 πενεστέρους.
1601 3013 1778 3084 ’Ἀπερ
1816 3031 1920 3084 μα-

265 3085 460 3153 θόντες,
491 3093 782 3166 ἀγαπητοὶ,
813 3097 1070 3169 φύγωμεν
1098 3102 1190 3156 τὸν
1217 3103 1422 3158 ἐκείνου
1451 3105 1619 3172 δόλον,
1658 3107 1919 3178 φύγωμεν

257 3183 356 3252 τήν
403 3188 522 3255 μετ’
556 3190 763 3245 ἐκείνου
792 3194 1132 3266 κατάκρισιν,
1166 3198 1254 3254 ἵνα
1298 3199 1373 3272 μὴ
1420 3201 1515 3256 7:01
1548 3203 1684 3272 πρὸς
1710 3206 1860 3274 ἡμᾶς
1889 3205 1919 3258 6

254 3280 447 3350 κριτής
489 3284 649 3358 εἴπῃ·
690 3285 1020 3355 Πορεύεσθε
1055 3293 1156 3347 ἀπ’
1192 3294 1359 3363 ἐμοῦ,
1400 3299 1455 3350 οὶ
1491 3300 1916 3368 κατηραμένοι,

253 3377 340 3441 είς
368 3377 434 3431 τὸ
470 3379 590 3449 πῦρ
619 3384 686 3436 τὸ
717 3383 956 3441 αἰώνιον
983 3389 1051 3443 τὸ
1079 3391 1522 3463 ἡτοιμασμένον
1557 3394 1638 3461 τῷ
1665 3395 1921 3464 διαϐόλῳ

253 3471 353 3526 καὶ
388 3475 512 3541 τοῖς
537 3477 812 3549 ἀγγέλοις
841 3484 1044 3539 αὑτοῦ.

322 3570 387 3633 ζ’.
429 3570 588 3626 Ἀλλά
619 3575 995 3648 φιλάνθρωπός
1023 3581 1169 3636 ἐστιν
1190 3585 1218 3637 6
1253 3583 1415 3650 Θεός·
1444 3587 1543 3642 ούκ
1568 3588 1718 3644 ἐσται
1737 3589 1914 3654 τοῦτο,

249 3664 438 3735 φησίν.
466 3666 672 3722 Οὐκοῦν
702 3673 820 3742 είκῆ
848 3673 1188 3744 γέγραπται;
1222 3679 1374 3749 Οὐχὶ,
1409 3683 1594 3752 φησὶν,
1622 3683 1757 3739 ἀλλά
1783 3685 1917 3756 πρὸς

251 3758 488 3832 ἀπειλὴν
523 3763 700 3833 μόνον,
745 3766 832 3820 ἵνα
866 3770 1251 3842 σωφρονῶμεν.
1277 3774 1374 3828 Ἂν
1405 3772 1497 3830 οὖν
1533 3779 1606 3849 μὴ
1637 3779 1920 3850 σωφρονῶ-

253 3871 382 3923 μεν,
411 3856 547 3910 ἀλλά
575 3858 824 3930 μένωμεν
853 3863 1032 3929 κακοὶ,
1057 3866 1156 3919 οὐκ
1184 3868 1372 3933 ἐπάξει
1398 3870 1496 3942 τὴν
1523 3873 1771 3941 κόλασιν;
1799 3875 1921 3929 είπέ

253 3965 370 4018 μοι.
400 3953 608 4008 Οὐκοῦν
642 3955 764 4009 οὐδὲ
800 3961 913 4022 τοῖς
955 3960 1178 4028 ἀγαθοῖς
1223 3963 1488 4018 ἀποδώσει
1521 3967 1620 4031 τάς
1657 3969 1918 4040 ἀμοιϐἀςς

248 4045 387 4110 N01,
416 4048 584 4116 φησί·
617 4049 774 4104 τοῦτο
806 4052 916 4122 γὰρ
948 4055 1157 4125 πρέπον
1187 4058 1334 4129 αὐτῷ
1361 4061 1456 4112 7:011
1483 4061 1622 4132 ὑπὲρ
1645 4063 1743 4137 τὴν
1766 4062 1923 4128 ἀξίαν

251 4156 276 4190 ε
300 4145 588 4210 ιεργετεῖν.
616 4145 778 4199 Ὥστε
823 4149 1005 4202 ἐκεῖνα
1047 4150 1221 4222 ἀληθῆ
1255 4153 1350 4206 7:01
1394 4155 1610 4221 πάντως
1649 4157 1820 4220 ἐσται,
1854 4159 1923 4214 τὰ

247 4235 314 4288 δὲ
337 4237 444 4290 τῶν
474 4238 744 4295 κολάσεων
781 4243 841 4295 οὐ
877 4244 1125 4312 πάντως;
1157 4247 1218 4300 ’Ὤ
1243 4248 1346 4318 τῆς
1373 4249 1574 4321 πολλῆς
1609 4251 1704 4304 τοῦ
1748 4253 1925 4306 διαϐό-

249 4326 348 4381 λου
375 4333 754 4402 κακοτεχνίας,
779 4335 824 4388 ὣ
862 4337 960 4406 τῆς
989 4339 1352 4411 ἀπανθρώπου
1378 4342 1580 4414 ταύτης
1619 4343 1923 4416 φιλανθρω-

251 4423 409 4488 πίας.
446 4427 686 4482 Ἐκείνου
716 4432 823 4502 γάρ
849 4432 993 4486 ἐστιν
1021 4427 1171 4497 οὗτος
1195 4437 1224 4488 6
1249 4435 1507 4507 λογισμὸς
1535 4439 1692 4509 χάριν
1732 4439 1926 4510 ἀνόνη-

250 4538 347 4574 τον
376 4521 728 4597 χαριζόμενος
762 4528 858 4582 καὶ
901 4529 1177 4601 ῥᾳθύμους
1213 4533 1399 4588 ποιῶν.
1439 4533 1656 4606 Ἐπειδὴ
1701 4535 1810 4609 γάρ
1847 4533 1925 4590 οἷ-

251 4619 364 4681 δεν,
392 4619 472 4671 ὅτι
496 4621 594 4691 τῆς
619 4621 889 4687 κολάσεως
914 4624 942 4676 6
972 4625 1154 4694 φόϐος,
1178 4628 1426 4703 καθάπερ
1455 4648 1538 4695 τις
1559 4632 1794 4703 χαλινὸς,
1824 4633 1923 4704 τὴν

262 4715 538 4786 ἡμετέραν
588 4719 744 4788 ἄγχει
798 4719 994 4792 ψυχὴν,
1041 4724 1135 4775 7:01
1180 4723 1290 4777 τῶν
1345 4727 1531 4780 κακῶν
1576 4729 1920 4794 ἀναστέλλει,

262 4811 443 4866 πάντα
483 4817 630 4868 ποιεῖ
657 4817 750 4870 7:01
795 4819 1260 4889 πραγματεύεται,
1293 4821 1431 4874 ὥστε
1465 4825 1756 4895 πρόρριζον
1795 4827 1924 4880 ἀνα-

257 4907 464 4961 σπάσαι
494 4910 701 4978 τοῦτον,
727 4913 813 4965 ἵνα
850 4914 1034 4967 λοιπὸν
1068 4915 1236 4978 ἀδεῶς
1269 4919 1409 4971 κατά
1438 4922 1696 4989 κρημνῶν
1741 4921 1922 4992 φερώ-

262 4993 422 5062 μεθα.
451 4996 575 5059 Πῶς
604 4994 696 5050 οὖν
728 4999 891 5053 αὑτοῦ
934 5002 1380 5072 περιγενώμεθα;
1411 5005 1550 5060 Ὅσα
1580 5006 1645 5060 ἂν
1681 5007 1925 5080 εἴπωμεν

255 5089 368 5142 ἀπὸ
393 5090 500 5144 τῶν
542 5092 791 5163 Γραφῶν,
827 5095 1042 5165 ἐροῦσιν
1071 5098 1120 5149 οί
1162 5099 1553 5167 ἀντιλέγοντες,
1584 5102 1667 5155 ὅτι
1700 5104 1927 5176 ἀπειλῆς

258 5185 446 5240 ἕνεκεν
475 5187 802 5258 γέγραπται.
831 5191 990 5246 Ἀλλά
1019 5196 1146 5266 περὶ
1173 5195 1272 5266 μὲν
1292 5196 1399 5250 τῶν
1427 5198 1724 5268 μελλόντων
1753 5201 1925 5272 ἐχοιεν

258 5281 328 5333 ἂν
365 5281 524 5336 τοῦτο
554 5283 750 5354 λέγειν,
791 5287 840 5339 εἰ
874 5288 968 5342 καὶ
995 5289 1113 5343 λίαν
1141 5291 1383 5356 ἀσεϐῶςο
1418 5295 1546 5366 περὶ
1585 5295 1642 5348 δὲ
1680 5297 1788 5351 τῶν
1832 5299 1924 5353 ἐκ·

259 5374 575 5447 ϐεϐηκότων
618 5383 717 5436 οὐκ
763 5383 876 5448 ἐτι,
928 5387 1022 5439 καὶ
1069 5386 1220 5450 τέλος
1269 5389 1598 5460 ἐσχηκότων.
1643 5391 1926 5464 Ἐρώμεθα

259 5473 442 5529 τοίνυν
463 5476 659 5543 αὐτούς
679 5494 690 5508 ·
704 5481 1004 5537 Ἠκούσατε
1022 5485 1145 5555 περὶ
1167 5484 1262 5537 τοῦ
1294 5487 1675 5558 κατακλυσμοῦ
1707 5490 1928 5560 καΐτῆς

259 5574 637 5648 πανωλεθρίας
674 5579 915 5651 ἐκείνης;
967 5582 1041 5654 μὴ
1086 5585 1306 5638 κάκεῖνο
1340 5585 1568 5658 ἀπειλῆς
1618 5588 1800 5642 ἕνεκεν
1847 5588 1928 5641 εῖ-

263 5691 430 5745 ρητο;
463 5677 582 5748 οὐχὶ¹
629 5679 840 5749 γέγονε,
890 5682 983 5735 καὶ
1015 5683 1095 5745 εἰς
1141 5681 1299 5754 ἔργον
1329 5682 1485 5748 ἐξέϐη
1515 5702 1528 5749 ;
1569 5685 1687 5756 οὐχὶ
1722 5687 1816 5740 καὶ
1857 5687 1924 5741 τά

1531 289 1622 346 DE
1661 290 2023 350 PERFECTA
2060 296 2428 358 CARlTATE.

3575 310 3678 365 288

2014 412 2114 485 ὅρη
2147 423 2413 490 μαρτυρεῖ
2453 424 2552 492 τῆς
2591 422 2914 495 Ἀρμενίας,
2960 420 3147 492 ἐνθαή
3189 424 3416 488 κιϐωτὸς
3452 423 3678 498 ἱδρύθης

2010 516 2133 584 οὐχὶ
2161 516 2256 569 καὶ
2295 518 2362 571 τά
2399 516 2624 588 λείψανα
2651 520 2822 586 αὐτῆς
2847 521 2951 584 ἓως
2978 519 3073 573 νῦν
3118 521 3232 573 ἐκεῖ
3275 520 3502 586 σώζεται
3542 523 3678 593 πρὸς

2015 613 2286 684 ἡμετέραν
2315 617 2649 687 ὑάιόμνησιη
2685 618 2923 673 Τοιαῦτα
2953 620 3047 673 καὶ
3082 619 3204 672 τότε
3245 619 3429 673 πολλοὶ
3470 623 3674 690 ἔλεγον,

2015 709 2110 762 7:711
2148 712 2205 764 ἐν
2249 711 2440 766 ἐκατὺν
2485 713 2628 768 ἔτεσι
2679 715 2780 783 τῆς
2813 715 3043 770 κιϐωτοῦ
3077 718 3533 788 τεκταινομένης,
3580 722 3676 775 7:01

2013 803 2120 858 τῶν
2149 805 2318 869 ξύλων
2351 811 2905 878 κατασκευαζομένων
2925 821 2967 877 ⁸,
3001 813 3091 865 7:01
3119 813 3213 865 τοῦ
3254 814 3463 867 δικαίου
3515 815 3678 884 βοῶν-

2012 916 2123 964 τος.
2166 902 2340 966 οὐδεὶς
2373 906 2401 956 6
2435 906 2703 959 πιστεύων
2730 903 2828 977 ἦν·
2863 909 2979 961 ἀλλ’
3005 911 3190 982 ἐπειδὴ
3216 913 3316 965 οὐκ
3355 911 3677 967 ἐπίστευσαν

2013 989 2078 1057 τῇ
2111 987 2196 1041 διὰ
2238 989 2346 1042 τῶν
2376 992 2634 1062 ῥημάτων
2675 995 2904 1066 ἀπειλῇ,
2943 996 3040 1067 τὴν
3069 997 3155 1051 διά
3187 998 3292 1050 τῶν
3335 1001 3678 1069 πραγμάτων

2014 1082 2322 1154 ὑπέστησαν
2352 1090 2620 1158 τιμωρίαν
2653 1088 2864 1160 ἀθρόον.
2910 1089 3044 1146 Εἶτα
3082 1096 3109 1147 6
3153 1095 3409 1164 τοιαύτην
3452 1096 3674 1149 κόλασιν

2014 1180 2165 1252 [297]
2191 1183 2482 1252 ἐπαγαγὼν
2505 1186 2751 1252 ἐκείνοις,
2776 1189 2836 1241 οὐ
2868 1189 3045 1259 πολλῷ
3075 1191 3272 1262 μᾶλλον
3298 1191 3486 1256 ἐπάξει
3512 1193 3674 1262 ἡμῖνς

2012 1278 2074 1330 οὐ
2113 1279 2219 1349 γὰρ
2247 1279 2504 1334 ἐλάττονα
2537 1283 2644 1336 τῶν
2667 1283 2788 1336 τότε
2811 1286 2996 1339 κακῶν
3020 1285 3088 1339 τά
3118 1285 3212 1338 νῦν
3239 1287 3516 1355 γινόμενα.
3542 1286 3675 1340 Τότε

2017 1374 2114 1442 μὲν
2141 1373 2251 1443 γάρ
2282 1376 2558 1445 ἐπιμιξίας
2599 1377 2813 1432 ἐποίουν
2850 1377 3156 1450 ἀθέσμους·
3197 1378 3503 1448 Εἰσῆλθον
3544 1381 3674 1453 γὰρ,

2013 1473 2196 1540 φησὶν,
2226 1476 2279 1526 οὶ
2306 1475 2420 1527 υΙοὶ
2456 1475 2562 1528 τοῦ
2593 1476 2738 1530 Θεοῦ
2766 1477 2914 1544 πρὸς
2941 1477 3048 1544 τὰς
3078 1477 3403 1548 θυγατέρας
3427 1477 3546 1532 τῶν
3574 1480 3675 1534 ἀν-

2013 1569 2288 1636 θρώπςων⁸
2319 1571 2412 1623 νῦν
2438 1571 2495 1625 δὲ
2525 1573 2624 1625 οὐκ
2661 1574 2806 1628 ἐστιν
2835 1571 2969 1638 εἶδος
3012 1577 3286 1648 ἁμαρτίας
3315 1577 3614 1648 ἄπρακτον,
3649 1575 3676 1629 6

2013 1670 2496 1742 καταλιμπάνεται.

2094 1825 2254 1894 Ἀλλ’,
2282 1829 2330 1883 εί
2361 1829 2527 1896 δοκεῖ,
2557 1830 2651 1884 7:01
2683 1831 2770 1901 ἐφ’
2805 1830 2968 1904 ἕτερα
3001 1831 3272 1896 κολάσεως
3301 1832 3412 1902 είδη
3451 1831 3543 1884 τὸν
3585 1830 3674 1883 λό-

2011 1943 2108 1994 γον
2143 1926 2456 1997 ἀγάγωμεν,
2481 1927 2569 1981 ῖνα
2604 1929 2668 1982 ἐκ
2697 1929 2805 1983 τῶν
2839 1927 3144 1999 γενομένων
3185 1930 3278 1982 7:01
3315 1927 3383 1981 τά
3415 1927 3673 1997 μέλλοντα

2013 2025 2294 2096 πιστευθῇ.
2329 2026 2666 2096 Ἐπεδήμησέ
2711 2045 2795 2090 τις
2836 2028 2989 2098 ὑμῶν
3030 2032 3094 2099 τῇ
3130 2028 3459 2099 Παλαιστίνῃ
3505 2026 3671 2091 ποτέ;

2016 2121 2229 2190 Ἔγωγε
2265 2117 2439 2191 οἶμαι.
2480 2121 2684 2175 Οὐκοῦν
2723 2122 2880 2192 ὑμεῖς
2915 2124 3294 2194 μαρτυρήσατε
3335 2125 3399 2193 τῇ
3446 2119 3675 2193 ἀληθείᾳ

2011 2217 2122 2272 τῶν
2161 2216 2486 2286 λεγομένων.
2522 2217 2854 2280 Ἀσκάλωνος
2896 2218 3004 2287 γὰρ
3045 2219 3138 2272 καὶ
3184 2218 3362 2287 Γάζης
3402 2217 3673 2288 ἀνώτερον

2011 2311 2094 2374 είς
2124 2311 2256 2365 αὐτὸ
2296 2310 2388 2364 τοῦ
2427 2312 2691 2382 Ἰορδάνου
2725 2312 2970 2382 ποταμοῦ
3003 2313 3065 2366 τὸ
3103 2313 3254 2374 τέλος
3297 2309 3364 2383 ἦν
3405 2330 3489 2376 τις
3523 2312 3676 2384 χώρα

2011 2406 2178 2476 πολλή
2207 2423 2264 2459 τε
2293 2408 2385 2459 7:01
2410 2405 2657 2478 εὔφορος,
2688 2411 2782 2462 καὶ
2808 2408 2885 2478 τῷ
2909 2409 3218 2480 παραδείσῳ
3242 2409 3337 2464 τοῦ
3364 2409 3497 2462 Θεοῦ
3524 2409 3678 2480 ἁμιλ-

2008 2499 2254 2574 λωμένη·
2281 2500 2420 2558 Εἷδε
2455 2503 2584 2577 γὰρ,
2611 2504 2763 2574 φησὶ,
2795 2504 2924 2558 Λὼτ
2963 2503 3171 2561 πᾶσαν
3198 2505 3314 2573 τὴν
3347 2507 3678 2576 περίχωρον

2010 2600 2116 2654 τοῦ
2145 2601 2459 2668 Ἰορδάνου,
2500 2600 2596 2655 καὶ
2627 2596 2707 2670 ἦν
2745 2599 3096 2669 ποτιζομένῃ
3135 2601 3215 2666 ὡς
3247 2603 3282 2655 ό
3317 2600 3678 2670 παράδεισος

2011 2698 2116 2752 τοῦ
2155 2699 2321 2752 Θεοῦ.
2359 2698 2520 2752 Ἀλλά
2566 2698 2661 2753 νῦν
2704 2697 2841 2768 αὕτη
2878 2699 3064 2751 πασῶν
3095 2698 3204 2751 τῶν
3258 2700 3482 2770 ἐρήμων
3529 2700 3678 2753 ἐστὶν

2012 2793 2337 2864 ἐρημοτέρα,
2361 2793 2598 2863 Ἔστηκε
2645 2792 2740 2863 μὲν
2773 2791 2881 2863 γὰρ
2905 2792 3122 2864 δένδρα,
3163 2793 3258 2847 7:01
3295 2793 3509 2864 καρπὸν
3540 2793 3674 2864 ἔχει,

2013 2889 2042 2942 6
2063 2889 2119 2943 δὲ
2146 2889 2357 2960 καρπὸς
2378 2889 2476 2960 τῆς
2501 2889 2593 2942 τοῦ
2617 2889 2749 2942 Θεοῦ
2777 2889 2944 2961 ὀργῆς
2966 2893 3113 2944 ἐστιν
3139 2890 3353 2962 ύπόμνη
3363 2909 3457 2960 μα.
3487 2889 3677 2960 Ἐστή-

2013 3003 2141 3039 κασι
2172 2985 2280 3056 γὰρ
2332 2985 2473 3056 ροιαὶ
2517 2985 2774 3056 λαμπράν
2807 2987 2905 3055 μὲν
2939 2985 3156 3056 ἔχουσαι
3185 2986 3286 3056 τὴν
3335 2987 3674 3056 ἐπιφάνειαν,

2013 3082 2108 3136 7:01
2138 3081 2378 3154 χρηστάς
2401 3081 2734 3152 παρέχουσαι
2765 3083 2877 3145 τοῖς
2913 3081 3195 3149 ἀγνοοῦσιν
3231 3081 3470 3145 ἐλπίδας,
3505 3084 3585 3146 είς
3622 3081 3678 3135 δὲ

2012 3179 2200 3249 χεῖρας
2229 3178 2530 3248 ,ληφθεῖσαι
2563 3179 2657 3231 καὶ
2703 3177 3111 3232 διακλασθεῖσαι
3131 3218 3148 3244 ,
3195 3177 3407 3249 καρπὸν
3450 3178 3549 3248 μὲν
3586 3178 3681 3232 οὐ·

2011 3275 2155 3340 δένα,
2197 3275 2344 3330 κόνιν
2389 3275 2445 3328 δὲ
2484 3274 2578 3328 7:011
2606 3273 2815 3345 τέφραν
2856 3273 3252 3328 ἐπιδείκνυνται
3298 3273 3496 3346 πολλὴν
3533 3273 3681 3329 ινδον

2010 3371 2397 3442 ἀποκειμένην.
2439 3369 2673 3441 Τοιαύτη
2708 3370 2822 3424 ἐστὶ
2862 3370 2958 3424 7:01
3004 3372 3036 3440 ἡ
3075 3371 3179 3439 γῆ,
3226 3370 3456 3423 τοιοῦτοι
3494 3371 3586 3424 7:01
3631 3374 3682 3425 οἱ

2010 3467 2174 3533 λίθοι,
2209 3467 2445 3532 τοιοῦτος
2477 3467 2571 3521 7:01
2609 3469 2637 3520 6
2683 3466 2793 3538 ἀὴρ
2825 3466 3004 3530 αὐτός.
3041 3465 3229 3520 Πάντα
3265 3465 3678 3537 ἐμπέπρησται,

2013 3565 2189 3619 πάντα
2214 3564 2566 3636 τετέφρωται,
2596 3565 2694 3636 τῆς
2723 3561 3099 3633 προλαϐούσης
3123 3561 3290 3634 ὀργῆς
3318 3560 3528 3630 ὑπομνή
3538 3575 3682 3630 ματα

2013 3658 2167 3725 ὅντα,
2209 3661 2308 3732 τῆς
2343 3659 2640 3730 μελλούσης
2671 3658 2944 3722 κολάσεως
2994 3655 3419 3730 προμηνύματα.
3451 3654 3543 3726 Μὴ
3584 3655 3682 3709 7:01

2012 3755 2183 3809 ταῦτα
2206 3756 2424 3808 ἀπειλαὶ
2455 3756 2741 3827 ῥημάτων;
2775 3755 2848 3826 μὴ
2881 3753 2974 3808 καὶ
3001 3751 3172 3807 ταῦτα
3194 3751 3356 3821 ψόφοι
3393 3751 3678 3824 ῥημάτων;

2014 3850 2083 3903 Εί
2100 3867 2184 3912 τις
2216 3851 2435 3904 ἀπιστεῖ
2465 3854 2531 3921 τῇ
2566 3850 2776 3921 γεέννῃ,
2804 3848 2870 3902 τά
2899 3849 3108 3919 Σόδομα
3139 3847 3457 3916 λογιζέσθω,
3494 3846 3684 3900 τάΤό-

2020 3946 2197 4015 μορρα
2227 3944 2498 4010 ἐννοείτω,
2527 3944 2625 4013 τὴν
2651 3943 2919 4013 τιμωρίαν
2944 3943 3040 4014 τὴν
3065 3943 3163 4012 ήδη
3191 3940 3562 4011 γεγενημένην
3588 3938 3682 3993 7:01

2021 4041 2184 4111 μέχρι
2216 4037 2309 4093 νῦν
2356 4039 2641 4108 μένουσαν.
2683 4038 2858 4106 Ὅπερ
2889 4037 2983 4090 καὶ
3015 4039 3048 4105 ἡ
3093 4035 3214 4088 θεία
3242 4035 3432 4104 Γραφὴ
3465 4036 3682 4104 διηγου-

2023 4137 2156 4208 μένη
2185 4137 2312 4208 περὶ
2349 4135 2450 4201 τῆς
2481 4135 2670 4202 σοφίας
2705 4132 2900 4203 φησίνο
2943 4131 3104 4199 Αὕτη
3142 4131 3395 4194 δίκαιον,
3429 4129 3685 4192 ἐξαπολ-

2018 4233 2294 4303 λυμένων
2342 4227 2606 4294 ἀσεϐῶν,
2653 4228 2946 4297 ἐρρύσατο
2996 4225 3265 4296 φυγόντα
3323 4221 3686 4278 καταϐάσιον

2019 4328 2139 4396 πῦρ
2172 4329 2618 4392 Πενταπόλεως.
2659 4323 2808 4393 Αὕτη
2846 4323 2941 4377 καὶ
2978 4322 3074 4377 νῦν
3113 4322 3191 4376 ἔτι
3229 4324 3311 4387 είς
3352 4321 3688 4390 Μαρτύριον

2018 4423 2132 4493 τῆς
2175 4424 2463 4492 πονηρίας
2505 4419 2896 4490 καπνιζομένη
2941 4421 3278 4488 καθέστηκε
3316 4419 3554 4488 χέρσος,
3585 4417 3683 4472 καὶ

2018 4522 2302 4576 ἀτελέσιν
2329 4519 2507 4588 ὥραις
2550 4517 3016 4588 καρποφοροῦσα
3045 4518 3118 4571 τὰ
3149 4514 3325 4585 φυτά.
3368 4515 3688 4582 Ἀναγκαῖον

2019 4619 2074 4672 δὲ
2111 4618 2206 4671 καὶ
2240 4618 2340 4689 τὴν
2367 4617 2544 4671 αἰτίαν
2571 4617 2764 4678 εἰπεῖν,
2796 4615 2863 4668 δι’
2888 4614 2955 4684 ἢν
2985 4613 3159 4667 ταῦτα
3204 4609 3555 4664 πεπόνθασιν.
3590 4611 3687 4664 Ἐν

2019 4712 2094 4788 ἦν,
2111 4716 2168 4770 τὸ
2193 4717 2437 4784 πταῖσμα
2465 4715 2663 4778 αὐτῶν,
2692 4711 2924 4783 χαλεπὸν
2955 4711 3054 4780 μὲν
3093 4709 3187 4763 καὶ
3210 4707 3482 4776 ἐπάρατον
3503 4722 3518 4737 ο
3549 4705 3688 4778 πλὴν

2019 4813 2097 4867 ἐν.
2143 4811 2386 4866 110110111b
2427 4810 2800 4880 ἐπεμαίνοντο,
2835 4807 2929 4860 2:011
2971 4805 3058 4857 διά
3103 4802 3258 4854 τοῦτο
3307 4800 3520 4872 πυρίνῳ
3555 4817 3686 4854 κατ·-

2021 4907 2331 4977 εκαύθησαν
2360 4903 2528 4974 ὐετῷ·
2561 4902 2654 4956 νῦν
2679 4903 2736 4955 δέ
2779 4901 2944 4970 μυρία
2976 4897 3069 4950 καὶ
3098 4897 3186 4950 ίσα
3212 4896 3306 4950 7:01
3330 4894 3686 4967 χαλεπώτερα

2021 5005 2258 5073 γίνεται,
2317 5001 2412 5054 καὶ
2461 4998 2699 5058 τοιοῦτος
2758 4993 3088 5064 ἐμπρησμὸς
3139 4991 3200 5045 ού
3254 4991 3484 5060 γίνεται.
3531 4991 3688 5054 Τίνος

2021 5099 2236 5163 ἐνεκεν;
2269 5094 2393 5149 Ὀτι
2427 5094 2538 5161 πῦρ
2575 5091 2760 5164 ἕτερον
2793 5089 3136 5160 ἡτοίμασται,
3180 5087 3444 5159 μηδέποτε
3471 5085 3688 5141 σϐεννύο

2027 5213 2204 5267 μενον.
2263 5192 2388 5256 Πῶς
2423 5190 2533 5260 γὰρ
2561 5191 2590 5241 6
2631 5188 2770 5258 ὑπὲρ
2813 5175 2931 5250 ἐνὸς
2980 5187 3372 5258 ἁμαρτήματος
3419 5185 3686 5253 τοσαύτην

2023 5289 2190 5362 ὀργὴν
2220 5284 2534 5354 ἐπαγαγὼν,
2565 5283 2659 5335 7:01
2693 5283 2827 5353 μήτε
2863 5281 2956 5335 τοῦ
2995 5281 3246 5352 Ἀϐραάμ
3275 5282 3372 5351 τὴν
3406 5278 3686 5349 ἱκετηρίαν

2025 5381 2343 5452 δεξάμενος,
2382 5378 2518 5448 μήτε
2565 5375 2655 5430 τὸν
2689 5373 2892 5429 ἐνοικον
2946 5375 3284 5444 δυσωπηθεὶς
3314 5372 3457 5435 Λὼτ,
3501 5366 3686 5425 τοσού-

2091 5633 2117 5663 α
2139 5630 2274 5683 Colb.
2306 5632 2401 5679 τῶν
2425 5630 2570 5685 ξύλων
2589 5632 2924 5693 ὑφαινομένων.
3095 5685 3108 5693 _
3289 5684 3293 5687 ι

2093 5696 2119 5736 b
2148 5695 2228 5744 Sic
2251 5699 2383 5743 recte
2409 5693 2541 5745 Colb.
2571 5685 2789 5743 ln'Savii.
2816 5691 3062 5752 ἐπάρατον·
3089 5685 3135 5734 ἐν
3159 5685 3336 5732 παισίν.
