3962 6190
638 309 747 366 289

631 431 738 467 των
770 412 953 468 κακῶν
985 409 1285 480 γινομένων
1314 407 1560 477 φείσεται
1582 409 1776 480 ήμῶνς
1811 412 1924 464 Οὐκ
1957 413 2069 466 ἔστι
2097 411 2291 477 ταῦτα,

631 509 730 562 οὐκ
763 507 930 560 ἔστιν.

705 592 776 661 η’.
812 589 970 644 Ἀλλά
999 589 1073 661 μή
1098 589 1257 660 μέχρι
1289 586 1491 640 τούτων
1513 585 1726 655 στῶμεν
1746 602 1760 617 ο
1793 586 1945 655 φέρε,
1969 585 2185 658 ἐτέρους
2218 585 2297 648 εἰς

639 679 804 748 μέσον
849 676 1146 747 ἀγάγωμεν
1186 673 1543 737 κολασθέντας
1567 713 1580 736 ,
1615 675 1703 727 ἴνα
1739 673 1825 727 διά
1865 673 2120 726 πλειόνων
2164 674 2303 726 ἀπο·

636 763 855 828 δείξεων
916 763 1158 834 πιστωθῇ
1216 761 1286 815 τὰ
1348 760 1632 830 λεγόμενα.
1689 759 1790 812 Τὸν
1843 759 2042 830 Φαραὼ
2100 760 2299 821 πάντες

635 846 858 900 ἀκούετε
890 846 979 898 τὸν
1015 845 1236 914 βασιλέα
1267 843 1374 897 τῶν
1401 842 1713 910 Αἰγυπτίων
1731 858 1743 871 ·
1775 841 1968 894 οὐκοῦν
1997 841 2180 894 οἴδατε
2206 840 2300 894 zeal

645 931 745 1001 τὴν
785 931 961 1001 δίκην,
1008 932 1074 1000 ἢν
1106 930 1322 993 ἔδωκεν,
1365 929 1512 990 ὅπως
1554 929 1650 981 σὺν
1697 926 1904 999 ἅρμασι
1937 928 2031 980 zeal
2078 927 2298 994 ἵπποις,

652 1018 790 1088 μετά
829 1017 924 1071 τοῦ
971 1017 1328 1086 στρατοπέδου
1374 1014 1572 1077 παντὸς
1626 1015 1704 1072 είς
1736 1013 1797 1066 τὸ
1851 1013 2144 1084 ἐρυθραῖον·
2173 1030 2304 1066 κατ-

642 1104 936 1175 εποντίσθη
989 1103 1241 1170 πέλαγος.
1279 1102 1394 1155 Ἵνα
1425 1101 1482 1154 δὲ
1523 1098 1744 1160 καὶτὰς
1784 1099 2045 1151 Ἰουδαίων
2097 1097 2301 1168 μάθητε

637 1189 905 1254 κολάσεις,
943 1188 1106 1243 ἄκουε
1136 1186 1345 1240 Παύλου
1391 1185 1670 1253 λέγοντος·
1707 1183 1871 1250 Μηδὲ
1908 1183 2290 1250 πορνεύωμεν

636 1275 831 1340 καθώς
874 1292 1033 1341 τινες
1077 1271 1274 1327 αὐτῶν
1313 1273 1706 1339 ἐπόρνευσαν,
1744 1269 1842 1322 καὶ
1888 1267 2112 1322 ἔπεσον
2143 1266 2296 1339 [298]

637 1362 707 1422 ἐν
723 1360 831 1430 μιᾷ
860 1360 1048 1429 ἡμέρᾳ
1076 1359 1269 1412 εἴκοσι
1300 1356 1454 1423 τρεῖς
1493 1354 1786 1424 χιλιάδες-ο
1813 1353 1969 1423 μηδὲ
2016 1351 2300 1423 γογγύζω-

638 1463 772 1515 μεν,
806 1445 995 1508 καθώς
1035 1461 1196 1509 τινες
1232 1441 1429 1497 αὐτῶν
1455 1442 1814 1511 ἐγόγγυσαν,
1853 1442 1951 1494 καὶ
1993 1440 2306 1494 ἀπώλοντο

639 1533 758 1588 ὑπὸ
797 1533 902 1587 τοῦ
936 1529 1292 1599 ὀλοθρευτοῦ
1312 1546 1326 1561 ’
1355 1527 1513 1597 μηδὲ
1543 1527 1898 1595 πειράζωμεν
1934 1527 2040 1580 τὸν
2068 1527 2304 1594 Κύριον,

640 1617 831 1685 καθώς
876 1635 1033 1682 τινες
1077 1617 1276 1670 αὐτῶν
1307 1616 1651 1682 ἐπείρασαν,
1684 1613 1782 1666 καὶ
1810 1612 1930 1666 ὑπὸ
1969 1611 2089 1666 τῶν
2116 1612 2309 1680 ὄφεων

641 1705 968 1759 ἀπώλοντο.
1001 1705 1064 1757 Εί
1089 1702 1147 1755 δὲ
1184 1703 1420 1755 κάκεῖνοι
1447 1699 1670 1753 τοιαῦτα
1701 1698 2026 1751 πεπόνθασιν
2071 1698 2208 1768 ὑπὲρ
2232 1691 2306 1750 ὧν

640 1793 904 1863 ἥμαρτον,
932 1791 983 1843 τί
1008 1803 1030 1830 ο
1060 1790 1121 1842 ού
1155 1787 1451 1857 πεισόμεθα
1475 1788 1672 1856 ήμεῖς;
1708 1784 1867 1837 Ἀλλά
1898 1783 1991 1836 νῦν
2019 1783 2168 1836 οὐδὲν
2198 1799 2303 1837 πα-

643 1878 878 1948 σχόμεθα
897 1877 1086 1938 δεινὸν,
1113 1875 1207 1928 zeal
1227 1873 1314 1927 διά
1335 1871 1490 1926 τοῦτο
1519 1872 1752 1942 μάλιστα
1769 1871 2058 1924 δεδοικέναι
2077 1871 2203 1941 χρή.
2232 1870 2306 1924 Οὐ

641 1966 750 2036 γάρ
777 1966 870 2020 ἐπὶ
899 1962 976 2034 τῷ
1012 1963 1086 2033 μὴ
1118 1960 1300 2013 δοῦναι
1330 1960 1504 2029 δίκην,
1534 1958 1644 2011 ἀλλ’
1670 1957 1762 2010 ἐπὶ
1787 1956 1863 2027 τῷ
1891 1957 2106 2028 χείρονα
2127 1956 2308 2010 δοῦναι

641 2051 974 2122 τηρούμεθα,
1008 2051 1056 2102 εί
1095 2048 1168 2119 μὴ
1202 2045 1652 2118 μεταϐαλοίμεθα.
1693 2045 1918 2097 Ἐκεῖνοι
1949 2045 2047 2114 μὲν
2078 2046 2186 2115 γὰρ
2209 2044 2309 2097 οὐκ

641 2139 862 2210 ᾔδεισαν
895 2137 993 2207 τὴν
1028 2135 1271 2202 γέενναν,
1300 2133 1395 2186 zeal
1427 2134 1544 2194 ταῖς
1584 2129 1818 2184 ἐνταῦθα
1862 2129 2204 2201 παρεδίδοντο
2230 2147 2311 2182 τι-

646 2224 907 2296 μωρίαιςο
945 2223 1102 2292 ἡμεῖς
1137 2221 1193 2272 δὲ
1223 2221 1322 2272 ὅσα
1355 2217 1420 2272 ἂν
1453 2218 1807 2288 ἀμάρτωμεν,
1835 2217 1937 2270 κᾶν
1970 2217 2132 2288 μηδὲν
2166 2217 2312 2270 ἀνια-

649 2311 738 2381 ρδν
762 2311 820 2362 ἐν
845 2308 922 2378 τῷ
953 2309 1181 2378 παρόντι
1213 2306 1312 2376 βίῳ
1344 2305 1622 2375 πάθωμεν,
1661 2306 1718 2356 ἐν
1744 2303 1822 2374 τῷ
1859 2302 2104 2373 μέλλοντι
2134 2305 2310 2357 πάντα

644 2395 963 2468 πεισόμεθα.
1007 2395 1127 2457 Πῶς
1158 2394 1265 2464 γὰρ
1311 2392 1376 2446 ἂν
1417 2390 1529 2462 έχοι
1572 2390 1748 2458 λόγον,
1795 2390 2035 2453 ἐκείνους
2071 2390 2168 2461 μὲν
2209 2407 2310 2459 νηο

643 2481 1032 2553 πιωδεστέρους
1064 2480 1221 2544 ὄντας
1272 2477 1495 2531 τοιαῦτα
1530 2475 1879 2540 πεπονθέναι,
1924 2476 2072 2546 ἡμᾶς
2114 2476 2172 2528 δὲ
2219 2493 2304 2528 τεο

645 2568 926 2639 λειοτέρων
953 2567 1361 2625 ἀπολαύσαντας
1392 2560 1747 2632 μαθημάτων,
1791 2561 1885 2614 καὶ
1921 2560 2052 2614 πολὺ
2094 2560 2311 2631 χείρονα

646 2655 936 2717 πταίοντας
975 2652 1218 2717 ἐκείνων,
1248 2650 1527 2716 δ.αφυγεῖν
1565 2645 1664 2710 τὰς
1694 2646 2000 2718 τιμωρίας;
2043 2646 2304 2710 Βούλεσθε

648 2741 742 2794 καὶ
767 2739 865 2802 τάς
897 2738 1086 2800 λοιπάς
1122 2735 1300 2790 αὐτῶν
1339 2733 1565 2788 ἀκοῦσαι
1599 2734 1902 2804 συμφορὰς,
1938 2733 2068 2796 ὅσας
2106 2732 2306 2787 έπαθον

647 2827 704 2879 ἐν
735 2823 1060 2894 Παλαιστίνῃ
1090 2823 1193 2875 ὑπὸ
1220 2819 1572 2873 Βαὸυλωνίων
1609 2819 1705 2872 zeal
1740 2819 2037 2890 Ἀσσυρίων
2068 2819 2161 2871 zeal
2189 2820 2308 2873 M1-

647 2911 903 2976 κεδόνων;
938 2911 1092 2973 ὅσους
1128 2907 1423 2976 ὑπέμειναν
1460 2905 1670 2976 λιμοὺς,
1715 2905 1955 2975 λοιμοὺς,
2011 2904 2306 2974 πολέμους,

647 2996 1021 3067 αίχμαλωσίας
1049 2995 1140 3047 ἐπὶ
1178 2994 1334 3047 Τίτου
1371 2991 1466 3045 zeal
1500 2990 1946 3057 Οὐεσπασιανοῡ;
1979 2991 2091 3060 Τήν
2129 2991 2311 3063 Ἰωσή-

650 3101 752 3136 που
793 3082 968 3152 βίὸλον
1011 3082 1304 3150 ἀνάγνωτε,
1333 3080 1398 3150 ἢν
1431 3077 1635 3149 ἔγραψε
1670 3077 1798 3149 περὶ
1829 3077 1929 3147 τῆς
1958 3078 2066 3133 τῶν
2096 3079 2312 3149 Ἰεροσοέ

650 3168 835 3238 λύμων
883 3167 1161 3230 ἁλώσεως,
1208 3165 1301 3218 zeal
1336 3163 1640 3235 μαθήσεσθε
1690 3162 1791 3234 τὴν
1842 3163 2044 3233 πικρὰν
2095 3163 2310 3234 ἐκείνην

649 3253 975 3326 τραγῳδίαν.
1019 3253 1172 3306 Μετὰ
1203 3251 1310 3321 γὰρ
1332 3250 1438 3304 τῶν
1467 3250 1638 3304 ἀλλων
1686 3249 1896 3313 δεινῶν,
1932 3252 2010 3313 εἰς
2044 3249 2309 3320 τοσαύτην

652 3340 810 3412 λιμοῦ
851 3339 1171 3411 περιέπεσον
1202 3337 1524 3408 ὑπερϐολὴν,
1548 3337 1622 3400 ὡς
1654 3337 1748 3390 καὶ
1774 3335 1874 3398 τάς
1899 3335 2074 3400 ζώνας
2107 3336 2306 3402 αὐτῶν,

655 3429 746 3481 zeal
771 3426 840 3480 τά
872 3427 1210 3496 ὑποδήματα,
1236 3424 1330 3478 zeal
1361 3423 1426 3475 τὰ
1463 3421 1662 3475 τούτων
1684 3422 1884 3475 ἐσθίειν
1914 3421 2308 3493 βδελυρώτερα.

655 3513 839 3568 Πάντα
891 3513 996 3581 γὰρ
1033 3511 1122 3563 ὑπ’
1161 3509 1377 3572 ὀδόντας
1419 3504 1552 3579 ἦγεν
1597 3511 1630 3577 ή
1679 3507 1922 3577 ἀνάγκη,
1974 3505 2154 3570 καθώς
2204 3507 2306 3560 πού

656 3616 819 3670 φησιν
859 3599 887 3651 ό
921 3597 1234 3668 προλεχθεὶς
1281 3593 1644 3664 συγγραφεύς.
1681 3593 1789 3644 Kal
1834 3592 1953 3644 ούδέ
1985 3592 2144 3663 μέχρι
2181 3592 2308 3645 τού-

655 3703 765 3739 των
801 3685 1052 3755 έστησαν,
1080 3683 1214 3737 ἀλλά
1239 3683 1332 3736 zeal
1367 3683 1474 3734 τῶν
1507 3681 1648 3734 ίδίων
1678 3679 2046 3746 ἀπεγεύσαντο
2076 3680 2300 3732 τέκνων.

660 3771 784 3838 Πῶς
824 3766 936 3833 οὖν,
967 3769 1185 3824 ἐκείνων
1224 3768 1474 3833 τοιαύτας
1517 3766 1821 3820 δεδωκότων
1854 3765 2026 3830 δίκας,
2071 3767 2232 3836 ἡμεῖς
2264 3767 2314 3819 οί

659 3857 728 3911 τὰ
771 3857 987 3926 χείρονα
1020 3855 1220 3908 τούτων
1261 3855 1587 3923 πράττοντες
1624 3851 2064 3921 διαφευξώμεθω
2110 3853 2172 3906 Ei
2205 3853 2315 3925 γάρ

730 3969 760 4002 ⁸
785 3969 930 4022 Suvil.
955 3968 1173 4031 quaedam
1193 3969 1372 4028 omisit,
1395 3981 1505 4028 qua:
1529 3968 1854 4016 restituuntur
1872 3977 1935 4015 ex
1960 3963 2173 4015 Colbert.

1437 301 1492 356 S.
1531 298 1814 357 JOANNIS
1850 298 2321 360 CHRYSOSTOMI
2362 303 2678 360 ARCHIEP.
2721 302 3259 360 CONSTANTI‘NOP.

2400 422 2594 474 ἐκεῖνοι
2639 421 3005 491 ἐκολάσθησαν
3037 419 3176 480 τότε,
3221 415 3306 470 διὰ
3337 413 3390 468 τί
3421 417 3552 486 ἡμεῖς
3581 417 3630 470 οὐ
3653 418 3708 471 κοῖ

2398 505 2524 570 νῦν;
2557 505 2690 575 Οὐχὶ
2720 507 2814 559 zeal
2842 504 3025 574 τυφλῷ
3051 504 3227 573 δῆλον,
3252 502 3330 555 δτι
3356 501 3434 554 διὰ
3461 502 3511 554 τὸ
3539 503 3708 555 ἀποκεῖι

2399 594 2457 644 ἐν
2481 591 2556 662 τῷ
2587 592 2827 661 μέλλοντι
2977 590 3212 651 κόλασιν,
3244 586 3416 649 καθὼς
3439 587 3550 657 ἔφην
3574 589 3707 640 πολλὰ

2399 679 2455 732 δὲ
2481 677 2788 747 λογίζεσθαι
2825 677 2961 750 πρὸς
2989 675 3197 736 τούτοις
3229 675 3322 726 zeal
3355 673 3418 725 τά
3441 672 3523 726 νῦν
3545 676 3591 726 ὲν
3618 674 3676 742 τῷ

2404 779 2558 831 μενα,
2603 759 2697 814 zeal
2738 761 2838 813 οὐκ
2869 758 3238 829 ἀπιστήσομεν
3271 758 3336 826 τῇ
3365 755 3548 824 γεέννῃ.
3583 755 3633 808 Et
3657 758 3708 822 γᾶ

2401 849 2544 902 ἔστιν
2577 849 2606 900 ὁ
2629 847 2758 909 Θεὸς
2787 845 2881 898 καὶ
2909 843 3417 915 ἀπροσωπόληπτος.
3447 840 3608 909 ῶσπερ
3632 838 3704 893 οὖν

2400 937 2542 999 τίνος
2593 936 2777 988 ἕνεκεν
2807 935 2856 987 οἱ
2899 933 2994 1003 μὲν
3032 931 3264 984 διδόασιν
3307 926 3519 982 ἐνταῦθα
3567 929 3708 994 φόνων

2401 1023 2459 1075 δὲ
2494 1025 2554 1076 οὐ
2587 1022 2855 1084 διδόασιν;
2901 1020 2948 1071 οί
2998 1017 3096 1088 μὲν
3129 1015 3234 1068 τῶν
3272 1013 3462 1084 μοιχῶν
3501 1013 3708 1082 τιμωροῦ*

2401 1108 2718 1162 τελευτῶσιν
2763 1104 3135 1177 ἀτιμώρητοι;
3184 1102 3337 1154 πόσοι
3388 1099 3686 1170 τυμδωρύχοι

2403 1197 2556 1248 πόσοι
2588 1193 2813 1267 λῃσταίς
2855 1191 3009 1245 πόσοι
3055 1188 3402 1253 πλεονέκταις
3447 1188 3583 1240 πόσοι
3624 1187 3708 1255 ἆρπ

2402 1278 2494 1335 οὖν
2526 1281 2716 1349 γέεννα
2756 1278 2828 1350 μὴ
2859 1274 2927 1352 ᾖ,
2953 1277 3054 1330 ποῦ
3087 1275 3355 1345 τιμωρίαν
3391 1273 3648 1340 ὑφέξουσιν
3671 1271 3707 1336 ;“

2405 1367 2568 1436 θομεν
2598 1366 2722 1429 τοὺς
2757 1364 3152 1430 ἀντιλέγοντας,
3178 1362 3257 1413 ὅτι
3286 1361 3384 1412 οὐκ
3412 1358 3516 1410 ἐστι
3548 1356 3692 1426 μῦθος

2404 1458 2500 1524 τῆς
2532 1453 2720 1522 λόγος;
2765 1450 2919 1505 Οὕτω
2945 1451 3054 1520 γάρ
3087 1450 3231 1502 ἐστιν
3261 1445 3479 1517 ἀληθὴς,
3509 1447 3582 1497 ὅτι
3616 1445 3699 1513 οὔχ

2405 1561 2516 1609 νον,
2542 1543 2678 1597 ἀλλά
2702 1543 2796 1595 zeal
2823 1540 3045 1610 ποιηταὶ
3071 1539 3164 1592 zeal
3202 1537 3472 1606 φιλόσοφοι
3507 1535 3593 1587 zeal
3615 1534 3708 1600 λογι

2407 1632 2502 1702 τῆς
2531 1630 2823 1700 μελλούσης
2855 1626 3257 1688 ἀνταποδόσεως
3289 1622 3708 1692 ἐφιλοσόφησαν,τ

2402 1718 2718 1782 κολάζεσθαι
2745 1718 2870 1780 τοὺς
2906 1714 3174 1785 πονηρους
3209 1712 3509 1782 εἰρήκασιν.
3542 1710 3598 1760 Ei
3625 1709 3708 1775 γᾶς

2401 1805 2674 1876 ἀληθείας,
2717 1803 2791 1866 ὡς
2822 1803 2933 1872 ἔχει
2978 1800 3171 1861 ταῦτα,
3219 1800 3391 1850 εἰπεῖν
3429 1798 3524 1849 οὐκ
3558 1795 3707 1864 ὴδυνή

2401 1892 2506 1944 ἀπὸ
2531 1889 2804 1960 λογισμῶν
2837 1886 3145 1957 κινηθέντες
3171 1885 3260 1937 zeal
3290 1882 3708 1954 παρακουσμάτω

2402 1980 2550 2049 ἡμῖν,
2579 1976 2690 2030 ἀλλ’
2721 1976 2867 2046 ὅμως
2897 1972 3078 2026 είκόνα
3115 1971 3236 2024 τινὰ
3267 1969 3500 2040 κρίσεως
3527 1968 3702 2022 ἐλαῦον

2402 2065 2508 2135 γάρ
2553 2061 2681 2132 φασί
2734 2077 2885 2122 τινας
2923 2058 3019 2112 zeal
3069 2055 3569 2126 Πυριφλεγέθοντας
3603 2070 3708 2105 ποτε

2402 2152 2601 2220 Στυγὸς
2624 2150 2787 2219 ὕδωρ,
2812 2148 2905 2201 zeal
2931 2147 3212 2217 Τάρταρον
3237 2141 3489 2198 τοσοῦτον
3512 2144 3708 2212 ἀπέχον

2401 2240 2525 2292 ὅσον
2571 2237 2708 2305 αὕτη
2739 2233 2834 2288 τοῦ
2873 2231 3124 2303 ούρανοῦ,
3159 2233 3251 2285 zeal
3282 2231 3512 2294 πολλοὺς
3543 2231 3708 2300 ἑτέροι

2403 2325 2663 2396 τρόπους·
2701 2322 2795 2375 zeal
2836 2320 2984 2392 [Q99]
3022 2319 3182 2372 πάλιν
3214 2317 3464 2370 Ἠλύσιον
3516 2317 3708 2378 πεδίον,

2406 2428 2510 2482 ρων
2537 2411 2754 2480 νήσους,
2792 2411 2887 2461 zeal
2919 2407 3187 2477 λειμῶνας
3228 2405 3494 2468 εὐανθεῖς,
3535 2404 3630 2457 zeal
3674 2421 3708 2454 ετ

2401 2497 2520 2566 λὴν,
2560 2497 2654 2550 zeal
2679 2493 2852 2566 αὔραν
2905 2494 3126 2564 λεπτὴν,
3155 2494 3248 2546 zeal
3274 2495 3472 2563 χοροὺς
3506 2494 3622 2544 ἐκεῖ
3659 2491 3704 2543 δι

2402 2587 2496 2636 zeal
2523 2581 2718 2652 λευκὴν
2745 2580 3235 2653 περιϐεϐλημένους
3261 2577 3478 2650 στολὴν,
3502 2581 3598 2632 zeal
3629 2579 3708 2649 ᾆδε

2400 2671 2571 2736 τινάς,
2602 2671 2697 2724 zeal
2723 2670 2857 2732 ὅλως
2885 2669 2976 2722 zeal
3017 2669 3240 2736 ἀγαθοῖς
3273 2669 3370 2721 zeal
3419 2669 3678 2738 πονηροῖς

2401 2758 2666 2812 ἀντίδοσιν
2702 2754 2840 2825 μετά
2883 2753 2979 2824 τὴν
3027 2753 3274 2807 ἐντεῦθεν
3325 2753 3530 2818 ἔξοδον.
3577 2753 3671 2823 Μὴ

2405 2844 2614 2914 στῶμεν
2658 2845 2723 2912 τῇ
2791 2841 3018 2911 γεέννῃ,
3075 2840 3162 2892 ἵνα
3219 2838 3294 2910 μὴ
3355 2840 3697 2911 ἐμπέσωμεν

2404 2932 2432 2983 ό
2464 2931 2570 3000 γὰρ
2607 2927 2868 2990 ἀπιστῶν,
2917 2924 3281 2997 ρᾳθυμότερος
3332 2926 3590 2993 γίνεται·
3627 2927 3656 2978 ὁ
3698 2923 3708 2973 ί

2405 3019 2484 3079 είς
2517 3015 2685 3086 αὐτὴν
2717 3012 3072 3068 ἀπελεύσεται
3122 3012 3338 3075 πάντως
3358 3027 3376 3043 ο
3427 3011 3573 3065 ἀλλά
3609 3011 3703 3064 zeal

2403 3101 2826 3164 ἀνενδοιάστως,
2876 3100 2969 3153 zeal
3006 3097 3381 3168 διαλεγώμεθα
3417 3099 3557 3170 περὶ
3608 3098 3708 3150 αυτ

2405 3187 2500 3241 zeal
2537 3188 2596 3241 οὐ
2641 3186 2846 3256 ταχέως
2888 3183 3336 3256 ἁμαρτησόμεθα.
3374 3185 3506 3236 Τῶν
3558 3184 3674 3253 γὰρ

2407 3292 2516 3342 γων
2555 3275 2590 3344 ή
2635 3273 2822 3344 μνήμη
2847 3311 2862 3335 ,
2915 3271 3165 3337 καθάπερ
3201 3287 3254 3322 τι
3288 3269 3595 3341 φάρμακον
3651 3287 3708 3321 πι

2395 3359 2605 3414 ,κακίαν
2652 3357 2964 3428 ἀπσμῆξαι
3010 3358 3325 3426 δυνήσεται,
3367 3356 3688 3418 διαπαντδς

2407 3461 2571 3498 νουσα
2607 3447 2673 3514 τῇ
2717 3444 2881 3513 ψυχῇ.
2923 3442 3270 3514 Χρησώμεθα
3306 3443 3495 3496 τοίνυν
3541 3441 3707 3510 αὐτῷ

2407 3531 2589 3594 θέντες
2637 3530 2844 3595 καλῶς,
2885 3529 3206 3600 ἀξιωθῶμεν
3253 3529 3383 3582 ἰδεῖν
3431 3529 3538 3583 τὸν
3575 3529 3708 3580 Θεὸι

2407 3635 2529 3676 ποις
2576 3617 2702 3670 ίδεῖν
2751 3615 2993 3680 δυνατὸν,
3043 3616 3137 3668 zeal
3171 3615 3276 3667 τῶν
3331 3614 3665 3684 μελλόντων

2407 3701 2645 3771 ἀγαθῶν,
2689 3701 2868 3772 χάριτι
2914 3703 3006 3754 zeal
3055 3700 3437 3772 φιλανθρωπίᾳ
3495 3699 3606 3753 τοῦ
3677 3701 3708 3751 ιδ

2421 3788 2591 3860 Ἰησοῦ
2618 3789 2872 3860 Χριστοῦ.
2904 3788 3059 3860 Αὐτῷ
3094 3791 3125 3859 ἡ
3160 3787 3286 3852 δόξα
3317 3790 3397 3851 είς
3423 3789 3570 3853 τοὺς
3606 3789 3708 3842 ald

2410 3894 2536 3929 νων.
2571 3876 2762 3945 Ἀμήν.

2174 4919 2550 4980 MONITUM

803 5159 1178 5218 Antiochiaene
1225 5180 1293 5218 an
1347 5164 1812 5237 Constantinopoli
1865 5167 2006 5222 lianc
2054 5167 2332 5224 bomiliam
2373 5167 2624 5225 habuerit
2646 5167 3088 5242 Cbrysostomus,
3137 5171 3286 5227 nulla
3328 5186 3700 5242 possumus

738 5299 973 5372 assequi.
1006 5300 1134 5354 Eam
1161 5317 1321 5370 porro
1343 5301 1478 5356 dixit
1525 5303 1593 5356 ad
1628 5318 1819 5358 recens
1856 5302 2157 5374 baptizatos
2199 5313 2253 5359 et
2291 5303 2653 5372 illuminatos;
2710 5308 2895 5377 quales
2929 5318 3056 5365 sunt
3081 5311 3242 5366 etiam
3289 5312 3415 5367 duae
3452 5317 3707 5370 catecl

737 5439 907 5497 Tomo
931 5439 1170 5496 secundo
1199 5438 1462 5494 dedimus.
1493 5438 1784 5510 Sperabam
1810 5451 1990 5497 autem
2016 5459 2102 5498 me
2128 5442 2272 5497 illam
2300 5441 2486 5497 Greece
2513 5458 2670 5512 posse
2709 5445 2946 5500 nancisci
2978 5455 3166 5512 totam,
3212 5434 3435 5516 quando
3479 5447 3562 5503 in
3608 5467 3702 5507 ea

735 5575 857 5631 dam
892 5573 1406 5646 Manuscriptorum,
1439 5575 1507 5632 ab
1537 5578 1867 5649 amplissimo
1888 5579 2308 5650 doctissimoque
2341 5580 2457 5636 viro
2486 5582 2678 5637 Joamti
2709 5583 2926 5640 Pottero
2973 5585 3107 5640 mihi
3139 5585 3504 5649 transmisso,
3549 5589 3708 5656 ejus

736 5707 950 5763 initium
983 5707 1167 5766 Graece
1198 5707 1324 5766 vidi.
1384 5708 1620 5783 Rogatus
1650 5719 1828 5767 autem
1871 5727 1900 5766 ιι
1930 5725 2017 5766 me
2046 5719 2211 5768 totam
2243 5713 2473 5785 0pcllam
2509 5697 2692 5771 Greece
2728 5715 3050 5787 descriptam
3081 5717 3340 5781 mitteret,
3387 5701 3608 5786 o'pera
3657 5722 3708 5776 il

675 6057 922 6131 Α
