3962 6190
188 279 296 337 289

189 417 407 484 peccato
435 414 635 461 tantam
661 402 796 458 iram
818 400 1017 465 intulit,
1053 413 1226 469 neque
1253 396 1542 452 Abrahami
1565 392 1770 464 suppli-

187 501 457 560 cationem
484 495 739 564 suscepit,
768 507 945 561 neque
966 491 1346 545 inhabitantem
1379 489 1568 543 Lotum
1613 503 1768 541 reve-

187 593 322 646 ritus
347 595 450 652 est,
479 594 557 640 tot
582 584 832 639 admissis
859 581 1206 644 facinoribus,
1229 579 1383 635 nobis
1413 580 1629 650 parcet?
1651 577 1768 633 Non

191 681 266 735 ita
277 679 400 739 erit,
425 692 534 730 non
559 676 632 730 ita
659 683 825 729 certe.

257 769 314 822 8.
357 766 659 820 Peccatores
681 763 958 834 aliquando
985 761 1039 816 in
1066 761 1161 815 hac
1185 759 1285 814 vita
1306 759 1428 813 dant
1447 773 1638 827 punias.
1671 756 1771 825 Qui

193 859 244 911 in
271 857 370 910 hac
397 857 499 908 vita
519 870 613 924 pro
630 854 865 908 admissis
894 852 1111 923 peccatis
1145 851 1270 906 nihil
1299 850 1577 921 patiuntur,
1608 849 1661 901 in
1688 851 1771 919 fu-

193 959 357 1001 turam
387 946 632 1015 puniendi
655 955 992 999 reservantur.
1013 973 1086 984 —
1109 941 1300 997 Verum
1333 957 1400 997 ne
1435 941 1521 996 hic
1549 941 1769 1010 gradum

191 1038 468 1101 sistamus,
497 1034 594 1089 sed
624 1050 740 1103 age,
773 1035 906 1088 alios
936 1034 987 1087 in
1017 1032 1249 1088 medium
1286 1030 1612 1085 adducamus
1640 1044 1767 1097 sup-

193 1128 349 1198 plicio
371 1125 622 1190 affectos,
647 1133 703 1178 ut
729 1124 965 1193 pluribus
1000 1120 1539 1178 demonstrationibus
1562 1132 1624 1173 ea
1653 1133 1769 1188 qua:

190 1219 424 1273 diximus
469 1216 872 1271 conﬁrmentur.
907 1214 985 1268 De
1030 1213 1305 1267 Pharaone
1335 1224 1522 1265 omnes
1549 1209 1769 1274 audistis

190 1309 567 1380 Egyptiorum
586 1322 744 1377 rege:
775 1305 945 1360 nostis
959 1314 1106 1360 certe
1126 1319 1258 1374 quas
1281 1303 1370 1357 ille
1400 1301 1546 1356 dedit
1563 1315 1764 1370 poenas,

191 1399 462 1470 quomodo
507 1414 629 1453 eum
671 1397 914 1452 curribus
956 1405 1011 1452 et
1061 1396 1233 1466 equis,
1279 1395 1527 1464 omnique
1575 1393 1771 1462 pariter

191 1490 428 1546 exercitu
457 1489 514 1544 in
545 1488 785 1542 Rubrum
821 1501 970 1540 mare
1020 1485 1297 1540 demersus
1344 1485 1432 1540 sit.
1484 1483 1554 1539 Ut
1589 1491 1767 1537 autem

191 1581 497 1638 Iudaeorum
533 1594 746 1649 quoque
790 1578 1048 1648 supplicia
1089 1577 1341 1643 discatis,
1388 1575 1512 1630 audi
1546 1575 1767 1629 Paulum

191 1673 454 1728 dicentem
488 1689 505 1726 :
541 1689 560 1724 ι
592 1671 778 1740 Neque
807 1670 1147 1734 fornicamur,
1177 1669 1314 1723 sicut
1341 1667 1552 1738 quidam
1582 1681 1766 1721 eorum

191 1763 429 1820 fornicati
459 1772 604 1826 sunt,
637 1771 688 1818 et
710 1762 983 1831 perierunt
1007 1775 1109 1815 una
1135 1760 1223 1814 die
1240 1759 1418 1829 viginti
1447 1758 1542 1812 tria
1561 1757 1761 1812 millia:

193 1871 358 1926 neque
384 1867 799 1918 murmuremus,
834 1859 892 1906 ut
925 1851 1139 1921 quidam
1175 1865 1360 1905 eorum
1404 1863 1768 1904 murmurare-

194 1957 333 2013 runt,
360 1954 417 2001 et.
437 1945 705 2016 perierunt
725 1945 796 1998 ab
821 1943 1272 1998 exterminatore:
1301 1956 1474 2010 neque
1501 1950 1767 1995 tentemus

198 2039 499 2102 Dominum,
522 2046 576 2090 ut
611 2035 827 2106 quidam
868 2049 1052 2089 eorum
1091 2040 1453 2098 tentaverunt,
1497 2041 1552 2087 et
1587 2047 1618 2087 a
1647 2047 1765 2087 ser—

200 2130 440 2200 pentibus
468 2129 737 2197 perierunt.
769 2144 790 2179 ι
831 2126 918 2198 (1.
947 2123 1064 2180 Cor.
1093 2123 1181 2181 10.
1209 2124 1269 2179 8.
1305 2123 1393 2179 10.
1427 2123 1519 2192 9).
1547 2121 1698 2191 Quod
1717 2123 1764 2178 si

191 2231 245 2274 et
272 2222 344 2274 illi
375 2219 494 2274 talia
521 2233 617 2290 pro
639 2217 872 2288 peccatis
897 2216 1038 2288 passi
1057 2224 1201 2281 sunt,
1221 2214 1346 2285 quid
1373 2231 1478 2269 non
1503 2215 1765 2284 patiemur

189 2311 318 2366 nos?
343 2314 414 2365 At
444 2324 586 2366 nunc
611 2309 740 2364 nihil
767 2324 928 2380 grave
953 2309 1184 2378 patimur
1217 2346 1234 2372 ,
1279 2305 1505 2375 ideoque
1536 2304 1764 2362 maxime

191 2401 374 2456 timere
398 2408 630 2469 oportet.
665 2399 778 2454 Non
819 2398 962 2454 enim
1000 2406 1059 2451 ut
1085 2410 1192 2451 non
1227 2410 1412 2466 plenas
1437 2394 1624 2449 demus
1659 2409 1768 2448 ser-

187 2505 401 2556 vamur;
456 2489 552 2544 sed
581 2498 638 2544 ut
662 2489 931 2560 graviores
955 2487 1142 2542 demus
1164 2527 1182 2555 ,
1226 2487 1328 2543 nisi
1368 2495 1761 2541 convertamur.

187 2583 258 2638 llli
286 2583 437 2637 enim
480 2598 587 2636 non
630 2591 889 2636 noverant
924 2581 1247 2651 gehennam,
1276 2589 1329 2636 et
1357 2579 1631 2650 suppliciis
1677 2577 1766 2634 hic

189 2673 365 2728 traditi
392 2682 519 2728 sunt
547 2687 683 2728 :nos
708 2681 883 2728 autem
905 2672 1350 2742 quandocumque
1377 2684 1688 2741 peccamus,
1716 2669 1762 2724 si

186 2766 305 2821 nihil
333 2768 393 2821 in
417 2767 671 2836 prmsenti
702 2767 808 2820 vita
838 2780 1001 2836 grave
1028 2767 1296 2834 patiamur
1315 2804 1330 2829 ,
1361 2765 1413 2818 in
1442 2762 1620 2818 futuro
1646 2776 1763 2817 om-

187 2859 263 2913 nia
306 2859 692 2929 perpetietuur.
750 2857 938 2912 Nonne
983 2871 1101 2912 cum
1143 2856 1352 2912 ratione
1392 2861 1670 2925 pugnaret,
1716 2853 1762 2908 si

188 2949 304 3014 illis,
335 2947 431 3018 qui
456 2947 702 3002 rudiores
728 2956 784 3002 et
814 2947 1168 3016 imperitiores
1197 2955 1373 3012 erant,
1422 2945 1545 3000 talia
1567 2944 1759 3014 passis,

189 3040 390 3109 nosqui
430 3037 846 3110 perfectioribus
893 3036 1119 3091 fruimur
1158 3035 1474 3105 disciplinis,
1511 3046 1565 3090 et
1606 3035 1763 3105 longe

186 3132 449 3201 graviora,
476 3145 634 3199 quam
659 3130 752 3192 illi,
785 3138 1152 3199 perpetramus
1171 3169 1185 3192 ,
1213 3128 1531 3198 supplicium
1567 3125 1766 3196 effuge—

187 3225 392 3279 remus?
419 3221 597 3276 Vultis
622 3222 853 3291 reliquas
878 3221 1037 3275 etiam
1079 3219 1292 3273 illorum
1332 3217 1517 3272 audire
1542 3218 1762 3272 calami-

187 3327 333 3380 tates,
378 3330 520 3386 quas
575 3314 712 3382 passi
758 3321 884 3368 sunt
932 3313 984 3366 in
1036 3312 1314 3367 Palmstina
1357 3326 1388 3366 a
1436 3310 1762 3382 Babyloniis,

189 3407 415 3477 Assyriis
461 3413 515 3460 et
558 3403 976 3460 Macedonibus?
1021 3402 1232 3472 quoties
1279 3400 1494 3465 famem,
1537 3409 1761 3470 pestem,

189 3497 316 3551 bella
342 3497 492 3566 passi
513 3503 657 3559 sunt,
684 3494 1090 3562 etcaptivitates
1115 3492 1214 3547 sub
1254 3491 1374 3545 Tito
1399 3501 1450 3545 et
1484 3491 1767 3560 Vespasia-

189 3587 282 3638 no?
306 3583 535 3654 Josephi
561 3584 752 3638 librum
787 3583 947 3652 legite
967 3623 983 3647 ,
1015 3597 1174 3651 quem
1201 3581 1267 3635 de
1304 3579 1762 3651 Jerosolymorum

188 3679 388 3732 excidio
416 3677 650 3746 scripsit,
676 3684 732 3731 et
757 3674 1002 3729 acerbam
1035 3674 1176 3728 illam
1201 3672 1506 3743 tragoediam
1523 3671 1762 3726 discetis.

187 3769 310 3823 Cum
333 3767 465 3822 aliis
493 3767 688 3836 quippe
717 3764 1110 3819 calamitatibus
1150 3764 1202 3817 in
1233 3772 1430 3817 tantam
1459 3763 1650 3817 famem
1679 3761 1765 3815 in-

187 3859 450 3920 ciderunt,
483 3866 542 3911 ut
570 3857 775 3911 balteos
802 3857 961 3910 etiam
1009 3868 1155 3918 suos,
1185 3863 1238 3909 et
1261 3854 1470 3908 calceos
1509 3853 1762 3918 ederent,

188 3951 349 4019 iisque
402 3948 568 4002 etiam
615 3946 947 4000 horribiliora
982 3945 1202 4001 :omnia
1263 3945 1457 4014 quippe
1517 3943 1765 3999 dentibus

189 4041 464 4111 subigebat
508 4039 802 4094 necessitas
824 4078 841 4105 ,
876 4049 933 4093 ut
975 4037 1258 4107 praedictus
1295 4037 1522 4105 scriptor
1566 4035 1660 4088 ait.
1689 4036 1766 4090 Ao

190 4148 353 4201 neque
386 4132 445 4186 in
467 4130 551 4186 his
573 4139 857 4197 steterunt,
881 4131 1006 4200 quin
1031 4131 1191 4186 etiam
1225 4129 1469 4200 proprios
1501 4127 1640 4184 ﬁlios
1667 4127 1764 4182 de-

189 4233 485 4294 gustarunt.
533 4223 814 4292 Quomodo
862 4238 1011 4294 ergo,
1061 4239 1182 4278 cum
1231 4221 1304 4276 illi
1343 4222 1473 4276 tales
1522 4219 1765 4276 dederint

1359 281 1446 337 DE
1484 276 1845 336 PERFECTA
1883 275 2248 333 CARITATE.

1877 405 2086 462 pinnas,
2117 405 2235 458 nos,
2280 391 2368 461 qui
2403 393 2641 462 graviora
2680 393 2761 447 his
2791 402 3181 464 perpetramus,
3227 398 3453 464 effugie-

3351 289 3456 346 290

1873 480 2030 536 mus?
2053 479 2185 535 Nam
2212 481 2256 535 si
2285 490 2411 536 tunc
2442 481 2513 535 illi
2547 481 2684 550 plexi
2721 492 2877 548 sunt,
2931 500 3028 538 cur
3067 501 3164 540 nos
3186 489 3297 556 jam
3344 504 3451 543 non

1875 572 2196 640 plectimur?
2225 574 2417 626 Annon
2453 574 2536 630 vel
2564 589 2708 630 caeco
2737 576 3076 632 manifestum
3106 587 3189 633 est
3224 580 3344 636 ideo
3369 582 3450 636 sic

1874 665 1979 733 agi,
2004 673 2061 718 ut
2089 680 2232 734 saepe
2255 665 2387 731 dixi,
2413 664 2554 734 quod
2584 665 2737 722 nobis
2758 668 3076 737 supplicium
3123 669 3174 724 in
3215 670 3447 726 futurum

1873 755 2216 810 reservetur?
2237 755 2320 811 Ad
2364 758 2479 812 haec
2501 772 2627 813 vero
2653 759 3037 814 consideranda
3076 770 3203 816 sunt
3230 777 3291 818 ea
3329 780 3450 834 quae

1873 862 2016 901 nunc
2045 847 2096 901 in
2124 846 2226 902 hoc
2254 849 2454 904 mundo
2474 858 2732 920 geruntur
2754 893 2770 918 ,
2797 854 3126 922 etgehennze
3157 855 3311 910 ﬁdem
3339 873 3444 911 non

1873 938 2204 1008 negabimus.
2233 939 2363 993 Nam
2387 940 2431 994 si
2453 940 2628 1009 justus
2653 951 2736 996 est
2766 943 2926 1010 Deus,
2950 959 3048 999 nec
3077 960 3330 1014 personas
3358 962 3449 1001 ac-

1873 1027 2020 1096 cipit,
2045 1023 2103 1081 ut
2125 1038 2274 1084 certe
2301 1045 2485 1084 verum
2527 1040 2629 1097 est,
2675 1046 2773 1086 cur
2814 1032 2900 1087 hic
2947 1034 3034 1088 alii
3063 1035 3286 1089 caadinm
3317 1036 3446 1090 dant

1874 1131 2081 1185 poenas,
2103 1120 2192 1174 alii
2219 1135 2325 1174 non
2345 1121 2515 1177 dant?
2541 1138 2635 1178 cur
2655 1141 2719 1180 ex
2748 1127 2971 1180 mcechis
2997 1128 3086 1182 alii
3115 1130 3407 1198 puniuntur
3426 1172 3442 1196 ,

1871 1209 1960 1261 alii
1993 1224 2095 1262 non
2129 1210 2268 1280 plexi
2299 1211 2628 1267 moriuntur?
2653 1223 2782 1284 quot
2826 1215 3191 1285 sepulcrorum
3227 1219 3448 1274 effosso-

1873 1313 1958 1353 res
1985 1314 2196 1369 poenam
2239 1302 2504 1359 vitaruntl
2532 1312 2663 1374 quot
2705 1306 2874 1361 fures!
2934 1318 3063 1377 quot
3105 1312 3284 1367 avari!
3316 1321 3448 1381 quot.
3503 1317 3522 1336 '

1872 1400 2112 1459 raptores
2138 1392 2149 1445 !
2174 1392 2227 1448 Si
2254 1408 2382 1463 ergo
2408 1395 2650 1463 gehenna
2682 1412 2784 1449 non
2810 1407 2971 1462 esset,
3001 1399 3214 1454 ubinam
3240 1403 3310 1454 illi
3337 1421 3446 1469 po:-

1873 1497 1995 1536 nam
2027 1483 2269 1543 dabunt!
2313 1483 2449 1539 Num
2501 1488 2986 1542 contradicentibus
3045 1494 3444 1559 persuademus,

1871 1590 1990 1645 qua:
2036 1574 2102 1630 de
2130 1575 2220 1630 illa
2273 1585 2561 1631 narrantur
2587 1593 2691 1631 non
2737 1594 2856 1634 esse
2902 1581 3172 1637 fabulam?
3202 1583 3273 1637 ita
3305 1587 3447 1640 enim

1870 1681 1994 1721 vera
2023 1676 2169 1732 sunt,
2193 1679 2250 1722 ut
2277 1684 2382 1741 non
2417 1683 2514 1724 nos
2541 1678 2764 1738 tantum,
2787 1671 2882 1726 sed
2912 1674 3071 1727 etiam
3102 1686 3294 1744 poeta,
3324 1677 3444 1746 phi-

1869 1758 2078 1829 losophi
2107 1769 2163 1815 et
2191 1760 2482 1817 fabularum
2508 1764 2796 1833 scriptores
2825 1764 2891 1820 de
2919 1763 3089 1820 futura
3124 1783 3218 1834 pro
3255 1771 3447 1824 merito

1869 1861 2014 1906 sorte
2043 1851 2397 1920 philosophati
2432 1853 2540 1907 sint
2573 1894 2588 1920 ,
2622 1863 2675 1908 et
2704 1855 2973 1923 improbos
3005 1855 3056 1909 in
3087 1855 3295 1912 inferno
3323 1874 3446 1913 cru-

1869 1941 1996 1996 ciari
2027 1941 2283 1997 dixerint.
2304 1944 2434 1998 Nam
2460 1946 2668 2000 etiamsi
2699 1945 2813 2001 hare
2828 1962 2954 2002 vere
2970 1959 3024 2002 ut
3043 1958 3166 2002 sunt
3191 1965 3444 2006 enarrare

1869 2048 1973 2088 non
2002 2041 2301 2104 potuerunt,
2331 2044 2512 2105 utpote
2536 2036 2624 2106 qui
2646 2051 2713 2091 ex
2736 2037 3012 2093 ratiocinio
3038 2047 3239 2093 tantum
3271 2055 3443 2111 exque

1869 2134 2049 2180 nostra
2076 2125 2316 2181 doctrina
2343 2127 2484 2182 male
2522 2135 2739 2197 accepta
2786 2127 2851 2182 ad
2883 2127 2934 2182 id
2961 2131 3184 2198 permoti
3209 2130 3438 2198 fuerint,

1868 2226 2100 2272 attamen
2124 2218 2196 2272 illi
2221 2219 2499 2288 imaginem
2511 2219 2792 2290 quamdam
2814 2219 3000 2290 iudicii
3021 2222 3196 2292 adepti
3211 2223 3441 2282 fuerant.

1867 2307 2094 2380 Cocytos
2123 2308 2264 2363 enim
2287 2317 2615 2374 memorant,
2660 2309 3191 2383 Pyriphlegethontas
3216 2313 3404 2369 fluvios
3421 2356 3440 2383 ,

1867 2408 1918 2452 et
1939 2397 2116 2470 Stygis
2141 2413 2353 2470 aquam,
2383 2406 2439 2454 et
2464 2399 2743 2455 Tartarum
2775 2409 2977 2456 tantum
3003 2418 3032 2456 a
3057 2411 3194 2457 terra
3226 2403 3436 2458 distan-

1869 2499 1997 2558 tem,
2025 2500 2280 2562 quantum
2307 2491 2416 2560 ipsa
2443 2507 2472 2544 a
2495 2491 2646 2558 ctelo,
2676 2492 2872 2547 multos
2899 2508 3108 2564 quoque
3133 2494 3268 2550 alios
3286 2496 3446 2550 ultio-

1868 2584 1952 2638 nis
1977 2582 2162 2638 modos
2192 2601 2206 2638 :
2237 2597 2555 2654 rursumque
2577 2583 2814 2655 Elysium
2833 2594 3182 2655 campum,-et
3205 2585 3444 2641 fortuna-

1870 2683 2042 2728 torum
2089 2672 2309 2739 insulas,
2361 2683 2509 2744 prata
2553 2671 2761 2740 ﬂorida,
2818 2673 3156 2742 fragrantiam
3198 2676 3441 2742 multam,

1868 2777 2053 2817 auram
2077 2751 2288 2818 tenuem
2315 2772 2368 2817 et
2393 2762 2588 2817 choros
2610 2763 2717 2819 illic
2743 2773 3040 2833 versantes,
3082 2765 3206 2820 albo
3229 2766 3444 2823 indutos

1867 2855 2086 2922 amictu,
2134 2854 2388 2924 quasdam
2416 2853 2750 2911 modulantes
2774 2856 3094 2923 cantilenas,
3141 2857 3194 2911 in
3231 2873 3438 2912 summa

1867 2945 2025 3003 bonis
2052 2956 2108 3004 et
2132 2947 2286 3003 malis
2312 2956 2430 3018 post
2465 2946 2668 3002 exitum
2694 2962 2761 3003 ex
2793 2947 2890 3002 hac
2917 2949 3022 3001 vita
3055 2955 3289 3016 paratam
3328 2962 3444 3002 sor-

1869 3046 1975 3092 tem
2001 3039 2365 3109 promeritam.
2395 3036 2474 3093 Ne
2495 3038 2672 3108 itaque
2688 3037 2945 3110 gehennae
2981 3037 3135 3094 fidem
3167 3053 3439 3110 negemus,

1869 3146 1938 3187 ne
1965 3131 2018 3186 in
2046 3131 2190 3186 illam
2232 3130 2564 3186 incidamus:
2591 3146 2710 3184 nam
2737 3131 2824 3199 qui
2855 3145 2960 3183 non
2985 3129 3185 3196 credit,
3231 3132 3444 3200 segnior

1869 3221 2144 3289 cflicitur;
2178 3222 2266 3293 qui
2295 3221 2472 3290 segnis
2491 3228 2594 3283 est,
2625 3219 2677 3274 in
2705 3218 2847 3274 illam
2891 3220 3076 3291 procul
3113 3219 3274 3275 dubio
3304 3220 3397 3274 ibit
3425 3238 3440 3274 :

1872 3317 1978 3368 imo
2002 3312 2286 3367 credamus
2315 3310 2430 3366 sine
2459 3309 2793 3364 dubitatione
2817 3349 2835 3376 ,
2877 3309 3048 3379 deque
3081 3309 3167 3362 illa
3198 3308 3444 3380 frequen-

1871 3413 1954 3460 ter
1977 3401 2363 3470 colloquamur,
2409 3407 2465 3455 et
2507 3415 2612 3454 non
2648 3399 2800 3454 facile
2853 3399 3206 3469 peccabimus.
3251 3399 3445 3469 llujus-

1868 3495 2013 3550 modi
2039 3509 2266 3563 namque
2285 3506 2590 3547 sermonum
2620 3489 3076 3553 commemoratio.
3113 3489 3262 3559 quasi
3292 3505 3445 3545 acer-

1869 3587 1993 3641 bum
2023 3585 2286 3656 quoddam
2312 3582 2628 3645 remedium,
2659 3581 2950 3652 nequitiam
2979 3594 3195 3635 omnem
3231 3581 3444 3634 abster-

1869 3693 1994 3748 gere
2021 3677 2234 3746 poterit,
2264 3675 2308 3729 si
2338 3675 2534 3730 nostris
2558 3682 2820 3744 perpetuo
2845 3671 3041 3725 animis
3061 3669 3308 3725 insideat.
3333 3669 3447 3726 Hoc

1871 3771 2048 3839 itaque
2091 3765 2329 3822 remedio
2361 3776 2590 3830 utamur,
2647 3772 2705 3818 ut
2748 3762 2913 3833 probe
2951 3763 3260 3833 expurgati,
3302 3763 3446 3831 digni

1871 3860 2039 3914 simus
2059 3858 2146 3927 qui
2192 3857 2360 3910 Deum
2388 3856 2664 3910 videamus
2686 3894 2702 3918 ,
2732 3863 2790 3907 ut
2830 3853 2899 3907 ab
2948 3854 3252 3908 hominibus
3279 3853 3445 3906 videri

1872 3957 2066 4020 potest,
2093 3955 2149 4000 et
2173 3945 2363 4000 futuris
2388 3943 2625 3998 fruamur
2658 3943 2830 4006 bonis,
2849 3943 3017 4013 gratia
3046 3952 3100 3998 et
3125 3943 3450 4012 benignitate

1873 4037 2082 4094 Domini
2112 4035 2277 4090 nostri
2305 4035 2433 4090 Jesu
2462 4031 2678 4087 Christi.
2705 4031 2809 4104 ipsi
2834 4031 3004 4104 gloria
3031 4031 3086 4087 in
3115 4033 3309 4087 secula
3338 4047 3441 4086 ste-

1871 4129 2134 4186 culorum.
2163 4127 2354 4180 Amen.

193 4523 3427 4593 Μ

832 4890 937 4948 ΑΙ)
988 4879 1396 4946 HOMILIAM
1442 4875 1520 4936 IN
1576 4869 1858 4933 JOSEPH
1926 4865 2026 4924 ET
2090 4861 2194 4922 DE
2243 4854 2809 4919 CONTINENTIA.

207 5146 352 5201 docti
377 5155 429 5200 et
449 5140 690 5200 accurati
725 5137 924 5207 Joscph
960 5127 1280 5192 Boevvlesii,
1311 5113 1862 5195 protobibliothecarii
1893 5109 2164 5166 Dodlciani

2188 5147 2202 5172 ,
2234 5121 2353 5176 qum
2398 5101 2717 5175 paucissima
2748 5097 2803 5151 in
2838 5094 3206 5165 Manuscripto
3235 5109 3427 5164 super-

209 5297 365 5340 erant
391 5287 620 5342 exscribi
660 5283 902 5353 mihique
937 5272 1227 5334 transmitti
1256 5265 1481 5324 curavit.
1511 5262 1715 5317 Caetera
1753 5257 1897 5312 enim
1937 5253 2135 5308 avulsis
2179 5250 2320 5304 foliis
2353 5245 2652 5317 perierunt,
2689 5251 2748 5295 ut
2775 5238 2986 5294 monuit
3019 5236 3136 5306 ipse
3177 5232 3434 5286 laudatus

215 5423 299 5476 Vir
332 5421 696 5478 Boevvlcsius.

290 5557 663 5631 Interpretatio
689 5553 898 5618 Latina,
926 5547 1027 5605 etsi
1060 5553 1232 5611 vetus,
1269 5549 1350 5596 sat
1377 5538 1512 5594 bene
1541 5530 1860 5589 concinnata
1887 5532 1990 5578 est.

1706 5713 1977 5734 -_——_
