3966 6192
593 317 684 373 29!

1324 307 1378 364 s.
1416 308 1692 365 .IOANNIS
1725 308 2196 368 CllltYSOSTOMl
2233 314 2548 373 ARCHIEP.
2589 289 3117 383 CONSTANTINOP.

3691 345 3770 405 292

597 452 3754 499 _____————————————__________‘_

1493 570 1983 643 EJUSDEM
2039 573 2180 643 DE
2233 575 2987 653 CONTINENTIA.

667 736 694 766 ι
735 724 848 779 Ἀεὶ
886 725 986 796 μὲν
1032 725 1158 796 ἐμοὶ
1198 725 1346 781 δοκεῖ

593 816 1014 888 χρησιμώτατος
1068 815 1205 872 εἶναι
1251 819 1344 872 καὶ

596 909 823 978 πρέπων
895 912 1008 973 τοῖς
1058 909 1152 962 τοῦ
1211 911 1346 980 Χρις-

601 998 729 1054 στοῦ
779 1000 984 1064 δούλοις
1009 1001 1037 1053 ό
1073 1003 1202 1071 περὶ
1244 1019 1347 1056 σω-

598 1093 873 1165 φροσύνης
888 1097 1043 1164 λόγος
1073 1113 1085 1126 ⁸
1112 1097 1347 1166 μάλιστα

599 1183 658 1236 δὲ
692 1185 785 1238 νῦν
832 1187 890 1240 ὲν
937 1187 1114 1258 καιρῷ
1161 1188 1345 1243 τοῦτον

607 1278 947 1348 ποιησόμεθα
997 1279 1132 1349 πρὸς
1180 1280 1344 1349 ὑμᾶς,

597 1371 688 1424 ὅτε
733 1373 824 1425 τὸν
849 1373 1083 1446 Χριστὸν
1126 1375 1349 1431 ἐνδυσά-

603 1480 752 1531 μενοι
799 1465 896 1534 τῆς
939 1467 1264 1538 Ἐκκλησίας
1299 1473 1348 1524 οἱ

598 1555 788 1619 παῖδες
809 1597 822 1621 ,
857 1559 1208 1629 σωφροσύνην
1241 1563 1346 1628 μά-

598 1649 754 1704 λιστα
783 1653 1078 1721 κεκτῆσθαι
1103 1656 1208 1725 πρὸ
1237 1657 1346 1710 τῶν

598 1747 772 1801 ἄλλων
836 1748 1141 1817 ὀφείλουσιν
1207 1753 1347 1820 ἀγα-

599 1839 729 1895 θῶν.
774 1842 926 1894 Ἐπεὶ
957 1843 1052 1896 καὶ
1091 1845 1239 1908 ὅστις
1269 1841 1346 1897 εῖ-

598 1930 686 1983 δεν
716 1931 953 2002 ἀθλητὰς
972 1976 987 2001 ,
1025 1935 1338 2004 Ὀλυμπίοις

601 2025 954 2093 νομισθέντας
1055 2031 1287 2098 πρέπειν
1327 2071 1341 2095 ,

600 2112 994 2184 ἀλειψαμένους
1017 2117 1110 2171 ἐπὶ
1131 2120 1190 2172 τὸ
1218 2123 1343 2175 στά-

595 2201 710 2255 διον
738 2207 1165 2272 καταϐαίνοντας
1183 2254 1195 2275 ,
1226 2208 1344 2267 εἶτα

597 2293 724 2363 περὶ
785 2296 1180 2368 παλαισμάτων
1253 2305 1347 2358 καὶ

596 2388 891 2458 καρτερίας
918 2391 1012 2444 καὶ⁸
1040 2393 1195 2463 νίκης
1241 2395 1347 2449 διε-

598 2475 762 2548 λέχθη
810 2480 946 2550 πρὸς
993 2482 1226 2548 αὐτοὺς,
1284 2487 1344 2540 ὲν

595 2568 772 2640 καιρῷ
790 2571 947 2626 τοῦτο
983 2579 1345 2647 πεποιηκέναι

600 2660 825 2728 δικαίως
853 2666 916 2718 ἂν
943 2669 1092 2736 παρὰ
1127 2669 1342 2724 πάντων

599 2753 892 2822 νομίζοιτο.
945 2759 1054 2811 Καὶ
1121 2761 1186 2833 δὴ
1245 2765 1342 2818 καὶ

596 2846 757 2914 ἡμεῖς
777 2849 1080 2919 ἑωρακότες
1103 2856 1228 2920 τοὺς
1250 2859 1343 2911 τοῦ

602 2935 753 3010 [500]
784 2941 1035 3014 Σωτῆρος
1059 2946 1297 3019 ἀθλητὰς
1322 2991 1337 3015 ,

596 3026 824 3098 δύναμιν
872 3031 1136 3102 λαϐόντας
1193 3043 1346 3112 παρὰ

592 3119 688 3173 τοῦ
735 3121 1054 3193 Πνεύματος
1089 3129 1178 3183 διὰ
1233 3133 1344 3187 τῶν

593 3208 753 3265 θείων
773 3218 1106 3287 μυστηρίων,
1123 3222 1343 3289 εἰκότως

592 3300 661 3356 ἂν
691 3303 832 3376 ὑπὲρ
855 3312 1207 3382 σωφροσύνης
1227 3317 1343 3369 δια-

589 3395 888 3465 λεχθέντες,
917 3402 1006 3454 ὲπὶ
1036 3404 1126 3458 τὸν
1157 3407 1342 3476 ἀγῶνα

590 3483 682 3538 τὸν
731 3493 1098 3560 πνευματικὸν
1159 3515 1341 3567 παρα-

599 3577 926 3649 πέμψωμεν.
976 3584 1064 3638 Ἐν
1096 3587 1198 3655 μὲν
1246 3585 1339 3645 οὖν

592 3671 706 3732 τοῖς
735 3671 981 3742 ἀνθρωπί
1002 3716 1016 3730 .
1053 3717 1067 3731 .
1097 3719 1112 3734 .

1482 728 1614 783 Mihi
1663 729 1885 798 quidem
1941 745 2160 800 semper

1413 820 1740 876 utilissimus
1785 821 2040 886 videtur,
2107 833 2164 880 et

1413 914 1617 970 Christi
1637 915 1809 970 servis
1832 915 2032 986 dignus
2049 931 2167 970 ser-

1416 1024 1507 1062 mo
1536 1008 1603 1063 de
1632 1009 1970 1064 continentia
2003 1027 2016 1062 :
2045 1027 2165 1066 ma-

1417 1101 1561 1155 xime
1577 1109 1759 1155 autem
1779 1109 2022 1172 tempore
2037 1104 2161 1169 hoc,

1417 1192 1638 1261 quando
1680 1192 1961 1248 Christum
1988 1183 2166 1248 induti

1417 1285 1574 1353 pueri
1608 1283 1866 1340 Ecclesia:
1910 1301 2022 1354 pra:
2043 1287 2167 1342 aliis

1417 1373 1579 1430 bonis
1613 1375 2007 1431 continentiam
2037 1393 2166 1447 pos-

1418 1471 1599 1525 sidere
1653 1472 1889 1526 maxime
1940 1472 2164 1528 debent.

1416 1567 1588 1623 Nemo
1616 1568 1817 1638 injuste
1853 1569 1939 1623 vel
1967 1570 2167 1625 intem-

1415 1662 1627 1729 pestive
1663 1660 1728 1714 de
1753 1659 2080 1716 fortitudine
2105 1669 2162 1716 et

1417 1755 1717 1810 certamine
1741 1755 1942 1809 factum
1970 1755 2168 1810 dixerit

1417 1863 1728 1902 sermonem
1750 1887 1766 1913 ,
1800 1863 1924 1902 cum
1951 1847 2170 1903 athleta

1411 1939 1567 2008 juxta
1641 1937 1949 2010 Olympicas
2019 1938 2167 2010 leges

1416 2039 1764 2084 exercentur.
1791 2030 1978 2098 Itaque
1997 2040 2052 2084 et
2069 2047 2170 2085 nos

1417 2136 1564 2174 nunc
1577 2121 2018 2176 athletasChristi
2032 2139 2171 2192 quos

1420 2213 1670 2268 videmus
1701 2213 1978 2282 accepisse
1998 2214 2170 2268 virtu-

1423 2313 1531 2359 tem
1549 2320 1579 2358 a
1595 2304 1800 2374 Spiritu
1841 2315 2065 2374 propter
2084 2305 2170 2359 di-

1421 2395 1549 2450 vina
1571 2405 1934 2460 sacramenta,
1955 2396 2021 2450 ad
2040 2411 2165 2466 ago-

1422 2503 1546 2542 nem
1564 2487 1906 2556 spiritualem
1925 2488 2167 2555 missuri,

1419 2577 1620 2632 merito
1631 2577 1698 2631 de
1713 2579 2048 2632 continentia
2063 2580 2147 2634 dis

1420 2667 1673 2722 serimus.
1759 2666 1820 2721 ln
1877 2668 2171 2724 mundanis

1419 2758 1568 2811 enim
1612 2757 2004 2814 certaminibus
2048 2769 2170 2830 post

1418 2849 1705 2904 victoriam
1770 2866 2029 2917 coronas;
2111 2853 2169 2907 in

1415 2941 1618 2997 Christi
1709 2949 1890 2995 autem
1980 2941 2170 2997 stadiis

1416 3041 1542 3086 ante
1597 3030 1882 3086 victoriam
1933 3048 2167 3090 coronae.

1416 3121 1594 3189 Quare
1645 3131 1828 3178 autem
1879 3135 2169 3182 coronatos

1417 3216 1472 3268 in
1552 3230 1782 3286 agonem
1842 3217 2010 3272 mittit
2068 3233 2168 3273 nos

1413 3305 1691 3364 Christus?
1723 3309 1792 3364 Ut
1828 3319 2032 3364 metum
2064 3312 2167 3366 in-

1414 3404 1585 3458 cutiat
1631 3404 1958 3460 adversariis
1972 3447 1986 3470 ,
2038 3422 2167 3462 sen-

1413 3508 1615 3564 susque
1664 3502 1880 3550 nostros
1931 3497 2104 3569 erigat
2147 3516 2165 3554 :

1414 3597 1475 3642 ut
1528 3587 1593 3641 ad
1648 3588 1912 3642 honorem
1965 3605 1996 3644 a
2053 3592 2165 3647 Deo

1411 3677 1571 3732 nobis
1599 3677 1783 3733 datum
1818 3688 2126 3748 spectantes
2143 3722 2159 3747 ,

589 3754 723 3808 nihil
786 3753 1054 3824 indignum
1098 3753 1322 3806 Domino
1383 3753 1466 3806 vel
1514 3751 1830 3822 loquamur,
1874 3755 1956 3807 vel
2004 3757 2164 3807 facta-

589 3859 730 3899 mus.
788 3841 920 3898 Nam
961 3842 1006 3897 si
1054 3859 1149 3898 rex
1178 3842 1368 3913 aliquis
1397 3856 1627 3913 purpura
1654 3843 1877 3897 amictus
1901 3885 1916 3908 ,
1948 3857 2171 3898 corona-

587 3951 692 4007 que
727 3943 885 4006 caput
928 3944 1178 4000 ornatus,
1210 3943 1265 3989 et
1317 3934 1488 3988 victus
1516 3941 1718 3989 natura:
1765 3933 2160 3997 all‘ectionibns.

588 4027 858 4097 indignum
886 4025 1132 4096 quiddam
1152 4025 1295 4096 regia
1326 4024 1602 4094 majestate
1631 4023 1837 4091 fecerit,
1868 4040 1990 4080 mox
2023 4035 2080 4079 ut
2108 4025 2160 4080 in

585 4118 786 4189 regiam
825 4118 1014 4172 stolam
1060 4117 1349 4186 aspexerit,
1402 4115 1654 4171 emendat
1704 4131 1796 4180 se,
1845 4117 2165 4187 operamque

583 4207 677 4264 dat
703 4223 769 4263 ne
795 4209 1016 4277 posthac
1057 4221 1087 4261 a
1123 4206 1278 4262 foedis
1316 4208 1561 4261 vincatur
1590 4207 1986 4276 cupiditatibus.
2017 4207 2082 4261 Et
2109 4216 2165 4262 tu

582 4314 793 4368 quoque
835 4299 1052 4353 indutus
1081 4298 1388 4363 Christum,
1421 4299 1582 4352 vitata
1629 4299 1767 4367 turpi
1800 4298 1993 4352 animae
2030 4312 2164 4353 con-

581 4388 906 4457 cupiscentia
931 4428 946 4452 ,
975 4388 1042 4440 ad
1071 4387 1304 4442 divinam
1350 4387 1528 4442 statim
1556 4387 1746 4441 stolam
1777 4388 2006 4456 respice,
2039 4405 2155 4443 mea

582 4477 788 4545 liorque
816 4477 992 4530 statim
1023 4478 1149 4542 eris,
1179 4493 1350 4546 neque
1371 4477 1584 4547 maligni
1613 4478 1815 4532 artibus
1844 4477 2154 4534 offenderis.

582 4565 744 4636 Igitur
786 4565 1066 4634 pulchrum
1094 4566 1304 4635 quidem
1352 4567 1734 4625 continentiam
1779 4570 2157 4626 commendare

580 4655 845 4723 laudibus,
870 4653 1137 4725 pulchrius
1157 4664 1333 4710 autem
1367 4656 1666 4725 possidere.
1694 4657 1761 4712 Et
1788 4673 1918 4715 sane
1938 4675 2042 4715 non
2068 4676 2159 4731 pa-

579 4763 697 4803 rum
726 4747 793 4803 ad
833 4747 1215 4803 continentiam
1259 4749 1580 4815 incitantur,
1607 4751 1699 4822 qui
1736 4751 1959 4806 multum
1989 4752 2056 4808 de
2089 4768 2153 4808 ea

579 4837 864 4908 loquuntur
888 4846 942 4892 et
963 4837 1202 4893 audiunt.
1227 4840 1400 4909 Atque
1416 4853 1531 4893 eam
1551 4840 1619 4894 ob
1644 4857 1756 4896 rem
1785 4842 2004 4897 virtutes
2030 4857 2157 4898 san-

578 4939 783 4984 ctorum
834 4929 1097 4986 celebrari
1152 4929 1316 4985 sacris
1360 4929 1646 5000 Scripturis
1673 4933 1840 4987 voluit
1887 4933 2049 4998 Deus,
2103 4944 2159 4988 ut

578 5032 765 5072 omnes
817 5017 1062 5072 homines
1094 5015 1150 5072 in
1185 5018 1401 5074 illorum
1451 5021 1726 5076 trahantur
1772 5023 2154 5088 imitationem,

577 5108 900 5178 vestigiaque
926 5109 1133 5164 illorum
1165 5110 1446 5182 diligenter
1464 5115 1735 5184 sequendo
1759 5118 1996 5186 persuasi
2022 5132 2154 5171 con-

581 5198 861 5254 tinentiam
898 5210 1104 5268 parent.
1136 5201 1346 5258 Etenim
1375 5205 1421 5258 si
1457 5204 1509 5258 in
1550 5206 1813 5276 gymnicis
1841 5207 2154 5261 certamini~

574 5289 676 5344 bus
705 5288 975 5360 plerique,
1004 5292 1131 5348 visis
1151 5292 1368 5349 athletis
1393 5299 1659 5352 coronatis
1679 5339 1692 5361 ,
1721 5298 1928 5352 accensi
1949 5337 1964 5364 ,
1995 5298 2154 5353 etiam

572 5382 674 5453 ipsi
700 5397 760 5438 se
787 5392 1086 5451 exuerunt,
1117 5394 1172 5441 et
1195 5387 1392 5442 multos
1425 5389 1652 5444 sudores
1689 5390 2004 5459 laboresque
2034 5405 2155 5459 pcr-

571 5475 828 5541 tulerunt,
862 5485 920 5530 ut
948 5478 1110 5532 ramis
1141 5479 1222 5534 vcl
1253 5481 1385 5535 olea:
1425 5482 1503 5535 vel
1553 5481 1685 5535 lauri
1715 5491 2102 5536 coronarentur
2135 5501 2148 5536 :

569 5575 764 5635 quanta
791 5581 919 5638 ergo
948 5583 1044 5624 nos
1082 5575 1329 5624 convenit
1363 5571 1642 5626 alacritate
1687 5586 1784 5640 pro
1828 5573 2151 5627 continentia

569 5657 791 5713 sudores
815 5658 972 5725 ferre,
996 5663 1207 5731 quando
1226 5664 1358 5718 alios
1381 5678 1411 5716 a
1441 5664 1549 5717 Deo
1578 5673 1862 5718 coronatos
1885 5666 2147 5730 videmus,

570 5757 627 5800 ut
677 5749 974 5805 caelestibus
1038 5753 1383 5808 redimiamur
1437 5756 1690 5820 coronis,
1751 5765 1967 5824 propter
2016 5757 2149 5811 bona

569 5838 920 5908 salutariaquc
949 5840 1226 5897 facinora?
1253 5843 1530 5910 Quomodo
1563 5860 1668 5898 non
1699 5860 1860 5912 grave
1883 5855 1934 5900 et
1977 5847 2140 5901 multa

2272 735 2350 791 ira
2406 733 2656 804 digmnn,
2709 734 2752 788 si
2814 734 3039 788 athletas
3089 733 3296 788 allectet
3349 735 3516 791 folium
3558 738 3670 794 lauri
3707 747 3770 798 vel

2271 827 2446 892 olivas,
2477 835 2530 880 et
2562 826 2729 895 gloria
2779 825 3096 881 transitoria:
3137 827 3289 896 hujus
3337 831 3488 883 vitm:
3524 848 3608 887 nos
3633 845 3769 892 autem

2274 918 2402 986 nihil
2435 928 2680 971 moveant
2706 915 2900 971 Chriin
2922 932 3160 982 munera,
3192 928 3248 972 ut
3270 934 3470 975 omnem
3509 925 3771 994 voluptatem

2265 1021 2633 1072 :unoveamus,
2681 1014 2736 1060 et
2779 1009 3023 1062 timorem
3081 1008 3172 1061 Dei
3215 1011 3537 1077 pneferamus
3573 1022 3774 1087 concupi-

2273 1097 2532 1151 scentiis?
2560 1098 2727 1152 Porro
2751 1112 2857 1153 non
2880 1099 2930 1151 in
2957 1100 3084 1154 solis
3110 1101 3401 1156 hominibus
3425 1105 3640 1162 videmus
3658 1110 3772 1164 simi-

2275 1187 2402 1241 lium
2434 1189 2802 1253 imitationem,
2829 1189 2923 1243 sed
2943 1200 2998 1243 et
3046 1191 3096 1243 in
3128 1190 3312 1246 brutis.
3343 1193 3467 1248 Nam
3494 1206 3544 1249 ct
3567 1200 3775 1256 columba:

2273 1293 2437 1349 saepe,
2495 1278 2603 1333 visa
2631 1295 2729 1333 una
2766 1281 3029 1346 avolante,
3057 1282 3237 1336 statim
3279 1282 3554 1352 sequuntur
3585 1303 3772 1346 omnes:

2272 1381 2326 1427 et
2367 1373 2540 1441 pullus
2568 1386 2882 1440 generosus,
2916 1374 2967 1426 in
2989 1389 3242 1443 equorum
3289 1387 3518 1433 armento
3542 1382 3774 1446 exsiliens,

2273 1479 2453 1518 secum
2481 1465 2618 1534 rapit
2646 1479 2805 1520 omne
2824 1475 3145 1520 armentum.
3178 1467 3246 1521 Et
3276 1469 3413 1523 inter
3436 1485 3542 1535 vos,
3571 1474 3688 1527 utin
3709 1489 3776 1528 ar-

2271 1565 2452 1607 mento
2478 1553 2694 1618 Christi,
2736 1555 2908 1609 bonus
2943 1565 3026 1610 est
3057 1557 3228 1625 pullus
3268 1558 3459 1628 Joseph
3495 1563 3779 1618 continentis-

2271 1645 2459 1711 simus,
2487 1645 2788 1700 cazlestibus
2817 1647 3258 1702 exsultationibus
3291 1651 3358 1704 ad
3385 1652 3464 1706 sui
3493 1652 3777 1710 imitationem

2270 1750 2370 1790 nos
2392 1749 2679 1791 conservos
2703 1751 2920 1791 vocans.
2941 1737 3208 1793 Saltemus
3234 1740 3387 1808 igitur
3412 1756 3524 1795 cum
3556 1743 3674 1797 bono
3706 1748 3779 1798 ad-

2271 1827 2538 1882 olescente
2561 1828 2888 1896 spiritualem
2909 1829 3156 1884 choream
3177 1871 3192 1896 ,
3222 1831 3486 1888 laudantes
3525 1836 3668 1903 ipsius
3685 1851 3780 1892 con-

2272 1917 2546 1971 tinentiam
2569 1957 2584 1982 ,
2616 1932 2722 1972 non
2765 1919 2939 1973 verbis
2967 1921 3138 1974 solum
3164 1961 3180 1986 ,
3214 1922 3309 1976 sed
3335 1933 3385 1977 et
3425 1938 3622 1994 operum
3645 1928 3779 1982 imita-

2275 2009 2438 2064 tione.
2472 2007 2563 2061 llle
2591 2009 2767 2076 igitur,
2798 2009 2888 2064 ille
2911 2019 3025 2064 erat
3050 2010 3277 2079 diligens
3291 2023 3348 2068 et
3368 2028 3628 2082 perpetuus
3648 2022 3781 2070 conti-

2270 2098 2463 2152 nentia:
2481 2108 2662 2154 custos
2687 2141 2701 2166 ,
2728 2114 2847 2155 cum
2875 2112 3054 2171 posset
3083 2103 3284 2173 regina:
3309 2105 3402 2174 ipsi
3426 2106 3660 2176 imperare
3681 2111 3780 2165 etin

2263 2188 2469 2244 deliciis
2519 2198 2678 2261 atque
2723 2193 2846 2246 luxu
2885 2194 3100 2249 divitem
3161 2204 3216 2250 et
3268 2198 3598 2268 voluptarium
3639 2217 3776 2271 agere.

2268 2278 2638 2335 Verumtamen
2678 2283 2918 2352 quamvis
2968 2286 3148 2340 talium
3192 2296 3248 2342 et
3280 2298 3532 2345 tantorum
3579 2291 3776 2348 dominus

2264 2367 2498 2436 futurus,
2527 2386 2646 2426 cum
2672 2377 2959 2444 cogitasset
2980 2376 3122 2445 quod
3159 2377 3361 2433 divitia:
3401 2381 3599 2449 quidem
3636 2390 3773 2451 etpo~

2261 2461 2423 2514 tentia
2452 2475 2515 2516 ac
2539 2463 2704 2532 gloria
2733 2481 2853 2519 cum
2882 2467 3129 2535 praesenti
3157 2469 3274 2523 vita
3302 2479 3578 2538 transeant,
3606 2483 3652 2526 et
3677 2482 3779 2527 tetu-

2261 2555 2520 2624 poralium
2565 2557 2767 2611 lucrum
2817 2559 3091 2614 dumtaxat
3134 2559 3404 2628 habeant,
3450 2565 3603 2618 solius
3641 2573 3779 2619 autem

2263 2648 2473 2703 virtutis
2510 2649 2685 2704 nullus
2728 2653 2796 2704 sit
2825 2652 2984 2718 linis,
3032 2652 3151 2706 ideo
3191 2654 3542 2723 voluptatibus
3586 2657 3779 2709 timorem

2258 2740 2456 2795 Christi
2486 2783 2500 2807 ,
2530 2751 2588 2796 ut
2615 2742 2822 2798 frenum
2847 2745 3136 2812 quoddam,
3166 2746 3374 2816 injecit.
3423 2748 3622 2802 Divitias
3642 2757 3779 2802 autem

2261 2842 2314 2884 et
2353 2831 2592 2899 delicias,
2620 2848 2684 2889 ac
2728 2835 3110 2903 promissioncs
3151 2835 3387 2891 dominte
3429 2836 3616 2898 derisit,
3653 2837 3778 2891 mise-

2257 2923 2390 2975 riam
2419 2923 2473 2976 in
2499 2938 2715 2978 carcere
2735 2925 3024 2980 dulciorem
3047 2941 3280 2981 censens
3320 2927 3580 2998 prazclaris
3601 2926 3780 2981 domici-

2258 3013 2360 3080 liis,
2391 3015 2599 3069 tametsi
2628 3015 2710 3070 his
2737 3017 2827 3086 qui
2853 3018 3180 3075 excellenter
3209 3020 3428 3076 formosi
3457 3030 3588 3086 sunt,
3614 3019 3780 3074 difﬁcile

2255 3111 2338 3157 est
2363 3104 2625 3174 imperare
2653 3107 2930 3177 voluptati.
2961 3107 3058 3164 Hic
3093 3119 3277 3166 autem
3325 3121 3521 3166 tantum
3561 3111 3782 3181 specimen

2257 3194 2492 3249 exhibuit
2528 3198 2889 3264 continentiae,
2918 3207 2974 3252 ut
2993 3199 3388 3268 pulchritudine
3408 3203 3586 3255 animae
3601 3199 3781 3270 pulchri-

2255 3285 2492 3340 tudinem
2531 3289 2775 3358 corporis
2805 3293 3113 3356 occultaret,
3158 3293 3335 3347 stella:
3363 3293 3564 3348 cuidam
3592 3291 3780 3360 pulchra!

2257 3375 2587 3433 formositate
2613 3379 2872 3446 corporis,
2901 3381 3101 3450 angelis
3126 3392 3314 3437 autem
3345 3392 3608 3438 venustate
3630 3382 3781 3434 anima:

2257 3465 2634 3521 conferendus.
2663 3467 2771 3522 Nos
2817 3477 2994 3523 autem
3028 3469 3184 3524 decet
3209 3471 3499 3536 admirari,
3529 3484 3624 3525 non
3646 3467 3782 3524 solum

2245 3558 2611 3614 adolescentis
2647 3560 3028 3615 continentiam
3054 3602 3069 3627 ,
3097 3562 3191 3616 sed
3223 3573 3276 3616 et
3304 3564 3528 3633 pericula
3548 3603 3562 3626 ,
3589 3575 3691 3630 qua:
3712 3573 3782 3627 pro

2254 3649 2342 3703 illa
2391 3650 2680 3717 sustinuit,
2710 3651 2798 3719 qui
2827 3661 2996 3706 morte
3037 3653 3256 3722 gravius
3281 3669 3345 3708 ac
3371 3653 3638 3707 terribilius
3675 3647 3783 3719 judi-

2247 3738 2391 3794 cavit
2419 3741 2625 3795 scrvire
2661 3742 3039 3810 voluptatibus.
3077 3742 3444 3798 Admirabitur
3487 3754 3674 3805 autem,
3712 3739 3781 3808 qui

2252 3831 2501 3887 virtutem
2552 3833 2717 3902 ipsius
2768 3833 3047 3903 diligenter
3091 3838 3442 3906 cognoverit,
3491 3845 3540 3888 et
3584 3843 3779 3900 tempore

2255 3923 2568 3992 cxpenderit
2597 3924 2652 3977 in
2681 3924 2875 3993 quibus
2911 3927 3140 3980 animam
3183 3942 3375 3997 puram
3419 3926 3652 3982 servavit.
3678 3922 3781 3978 Nam

2252 4014 2560 4085 priusquam
2615 4016 2665 4068 in
2714 4027 2852 4071 terra
2879 4025 2934 4071 et
2984 4017 3244 4072 Dominus
3271 4029 3325 4072 et
3367 4017 3547 4088 Opifex
3591 4011 3782 4068 universi

2252 4108 2515 4177 apparuit,
2561 4107 2857 4162 libertatem
2883 4107 3168 4162 custodivit
3195 4109 3412 4164 mentis.
3466 4107 3521 4162 ln
3543 4107 3684 4160 domo
3704 4103 3782 4154 im-

2253 4201 2462 4270 piorum
2510 4200 2875 4268 educabatur,
2924 4200 3120 4255 multos
3174 4199 3406 4257 habebat
3452 4200 3516 4254 ad
3563 4194 3784 4253 deteriora

2252 4291 2615 4357 adhortantes,
2661 4291 2877 4347 carebat
2921 4292 3265 4347 continentia:
3309 4293 3574 4363 magistro.
3621 4286 3782 4344 Omnes

2252 4383 2509 4453 voluptati
2538 4384 2860 4449 serviebant,
2892 4386 3068 4440 ventri
3098 4384 3467 4456 indulgebant,
3495 4380 3616 4437 nihil
3649 4379 3780 4447 pium.

2253 4471 2383 4524 nihil
2408 4482 2649 4526 sanctum
2675 4474 2972 4530 faciebant:
3001 4484 3235 4530 attamen
3261 4476 3313 4529 in
3337 4483 3592 4529 tantorum
3614 4469 3785 4524 talium.

2252 4578 2357 4634 que
2384 4563 2663 4632 impiorum
2689 4579 2908 4632 corona,
2944 4566 3126 4622 videns
3149 4566 3424 4622 dominam
3467 4566 3784 4629 intemperan-

2256 4662 2361 4708 tetn
2385 4653 2560 4722 jacere
2579 4694 2593 4720 ,
2623 4655 2910 4708 cmlestium
2943 4655 3316 4711 thesaurorum
3355 4655 3586 4726 proditor
3611 4653 3788 4706 nonest

2253 4742 2442 4809 factus,
2481 4743 2574 4798 sed
2621 4743 2848 4814 Spiritus
2893 4746 3151 4816 templum
3196 4743 3605 4816 indepraidabile
3641 4747 3789 4793 custo-

2253 4839 2403 4905 divit,
2432 4839 2633 4894 malens
2661 4840 2797 4894 mori
2817 4880 2832 4904 ,
2864 4855 3021 4908 quam
3049 4841 3254 4895 servire
3290 4835 3664 4907 voluptatibus.
3694 4827 3788 4884 Non

2253 4931 2492 4986 audierat
2522 4932 2740 4987 Paulum
2778 4931 3042 4988 dicentem
3067 4973 3082 4994 .
3124 4947 3352 5001 corpora
3381 4940 3557 4986 nostra
3591 4921 3790 4980 membra

2251 5023 2449 5077 Christi
2503 5037 2624 5079 esse
2677 5023 2697 5093 (
2719 5025 2768 5078 l.
2800 5023 2918 5078 Cor.
2945 5024 2998 5078 6.
3023 5021 3132 5095 15)
3162 5041 3175 5076 :
3203 5033 3257 5078 ct
3294 5024 3596 5092 priusquam
3619 5012 3792 5071 audiret

2253 5128 2438 5169 vocem
2465 5115 2718 5179 divinam,
2745 5131 2850 5170 non
2877 5117 3053 5170 minor
3072 5116 3319 5186 apparuit
3345 5117 3409 5168 iis
3430 5114 3516 5184 qui
3535 5106 3792 5164 cmlestlbus

2254 5206 2696 5274 promissionibus
2727 5209 2973 5264 honorati
2993 5218 3137 5271 sunt,
3158 5209 3361 5262 docens
3385 5220 3483 5260 nos
3509 5205 3558 5258 in
3581 5191 3792 5256 Ecclesiis

2254 5311 2414 5366 quam
2444 5306 2689 5367 oporteat
2717 5313 2817 5352 nos
2844 5308 3053 5354 certare
3074 5341 3089 5366 ,
3121 5310 3174 5354 et
3217 5298 3585 5366 incorruptam
3611 5295 3790 5343 servare

2254 5387 2507 5440 animam.
2535 5387 2666 5442 Nam
2708 5390 2750 5444 si
2779 5405 2902 5460 ego,
2936 5389 3119 5444 dicere
3144 5396 3322 5460 potest
3346 5385 3565 5455 .loseph,
3596 5378 3671 5450 qui
3694 5380 3793 5428 ειηιε

2255 5489 2434 5534 natum
2466 5480 2734 5536 Christum
2772 5482 2864 5547 fui,
2893 5497 2990 5536 nec
3023 5481 3196 5535 audivi
3235 5479 3507 5533 excelsum
3536 5466 3792 5560 θυοείίζιλυφ

2255 5573 2474 5626 Paulum
2488 5573 2824 5639 clamantem,
2847 5588 3066 5642 corpora
3092 5581 3268 5625 nostra
3290 5569 3530 5624 membra
3551 5574 3658 5619 csse
3676 5553 3796 5609 Οιιτι·

2256 5664 2357 5727 sti,
2391 5664 2565 5732 putavi
2600 5663 2692 5718 Dei
2723 5679 2909 5719 servos
2946 5664 3136 5718 decere
3178 5669 3233 5714 ut
3265 5661 3529 5729 imperent
3557 5653 3792 5718 voluptati.

2258 5772 2354 5811 nec
2371 5756 2617 5810 inventus
2630 5773 2742 5811 sum
2763 5757 3098 5811 continentiae
3115 5755 3387 5818 decoctor,
3408 5747 3634 5822 quamvis
3659 5739 3796 5795 multa

2259 5846 2485 5916 pericula
2511 5857 2690 5916 parata
2721 5847 2956 5903 viderem
2990 5865 3000 5901 :
3033 5854 3285 5919 quantum
3313 5857 3408 5900 vos
3438 5836 3670 5896 convenit
3694 5843 3798 5885 cun:
