3962 6190
154 199 244 252 2235
1279 193 1368 248 DE
1403 194 1919 252 CONSOLATIONE
1959 195 2226 251 MORTIS.

151 316 330 367 timore
359 321 414 367 et
437 321 673 367 tremore
697 312 875 368 vivere
900 312 952 367 in
975 314 1297 370 continentia
1324 356 1338 380 ,
1370 323 1428 370 ut
1453 331 1520 371 ne
1545 331 1711 386 appa-

151 406 297 461 rcatis
314 406 512 476 indigni
527 405 750 470 honore,
775 413 829 461 et
845 422 912 461 ne
934 407 1168 462 membra
1185 408 1380 464 Christi
1398 408 1527 465 fiant
1545 427 1717 466 mem-

150 499 231 550 bra
253 498 437 552 scorti!
470 497 580 551 Hoc
605 497 826 552 verbum
849 506 1027 568 potest
1048 513 1260 554 omnem
1283 500 1513 555 animam
1545 505 1719 558 conti-

150 587 314 640 nentia
346 587 572 651 munire,
609 587 710 642 hoc
729 591 950 644 verbum
979 589 1229 644 ardentes
1261 593 1718 661 concupiscentias

149 678 287 732 facile
307 677 605 746 restinguit.
644 677 828 749 Neque
855 679 1026 735 imber
1053 681 1106 735 in
1133 681 1306 751 ignem
1329 683 1525 738 cadens
1553 685 1620 739 ita
1645 685 1719 739 fa-

143 770 241 824 cile
255 769 522 823 llammam
540 770 811 839 deprimit,
829 780 886 826 ut
904 773 1072 826 malas
1100 775 1558 842 concupiscentias
1581 777 1719 830 mar-

146 873 351 913 cescere
372 857 500 912 facit
524 873 707 913 sermo
732 859 820 914 ille
858 861 913 914 in
938 861 1167 915 animam
1186 861 1471 918 admissus.
1492 865 1716 920 Eosdem

146 965 412 1004 sermones
442 949 595 1004 nobis
622 951 763 1020 loqui
796 961 849 1005 et
878 967 1099 1021 magnus
1115 953 1216 1008 Job
1245 962 1454 1022 potest,
1497 956 1585 1024 qui
1615 972 1717 1009 non

146 1041 302 1093 solum
333 1041 566 1110 diligens
595 1043 938 1096 continentia:
989 1043 1088 1097 fuit
1136 1046 1475 1112 exercitator,
1523 1047 1616 1101 sed
1669 1058 1718 1102 et

149 1131 303 1202 legem
331 1133 504 1186 oculis
528 1132 641 1186 suis
670 1133 845 1202 posuit
870 1173 884 1197 .
918 1149 986 1188 ne
1012 1134 1064 1187 in
1109 1135 1326 1203 virginis
1356 1135 1600 1190 viderent
1638 1135 1716 1190 fa~

141 1224 287 1285 ciem,
318 1238 388 1276 ne
406 1222 545 1278 forte
563 1234 795 1278 mentem
823 1224 960 1278 illius
981 1224 1238 1279 irradians
1257 1234 1470 1294 raperet
1490 1225 1716 1295 pulchri

150 1312 265 1366 tudo
314 1311 458 1380 (Job
486 1314 576 1368 3|.
606 1313 668 1384 ί)
698 1331 712 1368 :
738 1315 982 1384 quamvis
1009 1316 1126 1383 quis
1156 1331 1258 1369 non
1287 1317 1641 1370 admiraretur
1664 1322 1719 1367 et

149 1393 578 1461 obstupesceret,
609 1393 798 1449 videns
829 1407 994 1445 virum
1025 1393 1165 1444 hunc
1193 1406 1314 1445 cum
1352 1391 1565 1445 diabolo
1593 1391 1714 1460 qui-

148 1483 256 1538 dem
280 1482 508 1536 viriliter
536 1491 762 1548 certare,
790 1492 847 1537 et
865 1496 1053 1536 omnes
1074 1481 1286 1552 maligni
1313 1481 1586 1536 machinas
1608 1482 1719 1536 vin-

148 1590 277 1638 rere,
310 1574 532 1643 virginis
571 1581 749 1628 autem
780 1573 968 1628 faciem
1012 1573 1192 1642 fugere
1217 1613 1233 1638 ,
1290 1584 1345 1626 et
1389 1589 1416 1624 a
1471 1571 1716 1627 formosa:

151 1665 325 1731 puellae
352 1675 576 1734 aspectu
607 1664 793 1719 oculos
821 1663 1158 1718 subducere?
1188 1663 1465 1718 Diabolum
1500 1665 1713 1734 quidem

151 1755 320 1810 videns
357 1756 699 1811 accedentem
731 1770 837 1810 non
885 1756 1054 1825 fugit,
1097 1755 1192 1810 sed
1237 1758 1429 1810 mansit
1467 1757 1603 1812 sicut
1631 1757 1716 1812 leo

149 1846 338 1901 viribus
364 1847 536 1902 fidens
567 1865 579 1900 :
613 1848 814 1917 virgine
839 1858 1019 1902 autem
1047 1849 1157 1904 visa
1189 1864 1295 1903 non
1320 1850 1507 1914 stetit,
1541 1864 1714 1919 neque

147 1941 377 1986 moratus
401 1933 455 1986 in
486 1931 789 1986 contuenda
840 1932 1256 2002 pulchritudine,
1289 1933 1384 1988 sed
1411 1933 1592 1987 statim
1620 1947 1714 1990 se-

149 2023 326 2074 cessit.
367 2022 626 2077 Censebat
659 2022 906 2077 nimirum
939 2023 992 2078 in
1019 2023 1204 2091 prtulio
1231 2033 1412 2077 contra
1443 2024 1713 2080 daemones

153 2111 286 2164 virili
309 2120 362 2165 et
400 2111 580 2166 audaci
603 2114 784 2167 animo
830 2129 964 2183 opus
1013 2114 1110 2166 :in
1149 2115 1490 2169 continentiae
1531 2123 1712 2170 autem

148 2204 526 2270 prmparatione
568 2203 842 2258 victoriam
898 2203 1138 2268 concedi,
1187 2219 1293 2258 non
1341 2219 1406 2260 ex
1454 2205 1711 2273 virginum

142 2294 519 2350 consuetudine
541 2335 558 2360 ,
585 2295 678 2350 sed
721 2311 958 2351 secessu.
1001 2296 1247 2366 Quisquis
1273 2296 1430 2366 igitur
1458 2297 1714 2364 promittit

144 2385 518 2454 virginitatem,
535 2387 756 2456 accipiat
779 2388 996 2442 consilia
1015 2388 1456 2443 continentissimi
1476 2388 1710 2442 omnium

141 2473 429 2540 hominum,
457 2477 548 2544 qui
576 2487 631 2531 et
659 2479 770 2546 ipse
796 2487 918 2533 ante
943 2477 1212 2532 Christum
1243 2478 1571 2532 incarnatmn
1604 2487 1708 2532 tam

137 2565 352 2635 diligens
371 2568 718 2622 continentia:
741 2567 836 2622 fuit
860 2579 1059 2622 custos.
1077 2568 1259 2639 Neque
1279 2571 1419 2623 enim
1439 2570 1710 2638 negligeno

139 2667 211 2709 ter
232 2659 562 2713 audiendum
582 2699 599 2719 .
629 2659 770 2729 quod
795 2670 921 2715 ante
941 2661 1208 2715 Christum
1250 2661 1581 2716 incarnatum
1609 2676 1708 2730 ap-

138 2751 404 2815 paruerint
430 2749 562 2818 justi
584 2758 785 2804 tantum
807 2751 1144 2804 continentia:
1170 2751 1438 2820 specimen
1456 2750 1712 2805 exhiben-

136 2847 226 2892 tes.
256 2839 375 2894 Non
431 2841 576 2895 enim
623 2850 738 2896 erat
781 2841 922 2910 quod
951 2851 1093 2894 tanta
1120 2841 1168 2894 vi
1198 2840 1262 2894 ad
1295 2841 1540 2895 virtutem
1568 2842 1708 2894 illam

133 2940 360 2999 urgeret.
386 2946 564 2999 neque
583 2931 872 3001 virginibus
898 2933 1102 2986 crimen
1127 2943 1242 2987 erat
1269 2932 1508 3002 neglecta
1533 2933 1707 2986 conli-

134 3022 315 3075 nentizc
350 3023 643 3092 possessio.
675 3023 952 3089 Quomodo
991 3033 1166 3078 autem
1215 3022 1348 3078 hoc?
1377 3022 1508 3089 Quia
1555 3023 1711 3092 hujus

131 3123 298 3165 causa:
318 3111 498 3181 gratia
525 3111 664 3166 Deus
689 3113 952 3178 excelsus,
976 3114 1349 3167 universorum
1375 3111 1583 3182 Opifex,
1608 3129 1707 3166 no-

130 3209 284 3254 stram
317 3204 540 3270 accepit
567 3201 792 3257 formam
817 3245 832 3269 ,
869 3212 925 3257 ut
967 3203 1274 3273 angelorum
1305 3204 1707 3258 sanctimoniam

128 3304 190 3345 ex
207 3293 340 3348 caelo
355 3293 668 3348 deduceret.
692 3294 912 3362 Quando
932 3295 1089 3364 igitur
1109 3295 1352 3349 homines
1365 3303 1484 3364 post
1503 3303 1705 3350 tantum

129 3380 385 3440 honorem
435 3386 792 3455 voluptatibus
827 3401 885 3440 se
914 3387 1250 3456 mancipant,
1276 3385 1378 3441 dici
1406 3388 1586 3456 nequit
1629 3398 1706 3441 te-

128 3476 387 3529 meritatis
444 3477 754 3545 magnitudo
782 3519 798 3543 ,
843 3492 945 3548 qua
975 3477 1213 3533 metnbra
1243 3478 1439 3533 Christi
1468 3479 1706 3534 membra

125 3568 424 3623 meretricis
450 3566 724 3635 facientes,
749 3570 956 3624 Domini
984 3569 1400 3626 misericordiam
1447 3569 1700 3633 alliciunt,

3289 229 3392 289 99‘

1837 318 1892 360 et
1915 317 2164 377 quantum
2198 309 2249 363 in
2282 309 2359 363 eis
2385 321 2488 374 est,
2517 327 2702 366 vanam
2746 315 2992 368 reddunt.
3025 317 3264 372 Audtunt
3290 321 3402 375 dae-

1839 410 2040 462 mones,
2069 409 2125 454 et
2150 399 2354 466 timent,
2384 401 2505 469 quia
2534 402 2674 456 Deus
2696 419 2800 457 non
2829 406 3074 462 connivct
3102 416 3161 462 ut
3184 409 3408 478 conjun-

1837 498 2025 554 gantur
2069 489 2187 554 sibi,
2245 504 2344 545 nos
2396 500 2572 546 autem
2621 493 2721 547 sibi
2769 493 3040 563 adiungat.
3090 496 3160 551 Et
3209 500 3407 555 audent

1836 577 2065 634 fidelium
2092 581 2304 650 quidam
2332 584 2644 639 abscindere
2669 599 2728 639 se
2748 599 2779 639 a
2820 586 3052 656 Christo,
3084 599 3139 645 at
3180 591 3405 662 jungcre

1835 671 2198 726 meretricibus
2221 671 2242 725 ‘I
2270 671 2386 726 Non
2406 683 2600 727 tantum
2625 683 2706 730 est
2724 676 2916 730 malum
2934 692 2964 731 c
2984 680 3115 733 ciclo
3147 681 3196 733 in
3227 682 3395 738 lutum

1833 759 2040 826 cadere,
2068 771 2320 829 quantum
2363 766 2556 819 malum
2589 766 2748 821 fuerit
2777 769 3070 824 membrum
3097 771 3291 826 Christi
3321 775 3402 828 fa-

1832 860 1973 902 ctum
2014 865 2043 902 a
2075 848 2254 904 divino
2284 852 2486 906 honore
2513 856 2782 919 excidere,
2834 868 2888 912 et
2935 861 3232 916 membrum
3289 865 3405 924 fieri

1833 941 2014 992 scorti.
2045 938 2266 1005 Quando
2292 943 2450 1010 igitur
2483 947 2908 1014 concupiscentia
2939 952 3073 1004 mala
3119 953 3410 1010 inflammat

1831 1031 2059 1082 animam
2086 1069 2100 1092 ,
2137 1031 2317 1084 statim
2358 1034 2638 1088 recordare
2685 1035 2921 1100 Christi,
2973 1040 3143 1109 cogita
3198 1041 3409 1099 adstare

1833 1117 1925 1170 tibi
1950 1118 2166 1173 Paulum
2197 1121 2592 1187 adhortantem,
2612 1139 2673 1179 ac
2699 1126 2962 1181 dicentem
2993 1147 3005 1182 :
3032 1129 3252 1184 Nescitis
3272 1134 3408 1196 quod

1830 1224 2043 1277 corpora
2069 1219 2230 1263 vestra
2272 1214 2491 1266 membra
2532 1224 2647 1267 sunt
2689 1214 2910 1270 Christi?
2958 1218 3144 1272 Cereus
3188 1223 3408 1276 membra

1831 1301 2034 1364 Christi,
2064 1301 2285 1370 faciesne
2314 1303 2531 1356 membra
2560 1307 2711 1358 scorti
2728 1306 2804 1376 (1.
2825 1307 2942 1362 Cor.
2971 1309 3022 1362 6.
3058 1309 3181 1379 15)?
3208 1311 3262 1365 Si
3293 1312 3411 1366 illo-

1831 1404 1946 1442 rum
1995 1390 2276 1446 verborum
2320 1393 2486 1446 fueris
2542 1395 2870 1462 recordatus,
2903 1402 3078 1452 statim
3121 1399 3406 1469 fugientem

1829 1480 2029 1536 videbis
2059 1483 2400 1552 voluptatem.
2439 1485 2569 1540 Nam
2604 1487 2647 1540 si
2693 1489 2910 1542 ancillas
2935 1489 3150 1544 domina
3181 1502 3324 1546 casta
3355 1502 3409 1550 ct

1832 1571 2016 1638 pudica
2048 1574 2355 1642 turpitudini
2382 1575 2586 1631 deditas
2610 1579 2786 1631 statim
2817 1579 2932 1634 solo
2951 1591 3166 1649 aspectu
3190 1584 3408 1652 pudicas

1830 1663 1956 1716 facit
1985 1680 1997 1714 :
2023 1664 2148 1732 quid
2178 1666 2389 1727 mirum,
2422 1666 2465 1719 si
2519 1667 2819 1722 titillantem
2850 1669 3176 1738 voluptatem
3207 1673 3405 1728 Christi

1827 1754 2083 1807 memoria
2125 1755 2302 1809 statim
2353 1756 2531 1825 sapit?
2575 1757 2797 1827 Semper
2837 1774 3052 1814 crucem
3094 1761 3230 1816 habe
3283 1773 3406 1819 ante

1827 1844 2010 1896 oculos
2056 1853 2175 1899 tuos
2215 1844 2530 1910 radiantem,
2575 1857 2627 1900 et
2653 1863 2815 1917 purus
2859 1864 2888 1901 a
2941 1851 3170 1917 peccatis
3212 1866 3307 1920 per
3349 1853 3400 1906 id

1827 1934 2081 2002 temporis
2104 1935 2292 1990 abibis.
2313 1935 2443 1990 Nam
2467 1937 2604 1992 sicut
2621 1938 2867 1992 columna
2901 1940 3076 2008 nubis,
3107 1941 3273 2010 ﬁgura
3302 1957 3400 1996 no-

1826 2035 1951 2078 stra:
1980 2026 2174 2092 crucis,
2207 2027 2549 2082 Hebraeorum
2572 2029 2962 2084 multitudinem
2986 2034 3313 2104 protegebat,
3334 2051 3401 2091 ne

1828 2117 1953 2184 quid
1981 2119 2102 2171 mali
2127 2118 2194 2172 ab
2221 2118 2486 2190 [Egyptiis
2512 2129 2784 2190 pateretur
2808 2121 3002 2192 (Exod.
3035 2126 3121 2180 15.
3151 2126 3216 2180 2|
3241 2127 3260 2197 )
3284 2143 3300 2193 ;
3328 2127 3399 2182 ita

1823 2221 1953 2260 crux
1977 2216 2100 2262 ante
2125 2209 2307 2264 oculos
2333 2210 2440 2264 visa
2461 2225 2672 2266 onmem
2699 2212 2875 2266 statim
2909 2214 3074 2284 abigit
3093 2217 3284 2272 malam
3313 2234 3402 2274 vo-

1828 2295 2100 2363 luptatem.
2131 2297 2256 2354 Haec
2298 2300 2440 2355 enim
2476 2301 2621 2357 salus
2656 2310 2741 2358 est
2789 2304 3002 2373 animai,
3033 2306 3400 2381 fmdarumque

1821 2389 2367 2458 concupiscentiarnm
2393 2393 2603 2449 salubre
2628 2395 2947 2453 antidotum.
2996 2399 3206 2455 Etenim
3233 2403 3386 2458 infir-

1821 2479 2032 2533 mitates
2081 2482 2320 2550 corporis
2359 2482 2687 2539 medicorum
2717 2497 2862 2542 artes
2907 2498 3126 2555 sanant,
3155 2493 3384 2548 animam

1818 2580 1996 2626 autem
2022 2582 2274 2641 argrotam
2294 2585 2483 2629 curant
2507 2578 2685 2632 statim
2704 2579 2912 2649 eloquia
2937 2581 3154 2638 Christi.
3185 2586 3389 2654 Eapro—

1819 2667 1935 2727 ptcr
1963 2667 2018 2714 et
2042 2675 2136 2715 eos
2167 2663 2256 2732 qui
2289 2673 2604 2732 peccarunt,
2649 2675 2702 2722 et
2738 2668 2910 2724 adhuc
2935 2672 3110 2726 carnis
3136 2676 3382 2730 serviunt

1819 2753 2196 2822 voluptatibus,
2223 2770 2439 2812 oramus
2478 2767 2534 2814 et
2561 2775 2859 2828 precamur,
2910 2773 2966 2816 ut
2995 2765 3302 2822 excitentur
3328 2783 3393 2824 ac

1818 2844 2150 2914 resipiscant,
2190 2862 2258 2902 ne
2299 2849 2516 2904 omnino
2555 2851 2624 2906 ah
2665 2852 3030 2910 aﬂ'ectiouibus
3072 2858 3388 2926 vincantur,

1817 2950 1949 2990 neve
1979 2936 2176 3006 impetu
2236 2939 2490 3005 ferantur,
2521 2959 2655 2998 neve
2696 2944 2745 2997 iu
2795 2961 3028 3000 amaram
3081 2951 3389 3006 servitutem

1814 3035 2083 3097 spontese
2112 3029 2414 3098 subjiciam,
2453 3031 2548 3087 sed
2579 3049 2637 3088 se
2667 3033 2718 3087 in
2753 3035 2867 3089 acie
2888 3049 3178 3106 opponant,
3225 3050 3280 3095 et
3319 3043 3390 3096 ti-

1816 3132 1962 3172 more
1985 3116 2181 3173 Christi
2203 3131 2432 3175 mentem
2450 3123 2816 3190 corroborent,
2848 3141 2911 3180 ac
2938 3127 3152 3196 ejiciant
3176 3146 3239 3187 ex
3263 3146 3390 3187 arce

1811 3223 2028 3277 gravem
2057 3208 2328 3265 dominam
2357 3230 2371 3265 :
2406 3221 2461 3267 ut
2497 3212 2701 3282 abjecta
2729 3216 2871 3270 omni
2905 3219 3111 3273 macula
3133 3261 3148 3286 ,
3177 3230 3230 3275 et
3259 3237 3388 3292 pec-

1812 3300 2044 3354 cantium
2073 3301 2222 3356 turba
2249 3343 2264 3369 ,
2296 3318 2414 3358 cum
2443 3315 2624 3360 sancta
2653 3316 2705 3360 et
2741 3308 3041 3378 incorrupta
3067 3313 3239 3366 anima
3269 3329 3390 3384 pos-

1811 3394 1978 3448 simus
2024 3395 2279 3450 accedere
2307 3396 2374 3450 ad
2403 3397 2579 3452 divina
2622 3409 2676 3454 et
2720 3403 3012 3460 reverenda
3050 3417 3384 3465 sacramenta

1811 3485 1983 3552 magni
2009 3485 2098 3539 Dei
2118 3495 2171 3539 et
2191 3486 2480 3541 Salvatoris
2495 3488 2620 3545 Jesu
2645 3489 2839 3547 Christi
2872 3496 2991 3550 :cui
3018 3497 3184 3566 gloria
3215 3510 3269 3555 et
3287 3502 3388 3554 itit-

1813 3575 2016 3643 perium
2047 3575 2098 3629 in
2124 3578 2316 3632 szccula
2337 3580 2670 3636 smculorum.
2706 3587 2900 3639 Amen.

723 3707 2594 3732 Ἥ

918 3791 1295 3852 MONITUM
1343 3793 1422 3851 IN
1469 3791 1915 3865 SEQUENTIA
1945 3793 2111 3854 DUO
2167 3795 2591 3857 OPUSCULA.

180 3894 310 3950 Hac
343 3896 614 3973 opuscula
645 3896 767 3973 duo_
796 3895 850 3950 in
893 3896 1079 3951 Latina
1114 3895 1598 3973 interpretatione,
1635 3897 1912 3973 quiesola
1966 3906 2251 3973 superest,_
2263 3898 2636 3973 inventionem
2683 3907 2863 3973 tamen
2912 3905 2969 3973 et
3017 3894 3380 3973 eloquentiam

111 3964 627 4044 Chrysostomipra:
652 3983 710 4022 se
730 3967 947 4044 ferunt,
980 3964 1311 4044 omninoque
1332 3967 1492 4036 digna
1525 3964 1715 4044 saneto
1760 3967 1980 4044 doctore
2000 3964 2146 4021 sunt.
2191 3968 2412 4044 Aliquid
2439 3977 2618 4044 tamen
2645 3967 2970 4044 suspicionis
2994 3965 3294 4044 succurrit,
3319 3983 3384 4044 ea

112 4027 354 4093 non'hoc
385 4027 586 4118 ordine
616 4046 671 4118 et
701 4037 828 4118 ritu,
862 4027 968 4118 quo
995 4038 1084 4092 hic
1109 4027 1448 4118 comZparenvt,
1503 4037 1572 4118 ab
1601 4038 1718 4106 ipso
1751 4037 1959 4118 Joanne
1984 4046 2171 4118 nostro
2213 4027 2358 4118 edi-ta
2389 4037 2576 4099 fuisse,
2602 4038 2694 4092 sed
2729 4027 3062 4118 amquopiam
3090 4035 3210 4116 alio.
3282 4027 3382 4118 'qui

112 4122 176 4160 ex
204 4109 378 4162 variis
409 4107 830 4187 cjus_locis_b:_ec
875 4110 949 4163 ita
996 4107 1474 4187 consarcinaverit.
1503 4107 1643 4187 Utut_
1662 4123 1748 4162 res
1775 4119 1877 4172 est,
1909 4109 2022 4164 hasc
2058 4109 2220 4178 digna
2251 4109 2574 4187 planesunt
2598 4123 2719 4177 qua),
2749 4106 3117 4187 Ch’r-ysostomi
3158 4106 3384 4187 nomine

113 4179 485 4244 publicentur.
522 4177 901 4232 Praemittimus
937 4187 1117 4234 autem
1148 4178 1585 4248 Admonitionem
1622 4178 1848 4232 fratrum
1893 4176 2206 4235 nostrorum
2251 4176 2747 4240 Benedictinorum,
2783 4179 2873 4248 qui
2909 4176 3215 4248 Editionem
3236 4177 3383 4246 Ope-

113 4262 224 4301 rum
261 4249 386 4303 divi
419 4247 705 4320 Augustini
753 4259 1100 4316 curaverunt,
1133 4258 1188 4305 et
1216 4259 1372 4304 sexto
1399 4247 1568 4303 Tomo
1600 4265 1654 4318 p.
1685 4249 1791 4305 259
1820 4261 1875 4304 et
1912 4266 2062 4320 seqq.
2107 4251 2222 4306 hare
2247 4249 2504 4318 Opuscula
2535 4247 2846 4315 ediderunt,
2883 4257 3046 4318 atque
3076 4247 3182 4304 hoc
3207 4251 3385 4306 Moni-

114 4325 220 4373 turn
248 4318 650 4373 mmiserunt
683 4339 696 4373 :

179 4389 471 4462 sil-Exstant
499 4405 778 4462 sermones
809 4389 894 4444 isti
929 4390 1037 4445 duo
1067 4390 1120 4444 in
1156 4399 1338 4462 vetere
1366 4389 1683 4462 Corbeiensi
1717 4390 1917 4462 Codice
1939 4401 2066 4445 ante
2088 4391 2252 4462 mille.
2278 4399 2338 4445 ut
2364 4391 2599 4462 videtur,
2636 4405 2809 4444 annos
2837 4389 3131 4458 descripto,
3164 4389 3375 4462 primus

112 4460 328 4527 quidem
382 4461 554 4513 hocce
585 4460 742 4514 titulo
787 4470 1122 4530 pramotatus
1160 4479 1172 4514 :
1215 4461 1404 4530 Incipit
1447 4477 1618 4514 sermo
1650 4462 1820 4514 sancti
1844 4461 2064 4515 Joannis
2112 4463 2175 4515 de
2203 4460 2569 4517 Consolatione
2620 4461 2821 4513 mortis.
2877 4460 3178 4515 Secundus
3197 4469 3381 4515 autem

115 4531 286 4612 primo
318 4545 492 4612 quam
523 4531 768 4612 proxime
791 4529 1134 4612 conjunctus
1174 4531 1378 4612 absque
1420 4531 1599 4612 titulo,
1645 4531 1891 4612 nihilque
1934 4532 2077 4586 aliud
2107 4533 2169 4612 _in
2201 4533 2548 4612 fine_hahens
2596 4531 2724 4612 nisi,
2762 4529 3082 4612 Explicit‘de
3127 4531 3382 4612 Resurr‘e:

115 4600 609 4682 ctione.-(Izte:tlm
640 4601 785 4682 alter
813 4600 916 4655 iste
946 4617 1126 4682 sermo
1159 4600 1314 4656 tertia
1343 4609 1516 4671 parte,
1546 4617 1651 4669 qua
1684 4601 1737 4654 in
1767 4600 1898 4682 ante
1928 4603 2152 4682 “excusis
2185 4604 2425 4662 carebat.
2478 4602 2688 4682 auctior
2735 4617 2882 4656 nunc
2926 4601 3160 4682 primum
3201 4600 3381 4682 prpdit

112 4682 168 4722 ex
197 4670 441 4750 laudato
471 4669 788 4751 Corbeiensi
831 4672 1125 4751 exemplari
1164 4691 1178 4751 ξ
1210 4669 1382 4740 eaque
1424 4687 1550 4751 pars
1601 4671 2102 4751 recapitulationcm
2140 4689 2480 4751 eorum_qua:
2513 4672 2566 4725 in
2611 4671 2785 4751 primo
2813 4669 3064 4751 sermone
3094 4669 3235 4726 dicta
3260 4671 3379 4723 fue-

111 4750 249 4804 runt,
282 4739 560 4822 geminet,
594 4741 812 4822 etnaliis
847 4757 956 4795 non
991 4737 1577 4822 incer_tis_ar‘gum'entis
1621 4742 1686 4822 ad
1717 4737 1819 4822 hoc
1864 4744 2190 4822 opusculum
2219 4737 2492 4822 pertinere
2519 4737 3177 4822 cognoscitur.Joannem
3211 4754 3378 4822 porro

112 4822 224 4892 non
245 4811 441 4892 alium‘
464 4808 1099 4892 quamChrysostomum
1138 4808 1404 4892 i_n_froiitc
1424 4813 1694 4892 sermonis
1719 4812 1877 4892 primi
1906 4808 2246 4892 designatum
2299 4808 2608 4892 umnam-nr:
2641 4811 2843 4892 Confer
2891 4809 3178 4892 Holniliam
3211 4808 3381 4892 ipsius

117 4876 169 4950 {ll
209 4880 266 4933 in
323 4882 346 4933 t
402 4876 529 4933 Cor.
571 4881 662 4940 15.
713 4876 1090 4936 ειἨοιηίιὶειιη
1133 4885 1156 4937 i
1198 4884 1252 4937 in
1298 4884 1333 4937 2
1365 4882 1520 4946 Cor.,
1564 4891 1620 4938 et
1649 4876 1936 4938 Homiliam
1976 4876 2054 4938 (Ξῖ
2076 4885 2132 4938 in
2158 4876 2653 4949 Joan.,'Homiliam
2699 4881 2936 4950 denique
2965 4879 2995 4931 7
3023 4881 3090 4934 ad
3122 4876 3380 4950 populum

113 4949 543 5011 Antiochenam.
580 4961 689 5006 etc.
730 4971 751 5004 ι

2105 5085 3352 5112 Ἥ

997 5155 1135 5222 DE
1189 5152 1992 5224 CONSOLATIONE
2041 5153 2476 5225 MORTIS.

1445 5284 1712 5346 SERMO
1754 5285 2064 5347 PRIMUS.

178 5384 233 5437 I.
299 5383 544 5440 Prtebete
598 5385 892 5450 silentium,
934 5386 1160 5451 fratres,
1208 5401 1273 5440 ne
1326 5401 1420 5440 vos
1461 5397 1694 5442 transeat

112 5490 291 5530 sermo
325 5478 467 5532 utilis
493 5479 621 5533 etin
645 5488 889 5550 tempore
911 5481 1262 5538 necessarius.
1292 5482 1423 5537 Nam
1452 5494 1577 5538 tunc
1604 5485 1687 5540 vel

111 5570 350 5622 maxime
396 5585 527 5640 opus
570 5581 656 5627 est
693 5575 972 5642 medicina,
1003 5575 1216 5646 quando
1237 5578 1414 5646 gravis
1448 5577 1695 5633 nascitur

106 5659 380 5730 aegritudo
401 5678 412 5714 :
434 5673 486 5718 et
508 5673 635 5719 tunc
654 5666 884 5723 sollicite
905 5668 1182 5740 collyrium
1204 5668 1564 5724 adhibendum
1584 5679 1686 5737 est,

1801 5404 1920 5442 cum
1957 5388 2113 5440 fuerit
2155 5387 2341 5441 oculus
2367 5386 2552 5442 dolore
2579 5387 2840 5445 turbatus.
2871 5389 3200 5460 Quicumque
3247 5407 3372 5460 ergo

1799 5501 1904 5539 non
1938 5485 2096 5540 habet
2126 5485 2265 5540 hunc
2293 5487 2554 5552 dolorem,
2588 5505 2693 5544 non
2736 5491 3028 5557 obstrepat,
3057 5491 3149 5544 sed
3198 5495 3370 5554 potius

1801 5579 2016 5642 audiat,
2049 5579 2170 5649 quia
2213 5595 2316 5634 non
2351 5581 2571 5649 impedit
2619 5598 2804 5637 sanum
2857 5587 2996 5640 scire
3050 5583 3369 5640 medicinam

1805 5685 1924 5740 qua:
1949 5671 2133 5740 prosit.
2163 5671 2262 5742 Qui
2289 5687 2416 5726 vero
2439 5688 2534 5742 per
2555 5673 2694 5728 hunc
2715 5689 2896 5730 casum
2927 5672 3188 5727 turbatum
3217 5675 3370 5733 habet
