3962 6190
241 276 345 332 397

237 393 425 449 mortis
451 395 716 450 sententia
747 399 1112 466 permanebat.
1145 399 1330 456 Merito
1362 400 1818 472 lamentabantur,

231 485 355 555 quia
411 486 643 541 nondum
700 489 1025 544 resurrectio
1068 491 1473 561 praedicabatur.
1525 493 1823 565 Sperabant

230 576 443 645 quidem
468 577 639 632 sancti
665 579 860 650 quique
881 581 1164 635 adventum
1193 583 1422 651 Domini,
1454 585 1553 640 sed
1579 594 1821 641 mortuos

231 668 440 720 interim
469 667 698 734 ﬂebant,
747 672 870 740 quia
912 672 1144 728 nondum
1175 673 1420 730 viderant
1445 691 1600 746 quem
1631 693 1815 746 spera-

229 759 377 813 bant.
410 761 650 832 Denique
677 763 892 818 Simeon
924 781 1060 820 unus
1087 766 1154 821 de
1181 769 1450 824 veteribus
1477 770 1695 831 sanctis,
1726 772 1814 840 qui

229 852 378 919 prius
406 852 583 909 fuerat
608 854 676 908 de
701 870 794 910 sua
822 866 994 912 morte
1019 859 1295 926 sollicitus,
1325 872 1602 930 postquam
1631 861 1811 916 Jesum

227 943 512 1000 Dominum
542 945 719 1001 adhuc
758 963 980 1017 puerum
1009 950 1300 1004 secundum
1331 967 1548 1006 carnem
1579 956 1813 1024 suscepit

224 1034 277 1088 in
307 1036 578 1101 manibus,
607 1037 676 1092 dc
702 1053 800 1092 suo
827 1041 967 1095 exitu
997 1043 1292 1110 gratulatur
1316 1043 1516 1112 dicens,
1547 1043 1702 1099 Nunc
1727 1047 1808 1099 di-

223 1124 411 1191 mittis,
454 1125 706 1192 Domine,
753 1146 948 1184 seruum
988 1141 1126 1185 tuum
1164 1134 1220 1186 in
1248 1151 1402 1202 pace,
1435 1137 1554 1205 quia
1582 1137 1809 1191 uiderunt

219 1218 358 1272 oculi
387 1221 487 1272 mei
511 1221 736 1275 salutare
761 1232 903 1277 tuum
925 1222 1078 1292 (Luc.
1107 1224 1163 1278 2.
1190 1225 1279 1281 29.
1309 1226 1419 1299 30).
1445 1228 1489 1282 Ο
1513 1229 1698 1284 beatus
1720 1231 1807 1286 ille

218 1309 480 1366 Simeoni
512 1311 645 1378 Quia
675 1313 816 1383 quod
855 1315 1104 1384 sperabat
1145 1317 1384 1384 viderat,
1423 1319 1535 1388 jam
1579 1330 1804 1376 mortem

214 1417 368 1454 suam
397 1417 582 1471 pacem
613 1411 668 1460 ct
695 1406 929 1476 requiem
951 1409 1311 1478 computabat.
1336 1410 1440 1466 Sed
1467 1412 1610 1467 dices
1631 1431 1646 1468 :
1667 1414 1804 1470 Ecce

215 1493 266 1544 in
296 1493 593 1564 Evangelio
637 1495 859 1566 legitur,
907 1487 1308 1572 archisynagogi
1341 1503 1600 1572 ploratum
1641 1506 1801 1560 tiliam

214 1580 365 1649 (Luc.
391 1584 446 1638 8.
467 1585 585 1653 52),
612 1595 668 1641 et
692 1601 902 1643 sorores
918 1588 1102 1645 Lazari
1120 1591 1378 1646 Lazarum
1396 1593 1605 1650 flevisse
1621 1595 1799 1668 (Joau.

213 1673 298 1726 11.
329 1673 446 1744 51).
484 1674 590 1730 Sed
621 1677 696 1730 illi
726 1677 901 1733 adhuc
926 1681 1216 1736 secundum
1245 1692 1481 1740 veterem
1513 1687 1679 1756 legem
1709 1703 1801 1742 sa-

209 1763 448 1832 piehant,
469 1767 591 1836 quia
614 1768 838 1822 necdum
861 1785 889 1822 a
915 1771 1136 1826 mortuis
1151 1772 1419 1829 Christum
1439 1778 1802 1834 resurrexisse

211 1867 627 1926 conspexerant.
656 1859 828 1916 Flevit
856 1862 1012 1931 plane
1035 1870 1092 1919 et
1119 1864 1232 1932 ipse
1261 1866 1513 1920 Dominus
1540 1867 1795 1923 Lazarum

206 1946 318 2014 jam
346 1948 613 2016 sepultum
639 1991 656 2016 ,
690 1965 796 2005 non
824 1952 1006 2023 utique
1033 1964 1089 2009 ut
1117 1953 1279 2010 ﬂendi
1307 1965 1547 2013 mortuos
1573 1959 1795 2013 formam

210 2036 364 2090 daret
383 2079 398 2100 ,
438 2038 530 2092 sed
576 2048 632 2093 ut
662 2050 717 2094 et
742 2056 802 2096 se
830 2051 925 2112 per
951 2044 1213 2115 lacrymas
1238 2061 1360 2102 suas
1389 2063 1574 2103 verum
1604 2065 1796 2120 corpus

214 2129 568 2196 assumpsisse
595 2141 936 2189 monstraret.
983 2135 1076 2190 Vel
1117 2148 1263 2193 certe
1300 2138 1445 2194 ﬂevit
1485 2156 1669 2198 amore
1693 2143 1796 2198 hu-

215 2232 380 2272 mano
397 2219 414 2250 ²
435 2217 666 2287 «ιυὰωοε,
697 2223 820 2292 quia
851 2239 952 2280 nec
979 2226 1067 2280 tali
1096 2227 1248 2298 signo
1274 2237 1569 2286 monstrato
1595 2233 1646 2286 in
1673 2248 1795 2288 eum

208 2307 420 2364 fuerant
446 2311 717 2367 credituri.
744 2313 926 2384 Neque
947 2317 1089 2372 enim
1116 2333 1260 2374 mors
1280 2319 1464 2375 Lazari
1488 2336 1648 2377 causa
1677 2339 1796 2380 esse

205 2409 418 2468 poterat
455 2403 812 2474 lacrymarum
834 2449 850 2475 ,
891 2425 1049 2479 quem
1081 2411 1196 2482 ipse
1219 2412 1373 2469 Jesus
1398 2423 1453 2469 et
1481 2414 1796 2474 dormivisse

197 2490 435 2556 dixerat,
465 2504 521 2548 et
543 2496 919 2554 suscitaturum
948 2516 1008 2556 se
1038 2503 1372 2572 promiserat,
1402 2506 1540 2561 sicut
1565 2517 1619 2562 et
1647 2507 1790 2564 fecit.

265 2581 320 2637 5.
355 2582 675 2641 Habuerunt
701 2603 828 2660 ergo
861 2599 1071 2648 veteres
1100 2609 1254 2650 suum
1283 2611 1508 2664 morem,
1538 2613 1794 2671 suamque

195 2671 550 2744 fragilitatem
575 2719 590 2743 ,
641 2678 841 2736 Christi
883 2683 1168 2740 adventum
1213 2687 1578 2757 praecedentes
1602 2692 1647 2744 ³.
1673 2690 1791 2747 Jam

192 2778 321 2819 vero
352 2781 423 2820 ex
451 2783 562 2836 quo
592 2769 823 2827 Verbum
862 2788 990 2830 caro
1014 2775 1208 2832 factum
1233 2788 1346 2848 est,
1377 2789 1431 2836 et
1457 2782 1713 2840 habitavit
1737 2786 1790 2840 in

194 2854 377 2921 nobis,
422 2871 494 2911 ex
535 2873 641 2928 quo
683 2863 859 2932 primo
899 2865 1030 2920 Adae
1055 2866 1232 2922 datam
1277 2870 1594 2927 sententiam
1619 2874 1788 2930 Adam

192 2948 527 3004 novissimus
551 2951 727 3020 solvit,
755 2968 822 3010 ex
841 2971 950 3026 quo
974 2969 1212 3014 nostram
1241 2971 1468 3018 mortem
1493 2978 1589 3018 sua
1619 2975 1790 3023 morte

189 3039 484 3106 destruxit,
514 3051 570 3098 et
597 3043 665 3098 ab
691 3045 873 3103 inferis
901 3047 988 3104 die
1015 3051 1168 3106 tertia
1193 3052 1448 3110 Dominus
1473 3059 1784 3128 resurrexit,

187 3128 293 3198 iam
337 3147 455 3186 non
499 3143 585 3189 est
626 3137 877 3195 terribilis
917 3155 1063 3196 mors
1101 3143 1346 3201 fidelibus
1379 3163 1527 3203 :non
1573 3150 1786 3207 timetur

187 3236 440 3292 occasus,
471 3227 591 3295 quia
612 3228 802 3285 Oriens
829 3233 976 3288 venit
1003 3249 1070 3289 ex
1101 3236 1227 3290 alto.
1249 3236 1455 3294 Clamat
1474 3239 1586 3310 ipse
1607 3241 1785 3298 Domi-

188 3329 287 3370 nus
309 3318 407 3386 qui
456 3320 670 3375 mentiri
697 3323 870 3378 nescit
892 3342 905 3378 :
927 3323 1042 3396 Ego
1069 3344 1210 3393 sum,
1243 3329 1445 3400 inquit,
1487 3335 1782 3388 resurrectio

183 3417 231 3460 et
255 3409 359 3462 vita
376 3410 509 3479 :qui
541 3412 699 3466 credit
725 3415 778 3468 in
817 3432 916 3482 me,
939 3418 1135 3472 etiamsi
1160 3432 1387 3476 mortuus
1411 3425 1581 3494 fuerit,
1613 3426 1738 3480 vivet
1761 3442 1781 3480 :

184 3510 230 3553 et
265 3503 445 3557 omnis
480 3505 570 3574 qui
609 3507 724 3560 visit
765 3517 815 3562 et
841 3510 1002 3564 credit
1027 3512 1080 3565 in
1107 3530 1202 3577 me,
1233 3527 1442 3570 mortem
1474 3534 1574 3572 non
1600 3520 1780 3574 videbit

180 3591 234 3646 is
257 3604 518 3649 uernum
548 3596 728 3666 (Joan.
761 3601 850 3655 11.
879 3603 969 3656 25.
1003 3603 1118 3676 26).
1147 3605 1418 3663 Manifesta
1445 3621 1526 3665 est
1545 3651 1560 3674 ,
1590 3610 1779 3669 fratres

180 3687 482 3754 carissimi,
515 3705 615 3744 vox
645 3691 841 3762 divina,
871 3696 995 3766 quia
1023 3699 1109 3768 qui
1133 3700 1303 3755 credit
1321 3701 1554 3770 Christo,
1581 3714 1636 3760 et
1661 3709 1777 3776 ejus

180 3779 444 3832 mandata
471 3782 734 3846 custodit,
767 3787 811 3839 si
843 3798 1084 3842 mortuus
1113 3788 1288 3859 fuerit,
1319 3793 1476 3850 vivet.
1512 3795 1658 3852 lianc
1684 3813 1777 3852 vo-

177 3883 294 3925 cem
325 3871 530 3928 beatus
561 3873 754 3931 Paulus
791 3880 1064 3948 apostolus
1101 3884 1385 3953 accipiens,
1417 3895 1470 3941 et
1500 3889 1623 3943 totis
1651 3889 1771 3946 fidei

177 3963 384 4018 viribus
413 3965 691 4032 retinens,
725 3968 1052 4026 instruebat:
1080 3973 1218 4029 Nolo
1236 4017 1250 4041 ,
1284 3976 1488 4047 inquit,
1517 3996 1602 4034 vos
1624 3981 1771 4052 igno-

175 4071 322 4120 rare,
368 4056 598 4126 fratres,
642 4058 706 4113 de
730 4060 1088 4119 dormientibus
1106 4107 1121 4131 ,
1161 4076 1216 4120 ut
1244 4083 1344 4121 non
1371 4070 1535 4124 tristes
1558 4071 1668 4125 sitis
1693 4073 1768 4142 (1.

175 4143 352 4202 Thus.
386 4148 450 4202 4.
478 4147 590 4218 12).
612 4149 658 4204 Ο
677 4151 809 4206 mira
823 4153 1063 4224 Apostoli
1093 4160 1480 4227 pronuntiatio!
1507 4161 1624 4217 Uno
1652 4178 1769 4218 ser-

173 4252 354 4307 mone,
378 4246 676 4310 antequam
697 4241 989 4300 doctrinam
1014 4248 1304 4319 proferat',
1325 4253 1768 4310 resurrectionem

172 4330 548 4388 commendat.
590 4333 924 4392 Dormientes
966 4354 1194 4411 namque
1221 4343 1455 4413 appellat
1479 4345 1628 4413 illos,
1677 4349 1765 4418 qui

171 4425 368 4480 mortui
399 4434 552 4494 sunt,
583 4437 638 4482 ut
667 4429 793 4484 dum
821 4430 1054 4489 dormire
1080 4449 1174 4491 eos
1197 4435 1343 4503 dicit,
1371 4450 1764 4498 resurrecturos

171 4515 284 4572 sine
313 4516 662 4575 dubitatione
691 4522 987 4594 consignet.
1036 4523 1185 4593 Non,
1227 4528 1429 4599 inquit,
1462 4532 1626 4586 tristes
1655 4533 1765 4588 sitis

169 4606 230 4659 de
249 4607 652 4677 dormientibus,
680 4612 809 4666 sicut
833 4622 880 4667 et
905 4617 1089 4670 caeteri.
1114 4617 1216 4684 Qui
1241 4633 1390 4688 Spem
1415 4637 1520 4677 non
1543 4622 1760 4691 habent,

170 4699 568 4752 emitristentur
589 4717 604 4754 :
628 4716 727 4757 nos
753 4713 930 4759 autem
962 4706 1049 4776 qui
1079 4708 1191 4777 spei
1223 4707 1313 4764 filii
1343 4724 1545 4779 sumus,
1577 4714 1760 4769 colla:-

171 4795 365 4843 lemur.
391 4789 527 4856 Quae
543 4800 724 4848 autem
740 4794 894 4851 nobis
909 4810 1032 4866 spes
1046 4799 1134 4866 sit,
1153 4799 1266 4870 ipse
1281 4815 1662 4861 commemorat
1681 4805 1763 4860 di-

168 4891 313 4935 cens:
329 4880 399 4936 Si
412 4881 686 4950 credimus,
699 4886 816 4954 quia
828 4883 1054 4943 Christus
1065 4900 1292 4946 ntortuus
1304 4902 1394 4958 est,
1409 4902 1455 4947 et
1466 4897 1760 4950 resurrexit:

167 4971 236 5024 ita
261 4984 311 5026 et
331 4971 483 5029 Deus
502 4992 608 5043 eos,
637 4979 725 5043 qui
746 4979 1071 5046 dormierunt,
1101 4999 1191 5051 per
1208 4981 1382 5038 Iesum
1405 4987 1616 5042 adducet
1642 5006 1758 5044 cum

167 5064 285 5132 est!
303 5103 316 5115 .
335 5063 525 5120 Thess.
553 5067 606 5121 4.
631 5067 744 5138 15).
764 5067 918 5125 Jesus
937 5071 1078 5126 enim
1100 5073 1252 5128 nobis
1275 5083 1329 5128 et
1349 5073 1434 5129 hic
1459 5078 1754 5135 viventibus

167 5155 307 5209 salus
338 5165 448 5222 est,
476 5167 531 5212 et
554 5157 679 5213 hinc
713 5161 1086 5216 recedentibus
1108 5164 1210 5218 vita
1242 5173 1340 5219 est.
1376 5165 1538 5231 Mihi,
1588 5169 1755 5239 inquit

151 5248 650 5316 Apostolus,vivere
666 5247 897 5305 Christus
918 5261 1010 5320 est,
1041 5263 1088 5307 et
1116 5255 1244 5307 mori
1269 5255 1464 5308 lucrum
1494 5256 1749 5329 (Philipp.

163 5334 210 5386 1.
243 5335 310 5390 2t
326 5331 364 5398 L
406 5335 632 5393 Lucrum
654 5340 828 5410 plane,
850 5343 972 5412 quia
991 5343 1260 5412 angustias
1279 5353 1333 5399 et
1354 5344 1744 5415 tribulationes,

223 5535 237 5563 ι
275 5539 369 5581 Its.
399 5533 723 5596 Corbeiensis,
747 5551 878 5590 more
899 5539 1118 5591 humano.

223 5598 246 5680 ἰ
280 5593 1145 5680 3.2:Pszns599riai9evsmzl
1167 5605 1458 5680 νενιαεηιςεο,
1494 5670 1505 5680 .

226 5656 246 5686 ³
277 5655 414 5705 uiti
429 5659 640 5722 quidam,
665 5655 758 5712 uno
772 5675 988 5717 sermone
1010 5673 1060 5716 ut
1078 5655 1328 5731 utramque
1351 5655 1617 5722 doctrinam
1641 5686 1746 5736 pro-

1395 279 1482 337 DE
1519 281 2037 344 CONSOLATIONE
2073 290 2348 352 MORTIS.

3407 319 3516 378 298

1934 421 2066 476 quas
2108 410 2268 466 habet
2295 412 2504 485 longior
2531 417 2672 487 vita,
2723 437 2867 478 mors
2897 427 3202 487 accelerans
3231 433 3513 494 lucrifacit.

1929 495 2047 550 Jam
2075 515 2203 554 vero
2229 502 2471 559 ordinem
2513 517 2568 561 et
2609 509 2847 566 habitum
2886 517 2998 584 spei
3031 530 3226 576 nostra:
3254 522 3516 584 describit

1923 583 2234 654 Apostolus.
2263 593 2478 661 «Hoc,s
2524 599 2713 669 inquit,
2761 583 2948 659 «vobis
2987 609 3215 666 dicimus
3255 613 3306 668 in
3349 583 3512 672 verbo

1928 677 2158 748 Domini,
2189 685 2311 753 quia
2345 702 2444 742 nos
2469 693 2557 760 qui
2585 694 2829 761 vivimus,
2858 699 2946 768 qui
2978 702 3175 757 residui
3207 719 3425 773 sumus,
3455 711 3509 766 in

1923 767 2154 826 adventu
2198 775 2313 843 ejus
2340 793 2444 832 non
2475 785 2860 850 praeveniemus
2881 767 2989 844 eos
3013 792 3104 861 qui
3131 794 3461 854 dormierunt
3487 819 3502 854 :

1920 861 2040 928 quia
2070 863 2182 930 ipse
2209 867 2463 924 Dominus
2489 873 2541 925 in
2565 874 2714 941 jussu
2744 885 2797 931 et
2824 894 2953 934 voce
2976 883 3280 954 archangeli
3304 929 3322 955 ,
3366 899 3421 944 et
3450 891 3504 945 in

1921 953 2042 1006 tuba
2070 954 2162 1010 Dei
2190 956 2478 1015 descendet
2498 963 2565 1018 de
2592 967 2743 1031 caelo,
2777 978 2829 1023 et
2870 974 3064 1027 mortui
3094 953 3198 1044 qui,
3214 978 3266 1032 in
3291 953 3506 1037 Christo

1916 1053 2040 1097 sunt
2071 1059 2351 1117 resurgent
2376 1053 2531 1120 primi
2561 1073 2574 1108 :
2603 1055 2796 1114 deinde
2825 1076 2923 1115 nos
2949 1064 3037 1132 qui
3069 1066 3315 1136 vivimus,
3339 1072 3500 1128 simul

1913 1147 2032 1186 cum
2055 1135 2159 1189 illis
2185 1140 2452 1207 rapiemur
2474 1145 2523 1196 in
2552 1146 2776 1202 nubibus
2790 1150 2998 1206 obviam
3025 1153 3241 1212 Christo
3270 1160 3321 1214 in
3346 1176 3496 1232 aera,

1913 1230 1967 1274 et
1995 1222 2066 1276 ita
2097 1239 2309 1297 semper
2333 1246 2449 1284 cum
2477 1234 2698 1288 Domino
2727 1239 2925 1294 erimus
2948 1260 2968 1294 ι
2996 1243 3042 1314 (1
3060 1286 3072 1299 .
3095 1245 3273 1304 Thess.
3301 1252 3354 1304 4.
3385 1222 3498 1307 Mn;

1913 1310 2022 1380 16).
2054 1313 2167 1369 Hoc
2207 1327 2289 1372 est
2315 1321 2454 1387 quod
2482 1323 2640 1390 dicit,
2671 1329 2792 1395 quia
2821 1345 2940 1385 cum
2972 1310 3175 1391 venerit
3207 1340 3459 1400 Dominus
3479 1385 3496 1410 ,

1909 1401 2144 1460 inveniet
2186 1411 2384 1465 multos
2411 1413 2463 1466 in
2495 1429 2718 1485 corpore
2757 1419 3106 1490 Christianos,
3140 1429 3229 1497 qui
3258 1435 3494 1490 nondum

1908 1498 2115 1562 experti
2143 1509 2268 1553 sunt
2291 1512 2516 1558 mortem
2543 1523 2555 1557 :
2579 1518 2632 1561 et
2659 1517 2832 1564 tamen
2857 1528 2960 1568 non
2986 1527 3110 1572 ante
3134 1520 3406 1588 rapientur
3427 1526 3495 1581 ad

1911 1586 2136 1655 uelum,
2183 1606 2340 1659 quam
2381 1597 2573 1650 mortui
2613 1602 2782 1654 sancti
2819 1603 2886 1658 de
2929 1613 3287 1668 monumentis
3313 1629 3495 1671 resur-

1911 1680 2165 1748 rexerint,
2199 1685 2320 1738 tuba
2353 1687 2441 1740 Dci
2485 1698 2538 1742 et
2582 1706 2712 1746 voce
2741 1695 3042 1768 archangeli
3073 1704 3329 1760 suscitati.
3357 1707 3490 1764 Cum

1905 1778 2081 1823 autem
2124 1771 2320 1829 fuerint
2347 1781 2602 1845 suscitati,
2627 1782 2796 1852 juncti
2827 1790 3023 1855 pariter
3044 1807 3166 1848 cum
3192 1797 3492 1858 viventibus

1905 1861 2180 1927 rapientur
2225 1866 2275 1918 in
2307 1869 2534 1925 nubibus
2563 1872 2772 1928 obviam
2803 1876 3017 1935 Christo
3045 1883 3096 1935 in
3129 1898 3251 1939 aera
3274 1927 3288 1949 ,
3321 1897 3374 1941 et
3412 1893 3489 1946 sic

1904 1962 2120 2020 semper
2141 1969 2262 2010 cum
2292 1957 2406 2027 ipso
2446 1965 2760 2031 regnabant.
2788 1967 2897 2023 Nec
2921 1985 3050 2024 sane
3073 1976 3240 2042 possit
3260 1976 3487 2036 dubitari

1900 2042 2042 2110 quod
2083 2049 2286 2114 possint
2325 2065 2580 2120 corpora,
2612 2059 2850 2124 quamvis
2883 2061 2989 2114 sint
3015 2063 3190 2130 gravia
3215 2104 3231 2129 ,
3280 2067 3331 2120 in
3361 2083 3484 2123 aera

1899 2133 2169 2190 sublevari
2196 2156 2208 2191 :
2233 2154 2353 2194 cum
2377 2142 2598 2210 jubente
2631 2147 2856 2204 Domino
2882 2149 3071 2207 Petrus
3096 2155 3263 2224 ipsum
3290 2173 3484 2228 corpus

1900 2221 2101 2322 habens
2140 2245 2301 2298 super
2346 2235 2512 2290 undas
2552 2239 2902 2299 ambulaverit
2945 2221 3350 2322 marisv(hlatth.
3388 2221 3480 2309 14.

1899 2312 2018 2412 29),
2045 2316 2187 2372 Elias
2213 2336 2424 2392 quoque
2450 2326 2514 2379 ad
2542 2327 2702 2398 hujus
2725 2334 2837 2401 spei
2866 2312 3325 2395 confirmationem
3343 2385 3357 2408 ,
3387 2359 3483 2412 per

1901 2401 2040 2459 hunc
2069 2422 2191 2462 acra
2217 2425 2376 2467 curru
2406 2413 2655 2474 ﬂammeo
2673 2422 2741 2476 sit
2761 2434 2944 2494 raptus
2960 2428 3026 2482 ad
3041 2430 3227 2485 caelum
3245 2432 3323 2502 (4.
3346 2401 3476 2508 Ῐίεῃ.

1895 2494 1950 2547 2.
1986 2497 2096 2567 lt).

1969 2588 2022 2642 6.
2073 2590 2260 2656 Quales
2299 2598 2462 2666 futuri
2493 2602 2651 2656 simus
2689 2615 2802 2674 post
2841 2611 3478 2674 resurrectionem—Sed

1895 2681 2094 2747 quaeris
2119 2682 2260 2740 forte
2285 2704 2298 2739 :
2322 2687 2518 2753 Quales
2544 2704 2700 2750 erunt
2737 2699 2825 2767 qui
2853 2713 2882 2752 a
2911 2705 3134 2758 mortuis
3171 2721 3478 2765 resurrcxe-

1893 2770 2037 2824 rint?
2083 2775 2218 2829 Audi
2266 2778 2435 2846 ipsum
2485 2783 2747 2842 dicentem
2792 2789 3073 2847 Dominum
3107 2804 3251 2850 tuum
3279 2797 3473 2867 :Tuuc,

1892 2859 2081 2929 inquit,
2124 2866 2249 2933 iusti
2290 2869 2583 2941 fulgebunt,
2628 2879 2758 2932 sicut
2796 2881 2874 2934 sol
2914 2881 2968 2935 in
3006 2900 3158 2955 regno
3190 2887 3359 2944 Patris
3395 2859 3476 2946 sui

1889 2951 2104 3022 (Matth.
2130 2957 2214 3011 l5.
2239 2959 2350 3031 45).
2371 2961 2506 3028 Quid
2528 2966 2864 3034 splendorem
2879 2951 3292 3034 commemorem
3312 2983 3436 3039 solis
3449 2985 3475 3038 ἳ

1887 3043 2020 3100 Cum
2050 3047 2233 3106 fideles
2262 3055 2622 3128 transﬁgurari
2649 3077 2869 3120 necesse
2893 3075 2974 3122 est
2999 3067 3064 3123 ad
3092 3070 3258 3138 ipsius
3276 3073 3472 3131 Christi

1890 3137 2103 3196 Domini
2147 3145 2479 3217 claritatem,
2531 3161 2590 3207 ut
2642 3163 2868 3212 testatur
2917 3137 3188 3228 apostolus
3233 3164 3468 3222 Paulus:

1891 3229 2136 3298 «Nostra,
2166 3253 2186 3288 s
2220 3237 2408 3308 inquit,
2443 3259 2463 3294 ι
2485 3246 2819 3302 conversatio
2845 3248 2895 3302 in
2927 3251 3074 3305 cazlis
3098 3263 3178 3306 est
3204 3271 3216 3306 :
3242 3257 3383 3312 unde
3411 3267 3469 3314 et

1883 3319 2054 3388 ipsum
2075 3322 2399 3383 Salvatorem
2421 3343 2794 3402 exspectamus
2818 3337 3096 3394 Dominum
3118 3341 3298 3398 Jesum
3315 3342 3470 3401 Chri-

1881 3419 2040 3476 stum,
2071 3415 2160 3485 qui
2188 3417 2584 3476 transformabit
2612 3437 2806 3494 corpus
2833 3426 3147 3486 humilitatis
3173 3445 3368 3490 nostra:
3393 3438 3460 3492 ad

1879 3501 2354 3562 conformationem
2377 3513 2615 3582 corporis
2635 3514 2822 3584 gloria:
2845 3533 2954 3572 sum
2982 3539 3000 3572 ο
3027 3518 3282 3595 (Philipp.
3297 3527 3348 3580 5.
3370 3527 3462 3584 20.

1878 3591 1969 3663 21)
1992 3611 2004 3647 :
2031 3600 2488 3668 transligurabitur
2525 3603 2642 3659 sine
2679 3605 2842 3662 dubio
2892 3624 3018 3665 caro
3062 3613 3157 3667 ista
3195 3591 3462 3672 inortalit

1877 3685 1942 3739 ad
1970 3687 2444 3748 conformationem
2466 3694 2664 3750 Christi
2685 3698 2958 3765 claritatis,
2984 3702 3166 3758 induet
3192 3706 3207 3737 ¹
3241 3709 3463 3766 mortale

1877 3777 2326 3838 immortalitatem
2348 3803 2359 3838 :
2379 3788 2502 3856 quia
2536 3788 2688 3854 Quod
2710 3794 3012 3849 seminatum
3037 3797 3204 3867 fuerat
3233 3802 3283 3855 in
3313 3803 3460 3870 inﬁr-

1876 3871 2065 3936 mitate,
2096 3875 2332 3942 protinus
2356 3889 2524 3949 surget
2551 3881 2602 3934 in
2629 3883 2807 3937 uirtute
2833 3882 2909 3957 (l.
2936 3885 3054 3940 Cor.
3078 3889 3165 3945 15.
3194 3891 3308 3961 45).
3341 3893 3455 3950 Non

1877 3959 2083 4017 timebit
2110 3979 2236 4018 caro
2263 3967 2490 4036 amplius
2527 3975 2919 4041 corruptionem
2941 4018 2956 4041 ,
2987 3994 3091 4032 non
3123 3959 3348 4048 patietur
3375 3984 3457 4040 fa-

1875 4065 2036 4115 mem,
2064 4068 2169 4107 non
2191 4055 2332 4110 sitim
2354 4098 2368 4122 ,
2401 4075 2505 4113 non
2537 4063 2877 4130 aagritudines
2899 4107 2915 4130 ,
2947 4081 3051 4120 non
3081 4083 3236 4124 casus
3262 4074 3458 4129 adver-

1873 4157 1992 4208 sos.
2013 4145 2121 4201 Pax
2146 4148 2287 4201 enim
2317 4157 2424 4204 tuta
2448 4191 2462 4213 ,
2494 4161 2548 4206 et
2579 4153 2727 4208 firma
2768 4159 3026 4211 securitas
3057 4160 3179 4214 vitae
3202 4174 3302 4217 est.
3337 4166 3453 4222 Alia

1871 4234 2051 4304 utique
2075 4237 2301 4293 cmlestis
2330 4249 2411 4295 est
2435 4242 2602 4312 gloria
2625 4283 2642 4309 ,
2672 4244 2759 4299 ubi
2801 4257 2856 4302 et
2882 4249 3130 4318 gaudium
3160 4251 3276 4308 sine
3301 4253 3451 4312 defe-

1871 4327 2048 4382 ctione
2079 4330 2433 4397 prmstabitur.

1943 4418 1994 4472 7.
2030 4419 2170 4476 Mors
2201 4425 2359 4494 magis
2382 4427 2625 4494 aptanda,
2657 4445 2808 4498 quam
2834 4431 3071 4503 lugenda,
3104 4436 3192 4490 sed
3224 4453 3324 4492 non
3356 4440 3452 4496 sibi

1868 4506 2381 4578 inferenda.—llzcc
2426 4515 2477 4569 in
2525 4531 2684 4572 sensu
2729 4528 2782 4574 et
2822 4522 2990 4576 oculis
3028 4538 3218 4594 gerens
3261 4528 3449 4585 beatus

1870 4601 2062 4655 Paulus
2089 4602 2331 4672 dicebat,
2371 4625 2390 4658 ι
2414 4607 2671 4678 Optabam
2716 4611 2956 4680 dissolvi,
2989 4624 3043 4669 et
3082 4631 3200 4671 cum
3233 4619 3448 4678 Christo

1864 4706 1984 4748 esse
2013 4694 2181 4749 multo
2203 4697 2368 4767 magis
2391 4699 2578 4754 melius
2596 4702 2616 4732 '
2641 4719 2660 4752 i
2688 4700 2944 4775 (Philipp.
2975 4705 3026 4760 1.
3044 4706 3138 4775 25)
3155 4748 3167 4760 .
3187 4707 3254 4762 Et
3272 4709 3446 4766 adhuc

1864 4791 2047 4851 aperte
2071 4783 2301 4852 docens,
2342 4806 2363 4840 ‹
2388 4787 2520 4843 Dum
2550 4804 2754 4855 sumus,
2778 4810 2796 4843 ι
2833 4794 3019 4862 inquit,
3051 4813 3070 4847 ο
3093 4797 3142 4849 in
3174 4811 3401 4866 corpore
3425 4843 3441 4866 ,

1863 4874 2262 4944 peregrinamur
2281 4892 2309 4930 a
2335 4877 2558 4934 Domino
2583 4898 2596 4934 :
2622 4896 2716 4950 per
2738 4882 2893 4936 iidem
2919 4883 3060 4936 enim
3087 4885 3439 4956 ambulamus,

1861 4972 1916 5016 et
1945 4978 2046 5018 non
2079 4980 2172 5033 per
2190 4968 2440 5035 speciem.
2481 4968 2748 5024 Habemus
2767 4979 2942 5024 autem
2967 4975 3151 5041 magis,
3179 4994 3198 5027 ι
3241 4977 3438 5046 inquit,

1867 5074 1886 5109 ε
1909 5059 2096 5113 bonam
2108 5059 2429 5116 voluntatem
2445 5063 2768 5130 peregrinari
2783 5077 2811 5114 a
2824 5077 3066 5133 corpore,
3081 5079 3133 5119 et
3147 5080 3438 5136 prmsentes

1859 5165 1978 5206 esse
2001 5152 2066 5206 ad
2086 5153 2368 5208 Dominum
2392 5172 2410 5204 ι
2451 5153 2525 5222 (2.
2560 5152 2673 5207 Cor.
2701 5155 2754 5208 5.
2774 5151 2914 5224 6-8).
2939 5155 3072 5222 Quid
3102 5159 3308 5230 agimus
3339 5177 3436 5217 nos

1860 5258 2034 5312 parvae
2066 5244 2186 5299 fidei
2228 5245 2491 5306 homines,
2537 5246 2627 5314 qui
2657 5246 2935 5301 anxiamur
2959 5258 3013 5304 et
3051 5251 3323 5307 deficimus
3343 5293 3359 5320 ,
3391 5255 3434 5308 si

1858 5335 2049 5405 aliquis
2087 5336 2155 5390 de
2193 5336 2332 5389 caris
2368 5335 2567 5390 nostris
2611 5337 2804 5407 migret
2843 5339 2907 5392 ad
2942 5339 3262 5398 Dominum?
3295 5343 3432 5410 Quid

1920 5555 1935 5584 ¹
1972 5559 2098 5610 Mss,
2123 5553 2365 5603 induntur.
3369 5617 3380 5628 .

1917 5615 2046 5679 ’__sic
2065 5622 2162 5679 _Ms.
2196 5614 2519 5679 Corbejensls.
2559 5615 2676 5668 Fditi
2722 5631 2842 5668 vero
2875 5620 3100 5679 quidam,
3126 5616 3273 5664 multo
3301 5629 3434 5667 enim

2065 5675 2193 5727 Infra
2214 5683 2294 5728 Ms.
2328 5674 2492 5737 ϐοτη,
2533 5687 2792 5743 ρηεδεηιες
2826 5672 2928 5730 esse
2972 5688 3015 5730 et
3046 5672 3304 5730 adventare
3337 5687 3419 5732 Do

1854 5735 2001 5789 utine.
