3966 6192
513 267 620 323 239

514 383 721 452 agimus
740 423 757 449 ,
803 398 936 453 quos
967 379 1314 452 peregrinatio
1343 381 1394 435 iu
1424 379 1526 435 hoc
1556 379 1756 435 mundo
1801 379 1968 448 magis
1990 377 2086 432 de-

515 473 710 541 lectat,
754 489 910 543 quam
960 471 1332 540 repraesentari
1375 472 1442 524 ad
1479 471 1674 526 Christi
1713 471 2096 540 conspectum?

518 562 676 627 Vere,
709 577 836 618 vere
867 562 1221 631 peregrinatio
1245 570 1328 616 cst
1349 577 1507 616 omne
1527 561 1665 631 quod
1688 561 1914 618 vivimus
1937 580 1951 617 :
1974 577 2096 617 nam

517 654 653 707 sicut
698 652 959 720 peregrini
995 654 1044 705 in
1077 651 1306 719 smculo,
1345 652 1502 707 sedes
1547 653 1803 708 habemus
1831 652 2093 719 incertas,

516 742 850 806 laboramus,
898 742 1220 798 desudamus
1242 783 1255 808 ,
1301 743 1413 798 vias
1448 743 1781 802 ambulantes
1812 743 2055 799 difﬁciles
2078 787 2093 812 ,

519 836 769 905 periculis
801 836 1021 905 plenas:
1048 836 1278 906 undique
1321 836 1525 891 insidia:
1551 879 1566 902 ,
1615 852 1646 890 a
1691 837 2034 906 spiritalibus,
2066 853 2095 891 a

513 925 880 995 corporalibus
905 925 1185 991 inimicis‘,
1211 926 1445 996 undique
1467 941 1708 982 errorum
1728 927 1954 982 calliculi
1975 936 2099 982 sunt

514 1017 819 1087 praeparati.
865 1017 932 1072 Et
970 1033 1092 1073 cum
1137 1017 1298 1073 tantis
1327 1019 1579 1088 periculis
1618 1034 1939 1092 urgeamur,
1991 1037 2098 1076 non

513 1107 688 1163 solum
717 1107 816 1177 ipsi
855 1122 961 1163 non
989 1110 1232 1178 cupimus
1261 1111 1509 1178 liberari,
1540 1111 1634 1166 sed
1661 1113 1818 1167 etiam
1850 1113 2098 1168 liberatos

515 1209 784 1270 tamquam
812 1200 1048 1270 perditos
1078 1201 1319 1270 lugemus
1347 1210 1401 1256 et
1432 1201 1750 1272 plangimus.
1776 1201 1921 1268 Quid
1942 1203 2098 1259 nobis

515 1291 764 1361 praestitit
788 1291 928 1348 Deus
951 1309 1045 1362 per
1070 1309 1223 1348 suum
1255 1293 1616 1364 Unigenitum,
1643 1295 1688 1349 si
1713 1293 1889 1350 adhuc
1913 1297 2099 1350 mortis

515 1383 767 1437 timemus
799 1383 1014 1438 casum?
1044 1383 1180 1450 Quid
1210 1398 1308 1439 nos
1335 1393 1550 1439 renatos
1573 1399 1637 1438 ex
1664 1399 1800 1454 aqua
1826 1392 1879 1440 et
1901 1384 2098 1454 Spiritu

513 1475 821 1545 gloriamur,
842 1489 977 1544 quos
997 1475 1349 1546 peregrinatio
1369 1475 1436 1530 de
1453 1475 1554 1529 hoc
1577 1475 1772 1530 mundo
1789 1477 2099 1530 contristat?

513 1567 633 1638 lpse
664 1567 920 1622 Dominus
945 1566 1160 1632 clamat,
1195 1565 1256 1620 Si
1281 1566 1390 1634 quis
1416 1566 1540 1619 mihi
1563 1557 1836 1627 ministrat,
1865 1576 2102 1636 sequatur

513 1674 592 1710 me
612 1673 630 1710 :
651 1665 698 1711 et
723 1656 808 1710 ubi
833 1673 922 1727 ego
948 1673 1083 1723 sum,
1108 1657 1176 1710 ibi
1199 1657 1291 1710 erit
1312 1665 1357 1710 et
1386 1657 1611 1710 minister
1636 1673 1774 1710 meus
1803 1655 1978 1728 (Joan.
2007 1657 2098 1712 12.

514 1748 632 1821 26).
681 1749 844 1803 Putas
892 1749 936 1803 si
981 1763 1077 1804 rex
1109 1751 1376 1804 terrestris
1418 1749 1484 1803 ad
1529 1763 1682 1804 suum
1728 1749 1976 1819 palatium
2015 1750 2098 1804 vel

513 1840 818 1896 convivium
846 1841 1077 1909 aliquem
1104 1850 1278 1906 vocet,
1305 1855 1410 1895 non
1434 1855 1555 1895 cum
1580 1842 1868 1911 gratiarum
1893 1842 2100 1897 actione

514 1933 861 2005 properabit?
891 1932 1099 2000 Quanto
1140 1933 1308 2002 magis
1353 1932 1419 1986 ad
1466 1932 1732 1987 caelestem
1779 1933 2098 1988 currendum

516 2033 599 2078 est
626 2039 826 2094 regem,
858 2024 946 2092 qui
977 2038 1112 2093 quos
1141 2029 1421 2092 receperit,
1464 2039 1569 2078 non
1615 2023 1784 2078 solum
1813 2024 2097 2089 convivas,

516 2115 611 2171 sed
636 2117 795 2170 etiam
823 2117 1272 2186 conregnatores’
1295 2115 1508 2179 efﬁciet,
1541 2115 1678 2170 sicut
1700 2115 1953 2184 scriptum
1983 2124 2098 2170 est:

518 2207 582 2262 Si
609 2207 907 2261 commortui
940 2224 1137 2267 sumus.
1179 2217 1224 2260 et
1255 2208 1602 2270 convivemus;
1630 2208 1676 2261 si
1704 2209 2022 2273 sustinemus,
2054 2217 2102 2262 et

516 2301 930 2370 conregnabimus
973 2299 1048 2368 (Ξ.
1093 2299 1228 2354 Tim.
1275 2299 1332 2354 2.
1383 2300 1469 2354 11.
1524 2299 1635 2371 12).
1685 2299 1794 2355 Nec
1848 2299 1952 2355 hoc
2001 2315 2102 2371 ego

525 2393 666 2458 dico,
707 2401 764 2448 ut
791 2394 909 2462 quis
945 2407 1136 2447 manus
1169 2393 1269 2447 sibi
1313 2392 1535 2457 inferat,
1585 2401 1674 2446 aut
1719 2408 1779 2447 se
1822 2393 2101 2448 interﬁciat

519 2493 703 2538 contra
732 2485 1059 2540 voluntatem
1107 2484 1199 2538 Dei
1228 2484 1486 2539 creatoris
1506 2524 1520 2545 ,
1561 2494 1652 2538 aut
1695 2485 1923 2538 animam
1952 2493 2009 2539 ut
2035 2484 2102 2540 de

517 2577 759 2646 corporis
784 2577 864 2632 sui
890 2576 1122 2645 expellat
1153 2576 1414 2645 hospitio;
1447 2575 1539 2629 sed
1569 2575 1672 2630 hoc
1695 2575 1835 2643 dico,
1864 2586 1924 2631 ut
1948 2576 2102 2646 laetus

517 2679 572 2723 et
595 2667 852 2738 gaudens,
875 2683 994 2723 cum
1021 2675 1112 2720 aut
1135 2668 1248 2736 ipse
1274 2674 1494 2720 vocatur
1512 2675 1566 2722 et
1588 2667 1882 2736 proximus,
1909 2676 1962 2722 et
1989 2667 2103 2737 ipse

516 2761 694 2826 vadat,
719 2769 774 2814 et
789 2759 1038 2815 euntibus
1055 2759 1369 2829 gratuletur.
1388 2759 1511 2813 llmc
1529 2760 1669 2814 enim
1692 2759 2102 2815 estChristianae

519 2851 640 2906 ﬁdei
665 2865 870 2906 summa
889 2891 904 2913 ,
951 2849 1112 2904 vitam
1139 2865 1316 2904 veram
1347 2857 1660 2918 exspectare
1688 2859 1809 2918 post
1834 2859 2058 2904 mortem
2084 2890 2100 2914 ,

522 2943 750 2998 reditum
798 2957 1014 3010 sperare
1061 2951 1178 3011 post
1227 2942 1447 2996 exitum.
1497 2944 1728 3012 Accepta
1773 2943 1931 3012 igitur
1974 2959 2105 2999 voce

524 3034 790 3107 Apostoli,
817 3047 947 3089 cum
982 3032 1176 3091 fiducia
1213 3034 1324 3102 jam
1351 3033 1593 3090 dicamus
1619 3035 1814 3104 gratias
1840 3035 1980 3099 Deo,
2013 3036 2102 3105 qui

521 3125 676 3180 nobis
703 3135 889 3181 contra
930 3137 1155 3181 mortem
1199 3127 1470 3181 victoriam
1499 3127 1678 3194 dedit,
1716 3143 1812 3198 per
1834 3128 2102 3185 Christum

523 3219 803 3274 Dominum
834 3229 1092 3286 nostrum,
1125 3219 1210 3276 cui
1237 3230 1319 3275 est
1349 3221 1512 3290 gloria
1538 3230 1594 3277 et
1623 3231 1857 3291 potestas
1883 3239 2025 3279 nunc
2051 3231 2105 3279 et

523 3311 574 3366 in
604 3310 795 3365 srecula
824 3311 1163 3364 sazculorum.
1191 3313 1382 3366 Amen.

1159 3421 1385 3476 SEliMO
1415 3423 1456 3477 ll
1471 3464 1482 3475 .

596 3535 648 3587 1.
676 3532 995 3587 Resurrectio
1036 3532 1170 3586 unde
1208 3535 1346 3602 apud
1381 3535 1610 3604 inﬁdeles
1634 3536 1804 3590 dubia.
1832 3567 1905 3578 —
1935 3537 2108 3607 Supe-

521 3625 651 3679 riori
677 3624 890 3695 quidem
921 3624 1100 3679 libello
1131 3625 1539 3692 perstrinximus
1560 3627 1794 3684 breviter
1814 3629 1882 3686 de
1908 3645 2106 3686 conso-

523 3717 724 3772 latione
764 3717 1104 3771 mortalitatis
1129 3717 1183 3783 ³,
1235 3716 1302 3772 de
1342 3733 1438 3787 spe
1483 3722 1889 3777 resurrectionis
1922 3741 1934 3776 :
1966 3740 2108 3781 nunc

525 3809 731 3877 plenius
771 3817 824 3862 et
848 3807 1074 3862 validius
1104 3808 1172 3862 de
1199 3808 1397 3863 eisdem
1429 3809 1607 3865 dicere
1635 3827 2003 3881 properamus.
2045 3815 2103 3872 Si

523 3899 732 3970 quidem
787 3898 937 3964 hzee,
981 3915 1100 3969 qua:
1138 3900 1383 3970 loquutus
1421 3916 1559 3970 sum,
1601 3903 1845 3961 ﬁdelibus
1891 3907 2104 3977 quidem

522 4004 662 4049 certa
704 4003 862 4057 sunt,
897 3993 1192 4050 infidelibus
1221 4004 1395 4050 autem
1425 4011 1488 4050 ac
1512 3996 1685 4052 dubiis
1706 4000 1952 4056 videntur
1985 4018 2106 4060 esse

523 4084 784 4151 fabulosa,
829 4084 894 4139 ad
925 4100 1059 4155 quos
1091 4101 1256 4154 pauca
1282 4087 1516 4142 strictius
1547 4091 1898 4158 proferamus.
1943 4093 2103 4150 Certe

523 4176 842 4247 quicumque
869 4178 996 4232 estis
1027 4177 1322 4246 increduli,
1373 4194 1588 4236 omnem
1629 4183 2011 4241 dubitationem
2037 4186 2104 4243 de

522 4267 815 4321 substantia
837 4267 1076 4337 corporis
1101 4269 1390 4325 sustinetis.
1416 4271 1741 4327 Discreditur
1765 4275 1906 4329 enim
1934 4292 1962 4329 a
1985 4278 2104 4346 qui-

523 4357 766 4423 busdam,
786 4373 999 4412 carnem
1024 4374 1333 4414 conversam
1349 4359 1401 4414 in
1420 4361 1712 4430 pulverem,
1739 4364 1931 4420 iterum
1949 4381 2106 4436 posse

523 4466 836 4519 resurgere,
885 4452 1076 4506 iterum
1120 4454 1460 4508 reviviscere.
1509 4454 1773 4510 Czeterum
1819 4458 1886 4513 de
1929 4459 2105 4514 anima

524 4543 726 4597 nullum
759 4558 912 4612 posse
929 4544 1200 4599 hominum
1227 4546 1502 4603 dubitare:
1526 4551 1568 4604 si
1594 4552 1806 4620 quidem
1827 4553 1893 4609 de
1913 4557 2104 4613 animae

526 4632 921 4689 immortalitate
953 4649 1051 4690 nec
1081 4635 1380 4705 philosophi
1418 4638 1552 4705 ipsi,
1597 4655 1720 4697 cum
1756 4645 1862 4699 sint
1887 4650 2100 4718 pagani,

525 4725 867 4779 dissentiunt.
920 4725 1050 4780 Nam
1077 4725 1202 4795 quid
1232 4735 1314 4781 est
1341 4743 1485 4782 mors
1506 4769 1520 4793 ,
1568 4732 1667 4786 nisi
1695 4738 1957 4802 separatio
1983 4754 2105 4794 cor-

527 4816 670 4885 poris
699 4817 1038 4887 animmque?
1066 4816 1370 4874 Recedeute
1397 4820 1539 4875 enim
1571 4824 1776 4890 anima,
1809 4843 1929 4897 qua:
1957 4845 2103 4885 sem-

527 4921 624 4976 per
651 4909 819 4973 vivit,
863 4924 980 4978 quae
1011 4910 1145 4964 mori
1187 4909 1393 4978 nescit,
1437 4913 1558 4981 quia
1589 4915 1655 4968 de
1686 4916 1809 4971 ﬂatu
1839 4919 1931 4974 Dei
1955 4931 2037 4976 est
2059 4923 2101 4989 ⁸,

527 4997 698 5051 solum
723 5013 916 5069 corpus
941 5001 1198 5056 emoritur
1223 5019 1238 5056 :
1264 5003 1384 5072 quia
1412 5004 1552 5059 aliud
1594 5008 1646 5060 in
1679 5008 1831 5066 nobis
1859 5014 2103 5083 mortale,

529 5087 672 5142 aliud
699 5089 996 5146 immortale
1022 5101 1121 5147 est.
1147 5092 1253 5148 Sed
1275 5094 1528 5150 recedens
1554 5097 1750 5165 anima,
1772 5117 1892 5172 quae
1915 5120 2105 5160 carna-

529 5177 670 5233 libus
707 5180 877 5233 oculis
906 5197 1011 5236 non
1055 5182 1303 5251 videtur,
1344 5187 1412 5241 ab
1453 5189 1655 5259 angelis
1697 5193 2008 5263 suscipitur,
2053 5206 2106 5253 ct

593 5313 973 5396 3391995922
988 5315 1531 5396 ’Riﬂ4‘9'9.?mic“v
1578 5329 1784 5396 limum
1832 5338 1883 5380 θῑ
1907 5333 2101 5396 ibidem:

527 5375 737 5447 undigue
758 5388 974 5426 errorum
998 5375 1138 5447 casus
1159 5381 1324 5432 seaculi
1347 5375 1627 5447 praeparati.

592 5440 613 5471 ³
646 5445 748 5496 053.,
767 5445 1149 5498 conregnaturos.

593 5499 1000 5566 {Editiveteres
1036 5503 1302 5566 augustini,
1345 5504 1406 5553 de
1443 5508 1754 5560 aemulatione
1793 5519 2100 5566 mortuorum.

528 5559 671 5610 Corh.
697 5561 880 5616 Codex.
905 5562 965 5612 de
988 5559 1298 5613 consolatione
1319 5567 1641 5620 mortalitatis.

590 5623 774 5701 Leti}?
788 5630 1003 5701 Ῡεξβιῖεξε
1023 5625 1084 5701 de
1104 5621 1344 5701 ﬁctaest
1357 5632 1427 5701 εει
1459 5628 1709 5701 emeram.
1738 5639 1789 5684 ει
1813 5635 1953 5698 paqu
1973 5647 2098 5701 post.

533 5694 638 5738 (tua:
659 5683 930 5737 carnalibus
951 5683 1113 5738 oculis
1124 5684 1277 5736 rideri
1292 5699 1384 5736 non
1413 5683 1578 5752 potest.

1222 269 1276 324 S.
1318 269 1595 324 JOANNIS
1630 266 2106 323 CllllYSOSTOMI
2147 267 2468 327 ARCHIEP.
2499 273 3035 332 CONSTANTINUP.

3617 301 3698 358 τι(εο

2208 381 2496 437 collocatur
2538 393 2629 438 aut
2671 387 2722 439 in
2752 386 2871 440 sinu
2907 387 3170 454 Abrahm,
3207 391 3248 445 si
3275 392 3428 450 ﬁdelis
3447 410 3544 465 est;
3568 410 3705 464 autin

2204 476 2434 529 carceris
2461 475 2655 531 inferni
2691 478 2932 533 custodia
2953 520 2968 545 ,
3000 480 3044 534 si
3075 485 3330 549 peccatrix
3353 496 3461 542 est:
3487 490 3594 548 dum
3618 506 3704 552 sta-

2207 574 2350 620 tutus
2372 567 2552 622 veniat
2575 567 2690 623 dies
2709 610 2724 635 ,
2757 585 2862 639 quo
2889 585 3040 624 suum
3071 574 3284 642 recipiat
3309 592 3506 649 corpus,
3532 591 3579 637 et
3597 590 3709 654 apud

2206 655 2435 710 tribunal
2475 655 2671 713 Christi
2709 660 2902 729 iudicis
2940 662 3050 715 veri
3093 663 3271 718 reddat
3311 681 3506 724 suorum
3531 686 3708 743 operum

2205 746 2488 804 rationem.
2535 750 2675 820 Ergo
2721 751 2842 821 quia
2881 751 2950 806 de
2988 767 3150 808 carne
3193 764 3297 810 tota
3320 761 3565 816 cunctatio
3588 775 3655 820 est
3677 768 3710 832 ί,

2206 837 2360 908 hujus
2385 848 2466 894 est
2494 841 2773 898 inﬁrmitas
2813 842 3177 913 defendenda,
3208 857 3260 904 et
3294 855 3586 911 resurrectio
3612 871 3714 914 cono

2203 928 2478 998 signanda.

2273 1020 2329 1074 2.
2359 1020 2552 1075 Μονιυὶ
2584 1024 2831 1092 quomodo
2864 1034 3144 1097 resurgant.
3187 1028 3430 1084 Probatur
3453 1033 3594 1089 Deum
3617 1055 3718 1092 mor-

2205 1121 2317 1166 tuos
2355 1129 2502 1182 posse
2528 1115 2792 1169 suscitare.
2832 1146 2904 1156 —
2944 1117 3096 1184 Quod
3135 1119 3180 1173 si
3222 1121 3336 1189 quis
3377 1125 3720 1193 requiratame

2203 1203 2393 1259 dubius
2417 1214 2472 1260 et
2496 1206 2799 1262 incredulus
2823 1249 2837 1272 ,
2870 1209 3134 1276 Quomodo
3167 1215 3346 1267 mortui
3371 1230 3623 1288 resurgent,
3647 1238 3723 1290 quo

2203 1304 2368 1348 autem
2409 1311 2620 1366 corpore
2660 1299 2893 1352 uenient?
2939 1302 3273 1370 respondebo
3311 1307 3354 1358 ei
3383 1321 3469 1361 ore
3495 1323 3552 1362 ac
3583 1313 3725 1365 verbis

2209 1385 2471 1458 Apostoli,
2511 1388 2792 1462 Insipiens,
2821 1400 2875 1443 tu
2909 1393 3042 1461 quod
3079 1397 3318 1462 seminus,
3358 1415 3452 1452 non
3478 1401 3726 1470 uiviﬁcatur,

2204 1478 2304 1530 nisi
2339 1481 2478 1546 prius
2520 1479 2767 1534 moriatur
2791 1497 2810 1534 :
2835 1492 2882 1535 et
2917 1485 3052 1552 quod
3075 1487 3322 1554 seminus,
3362 1489 3538 1543 nudum
3555 1495 3729 1546 seminus

2203 1585 2416 1638 granum
2443 1571 2593 1625 tritici
2626 1582 2713 1626 aut
2743 1575 2948 1628 alterius
2980 1575 3200 1646 alicujus
3222 1581 3421 1634 seminis
3449 1581 3519 1653 (l.
3538 1581 3638 1637 Cor.
3664 1586 3731 1639 l5.

2206 1659 2397 1730 35-57)
2420 1702 2436 1727 ,
2469 1669 2736 1717 mortuum
2776 1673 2830 1719 et
2863 1665 3072 1721 aridum
3109 1669 3226 1724 sine
3268 1669 3517 1738 humore;
3563 1682 3608 1727 et
3638 1690 3732 1728 cum

2203 1749 2556 1820 putrefactum
2597 1752 2775 1822 fuerit,
2804 1755 3081 1812 fecundius
3107 1762 3314 1830 surgit,
3350 1762 3505 1833 ﬁtque
3533 1769 3739 1819 vestitum

2205 1841 2486 1908 folliculis,
2531 1844 2710 1899 aristis
2750 1856 3033 1902 armatum.
3082 1849 3187 1918 Qui
3232 1867 3359 1921 ergo
3385 1868 3589 1921 granum
3611 1856 3739 1908 tritici

2206 1932 2425 1987 suscitat
2479 1943 2697 2005 propter
2743 1944 2834 2004 te,
2887 1939 3059 2010 ipsum
3106 1951 3159 1998 te
3216 1958 3322 1998 non
3374 1946 3560 2014 poterit
3604 1947 3742 2001 susci-

2207 2034 2320 2080 tare
2349 2038 2570 2097 propter
2610 2043 2670 2084 se
2713 2028 2832 2102 (a)?
2877 2033 2970 2102 qui
3022 2034 3196 2089 solem
3243 2037 3475 2105 quotidie
3519 2037 3652 2106 quasi
3691 2037 3743 2092 de

2205 2117 2450 2185 sepulcro
2489 2120 2662 2174 noctis
2691 2123 2944 2188 suscitat,
2983 2133 3039 2180 et
3076 2125 3262 2181 lunam
3303 2129 3452 2197 quasi
3476 2129 3540 2183 de
3565 2129 3748 2184 interitu

2205 2217 2453 2277 reparat,
2486 2219 2540 2264 et
2569 2219 2807 2282 tempora
2833 2214 3139 2270 recedentia
3181 2228 3400 2272 revocat
3423 2218 3488 2273 ad
3513 2220 3748 2273 utilitatem

2206 2298 2409 2355 scilicet
2435 2310 2670 2356 nostram
2704 2320 2718 2357 :
2758 2303 2901 2374 ipsos
2941 2320 3040 2362 nos
3059 2346 3073 2369 ,
3106 2321 3330 2380 propter
3349 2324 3481 2377 quos
3506 2311 3664 2366 omnia
3688 2326 3755 2365 re-

2207 2397 2392 2460 parat,
2433 2407 2540 2446 non
2580 2395 2854 2464 requiret,
2885 2406 2940 2452 et
2979 2400 3146 2454 semel
3202 2403 3433 2470 patietur
3464 2402 3696 2468 exstingui
3721 2403 3756 2465 ⁸,

2206 2498 2341 2554 quos
2364 2499 2462 2539 suo
2488 2484 2615 2540 ﬂatu
2643 2488 2920 2555 accendit,
2968 2507 3100 2560 quos
3139 2508 3250 2548 suo
3290 2493 3477 2564 spiritu
3507 2493 3757 2548 animavit!

2207 2583 2262 2630 et
2288 2575 2342 2630 in
2370 2585 2683 2647 perpetuum
2708 2578 2818 2647 jam
2845 2594 2949 2634 non
2984 2583 3085 2638 erit
3115 2582 3307 2647 homo,
3341 2584 3431 2655 qui
3466 2585 3601 2639 illum
3627 2585 3698 2654 pie
3719 2592 3761 2637 et

2207 2667 2422 2736 agnovit
2445 2675 2500 2723 et
2538 2668 2744 2723 coluit?
2786 2669 2890 2726 Sed
2939 2671 3130 2726 iterum
3182 2674 3420 2739 dubitas,
3462 2674 3598 2744 quod
3622 2673 3763 2744 possis

2209 2757 2444 2830 reparari
2474 2767 2596 2828 post
2632 2769 2895 2828 mortem,
2941 2763 3152 2818 restitui
3189 2774 3313 2834 post
3338 2767 3570 2820 cinerem
3597 2773 3645 2819 et
3667 2778 3766 2818 ossa

2208 2861 2521 2920 consumpta
2540 2850 2571 2904 ’ἶ
2589 2851 2634 2906 0
2663 2851 2842 2917 homo,
2871 2852 2956 2908 dic
2977 2853 3127 2918 mihi,
3162 2856 3296 2924 quid
3331 2855 3472 2910 fuisti
3497 2865 3613 2911 ante
3634 2869 3766 2926 quam

2210 2941 2263 2993 in
2293 2939 2478 2995 matris
2502 2948 2656 2995 utero
2671 2941 3065 3011 concipereris?
3088 2943 3239 2998 Nihil
3272 2945 3475 3015 utique.
3499 2945 3627 3000 Deus
3645 2959 3766 3015 ergo,

2209 3031 2298 3100 qui
2321 3040 2372 3086 te
2390 3033 2591 3087 creavit
2612 3047 2678 3087 ex
2707 3033 2892 3102 nihilo,
2911 3049 3090 3090 nonne
3105 3034 3325 3092 facilius
3354 3039 3772 3107 poteritreparare

2211 3124 2277 3178 de
2306 3124 2525 3194 aliquo?
2563 3125 2690 3180 Mihi
2715 3127 2874 3182 crede
2895 3169 2909 3191 ,
2942 3125 3148 3183 facilius
3184 3131 3388 3200 poterit
3415 3132 3627 3186 reﬁcere
3659 3127 3775 3198 quod

2212 3227 2336 3272 ante
2355 3216 2463 3286 jam
2490 3217 2620 3283 fuit,
2664 3219 2753 3288 qui
2785 3221 2958 3290 potuit
2983 3220 3004 3253 ³
3033 3236 3224 3278 creare
3246 3224 3392 3294 quod
3422 3240 3526 3278 non
3552 3223 3654 3277 fuit.
3695 3221 3777 3288 Qui

2214 3315 2266 3361 te
2299 3323 2363 3361 ex
2401 3316 2547 3377 gutta
2585 3307 2825 3365 informis
2856 3311 3074 3378 liquoris
3116 3313 3172 3368 in
3220 3324 3330 3369 tua:
3361 3315 3548 3370 matris
3576 3324 3715 3369 utero
3737 3313 3780 3365 in

2213 3413 2425 3466 nervos,
2455 3414 2616 3454 venas
2641 3409 2694 3455 et
2719 3415 2840 3455 ossa
2871 3402 3028 3471 jussit
3047 3419 3398 3471 excrescere,
3445 3407 3650 3473 poterit,
3675 3403 3781 3458 mihi

2213 3489 2392 3556 crede,
2423 3489 2489 3545 de
2513 3501 2664 3546 utero
2693 3502 2850 3548 terrae
2874 3494 3064 3549 iterum
3091 3510 3392 3564 generare.
3433 3497 3543 3552 Sed
3569 3497 3712 3551 times
3733 3511 3789 3549 ne

2213 3579 2351 3637 forte
2379 3596 2500 3636 ossa
2537 3591 2624 3637 tua
2667 3583 2818 3639 arida
2847 3585 3026 3640 vestiri
3066 3587 3304 3656 pristina
3349 3605 3516 3644 carne
3556 3605 3654 3644 non
3682 3603 3788 3658 pos-

2215 3673 2358 3726 sint?
2405 3672 2558 3740 Noli,
2590 3676 2730 3739 noli,
2766 3677 3054 3732 secundum
3095 3688 3247 3734 tuam
3279 3682 3682 3753 impotentiam,
3713 3680 3794 3735 Dei

2214 3764 2481 3819 aestimare
2517 3766 2871 3835 majestatem.
2920 3769 3060 3825 Deus
3088 3771 3182 3827 ille
3215 3789 3409 3829 rerum
3437 3776 3672 3830 omnium
3692 3787 3795 3842 pro-

2214 3863 2443 3922 creatur,
2497 3859 2585 3926 qui
2633 3861 2790 3915 vestit
2831 3861 3053 3916 arbores
3080 3861 3260 3933 foliis,
3310 3876 3369 3922 et
3399 3875 3552 3938 prata
3582 3864 3798 3926 ﬁoribus,

2215 3949 2412 4018 poterit
2439 3957 2492 4002 et
2532 3958 2621 4004 tua
2665 3965 2786 4005 ossa
2831 3952 2972 4007 illico
3010 3955 3154 4011 veris
3198 3957 3590 4030 tempore‘in
3638 3970 3797 4012 resur-

2216 4038 2452 4093 rectione
2485 4041 2700 4094 vestire.
2755 4041 3099 4098 Dubitaverat
3127 4046 3438 4117 aliquando
3467 4047 3538 4104 de
3569 4047 3668 4103 hoc
3702 4045 3802 4116 ipsa

2215 4128 2476 4198 propheta
2505 4129 2793 4198 Ezechiel,
2822 4141 2878 4188 et
2904 4135 3271 4206 interrogatus
3303 4155 3336 4193 a
3365 4141 3618 4204 Domino,
3647 4148 3802 4194 utrum

2217 4219 2460 4274 viverent
2478 4235 2601 4277 ossa
2626 4222 2772 4277 arida
2791 4265 2806 4291 ,
2836 4239 2954 4294 qum
2975 4226 3304 4283 videbantur
3333 4245 3530 4301 sparsa
3559 4246 3656 4299 per
3675 4243 3806 4285 cam-

2217 4324 2362 4378 pum,
2390 4312 2666 4380 respondit
2686 4353 2701 4377 ,
2735 4312 2810 4367 Tu
2829 4316 2953 4383 gris,
2982 4314 3201 4373 Domine
3236 4319 3465 4389 (Ezech.
3494 4323 3586 4376 '57.
3614 4321 3685 4393 5).
3717 4319 3808 4375 Sed

2217 4409 2494 4470 postquam
2525 4401 2634 4456 Deo
2667 4404 2889 4472 jubente
2913 4447 2928 4471 ,
2960 4416 3013 4460 ct
3037 4408 3219 4476 seipse
3250 4411 3630 4480 prophetante
3653 4453 3668 4478 ,
3696 4409 3815 4464 vidit

2215 4505 2334 4545 ossa
2376 4491 2441 4545 ad
2469 4507 2562 4546 sua
2595 4493 2710 4548 loca
2744 4505 2799 4550 et
2834 4496 3113 4566 iuncturas
3159 4503 3456 4557 currentia
3482 4545 3498 4570 ,
3552 4512 3817 4572 postquam

2215 4581 2346 4636 vidit
2372 4597 2493 4638 ossa
2514 4583 2660 4638 arida
2689 4589 2866 4640 nervis
2888 4587 3056 4658 ligari,
3090 4592 3246 4646 venis
3284 4593 3486 4660 intexi,
3512 4609 3675 4648 carne
3697 4606 3819 4647 con-

2216 4674 2348 4745 tegi,
2395 4684 2516 4730 cute
2554 4677 2766 4744 vestiri,
2815 4687 2999 4748 postea
3042 4683 3406 4752 prophetavit
3437 4688 3494 4741 in
3525 4688 3748 4756 Spiritu,
3777 4691 3825 4737 et

2215 4765 2434 4819 veniens
2475 4765 2695 4834 spiritus
2734 4769 3146 4841 uniuscujusque
3195 4773 3463 4830 introivit
3513 4777 3568 4830 in
3607 4787 3824 4844 corpora

2217 4855 2304 4909 illa
2324 4855 2587 4925 jacentia,
2628 4867 2682 4913 et
2716 4872 3150 4928 resurrexerunt,
3191 4873 3252 4920 et
3295 4883 3437 4922 mox
3472 4876 3741 4924 steterunt
3768 4867 3827 4918 ':

2215 4947 2293 5002 sic
2319 4946 2662 5002 conﬁrmatus
2690 4949 2759 5005 de
2802 4954 3194 5009 resurrectione
3240 4958 3535 5027 propheta
3562 5000 3580 5026 ,
3628 4955 3829 5026 scripsit

2217 5037 2472 5094 visionem
2496 5080 2511 5104 ,
2543 5048 2602 5093 ut
2627 5039 2695 5095 ad
2724 5050 2967 5111 posteros
3000 5051 3164 5100 tantm
3186 5046 3273 5100 rei
3306 5050 3572 5120 cognitio
3601 5048 3834 5120 perveni-

2213 5187 2716 5311 spértitlginlt'lave‘eres'
2755 5196 2850 5240 tam
2885 5193 3198 5246 contradictio
3237 5203 3321 5248 ⁸⁸³
3342 5233 3359 5258 ν
3407 5213 3534 5263 (ωε
3567 5199 3718 5253 lectio
3748 5209 3835 5248 non

2279 5314 2299 5382 ξ
2331 5311 2503 5382 tidem,
2526 5317 2571 5361 et
2589 5310 2772 5382 cineres
2791 5315 2996 5374 patietur

2279 5372 2301 5442 ξ
2334 5380 2412 5442 tus.
2432 5373 2644 5442 secunda
2665 5372 2833 5442 manu,
2851 5389 2994 5438 quam
3012 5372 3177 5442 potqu

2278 5433 2300 5464 δ
2333 5439 2460 5493 Mss,
2476 5433 2561 5484 illo
2581 5441 2711 5485 certo
2733 5438 2849 5486 veri.

2277 5495 2300 5527 ⁸
2333 5501 2460 5555 Ilaec,
2483 5502 2530 5546 et
2552 5509 2664 5547 mea:
2685 5503 2930 5557 steterunt,
2953 5499 3130 5551 desunt
3161 5503 3210 5551 in
3236 5509 3364 5553 Mss.

2279 5578 2350 5650 (ᾳ)
2383 5586 2516 5652 Haec,
2537 5580 2694 5652 ipsum
2715 5587 2762 5631 te
2777 5595 2869 5632 non
2889 5583 3059 5647 poterit
3081 5582 3326 5656 suscitare
3347 5595 3570 5662 propter
3597 5601 3673 5648 se.
3695 5590 3749 5639 in
3772 5598 3846 5659 ve-

2215 5640 2404 5690 teribus
2441 5643 2585 5692 Edllls
2623 5643 2878 5695 habentur.
2921 5653 2972 5695 et
3005 5646 3065 5694 ad
3100 5659 3396 5695 marginem
3439 5658 3646 5695 reiecta
3668 5658 3843 5695 summ

2221 5657 2404 5690 tet-mus
2441 5657 2585 5692 unus
2623 5657 2878 5703 habentur,
2921 5657 2972 5695 et.
3005 5657 3065 5694 ad
3100 5659 3396 5708 marginem
3439 5657 3646 5713 reject:
3668 5657 3843 5701 suntin

2221 5709 2462 5764 postrema
2485 5703 2716 5754 ﬁditione.
2741 5706 2829 5755 Sed
2845 5716 2958 5770 puto
2978 5707 3036 5756 ad
3058 5710 3236 5758 seriem
3265 5713 3566 5768 guadrare.
