3962 6190
190 334 274 395 θοι

189 459 277 506 ret.
315 445 500 502 Merito
529 457 655 512 ergo
679 444 875 498 clamat
909 437 1068 495 Isaias
1098 457 1111 494 :
1145 437 1432 509 Exsurgent
1455 440 1669 499 mortui,
1702 443 1748 486 et

191 545 430 609 resurgent
465 535 552 606 qui
588 544 704 589 sunt
741 533 795 586 in
832 530 1197 594 monumentis,
1242 539 1287 582 et
1327 527 1630 582 (tutabantur
1666 523 1753 594 qui

190 630 360 686 suntin
388 637 542 682 terra.
590 625 696 680 Ras
721 624 876 689 enim,
910 623 996 692 qui
1021 621 1108 675 abs
1130 630 1177 675 te
1200 628 1304 686 est,
1342 619 1531 672 sanitas
1562 626 1632 670 est
1649 616 1754 669 illis

190 720 326 792 (luti.
341 719 434 774 9.6.
457 717 572 787 i9).
589 715 730 771 Vere
750 713 914 780 enim,
939 713 1077 767 sicut
1096 727 1218 765 rore
1236 708 1528 764 madefacta
1551 706 1754 762 semina

187 811 472 883 germinant
502 817 556 864 et
583 814 910 876 exsurgunt,
959 805 1037 860 sie
1066 818 1188 858 rore
1217 802 1446 873 Spiritus
1469 817 1590 856 ossa
1623 799 1755 853 ﬁde-

190 905 300 960 lium
323 900 696 974 germinabunt
725 900 767 953 ³.

251 995 299 1050 5.
330 989 482 1048 Aliud
516 1000 885 1062 argumentum.
913 1017 985 1029 —
1008 985 1113 1044 Sed
1136 985 1364 1049 dubitas,
1396 981 1662 1053 quomodo
1691 981 1757 1036 de

187 1084 352 1154 parvis
385 1081 596 1138 ossibus
633 1091 775 1135 totus
816 1079 978 1134 homo
1002 1077 1209 1134 restitui
1235 1074 1443 1146 possit?
1473 1073 1676 1128 Revera
1703 1080 1758 1125 tu

186 1190 248 1229 ex
269 1171 477 1227 modica
506 1170 737 1227 scintilla
758 1169 892 1238 ignis
912 1167 1183 1238 ingentem
1204 1165 1429 1222 suscitas
1453 1162 1723 1217 ﬂammam
1743 1179 1755 1222 ;

187 1268 313 1320 Deus
347 1279 458 1318 non
487 1263 680 1332 poterit
713 1277 782 1317 ex
816 1259 1026 1315 modico
1051 1257 1248 1313 cineris
1291 1256 1363 1311 tui
1391 1257 1650 1312 fermento
1679 1263 1759 1308 to-

189 1367 287 1411 tum
313 1354 618 1425 corpusculi
665 1352 738 1407 tui
787 1351 1156 1421 redintegrare
1194 1344 1586 1418 conspersum?
1629 1345 1760 1399 Nam

190 1449 278 1504 etsi
319 1447 473 1503 dicas
504 1464 518 1501 :
549 1445 819 1516 Nusquam
859 1451 1171 1514 comparent
1209 1441 1386 1496 carnis
1428 1437 1593 1508 ipsius
1633 1436 1762 1491 reli-

188 1539 348 1610 quire;
391 1537 613 1592 forsitan
643 1540 785 1590 enim
815 1540 906 1588 aut
929 1535 1050 1604 igne
1083 1540 1414 1600 consumpta:
1439 1536 1582 1594 sunt,
1613 1534 1704 1581 aut
1732 1539 1762 1579 a

189 1628 358 1684 bestiis
407 1626 675 1682 devorata:
708 1644 720 1678 :
755 1624 855 1678 hoc
885 1623 1110 1694 primum
1141 1622 1306 1686 scito,
1348 1620 1468 1690 quia
1511 1614 1764 1688 quidquid

189 1719 548 1784 «insumitur,
602 1719 655 1772 in
705 1725 860 1771 terrai
907 1713 1200 1769 visceribus
1243 1711 1577 1774 continetur,
1627 1704 1765 1762 unde

193 1829 362 1868 rursus
393 1812 591 1884 poterit
621 1811 729 1866 Deo
757 1809 1098 1882 pra'cipiente
1141 1804 1381 1877 produci.
1437 1801 1569 1858 Nam
1601 1810 1654 1856 et
1686 1811 1760 1864 tu,

191 1921 302 1960 cum
328 1921 438 1960 non
464 1911 718 1975 appareat
743 1903 878 1973 ignis
903 1944 918 1965 .
961 1900 1182 1955 adhibes
1215 1897 1454 1968 lapillum
1472 1937 1487 1960 ,
1516 1903 1571 1950 et
1596 1893 1768 1949 modi-

189 2013 308 2051 cum
345 1995 514 2060 ferri,
563 2003 617 2051 et
645 1993 851 2050 excutis
881 1991 947 2047 tle
975 1987 1270 2046 visceribus
1315 1985 1478 2057 lapilli
1511 1993 1767 2056 quantum

193 2103 323 2156 opus
351 2096 434 2142 est
469 2085 626 2156 ignis.
676 2084 828 2151 Quod
865 2096 994 2154 ergo
1033 2097 1128 2152 per
1173 2090 1316 2135 tuam
1360 2076 1670 2133 industriam
1717 2081 1771 2127 et

198 2178 524 2248 sapientiam,
551 2190 709 2246 quam
759 2174 852 2228 tibi
898 2174 1036 2229 Deus
1062 2173 1175 2242 ipse
1200 2169 1484 2233 concessit,
1516 2167 1676 2234 facis,
1713 2174 1772 2220 ut

195 2267 453 2338 producas
477 2266 616 2337 quod
642 2281 748 2321 non
767 2275 986 2336 apparet
1012 2265 1033 2296 ²
1055 2305 1070 2331 ,
1105 2262 1353 2333 maiestas
1381 2260 1469 2316 illa
1496 2258 1671 2324 divina
1692 2255 1771 2311 fa-

191 2373 310 2413 cere
331 2371 430 2413 sua
458 2359 653 2413 virtute
681 2373 784 2411 non
811 2355 1036 2426 poterit,
1082 2364 1139 2409 ut
1161 2370 1281 2424 quae
1307 2353 1520 2407 interim
1549 2367 1650 2405 non
1686 2350 1768 2403 vi-

186 2448 379 2504 dentur
403 2447 681 2504 excutiat?
706 2447 833 2502 Mihi
865 2444 1046 2509 crede,
1073 2450 1252 2514 potest
1273 2442 1448 2498 omnia
1477 2442 1636 2496 Deus.

254 2540 308 2594 4.
332 2538 571 2593 Christus
595 2541 818 2609 futuram
845 2536 1253 2592 resurrectionem
1283 2534 1596 2603 testiﬁcatur.
1643 2531 1773 2586 Item

186 2630 403 2699 apostoli
435 2638 484 2683 et
509 2637 754 2699 martyres
773 2669 788 2692 ,
823 2637 869 2682 et
901 2626 1310 2681 Machabceorum
1337 2633 1516 2679 mater.
1550 2649 1620 2664 -ο-
1665 2623 1775 2677 lloc

189 2727 391 2774 tantum
439 2718 656 2790 require
678 2759 694 2785 ,
737 2727 916 2772 utrum
960 2716 1264 2787 promiserit
1298 2729 1358 2770 se
1386 2713 1563 2770 facere
1587 2728 1770 2768 resur-

187 2813 494 2868 rectionem
539 2829 553 2866 :
592 2819 648 2867 et
687 2825 806 2864 cum
854 2809 1170 2879 promissam
1221 2814 1484 2862 tantorum
1510 2803 1776 2860 didiceris

189 2903 517 2958 testimoniis
541 2941 556 2966 ,
602 2901 710 2955 imo
731 2915 855 2955 cum
883 2900 1047 2969 ipsius
1072 2898 1269 2954 Christi
1297 2897 1505 2952 Domini
1545 2894 1768 2951 certissi~

187 3008 328 3048 mam
355 2993 566 3047 habeas
591 2991 888 3046 cautionem
913 3031 928 3054 ,
974 2989 1317 3044 conﬁrmatus
1361 2987 1500 3053 ﬁde,
1551 2996 1775 3041 mortem

186 3084 368 3140 desine
386 3085 508 3156 jam
537 3083 743 3138 timere.
772 3083 871 3151 Qui
897 3081 1043 3138 enim
1069 3082 1220 3137 timet
1243 3079 1415 3136 adhuc
1434 3121 1449 3145 ,
1480 3077 1733 3135 discredit
1761 3093 1776 3132 :

185 3178 272 3246 qui
316 3175 624 3242 discredit,
675 3183 947 3246 peccatum
990 3173 1259 3229 contrahit
1301 3173 1628 3236 insanabile,
1655 3171 1777 3242 quia

187 3283 277 3322 sua
318 3267 705 3322 incredulitate
745 3266 906 3321 audet
945 3266 1112 3321 Deum
1156 3275 1249 3320 aut
1294 3265 1641 3334 impotentem
1686 3271 1780 3317 aut

187 3370 331 3414 certe
372 3372 692 3413 asseverare
727 3356 1060 3435 mendacem.
1107 3356 1214 3412 Sed
1242 3370 1349 3412 non
1378 3356 1450 3411 ita
1478 3356 1618 3410 beati
1655 3369 1782 3432 apo-

184 3451 329 3516 stoli,
360 3466 482 3506 non
509 3449 578 3504 ita
614 3451 781 3505 sancti
810 3457 1073 3521 martyres
1093 3448 1341 3520 probant.
1365 3447 1628 3518 Apostoli,
1657 3461 1781 3516 pro-

187 3553 305 3610 pter
348 3542 502 3596 hanc
546 3540 976 3610 pradicationem
1024 3538 1781 3606 resurrectionis,‘Christum

184 3633 563 3688 resurrexisse
591 3629 916 3702 praedicant,
960 3639 1014 3686 et
1039 3631 1092 3684 in
1119 3629 1235 3700 ipso
1264 3637 1501 3685 mortuos
1526 3629 1786 3684 suscitan-

187 3727 283 3779 dos
311 3724 644 3780 annuntiant
667 3765 682 3789 ,
724 3737 826 3778 nec
862 3731 1089 3778 mortem
1133 3736 1232 3777 nec
1280 3729 1540 3776 tormenta
1568 3734 1785 3776 recusa-

183 3826 384 3871 verunt
418 3829 528 3870 nec
561 3829 765 3870 cruces.
814 3813 871 3869 Si
900 3829 1026 3884 ergo
1053 3814 1105 3868 in
1132 3828 1226 3869 ore
1254 3813 1480 3868 duorum
1507 3813 1587 3867 vcl
1630 3812 1785 3866 trium

186 3908 414 3962 testium
447 3913 555 3960 stat
583 3921 742 3960 omne
769 3906 991 3960 verbum
1023 3922 1036 3958 :
1078 3905 1400 3960 resurrectio
1428 3913 1783 3968 mortuorum,

184 3999 270 4053 cui
310 4011 396 4054 tot
428 4007 484 4052 et
515 4007 623 4052 tam
652 3997 826 4053 idonei
859 4005 1020 4053 tes1es
1047 3998 1342 4063 exsistunt,
1386 3997 1469 4050 cui
1508 4012 1625 4050 cum
1657 3995 1789 4049 eﬁ'u.

186 4090 341 4145 sione
372 4088 658 4158 sanguinis
685 4088 1042 4142 testimonium
1069 4088 1284 4151 dicunt,
1321 4085 1588 4157 quomodo
1617 4093 1792 4156 potest

188 4182 238 4236 in
269 4182 515 4236 dubium
555 4179 834 4235 revocari?
876 4178 1011 4249 Quid
1058 4187 1236 4234 autem
1277 4178 1446 4232 sancti
1493 4175 1791 4248 martyres?

189 4273 509 4328 habuerunt
534 4280 735 4327 certam
780 4286 929 4340 spem
975 4269 1416 4333 resurrectionis,
1461 4268 1679 4322 annon?
1733 4267 1790 4323 Si

188 4381 297 4420 non
331 4363 696 4428 habuissent,
743 4379 846 4417 non
874 4363 1054 4433 utique
1095 4376 1190 4432 per
1229 4370 1407 4417 tantos
1444 4360 1712 4415 cruciatus
1738 4368 1793 4414 et

189 4475 389 4528 [muas
424 4467 656 4513 mortem
690 4471 785 4526 pro
813 4457 960 4511 luero
1003 4456 1234 4509 maximo
1259 4454 1654 4523 suscepissent:
1684 4469 1789 4507 non

188 4553 512 4622 cogitataut
537 4550 795 4618 supplicia
817 4546 1118 4618 praesentia,
1138 4546 1230 4602 sed
1255 4547 1466 4615 praemia
1488 4555 1790 4616 sequutum.

187 4643 464 4698 Sciebant
483 4641 684 4694 dictum
705 4681 720 4704 ,
751 4639 876 4706 Qut:
893 4637 1126 4692 videntur
1144 4679 1158 4702 ,
1190 4637 1257 4689 ad
1279 4647 1472 4707 tempus
1495 4647 1608 4690 sunt
1629 4654 1647 4702 ;
1682 4653 1794 4706 qua:

192 4747 372 4790 autem
405 4751 511 4787 non
556 4733 819 4795 videntur,
855 4739 1044 4785 (eterna
1070 4739 1182 4782 sunt
1215 4729 1287 4798 (2.
1313 4727 1431 4784 Cor.
1455 4729 1507 4783 4.
1539 4730 1652 4799 l8).
1687 4731 1795 4782 Au-

93 4813 100 4818 ’
194 4827 306 4881 dite
328 4867 344 4888 ,
382 4825 582 4879 fratres
607 4864 621 4889 ,
651 4823 858 4876 virtutis
883 4819 1208 4888 exemplum.
1239 4819 1401 4874 Mater
1421 4827 1626 4890 septem
1657 4818 1795 4873 ﬁlios

197 4917 557 4974 hortabatur.
607 4922 663 4967 et
706 4928 809 4966 non
853 4910 1104 4980 lugebat,
1156 4909 1250 4964 sed
1279 4909 1455 4978 petius
1483 4910 1794 4964 laetabatur:

193 5007 428 5059 videbat
454 5003 590 5056 ﬁlios
619 5017 746 5056 suos
771 5002 981 5071 ungulis
1019 5000 1171 5061 radi,
1221 4999 1364 5054 ferro
1402 5000 1640 5064 concidi,
1683 5015 1795 5053 sar-

195 5099 385 5164 tagine
419 5094 619 5157 assnri;
661 5103 714 5146 et
743 5107 847 5144 non
875 5093 1133 5160 Iacrymas
1161 5087 1442 5150 fundebat,
1488 5105 1593 5143 non
1631 5090 1797 5142 ulula-

192 5200 282 5242 tus
312 5186 546 5241 tollebat
569 5224 584 5247 ,
631 5183 726 5238 sed
752 5183 978 5237 sollicite
999 5181 1065 5235 ad
1095 5180 1430 5235 tolerantiam
1453 5180 1587 5234 ﬁlios
1614 5180 1796 5235 ltcrta-

194 5283 384 5332 batur.
425 5275 538 5330 Non
564 5278 706 5331 enim
733 5284 848 5328 erat
878 5275 966 5329 illa
991 5273 1220 5328 crudelis
1246 5272 1445 5343 utique,
1473 5273 1567 5328 sed
1594 5273 1794 5327 ﬁdelis:

192 5372 436 5424 amabat
462 5370 624 5431 ﬁlios,
668 5382 773 5420 non
795 5367 1018 5421 delicate
1042 5407 1057 5430 ,
1085 5363 1177 5419 sed
1207 5364 1435 5419 fortiter.
1481 5363 1800 5419 llortabatur

261 5487 279 5514 ³
323 5482 388 5532 In
420 5483 673 5530 veteribus
694 5482 857 5539 Editis,
879 5479 948 5530 sic
988 5493 1098 5529 rore
1121 5480 1274 5530 sancti
1316 5478 1527 5544 Spiritus
1551 5493 1659 5530 ossa
1681 5477 1800 5544 ﬁde-

195 5545 320 5592 lium
349 5544 548 5592 visitata
571 5558 684 5592 cum
719 5557 808 5592 suo
825 5555 1026 5606 corpore
1067 5543 1115 5592 in
1154 5549 1382 5592 ater-nam
1404 5541 1609 5605 gloriam
1627 5541 1800 5605 germi-

205 5641 472 5735 j—it‘Ec.
496 5674 542 5714 ut
564 5664 803 5735 producas
826 5664 957 5735 quod
976 5678 1084 5735 nan_
1102 5670 1318 5735 apparet,
1363 5673 1414 5715 et
1447 5678 1578 5726 mox,
1612 5671 1664 5715 ut
1691 5677 1802 5728 qua

195 5727 418 5779 interim
447 5740 530 5772 non
555 5727 773 5775 ridemur
795 5729 1023 5783 excutiat,
1055 5727 1233 5776 desunt
1258 5728 1302 5774 in
1329 5735 1406 5776 Ms.

529 5819 799 5882 Ρηιιοι..
849 5822 966 5880 (in.
1017 5820 1170 5880 LVI.

1334 324 1421 381 DE
1460 318 1966 382 CONSOLATIONE
2005 318 2270 376 MOflTlS.

3334 317 3438 372 503

1859 432 1996 488 ﬁlios
2019 433 2083 488 ad
2111 433 2411 504 passionem
2437 474 2452 498 ,
2493 445 2649 503 quam
2676 431 2912 502 gaudens
2942 431 3052 501 ipsa
3081 445 3293 500 quoque
3318 447 3437 488 sus-

1856 525 2014 594 cepit.
2064 525 2190 579 Erat
2223 525 2364 580 enim
2421 523 2488 579 de
2525 538 2620 578 sua
2650 531 2705 578 et
2742 538 2958 578 suorum
2999 523 3224 578 ﬁliorum
3255 539 3436 580 resur-

1858 617 2096 671 rectione
2133 630 2344 672 secura.
2402 613 2538 682 Quid
2583 615 2769 684 loquar
2808 614 2970 682 viros,
3017 613 3142 684 quid
3191 613 3437 677 feminas,

1859 706 1983 776 quid
2001 721 2216 775 pueros,
2239 705 2364 776 quid
2395 705 2630 775 puellas?
2659 704 2926 776 quomodo
2949 705 3048 760 sibi
3073 704 3140 760 de
3157 705 3254 760 ista
3268 715 3440 760 morte

1861 799 2134 864 luserunt,
2182 796 2449 866 quomodo
2493 812 2702 852 summa
2747 797 3022 853 celeritate
3063 795 3132 851 ad
3172 795 3439 851 caelestem

1860 889 2102 942 militiam
2151 890 2512 967 transierunt?
2557 888 2811 944 Poterant
2860 888 3044 956 utique
3094 885 3162 941 ad
3205 901 3444 957 prtesens
3481 929 3484 931 .

1861 983 2045 1038 vivere
2065 983 2111 1037 si
2139 983 2451 1048 voluissent,
2476 983 2596 1052 quia
2625 983 2676 1036 in
2707 981 2834 1051 ipsis
2857 989 2973 1038 erat
3001 979 3227 1051 positum
3249 1021 3265 1047 ,
3289 978 3437 1035 Chri-

1864 1083 2002 1129 stum
2033 1074 2272 1144 negando
2301 1075 2580 1138 viverent,
2610 1083 2700 1128 aut
2728 1071 3030 1129 conﬁtendo
3052 1079 3390 1128 morerentur
3419 1087 3433 1123 :

1865 1165 1958 1221 sed
2008 1165 2175 1235 magis
2219 1165 2496 1236 elegerunt
2520 1165 2685 1220 vitam
2722 1163 2983 1235 projicere
3021 1173 3442 1234 temporaneam,

1865 1265 1921 1312 et
1941 1257 2100 1311 vitam
2126 1270 2398 1312 assumere
2425 1256 2804 1326 sempiternam
2828 1297 2844 1322 ,
2876 1254 3084 1310 excludi
3112 1254 3178 1310 de
3201 1264 3362 1320 terra,
3393 1264 3448 1309 et

1867 1351 2101 1406 incolere
2119 1351 2327 1407 etclam.

1938 1443 1990 1498 ὅ.
2019 1441 2264 1496 Formido
2286 1443 2460 1497 mortis
2483 1442 2788 1496 excluditur.
2814 1472 2885 1481 —
2909 1440 3049 1494 Inter
3066 1440 3203 1503 haec,
3235 1438 3448 1504 fratres,

1868 1533 1988 1604 quis
2014 1534 2358 1589 dubitationis
2387 1544 2470 1590 est
2503 1534 2690 1589 locus?
2733 1534 2824 1588 ubi
2854 1543 3038 1604 potest
3060 1533 3234 1588 adhuc
3261 1531 3453 1586 mortis

1871 1627 2110 1682 residere
2136 1626 2404 1682 formido?
2436 1626 2491 1682 Si
2519 1637 2812 1700 martyrum
2838 1640 3022 1681 sumus
3052 1625 3168 1689 ﬁlii,
3198 1625 3241 1678 si
3264 1637 3452 1679 eorum

1871 1718 2000 1772 socii
2021 1717 2265 1772 volumus
2290 1717 2537 1784 inveniri,
2580 1733 2687 1772 non
2713 1717 3093 1772 contristamur
3124 1721 3318 1779 morte,
3347 1727 3453 1767 non

1871 1806 2146 1878 lugeamus
2189 1822 2371 1873 caros,
2421 1809 2511 1879 qui
2559 1823 2656 1863 nos
2696 1806 3002 1878 praecedunt
3041 1805 3108 1861 ad
3146 1805 3450 1860 Dominum.

1871 1893 2003 1952 Nam
2033 1897 2077 1952 si
2116 1897 2366 1968 plangere
2397 1886 2756 1963 voluerimus,
2805 1898 2904 1966 ipsi
2946 1895 3098 1952 nobis
3126 1893 3458 1950 insultabttnt

1874 1989 2014 2044 beati
2055 1998 2336 2059 martyres,
2381 1997 2438 2044 ct
2461 1989 2638 2044 dicent
2668 2006 2680 2041 :
2711 1988 2755 2043 Ο
2786 1987 2968 2042 ﬁdeles
2994 1988 3007 2041 ἓ
3055 2002 3087 2041 o
3111 1999 3334 2056 regnum
3359 1983 3456 2040 Dei

1874 2080 2187 2151 cupientes!
2237 2095 2334 2135 vos
2372 2083 2462 2151 qui
2496 2096 2650 2137 caros
2674 2091 2883 2136 vestros
2912 2081 3139 2135 delicato
3166 2078 3455 2133 morientes

1877 2176 1928 2230 in
1960 2175 2110 2230 lectis
2140 2175 2320 2245 utique
2349 2184 2402 2229 et
2426 2175 2618 2246 plumis
2637 2215 2654 2241 ,
2698 2189 2818 2229 cum
2860 2188 3093 2229 maerore
3121 2171 3373 2243 plangitis
3399 2178 3456 2224 et

1875 2265 2086 2336 lugetis,
2114 2266 2159 2320 si
2182 2280 2276 2321 eos
2304 2280 2334 2320 a
2358 2267 2642 2337 gentilibus
2663 2275 2879 2335 propter
2890 2279 3084 2320 nomen
3108 2261 3314 2319 Domini
3336 2277 3459 2316 cru-

1875 2355 2004 2410 ciari
2025 2364 2078 2411 et
2097 2356 2320 2411 interﬁci
2334 2356 2603 2421 videretis,
2617 2355 2740 2426 quid
2757 2354 2944 2409 facturi
2959 2355 3149 2410 essetis
3167 2352 3192 2407 ?
3216 2353 3324 2408 Aut
3352 2367 3457 2420 non

1875 2448 2028 2503 vobis
2041 2448 2312 2519 prateessit
2329 2447 2666 2519 exemplum?
2687 2446 2953 2503 Abraham
2979 2443 3275 2516 patriarcha
3292 2443 3457 2498 ﬁlium

1879 2539 2096 2596 unicum
2121 2539 2352 2596 offerens
2371 2538 2693 2596 sacriﬁcium
2715 2581 2730 2607 ,
2761 2538 2936 2610 gladio
2962 2536 3279 2592 obedientiae
3295 2533 3457 2604 jugu-

1879 2633 2004 2688 lavit
2031 2632 2182 2704 (Gen.
2209 2631 2300 2688 2‘2.
2334 2631 2422 2704 i0)
2456 2650 2470 2686 :
2498 2648 2596 2690 nec
2615 2633 2685 2699 ei,
2703 2647 2859 2703 quem
2884 2638 3031 2686 tanto
3050 2643 3232 2684 amore
3251 2626 3458 2692 dilexit,

1879 2725 2116 2795 pepercit
2142 2724 2182 2791 ί,
2231 2731 2288 2778 ιιι
2335 2724 2558 2778 Domino
2595 2722 2851 2777 obediens
2876 2721 3218 2792 probaretur.
3275 2716 3379 2774 Sed
3411 2715 3458 2769 si

1881 2815 2108 2884 dicatis,
2158 2816 2303 2872 illum
2351 2826 2570 2887 prepter
2614 2816 2707 2872 Dei
2739 2815 2841 2871 hoc
2866 2815 3057 2870 fecisse
3087 2813 3414 2885 praeceptum
3445 2826 3461 2862 :

1880 2917 1934 2963 et
1958 2923 2054 2962 vos
2075 2907 2282 2964 habetis
2310 2916 2654 2978 prwccptum,
2683 2916 2740 2962 ut
2765 2921 2869 2962 non
2897 2907 3074 2962 tristes
3097 2905 3216 2960 sitis
3241 2903 3310 2959 de
3337 2901 3464 2957 dor-

1881 2994 2187 3056 mientibus.
2239 2999 2336 3068 Qui
2378 3017 2505 3072 ergo
2554 3001 2772 3055 minima
2815 3015 2922 3056 non
2967 3007 3211 3064 servant,
3258 2996 3463 3065 majora

1883 3091 2094 3162 quando
2122 3092 2451 3147 servabunt?
2501 3095 2581 3146 An
2625 3092 2871 3156 nescitis,
2910 3089 3033 3161 q‘uia
3056 3090 3266 3144 animus
3294 3087 3381 3157 qui
3408 3085 3463 3140 in

1887 3182 2080 3238 talibus
2132 3182 2410 3254 frangitur,
2458 3182 2525 3238 ad
2570 3183 2791 3238 fortiora
2845 3182 3106 3251 reprobus
3155 3178 3463 3236 invenitur?

1886 3273 2018 3340 Quis
2042 3274 2234 3328 timens
2260 3275 2432 3328 rivum
2451 3315 2466 3340 ,
2508 3288 2657 3328 mare
2687 3273 2986 3344 aliquando
3013 3268 3349 3338 ingreditur?
3374 3267 3464 3323 Sic

1886 3363 1974 3434 qui
2004 3363 2206 3434 plangit
2235 3364 2575 3434 impatienter
2598 3363 2881 3428 amissum,
2927 3361 3139 3432 quando
3167 3361 3362 3432 poterit
3396 3359 3465 3412 ad

1887 3454 2125 3527 martyrii
2168 3454 2444 3525 pervenire
2486 3454 2795 3512 certamen?
2841 3453 2971 3508 Nam
3001 3453 3086 3522 qui
3117 3453 3170 3508 in
3214 3452 3297 3508 his
3332 3466 3468 3508 con-

1887 3556 2034 3600 stans
2072 3556 2122 3600 et
2170 3546 2536 3617 magnanimus
2582 3546 2820 3609 exsistit,
2866 3548 2977 3615 jam
3016 3545 3116 3600 sibi
3155 3544 3373 3616 gradum
3398 3541 3466 3596 ad

1888 3637 2093 3707 potiora
2122 3638 2428 3694 substernit.

1962 3729 2014 3781 6.
2064 3727 2333 3798 Egregium
2377 3727 2590 3783 Davidis
2634 3729 2936 3799 etcentplum.
3007 3727 3174 3783 Vestes
3216 3727 3374 3799 nigra:
3414 3725 3468 3778 in

1894 3817 2124 3871 luctibus.
2165 3849 2236 3858 —
2275 3818 2553 3874 Sufﬁciunt
2583 3824 2727 3887 haec,
2775 3820 2966 3875 fratres
2987 3861 3000 3881 .
3030 3818 3097 3873 ad
3125 3821 3312 3874 mortis
3339 3834 3472 3873 cons-

1895 3917 2173 3978 temptum,
2196 3918 2249 3963 et
2265 3909 2330 3963 ad
2358 3910 2472 3978 spei
2497 3904 2686 3965 futura:
2709 3909 3186 3964 conﬁrmationem.
3213 3910 3475 3983 Superest

1895 4011 1952 4056 ut
1998 4016 2157 4054 unum
2201 3999 2271 4055 de
2316 3999 2584 4055 veteribus
2630 4001 2930 4072 exemplum
2973 4000 3275 4072 proferam,
3327 3999 3470 4068 quod

1894 4108 2108 4149 omnem
2133 4093 2548 4148 consolationem
2579 4093 2756 4160 faciat,
2792 4104 2844 4150 et
2867 4094 3007 4162 quod
3033 4094 3192 4148 etiam
3226 4093 3471 4163 patienti-

1895 4186 1994 4242 bus
2013 4186 2189 4242 cordis
2213 4185 2430 4240 auribus
2448 4186 2569 4240 volo
2597 4201 2784 4241 omnes
2803 4185 3007 4240 audire.
3050 4183 3210 4238 David
3242 4199 3335 4238 rex
3359 4199 3472 4237 ma-

1893 4292 2028 4349 gnus
2052 4277 2216 4333 ﬁlium
2243 4277 2493 4332 dilectum
2515 4319 2528 4342 ,
2569 4292 2724 4348 quem
2765 4277 2904 4332 sicut
2935 4277 3165 4331 animam
3203 4275 3471 4346 propriam

1896 4369 2166 4440 diligebat,
2198 4368 2502 4424 inﬁrmitate
2538 4384 2848 4439 percussum
2911 4366 3371 4439 impatientissime
3398 4365 3473 4422 fe-

1897 4462 2046 4516 rebat
2075 4460 2150 4532 (2.
2184 4460 2311 4531 Reg.
2346 4459 2430 4516 12.
2459 4460 2544 4515 16.
2574 4458 2734 4531 seqq.)
2767 4477 2781 4514 :
2824 4468 2878 4514 et
2917 4473 3039 4514 cum
3093 4457 3324 4513 humana
3361 4457 3473 4528 jam

1897 4552 2090 4607 auxilia
2116 4552 2245 4606 nihil
2275 4553 2618 4621 prodessent,
2664 4551 2896 4620 seipsum
2919 4550 3182 4605 convertit
3203 4549 3268 4603 ad
3299 4549 3476 4601 Domi-

1901 4659 2047 4709 num,
2075 4641 2315 4713 deposita
2346 4642 2508 4712 regali
2543 4641 2729 4712 gloria,
2771 4640 2908 4696 sedit
2948 4641 2998 4694 in
3033 4649 3200 4704 terra,
3225 4638 3391 4708 jacuit
3421 4639 3472 4693 in

1898 4735 2092 4799 cilicio,
2116 4751 2220 4789 non
2239 4734 2594 4800 manducavit,
2617 4749 2721 4788 non
2745 4734 2896 4798 bibit,
2918 4742 3120 4802 septem
3141 4731 3328 4786 diebus
3347 4745 3474 4785 con-

1899 4828 2061 4883 tinuis
2106 4843 2266 4883 orans
2310 4827 2506 4892 Deum,
2559 4827 2604 4882 si
2656 4825 2789 4881 forte
2837 4825 2937 4879 sibi
2986 4825 3126 4878 ﬁlius
3164 4822 3476 4878 donaretur.

1901 4919 2254 4973 Aceesserunt
2286 4918 2526 4973 seniores
2551 4915 2741 4970 domus
2767 4915 2882 4984 ejus
2905 4955 2920 4980 ,
2951 4912 3289 4968 consolantes
3316 4928 3474 4985 roga-

1901 5017 2092 5064 verunt
2117 5016 2174 5062 ut
2197 5022 2388 5078 panem
2419 5015 2674 5071 sumeret,
2699 5005 2851 5059 veriti
2883 5017 2949 5058 ne
2979 5002 3132 5068 forte,
3162 5002 3289 5058 dum
3313 5001 3478 5064 ﬁlium

1905 5101 2060 5156 vellet
2085 5101 2294 5163 vivere,
2328 5099 2440 5167 ipse
2465 5107 2588 5152 ante
2617 5096 2888 5151 deﬁceret.
2932 5093 3045 5149 Non
3077 5103 3364 5164 potuerunt
3386 5110 3478 5149 ex-

1904 5202 2167 5260 torquere,
2210 5205 2316 5244 non
2354 5203 2577 5258 cogere;
2626 5202 2779 5242 amor
2819 5187 2963 5243 enim
3022 5187 3305 5258 impatiens
3341 5190 3479 5243 solet

1903 5282 2135 5352 pericula
2164 5282 2275 5350 ipsa
2305 5288 2667 5335 contemnere.
2715 5278 2863 5335 iacet
2887 5295 2978 5334 rex
3007 5279 3059 5334 in
3084 5279 3331 5350 squalore
3364 5279 3479 5333 cili-

1903 5373 1972 5426 cii
2000 5380 2288 5442 argrotante
2319 5370 2428 5424 ﬁlio
2455 5388 2468 5424 :
2499 5385 2596 5425 nec
2627 5371 2782 5424 verba
2802 5369 3016 5425 faciunt
3039 5371 3480 5434 consolationem,

1907 5478 2005 5518 nec
2049 5464 2159 5534 ipsa
2208 5477 2450 5518 escarum
2505 5463 2796 5517 necessitas
2840 5473 3012 5519 vocat.
3071 5462 3216 5518 Mens
3268 5459 3477 5515 tristitia

1975 5728 1988 5757 ι
2025 5731 2128 5784 118..
2153 5737 2237 5776 nec
2261 5729 2390 5774 tanto
2411 5736 2544 5775 amor
2568 5729 2797 5788 peperat.
3042 5789 3109 5849 19
