3966 6192
487 353 588 411 303

491 489 726 556 pascitur
749 488 784 551 ',
820 493 1001 555 pectus
1025 483 1209 540 dolore
1235 483 1490 551 reﬁcitur,
1518 484 1654 538 oculi
1691 482 1953 555 lacrymas
1979 497 2077 552 pro

488 577 701 646 potibus
728 574 918 630 fluunt.
950 573 1093 632 luter
1122 575 1236 630 haec
1260 574 1456 631 factum
1484 583 1566 630 est
1597 574 1736 645 quod
1765 574 2078 630 decreverat

489 669 631 723 Deus
661 685 676 724 :
705 669 930 724 moritur
970 684 1122 740 puer.
1167 667 1313 724 Uxor
1357 668 1408 722 in
1445 667 1623 734 luctu,
1666 674 1775 721 tota
1805 665 1994 721 domus
2022 666 2074 720 in

488 760 720 829 planctu,
746 761 942 816 servuli
968 761 1160 832 pavidi,
1177 761 1303 832 quid
1325 762 1476 817 ﬁeret
1499 769 1855 815 exzcstuantes
1880 777 1893 814 :
1918 773 2077 813 nemo

485 851 628 904 enim
659 849 890 906 audebat
915 850 1142 906 domino
1171 850 1334 905 ﬁlium
1362 860 1635 906 mortuum
1671 849 1917 904 nuntiare
1941 889 1956 915 ,
2005 848 2076 902 ti-

487 951 696 997 mentes
737 941 921 1011 utique
941 984 957 1008 ,
999 958 1066 998 ne
1097 943 1185 998 ille
1211 943 1300 1013 qui
1324 944 1403 998 sic
1432 943 1771 1012 impatienter
1795 940 1969 995 adhuc
1997 939 2077 992 vi-

484 1049 608 1087 vum
633 1033 866 1105 lugebat,
891 1034 934 1090 si
961 1035 1197 1090 audisset
1214 1046 1503 1102 mortuum,
1527 1037 1648 1089 vita:
1673 1033 1868 1090 faceret
1890 1033 2073 1088 ﬁnem.

487 1125 624 1180 Dum
673 1137 920 1197 strepunt
966 1126 1149 1182 famuli
1179 1128 1318 1182 inter
1344 1142 1421 1191 se,
1450 1126 1575 1181 dum
1625 1127 1801 1182 tristes
1842 1126 1977 1181 alter
2009 1125 2076 1180 ad

485 1217 713 1272 alterum
741 1217 920 1274 dicere
945 1229 1034 1273 aut
1065 1218 1253 1274 suadet
1271 1219 1370 1274 aut
1398 1226 1576 1282 vetat,
1610 1217 1865 1274 intellexit
1887 1217 2071 1283 David,

484 1311 746 1378 prmvenit
774 1312 1020 1378 nuntios,
1065 1327 1130 1366 an
1172 1313 1332 1366 vitam
1377 1312 1519 1367 ﬁlius
1558 1313 1865 1368 exhalasset
1912 1312 2078 1368 inter-

485 1410 658 1470 rogat.
702 1400 906 1471 Negare
933 1417 1036 1456 non
1069 1412 1322 1472 possunt,
1353 1402 1549 1458 factum
1581 1403 1795 1458 ﬂetibus
1821 1404 2073 1460 indicant.

487 1491 574 1548 Fit
600 1508 893 1550 concursus
921 1495 1167 1550 insolitus
1195 1497 1236 1560 ²,
1284 1497 1615 1566 exspectatio
1642 1497 1858 1567 grandis
1882 1505 1938 1553 et
1964 1512 2078 1552 me-

490 1593 608 1649 tus,
649 1600 716 1640 ne
742 1585 865 1656 quid
895 1586 996 1640 sibi
1026 1585 1247 1655 periculi
1274 1587 1394 1656 pius
1437 1595 1592 1656 pater
1640 1586 1858 1644 inferat.
1900 1587 2080 1659 Surgit

487 1675 744 1730 continuo
782 1690 876 1731 rex
919 1675 1081 1731 David
1110 1675 1178 1731 de
1214 1676 1387 1732 cilicio
1411 1719 1426 1743 ,
1470 1677 1641 1746 surgit
1673 1675 1892 1740 hilaris,
1926 1676 2075 1747 quasi

489 1766 654 1821 ﬁlium
694 1782 848 1822 suum
892 1767 1128 1824 audisset
1165 1768 1486 1824 incolumem
1517 1786 1532 1824 :
1563 1767 1705 1824 vadit
1733 1768 1798 1823 ad
1837 1768 2074 1835 balneas,

488 1856 632 1912 lavat
655 1858 1056 1929 corpusculum,
1099 1859 1244 1914 vadit
1268 1858 1334 1914 ad
1364 1859 1641 1930 templum,
1670 1859 1858 1914 adorat
1887 1861 2074 1928 Deum,

487 1948 736 2017 epulatur
769 1965 889 2004 cum
933 1951 1156 2016 amicis,
1202 1951 1528 2020 compressis
1568 1951 1829 2020 suspiriis,
1878 1952 2079 2022 gemitu

487 2041 634 2096 omni
665 2042 945 2112 deposito,
989 2044 1136 2098 vultu
1161 2043 1272 2113 jam
1297 2045 1439 2098 laeto.
1489 2043 1746 2098 Mirantur
1773 2043 2075 2109 domestici,

488 2143 704 2205 stupent
747 2137 900 2190 amici
951 2151 1144 2191 novam
1192 2145 1246 2192 et
1290 2137 1518 2192 subitam
1567 2136 1971 2192 conversionem
2003 2135 2024 2166 ³
2061 2153 2074 2190 :

487 2228 682 2284 audent
712 2229 940 2301 denique
966 2230 1301 2301 interrogare
1325 2272 1337 2294 ,
1366 2229 1492 2300 quid
1523 2229 1621 2285 sibi
1651 2229 1817 2285 vellet
1851 2228 1953 2283 hoc
1973 2270 1988 2296 ,
2017 2235 2080 2282 ut

487 2335 607 2375 cum
636 2323 847 2378 vivente
877 2323 985 2377 ﬁlio
1014 2324 1091 2378 sic
1113 2322 1382 2389 doluerit,
1430 2333 1642 2378 mortuo
1684 2338 1789 2378 non
1829 2319 2080 2377 doleret?

489 2413 788 2484 Respondit
835 2416 915 2469 vir
968 2416 1074 2470 ille-
1109 2416 1549 2486 magnanimitate
1594 2415 1934 2485 praecipuus:
1975 2413 2081 2470 Ne-

489 2521 641 2563 cesse
687 2509 786 2562 fuit
830 2523 949 2563 cum
978 2508 1151 2563 adhuc
1178 2509 1380 2563 viveret
1404 2507 1546 2562 ﬁlius
1570 2549 1584 2574 ,
1615 2516 1670 2562 et
1697 2505 1999 2571 humiliari,
2027 2514 2082 2562 ct

485 2600 732 2671 jejunare
753 2643 766 2663 ,
807 2611 864 2655 et
892 2602 1075 2672 lugere
1103 2601 1156 2655 in
1187 2608 1476 2671 conspectu
1504 2598 1747 2665 Domini;
1795 2606 1909 2654 erat
1938 2599 2078 2653 enim

491 2707 615 2762 spes
641 2693 957 2764 impetrandi
997 2699 1328 2747 commeatus
1355 2691 1478 2745 vita:
1509 2707 1524 2745 :
1556 2698 1612 2744 at
1642 2681 1771 2744 vero
1803 2696 2078 2761 postquam

491 2785 736 2838 voluntas
771 2783 976 2838 Domini
1022 2782 1156 2838 facta
1198 2791 1313 2849 est,
1356 2782 1574 2837 stultum
1623 2789 1706 2837 est
1740 2789 1795 2836 et
1834 2781 2077 2850 impium,

491 2877 728 2930 animum
771 2876 1149 2930 lamentatione
1189 2874 1358 2929 inutili
1405 2874 1661 2929 macerari
1696 2889 1711 2927 :
1743 2873 1821 2927 sic
1859 2871 2079 2926 dicens:

495 2968 606 3040 Ego
632 2954 711 3022 ibo
741 2967 810 3022 ad
834 2967 998 3035 illum,
1026 2965 1114 3020 ille
1141 2982 1240 3019 non
1268 2974 1538 3019 revertetur
1565 2963 1632 3017 ad
1648 2980 1724 3017 me
1746 2963 1820 3034 (2.
1838 2963 1968 3033 Reg.
1990 2960 2076 3015 12.

490 3061 608 3133 28).
660 3061 801 3116 Ecce
844 3049 1146 3134 exemplum
1177 3056 1628 3128 magnanimitatis
1656 3064 1819 3125 atque
1846 3052 2076 3108 virtutis.

492 3153 641 3222 Quod
671 3153 714 3207 si
743 3153 833 3207 ille
862 3151 1025 3207 David
1046 3193 1062 3218 ,
1092 3150 1267 3206 adhuc
1291 3150 1390 3205 sub
1419 3149 1534 3219 lege
1572 3148 1773 3219 positus
1797 3187 1811 3212 ,
1844 3145 1944 3202 sub
1969 3145 2078 3211 illa,

493 3261 597 3300 non
625 3245 744 3299 dico
772 3245 1016 3310 licentia,
1066 3242 1159 3298 sed
1199 3243 1518 3297 necessitate
1547 3239 1975 3304 lamentationis,
2002 3237 2082 3292 sic

495 3336 730 3390 animum
758 3350 786 3388 a
805 3335 955 3389 luctu
974 3333 1320 3389 irrationabili
1344 3330 1672 3404 separavit‘,
1703 3331 1780 3386 sic
1811 3329 2079 3385 tristitiam

496 3447 642 3488 suam
675 3445 1000 3499 suorumque
1029 3428 1353 3497 compescuit
1388 3445 1401 3482 :
1425 3440 1523 3481 nos
1551 3425 1639 3496 qui
1661 3425 1770 3495 jam
1792 3423 1891 3479 sub
1915 3423 2082 3494 gratia

492 3537 677 3577 SillllllS
703 3564 716 3584 ,
749 3521 850 3576 sub
875 3529 1018 3575 certa
1045 3535 1139 3590 spe
1180 3516 1589 3573 resurrectionis
1613 3555 1628 3580 ,
1679 3514 1870 3584 quibus
1907 3513 2082 3569 omnis

494 3614 704 3670 tristitia
727 3612 1082 3672 interdicitur.
1113 3625 1217 3682 qua
1249 3609 1421 3664 fronte
1447 3618 1687 3663 mortuos
1711 3616 1922 3661 nostros
1949 3620 2083 3676 gen-

492 3707 664 3761 tilium
695 3720 843 3760 more
882 3704 1211 3774 plangimus,
1258 3701 1489 3756 ululatus
1520 3701 1738 3754 insanos
1763 3697 2078 3762 attollimus,

494 3797 653 3852 veluti
682 3797 790 3851 alio
829 3811 1024 3866 genere
1069 3793 1390 3848 bacchantes
1410 3834 1424 3860 ,
1460 3791 1746 3847 conscissis
1769 3789 1960 3844 tunicis
1984 3803 2080 3858 pe-

492 3896 639 3944 ctora
665 3887 946 3954 nudamus,
977 3886 1139 3942 verba
1167 3885 1340 3938 inania
1367 3890 1422 3939 et
1452 3882 1653 3937 nmnias
1681 3881 1821 3936 circa
1845 3881 1866 3913 ³
1886 3894 2082 3950 corpus

494 3990 550 4037 et
585 3980 842 4036 tumulum
883 3978 1119 4035 defuncti
1145 3976 1454 4034 cantamus?
1480 3976 1758 4030 Postremo
1787 3973 1948 4029 etiam
1979 3987 2083 4043 qua

492 4078 701 4133 ratione
745 4085 920 4131 vestes
951 4075 1128 4146 nigras
1158 4075 1408 4145 ﬁngimus
1431 4113 1445 4138 ,
1479 4071 1578 4126 nisi
1607 4080 1666 4125 ut
1703 4084 1801 4125 nos
1846 4083 1973 4124 vere
1999 4069 2082 4122 in-

495 4168 681 4224 ﬁdeles
723 4179 776 4223 et
820 4168 1047 4222 miseros
1074 4181 1178 4220 non
1229 4174 1430 4219 tantum
1481 4162 1730 4224 ﬂetibus,
1781 4159 1875 4216 sed
1915 4159 2081 4215 .etiam

494 4261 733 4316 vestibus
750 4258 1154 4329 approbemus?
1183 4257 1367 4312 Aliena
1395 4263 1520 4310 sunt
1549 4257 1687 4322 ista,
1715 4252 1910 4308 fratres
1929 4295 1942 4315 ,
1986 4267 2084 4307 ex-

496 4359 680 4406 tranea
704 4360 845 4416 sunt,
876 4366 982 4404 non
1010 4351 1173 4405 licent
1203 4366 1217 4401 :
1249 4357 1303 4403 et
1333 4348 1376 4402 si
1401 4347 1644 4412 licerent,
1675 4360 1780 4400 non
1807 4344 2079 4398 decerent.

495 4443 603 4500 Sed
633 4443 930 4514 aliquantos
958 4441 1026 4496 de
1056 4442 1308 4496 fratribus
1336 4449 1391 4495 ct
1430 4439 1702 4494 sororibus
1722 4479 1736 4497 .
1788 4437 1913 4491 licet
1952 4435 2083 4491 ﬁdes

497 4535 711 4606 propria
741 4544 794 4588 et
827 4544 1150 4604 praeceptum
1178 4533 1388 4587 Domini
1411 4531 1577 4586 fortes
1596 4531 1770 4597 faciat,
1805 4538 2082 4600 parentum

501 4635 678 4681 tamen
723 4634 776 4680 et
823 4623 1115 4679 vieinorum
1159 4623 1339 4691 opinio
1375 4621 1618 4676 debilitat
1658 4631 1711 4675 et
1748 4620 1984 4691 frangit:
2019 4635 2086 4675 ne

505 4718 697 4789 lapidci
725 4729 775 4774 et
817 4716 1062 4773 crudeles
1104 4715 1436 4786 judiceutur,
1482 4715 1524 4768 si
1562 4713 1897 4785 pepercerim
1925 4714 2087 4768 vesti-

501 4819 686 4867 mento
715 4810 758 4875 ⁸,
802 4809 846 4864 si
889 4823 994 4863 non
1040 4806 1240 4862 insanis
1270 4804 1497 4859 luctibus
1526 4803 1720 4858 fuerint
1746 4803 2081 4858 debacchati.

503 4905 571 4960 Et
589 4904 696 4959 hoc
720 4919 876 4975 quam
910 4917 1102 4956 vanum
1131 4911 1208 4955 est
1233 4942 1247 4965 ,
1293 4914 1453 4968 quam
1502 4898 1757 4966 ineptum,
1807 4897 2085 4966 opiniones

501 4994 775 5053 hominum
803 4995 1095 5049 errantium
1127 4992 1380 5061 cogitare,
1408 4997 1461 5043 ct
1490 4987 1592 5041 non
1629 4987 1832 5052 timere,
1865 5002 1932 5041 ne
1961 4986 2085 5056 quid

503 5089 678 5144 minus
706 5087 862 5142 faciat
883 5086 949 5141 de
982 5086 1083 5140 ﬁde
1109 5101 1266 5155 quam
1293 5082 1558 5153 suscepit!
1590 5080 1763 5148 Quare
1791 5095 1895 5133 non
1919 5079 2087 5147 magis

503 5179 658 5234 discit
690 5177 1022 5233 tolerantiam
1063 5177 1152 5232 ille
1179 5177 1267 5247 qui
1296 5176 1420 5231 talis
1447 5174 1572 5230 est?
1611 5189 1774 5244 quare
1805 5187 1909 5226 non
1941 5188 1970 5224 a
2000 5186 2087 5226 me

567 5338 582 5368 ⁸
621 5334 758 5393 Fditi,
801 5329 1058 5394 necessitas
1070 5330 1302 5394 gvocqvil,
1343 5330 1588 5394 tristitiam
1623 5329 1820 5394 patitur,
1840 5336 1912 5394 _et
1944 5340 2086 5394 _m_ox,

501 5395 630 5450 oculi
653 5388 1167 5466 taciymisperpetibus
1185 5388 1361 5456 fluunt.
1394 5393 1523 5442 Infra
1547 5388 1682 5450 vero,
1710 5390 1910 5444 Domino
1931 5388 2088 5447 lilium

503 5466 742 5512 ηεοξοιιαωη
765 5467 1027 5505 ηοηηηανε.

567 5523 589 5554 ²
623 5528 726 5580 usu,
753 5516 831 5570 Fit
849 5527 1111 5568 concursus
1132 5513 1314 5566 solitus.
1339 5515 1488 5576 Infra,
1511 5529 1570 5566 ne
1593 5513 1710 5578 quid
1725 5513 1817 5566 sibi
1831 5511 1922 5579 ﬁlii
1938 5513 2088 5578 ipsius

541 5591 611 5631 (ιη’
617 5598 660 5633 Γ.

502 5597 598 5675 ⁸⁷⁸2⁸
617 5598 731 5704 lim,
755 5638 1177 5704 cmmaationem,
1203 5641 1360 5687 [uinus
1383 5647 1539 5695 recte,
1565 5639 1612 5687 ni
1636 5638 1789 5688 fallor.

567 5707 591 5736 ⁸
622 5702 760 5765 Editl,
784 5702 1042 5769 superarit.

533 5769 592 5799 ’⁸
627 5777 728 5823 us,
751 5773 795 5818 ct
813 5767 933 5819 anna
956 5767 1105 5816 circa.

567 5829 593 5858 "
618 5822 752 5889 lime,
779 5828 822 5880 si
844 5825 1142 5894 pepercerim
1169 5824 1454 5887 vestimento,
1478 5822 1650 5872 desunt
1678 5823 1724 5872 iu
1751 5828 1828 5871 Ms.

1048 348 1102 403 S.
1137 341 1426 400 JOANNIS
1455 336 1951 397 CHRYSOSTOMI
1992 340 2315 396 ARCHIEP.
2357 340 2465 397 CP.
2501 342 2588 396 DF.
2619 341 2910 399 CONSOL.
2954 307 3222 401 MORTIS.
3600 359 3686 417 δίη

2180 480 2338 537 discit
2381 482 2538 562 ﬁdem
2583 483 2671 537 ille
2709 483 2797 554 qui
2849 483 3044 540 dubius
3086 487 3203 540 est?
3252 485 3456 555 Quando
3484 493 3620 550 etiam
3645 501 3681 556 si

2184 581 2362 627 tantus
2399 567 2469 627 sit
2523 573 2678 628 dolor
2726 575 2989 645 ejusmodi
3043 579 3294 645 pectoris,
3345 582 3488 637 tacite
3527 585 3689 645 debeat

2183 665 2380 719 luctum
2417 680 2577 721 sensu
2613 667 2855 738 digerere
2882 668 2899 699 ⁸
2922 707 2938 734 ,
2981 675 3037 723 et
3066 683 3170 724 non
3209 670 3408 727 levitate
3448 674 3522 729 sui
3557 679 3689 734 animi

2183 755 2473 824 publicare.
3574 773 3576 776 ·

2253 849 2306 902 7.
2336 847 2544 902 Ethnici
2575 849 2750 904 audita
2775 851 2874 920 ﬁlii
2903 861 3062 907 morte
3102 851 3302 906 dictum.
3328 852 3587 926 Plangendi
3609 860 3696 912 eth-

2183 941 2320 1007 nici,
2391 939 2596 1006 Judrei,
2664 951 2711 996 et
2754 943 3098 998 cateclmmeni
3141 945 3413 1000 morientes.
3454 977 3518 988 —
3555 947 3694 1005 Unum

2183 1027 2362 1086 adhuc
2387 1033 2512 1087 volo
2553 1047 2851 1104 proponere
2879 1035 3180 1104 exemplum
3206 1035 3270 1090 ad
3297 1037 3607 1108 corrigendos
3629 1055 3702 1095 eos

2183 1123 2272 1193 qui
2299 1123 2471 1194 plangi
2502 1134 2742 1180 mortuos
2770 1126 3114 1182 arbitrantur.
3153 1127 3454 1198 Exemplum
3479 1138 3629 1185 autem
3651 1130 3702 1186 de

2184 1230 2508 1286 paganorum
2548 1217 2768 1273 historia
2808 1227 2908 1274 est.
2947 1219 3068 1274 Fuit
3095 1220 3305 1290 quidam
3332 1221 3558 1293 princeps
3575 1237 3707 1293 paga~

2185 1323 2283 1363 nus
2329 1308 2439 1382 (a),
2480 1310 2568 1380 qui
2614 1310 2842 1366 habebat
2879 1310 3044 1366 ﬁlium
3085 1313 3332 1378 unicum,
3358 1314 3572 1383 satisque
3602 1313 3706 1368 dile-

2183 1409 2350 1455 ctum.
2396 1401 2494 1456 Hic
2535 1417 2658 1456 cum
2697 1402 2750 1456 in
2779 1401 3040 1472 Capitolio
3071 1402 3222 1457 idolis
3249 1403 3354 1458 suis
3376 1403 3544 1473 gentili
3565 1419 3712 1461 errore

2184 1491 2543 1560 sacriﬁcaret,
2587 1493 2861 1548 nuntiatur
2907 1494 2959 1549 ei
2999 1493 3140 1564 quod
3180 1493 3318 1549 ﬁlius
3341 1494 3425 1549 ille
3452 1495 3615 1550 unicus
3636 1495 3712 1550 ἀρ·

2185 1579 2375 1638 fuisset
2425 1581 2523 1656 (ὁ).
2561 1581 2680 1637 Non
2711 1583 2925 1654 reliquit
2951 1598 3123 1650 sacra,
3148 1599 3266 1655 qua:
3285 1583 3492 1655 gerebat
3510 1585 3558 1640 in
3575 1587 3716 1640 mani-

2184 1675 2315 1740 bus,
2368 1691 2472 1730 non
2519 1676 2870 1748 Iacrymavit,
2918 1691 3018 1732 nec
3060 1677 3282 1732 omnino
3317 1677 3716 1753 suspiravitzsed

2183 1766 2309 1837 quid
2353 1767 2656 1837 respondit,
2697 1767 2878 1823 audite
2910 1786 2922 1823 :
2949 1767 3283 1838 Sepeliatur,
3319 1769 3516 1839 inquit;
3540 1769 3719 1826 tuemini

2184 1858 2326 1914 enim
2351 1875 2437 1915 me
2463 1859 2624 1915 ﬁlium
2656 1861 2904 1932 genuisse
2931 1861 3236 1917 mortalem.
3269 1859 3401 1916 Vide
3421 1876 3720 1930 responsum,

2183 1951 2306 2006 vide
2348 1951 2580 2007 hominis
2624 1953 2812 2023 pagani
2851 1953 3098 2008 virtutem
3121 1994 3139 2020 ,
3175 1961 3233 2008 ut
3265 1967 3364 2007 nec
3395 1951 3659 2022 exspectari
3678 1965 3724 2005 se

2179 2041 2434 2112 jusserit,
2465 2043 2548 2099 vel
2578 2053 2635 2098 ut
2659 2053 2924 2114 praesente
2953 2059 3012 2099 se
3042 2045 3337 2115 sepulturae
3366 2044 3499 2100 ﬁlius
3526 2043 3727 2099 tradere-

2187 2140 2292 2187 tur.
2339 2134 2473 2202 Quid
2511 2137 2715 2206 agimus
2737 2177 2751 2202 ,
2784 2135 3008 2203 fratres,
3037 2137 3083 2192 si
3113 2136 3361 2192 diabolus
3390 2136 3523 2191 hunc
3545 2136 3591 2190 in
3616 2136 3728 2189 diem

2181 2224 2368 2294 judicii
2412 2241 2592 2281 coram
2636 2226 2850 2282 Christo
2891 2237 3078 2282 contra
3115 2243 3220 2282 nos
3247 2227 3498 2298 producat
3521 2235 3566 2282 et
3588 2225 3731 2292 dieat,

2187 2313 2286 2370 Hic
2331 2331 2481 2372 meus
2528 2317 2736 2382 cultor,
2787 2334 2946 2389 quem
2981 2334 3081 2390 ego
3121 2319 3410 2390 prmstigiis
3447 2317 3732 2388 decipiebant

2187 2409 2322 2465 meis
2341 2449 2358 2477 ,
2404 2419 2462 2464 ut
2490 2410 2718 2466 serviret
2740 2410 2896 2466 cmcis
2925 2420 2978 2466 et
3005 2411 3187 2467 surdis
3213 2410 3538 2473 simulacris,
3564 2409 3638 2464 cui
3660 2423 3739 2478 ego

2185 2517 2288 2559 nec
2333 2503 2782 2560 resurrectionem
2824 2519 2854 2558 a
2890 2503 3116 2558 mortuis
3142 2546 3158 2572 ,
3190 2519 3292 2560 nec
3317 2502 3638 2575 paradisum,
3661 2515 3740 2555 nec

2187 2596 2436 2652 caelorum
2491 2611 2652 2667 regna
2680 2596 3030 2667 promiseram
3056 2637 3071 2661 ,
3100 2596 3194 2651 hic
3220 2595 3313 2650 ﬁlii
3343 2595 3533 2651 nobilis
3559 2593 3737 2663 sapiens

2188 2690 2329 2744 unici
2355 2697 2582 2744 mortem
2615 2704 2716 2744 nec
2743 2689 2912 2744 doluit
2939 2704 3038 2744 nec
3067 2689 3334 2761 ingemuit
3359 2730 3375 2756 ,
3404 2703 3501 2743 nec
3530 2687 3609 2741 tali
3636 2701 3744 2740 nun-

2189 2781 2264 2835 tio
2310 2796 2429 2836 mea
2471 2795 2621 2836 sacra
2647 2780 2884 2837 deseruit
2915 2799 2928 2834 :
2959 2781 3033 2835 tui
3063 2791 3250 2837 autem
3281 2779 3596 2843 Christiani,
3621 2777 3685 2832 tui
3708 2776 3750 2829 fi.

2188 2871 2338 2927 deles
2361 2915 2376 2938 ,
2428 2887 2524 2943 pro
2567 2872 2760 2944 quibus
2788 2873 2906 2928 ideo
2937 2873 3233 2929 cruciﬁxus
3259 2883 3312 2929 et
3335 2885 3574 2930 mortuus
3599 2885 3650 2926 es
3669 2912 3682 2934 ,
3704 2876 3748 2922 ut

2188 2971 2416 3017 mortem
2442 2964 2540 3033 ipsi
2562 2979 2668 3018 non
2693 2965 2960 3030 timerent,
2984 2963 3075 3019 sed
3093 2975 3287 3020 essent
3309 2963 3379 3019 de
3399 2961 3754 3018 resurrectione

2189 3057 2361 3110 securi
2390 3097 2404 3122 ,
2433 3071 2539 3109 non
2569 3055 2741 3109 solum
2767 3055 2946 3125 lugent
2967 3062 3217 3110 mortuos
3246 3065 3305 3110 et
3331 3068 3464 3108 voce
3490 3062 3542 3108 et
3570 3051 3750 3114 habitu,

2188 3149 2283 3206 sed
2327 3148 2487 3204 etiam
2513 3149 2578 3203 ad
2606 3149 2884 3204 ecclesiam
2911 3147 3217 3218 procedere
3243 3146 3656 3211 confunduntur,
3675 3143 3756 3196 ali-

2187 3241 2371 3313 quanti
2425 3241 2587 3296 etiam
2631 3241 2732 3312 ipsi
2770 3241 2949 3295 clerici
2980 3241 3052 3294 tui
3079 3250 3136 3295 et
3165 3249 3418 3310 pastores
3445 3236 3756 3293 ministerium

2187 3349 2344 3391 suum
2376 3334 2732 3389 intermittunt
2756 3375 2771 3401 ,
2800 3343 3049 3388 vacantes
3072 3333 3272 3402 luctui,
3296 3333 3452 3404 quasi
3483 3331 3764 3388 insultantes

2191 3438 2295 3484 tua:
2322 3428 2619 3484 voluntati?
2648 3427 2868 3497 Quare?
2892 3427 3023 3495 Quia
3056 3443 3200 3498 quos
3222 3428 3444 3483 voluisti
3471 3468 3485 3493 ,
3517 3425 3582 3480 de
3608 3421 3761 3478 sarculi

2187 3523 2414 3593 caligine
2442 3521 2507 3576 ad
2547 3530 2601 3576 te
2630 3521 2852 3576 vocasti.
2877 3519 3014 3589 Quid
3032 3520 3098 3574 ad
3133 3521 3257 3576 hmc
3282 3517 3616 3591 respondere
3640 3522 3767 3587 pote-

2187 3614 2396 3680 rimus,
2443 3612 2676 3668 fratres?
2721 3611 2907 3668 Nonne
2946 3609 3197 3666 confusio
3245 3626 3350 3666 nos
3399 3605 3765 3681 apprehendet,

2188 3721 2310 3762 cum
2357 3707 2408 3760 in
2453 3704 2552 3759 hac
2579 3713 2730 3774 parte
2756 3703 3036 3759 inferiores
3061 3703 3329 3775 gentibus
3361 3697 3689 3758 invenimur!
3718 3694 3773 3750 Et

2189 3798 2369 3868 utique
2409 3796 2590 3867 lugere
2633 3795 2795 3852 debet
2841 3811 3094 3866 paganus,
3141 3797 3239 3866 qui
3291 3796 3545 3853 nesciens
3594 3793 3771 3851 Deum,

2191 3905 2315 3945 mox
2343 3901 2399 3944 ut
2428 3889 2672 3957 moritur,
2703 3898 2852 3944 recto
2873 3903 3030 3943 cursu
3054 3888 3326 3959 pergitad
3355 3902 3594 3958 penam.
3616 3879 3776 3950 Plaugi

2189 3981 2348 4037 debet
2393 3981 2646 4047 Juda-us,
2697 3981 2785 4052 qui
2831 3979 3042 4036 Christo
3089 3995 3208 4035 non
3255 3969 3531 4044 credens,
3575 3975 3777 4030 animam

2189 4089 2343 4131 suam
2383 4073 2667 4145 perditioni
2713 4073 3003 4143 deputavit.
3056 4072 3378 4128 Dolendum
3424 4080 3511 4126 est
3553 4069 3700 4140 plane
3722 4063 3780 4118 de

2187 4166 2589 4224 catechumenis
2634 4165 2831 4220 nostris
2854 4205 2869 4231 ,
2926 4163 2970 4218 si
3001 4173 3091 4217 aut
3118 4177 3226 4218 sua
3261 4162 3678 4222 incredulitate,
3706 4164 3783 4210 aut

2192 4261 2510 4332 negligentia
2557 4259 2954 4328 proximorum,
2996 4256 3113 4310 sine
3155 4257 3446 4327 baptismo
3484 4251 3695 4310 salutari
3717 4263 3785 4304 re-

2189 4351 2470 4409 ccsserint.
2507 4350 2770 4404 Cmterum
2799 4347 2888 4419 qui
2917 4347 3294 4403 sanctiﬁcatus
3323 4349 3502 4418 gratia
3525 4388 3542 4412 ,
3571 4346 3788 4415 signatus

2195 4443 2298 4497 ﬁde
2322 4482 2338 4507 ,
2361 4439 2770 4496 conversatione
2787 4440 3069 4509 probatus,
3093 4443 3183 4496 vel
3211 4439 3538 4495 innocentia
3563 4446 3788 4502 securus,

2192 4536 2258 4591 de
2285 4535 2384 4589 hoc
2413 4531 2611 4588 mundo
2636 4532 2836 4587 recedit
2862 4573 2876 4596 ,
2902 4531 3328 4588 beatiﬁcandus
3350 4541 3463 4600 est,
3495 4547 3600 4587 non
3628 4530 3794 4597 lugen-

2193 4627 2319 4692 dus;
2349 4624 2748 4689 desiderandus,
2770 4639 2872 4678 non
2895 4624 3234 4695 plangendus
3256 4642 3272 4692 ;
3297 4624 3400 4680 sed
3423 4616 3794 4678 desiderandus

2192 4735 2312 4774 cum
2343 4715 2708 4771 moderatione
2732 4755 2747 4779 ,
2774 4732 2896 4771 cum
2923 4716 3153 4770 sciamus
3184 4731 3300 4771 nos
3328 4717 3485 4786 ipsos
3515 4709 3797 4769 accedenti-

2194 4813 2292 4866 bus
2320 4811 2652 4879 tcmporibus
2675 4819 3026 4881 sequuturos.

2263 4906 2316 4959 8.
2345 4903 2574 4957 Tristitia
2601 4904 2837 4957 salutaris
2861 4919 3110 4972 quamam.
3133 4934 3212 4943 —
3237 4903 3436 4971 Terge
3467 4903 3630 4972 igitur
3655 4898 3805 4963 lacry-

2195 5009 2309 5049 mas
2332 5036 2345 5058 ,
2379 4993 2675 5048 intcrmitte
2703 4993 2930 5061 suspiria
2952 5035 2966 5058 ,
2996 5008 3300 5062 compesce
3323 4995 3570 5064 gemitus
3593 5031 3608 5053 ,
3630 5004 3662 5041 ο
3685 4985 3803 5038 ίὶιΙυ·

2194 5085 2260 5140 lis
2283 5125 2298 5149 ,
2344 5093 2397 5138 ct
2437 5098 2536 5153 pro
2575 5083 2674 5137 hac
2698 5083 2909 5137 tristitia
2941 5083 3240 5138 salutarem
3273 5085 3436 5140 illam
3469 5084 3633 5138 indue
3663 5069 3814 5131 tristi-

2194 5179 2361 5246 tiam,
2391 5178 2572 5246 utique
2598 5192 2754 5246 quam
2781 5172 3279 5246 beaIusApostolus
3307 5177 3625 5232 secundum
3660 5172 3808 5224 Deum

2195 5286 2315 5326 esse
2354 5268 2706 5332 memoravit,
2729 5282 2848 5337 qua:
2875 5266 3102 5320 salutem
3130 5267 3411 5322 stabilem
3439 5266 3590 5322 solet
3617 5256 3815 5334 operari

2195 5362 2252 5432 (2
2272 5365 2388 5417 Lor.
2410 5359 2599 5430 7.10);
2625 5359 2804 5429 utique
2828 5357 3191 5426 pmnitentiam
3222 5356 3552 5411 facinorum
3576 5348 3816 5408 commis-

2193 5470 2396 5511 sorum.
2437 5455 2685 5510 Scrutare
2711 5463 2897 5522 pectus
2927 5460 3070 5506 tuum
3097 5492 3111 5516 ,
3141 5452 3456 5520 propriam
3490 5450 3825 5514 interrogans

2259 5571 2275 5600 ι
2311 5568 2518 5625 Habent,
2543 5563 2773 5628 dirigere,
2802 5562 2916 5628 ιπᾼίιί
2971 5569 3190 5617 veteres,
3220 5563 3320 5622 qui
3367 5575 3494 5611 mox
3525 5560 3702 5611 verbo.
3748 5565 3827 5612 PP"

2194 5631 2392 5688 Μίδαι-ε,
2416 5626 2692 5677 sermonem
2716 5626 2962 5674 claudunt.
2976 5687 2983 5689 _
3187 5682 3203 5689 _
3255 5683 3269 5689 _
3494 5685 3523 5689 Α
3741 5678 3758 5689 ε

2233 5678 2644 5800 ._(u)ll';ltuarfluzis
2687 5689 2736 5738 in
2777 5687 3014 5736 laconicis
3057 5682 3610 5748 Apophthegmatilaus
3647 5697 3693 5744 [ι.
3731 5678 3832 5732 1‘53,

2234 5762 2329 5800 Illis
2369 5764 2506 5800 .vms
2551 5788 2557 5799 .
2623 5785 2636 5796 .

2196 5756 2329 5804 Titus
2350 5752 2506 5800 Livius
2527 5752 2557 5799 l.
2583 5752 2636 5800 2.

2262 5816 2335 5877 (υ)
2368 5820 2524 5872 t’ortc,
2552 5810 2802 5872 detractus
2814 5816 2935 5862 esset
2958 5805 3057 5872 [vel
3083 5804 3408 5872 defecisret}.
