3962 6190
215 379 313 444 ωδ

211 494 581 550 conscientiam
605 536 620 561 ,
655 501 708 551 et
731 497 773 550 si
809 492 1043 552 invenias
1064 500 1258 570 aliquid
1284 505 1642 571 paenitendum
1671 510 1779 579 (itt-

211 588 382 640 venies
419 596 594 640 autem
639 601 759 641 cunt
787 590 860 643 sis
889 590 1068 663 homo)
1092 633 1107 656 ,
1141 593 1290 648 trahe
1315 599 1537 666 suspiria
1567 600 1618 653 in
1647 616 1777 655 con-

209 675 432 731 fessione
452 719 468 742 ,
510 677 673 733 funde
702 680 962 752 lacrymas
994 684 1046 737 in
1074 686 1348 755 oratione,
1379 699 1496 744 esto
1521 692 1777 750 sollicitus

206 770 267 822 de
309 779 479 824 morte
525 771 612 824 illa
647 785 769 826 vera
794 813 809 836 ,
840 773 906 827 de
939 790 1092 842 paena
1117 779 1344 846 animm,
1375 791 1492 836 esto
1519 784 1776 842 sollicitus

205 860 267 912 de
307 871 557 928 peccato,
605 863 742 916 sicut
782 863 942 917 David
979 865 1104 920 dicit
1139 885 1153 920 :
1201 868 1448 934 Quoniam
1467 874 1774 944 iniquitatem

205 966 354 1002 nterim
379 952 669 1020 pronuntio,
699 963 742 1005 et
768 955 1012 1008 sol'icitus
1032 973 1115 1008 ero
1144 968 1235 1027 pro
1256 971 1456 1027 peccato
1477 979 1584 1016 meo
1603 963 1771 1036 (Psal.

201 1040 282 1094 50.
310 1041 366 1110 5)
398 1059 410 1092 :
457 1051 511 1096 et
551 1057 656 1095 non
681 1042 748 1097 de
791 1047 1032 1114 corporis
1059 1047 1213 1116 hujus
1239 1049 1506 1106 solutione
1533 1055 1774 1110 terrebe-

202 1132 300 1195 ris,
337 1133 476 1202 quod
506 1148 604 1187 suo
627 1143 864 1203 tempore
893 1136 942 1188 in
971 1137 1189 1200 melius,
1222 1140 1330 1194 Deo
1350 1143 1598 1211 juhente.
1625 1162 1774 1215 repa-

199 1222 414 1275 rabitur.
445 1221 580 1278 Vide
617 1224 1061 1293 quemadmodum
1098 1237 1380 1300 utrumque
1405 1236 1665 1288 sententia
1692 1235 1774 1290 di-

197 1316 308 1368 vina
358 1315 635 1384 complexa
675 1326 793 1380 est,
836 1316 1052 1385 dicens,
1108 1318 1250 1373 Venit
1289 1323 1448 1388 hora,
1493 1341 1608 1377 cum
1638 1343 1774 1380 mor-

197 1405 292 1470 tui,
339 1405 429 1472 qui
468 1415 585 1458 sunt
612 1406 664 1459 iu
693 1407 1058 1471 monumentis,
1088 1421 1346 1482 resurgent
1371 1411 1546 1482 (Joau.
1576 1415 1627 1470 5.
1654 1416 1768 1488 28).

197 1498 322 1553 Ecce
346 1499 605 1554 securitas
624 1539 640 1564 ,
662 1514 787 1554 ecce
807 1511 1141 1571 contemptus
1168 1505 1376 1559 mortis.
1406 1505 1508 1561 Sed
1534 1509 1658 1576 quid
1686 1525 1772 1565 se-

190 1590 403 1659 quitur?
433 1590 536 1656 Qui
561 1590 691 1643 bona
711 1593 970 1661 fecerunt,
997 1594 1050 1646 iu
1075 1596 1482 1651 resurrectionem
1511 1599 1660 1662 vitae;
1684 1602 1770 1667 qui

187 1690 351 1734 autem
377 1681 519 1735 mala
552 1692 754 1752 egerunt
776 1723 794 1751 ,
814 1684 866 1738 in
892 1686 1299 1740 resurrectionem
1314 1688 1500 1758 judicii
1528 1689 1686 1760 (Ibid.
1715 1708 1763 1747 υ.

187 1770 296 1842 29).
338 1771 482 1826 Ecce
523 1772 805 1828 diversitas
841 1776 1250 1845 resurgentium.
1299 1778 1521 1834 Omnem
1551 1782 1764 1851 quidem

192 1876 402 1916 necesse
431 1872 514 1917 est
563 1877 777 1918 carnem
814 1881 1093 1934 resurgere
1122 1867 1398 1923 dumtaxat
1427 1870 1715 1928 humanam
1747 1891 1762 1928 :

189 1952 277 2006 sed
338 1953 512 2008 bonus
573 1965 816 2026 resurget
857 1956 923 2011 ad
962 1958 1161 2025 vitam,
1204 1960 1377 2015 malus
1408 1971 1649 2033 resurget
1697 1964 1764 2019 ad

191 2059 393 2112 poenam
423 2086 440 2110 ,
471 2046 606 2099 sicut
630 2047 887 2116 scriptum
929 2057 1013 2104 est
1048 2067 1062 2101 :
1089 2047 1219 2104 Ideo
1247 2067 1349 2106 non
1382 2064 1641 2122 resurgent
1666 2055 1764 2108 int-

193 2136 261 2203 pii
294 2141 348 2188 in
379 2136 570 2205 judicio
593 2179 609 2202 ,
656 2155 814 2208 neque
851 2150 1135 2210 peccatores
1173 2143 1228 2196 in
1266 2144 1480 2198 concilio
1509 2148 1764 2215 justorum

189 2223 356 2296 (Psal.
388 2243 426 2280 ι.
450 2228 526 2296 5).
551 2227 616 2283 Ut
643 2245 770 2298 ergo
792 2245 896 2285 non
920 2232 971 2284 in
995 2232 1252 2302 judicium
1277 2250 1651 2307 resurgamus,
1683 2239 1763 2292 in-

186 2318 422 2371 termissa
462 2320 647 2373 mortis
685 2322 895 2376 tristitia
939 2323 1084 2377 illam
1117 2325 1481 2394 pmnitentiam
1513 2339 1568 2384 et
1597 2330 1763 2385 tristi-

179 2407 302 2461 tiam
343 2421 623 2464 sumamus
648 2451 664 2476 ,
704 2420 760 2466 et
799 2427 983 2468 curam
1013 2414 1273 2469 bonorum
1297 2431 1516 2485 operum
1546 2433 1610 2474 ac
1635 2421 1760 2476 vitae

175 2499 412 2554 melioris
438 2500 728 2558 habeamus
751 2542 768 2570 ,
799 2513 853 2558 et
881 2504 948 2559 ad
977 2505 1077 2560 hoc
1103 2507 1176 2560 sit
1203 2509 1356 2562 nobis
1377 2510 1628 2579 cogitatio
1656 2509 1754 2565 htt-

167 2588 251 2659 jus
273 2590 486 2646 funeris
506 2593 881 2660 etcadaveris,
912 2603 972 2649 ut
997 2610 1093 2650 nos
1122 2597 1380 2653 mortales
1403 2614 1524 2654 esse
1549 2601 1757 2655 noveri-

167 2697 284 2736 mus
301 2725 318 2751 ,
343 2691 405 2738 et
425 2699 523 2752 per
546 2683 682 2739 hanc
700 2686 1072 2755 cogitationem
1097 2688 1324 2743 salutem
1347 2697 1604 2756 nostram,
1627 2691 1752 2746 dum

167 2783 376 2845 tempus
421 2785 537 2842 est,
571 2777 696 2831 dum
725 2778 881 2842 licet,
907 2779 1124 2834 minime
1151 2781 1479 2851 negligemus
1509 2795 1525 2835 :
1552 2782 1754 2838 scilicet

163 2875 251 2921 aut
274 2868 666 2923 [ructiﬁcantes
690 2870 745 2925 in
771 2873 992 2938 melius,
1027 2881 1119 2926 aut
1139 2873 1506 2938 emendantes,
1535 2874 1579 2927 si
1603 2874 1751 2944 igno-

165 2969 339 3013 rantes
371 2959 677 3014 erratimus
702 2975 716 3012 :
741 2975 809 3014 ne
837 2960 1014 3015 subito
1037 2963 1390 3032 prmoccupati
1411 2962 1497 3017 die
1521 2965 1708 3018 mortis
1731 3004 1748 3030 ,

160 3064 471 3116 quaeramus
511 3049 738 3118 spatium
776 3053 1125 3120 pcenitentite,
1156 3062 1210 3108 et
1234 3069 1340 3107 non
1369 3055 1607 3109 invenire
1633 3069 1751 3124 pos-

159 3141 362 3206 simus,
416 3154 719 3209 qumramus
763 3142 1131 3214 eleemosynas
1165 3159 1389 3214 erogare
1463 3153 1518 3200 et
1545 3145 1748 3200 satisfa-

153 3244 272 3284 cere
301 3247 408 3299 pro
438 3231 645 3284 delictis
668 3273 683 3295 ,
712 3247 810 3286 nec
831 3232 970 3302 quod
994 3233 1236 3287 volumus
1263 3233 1603 3289 concedatur.

183 3421 244 3429 ...ι-ι

1424 387 1741 451 ῡΙΑΤΒΙΒᾹ
1785 396 1848 452 ΙΝ
1888 399 2238 460 SYNOPSIN.

3359 420 3461 474 51‘6

1959 517 2010 570 9.
2061 517 2429 586 Recapitulatio
2467 524 2706 576 sermonis
2741 526 3012 596 utriusque.
3036 559 3107 570 —
3131 529 3355 590 Ostensa
3379 537 3464 604 igi-

1890 615 1993 666 tur,
2022 606 2210 662 Fratres
2231 648 2244 670 ,
2279 612 2466 664 mortis
2491 616 2787 668 communis
2819 616 2891 686 (α)
2922 660 2936 680 ,
2963 629 3175 675 ostensa
3208 623 3464 697 lacryma-

1885 707 2002 750 rum
2047 697 2418 756 interdictione
2442 745 2456 766 ,
2484 715 2775 760 monstrata
2804 717 3040 762 veterum
3068 711 3241 768 adhuc
3270 714 3459 786 fragili.

1887 795 1994 840 tate
2022 795 2076 840 et
2103 804 2207 842 non
2230 788 2649 849 Christianitatis
2674 796 2899 864 virtute,
2929 810 3222 858 monstrato
3251 804 3458 860 Domini

1883 889 2218 934 sacramento
2264 891 2319 936 et
2355 885 2714 952 apostolorum
2763 887 2829 942 de
2869 894 3260 950 resurrectione
3305 895 3459 950 docu-

1885 979 2083 1038 mento,
2103 977 2530 1029 commemoratis
2551 980 2913 1048 apostolorum
2937 983 3164 1053 actibus,
3187 994 3240 1040 et
3269 999 3460 1059 marty-

1885 1075 2000 1113 rum
2041 1063 2373 1130 passionibus
2396 1105 2410 1127 ,
2453 1078 2672 1122 ostenso
2697 1079 2954 1139 praetcrea
2987 1073 3147 1130 David
3173 1080 3416 1148 exemplo
3440 1121 3456 1147 ,

1881 1159 1936 1203 et
1981 1152 2194 1220 gentilis
2241 1154 2470 1208 hominis
2496 1157 2714 1226 insuper
2739 1159 2874 1213 facto
2898 1203 2911 1222 ,
2937 1162 3001 1216 ad
3027 1163 3264 1220 ultimum
3297 1183 3455 1237 expo.

1878 1243 1978 1296 sita
2019 1253 2074 1297 et
2111 1245 2266 1298 noxia
2310 1255 2364 1300 et
2407 1249 2520 1302 utili
2570 1250 2814 1318 tristitia,
2862 1253 2946 1306 illa
2983 1271 3102 1324 qua:
3130 1268 3322 1326 nocet,
3355 1262 3453 1314 ista

1877 1349 1995 1402 quae
2040 1349 2136 1403 per
2163 1337 2528 1404 paenitentiam
2556 1341 2725 1394 salvat
2754 1360 2766 1396 :
2799 1343 2880 1396 his
2906 1346 3151 1400 omnibtts
3181 1351 3256 1404 sic
3282 1362 3453 1407 osten-

1876 1427 1950 1479 sis
1969 1467 1983 1489 ,
2011 1426 2136 1496 quid
2164 1443 2263 1482 nos
2286 1429 2458 1484 facere
2483 1431 2592 1500 jam
2623 1434 2763 1487 aliud
2790 1445 3019 1504 oportet,
3051 1438 3262 1502 fratres.
3295 1459 3451 1513 quam

1875 1519 2071 1586 gratias
2107 1529 2328 1589 agentes
2369 1522 2476 1576 Deo
2520 1523 2662 1577 Patri
2705 1525 2919 1592 dicere,
2965 1526 3085 1582 Fiat
3113 1533 3340 1586 voluntas
3367 1544 3453 1588 tua

1873 1610 2004 1663 sicut
2048 1611 2100 1664 in
2129 1612 2252 1666 casto
2276 1622 2322 1665 et
2348 1613 2400 1666 iu
2429 1624 2561 1667 terra
2588 1615 2798 1684 (Matth.
2829 1618 2884 1673 6.
2915 1619 3045 1690 10);
3075 1629 3128 1676 to
3155 1624 3346 1679 dedisti
3375 1628 3451 1680 vi-

1875 1709 2001 1764 tam,
2027 1711 2080 1754 tu
2111 1702 2429 1757 constituisti
2461 1716 2686 1760 mortem
2712 1722 2728 1772 ;
2761 1716 2814 1761 ttt
2846 1709 3050 1766 inducis
3075 1713 3128 1766 itt
3155 1716 3404 1772 saeculum
3427 1761 3442 1784 ,

1873 1798 1925 1843 tu
1950 1791 2132 1845 educis
2159 1791 2228 1847 de
2257 1793 2453 1847 saacnlo
2473 1835 2488 1859 ,
2515 1803 2570 1849 et
2594 1810 2716 1850 cum
2745 1796 2994 1853 eduxeris
3015 1840 3032 1867 ,
3064 1816 3249 1858 servas
3273 1821 3288 1870 ;
3317 1807 3446 1862 nihil

1871 1883 2012 1936 enim
2032 1883 2238 1951 deperit
2261 1893 2467 1938 tuorum
2497 1927 2510 1948 ,
2533 1887 2620 1956 qui
2651 1903 2749 1943 nee
2771 1889 3019 1959 capillum
3047 1895 3236 1962 capitis
3262 1911 3444 1951 eorum

1873 1977 2044 2044 perire
2071 1977 2251 2032 dixisti
2277 1995 2291 2036 :
2331 1996 2349 2030 ι
2383 1979 2636 2034 Auferes:
2663 1983 2803 2035 enim
2831 2001 2851 2034 ι
2884 1985 3126 2052 spiritum
3155 2001 3366 2055 eorum,
3392 1999 3446 2044 et

1869 2066 2116 2122 deﬁcient
2137 2109 2152 2131 ,
2194 2077 2249 2122 et
2291 2071 2344 2123 in
2368 2080 2560 2125 terram
2590 2086 2736 2125 suam
2767 2083 3098 2129 revertentur
3133 2093 3153 2128 ι
3177 2075 3324 2146 (Luc.
3349 2078 3439 2133 21.

1869 2156 1960 2226 l8)
1982 2159 2104 2223 ;sed
2128 2176 2146 2209 ι
2166 2157 2652 2228 Emittesspiritum
2671 2170 2838 2227 tuum,
2863 2173 2915 2216 et
2934 2165 3273 2233 creabantur,
3292 2176 3342 2222 et
3365 2184 3441 2224 re.

1871 2247 2092 2301 novabis
2119 2247 2304 2302 faciem
2336 2257 2525 2303 temet
2554 2249 2722 2320 (Psal.
2759 2253 2879 2308 105.
2908 2254 2999 2310 29.
3032 2256 3144 2328 50).
3174 2256 3298 2312 Ιίειιο
3325 2275 3443 2315 ver-

1866 2335 1930 2389 ba
1951 2377 1966 2401 ,
1991 2335 2183 2391 fratres
2206 2379 2221 2404 ,
2248 2338 2402 2408 digna
2427 2340 2688 2406 ﬁdelibus,
2718 2341 2830 2396 haec
2861 2345 3121 2401 medicina
3145 2347 3393 2404 salutaris
3419 2370 3432 2402 :

1865 2424 1964 2480 hac
1987 2430 2206 2497 spongia
2226 2428 2602 2485 consolationis
2619 2431 2863 2488 detersus
2884 2437 3088 2503 oculus,
3119 2438 3218 2493 hoc
3236 2440 3438 2497 infusus

1863 2518 2082 2590 collyrio
2130 2521 2382 2586 rationis,
2433 2537 2537 2576 non
2585 2525 2745 2578 modo
2777 2527 3068 2583 caecitatem
3095 2543 3160 2585 ex
3186 2529 3434 2602 despera-

1867 2603 2014 2659 tione
2031 2620 2140 2660 non
2157 2608 2476 2672 sentiet,setl
2491 2625 2591 2665 nec
2607 2612 2958 2683 lippitudines
2979 2619 3189 2690 aliquas
3210 2624 3442 2683 tristitia:

1863 2698 2171 2763 sustinebit,
2193 2700 2323 2769 quin
2344 2701 2523 2770 potius
2543 2705 2716 2760 oculis
2738 2707 2918 2763 cordis
2945 2708 3121 2767 lucida
3139 2724 3334 2771 cuncta
3360 2734 3442 2772 re.-

1861 2790 2117 2858 spiciens,
2148 2793 2292 2846 dicet
2315 2795 2618 2850 secundum
2649 2798 3105 2867 patientissimum
3136 2805 3286 2862 illum
3314 2809 3438 2875 Job,

1866 2898 1884 2930 ε
1913 2879 2170 2936 Dominus
2185 2883 2355 2948 dedit,
2384 2895 2441 2940 et
2465 2886 2728 2943 Dominus
2757 2891 3008 2960 abstulit;
3040 2895 3184 2952 sicut
3207 2899 3441 2957 Domino

1858 2968 2034 3024 visum
2065 2979 2167 3038 est,
2195 2972 2267 3028 ita
2292 2973 2492 3030 factum
2517 2985 2604 3032 est
2643 2997 2658 3034 :
2688 2979 2758 3034 sit
2791 2997 2992 3039 nomen
3031 2985 3242 3043 Domini
3274 2991 3438 3047 bene-

1855 3061 2059 3116 dictum
2084 3081 2104 3114 »
2143 3064 2257 3136 (Job
2310 3067 2360 3122 l.
2391 3068 2480 3138 2|)
2514 3070 2564 3124 in
2598 3073 2793 3127 saecula
2826 3077 3167 3133 saeculorum.
3203 3081 3398 3138 Amen.

1855 3181 1993 3292 diu)
2018 3180 2293 3231 addendum
2317 3187 2442 3245 post,
2459 3181 2625 3233 mortis
2643 3178 2920 3242 communis,
2937 3180 3035 3242 vel,
3049 3187 3193 3242 sorte,
3214 3179 3309 3237 vel,
3323 3193 3432 3230 con.

1893 3253 2053 3292 mone.

1893 3253 1926 3294 ιε
1930 3255 2053 3293 ωηε.

324 3377 3440 3431 ﬂ

1351 3495 2272 3606 DIATBIBA

1286 3658 1367 3722 IN
1409 3661 1789 3724 SYNOPSIN
1834 3663 2333 3737 SEQUENTEM.

217 3786 421 3840 Exstat
463 3783 579 3837 haec
624 3782 879 3854 Syttopsis
915 3783 966 3836 in
997 3782 1202 3838 duobus
1239 3782 1522 3839 Codicibus
1549 3801 1737 3840 manu-

143 3879 360 3948 scriptis
387 3917 407 3943 ,
458 3889 684 3946 quorum
731 3875 866 3930 alter
890 3883 971 3929 est
999 3875 1340 3932 Bibliotheca:
1367 3875 1734 3945 Coislinianze,
1777 3947 1780 3951 _

142 3968 266 4023 olim
293 3967 667 4038 Seguerianae,
713 3980 859 4022 num.
897 3965 1032 4028 588,
1063 3967 1196 4021 alter
1223 3966 1564 4022 Bibliotheca:
1591 3967 1734 4037 Lug-

140 4060 264 4114 duni
311 4059 680 4124 Batavorum,
721 4058 848 4112 olim
891 4057 1053 4113 lsaaci
1083 4057 1275 4113 Vossii.
1303 4059 1454 4114 Prior
1483 4069 1565 4114 est
1613 4074 1734 4113 om-

141 4151 268 4205 nino
295 4163 501 4206 recens
518 4191 534 4214 ,
562 4156 618 4204 et
641 4149 781 4204 circa
813 4149 1170 4221 typographia:
1193 4149 1410 4204 exordia
1431 4191 1446 4214 ,
1473 4149 1567 4204 sed
1593 4165 1622 4204 a
1644 4165 1738 4221 pe-

140 4244 240 4298 rito
261 4258 372 4299 nec
410 4242 625 4296 indocto
646 4241 819 4297 scriba
841 4251 1088 4298 exaratos
1112 4242 1179 4297 ad
1205 4242 1365 4297 ﬁdem
1387 4243 1733 4313 antiquioris;

139 4335 372 4390 alterum
423 4323 615 4400 etiam,
653 4334 752 4390 etsi
797 4349 902 4389 non
946 4335 1152 4390 licuerit
1191 4335 1358 4390 oculis
1390 4335 1517 4406 ipsis
1555 4335 1738 4404 explo-

136 4442 254 4483 rare
271 4470 288 4496 ,
339 4436 621 4482 recentem
648 4442 860 4498 quoque
885 4437 1010 4497 puto
1029 4468 1044 4492 ,
1077 4427 1278 4498 fuitque
1302 4427 1370 4483 ab
1398 4428 1729 4497 imperitiore

137 4535 482 4575 amanuense
529 4519 849 4589 descriptus.
899 4519 959 4573 lli
1003 4536 1160 4589 porro
1196 4520 1450 4586 Codices,
1483 4536 1549 4575 ne
1578 4521 1736 4576 ambo

136 4613 360 4679 quidem
394 4621 559 4666 totam
584 4611 848 4683 Synopsin
873 4612 1313 4680 complectuntur,
1342 4613 1515 4682 qualis
1542 4612 1609 4666 ab
1636 4627 1734 4665 au-

137 4713 288 4758 ctore
335 4703 602 4756 adornata
648 4701 852 4768 fuerat;
896 4703 988 4756 sed
1019 4702 1072 4756 in
1099 4702 1206 4756 alio
1233 4703 1334 4757 alia
1362 4701 1608 4757 deﬁciunt
1635 4719 1650 4767 ;
1681 4703 1734 4758 in

135 4803 374 4864 utroque
396 4802 575 4849 autem
603 4801 711 4847 tota
738 4793 866 4848 Novi
893 4793 1216 4848 Testamenti
1246 4794 1500 4865 Synopsis
1523 4795 1734 4852 deside-

137 4899 306 4942 ratur.
334 4887 699 4943 Coislinianus
721 4889 872 4944 initio
897 4889 1114 4945 exhibet
1140 4890 1506 4959 praefationem
1528 4891 1594 4946 ab
1616 4892 1732 4960 ipso

134 4982 416 5049 scriptore
460 4981 864 5048 concinnatam,
891 4991 944 5038 et
969 4983 1183 5053 Optima:
1213 4993 1350 5038 notre
1369 5025 1384 5049 ,
1411 4999 1572 5049 quam
1605 4983 1735 5038 Pro—

139 5071 399 5123 ﬁteor-iam
419 5069 678 5124 inscribit.
711 5071 834 5126 Hac
860 5080 1036 5126 autem
1068 5071 1380 5126 Protbeoria
1396 5081 1502 5127 tota
1532 5073 1682 5128 abest
1701 5089 1733 5129 a

134 5160 341 5216 Codice
392 5160 769 5230 Lugdunensi:
802 5162 1137 5232 vicissimque
1179 5161 1544 5232 Lugdunensis
1569 5163 1730 5218 multa

137 5251 306 5305 habet
326 5292 346 5315 ,
391 5267 508 5321 qua:
543 5257 595 5306 In
623 5252 950 5307 Coisliniano
978 5267 1196 5321 prorsus
1223 5252 1450 5316 desunt;
1483 5253 1730 5308 nimirum

132 5343 419 5412 Synopsin
445 5344 496 5397 in
520 5343 850 5409 Leviticum,
882 5343 1239 5413 Epilogum~in
1267 5341 1535 5413 Synopses
1564 5343 1727 5397 libro-

134 5448 251 5485 rum
277 5433 493 5500 Regum
518 5450 533 5496 ;
563 5434 832 5504 Synopses
861 5433 913 5487 in
947 5432 1374 5500 Paralipomena,
1403 5433 1453 5486 in
1481 5432 1724 5496 Esdram,

133 5523 184 5575 in
217 5526 408 5578 libros
433 5525 623 5579 Esther
642 5566 657 5587 ,
687 5524 866 5581 Tobim
886 5566 902 5591 ,
931 5523 1110 5578 Iudith
1130 5565 1145 5588 ,
1168 5523 1268 5578 Job
1287 5565 1303 5589 ,
1334 5524 1384 5578 in
1406 5524 1596 5578 librum
1625 5524 1724 5577 Sa-

131 5616 363 5680 pientia:
388 5654 405 5676 ,
428 5616 478 5668 in
506 5615 809 5670 Proverbia.

203 5703 289 5757 Ex
339 5703 489 5760 hisce
525 5705 734 5760 duobus
776 5704 901 5760 Mss.
935 5704 1111 5775 prodit
1139 5703 1392 5775 Synopsis
1418 5702 1603 5758 istbmc
1625 5744 1640 5769 ,
1676 5705 1726 5758 in

129 5809 232 5858 qua
275 5795 537 5848 nonnulla
568 5796 726 5849 etiam
757 5811 818 5848 ex
855 5794 1022 5848 Veteri
1051 5793 1388 5850 Testamento
1415 5793 1726 5848 desideran-

1846 3794 1968 3851 tur;
2007 3787 2254 3840 nimirum
2283 3786 2540 3858 Synopsis
2572 3788 2898 3843 Psalmorum
2919 3830 2934 3854 ,
2962 3797 3018 3843 et
3039 3789 3269 3858 quinque
3299 3785 3426 3840 Pro-

1845 3877 2125 3946 phetarum
2171 3877 2454 3932 minorum.
2498 3877 2554 3931 ln
2592 3887 2821 3949 utroque
2845 3893 3005 3948 porro
3030 3877 3226 3932 Codice
3255 3876 3427 3948 Syno-

1844 3967 1953 4036 psis
1993 3967 2183 4022 Joanni
2221 3966 2599 4039 Chrysostomo
2643 3969 2886 4024 tribuitur
2934 3986 2947 4020 :
2991 3967 3045 4022 in
3091 3968 3256 4022 titulis
3283 3967 3424 4021 enim

1841 4057 2146 4114 Coisliniani
2184 4066 2240 4114 et
2275 4058 2648 4130 Lugdunensis
2673 4058 2882 4114 COdit‘lS
2909 4057 3274 4128 Chrysostomi
3301 4070 3422 4112 esse

1840 4151 2062 4214 dicitur,
2113 4157 2171 4204 ut
2209 4163 2333 4203 mox
2371 4148 2592 4204 videbis.
2633 4149 2747 4202 Jam
2779 4163 2906 4203 vero
2932 4147 3213 4218 quarritur,
3244 4154 3418 4199 utrum

1841 4257 1968 4298 vere
2011 4240 2377 4312 Chrysostomi
2405 4240 2510 4306 sit,
2536 4253 2726 4294 necne.
2759 4239 2967 4294 lsaacus
2990 4244 3132 4292 certe
3159 4233 3382 4290 Vossius
3402 4273 3421 4305 ,

1838 4333 1989 4402 Cujus
2031 4341 2148 4387 erat
2174 4329 2354 4386 Codex
2377 4330 2466 4385 ille
2495 4329 2836 4384 Bibliotheca:
2863 4324 3234 4397 Lugdunensis
3263 4323 3423 4378 Bata~

1839 4425 1991 4492 victe,
2021 4439 2126 4478 non
2149 4425 2365 4494 putabat
2393 4436 2512 4478 esse
2527 4421 2910 4493 Chrysostomi.
2935 4417 3248 4475 testiﬁcante
3267 4415 3420 4473 Guil-

1837 4517 1997 4572 lelmo
2041 4517 2183 4572 Cave
2232 4516 2284 4570 in
2329 4516 2556 4571 Historia
2601 4530 2694 4568 sua
2739 4513 2970 4568 literaria
3017 4511 3245 4567 Gcnevm
3278 4525 3421 4566 anno

1839 4607 1977 4663 17οό
1997 4607 2137 4663 edita
2160 4648 2175 4674 ,
2203 4607 2355 4676 cujus
2384 4607 2498 4661 htec
2522 4613 2644 4660 sunt
2669 4603 2829 4658 verba
2849 4644 2864 4670 ,
2895 4618 2946 4673 p.
2978 4602 3085 4657 2l5
3112 4619 3126 4654 :
3165 4619 3184 4654 ι
3220 4601 3410 4656 Exstat

1837 4699 2025 4755 Graece
2063 4699 2161 4754 Ms.
2209 4699 2260 4753 in
2293 4697 2617 4752 Bibliotheca
2645 4695 2899 4751 Vossiana
2925 4693 3024 4750 sub
3049 4691 3416 4764 Chrysostomi

1837 4789 2054 4845 nomine
2102 4789 2360 4861 Synapsis
2387 4789 2592 4846 Veteris
2639 4787 3003 4852 Testamenti;
3040 4787 3137 4843 sed
3165 4800 3268 4838 non
3299 4796 3418 4838 esse

1836 4883 2123 4953 genuinum
2153 4881 2520 4952 Chrysostomi
2551 4881 2731 4935 fmtum
2763 4878 2878 4947 ipse
2905 4876 3035 4931 mihi
3058 4875 3184 4928 olim
3207 4873 3419 4930 confes-

1835 4987 1927 5027 sus
1952 4980 2036 5026 est
2060 4971 2130 5025 cl.
2165 4971 2401 5025 Vossius.
2440 4987 2460 5021 ι
2497 4973 2564 5023 At
2587 4969 2778 5037 Opinor
2807 4966 3047 5021 Vossium
3070 4964 3185 5019 hac
3202 4963 3416 5034 perluno

1835 5065 2000 5119 ctorie
2049 5065 2238 5134 legisse
2261 5104 2274 5127 ,
2321 5071 2376 5116 et
2419 5077 2482 5116 ex
2524 5060 2644 5131 styli
2676 5061 2900 5114 fortasse
2922 5058 3127 5113 ratione
3150 5056 3412 5112 calculum

1838 5155 2024 5209 tulisse
2072 5173 2085 5208 :
2125 5169 2282 5223 quam
2324 5153 2447 5223 styli
2479 5151 2700 5206 formam
2727 5165 2832 5204 non
2858 5149 3028 5220 potuit
3054 5150 3105 5204 in
3136 5158 3240 5203 tam
3268 5163 3414 5203 com-

1837 5246 2088 5315 pendiosa
2129 5246 2433 5299 narratione
2461 5241 2879 5312 deprehendere.
2908 5241 2986 5297 Ad
3017 5240 3131 5296 hmc
3158 5256 3285 5297 vero
3307 5241 3410 5296 Co-

1834 5338 1935 5393 dex
1968 5339 2059 5392 ille
2088 5338 2382 5392 Vossianus
2413 5336 2775 5392 Protheoriam
2800 5335 2946 5392 illam
2969 5335 3022 5389 in
3047 5335 3218 5390 fronte
3238 5334 3410 5404 Syno-

1834 5443 1990 5500 pseos
2031 5429 2256 5498 positam
2296 5443 2404 5483 non
2441 5427 2642 5483 habet:
2672 5443 2788 5498 qua:
2819 5443 2954 5483 sane
2988 5425 3294 5483 Protheoria
3331 5431 3411 5476 sat

1841 5521 2044 5592 prolixa
2082 5531 2136 5575 et
2166 5537 2196 5574 a
2226 5521 2400 5592 sagaci
2430 5523 2546 5576 viro
2572 5522 2764 5591 scripta
2783 5562 2798 5586 ,
2830 5521 3083 5591 quasdam
3113 5515 3412 5587 suppeditat

1841 5621 1994 5666 notas
2017 5626 2135 5680 qua:
2164 5611 2545 5681 Chrysostomo
2570 5611 2836 5681 Synopsin
2860 5610 3125 5665 vindicare
3145 5605 3409 5658 videntur.

1843 5703 1897 5756 ln
1927 5696 2224 5773 ipsa'etiam
2250 5702 2476 5774 Synopsi
2505 5719 2608 5758 non
2640 5717 2803 5772 pauca
2832 5703 3148 5761 occurrunt,
3173 5709 3291 5764 qua:
3318 5711 3416 5764 pro

1837 5793 2218 5864 Chrysostonto
2263 5802 2514 5864 pugnant.
2565 5791 2678 5846 Non
2704 5806 2764 5844 ea
2792 5804 2950 5862 porro
2979 5791 3154 5839 mente
3186 5783 3298 5840 lucc
3327 5802 3414 5845 ar-
