3966 6192
497 334 602 389 307

494 461 744 521 gumenta
772 448 1120 519 proferimus,
1151 458 1208 503 ut
1232 448 1347 501 sine
1377 446 1481 499 ulla
1513 458 1728 513 prorsus
1748 440 2074 496 dubitatione

496 542 759 613 Synopsin
782 554 903 596 esse
917 540 1277 613 Chrysostomi
1302 533 1630 595 statuamus:
1661 550 1766 590 non
1784 534 1924 589 enim
1956 548 2076 603 per-

498 630 620 685 inde
649 630 821 686 allecti
845 645 1029 687 sumus
1045 673 1067 699 ,ρ
1089 640 1246 702 atque
1289 628 1528 685 nonnulli
1567 628 1875 698 scriptores,
1903 625 1990 696 qui
2012 639 2074 681 ea

493 740 614 791 qtue
645 739 710 779 ex
743 725 976 781 tenebris
994 735 1219 790 eruunt,
1249 725 1312 779 iis
1337 716 1474 794 quos
1515 730 1743 777 tractant
1769 718 2075 776 auctoribus

493 818 565 870 ita
591 830 833 872 asserere
855 822 1143 882 conantur,
1172 824 1232 870 ut
1257 815 1452 870 nullatn
1483 814 1744 869 rationem
1772 811 1969 867 habere
1993 809 2073 865 vi-

493 905 723 960 deantur
762 919 953 960 eorum
996 918 1116 975 quae
1154 913 1387 975 possunt
1416 911 1603 961 contra
1640 901 1822 972 Olllel.
1853 900 2075 955 Etiamsi

488 997 634 1053 enim
657 995 769 1062 haec
788 1009 907 1068 quae
926 995 1245 1068 proferimus
1264 993 1437 1066 magni
1459 1008 1578 1049 esse
1597 991 1849 1047 momenti
1873 989 2078 1062 perspi-

489 1104 650 1144 cuum
695 1088 850 1145 nobis
889 1087 961 1144 sit
1006 1104 1019 1141 :
1062 1096 1347 1152 antequam
1387 1083 1629 1139 ultimum
1660 1097 1723 1139 ea
1751 1082 1820 1138 de
1848 1098 1906 1137 re
1930 1079 2075 1154 judi-

491 1186 632 1238 rinnt
650 1193 947 1241 statuamus
965 1226 978 1248 ,
1002 1190 1311 1254 argumenta
1340 1189 1521 1236 nostra
1547 1180 1755 1236 erudito
1781 1180 1963 1237 lectori
1990 1178 2075 1234 of-

492 1274 633 1330 ferre
671 1274 845 1330 visum
872 1282 979 1341 est,
1030 1283 1086 1328 ut
1128 1283 1233 1328 tam
1275 1271 1416 1327 illius
1439 1312 1454 1336 ,
1482 1286 1642 1342 quam
1670 1280 1855 1327 nostro
1873 1269 2076 1341 judicio

490 1366 616 1438 quid
641 1365 969 1423 censendum
995 1365 1065 1420 sit
1093 1365 1253 1420 tutius
1281 1362 1629 1419 afﬁrmemus.

556 1457 799 1513 Primum
842 1456 1008 1527 igitur
1053 1463 1423 1526 argumentum
1472 1462 1777 1509 mutuamur
1821 1468 1887 1509 ex
1927 1450 2076 1511 hisce

492 1550 781 1619 postremis
805 1548 1130 1605 Protbeorite
1156 1548 1330 1603 verbis
1345 1587 1363 1613 ,
1395 1546 1479 1601 ubi
1506 1546 1734 1617 scriptor
1758 1558 2075 1603 enumerans

490 1642 623 1698 Novi
651 1642 973 1711 Testamenti
1004 1640 1196 1706 libros,
1228 1648 1525 1710 postremas
1550 1638 1700 1710 ponit
1729 1648 1837 1694 tres
1862 1638 2075 1708 Episto-

493 1736 571 1791 las
597 1734 912 1807 catbolicas,
939 1744 984 1789 et
1008 1745 1106 1790 tres
1123 1751 1185 1789 ea:
1204 1733 1463 1788 catholicis
1489 1731 1753 1803 Epistolis.
1780 1729 2074 1787 Catholicae

488 1836 668 1891 autem
713 1835 838 1882 sunt
882 1825 1133 1897 Epistola:
1176 1834 1415 1896 septem,
1461 1839 1683 1893 quarum
1723 1832 1831 1878 tres
1871 1830 2074 1876 tantum

487 1926 733 1988 tempore
769 1916 1137 1988 Cltrysostomi
1182 1917 1234 1971 in
1262 1916 1499 1971 Ecclesia
1532 1914 1893 1981 Antiochcna,
1922 1913 2075 1984 cujus

487 2010 579 2066 ilie
604 2009 882 2080 presbyter
905 2018 1056 2076 erat,
1086 2008 1499 2077 recipiebantur.
1529 2006 1661 2061 Nam
1692 2007 1812 2062 licet
1836 2005 2073 2077 Epistola

490 2100 723 2173 secunda
743 2100 928 2165 Petri,
960 2100 1192 2154 secunda
1220 2111 1272 2155 et
1298 2100 1449 2154 tertia
1480 2099 1700 2156 Joannis
1719 2140 1735 2166 ,
1762 2106 1921 2169 atque
1942 2097 2071 2169 Epi-

487 2191 625 2249 stola
666 2191 732 2247 Β.
770 2190 920 2247 Judze
963 2190 1189 2260 apostoli
1219 2190 1359 2245 inter
1381 2200 1748 2246 sacrosanctae
1772 2199 1826 2245 et
1850 2188 2072 2243 canoni-

487 2299 582 2339 cas
594 2281 907 2355 Scripturas
928 2298 959 2339 a
975 2282 1157 2339 multis
1176 2282 1284 2353 jam
1312 2282 1524 2338 saeculis
1550 2297 1645 2353 per
1671 2291 1836 2337 totam
1854 2281 2074 2339 omnino

490 2375 785 2435 Ecolesiam
811 2375 1135 2445 recipiantur
1151 2415 1166 2438 ,
1198 2375 1461 2445 prioribus
1481 2383 1656 2432 tamen
1686 2375 1943 2433 Ecclesiae
1967 2390 2072 2435 satv-

488 2467 623 2525 culis
662 2469 777 2524 istae
799 2476 1028 2540 quatuor
1058 2468 1309 2537 Epistola:
1338 2482 1444 2524 non
1472 2468 1525 2524 in
1551 2467 1800 2525 omnibus
1824 2468 2072 2527 Ecelesiis

490 2569 550 2614 ut
589 2559 859 2615 canonica:
900 2557 1320 2615 admittebantur
1365 2576 1379 2611 :
1420 2558 1665 2628 quaedam
1711 2558 1855 2615 enim
1884 2567 2069 2624 erant,

489 2650 591 2705 etsi
635 2665 849 2718 paucae,
899 2664 1019 2718 quae
1060 2648 1177 2704 illas
1221 2664 1325 2705 non
1369 2648 1756 2716 admittebant,
1796 2659 1854 2707 ut
1893 2650 2073 2708 videas

491 2745 629 2813 apud
673 2744 878 2799 Sixtum
918 2743 1218 2801 Senensem
1241 2744 1379 2800 libro
1406 2746 1576 2815 primo
1598 2749 1658 2804 in
1684 2745 1792 2800 line
1818 2744 2071 2801 sectionis

490 2835 759 2893 secundae.
785 2836 888 2892 Sed
915 2852 946 2892 a
969 2838 1196 2893 maxima
1224 2836 1508 2894 Orientalis
1536 2837 1785 2893 Ecclesiae
1810 2847 1988 2908 parte,
2019 2847 2074 2892 et

490 2943 520 2982 a
565 2937 676 2985 toto
715 2943 850 2999 pene
882 2928 1176 2985 Occidente
1212 2930 1353 2985 inter
1386 2930 1674 2986 canonicos
1693 2930 1858 2986 libros
1882 2945 2070 2987 cense-

490 3019 716 3087 bantur;
756 3021 896 3078 inter
921 3021 1087 3078 libros
1114 3020 1362 3077 videlicet
1391 3021 1630 3087 divinos,
1659 3022 1916 3077 canonice
1940 3023 2073 3077 seri.

491 3120 609 3178 Plus
631 3150 646 3175 ,
686 3112 919 3172 traditos
955 3119 1011 3169 et
1035 3111 1302 3179 creditos,
1332 3112 1501 3182 inquit
1524 3127 1746 3182 magnus
1770 3112 1860 3169 ille
1887 3113 2071 3168 Eccle-

489 3202 583 3255 siae
627 3216 803 3271 praeco
842 3202 1163 3258 Athanasius
1186 3244 1200 3267 ,
1243 3203 1330 3273 qui
1371 3202 1660 3259 catholicas
1698 3204 1963 3274 Epistolas
1987 3220 2073 3259 se.

490 3301 634 3361 ptent
666 3293 736 3355 in
783 3294 991 3372 illorum
1040 3310 1265 3359 numero
1317 3297 1474 3351 locat.
1503 3297 1573 3350 At
1617 3297 1857 3357 Ecclesia
1884 3297 2070 3351 Antio-

488 3383 658 3438 cltena
681 3395 908 3454 quatuor
937 3386 1054 3442 illas
1081 3400 1239 3455 supra
1269 3395 1590 3441 memoratas
1618 3386 1886 3456 Epistolas
1911 3385 2071 3441 Joan-

490 3476 574 3531 nis
619 3475 985 3546 Chrysostomi
1035 3484 1274 3546 tempore
1316 3493 1422 3531 non
1457 3476 1796 3545 admittebat,
1824 3478 1933 3532 imo
1957 3475 2069 3548 pri-

488 3566 613 3620 stini
653 3574 809 3621 tenax
856 3567 1148 3636 propositi,
1192 3582 1258 3622 ne
1286 3576 1527 3637 tempore
1549 3567 1761 3638 quidem
1789 3567 2070 3623 Justiniani

490 3658 831 3729 Imperatoris
877 3660 993 3715 illas
1033 3659 1210 3716 adhuc
1252 3660 1635 3730 adoptaverat;
1663 3659 1715 3716 id
1739 3661 1880 3733 quod
1908 3660 2070 3732 Syro-

490 3765 609 3805 rum
634 3752 905 3821 pr0priutn
931 3760 1047 3806 erat
1066 3791 1080 3813 ,
1108 3760 1167 3806 ut
1186 3750 1344 3809 modo
1363 3750 1676 3807 videbimus.

558 3841 712 3911 Quod
746 3851 926 3899 autem
967 3841 1203 3898 Ecclesia
1229 3842 1558 3897 Antiochena
1578 3840 1867 3898 secundam
1886 3850 1944 3898 et
1966 3851 2069 3896 ter-

492 3935 617 3987 tiam
661 3933 879 3990 Joannis
921 3950 1028 3989 non
1068 3935 1364 4013 reciperet,
1394 3933 1445 3989 id
1472 3933 1673 4004 liquido
1695 3934 2070 4009 comprobatur

492 4042 556 4081 ex
583 4026 812 4082 Homilia
841 4041 961 4082 mox
988 4026 1214 4094 edenda,
1246 4040 1403 4096 quam
1428 4026 1574 4097 prior
1598 4025 1882 4096 publicavit
1903 4025 2068 4081 Joan-

493 4119 575 4172 nis
602 4118 966 4201 Chrysostomi
996 4119 1211 4173 nomine
1234 4117 1530 4174 Cotelerius
1549 4158 1565 4183 ,
1590 4133 1857 4189 quamque
1881 4117 2072 4187 proba.

484 4224 611 4266 mus
636 4209 688 4265 in
711 4209 907 4265 Μυηίιο
928 4209 1065 4265 inl'ra
1093 4227 1197 4266 non
1219 4210 1583 4282 Chrysostomi
1609 4224 1749 4277 esse,
1775 4209 1870 4265 sed
1892 4209 2069 4279 cujus-

488 4301 612 4356 dam
660 4300 958 4372 presbyteri
982 4301 1297 4357 Antiocheni
1336 4301 1476 4357 illius
1494 4301 1592 4355 aevi
1613 4315 1795 4355 coram
1817 4299 2070 4357 Flaviano

491 4392 743 4461 episcopo
768 4392 1156 4447 concionantis.
1187 4391 1242 4446 In
1269 4392 1369 4447 hac
1388 4392 1547 4461 igitur
1566 4390 1814 4458 Homilia,
1836 4404 1985 4445 num.
2011 4389 2068 4458 6,

490 4483 558 4536 de
582 4480 804 4536 Joannis
828 4482 1167 4553 evangelista:
1195 4481 1432 4551 Epistola
1454 4481 1687 4537 secunda
1708 4491 1763 4537 et
1787 4481 1938 4536 tertia
1957 4480 2072 4537 haec

493 4572 746 4627 dicuntur
775 4589 790 4625 :
826 4591 846 4625 ι
886 4570 1029 4627 Idem
1056 4571 1147 4627 ille
1171 4586 1369 4642 praeco,
1400 4572 1492 4642 qui
1515 4570 1630 4626 haec
1652 4571 1992 4641 praedicavit,
2016 4571 2068 4626 in

491 4663 728 4734 Epistola
775 4678 868 4718 sua
916 4661 1098 4719 scribit
1130 4679 1142 4714 :
1172 4663 1339 4732 prima
1379 4670 1556 4717 autem
1580 4661 1816 4730 Epistola
1848 4663 1985 4718 inter
2007 4677 2068 4717 ea

491 4772 611 4826 qua:
650 4757 702 4811 in
758 4755 993 4812 Ecclesia
1048 4753 1412 4822 recipiuntur,
1473 4768 1577 4807 non
1608 4753 1746 4808 inter
1767 4754 2069 4825 apocrypha

494 4854 812 4903 recensetur
840 4865 861 4901 τ
907 4861 1030 4901 nam
1070 4844 1359 4900 secundam
1402 4854 1457 4899 et
1483 4845 1687 4898 tertiam
1717 4851 1891 4913 patres
1918 4855 2069 4899 extra

492 4950 750 4994 canonetn
773 4947 1003 5009 ponunt;
1022 4938 1243 5005 primam
1263 4949 1387 4991 vero
1406 4934 1694 5006 Epistolam
1710 4933 1929 4990 Joannis
1951 4949 2070 4991 esse

493 5037 681 5085 omnes
708 5032 1065 5087 consentiunt.
1094 5047 1118 5082 θ
1154 5029 1287 5084 Hinc
1316 5027 1465 5084 vides
1483 5027 1769 5083 secundam
1789 5035 1844 5086 et
1862 5028 2069 5083 tertiam

493 5120 713 5176 Joannis
739 5122 1026 5192 Epistolam
1053 5130 1193 5177 inter
1210 5120 1495 5177 eanonicas
1514 5118 1809 5175 Antiochiae
1835 5134 1940 5174 non
1972 5117 2071 5173 Ita-

494 5213 628 5269 bitas
696 5212 876 5269 fuisse.
903 5213 1200 5270 Secundam
1230 5214 1357 5270 item
1384 5213 1561 5279 Petri,
1585 5222 1640 5268 et
1669 5210 1958 5282 Epistolam
1979 5211 2072 5268 Ju-

493 5305 578 5360 dte
605 5303 1079 5376 apostoli,perinde
1102 5315 1262 5375 atque
1288 5305 1575 5362 secundam
1602 5314 1657 5361 et
1684 5305 1891 5361 tertiam
1913 5303 2072 5360 Joan-

492 5398 578 5453 nis
598 5438 613 5463 ,
638 5413 667 5451 a
689 5396 837 5469 Syris
860 5437 877 5465 ,
899 5407 1059 5468 atque
1076 5398 1210 5453 adeo
1229 5399 1296 5454 ab
1320 5398 1665 5454 Antiocheais
1688 5412 1794 5453 non
1815 5395 2072 5454 admissas

492 5489 661 5545 luisse
697 5489 898 5544 diserte
936 5488 1090 5545 docet
1119 5488 1340 5545 Cosmas
1370 5488 1648 5562 [Egyptius
1669 5531 1686 5557 ,
1712 5488 1804 5558 qui
1831 5498 2072 5560 tempore

494 5579 777 5637 Justiniani
795 5580 1136 5650 imperatoris
1151 5580 1432 5636 scribebat.
1456 5581 1607 5635 Hunc
1625 5580 1939 5649 scriptorem
1959 5581 2071 5635 edi-

494 5671 669 5727 dimus
705 5686 847 5727 anno
876 5672 1033 5727 1706.
1066 5671 1155 5727 Sic
1177 5680 1354 5727 autem
1384 5670 1543 5726 habet
1569 5687 1620 5740 p.
1648 5668 1784 5735 2'92,
1818 5670 1979 5725 multa
2004 5670 2073 5725 de

490 5762 768 5819 catholicis
806 5763 1058 5835 Epistolis
1103 5774 1158 5822 et
1197 5765 1264 5821 de
1291 5779 1472 5821 earum
1501 5762 1813 5818 auctoritate
1837 5772 1959 5818 ante
1984 5764 2067 5817 lo-

1734 324 2053 381 DIATRIBA
2098 323 2159 378 IN
2192 323 2546 380 ‘SYNOPSIN.

3585 353 3667 419 30's

2184 450 2379 507 quulus
2412 458 2424 494 :
2464 459 2481 492 ι
2523 442 2672 513 Apud
2706 444 2867 516 Syro:
2896 455 3071 502 autent
3099 465 3198 506 non
3228 453 3316 508 nisi
3344 466 3436 512 tres
3459 467 3674 531 pra-dicta;

2185 534 2557 599 reperiuntur;
2586 534 2831 593 videlicet
2866 536 3047 593 Jacobi
3068 578 3083 603 ,
3110 541 3245 599 Petri
3269 555 3319 602 et
3339 547 3528 610 Joannis
3551 574 3563 611 :
3583 560 3677 618 alia

2184 625 2379 704 quippe
2425 642 2586 696 penes
2630 629 2749 686 illos
2797 646 2863 686 ne
2905 632 3118 701 quidem
3155 635 3410 696 habentur.
3436 644 3678 711 Perfectum

2186 715 2362 787 itaque
2400 718 2757 779 Christianum
2801 722 2974 781 dubiis
3013 726 3159 782 inniti
3201 744 3299 786 non
3338 745 3561 807 oportet,
3584 756 3680 800 cum

2183 823 2262 864 cae
2289 809 2576 881 Scriptura:
2597 854 2616 880 ,
2646 829 2766 883 qua:
2792 814 2846 869 in
2870 830 3078 879 canone
3102 821 3335 889 repositae
3351 862 3369 891 ,
3392 833 3443 880 et
3457 828 3577 896 apud
3592 846 3684 887 om-

2185 916 2280 955 nes
2311 903 2360 956 in
2374 901 2624 960 confesso
2637 914 2782 973 sunt,
2805 908 2981 962 omnia
2996 909 3125 964 satis
3143 911 3415 971 declarent.
3428 936 3445 970 ι
3468 917 3584 975 Hinc
3600 938 3685 978 ma.

2184 992 2376 1050 nil‘cste
2406 992 2555 1052 vides
2582 997 2742 1052 etiam
2768 1006 3009 1068 tempore
3028 999 3301 1060 Justiniani
3320 1004 3623 1075 imperatoris
3640 1029 3689 1069 es

2182 1083 2457 1142 catholicis
2473 1086 2579 1144 illis
2599 1088 2851 1159 Epistolis
2876 1092 3085 1148 nonnisi
3112 1103 3215 1149 tres
3232 1095 3362 1164 apud
3385 1097 3548 1169 Syros,
3566 1114 3689 1173 atque

2181 1177 2315 1233 adeo
2342 1179 2395 1234 in
2426 1179 2661 1237 Ecclesia
2687 1182 3015 1239 Antiochena
3036 1224 3052 1251 ,
3076 1196 3310 1255 receptas
3332 1186 3504 1245 (insse.

2252 1269 2387 1325 iline
2423 1271 2582 1342 igitur
2604 1274 2777 1344 palam
2802 1283 2885 1330 est
2912 1276 3053 1330 hunc
3076 1275 3392 1347 Scriptorem
3415 1319 3429 1344 ,
3457 1295 3595 1351 quem
3609 1282 3692 1352 jam

2181 1359 2234 1414 in
2266 1361 2532 1431 publicum
2562 1364 2854 1421 emittimus
2874 1405 2890 1432 ,
2915 1365 3111 1436 quique
3138 1376 3243 1423 tres
3272 1377 3463 1426 tantum
3480 1371 3699 1442 Epistolas

2179 1454 2471 1510 catholicas
2536 1457 2648 1512 sive
2706 1458 2992 1513 canonicas
3046 1459 3315 1527 admittit,
3366 1463 3698 1520 Antiochenam

2178 1560 2299 1601 esse
2322 1562 2336 1612 ;
2364 1545 2582 1618 jamque
2609 1547 2732 1604 hinc
2753 1549 2983 1620 aliquam
3015 1551 3168 1607 titulo
3187 1554 3451 1609 conciliari
3474 1555 3610 1612 tidem
3627 1599 3641 1623 ,
3660 1559 3700 1612 in

2179 1652 2286 1708 quo
2328 1637 2525 1695 dicitur
2563 1654 2686 1696 esse
2721 1639 2944 1698 Joannis
2967 1639 3357 1715 Chrysostomi.
3384 1645 3449 1701 Et
3473 1662 3583 1703 vere
3606 1664 3703 1704 san-

2177 1740 2296 1786 ctus
2320 1729 2407 1787 hic
2433 1731 2644 1800 doctor,
2673 1734 2763 1805 qui
2786 1734 3076 1806 Scriptum
3101 1751 3273 1793 sacra:
3300 1738 3455 1795 libros
3478 1754 3641 1797 omnes
3660 1741 3705 1795 in

2178 1822 2424 1879 llomiliis
2471 1825 2586 1881 suis
2629 1826 2845 1883 adhibet
2868 1868 2883 1889 .
2913 1837 3142 1895 quatuor
3169 1830 3373 1885 illarum
3400 1830 3707 1902 Epistolarum

2179 1911 2293 1967 loca
2334 1928 2590 1984 nusquam
2636 1914 2829 1981 aﬂ‘ert;
2880 1926 2974 1973 aut
3016 1918 3209 1974 saltem
3239 1920 3527 1990 huiusmodi
3553 1922 3709 1976 locata

2178 2004 2295 2072 ejus
2337 2006 2547 2075 scriptis
2592 2006 2829 2065 nondum
2871 2008 3244 2078 deprehendi:
3275 2012 3476 2068 etiamsi
3504 2027 3616 2068 vero
3638 2014 3711 2068 de-

2180 2095 2638 2166 prehenderentur
2667 2140 2681 2162 ,
2739 2114 2842 2155 non
2888 2111 3063 2157 tamen
3118 2102 3244 2159 inde
3288 2114 3582 2174 sequeretur
3618 2119 3713 2159 eam

2176 2186 2464 2257 Scriptura:
2507 2198 2710 2258 partem
2738 2191 3050 2248 canonicam
3071 2190 3261 2249 haberi
3296 2211 3310 2247 :
3344 2209 3460 2250 nam
3488 2194 3583 2250 illis
3609 2204 3716 2250 tent-

2174 2281 2394 2351 poribus
2419 2296 2523 2335 non
2551 2296 2716 2352 paut-a
2744 2293 2896 2340 erant
2924 2286 2973 2340 in
3003 2286 3326 2356 quibusdam
3348 2288 3605 2354 Ecclesiis,
3620 2303 3718 2357 qua

2176 2372 2484 2443 legebantur
2527 2374 2774 2442 quidem,
2818 2374 2913 2432 sed
2956 2379 3216 2433 canenica
3257 2394 3378 2436 esse
3416 2395 3515 2434 non
3549 2389 3723 2447 reputa.

2178 2464 2389 2521 bantur.
2469 2465 2789 2522 Monendum
2837 2477 3014 2523 autem
3058 2469 3318 2527 existimo
3342 2511 3357 2535 ,
3382 2470 3550 2526 locum
3571 2470 3721 2525 haberi

2177 2557 2403 2612 llomilia
2440 2566 2586 2614 sexta
2626 2557 2847 2615 Joannis
2889 2559 3269 2633 Chrysostomi
3313 2564 3365 2618 in
3396 2564 3661 2631 Genesim,
3685 2580 3727 2631 ι).

2174 2648 2245 2704 40
2275 2648 2536 2704 Etlitionis
2572 2659 2800 2716 nostrae,
2840 2651 2926 2707 ubi
2955 2652 3035 2709 sic
3058 2653 3261 2724 legitur
3288 2671 3308 2712 :
3337 2653 3391 2709 li
3418 2671 3528 2710 vero
3552 2656 3630 2722 qui
3648 2655 3727 2708 ati-

2174 2738 2378 2807 quando
2406 2754 2462 2794 se
2487 2739 2540 2795 iu
2564 2739 2755 2795 diaboli
2784 2743 2910 2797 retia
2937 2744 3178 2814 injiciunt
3198 2787 3216 2813 ,
3243 2745 3457 2803 curribus
3475 2762 3735 2815 comparan-

2175 2838 2258 2882 tur
2283 2845 2316 2885 α
2346 2829 2616 2901 Scriptura
2639 2833 2810 2887 divina
2839 2849 2860 2888 :
2888 2834 3060 2890 llomo
3089 2837 3244 2893 enim
3272 2878 3288 2902 ,
3313 2838 3503 2910 inquit,
3531 2840 3614 2908 qui
3634 2852 3738 2892 cono

2178 2923 2401 2978 vertitur
2441 2937 2472 2978 a
2516 2934 2733 2992 peccato
2774 2939 2868 2979 suo
2888 2966 2908 2990 ,
2935 2934 2992 2981 et
3019 2927 3227 2983 iterum
3256 2930 3311 2984 in
3343 2928 3567 2999 idipsum
3594 2927 3740 2991 redit,

2176 3015 2367 3070 similis
2391 3024 2476 3071 est
2496 3015 2621 3071 cani
2649 3015 2716 3071 ad
2738 3017 2993 3073 vomitum
3022 3019 3308 3077 redeunti.
3343 3021 3421 3076 lbi
3444 3036 3567 3078 vero
3594 3035 3677 3074 nos
3703 3020 3742 3072 in

2176 3108 2414 3177 margine
2453 3107 2628 3162 locum
2649 3107 2995 3165 indicavimus
3020 3109 3056 3164 2
3082 3109 3244 3168 Petri
3270 3110 3329 3178 2,
3360 3112 3435 3167 22
3461 3130 3477 3170 :
3507 3121 3559 3167 at
3580 3111 3666 3167 etsi
3691 3108 3749 3164 ili

2175 3197 2241 3252 de
2267 3212 2398 3253 cane
2418 3197 2486 3254 ad
2513 3198 2769 3254 vomitum
2796 3215 3022 3256 reverso
3045 3213 3268 3272 agatur,
3297 3217 3506 3259 certum
3535 3212 3613 3257 est
3635 3201 3750 3256 hunc

2176 3289 2349 3344 locum
2378 3289 2442 3344 ad
2475 3292 2761 3346 secundam
2793 3291 2936 3347 Petri
2965 3293 3281 3365 Epistolam
3314 3311 3423 3351 non
3451 3292 3754 3351 referendum

2175 3395 2326 3448 esse,
2367 3380 2460 3436 sed
2489 3383 2556 3436 ad
2584 3382 2989 3438 Proverbiorum
3014 3384 3226 3441 librum
3254 3428 3271 3452 ,
3303 3402 3430 3457 cap.
3456 3386 3556 3452 26,
3588 3402 3635 3439 v.
3666 3382 3752 3448 ll‘,

2174 3483 2334 3545 atque
2358 3472 2493 3528 adeo
2517 3473 2860 3544 marginalem
2885 3484 3065 3530 notam
3086 3477 3178 3532 sic
3210 3478 3603 3535 restituendam
3620 3491 3724 3533 esse
3742 3516 3757 3541 ,

2179 3562 2338 3618 Prov.
2363 3564 2454 3619 ‘26.
2488 3566 2546 3620 ll
2585 3564 2683 3639 (ιι).
2713 3565 2810 3622 ilic
2828 3567 3235 3625 animadvertas
3262 3572 3452 3636 velim,
3474 3570 3760 3640 Chrysosto~

2175 3671 2319 3711 mum
2362 3656 2767 3713 concionantem
2809 3658 2895 3715 hic
2919 3668 2973 3715 et
2997 3663 3324 3720 sexcenties
3346 3663 3478 3718 alibi
3502 3662 3769 3735 Scriptura:

2172 3748 2286 3803 loca
2313 3788 2328 3812 ,
2380 3758 2537 3818 prout
2577 3750 2849 3805 memorias
2888 3764 3010 3806 sese
3042 3751 3372 3809 olferebant
3393 3795 3408 3819 ,
3442 3753 3765 3824 allegavisse,

2175 3838 2436 3911 longeque
2463 3840 2674 3897 diverso
2695 3857 2725 3895 a
2754 3841 3041 3912 Scriptura:
3059 3852 3227 3899 textu
3246 3844 3440 3901 modo.
3472 3844 3643 3900 Locus
3659 3854 3769 3911 ergo

2173 3930 2495 4001 Seripturzc,
2527 3949 2687 4004 quem
2718 3933 2805 3988 hic
2831 3935 3050 4005 respicit
3072 3935 3547 4011 Chrysostomus,
3569 3947 3649 3993 est
3672 3948 3773 3989 ves-

2173 4023 2375 4080 siculus
2413 4024 2503 4079 ille
2542 4024 2948 4080 Proverbiorum
2968 4068 2985 4095 ,
3011 4042 3181 4096 quem
3212 4029 3314 4085 ille
3338 4045 3447 4100 pro
3473 4043 3624 4085 more
3644 4035 3697 4083 et
3716 4022 3775 4078 ad

2172 4132 2325 4173 suum
2354 4130 2575 4188 scopum
2610 4116 2946 4173 concinnavit
2965 4158 2982 4185 ,
3012 4128 3069 4174 ut
3091 4119 3167 4175 ad
3195 4131 3431 4192 captum
3462 4120 3632 4193 plebis
3652 4125 3778 4175 esset

2172 4208 2624 4265 accommodatior
2664 4225 2680 4269 ;
2730 4210 2808 4264 sic
2846 4220 3026 4265 autem
3053 4210 3229 4267 habet
3260 4214 3323 4267 in
3349 4228 3460 4268 ιιι
3490 4208 3779 4281 interpreti-

2174 4301 2273 4356 bus
2301 4316 2317 4355 :
2351 4299 2498 4356 Sicut
2524 4300 2665 4356 canis
2689 4316 2805 4355 cum
2826 4316 3053 4356 reversus
3070 4312 3150 4357 est
3171 4304 3253 4357 ad
3272 4306 3537 4361 vomitum
3564 4319 3726 4365 must,
3745 4309 3785 4354 et

2173 4398 2377 4452 odiosus
2408 4406 2481 4451 est
2514 4395 2748 4462 e/fectus,
2782 4397 2856 4449 sic
2886 4397 3071 4451 stultus
3106 4401 3329 4452 malitia
3359 4415 3463 4454 sua
3485 4411 3708 4453 rerum
3727 4392 3785 4445 σά

2173 4498 2429 4559 peccatum
2476 4504 2644 4542 suum.
2689 4487 2824 4543 Cum
2868 4487 2971 4543 hoc
2998 4488 3119 4544 loco
3145 4506 3403 4560 prorsus
3428 4499 3695 4548 consonat
3717 4488 3795 4541 ille

2173 4593 2366 4647 supra;
2412 4578 2479 4634 ad
2518 4577 2770 4649 Epistolze
2809 4595 2936 4635 vero
2976 4582 3247 4638 secunda:
3300 4583 3461 4639 Petri
3489 4582 3668 4637 locum
3697 4591 3793 4632 non

2176 4672 2396 4741 perinde
2431 4672 2692 4742 quadrat;
2731 4672 2810 4729 sic
2849 4688 3009 4743 porro
3032 4673 3120 4728 ille
3153 4674 3342 4732 habet
3373 4694 3390 4730 :
3418 4674 3657 4745 Contigit
3672 4673 3801 4727 cuius

2173 4767 2244 4819 eis
2281 4765 2412 4818 illud
2450 4765 2552 4819 veri
2590 4765 2833 4835 proverbii
2870 4781 2889 4820 :
2921 4766 3061 4820 canis
3084 4780 3344 4821 reversus
3373 4776 3447 4820 ad
3474 4782 3628 4821 suum
3654 4761 3801 4818 oonsi-

2174 4866 2318 4922 tum;
2347 4866 2427 4921 et,
2455 4872 2541 4911 sus
2565 4856 2670 4910 tota
2698 4858 2752 4910 in
2780 4856 3042 4911 volutabra
3066 4856 3194 4913 luti.
3229 4856 3483 4914 Certum
3514 4859 3695 4927 itaque
3719 4868 3807 4910 ex~

2176 4951 2542 5019 ploratumque
2583 4956 2668 5005 est
2709 4948 2882 5004 locum
2925 4948 3329 5021 Cbrysostomi
3376 4967 3497 5006 non
3541 4950 3685 5004 hcine
3723 4960 3803 5002 se-

2172 5043 2361 5101 cundm
2388 5044 2531 5100 Petri
2558 5043 2877 5099 versiculum
2900 5043 3173 5113 respicere
3193 5082 3215 5109 ,
3252 5044 3365 5100 sed
3400 5045 3567 5100 illum
3592 5044 3812 5099 Prover-

2176 5139 2403 5194 biurum.
2432 5137 2799 5206 Quamquam,
2822 5145 2880 5194 ut
2906 5134 3014 5189 dixi
3032 5175 3049 5199 ,
3078 5135 3193 5188 etsi
3225 5136 3499 5191 secunda
3527 5136 3623 5190 Pet
3635 5136 3678 5187 ri
3697 5128 3810 5199 Epi-

2174 5232 2310 5285 stola
2350 5230 2635 5299 aliquando
2681 5242 2806 5282 usus
2851 5235 2996 5281 esset
3021 5224 3534 5295 Cbrysostomus,
3564 5235 3676 5282 non
3701 5218 3819 5276 inde

2177 5333 2350 5376 tamen
2384 5328 2696 5389 sequeretur
2721 5318 2861 5373 illam
2892 5317 2976 5373 vel
3001 5316 3068 5372 ab
3091 5330 3159 5370 se
3183 5320 3285 5372 vel
3319 5317 3402 5373 ab
3432 5316 3687 5374 Ecclesia
3711 5313 3819 5368 An-

2238 5502 2311 5565 (ιι)
2346 5507 2394 5549 lu
2418 5500 2506 5565 hac
2520 5509 2683 5565 nostra
2706 5498 2940 5565 Editione.
2957 5503 3092 5565 from.
3120 5500 3222 5565 IV,_
3243 5496 3357 5548 col.
3388 5499 3485 5550 55.
3525 5498 3616 5548 ubi

2174 5552 2381 5613 occurrit
2418 5562 2553 5612 locus
2573 5561 2637 5611 de
2672 5574 2769 5623 quo
2790 5559 2870 5609 hic
2890 5560 3074 5623 agitur,
3100 5552 3308 5623 verba,
3668 5552 3837 5623 sinitis

2174 5632 2244 5676 est
2266 5624 2392 5690 cani,
2418 5632 2535 5683 etc.,
2555 5636 2657 5690 non
2689 5616 2775 5690 'ad
2805 5616 3071 5690 secundam.
3088 5621 3241 5669 Petri
3283 5616 3625 5690 Epistotam,_
3650 5618 3742 5690 sed
3785 5616 3841 5665 ad

2177 5682 2400 5736 Proverb.
2423 5682 2527 5747 cap.
2553 5684 2630 5744 26,
2656 5698 2703 5735 v.
2727 5686 2801 5743 ll,
2828 5691 2907 5731 PP.
2932 5682 3283 5731 laminarum
3313 5682 3568 5734 errorem
3590 5682 3827 5732 decimam

2176 5756 2272 5809 tes,
2292 5748 2638 5798 revocavimus.
2839 5751 2894 5794 u.

3906 294 3932 348 δέ

3909 423 3932 461 tt

3910 516 3932 565 ε

3908 605 3932 639 ω

3906 693 3932 733 s

3924 778 3932 825 t

3909 868 3931 917 is

3909 974 3931 1009 ἒ

3910 1058 3932 1098 at

3914 1156 3932 1189 Ε

3914 1248 3932 1280 L'

3912 1340 3931 1375 ,ι

3914 1428 3931 1461 4

3910 1522 3931 1551 nl

3882 888 3891 1059 l

3914 1720 3917 1729 η
3927 1683 3932 1733 i

3929 2342 3931 2371 l

3928 3346 3931 3417 ‘
