3962 6190
203 301 306 360 3.09

201 416 438 471 tiochena
460 457 475 482 ,
512 423 570 470 ut
597 415 906 469 canonicam
938 412 1222 484 adntissattt
1257 411 1436 468 fuisse.
1466 414 1597 467 llinc
1620 429 1790 484 porro

200 506 448 578 liquidum
491 516 575 563 est
615 516 886 562 auctorem
912 505 1214 576 Synopseos
1238 521 1358 561 esse
1385 507 1466 561 vel
1493 508 1776 563 Antioche-

199 614 317 651 num
347 597 430 653 vel
457 599 645 653 saltent
674 597 872 669 Syrum
897 639 913 660 ,
940 607 1099 667 atque
1118 639 1132 662 ,
1158 605 1217 651 ut
1241 596 1343 653 fert
1371 598 1573 659 titulus,
1601 599 1773 666 Chry-

195 700 480 746 sostomum
505 706 522 757 ;
553 690 692 759 quod
725 700 779 744 et
807 690 924 744 aliis
943 689 1257 759 probabitur
1275 691 1622 760 argumentis.

262 783 417 838 Aliud
446 792 818 856 argumentum
842 784 966 838 inde
991 784 1252 849 sumitur,
1279 785 1419 854 quod
1448 785 1586 840 ittter
1609 800 1768 838 cano-

195 877 337 932 uicos
361 875 651 945 Scriptura:
680 877 846 931 libros
869 919 886 944 ,
913 893 1048 947 quos
1070 877 1215 932 solos
1238 878 1289 932 in
1315 878 1423 932 line
1445 878 1773 934 Protltcorite

191 985 296 1024 suae
320 979 512 1024 auctor
541 979 723 1024 noster
751 979 1014 1036 recenset,
1047 969 1394 1040 Apocalypsis
1421 985 1526 1024 non
1552 985 1772 1040 compa-

192 1069 316 1114 reat.
340 1059 421 1116 Ne
450 1075 578 1115 vero
606 1069 820 1131 putetur
846 1076 962 1114 eam
992 1061 1138 1131 lapsu
1163 1061 1418 1132 grapltico
1448 1064 1771 1132 praetermis-

189 1167 298 1205 sam
337 1151 539 1216 fuisse,
571 1161 714 1206 vetat
757 1151 1056 1207 scholiastre
1099 1151 1375 1221 cujusdam
1418 1161 1539 1206 nota
1571 1153 1768 1223 margi-

189 1244 315 1296 nalis
341 1285 359 1307 ,
385 1258 507 1311 qua:
530 1243 608 1298 sic
637 1242 830 1307 habet,
857 1241 995 1297 Nota
1023 1244 1188 1312 ipsum
1212 1259 1311 1296 non
1338 1259 1616 1296 memorare
1637 1245 1770 1314 Apo-

186 1334 434 1404 calypsin.
477 1333 825 1404 Apocalypsis
861 1334 1002 1389 enim
1043 1334 1231 1403 priscis
1271 1333 1521 1388 Ecclesiae
1561 1335 1769 1388 satculis

187 1441 284 1480 non
314 1425 374 1480 in
415 1426 663 1480 omnibus
693 1425 946 1479 Ecclesiis
975 1425 1363 1494 recipiebatur,
1395 1435 1452 1479 ut
1480 1425 1628 1478 aiunt
1658 1426 1769 1479 Eu-

186 1517 361 1572 sebius
385 1559 402 1582 ,
433 1516 790 1588 Hieronymus
828 1516 896 1572 de
934 1516 1194 1586 Scriptor.
1230 1517 1434 1572 Eccles.
1461 1533 1476 1582 ;
1508 1516 1770 1586 Nicepho-

186 1623 268 1660 rus
297 1621 431 1661 vero
462 1607 758 1675 patriarcha
790 1607 841 1660 in
871 1606 1128 1677 Catalogo
1153 1622 1252 1661 suo
1271 1648 1286 1672 ,
1316 1623 1472 1677 quem
1501 1607 1768 1664 edidimus

186 1702 232 1750 in
271 1697 602 1752 Bibliotheca
632 1696 952 1752 Coisliniana
975 1739 989 1762 ,
1022 1713 1075 1768 p.
1106 1697 1247 1764 205,
1281 1699 1422 1753 illam
1466 1699 1603 1754 inter
1639 1715 1767 1770 apo-

185 1791 373 1861 erypha
407 1800 652 1846 recenset
675 1831 690 1854 ,
725 1799 780 1845 tit
805 1799 859 1844 et
885 1791 1020 1844 alius
1048 1791 1139 1860 qui
1170 1790 1302 1846 infra
1330 1792 1382 1846 in
1408 1801 1531 1846 nota
1556 1808 1764 1848 memo-

184 1884 378 1936 rabitur
403 1899 417 1934 :
447 1897 632 1936 verum
659 1891 840 1951 patres
865 1897 1052 1937 omnes
1082 1883 1330 1953 praecipui
1357 1926 1374 1950 ,
1403 1885 1726 1941 Athanasius
1745 1929 1761 1955 ,

185 1973 436 2039 Basilius,
464 1973 754 2043 Gregorius
779 1973 1142 2029 Nazianzenus
1162 2017 1177 2041 ,
1209 1983 1454 2045 totusque
1479 1978 1760 2045 Occidens,

183 2074 237 2117 ut
263 2064 554 2134 legitimum
581 2065 801 2120 Joannis
829 2067 1053 2136 apostoli
1081 2081 1214 2135 opus
1233 2108 1248 2133 ,
1275 2075 1330 2122 et
1357 2077 1412 2122 ut
1453 2071 1762 2126 canonicam

184 2158 506 2226 Scripturam
529 2159 763 2213 habuere
787 2176 802 2214 :
828 2159 1149 2229 demumque
1172 2175 1266 2229 per
1289 2168 1448 2214 totam
1472 2162 1759 2218 Ecclesiam

181 2261 292 2304 tum
320 2249 555 2305 Graecam
587 2259 696 2304 tum
728 2249 969 2304 Latinam
999 2251 1052 2304 in
1081 2266 1285 2306 canone
1325 2267 1599 2307 sacrorum
1628 2253 1763 2308 divi-

175 2358 470 2411 norumque
498 2343 754 2397 librorum
785 2351 998 2412 recepta
1033 2350 1134 2398 est.

240 2437 493 2489 Attamen
522 2436 572 2489 iu
607 2435 706 2490 hac
731 2436 961 2506 Synopsi
989 2435 1336 2508 Apocalypsis
1365 2453 1469 2491 non
1497 2454 1758 2492 memora-

167 2536 283 2590 tur,
317 2537 369 2580 et
404 2536 659 2580 monente
701 2527 984 2580 scholiasta
1009 2569 1026 2592 ,
1059 2528 1108 2582 id
1141 2543 1245 2582 non
1274 2527 1472 2582 librarii
1502 2529 1629 2582 vitio
1659 2531 1756 2584 tri-

165 2615 436 2670 buendum
467 2624 570 2670 est.
601 2615 750 2672 Unde
775 2618 1012 2685 arguitur
1035 2633 1066 2671 a
1095 2618 1356 2687 scriptore
1399 2619 1515 2687 ipso
1537 2660 1554 2683 ,
1602 2630 1757 2689 atque

162 2717 216 2761 ιιι
240 2708 365 2762 hinc
397 2708 660 2777 euttsequi
706 2708 947 2774 videtur,
995 2709 1063 2764 ah
1112 2711 1384 2776 Ecclesia,
1439 2711 1591 2780 cujus
1645 2714 1757 2781 ipse

156 2809 267 2853 erat
288 2841 303 2864 ,
338 2800 584 2853 nondum
606 2808 870 2868 receptam
901 2798 1063 2855 fuisse
1091 2815 1210 2856 cum
1230 2801 1344 2854 haec
1370 2793 1754 2856 scriberentur.

155 2891 311 2944 Certe
341 2890 587 2945 Joannes
609 2890 1042 2962 Cltrysostomus,
1064 2893 1154 2962 qui
1178 2903 1366 2948 auctor
1386 2895 1566 2962 operis
1586 2894 1753 2949 fertur

155 2983 203 3034 in
245 2983 408 3036 titulo
428 3023 448 3046 ,
477 2997 763 3050 numquam
795 2983 1111 3054 Apocalypsi
1155 3000 1279 3038 usus
1305 2993 1388 3040 est
1416 2986 1467 3039 iit
1514 2986 1751 3041 llutttiliis

151 3072 380 3142 aliisque
432 3072 586 3126 libris
611 3074 722 3126 suis
743 3113 756 3135 ,
790 3073 888 3127 etsi
908 3113 922 3136 ,
969 3073 1035 3127 ad
1063 3089 1242 3129 mores
1272 3074 1664 3142 informandus,
1697 3080 1749 3132 in

149 3179 250 3232 quo
277 3179 494 3233 genere
523 3165 752 3220 maxime
779 3176 1023 3220 versatur
1047 3177 1261 3222 sanctus
1287 3167 1504 3235 doctor,
1530 3169 1584 3224 in
1607 3171 1751 3240 Apo-

147 3256 346 3326 calypsi
377 3256 553 3309 multa
583 3256 773 3310 idonea
795 3267 1198 3327 opportunaque
1222 3259 1582 3328 reperiantur,
1613 3277 1742 3329 pra:-

147 3350 416 3418 ripueque
448 3350 499 3401 itt
531 3349 698 3402 tribus
732 3350 994 3418 prioribus
1017 3351 1299 3420 capitibus.
1327 3352 1744 3420 Quantumcum-

143 3456 242 3508 que
260 3440 607 3508 diligentiam
630 3440 986 3503 adhibuerim,
1011 3450 1067 3495 ut
1086 3442 1420 3511 explorarem
1447 3459 1572 3497 num
1595 3445 1747 3512 quid-

143 3532 279 3597 piam
312 3531 370 3584 in
408 3540 556 3583 tanta
601 3545 820 3600 cperam
851 3531 992 3586 serie
1019 3531 1086 3586 ad
1115 3533 1469 3604 Apocalypsin
1498 3545 1746 3604 spectans

140 3620 680 3691 deprehenderetur,
732 3621 860 3676 nihil
910 3623 1166 3678 hactenus
1216 3626 1408 3693 reperi.
1455 3626 1521 3680 Et
1569 3636 1745 3682 tamen

142 3714 300 3766 multa
330 3725 504 3768 erant
534 3714 584 3766 in
632 3713 783 3767 libris
806 3754 820 3776 ,
848 3715 995 3769 verbi
1035 3716 1199 3785 gratia
1221 3757 1238 3782 ,
1279 3716 1348 3772 de
1391 3717 1703 3774 Sacerdotio
1727 3764 1742 3786 ,

132 3822 252 3872 quae
282 3807 350 3860 ad
391 3821 510 3859 rem
541 3807 769 3860 maxime
797 3806 1044 3862 conferre
1071 3822 1229 3876 posse
1255 3808 1582 3865 videbantur.
1615 3813 1744 3867 Inde

137 3906 310 3951 autem
340 3897 497 3951 aliud
544 3898 815 3965 exsurgit,
841 3898 954 3952 sive
977 3907 1346 3968 argumentum
1365 3940 1382 3964 ,
1411 3900 1520 3955 sive
1562 3904 1740 3970 conje-

133 3998 302 4052 ctura,
327 4003 446 4057 qua
472 3986 608 4040 hanc
629 3988 892 4057 Synopsin
915 3987 1298 4058 Cltrysostomo
1322 4004 1563 4046 asserere
1587 4007 1743 4059 posse

135 4081 408 4134 videntur.
436 4079 558 4135 lla-c
572 4090 695 4134 sunt
718 4091 1022 4150 argumenta
1040 4098 1158 4152 qua:
1192 4091 1496 4138 mutuamur
1529 4099 1594 4140 ex
1617 4085 1742 4139 Pro-

135 4171 339 4227 llworia
374 4172 712 4242 Syttopseos.

199 4263 253 4315 lit
304 4264 433 4330 ipsa
463 4277 623 4330 porro
648 4263 872 4333 Syuopsi
910 4263 1010 4318 alia
1040 4264 1206 4319 multa
1237 4274 1390 4331 sunt,
1417 4280 1537 4334 quae
1565 4266 1739 4338 Chry-

131 4365 441 4408 sustentem
459 4354 577 4421 ejus
595 4368 716 4408 esse
735 4364 1005 4411 auctorem
1024 4357 1268 4426 probent.
1295 4358 1538 4427 Exempli
1553 4373 1733 4427 causa,

130 4443 290 4507 ωυιο
318 4452 456 4512 post
485 4444 693 4497 initium
733 4444 1008 4500 Genescos
1027 4488 1042 4508 ,
1076 4445 1164 4500 ubi
1192 4445 1358 4500 Cltam
1387 4448 1615 4503 verenda
1643 4464 1737 4520 pa-

132 4536 219 4588 tris
242 4538 330 4590 sui
363 4536 642 4591 revelasse
668 4547 947 4604 narratur,
981 4538 1205 4610 ideoque
1229 4549 1282 4594 et
1309 4539 1472 4595 Cltant
1502 4551 1556 4598 et
1595 4542 1734 4597 illius

127 4631 237 4696 eius
259 4630 536 4686 Chanaan
564 4631 934 4688 maledicitur:
975 4633 1089 4688 inec
1111 4634 1180 4689 ibi
1205 4635 1490 4702 leguntur:
1529 4656 1548 4689 ι
1582 4637 1732 4693 Post-

127 4736 183 4774 ea
206 4737 344 4778 vero
373 4722 546 4777 Semo
567 4723 782 4791 quidem
805 4733 859 4778 et
881 4723 1106 4794 .lapheto
1132 4725 1435 4794 benedixit;
1465 4719 1732 4792 maledicit

125 4823 299 4867 autem
332 4813 692 4868 Cltanaannm
714 4855 728 4875 ,
755 4815 876 4884 quia
901 4827 1050 4884 pater
1077 4816 1191 4885 ejus
1211 4817 1378 4872 Cltam
1404 4821 1732 4876 revelaverat

127 4905 433 4958 nuditatem
463 4908 650 4974 patris.
691 4907 988 4962 Maledictio
1027 4918 1204 4963 autent
1236 4909 1320 4963 illa
1361 4922 1606 4966 eventum
1635 4913 1726 4968 Ita-

124 4994 230 5050 beit
262 4998 319 5051 in
366 4998 721 5061 Gabaonitis;
766 4999 872 5052 imo
901 5001 1074 5068 potius
1111 5001 1290 5071 specie
1316 5003 1528 5072 quidem
1559 5006 1726 5059 ntale-

121 5089 284 5144 dletio
310 5101 472 5156 erat,
515 5092 609 5146 sed
650 5105 834 5146 revera
877 5091 1172 5161 prophetia.
1209 5112 1230 5146 ι
1264 5093 1333 5147 Et
1357 5093 1471 5149 haec
1493 5106 1575 5148 est
1603 5111 1725 5150 seu-

120 5179 284 5232 tentia
316 5180 714 5250 Chrysostomo
757 5181 1003 5251 propria,
1033 5197 1190 5252 quam
1217 5182 1353 5251 apud
1383 5191 1608 5238 catteros
1631 5200 1722 5239 ec-

116 5269 461 5325 desiasticos
496 5272 798 5341 Scriptores
819 5289 925 5326 non
953 5273 1171 5328 tuemini
1196 5288 1282 5328 me
1306 5274 1500 5344 legere,
1532 5289 1722 5345 nempe

117 5361 564 5417 unledictiouem
584 5364 856 5419 Chanaani
882 5365 933 5418 in
958 5365 1269 5420 Gabaonitis
1294 5364 1566 5434 impletam
1593 5366 1718 5421 fuis-

115 5467 190 5502 se.
224 5450 514 5520 Ipsissima
533 5495 549 5517 ,
583 5454 794 5523 inquam
812 5495 826 5519 ,
855 5455 912 5510 S.
939 5453 1174 5509 doctoris
1204 5455 1466 5510 sententia
1487 5497 1502 5521 ,
1533 5456 1717 5511 iisdem

115 5551 164 5594 ut
189 5542 500 5611 pharitnum
527 5543 706 5599 verbis
733 5561 1011 5614 expressa.
1055 5545 1145 5601 Sic
1172 5545 1312 5600 enim
1342 5545 1500 5601 habet
1528 5548 1580 5602 in
1611 5548 1717 5602 Isa—

114 5647 239 5693 μω.
269 5649 412 5701 cap.
436 5633 490 5697 2,
517 5650 568 5687 v.
606 5636 886 5704 l,ltujuscc
908 5637 1060 5692 Tomi
1081 5635 1142 5690 Vl
1169 5636 1271 5692 col.
1302 5637 1373 5693 28
1405 5654 1417 5691 :
1456 5656 1472 5689 t
1498 5637 1550 5692 Id
1575 5639 1716 5709 quod

113 5725 274 5778 etiam
310 5726 372 5778 in
403 5723 687 5782 Chanaano
731 5729 920 5784 factum
962 5739 1060 5786 est.
1103 5730 1280 5800 Neque
1309 5733 1447 5785 ettitn
1477 5731 1714 5788 videmus

1430 300 1745 354 DIATRIBA
1791 299 1850 353 IN
1892 300 2236 361 SYNUPSIN.

3359 323 3469 376 ate

1881 417 2030 472 illttttt
2065 419 2342 476 serviviSse
2385 421 2633 478 fratribus
2684 427 2824 483 suis.
2859 443 3029 498 neque
3058 431 3216 484 etiam
3246 434 3456 488 maledi-

1883 509 2109 564 ctioneut
2127 513 2406 574 excidisse.
2424 516 2516 569 sed
2540 517 2587 568 in
2611 517 2917 574 Cahaunitis
2938 537 3003 574 ex
3025 522 3308 577 Chanaano
3329 532 3488 580 ortis.

1884 602 2042 654 linem
2065 603 2353 671 accepisse.
2401 603 2532 659 Nattt
2582 607 2630 660 id
2679 609 2818 677 quod
2868 609 3141 665 dicebatur
3188 614 3465 682 prophetia

1881 701 2013 757 erat,
2039 693 2422 750 ntaledictionis
2444 697 2608 753 forma
2629 702 2851 770 prolata.
2883 721 2902 754 )
2939 704 3005 757 Et
3035 705 3134 759 hoc
3166 707 3334 775 ipsum
3359 709 3469 762 alio

1881 781 2038 834 modo
2063 783 2189 838 dicit
2216 784 2349 839 infra
2377 789 2426 840 in
2455 789 2680 858 Synopsi
2724 791 2900 845 losnae
2925 811 2937 845 :
2974 813 2991 844 ι
3030 794 3159 848 Cum
3189 813 3291 850 non
3328 814 3458 867 pos-

1879 882 1998 927 sent
2041 875 2292 930 lsraelita:
2339 892 2554 949 proltter
2621 883 2741 936 data
2787 885 3084 953 jurantenta
3142 889 3462 946 Gabaonitas

1879 979 2184 1036 oppugnare
2207 1011 2221 1032 ,
2253 986 2437 1026 servos
2468 971 2610 1042 ipsos
2659 976 3078 1043 constituerunt,
3111 980 3359 1050 lignarios
3405 994 3472 1041 et

1878 1070 2028 1124 aquae
2047 1057 2270 1128 bajulos.
2300 1061 2394 1116 llic
2423 1067 2620 1118 exitum
2652 1065 2809 1122 habet
2836 1071 3109 1137 praedictio
3129 1072 3271 1141 Noe,
3301 1093 3463 1145 quant

1877 1148 2047 1202 dixit:
2078 1149 2322 1206 Chanaan
2346 1171 2471 1222 puer
2501 1173 2670 1211 servus
2697 1174 2716 1210 :
2741 1174 2807 1214 ex
2851 1160 2942 1216 illo
2984 1178 3213 1233 namque
3261 1166 3313 1220 hi
3356 1169 3460 1223 orti

1877 1249 2045 1292 erant.
2083 1259 2102 1292 ι
2142 1241 2266 1297 Ilaec
2303 1259 2432 1299 sane
2454 1262 2558 1300 non
2592 1249 2736 1315 parvi
2759 1253 3014 1306 momenti
3037 1256 3248 1310 erudito
3273 1257 3458 1314 lectori

1879 1329 2194 1386 videbuntur
2237 1333 2304 1387 ad
2347 1349 2480 1400 Opus
2526 1336 2910 1409 Chrysostomo
2942 1342 3380 1412 adjudicandum.

1947 1422 2104 1477 Aliud
2132 1437 2528 1493 argumentum,
2558 1443 2656 1484 nec
2675 1444 2805 1485 sane
2832 1431 3028 1497 levius,
3053 1435 3255 1490 eruitur
3275 1453 3338 1490 ex
3365 1454 3459 1492 ea-

1875 1510 1994 1566 dem
2023 1512 2294 1570 Geneseos
2321 1515 2548 1588 Synopsi
2575 1537 2588 1573 :
2622 1521 2844 1574 Assuutit
2873 1521 3046 1576 Thura
3075 1534 3217 1593 pater
3245 1527 3462 1582 Abt-aha:

1873 1603 2008 1671 filios
2031 1621 2149 1659 suos
2173 1606 2425 1661 Abraham
2453 1618 2500 1662 et
2526 1609 2736 1665 Nachor
2760 1622 2806 1665 et
2827 1625 3055 1682 nepotem
3080 1633 3226 1670 suum
3256 1615 3351 1670 Lot
3370 1661 3385 1682 ,
3414 1631 3461 1672 et

1873 1696 2002 1748 venit
2029 1697 2082 1750 in
2108 1695 2358 1752 Charran.
2388 1699 2511 1754 Haec
2538 1710 2683 1757 certe
2709 1703 2870 1758 lectio
2898 1705 3074 1758 vitiata
3109 1705 3204 1760 fuit
3224 1750 3236 1768 ,
3269 1717 3323 1762 et
3353 1708 3456 1763 Na-

1871 1786 2002 1842 cltor
2027 1798 2210 1843 contra
2237 1791 2391 1845 iidem
2425 1801 2596 1847 textus
2635 1793 2880 1850 Hebraici
2905 1836 2920 1858 ,
2949 1797 3196 1852 editionis
3226 1800 3367 1856 LXX
3405 1815 3458 1856 et

1870 1878 2114 1945 vulgatm,
2131 1879 2183 1932 in
2205 1879 2344 1935 hunc
2366 1890 2564 1936 textum
2585 1884 2813 1953 irrepsit.
2832 1885 2977 1940 llanc
2995 1901 3154 1956 porro
3171 1889 3453 1945 lectionem

1871 1984 2130 2039 nusquam
2151 1972 2281 2025 alias
2304 1974 2506 2042 reperi,
2522 1976 2620 2029 nisi
2643 1977 2781 2045 apud
2809 1977 3272 2048 Chrysostontum,
3295 1997 3454 2050 quem

1870 2069 2070 2115 certum
2103 2073 2184 2116 est
2213 2064 2281 2116 ita
2314 2065 2504 2134 legisse
2534 2066 2584 2119 in
2610 2069 2901 2137 exemplari
2929 2084 3026 2124 suo
3055 2087 3066 2125 :
3098 2086 3220 2123 nant
3255 2071 3449 2126 llomil.

1868 2151 1930 2206 51
1958 2152 2017 2211 in
2052 2152 2326 2221 Genesim,
2348 2156 2452 2210 col.
2479 2156 2588 2211 282
2615 2159 2768 2212 'l‘om.
2791 2159 2825 2213 4
2851 2170 3046 2214 nostra:
3073 2161 3321 2216 editionis
3340 2205 3354 2226 ,
3379 2165 3455 2219 sic

1869 2242 2090 2314 legimus
2107 2263 2119 2300 :
2135 2244 2203 2300 Et
2220 2248 2408 2317 accepit
2429 2247 2629 2302 Tharra
2649 2250 2835 2306 Abram
2854 2261 2901 2306 et
2924 2251 2976 2306 Ν
2979 2256 3136 2307 achor
3161 2257 3294 2324 ﬁlios
3315 2273 3452 2321 suos,

1866 2345 1913 2389 et
1927 2335 2027 2389 Lot
2043 2337 2208 2405 [ilium
2230 2339 2393 2392 Arran
2413 2341 2510 2408 ﬁlii
2529 2343 2628 2395 sui.
2654 2341 2778 2396 Ha-c
2809 2360 2935 2398 vero
2961 2344 3117 2400 lectio
3131 2348 3210 2401 sic
3231 2347 3454 2402 babetttr

1867 2426 1919 2480 in
1946 2428 2194 2483 omnibus
2220 2431 2437 2484 omnino
2464 2446 2584 2486 cum
2615 2432 2786 2486 Editis
2827 2444 2934 2487 tuttt
2967 2437 3369 2507 tnauuseriptis,
3400 2451 3454 2493 et

1866 2517 1918 2571 in
1944 2518 2130 2573 eadem
2163 2519 2386 2575 Humilia
2417 2522 2570 2587 infra,
2603 2524 2708 2578 col.
2738 2525 2868 2590 285.,
2899 2541 3039 2596 seq.,
3071 2528 3260 2582 eadem
3291 2529 3452 2584 lectio

1867 2607 1946 2662 bis
1981 2611 2239 2679 repetitur
2266 2629 2280 2666 :
2312 2613 2381 2666 ita
2410 2622 2465 2666 ut
2489 2613 2618 2667 nihil
2647 2614 2790 2669 dubii
2819 2616 3038 2671 subesse
3083 2621 3281 2687 possit,
3323 2603 3451 2690 quin

1867 2697 1951 2754 hic
1977 2700 2127 2755 locus
2149 2702 2225 2756 sic
2245 2718 2532 2772 expressus
2559 2706 2721 2761 fuerit
2747 2707 2798 2760 in
2826 2709 3115 2777 exemplari
3146 2727 3251 2780 quo
3278 2713 3418 2783 Cltry
3435 2744 3450 2754 -

1862 2800 2129 2846 sostomus
2160 2795 2404 2850 utebatur
2429 2813 2442 2848 ε
2475 2812 2582 2867 quo
2607 2813 2734 2852 usus
2761 2809 2842 2853 est
2865 2801 3024 2854 etiam
3043 2815 3228 2856 auctor
3245 2805 3450 2874 Synup.

1861 2896 1982 2935 seos
2000 2922 2016 2947 ,
2043 2884 2156 2938 sive
2181 2885 2294 2954 ipse
2323 2886 2768 2957 Chrysostomus,
2813 2899 2870 2944 ut
2891 2907 2957 2946 ex
2985 2891 3087 2948 hoc
3113 2903 3166 2947 et
3209 2910 3273 2948 ex
3316 2912 3450 2964 pra:-

1859 2974 2170 3031 cedentibus
2210 2982 2535 3048 arguutentis
2565 2981 2775 3050 probari
2812 2983 3042 3038 videtur.

1929 3066 2043 3122 Non
2068 3070 2328 3124 minorem
2368 3072 2790 3140 prtecedentibus
2818 3076 3183 3144 probationem
3210 3079 3448 3131 eruimus

1856 3176 1921 3216 ex
1947 3161 2173 3232 Synopsi
2194 3163 2586 3219 Deuteronomii
2605 3207 2622 3230 ,
2645 3167 2731 3220 ubi
2756 3166 2986 3221 dicitur:
3017 3166 3117 3221 Hic
3135 3169 3275 3238 jacet
3292 3169 3442 3232 illud,

1856 3252 2164 3309 Ilaledictus
2199 3258 2373 3310 ontnis
2403 3258 2490 3327 qui
2525 3259 2716 3328 pendet
2746 3261 2796 3313 in
2826 3260 2986 3330 ligno.
3021 3261 3154 3326 Quia
3183 3279 3301 3330 ergo
3331 3279 3443 3316 ma—

1855 3344 2052 3398 ledictio
2078 3347 2276 3416 prolata
2317 3358 2424 3402 erat
2452 3349 2505 3402 in
2528 3365 2612 3403 eos
2646 3351 2734 3419 qui
2760 3367 2860 3404 non
2887 3351 3201 3406 observarent
3245 3352 3440 3422 legem,

1853 3437 2161 3493 Maledictus
2190 3441 2362 3493 omnis
2388 3441 2476 3509 qui
2508 3457 2612 3494 non
2641 3450 2820 3496 manet
2845 3442 2896 3495 in
2941 3443 3188 3498 omnibus
3230 3445 3444 3513 scriptis

1853 3528 1905 3580 itt
1927 3527 2026 3582 hoc
2047 3529 2215 3583 libro:
2245 3529 2306 3583 de
2327 3529 2433 3601 lege
2459 3531 2677 3600 loquitur
2700 3531 2920 3603 Moyses,
2955 3549 3045 3586 nec
3071 3542 3264 3602 poterat
3295 3534 3443 3589 Chri-

1851 3632 1956 3676 stus
1979 3623 2032 3675 in
2057 3623 2188 3677 hanc
2211 3623 2466 3680 incurrere
2503 3625 2904 3680 maledictionem
2924 3642 2944 3679 :
2970 3627 3192 3696 implevit
3221 3644 3439 3694 namque

1851 3714 2028 3783 legem,
2059 3717 2457 3771 maledictionem
2481 3719 2831 3773 maledictione
2855 3721 3179 3774 commutavit
3195 3761 3212 3788 ,
3235 3737 3440 3789 suspen-

1849 3822 1937 3858 sus
1973 3808 2024 3860 in
2064 3809 2220 3878 ligno.
2263 3809 2376 3864 Hoc
2415 3811 2584 3879 ipsum
2631 3813 2872 3881 pluribus
2909 3813 3237 3867 enuntiatum
3274 3814 3438 3870 habes

1848 3898 2245 3953 Commentario
2271 3901 2324 3953 in
2352 3901 2642 3970 Epistulam
2669 3903 2736 3957 ad
2767 3903 2980 3958 Galatas
3003 3944 3018 3968 ,
3047 3905 3219 3975 capite
3244 3905 3278 3960 3
3298 3946 3312 3969 .
3347 3906 3435 3960 tibi

1848 4003 1958 4043 rem
1997 3989 2234 4059 explicat
2252 3988 2364 4053 ille,
2381 3996 2458 4052 et,
2481 4004 2603 4058 quae
2624 3989 2715 4045 hic
2739 3991 2984 4046 breviter
3002 3993 3219 4057 extulit,
3249 3995 3435 4049 multis

1845 4079 2094 4148 explanat
2132 4079 2328 4134 verbis.
2370 4079 2438 4135 lis
2466 4095 2594 4135 vero
2636 4080 2932 4136 referendis
2971 4081 3242 4136 brevitatis
3269 4098 3431 4138 causa

1844 4170 2186 4238 supersedeo.
2209 4169 2314 4226 Sed
2334 4157 2629 4226 studiosum
2657 4172 2908 4226 lectorem
2933 4172 3116 4226 hortor
3133 4213 3149 4238 ,
3172 4181 3230 4226 ut
3251 4171 3429 4227 locum

1845 4261 2016 4330 ipsum
2044 4263 2232 4327 adeat,
2261 4273 2316 4319 et
2343 4278 2466 4318 meo
2505 4263 2742 4333 periculo
2783 4263 2854 4318 ibi
2897 4263 3335 4333 Chrysostomum
3363 4281 3427 4319 ea

1844 4351 2081 4420 pluribus
2125 4361 2463 4419 narrantem,
2506 4363 2560 4408 et
2603 4352 2847 4409 eumdem
2893 4354 3328 4425 Chrysostontum
3374 4355 3427 4411 in

1843 4441 1943 4498 hac
1971 4443 2199 4514 Synepsi
2226 4445 2497 4513 epitonten
2525 4461 2710 4499 eorum
2740 4443 3078 4500 exhibentem
3109 4449 3422 4516 comperiet.

1911 4536 2112 4590 Auctor
2133 4535 2219 4590 hic
2239 4546 2419 4592 noster
2444 4536 2859 4608 Chrysostontus
2883 4537 3080 4607 passim
3100 4552 3221 4592 cum
3247 4537 3425 4592 ludat-

1839 4627 1906 4692 is,
1927 4642 2151 4696 quorum
2179 4643 2400 4698 magnus
2426 4627 2722 4683 Antiochiae
2749 4645 3003 4685 numerus
3027 4639 3175 4696 erat,
3196 4644 3422 4685 concer-

1838 4727 1934 4774 tat.
1957 4719 2092 4774 Illud
2115 4719 2286 4787 ipsum
2310 4719 2361 4774 itt
2387 4719 2486 4774 hac
2506 4720 2738 4792 Synupsi
2764 4720 3066 4791 frequenter
3085 4721 3419 4786 observatur,

1837 4808 1968 4863 nihil
1993 4809 2240 4865 obstante
2265 4811 2521 4865 brevitate
2541 4851 2556 4876 ,
2585 4826 2743 4880 quam
2773 4811 2851 4864 vel
2880 4826 2949 4865 ex
2983 4811 3100 4880 ipso
3123 4824 3222 4865 suo
3249 4812 3420 4864 nomi-

1836 4917 1904 4957 ne
1921 4901 2179 4973 Synopsis
2199 4904 2378 4973 exigit.
2403 4903 2700 4973 Aliquando
2719 4903 2878 4956 etiant
2902 4904 3015 4958 loca
3044 4903 3241 4957 indicat
3259 4943 3272 4966 ,
3298 4919 3418 4974 quae

1834 4993 2040 5064 possint
2065 5007 2247 5049 contra
2286 4994 2500 5049 Judteos
2537 4993 2811 5062 usurpari,
2846 5002 2905 5046 ut
2933 4992 2985 5047 itt
3011 4993 3238 5064 Synopsi
3262 4993 3415 5050 lere-

1833 5086 1954 5140 miat
1973 5085 2089 5141 sic:
2127 5104 2145 5137 ι
2191 5086 2256 5140 Et
2280 5087 2324 5140 si
2349 5086 2544 5139 malum
2567 5085 2786 5140 fecerint
2805 5123 2820 5146 ,
2851 5100 2956 5137 ttott
2986 5083 3173 5138 faciam
3202 5100 3301 5154 ego
3322 5087 3416 5139 bo-

1831 5193 1896 5232 na
1945 5194 2064 5248 quae
2106 5178 2355 5248 loquutus
2400 5192 2516 5232 sum
2558 5185 2617 5230 ut
2652 5176 2880 5230 facerem
2921 5175 3042 5230 illis.
3074 5175 3185 5231 Hoc
3231 5186 3414 5232 autem

1829 5278 1989 5340 caput
2007 5279 2190 5324 contra
2211 5269 2422 5325 ,ιιιὰιυοε
2443 5267 2572 5324 utile
2591 5267 2695 5322 erit
2712 5307 2728 5334 ,
2749 5283 2870 5322 cum
2895 5267 3104 5334 dicent,
3132 5270 3414 5324 Dominum

1830 5362 1957 5432 ipsis
1983 5364 2120 5418 bona
2149 5363 2473 5432 promisisse.
2501 5360 2633 5416 Cum
2658 5360 2800 5416 enim
2827 5377 2932 5416 non
2954 5361 3278 5417 crediderint
3305 5361 3413 5415 Do-

1827 5455 1974 5508 mino
2003 5464 2188 5508 nostro
2213 5452 2338 5508 Jesu
2368 5451 2582 5508 Christo
2604 5491 2621 5520 ,
2656 5452 2756 5522 ipsi
2787 5451 2887 5507 sibi
2921 5454 3049 5524 ipsis
3072 5468 3231 5508 causa
3263 5453 3411 5506 fuere

1826 5546 2166 5615 praesentium
2207 5544 2486 5600 malorum.
2529 5563 2548 5596 ι

1894 5636 2256 5708 Cltrysostomi
2297 5652 2488 5706 scupus
2515 5646 2592 5691 est
2635 5635 2816 5691 multis
2843 5637 2894 5689 itt
2938 5635 3064 5689 locis
3087 5673 3100 5695 ,
3129 5642 3182 5685 et
3209 5632 3408 5689 Juda'is

1824 5742 1876 5786 et
1904 5729 2214 5786 Christianis
2256 5729 2513 5799 probare,
2561 5737 2823 5800 praecepta
2870 5722 3171 5795 hujusmodi
3219 5723 3414 5796 legalis
