3962 6190
790 283 885 340 ΖΗ

788 416 896 456 non
935 399 1095 453 fuisse
1121 403 1262 450 tanta
1290 391 1542 460 religione
1571 383 1848 442 servanda.
1881 381 2014 450 Quin
2042 380 2202 434 etiam
2230 369 2353 429 san—

789 502 904 546 ctos
931 489 1074 544 viros
1103 486 1153 539 iu
1189 483 1361 538 Veteri
1389 481 1729 534 'l‘estamento
1761 475 1845 528 illa
1877 471 2033 526 facile
2061 478 2356 536 transgres-

791 596 877 636 sos
908 592 1056 642 esse,
1099 574 1344 645 quoniam
1376 587 1437 626 ea
1459 613 1474 636 ,
1506 585 1624 639 qua:
1649 567 1714 621 ad
1747 566 1902 620 ritum
1932 561 2236 629 cultumque
2263 569 2359 610 ex-

790 670 1047 730 teriorem
1077 664 1430 736 pertinebant,
1451 674 1557 715 non
1583 673 1701 713 esse
1744 655 1872 710 lauti
1899 649 2172 712 momenti,
2197 656 2252 703 et
2278 645 2357 700 fa-

787 764 894 817 cile
912 738 1066 829 posse
1076 755 1407 828 praetermitti
1426 752 1661 823 putabat.
1679 749 1767 804 Sic
1790 749 1840 801 in
1857 747 2042 801 Isaiam
2059 756 2236 812 supra,
2253 741 2359 795 col.

796 852 862 908 I9
889 856 908 921 (
932 866 961 904 a
978 849 1178 906 Graecis
1202 845 1491 902 referendis
1517 841 1790 898 brevitatis
1811 852 1969 892 causa
1995 831 2315 904 supersedeo
2343 829 2363 897 )

801 945 1062 1015 legimus:
1091 939 1403 994 Holocausta
1443 937 1655 990 arietum
1697 942 1744 989 et
1786 930 1985 998 adipem
2031 939 2277 997 agnorunt
2316 929 2365 976 et

795 1035 1088 1105 sanguinem
1132 1043 1390 1084 taurorum
1430 1037 1475 1080 et
1528 1027 1781 1078 hircorum
1821 1019 1956 1073 nolo.
2002 1017 2056 1070 In
2093 1017 2207 1069 haec
2238 1027 2363 1066 ver-

799 1127 864 1178 ba
891 1101 1310 1192 'Chrysostomus
1340 1119 1410 1172 ita
1448 1115 1716 1185 loquitur:
1765 1129 1785 1163 ι
1817 1109 1948 1164 Nam
1977 1107 2099 1176 quia
2136 1101 2366 1159 accusati

800 1217 1104 1285 frequenter
1122 1254 1137 1278 ,
1163 1209 1303 1281 quod
1327 1207 1533 1264 caeteris
1559 1202 1840 1258 virtutibus
1861 1199 2013 1254 vacui
2037 1206 2243 1260 essent,
2272 1207 2368 1263 pro

801 1308 1028 1363 maxima
1080 1302 1388 1360 defensione
1431 1295 1686 1352 sacriﬁcia
1725 1289 2113 1352 obtendebant,
2157 1294 2215 1340 ut
2251 1298 2370 1354 quae

800 1404 1106 1469 frequenter
1145 1391 1545 1464 persolvebant,
1594 1387 1786 1442 merito
1813 1394 2033 1451 uterque
2072 1378 2328 1450 prepheta
2353 1416 2368 1442 ,

803 1490 908 1543 imo
937 1487 1110 1556 potius
1133 1483 1309 1539 ueteri
1348 1494 1533 1535 omnes
1559 1477 1625 1531 ab
1663 1475 1762 1530 hac
1802 1472 2108 1528 defensione
2135 1469 2252 1522 illos
2277 1481 2370 1520 ex-

805 1580 1036 1634 turbant.
1069 1574 1220 1633 Unde
1250 1574 1460 1644 planum
1487 1579 1569 1625 est
1594 1583 1656 1622 ea
1683 1581 1790 1620 non
1816 1579 1934 1618 esse
1965 1576 2060 1631 per
2087 1575 2144 1614 se
2183 1556 2373 1627 praeci-

808 1689 908 1739 pue
935 1670 1218 1724 constituta
1237 1707 1252 1733 ,
1277 1663 1371 1719 sed
1395 1671 1452 1716 ut
1476 1659 1540 1715 ad
1569 1667 1772 1714 rectum
1799 1656 1920 1709 vitae
1950 1653 2243 1706 institutum
2271 1663 2376 1702 ca:-

809 1775 1051 1830 lerasque
1089 1759 1308 1812 virtutes
1336 1754 1455 1808 illos
1485 1750 1828 1805 deducerent.
1862 1764 1880 1797 r
1916 1741 2256 1812 Expositione
2283 1753 2376 1790 au-

812 1865 914 1907 tem
945 1853 998 1905 ill
1027 1849 1284 1919 psalmum
1311 1846 1400 1912 45,
1432 1844 1582 1897 Tom.
1612 1841 1676 1907 γ,
1699 1839 1802 1893 eoI.
1834 1835 1932 1891 I67
1961 1850 2094 1903 rqq.,
2126 1840 2268 1884 t0tus
2295 1837 2378 1882 est

810 1959 869 1996 ea
899 1943 948 1995 iu
978 1955 1036 1994 re
1063 1937 1350 2009 probanda,
1368 1935 1600 2003 dicitque
1621 1935 1938 2001 praeceptum
1966 1925 2033 1978 de
2059 1921 2276 1977 sabbato
2292 1935 2379 1972 so-

814 2037 978 2088 lutmn
999 2033 1180 2094 fuisse,
1197 2045 1316 2085 cum
1333 2026 1556 2099 populus
1581 2039 1673 2094 per
1691 2029 1890 2090 septem
1907 2017 2018 2072 dies
2031 2023 2266 2070 armatus
2283 2011 2381 2066 sub

812 2125 970 2180 Josue
996 2121 1125 2186 fuit;
1155 2135 1274 2173 nam
1297 2127 1500 2186 septem
1528 2112 1765 2169 continui
1793 2110 1906 2164 dies
1937 2103 2237 2161 necessario
2261 2101 2382 2156 sab-

817 2217 995 2270 batum
1027 2211 1316 2266 includunt.
1347 2209 1472 2262 Haec
1497 2203 1786 2273 sa-pissime
1806 2201 2047 2255 decantat
2064 2195 2383 2266 Chrysosto-

821 2322 956 2360 mus.
996 2303 1048 2356 Ill
1085 2300 1311 2373 Synopsi
1354 2305 1529 2351 autem
1560 2295 1678 2348 libri
1709 2293 1869 2347 losue
1898 2290 2026 2343 infra
2057 2287 2134 2342 sic
2159 2283 2385 2339 dilucide

822 2396 1054 2466 loquitur
1078 2411 1090 2446 :
1116 2391 1295 2447 «Tunc
1316 2390 1471 2444 Jesus
1497 2385 1682 2442 cultris
1707 2382 1924 2452 lapideis
1941 2376 2267 2434 circumcidit
2293 2373 2387 2429 Ju-

821 2489 996 2542 dlcos:
1028 2485 1149 2554 quia
1171 2480 1508 2552 quadraginta
1530 2476 1682 2530 anuis
1702 2482 1941 2528 versatus
1960 2469 2130 2523 fuerat
2151 2466 2313 2521 Israel
2333 2466 2387 2520 in

823 2583 1072 2635 deserto:
1107 2577 1329 2643 ideoque
1373 2569 1524 2624 mulli
1569 2581 1754 2622 eorum
1779 2563 2128 2623 bellatorum,
2158 2558 2245 2628 qui
2289 2556 2390 2610 oh-

818 2669 1018 2731 ierant,
1032 2659 1403 2719 incircumcisi
1421 2651 1717 2712 erant.Pro
1736 2653 1836 2706 illis
1860 2649 2130 2707 substituit
2157 2649 2296 2702 Deus
2323 2648 2385 2700 li-

825 2760 922 2810 Ilus
947 2769 1130 2809 eorum
1151 2794 1164 2818 ,
1197 2766 1328 2821 quos
1355 2749 1510 2803 .Iesus
1533 2743 1861 2801 circumcidit
1885 2759 1896 2795 :
1928 2740 2068 2810 quod
2097 2739 2194 2808 ipsi
2226 2738 2389 2792 incir-

825 2848 1042 2904 cumcisi
1070 2843 1454 2900 ulausissentiu
1475 2841 1576 2894 via.
1601 2839 1749 2893 Tunc
1779 2835 1902 2889 fecit
1927 2832 2126 2887 Pascha
2157 2839 2282 2885 :eta
2305 2831 2392 2884 die

823 2959 925 3011 qua
940 2926 1282 2995 comederunt
1297 2949 1478 3005 azyma
1494 2949 1558 2988 ex
1577 2930 1838 2984 frumento
1856 2909 2007 2979 terra:
2026 2924 2182 2987 illius,
2201 2921 2394 2976 defecit

826 3046 1035 3086 manna.
1057 3028 1277 3084 Jubetur
1294 3025 1450 3081 Jesus
1473 3023 1677 3077 solvere
1696 3019 2111 3074 calceamentum
2133 3029 2312 3078 suum,
2337 3020 2392 3066 et

825 3123 1049 3179 circuire
1071 3118 1285 3176 Jcricho
1310 3133 1427 3172 cum
1448 3115 1783 3170 tubisetarca
1803 3119 2007 3179 septem
2037 3108 2222 3162 diebus
2245 3122 2258 3157 :
2287 3121 2393 3175 quo

826 3223 1040 3281 peracto
1060 3227 1154 3282 per
1179 3224 1238 3264 se
1266 3208 1399 3262 muri
1419 3205 1743 3260 ceciderunt.
1770 3200 2098 3255 Manifestum
2125 3197 2298 3266 itaque
2312 3203 2396 3250 est

822 3311 930 3376 jam
953 3314 1076 3358 tunc
1100 3309 1330 3368 emptum
1358 3311 1477 3352 esse
1502 3294 1639 3348 solvi
1677 3292 1953 3347 sabbatum
1979 3306 1993 3342 :
2027 3287 2395 3356 undecumque

829 3396 1030 3453 initiutn
1045 3393 1170 3463 quis
1187 3392 1383 3453 ducat,
1413 3399 1629 3440 necesse
1663 3394 1746 3438 est
1783 3382 2057 3436 sabbatum
2089 3377 2322 3432 incidere
2341 3376 2394 3429 in

827 3503 1028 3560 septem
1070 3489 1188 3542 illos
1212 3487 1344 3541 dies.
1385 3505 1404 3536 ι
1436 3479 1630 3540 Statuit
1657 3491 1782 3546 ergo
1805 3475 2213 3546 Chrysoslomus
2260 3484 2397 3539 pne-

829 3590 979 3649 cepta
1002 3580 1087 3632 illa
1112 3578 1178 3632 ad
1201 3576 1518 3632 exteriorem
1541 3573 1738 3627 cultunl
1762 3565 2076 3639 pertinentia
2096 3605 2110 3628 ,
2136 3578 2239 3616 non
2268 3561 2395 3614 fuis-

831 3688 888 3726 se
915 3672 996 3725 vel
1022 3687 1053 3722 ει
1085 3669 1280 3723 sanctis
1309 3667 1434 3720 viris
1464 3674 1605 3719 tanta
1644 3661 1897 3730 religione
1937 3664 2180 3720 servata,
2210 3662 2267 3707 ut
2293 3652 2399 3706 cir-

832 3763 1084 3818 cumcisio
1113 3771 1166 3814 et
1193 3759 1487 3814 sabbatum.
1514 3754 1572 3809 In
1592 3755 1682 3810 his
1703 3753 1880 3823 utique
1909 3767 2014 3806 nou
2051 3751 2212 3804 alium
2239 3760 2397 3818 quam

830 3857 1264 3927 Chrysostomum
1305 3865 1592 3922 agnoscere
1619 3862 1870 3918 possum;
1897 3845 2023 3916 quid
2051 3859 2178 3899 vero
2204 3843 2248 3897 si
2275 3855 2396 3897 cum

831 3957 912 4003 tot
937 3948 1054 4001 aliis
1083 3945 1405 4016 argumentis
1433 3943 1532 3996 hoc
1556 3941 1713 3996 etiam
1755 3938 2048 4008 adjungas?
2093 3935 2232 3990 Alibi
2259 3950 2394 4005 quo-

831 4054 938 4109 que
965 4038 1017 4093 in
1033 4037 1139 4092 hac
1156 4031 1392 4106 Syuopsi
1411 4033 1524 4087 loca
1546 4031 1778 4100 reperias
1797 4070 1811 4094 ,
1837 4028 1922 4082 ubi
1945 4027 2169 4095 scriptor
2189 4042 2248 4081 se
2275 4040 2394 4078 cum

831 4131 1028 4186 Judaeis
1054 4143 1199 4198 saape
1225 4141 1439 4181 manum
1468 4123 1749 4178 conserere
1777 4119 2090 4174 subindicat.

904 4223 1102 4278 Praeter
1131 4221 1244 4274 hare
1267 4225 1576 4288 argumenta
1597 4255 1610 4278 ,
1639 4229 1756 4283 qua:
1783 4227 1908 4266 sane
1935 4209 2252 4263 validissima
2282 4221 2400 4260 esse

837 4330 992 4370 nemo
1016 4329 1045 4366 a
1072 4311 1410 4381 praejudicata
1451 4308 1700 4377 opinione
1727 4304 1861 4357 liber
1887 4317 1990 4355 non
2019 4300 2270 4362 fateatur,
2298 4298 2400 4353 alia

839 4407 974 4458 forte
1001 4402 1204 4455 minora
1222 4439 1238 4464 ,
1266 4399 1360 4453 sed
1383 4413 1500 4467 qua:
1525 4397 1594 4451 ob
1633 4395 1976 4463 frequentiam
1999 4432 2012 4456 ,
2041 4400 2092 4444 et
2122 4389 2395 4458 repetitam

839 4492 1086 4563 loquendi
1131 4489 1490 4560 probandique
1531 4487 1930 4542 similitudinem
1963 4500 2060 4552 pro
2085 4483 2403 4552 Cllrysosto—

841 4599 927 4638 tuo
957 4589 1224 4652 pugnent,
1257 4579 1341 4632 hic
1365 4592 1653 4646 congerere
1679 4576 1887 4629 animus
1911 4585 2012 4627 est.
2052 4572 2203 4626 Initio
2229 4571 2403 4642 Syno—

843 4677 948 4745 psis
974 4673 1242 4729 Geneseos
1269 4669 1424 4734 dicit,
1456 4667 1592 4721 ﬁlios
1619 4667 1710 4720 Dei
1737 4665 1788 4720 iu
1814 4665 2007 4720 Genesi
2036 4663 2139 4718 dici
2164 4678 2256 4718 eos
2273 4705 2286 4729 ,
2316 4664 2404 4733 qui

840 4788 868 4821 ει
897 4767 1063 4824 Sctho
1087 4767 1190 4820 orti
1214 4771 1398 4828 erant,
1428 4761 1640 4817 ethunc
1666 4759 1839 4812 locum
1868 4758 2059 4813 Psalmi
2083 4757 2262 4821 affert,
2295 4755 2408 4826 Ego

841 4861 945 4913 dixi
964 4902 976 4920 ,
1008 4858 1079 4912 dii
1105 4857 1240 4911 estis.
1272 4855 1500 4923 ldipsum
1526 4865 1653 4905 vero
1680 4849 1912 4918 pluribus
1936 4847 2062 4903 dicit
2093 4847 2315 4902 Homilia
2339 4845 2410 4900 22

1981 257 2299 318 DIA’I‘RIBA
2340 256 2405 310 IN
2423 229 2426 232 λ
2445 252 2799 309 svuorsm.
2842 283 2845 286 -

2463 369 2734 433 Genesiln,
2769 367 2875 420 col.
2906 365 3030 418 451.
3071 362 3384 431 Allegoriam
3421 361 3481 416 de
3522 361 3642 416 Nata'

2463 470 2518 514 et
2543 460 2692 512 Zarze
2714 457 2898 512 eodem
2924 454 3081 508 modo
3104 453 3189 506 hic
3208 452 3431 519 explicat
3447 461 3591 520 atque
3618 452 3642 506 ε

2465 552 2517 606 ill
2565 549 2834 612 Genesim,
2889 547 2991 600 col.
3045 544 3188 610 554,
3241 542 3368 598 555.
3412 540 3463 594 Id
3503 543 3630 612 quod

2467 651 2721 722 Synopsis
2742 649 3013 704 Geneseos
3039 643 3167 697 dicit
3191 639 3436 695 Sicimam
3465 653 3494 692 a
3522 638 3638 706 Sym

2466 749 2671 808 captam
2693 739 2856 794 fuisse
2876 779 2890 802 ,
2919 737 3144 805 idipsum
3184 738 3362 786 narrat
3401 729 3623 796 pluribus

2467 827 2734 890 Geu.,coI.
2767 826 2892 892 516,
2934 827 3057 880 517.
3089 826 3213 879 Ilzec
3241 840 3396 893 porro
3417 822 3565 876 lectio
3591 837 3642 876 ca

2467 936 2586 990 qua:
2612 921 2664 973 in
2692 917 2918 991 Synopsi
2947 917 3023 972 sic
3049 916 3245 982 habet,
3273 916 3426 969 donec
3451 914 3605 967 veniat
3639 936 3642 942 -

2470 1021 2574 1066 tum
2594 1020 2663 1064 est
2680 1052 2694 1075 ,
2726 1025 2939 1079 semper
2964 1009 3042 1063 sic
3065 1007 3284 1063 effertur
3309 1021 3339 1058 a
3365 1004 3642 1074 Chrysosto

2470 1104 2756 1172 scriptores
2776 1102 3010 1156 variant:
3036 1115 3155 1153 nam
3179 1096 3390 1167 quidam
3408 1095 3506 1149 hoc
3519 1095 3627 1164 ipso

2472 1197 2563 1253 alii
2581 1211 2728 1261 vero,
2747 1196 2903 1248 donec
2919 1193 3115 1246 veniant
3139 1205 3250 1260 qua:
3272 1188 3349 1242 illi
3364 1188 3578 1256 reposita
3601 1202 3642 1237 sl

2473 1286 2612 1356 quod
2638 1285 2828 1340 dicitur
2854 1284 2905 1337 in
2932 1281 3180 1353 Synopsi,
3201 1293 3389 1334 manus
3405 1277 3595 1347 Moysis
3622 1291 3642 1329 ε

2475 1377 2748 1432 victoriam
2792 1373 3044 1429 Israelitis
3070 1377 3409 1440 pepererunt,
3433 1367 3642 1436 ﬁguram

2479 1467 2579 1523 hoc
2599 1469 2769 1538 ipsum
2799 1466 2960 1520 refert
2982 1463 3416 1531 Chrysostomus,
3450 1457 3641 1510 Homil.

2479 1573 2582 1626 ter,
2609 1561 2653 1614 si
2682 1558 2916 1630 possibile
2942 1565 3013 1610 est
3031 1595 3046 1621 ,
3084 1554 3237 1608 Tom.
3280 1551 3366 1615 Ill,
3395 1549 3499 1603 col.
3523 1547 3610 1601 56.

2550 1651 2701 1704 Dicet
2723 1648 2951 1702 fortasse
2989 1645 3252 1714 quispiam
3287 1660 3301 1696 :
3333 1641 3391 1694 Si
3419 1639 3534 1692 haec
3574 1636 3641 1707 Sy

2481 1757 2607 1796 num
2632 1741 2702 1794 sit
2723 1737 3092 1810 Chrysostomi
3119 1751 3274 1803 opus,
3307 1747 3403 1786 cur
3427 1746 3457 1783 a
3493 1730 3642 1784 nemil

2481 1835 2603 1890 dem
2648 1833 2913 1895 sciamus,
2967 1837 3258 1884 memorata
3319 1823 3435 1878 est?
3481 1838 3577 1877 cur
3625 1830 3642 1874 t

2483 1940 2645 1997 Opere
2694 1922 2832 1992 apud
2882 1935 3069 1976 omnes
3113 1915 3522 1972 Ecclesiasticos
3568 1928 3642 1965 sel

2485 2016 2650 2071 tium?
2685 2015 2878 2068 Verum
2912 2027 3016 2065 non
3045 2021 3128 2065 est
3147 2008 3286 2078 quod
3314 2017 3537 2076 stupeas
3560 2005 3627 2058 de

2485 2108 2696 2180 quando
2721 2121 2787 2161 ne
2825 2105 3081 2159 decimam
3125 2101 3341 2171 quidem
3379 2107 3588 2168 partem
3638 2118 3642 2142 α

2487 2198 2729 2262 sostomi,
2761 2211 2878 2266 qua:
2911 2208 3051 2248 nunc
3078 2201 3305 2256 exstant,
3329 2206 3357 2242 a
3377 2189 3578 2244 Pllotio
3605 2203 3642 2241 α

2491 2289 2732 2359 ptoribus
2761 2293 3107 2340 memoratam
3129 2281 3530 2350 comperimus;
3555 2277 3620 2330 de

2490 2380 2633 2434 ribus
2657 2379 2996 2447 quuor,quaa
3024 2389 3272 2443 germana
3301 2386 3426 2427 esse
3456 2369 3602 2441 apud
3628 2386 3642 2424 ε

2491 2472 2545 2526 in
2570 2471 2814 2525 confesso
2861 2478 2962 2522 est.
2991 2467 3174 2536 Neque
3208 2473 3292 2520 est
3315 2463 3463 2533 quod
3516 2462 3642 2516 miri

2492 2562 2626 2618 adeo
2653 2561 2951 2630 neglectum
2987 2558 3169 2624 fuisse,
3204 2568 3261 2610 ut
3284 2555 3402 2624 ejus
3439 2569 3570 2623 pars
3600 2569 3642 2606 lx

2493 2655 2589 2718 rit,
2640 2669 2706 2707 ex
2750 2651 2928 2706 Veteri
2973 2666 3162 2719 nempe
3205 2648 3562 2702 Testamento
3611 2660 3642 2713 q

2495 2747 2673 2800 omnia
2704 2760 2820 2814 qua:
2846 2745 2911 2797 ad
2938 2743 3139 2798 Novum
3174 2737 3642 2812 pertinebantJIu

2494 2839 2702 2908 generis
2723 2837 2918 2906 scripta
2934 2834 3102 2890 Graeci
3128 2831 3416 2887 admodum
3436 2829 3642 2899 neglige

2496 2943 2628 2982 vero
2657 2937 2765 2981 tum
2796 2941 2968 2992 veras,
2993 2933 3101 2980 tum
3130 2924 3356 2994 spurias,
3378 2920 3641 2976 Iibentiss‘

2494 3018 2626 3074 Nam
2673 3029 2955 3088 utrumque
2995 3017 3396 3071 Testamentum
3447 3013 3532 3066 sic
3557 3010 3642 3065 a(

2495 3110 2865 3181 compendium
2915 3109 3184 3165 redactum
3223 3107 3390 3162 fuisse
3430 3106 3642 3161 docetI

2495 3217 2654 3272 quam
2685 3201 2829 3257 solus
2853 3199 3013 3255 habet
3040 3197 3216 3254 Codex
3247 3197 3641 3253 Coislinianus.

2498 3294 2666 3349 menti
2689 3292 2947 3364 Synopsis
2989 3301 3311 3360 superesset,
3346 3291 3526 3345 multa
3555 3292 3642 3344 hat

2499 3384 2875 3448 henderemus,
2910 3399 3029 3452 qua:
3052 3381 3245 3437 Joanui
3288 3381 3642 3452 Chrysostnn

2499 3478 2616 3548 psin
2643 3485 2966 3531 assererem.
3013 3473 3144 3528 Nam
3166 3482 3420 3542 quantam
3457 3483 3630 3543 putas

2501 3567 2736 3622 Ilibuisse
2786 3566 2929 3619 illum
2976 3565 3028 3618 ill
3077 3565 3385 3629 tractandis,
3426 3574 3607 3634 atque

2502 3656 2802 3728 redigendis
2835 3656 2895 3709 Β.
2930 3655 3078 3710 Pauli
3121 3655 3408 3724 Epistolis?
3453 3656 3642 3722 Quam

2503 3760 2608 3807 tem
2633 3761 2686 3806 et
2713 3750 3039 3820 frequentius
3076 3747 3336 3812 adhibuit,
3363 3759 3415 3802 et
3449 3749 3622 3819 quasi

2501 3859 2606 3914 que
2633 3843 2952 3906 celebravit;
2981 3842 3023 3894 si
3053 3850 3227 3895 tamen
3257 3839 3387 3909 quid
3420 3840 3642 3908 prmcip

2504 3935 2555 3989 ill
2585 3935 2670 4001 iis,
2700 3950 2818 4002 qua:
2860 3933 3084 4002 primum
3118 3940 3390 3985 auctorem
3426 3929 3642 3998 Spiritt

2505 4027 2650 4084 bent.
2681 4027 2803 4080 Illas
2825 4033 2972 4080 certe
2997 4023 3259 4092 Epistolas
3283 4021 3422 4076 adeo
3455 4025 3516 4076 in
3549 4039 3642 4076 me

2505 4119 2773 4182 versabat,
2808 4125 2864 4171 ιιι
2889 4131 2980 4173 eas
3009 4116 3200 4187 ubique
3224 4125 3277 4170 et
3301 4114 3504 4185 quavis
3542 4115 3642 4170 mil

2506 4213 2656 4265 sione
2698 4209 2974 4264 adhiberet
3003 4208 3054 4261 in
3089 4207 3321 4261 homiliis
3344 4206 3400 4260 in
3439 4205 3642 4276 aliisql

2502 4305 2668 4374 jusvis
2708 4303 2936 4372 generis.
2981 4300 3108 4355 Inde
3149 4309 3264 4362 est,
3302 4308 3360 4352 ιιι
3389 4300 3444 4352 in
3483 4298 3642 4372 Sync

2508 4410 2648 4464 smpe
2668 4394 2886 4448 Paulum
2901 4392 3087 4448 videas
3105 4393 3154 4445 in
3176 4390 3407 4444 medium
3429 4389 3634 4442 adduc

2511 4483 2854 4541 Pentateuclli
2894 4483 3042 4547 locis,
3071 4498 3186 4551 qua:
3213 4480 3408 4536 Paulus
3438 4480 3505 4532 ill
3543 4480 3641 4549 Ep

2512 4577 2714 4631 buerat.
2751 4574 3007 4643 Quodque
3044 4570 3546 4640 singularissimum
3594 4587 3642 4625 et

2512 4685 2627 4734 sua,
2669 4670 2758 4722 ubi
2800 4668 2963 4721 libros
3000 4664 3130 4719 Novi
3172 4663 3542 4728 Testamenti,
3602 4681 3642 4734 η

2515 4761 2810 4828 redegerat,
2856 4767 3116 4823 recenset,
3141 4771 3168 4809 a
3198 4753 3641 4825 quatuordecim

2515 4849 2788 4904 exordium
2838 4846 3016 4911 ducit,
3061 4847 3306 4915 ipsasque
3353 4845 3642 4912 praemitti

2516 4938 2818 5007 Evangeliis
2855 4945 2908 4992 et
2929 4934 3304 5005 Apostolorum
3326 4934 3586 4988 actibus.
3619 4934 3642 4988 I

2517 5045 2641 5084 vum
2673 5028 2932 5099 quispiam
2959 5034 3327 5095 argumentum
3359 5033 3532 5078 eruat
3562 5025 3642 5080 ad

2517 5131 2756 5176 sostomo
2784 5118 3143 5181 asserendam,
3163 5117 3252 5186 qui
3279 5131 3382 5170 non
3414 5119 3622 5171 semel

2521 5219 2726 5265 menter
2752 5222 2934 5262 amare
2973 5205 3272 5275 proﬁtetur,
3296 5213 3350 5258 et
3381 5204 3512 5272 plus
3562 5207 3642 5259 Pa

2522 5301 2705 5364 utitur,
2729 5314 2886 5369 quam
2914 5298 3121 5352 ueteris
3144 5296 3435 5364 Scriptura:
3465 5309 3642 5350 sacr:

2590 5392 2794 5462 Stylum
2823 5399 2995 5444 autem
3017 5387 3156 5458 quod
3181 5395 3406 5456 spectat,
3431 5387 3642 5454 proﬂu

2522 5484 2713 5538 borum
2739 5489 2793 5535 et
2814 5479 3214 5535 similitudinum
3249 5477 3490 5546 cupiam,
3525 5494 3642 5547 qu:

842 4952 894 5004 iu
925 4950 1206 5013 Geuesim,
1239 4947 1395 5000 allato
1424 4942 1612 4998 eodem
1659 4940 1852 4995 Psalmi
1899 4938 2034 4993 loco.
2079 4937 2158 4991 Ex
2202 4937 2412 4991 Ilebero

845 5039 1156 5092 lIebraicam
1185 5037 1410 5104 linguam
1439 5048 1629 5088 nomen
1659 5029 1924 5100 accepisse
1951 5029 2079 5084 dicit
2105 5027 2190 5082 hic
2221 5026 2412 5080 eodem

845 5131 955 5182 fere
979 5125 1152 5189 modo,
1174 5142 1278 5194 quo
1310 5125 1360 5178 ill
1387 5123 1658 5185 Genesim,
1683 5121 1834 5175 Tom.
1862 5120 1948 5186 IV,
1981 5121 2084 5174 coI.
2112 5118 2235 5172 279.
2260 5116 2413 5184 Quod

845 5218 908 5271 ad
927 5217 1155 5271 decimas
1167 5225 1368 5284 spectat
1382 5229 1512 5284 quas
1527 5213 1714 5270 obtulit
1729 5211 1991 5266 Abraham
2008 5207 2411 5272 Melchisedeco,

847 5309 1031 5363 eadem
1065 5307 1272 5361 brevius
1299 5307 1384 5361 hic
1411 5307 1539 5360 dicit
1566 5320 1685 5374 quae
1715 5305 1767 5357 in
1803 5300 2198 5357 Commentario
2234 5299 2286 5353 in
2312 5299 2416 5354 Ge-

851 5398 1017 5453 uesim
1038 5438 1054 5464 ,
1081 5397 1186 5452 col.
1209 5397 1331 5460 527,
1354 5395 1478 5459 328,
1507 5394 1694 5448 eodem
1723 5393 1881 5446 allato
1909 5392 1967 5444 Β.
1999 5390 2145 5444 Pauli
2175 5390 2310 5442 loco.
2343 5389 2416 5444 De

850 5490 1057 5546 ﬁliabus
1076 5489 1174 5543 Lot
1195 5487 1332 5543 idem
1355 5488 1439 5540 hic
1459 5484 1794 5555 paucioribus
1820 5483 1946 5536 dicit
1971 5523 1986 5547 ,
2015 5480 2153 5550 quod
2182 5480 2418 5550 pluribus

844 5593 1034 5639 narrat
1059 5583 1113 5637 in
1141 5579 1384 5634 Geuesim
1410 5616 1425 5641 ,
1454 5575 1557 5630 col.
1604 5571 1865 5628 ilo-ili.
1909 5570 2035 5624 Item
2063 5571 2130 5625 dc
2158 5569 2417 5625 sacriﬁcio

852 5671 1074 5729 Abl-aha:
1107 5667 1420 5741 compendio
1445 5673 1624 5721 narrat
1655 5680 1714 5720 ea
1736 5706 1750 5732 ,
1780 5679 1895 5732 qlne
1937 5661 2048 5717 fuse
2093 5661 2318 5729 explicat
2362 5658 2412 5712 in
2591 5663 2664 5725 (α)
2699 5660 2804 5711 Vid.
2824 5661 2953 5710 Tomi
2973 5656 3114 5721 huius
3139 5653 3271 5706 crast.
3293 5655 3314 5715 §
3339 5661 3409 5707 ut.
