3962 6190
193 321 300 378 sn'
1403 309 1726 376 mamma
1769 311 1832 366 m
1875 308 2226 368 svnorsm.
3348 324 3478 378 δη.

191 443 450 494 sostomus.
487 430 539 484 in
583 427 813 500 Synapsi
837 434 892 483 et
916 425 1234 498 compendio
1278 427 1589 497 exquirere,
1624 425 1750 480 illud

193 534 317 582 esset
340 521 532 577 nodum
561 521 614 575 in
643 521 822 584 scirpo
858 533 1116 586 quaerere.
1155 517 1352 573 Verum
1383 516 1546 572 dictio
1575 515 1750 588 Chry-

189 615 388 671 sostomi
419 626 540 667 esse
561 609 1000 682 deprehenditur,
1031 608 1102 682 ita
1132 623 1284 678 pura,
1311 607 1454 662 clara
1483 606 1752 676 nitidaque

186 716 274 762 est.
305 704 408 759 Etsi
445 718 572 758 vero
606 717 695 757 res
721 699 1039 771 compendio
1077 698 1292 766 referat,
1342 697 1628 768 aliquando
1670 707 1752 752 ta-

188 815 291 854 men
331 798 674 866 interpretem
692 795 820 864 agit,
847 808 937 849 res
963 793 1214 862 explicat,
1252 802 1306 847 et
1329 791 1431 846 alia
1463 791 1752 862 Scriptura:

186 889 494 957 maximeque
534 885 684 941 Pauli
716 887 832 940 loca
860 885 1016 940 affert
1044 884 1109 939 ad
1141 884 1570 954 explanationem
1607 893 1750 953 apta.

185 982 276 1038 Nec
313 981 470 1036 nimis
507 979 688 1050 jejuna
729 978 987 1050 Synopsis
1027 987 1106 1033 est
1128 1019 1144 1044 ,
1175 977 1270 1032 sed
1311 978 1361 1031 in
1392 977 1754 1032 Pentateucho

182 1073 387 1128 maxime
425 1071 568 1141 justa
593 1084 730 1140 pene
747 1068 1073 1140 longitudine
1099 1068 1373 1124 historiam
1397 1069 1545 1135 texit,
1570 1078 1628 1124 ut
1656 1084 1752 1125 ex-

182 1163 407 1233 emplaris
429 1163 546 1218 loco
564 1162 734 1218 hacin
759 1170 910 1232 parte
932 1161 1112 1217 haberi
1134 1162 1319 1232 possit.
1341 1161 1643 1218 Verisimile
1668 1177 1756 1217 au-

181 1270 272 1314 tem
295 1266 371 1314 est
397 1260 572 1328 ipsum
593 1255 662 1311 ad
686 1271 836 1311 usum
865 1271 1021 1310 suum
1052 1263 1220 1310 totam
1241 1255 1570 1324 Scripturam
1599 1255 1676 1310 sic
1699 1256 1752 1310 in

179 1347 422 1420 Synopsin
454 1356 613 1417 atque
639 1345 1016 1416 compendium
1035 1344 1328 1415 redegisse.
1360 1345 1416 1401 Si
1439 1361 1600 1416 porro
1620 1345 1754 1402 Novi

179 1443 483 1500 Testamenti
505 1442 763 1514 Synopsis
781 1439 1068 1512 aliquando
1091 1455 1158 1495 ex
1189 1441 1422 1497 tenebris
1445 1441 1751 1509 emerserit,

189 1534 292 1589 inde
312 1549 469 1598 nova,
497 1543 554 1588 ut
579 1532 1022 1605 dixi,prodibunt
1048 1541 1358 1602 argumenta
1375 1575 1389 1597 ,
1421 1533 1572 1604 queis
1595 1548 1754 1589 verus

183 1628 325 1682 totius
350 1626 661 1698 Synopseos
678 1635 867 1680 auctor
901 1623 1350 1694 deprehendatur.
1385 1624 1462 1679 Ex
1492 1624 1556 1680 iis
1573 1634 1752 1681 autem

176 1733 278 1786 qua:
292 1723 612 1787 supersunt,
627 1724 682 1770 et
698 1730 760 1770 ex
780 1715 1154 1786 Manuscriptis
1175 1724 1326 1771 eruta
1343 1726 1485 1784 sunt,
1520 1714 1755 1789 Chryso-

178 1815 382 1862 stomum
411 1822 555 1874 esse,
573 1807 899 1876 argumentis
923 1807 976 1861 in
1005 1806 1238 1861 medium
1261 1807 1456 1872 allatis,
1483 1807 1702 1878 probavi
1731 1825 1746 1862 :

180 1917 268 1954 non
295 1901 360 1955 ita
385 1910 567 1955 tamen
593 1911 649 1954 ut
671 1915 784 1955 rem
824 1898 1111 1969 perfectam
1142 1899 1544 1970 absolutamque
1572 1899 1755 1954 existi-

179 2008 320 2047 mem.
349 1993 695 2048 Eruditorum
718 1992 912 2062 quippe
927 1990 1184 2062 judicium
1205 1999 1463 2062 exspecto
1488 2010 1502 2047 :
1528 2006 1648 2046 nam
1666 2009 1754 2048 res

179 2083 374 2153 majoris
388 2094 469 2140 est
494 2085 751 2140 momenti
767 2098 924 2154 quam
945 2091 1002 2137 ut
1018 2083 1183 2152 possit
1200 2083 1358 2138 unius
1377 2083 1650 2153 scriptoris
1667 2083 1754 2152 ju-

183 2175 308 2231 dicio
328 2177 514 2244 dirimi,
537 2187 592 2232 et
619 2177 820 2247 absque
864 2176 1228 2230 controversia
1259 2190 1378 2230 esse
1399 2176 1751 2245 pronuntiari.

242 2267 485 2324 nestatut
514 2269 582 2324 de
611 2267 845 2340 Synopsi
883 2266 1176 2336 Scriptura:
1218 2265 1307 2321 illa
1346 2281 1584 2337 agamus,
1633 2282 1752 2336 qua:

179 2360 302 2417 inter
339 2363 617 2420 Athanasii
655 2362 829 2433 Opera
871 2358 1266 2427 circumfertur,
1295 2375 1580 2432 quamque,
1627 2359 1753 2416 licet

1861 426 2130 497 diligentis
2167 426 2438 495 scriptoris
2464 442 2599 497 opus
2623 427 2712 492 sit,
2739 427 3012 484 Athanasii
3041 446 3144 485 non
3175 447 3296 488 esse
3325 449 3457 504 pro-

1861 518 2102 572 bavimus
2141 518 2294 572 Tom.
2319 517 2376 572 2.
2410 518 2498 572 Illa
2521 534 2649 573 vero
2678 520 2730 573 in
2756 519 2907 575 libris
2950 522 3198 578 omnibus
3238 526 3458 580 histori-

1859 609 1956 676 cis,
1990 610 2041 663 in
2071 609 2454 678 Pentateucho,
2503 611 2554 664 in
2587 610 2736 666 libris
2773 611 3002 682 Regum,
3033 621 3089 668 et
3116 614 3168 668 in
3213 614 3457 684 Prophe-

1860 704 1947 768 tis,
1981 713 2092 758 toto
2131 705 2264 760 caelo
2293 705 2467 760 differt
2494 705 2563 760 ab
2585 705 2685 761 hac
2723 715 2903 761 nostra
2945 705 3196 780 Synopsi,
3238 726 3339 765 nec
3368 721 3452 764 cst

1859 793 1984 849 huic
2023 795 2400 865 comparanda,
2434 806 2490 852 ut
2526 798 2698 866 quivis
2745 801 2924 854 statim
2971 802 3274 870 perspiciat.
3301 803 3355 857 ln
3389 804 3454 858 li-

1857 888 1970 943 bris
1997 905 2125 945 vero
2150 889 2471 954 Salomonis,
2497 891 2549 944 in
2567 890 2854 961 Sapientia,
2876 893 2926 947 in
2955 893 3212 958 Siracide,
3233 895 3444 956 Esther.

1857 978 2057 1045 Tobia,
2104 979 2283 1036 Judith
2307 1022 2321 1045 ,
2359 981 2546 1036 eadem
2593 983 2704 1051 ipsa
2749 992 2831 1038 est
2866 1000 2880 1037 :
2911 999 3249 1055 angurorque
3300 986 3448 1040 illum

1858 1068 2129 1140 Synopses
2149 1071 2407 1126 librorum
2433 1071 2736 1142 hujusmodi
2761 1089 2829 1130 ex
2859 1085 3041 1129 nostra
3071 1075 3300 1147 Synopsi
3334 1093 3448 1130 mn-

1862 1169 2065 1217 tuatum
2091 1177 2230 1218 esse.
2256 1163 2387 1217 Nam
2405 1163 2547 1219 illius
2561 1164 2865 1236 Syn0pscos
2887 1168 3225 1237 scriptorem,
3247 1176 3444 1223 nostrae

1857 1253 2163 1325 Synopseos
2183 1264 2402 1311 auctore
2422 1265 2576 1310 aetate
2597 1257 2754 1328 longe
2769 1257 3074 1313 inferiorem
3094 1274 3212 1315 esse
3234 1275 3337 1314 non
3355 1260 3444 1314 du‘

1858 1345 1989 1411 hito,
2009 1361 2108 1402 nec
2128 1345 2390 1403 dubitabit
2405 1355 2531 1417 puto
2548 1348 2848 1418 quisquam.
2864 1348 3127 1404 Caeterum
3150 1350 3271 1405 libri
3293 1350 3448 1410 Levi-

1859 1437 1947 1492 tici
1974 1437 2252 1509 Synopsis,
2285 1453 2404 1508 qua:
2431 1440 2483 1492 in
2512 1437 2838 1495 Coisliniano
2867 1438 3063 1495 Codice
3092 1441 3445 1509 desideratur,

1858 1543 2126 1598 quamque
2155 1543 2220 1583 ex
2246 1528 2498 1584 Batavico
2515 1528 2854 1600 Lugdunensi
2881 1530 3295 1601 desumpsimus,
3316 1547 3438 1587 cum

1857 1619 2082 1692 Synopsi
2108 1619 2194 1674 illa
2209 1619 2500 1676 Athanasio
2511 1607 2798 1690 adscripta,
2821 1621 2963 1692 quod
2988 1619 3056 1675 ad
3074 1637 3316 1694 magnam
3335 1623 3412 1678 Sal
3428 1654 3445 1664 -

1859 1720 1965 1766 lem
1993 1711 2073 1766 sui
2103 1720 2329 1782 partem,
2357 1715 2644 1782 consentit,
2671 1712 2813 1783 quod
2843 1727 2946 1782 qua
2985 1714 3188 1768 ratione
3212 1716 3449 1786 contige-

1857 1805 1945 1870 rit,
1970 1819 2076 1859 non
2103 1804 2233 1859 satis
2260 1805 2515 1875 percipio.

1928 1895 2228 1950 Putaveriin
2250 1903 2427 1950 autem
2464 1894 2897 1966 Chrysostomum
2928 1893 3031 1949 hoc
3052 1895 3232 1965 operis
3259 1894 3448 1950 Antio-

1857 1985 1994 2041 chia).
2023 1985 2369 2041 adornavisse
2392 1984 2623 2041 fortasse
2641 1995 2922 2055 antequam
2941 1985 3290 2040 concionandi
3318 2002 3448 2056 Ope-

1857 2093 1972 2133 ram
2013 2077 2334 2148 susciperet,
2378 2087 2435 2131 ut
2485 2076 2587 2132 hoc
2631 2077 2761 2132 satis
2799 2077 2980 2147 amplo
3017 2076 3336 2148 compendio
3378 2079 3444 2132 ad

1858 2167 2006 2223 verbi
2036 2167 2128 2222 Dei
2174 2167 2603 2237 praedicationem
2644 2177 2906 2234 uteretur,
2941 2177 2996 2223 et
3015 2167 3080 2221 ad
3113 2183 3326 2222 manum
3353 2168 3446 2222 ha-

1860 2258 2011 2316 beret
2039 2256 2179 2315 unde
2197 2257 2512 2314 concionum
2538 2266 2848 2328 argumenta
2879 2265 3230 2313 mutnarctur.
