4090 6216
497 311 618 370 ίῦιὸ
1248 312 1308 365 S.
1340 303 1624 365 JOANNIS
1655 296 2137 359 CHRYSOSTOMI
2177 295 2491 354 ARCHIEP.
2533 285 3078 348 CONS'I‘ANTINOP.

520 604 3692 663 ._______________________________________..___.____.___

3648 277 3751 335 3H

1313 1061 1539 1147 ΤΟΥ
1603 1061 1748 1146 EN
1805 1056 2168 1146 ΑΓΙΟΙΣ
2239 1048 2673 1142 ΠΑΤΡΟΣ
2727 1043 3049 1134 ΗΜΩΝ

507 1441 1518 1627 ΙΩΑΝΝΟΥ
1577 1435 2014 1610 ΤΟΥ
2060 1422 3756 1606 ΧΡΥΣΟΣΤΟΜΟΥ

1866 1918 2356 2012 ΣΥΝΟΨΙΣ

1181 2290 1296 2358 Τῆς
1334 2287 1599 2354 [laxatae
1638 2303 1699 2340 τε
1743 2284 1840 2339 καὶ
1880 2283 2120 2352 Καινῆς,
2155 2281 2230 2346 ὡς
2264 2280 2332 2332 ἐν
2370 2276 2529 2342 τάξει
2558 2269 3031 2339 ὐπομνηστικοῦ.

1945 2850 2347 2906 ΠΡΟΘΕΩΡῙΑ.

583 3108 758 3180 Καινὴ
789 3109 1003 3176 λέγεται
1035 3101 1141 3155 ἀπὸ
1160 3098 1254 3153 τοῦ
1279 3097 1469 3170 χρόνου
1496 3095 1586 3148 καὶ
1614 3093 1721 3147 ἀπὸ
1741 3093 1840 3162 τῆς
1871 3089 2084 3161 φύσεως

512 3204 621 3256 τῶν
649 3202 707 3254 ἐν
732 3201 868 3270 αὐτῇ
893 3195 1218 3268 γενομένων,
1259 3191 1340 3244 ὅτι
1380 3188 1556 3242 πάντα
1589 3181 1960 3252 ἁνεκαινίσθη,
1990 3182 2086 3234 καὶ

517 3293 731 3365 πρῶτον
760 3290 1060 3361 ἄνθρωπος,
1093 3286 1159 3338 δι’
1188 3282 1247 3335 ὃν
1293 3280 1362 3333 τὰ
1399 3279 1595 3334 πάντα.
1627 3277 1744 3329 Ἵνα
1784 3273 1842 3327 δὲ
1878 3273 1952 3344 μή
2003 3287 2085 3334 τις

515 3364 1045 3453 λέγῃ·⁰Οούρανδςὸ
1084 3373 1266 3439 αὐτὸς,
1314 3374 1350 3442 ή
1393 3369 1487 3440 γῆ,
1533 3369 1626 3422 καὶ
1656 3367 1716 3419 τὸ
1755 3364 2085 3436 κυριώτατον

515 3451 772 3524 ἁπάντων
824 3466 1133 3536 ἄνθρωπος·
1185 3462 1278 3516 καὶ
1333 3459 1393 3528 (ί.
1443 3457 1647 3524 καινὸς)
1701 3454 1863 3524 νόμος
1909 3451 2082 3523 ἐδόθη,

517 3561 699 3616 καιναὶ
730 3557 959 3622 ἐντολαὶ,
990 3553 1149 3626 καινὴ
1175 3554 1210 3623 ἡ
1255 3549 1413 3621 χάρις
1454 3545 1664 3602 διὰ’τοῦ-
1685 3544 1932 3616 λουτροῦ,
1962 3560 2086 3596 και-

516 3655 603 3717 νὸς
634 3651 938 3721 ἄνθρωπος,
965 3644 1151 3700 καιναὶ
1169 3639 1509 3709 ἐπαγγελίαι.
1539 3636 1734 3691 Οὐκέτι
1753 3635 1861 3706 γὰρ
1882 3634 1953 3705 γῆ
1995 3635 2087 3688 καὶ

515 3744 586 3798 τά
631 3741 739 3796 ἀπὸ
778 3741 876 3810 τῆς
902 3738 1006 3808 γῆς
1025 3752 1041 3767 ο
1065 3734 1179 3790 ἀλλ’
1213 3731 1457 3804 οὐρανὸς,
1501 3729 1597 3783 κα)⁸
1624 3727 1692 3781 τά
1735 3727 1793 3780 ἐν
1818 3726 2082 3797 οὐρανοῖς.

519 3833 697 3889 Καινὰ
725 3831 794 3885 τὰ
827 3829 1115 3902 μυστήρια.
1140 3822 1462 3892 Οὐκέτι-γὰρ
1477 3821 1657 3875 ἐκεῖνα
1678 3818 1748 3872 τά
1777 3815 2084 3888 σωματικὰ,

520 3923 786 3996 πρόϐατον
826 3919 919 3974 καὶ
951 3913 1088 3989 αἷμα
1108 3956 1126 3982 ,
1161 3918 1255 3970 καὶ
1288 3914 1500 3975 κνίσσα,
1527 3911 1622 3964 καὶ
1650 3909 1872 3980 κόπρος,
1911 3906 2024 3961 ἀλλ’
2052 3906 2085 3976 ή

519 4014 707 4085 λογικὴ
737 4013 831 4066 καὶ
855 4011 1104 4082 ἐνάρετος
1131 4007 1373 4079 λατρεία,
1403 4003 1473 4058 τὰ
1504 3999 1932 4073 παραγγέλματα
1964 4015 2087 4052 και-

519 4108 606 4172 νὰ,
643 4105 796 4171 ξύλον
824 4104 903 4167 είς
940 4101 1197 4173 οὐρανοὺς
1227 4097 1426 4166 ἀνάγον
1454 4095 1549 4149 καὶ
1595 4092 1830 4164 ὑψηλοὺς
1861 4089 2088 4162 ἐργαζό-

523 4215 702 4268 μενον.
728 4195 934 4257 Σκοπὸς
950 4193 1013 4264 δὴ
1043 4189 1376 4262 ἐκατέρωθεν
1401 4186 1508 4240 τῶν
1533 4183 1812 4252 Διαθηκῶν
1834 4174 1933 4243 εἷς,
1981 4178 2088 4232 τῶν

521 4285 819 4357 ἀνθρώπων
844 4286 877 4354 ή
902 4283 1203 4354 διόρθωσις.
1219 4277 1330 4332 Καὶ
1349 4276 1400 4329 τί
1417 4277 1499 4329 δεῖ
1517 4271 1814 4343 θαυμάζειν
1841 4269 1966 4339 περὶ
1989 4268 2088 4338 τῆς

521 4375 760 4445 Γραφῆς,
795 4375 928 4427 ὅπου
961 4389 1024 4439 γε
1050 4371 1143 4424 καὶ
1169 4369 1268 4439 τῆς
1300 4367 1528 4428 κτίσεως
1557 4363 1725 4432 αὐτῆς
1754 4364 1788 4432 ή
1815 4359 1970 4431 χρεία
1999 4357 2088 4411 διὰ

521 4465 744 4530 τοῦτον;
774 4465 884 4517 Καὶ
929 4462 1038 4532 γὰρ
1079 4459 1305 4531 οὐρανὸν
1356 4456 1527 4527 μέγαν
1551 4454 1615 4507 δι’
1643 4453 1805 4508 αὑτὸν
1841 4449 2085 4519 ἐποίησε,

524 4557 621 4610 καὶ
660 4556 764 4624 γῆν
813 4553 1044 4616 εὐθεῖαν,
1078 4553 1170 4604 καὶ
1195 4550 1465 4603 Θάλασσαν
1521 4546 1662 4616 ὑπὲρ
1714 4545 1812 4616 τήν
1866 4541 2087 4613 χρείαν,

525 4648 613 4701 ἵνα
644 4645 752 4701 ἀπὸ
800 4643 894 4697 τοῦ
947 4641 1206 4713 μεγέθους
1233 4638 1341 4692 τῶν
1389 4632 1694 4706 γενομένων
1718 4634 2090 4702 θαυμάσαντες

521 4738 615 4791 τὸν
663 4734 1024 4807 Δημιουργδν,
1070 4733 1148 4795 είς
1179 4729 1502 4799 θεογνωσίαν
1531 4726 1742 4780 ἔλθωσι.
1779 4725 1889 4779 Καὶ
1919 4723 2091 4777 ταῦτα

523 4827 616 4884 οὖν
665 4829 754 4884 διὰ
799 4827 984 4883 τοῦτον
1010 4823 1254 4895 γέγονεν.
1294 4821 1449 4874 Ἐπεὶ
1494 4814 1585 4872 οὖν
1618 4817 1818 4880 σκοπὸς
1863 4812 1945 4895 εἷς
1988 4818 2090 4888 τῆς

527 4922 764 4984 Παλαιᾶς
797 4919 892 4974 καὶ
916 4893 1253 4991 τῆςὴΚαινῆς
1272 4955 1286 4978 ,
1320 4913 1613 4980 ἀναγκαῖον
1637 4905 1772 4964 εἶναι
1795 4893 2040 4978 ἐνόμισεν
2063 4907 2092 4959 ὁ
2135 4931 2150 4946 α

524 5013 762 5082 Μωῦσῆς
781 5012 875 5064 καὶ
898 5008 1135 5081 ίστορίας
1152 5002 1462 5076 ἀναγράψαι
1478 5001 1732 5065 παλαιάςο
1748 5001 1808 5052 οὐ
1834 4998 1974 5053 κατὰ
1993 4999 2096 5069 τὴν

526 5098 723 5164 ἔξωθεν
739 5098 1053 5153 ἀκολουθίαν
1071 5113 1086 5130 ⁸
1106 5099 1304 5151 ἐκεῖνοι
1327 5093 1425 5165 μὲν
1451 5091 1560 5164 γὰρ
1597 5091 1832 5163 ἱστορίας
1854 5089 2092 5160 γράφου-

530 5206 615 5242 σιν
661 5187 866 5252 άπλῶς,
909 5187 1048 5241 ὥστε
1092 5185 1432 5258 πραγμάτων
1463 5183 1743 5254 διηγήσεις
1785 5179 2091 5243 ποιεῖσθαι,
2134 5229 2141 5236 .

529 5281 621 5335 καὶ
648 5278 915 5350 πολέμους
944 5279 1036 5330 καὶ
1065 5278 1241 5348 μάχας
1267 5279 1346 5341 είς
1369 5277 1531 5347 μέσον
1560 5274 1805 5342 ἀγαγεῖν,
1834 5273 1928 5326 καὶ
1955 5288 2092 5342 καρ-

531 5372 815 5426 πώσασθαι
846 5371 1000 5436 δόξαν
1032 5369 1139 5423 άπὸ
1161 5368 1270 5423 τῶν
1293 5367 1653 5438 γραμμάτων.
1693 5365 1752 5419 '0
1781 5363 1839 5418 δὲ
1881 5361 2097 5432 νομοθέ-

527 5481 631 5537 της
675 5464 775 5536 οὐχ
803 5462 1004 5526 οὕτως·
1056 5461 1191 5517 ἀλλὰ
1239 5460 1466 5515 πάντοτε
1512 5456 1750 5529 ἱστορίας
1793 5454 2096 5526 ἀναγράφει

529 5557 739 5630 ἀνδρῶν
792 5555 1038 5627 μεγάλων
1091 5551 1548 5623 κατωρθωκότων,
1598 5547 1739 5601 ὥστε
1791 5549 1904 5610 τοῖς
1961 5545 2096 5616 μετὰ

530 5648 702 5704 ταῦτα
744 5650 852 5702 τῶν
899 5645 1124 5708 ἐκείνοις
1153 5641 1494 5715 βεϐιωμένων
1518 5638 1616 5710 τὴν
1657 5637 1907 5708 διήγησιν
1944 5634 2095 5703 γενέ-

534 5738 658 5795 σθαι
699 5738 1039 5801 διδασκαλίας
1071 5734 1282 5807 ἀγαθῆς
1327 5730 1601 5788 ὑπόθεσιν.
1631 5726 1730 5782 Διὰ
1761 5727 1827 5794 δὴ
1852 5725 2008 5780 τοῦτο
2034 5723 2092 5778 ού

2187 3088 2349 3160 μόνον
2389 3085 2513 3148 τοὺς
2538 3079 2969 3152 κατωρθωκότας
3011 3080 3096 3144 εἰς
3131 3081 3291 3152 μέσον
3324 3082 3466 3150 ἄγει,
3496 3081 3630 3135 ἀλλὰ
3658 3085 3756 3136 καὶ

2183 3180 2310 3242 τοὺς
2337 3175 2741 3248 ἡμαρτηκότας,
2765 3175 2854 3226 ἵνα
2883 3171 3010 3235 τοὺς
3042 3173 3138 3243 μὲν
3167 3170 3518 3244 ζηλώσωμεν,
3549 3175 3672 3236 τοὺς
3695 3174 3757 3227 δὲ

2187 3267 2537 3338 ἐκφύγωμεν,
2569 3265 2661 3319 καὶ
2693 3262 3028 3334 ἑκατέρωθεν
3053 3261 3264 3333 ὀρθωθῇ
3304 3263 3374 3316 τὰ
3417 3263 3514 3334 τῆς
3557 3263 3760 3334 ἀρετῆς

2185 3359 2278 3412 καὶ
2301 3359 2370 3412 τὰ
2396 3357 2496 3426 τῆς
2523 3353 2856 3425 ἐπιμελείας.
2891 3354 2981 3424 Μὴ
3009 3353 3185 3407 τοίνυν
3211 3353 3476 3425 νομιζέτω
3503 3372 3585 3418 τις
3610 3355 3760 3420 ξένον

2186 3446 2327 3505 εἶναι
2353 3446 2639 3518 νομοθέτου
2670 3445 2731 3498 τὸ
2759 3444 2998 3508 παλαιὰς
3053 3444 3288 3517 ἱστορίας
3317 3442 3617 3514 διηγεῖσθαι
3661 3445 3761 3498 καὶ

2185 3542 2382 3612 νόμους
2415 3537 2563 3611 [515]
2606 3536 2959 3608 ἀναγράφειν.
2994 3537 3169 3608 Ὅπερ
3199 3536 3306 3607 γὰρ
3341 3537 3515 3608 ίσχύει
3557 3538 3759 3608 νόμος,

2185 3631 2340 3686 τοῦτο
2385 3631 2479 3684 κα)⁵
2523 3629 2849 3700 ή-διήγησις
2895 3626 2989 3680 τοῦ
3042 3627 3155 3698 βίου
3202 3627 3311 3681 τῶν
3357 3629 3547 3697 ἁγίων.
3601 3630 3758 3681 Ἔστι

2185 3724 2361 3778 τοίνυν
2385 3723 2484 3794 τῆς
2514 3720 2756 3783 Παλαιᾶς
2784 3719 2846 3772 τὸ
2871 3720 2969 3790 μὲν
3006 3717 3276 3790 ἱστορικὸν
3297 3760 3310 3784 ,
3356 3719 3433 3783 ὡς
3474 3721 3508 3790 ἡ
3557 3721 3756 3774 Ὀκτά-

2187 3833 2373 3886 τευχος
2395 3833 2410 3846 ο
2443 3816 2476 3886 ή
2507 3812 2605 3885 μὲν
2627 3812 2842 3875 Γένεσις
2872 3810 2940 3865 τά
2968 3813 3096 3881 περὶ
3124 3812 3224 3882 τῆς
3250 3812 3609 3883 δημιουργίας
3671 3811 3748 3865 δι-

2188 3905 2488 3976 ηγουμένη,
2523 3903 2617 3957 καὶ
2649 3901 2718 3955 τὰ
2747 3904 2875 3972 περὶ
2909 3904 3001 3954 τοῦ
3036 3901 3151 3972 βίου
3167 3902 3274 3956 τῶν
3311 3902 3761 3974 εύηρεστηκότων

2186 3995 2330 4067 eap-
2355 3997 2388 4067 ή
2415 3994 2472 4048 δὲ
2502 3993 2717 4060 Ἐξοδος
2745 3992 2843 4063 τὴν
2863 3991 3184 4064 ἀπαλλαγὴν
3213 3993 3322 4046 τῶν
3363 3993 3632 4047 Ἰουδαίων
3657 3992 3756 4065 τὴν

2188 4088 2246 4155 ἐξ
2279 4080 2574 4156 Αἰγύπτου,
2613 4083 2712 4155 τὴν
2761 4083 3059 4154 παράδοξον
3104 4085 3338 4154 ἐκείνην,
3393 4085 3487 4138 καὶ
3530 4084 3626 4156 τὴν
3657 4086 3756 4155 τῆς

2188 4178 2396 4250 ἐρήμου
2440 4173 2744 4246 διατριϐὴν,
2778 4175 2873 4228 καί¹
2915 4175 3016 4244 τήν
3046 4174 3141 4227 τοῦ
3170 4175 3334 4246 νόμου
3364 4175 3541 4230 δόσιν·
3593 4177 3652 4229 τὸ
3697 4176 3757 4229 δὲ

2189 4266 2470 4321 Λευιτικὸν
2493 4264 2560 4318 τὰ
2591 4265 2717 4336 περὶ
2745 4263 2944 4318 θυσιῶν
2969 4265 3064 4318 καὶ
3090 4265 3426 4337 ἱερουργίαςο
3469 4269 3502 4335 ἡ
3529 4266 3636 4336 γὰρ
3661 4265 3756 4319 τοῦ

2190 4357 2324 4412 Λευὶ
2356 4356 2496 4428 φυλὴ
2531 4355 2668 4425 αὕτη
2696 4351 2762 4426 ἧν
2795 4355 2829 4425 ή
2861 4356 2960 4428 τήν
2993 4357 3291 4429 ἱερωσύνην
3330 4357 3758 4430 κεκληρωμένη,

2189 4449 2283 4501 καὶ⁵
2335 4448 2442 4502 ἀπὺ
2480 4447 2575 4501 τοῦ
2609 4448 2867 4519 ὀνόματος
2899 4448 2998 4518 τῆς
3043 4447 3216 4518 φυλῆς
3246 4449 3346 4522 τὴν
3388 4449 3761 4520 προσηγορίαν

2190 4539 2345 4607 ἔλαχε
2375 4538 2436 4591 τὸ
2466 4537 2686 4608 βιϐλίον.
2719 4540 2850 4592 Μετ’
2880 4540 3054 4592 ἐκεῖνο
3073 4539 3124 4591 οἱ
3167 4538 3443 4610 Ἀριθμοί·
3485 4539 3624 4609 μετὰ
3651 4539 3763 4612 γάρ

2188 4631 2250 4684 τὸ
2274 4629 2508 4696 ἐξελθεῖν
2544 4629 2603 4696 ἐξ
2639 4629 2937 4699 Αἰγύπτου,
2971 4630 3253 4686 ἐκέλευσεν
3283 4632 3311 4684 ὁ
3337 4631 3490 4706 ρεὸς
3519 4631 3761 4703 ἀριθμη-

2191 4721 2348 4792 θῆναι
2381 4721 2472 4774 τὸν
2497 4720 2669 4791 δῆμον
2699 4719 2807 4774 τῶν
2845 4721 3134 4788 Ἰουδαίων,
3168 4724 3265 4776 καὶ
3307 4718 3449 4793 ἦσαν
3484 4722 3762 4789 ἑξακόσιαι

2191 4812 2448 4886 χιλιάδες,
2481 4814 2574 4882 ἀφ’
2597 4812 2715 4877 ἐνὸς
2743 4811 3028 4883 ἀνθρώπου
3045 4813 3139 4867 τοῦ
3171 4813 3420 4886 Ἀϐραὰμ
3449 4813 3761 4883 γενόμεναι.

2191 4901 2324 4960 Εἶτα
2349 4905 2466 4976 μετ’
2487 4905 2664 4958 ἐκεῖνο
2689 4904 2750 4958 τὸ
2782 4905 3198 4976 Δευτερονόμιον
3214 4923 3230 4939 ⁶
3257 4906 3350 4960 τὸν
3378 4905 3486 4977 γὰρ
3510 4905 3672 4976 νόμον
3696 4907 3764 4959 ἐκ

2190 4997 2442 5068 δευτέρου
2480 4996 2824 5067 ήρμήνευσεν
2867 4998 3050 5060 αὐτοῖς
3089 4998 3118 5050 δ
3160 4997 3420 5066 Μωῦσῆς.
3466 4993 3600 5051 Εῐτα
3645 4997 3763 5068 μετ’

2193 5088 2367 5140 ἐκεῖνο
2423 5083 2628 5155 Ἰησοῦς
2680 5086 2708 5137 ὁ
2755 5086 2848 5138 τοῦ
2882 5085 3074 5156 Ναυῆ·
3123 5079 3278 5149 οὗτος
3314 5085 3424 5155 γὰρ
3477 5087 3617 5157 μετὰ
3671 5087 3765 5140 τὸν

2193 5177 2432 5236 Μωῦσέα
2462 5177 2748 5246 γενόμενος
2770 5175 2945 5230 αὐτῶν
2969 5176 3311 5248 δημαγωγὸς,
3342 5175 3425 5240 εἴς
3447 5194 3508 5230 τε
3534 5177 3633 5248 τὴν
3663 5177 3766 5247 γῆν

2193 5269 2294 5340 τῆς
2319 5268 2646 5337 ἐπαγγελίας
2667 5268 2946 5340 εἰσήγαγε,
2977 5268 3072 5322 καὶ
3097 5269 3197 5340 τὴν
3224 5269 3327 5340 γῆν
3359 5268 3594 5340 διένειμε
3623 5269 3766 5323 κατὰ

2198 5361 2428 5432 κλήρους
2455 5363 2577 5424 ταῖς
2605 5359 2811 5413 δώδεκα
2833 5360 3043 5429 φυλαῖς.
3070 5361 3203 5414 Μετ’
3236 5362 3440 5415 ἐκεῖνον
3458 5361 3510 5413 οί
3532 5359 3762 5430 Κριταί-

2193 5451 2287 5507 τοῦ
2325 5455 2434 5524 γὰρ
2491 5451 2664 5524 Ἰησοῦ
2711 5451 3161 5524 τελευτήσαντος,
3196 5454 3277 5516 είς
3314 5453 3769 5524 άριστοκράτειαν

2199 5543 2464 5616 μετέπεσε
2496 5543 2564 5597 τὰ
2599 5541 2902 5613 πράγματα
2929 5541 3035 5594 τῶν
3079 5542 3368 5607 Ἰουδαίων,
3401 5542 3495 5595 καὶ
3516 5543 3574 5596 αἱ
3601 5540 3768 5612 φυλαὶ

2156 5640 2161 5644 “
2196 5635 2480 5706 ἐκράτουν.
2524 5627 2844 5701 ΕῐταῬοὺθ,
2897 5631 3098 5703 βιϐλίον
3133 5633 3330 5706 βραχὺ,
3371 5633 3614 5705 ἱστορίαν
3644 5632 3768 5703 ἔχον

2201 5727 2459 5796 γυναικὸς
2485 5725 2800 5796 ἀλλοφύλου,
2837 5724 3177 5798 γαμηθείσης
3208 5726 3442 5795 Ἰουδαίῳ
3478 5725 3606 5783 τινί.
3630 5723 3769 5782 Μετ’
