3966 6192
193 227 290 285 515
1289 225 1616 283 SYNOPSIS
1651 225 2069 285 SCRIPTURIE
2108 227 2374 284 SACRIE.

3351 234 3466 290 5M-

205 573 3450 608 mm

1134 1099 1542 1190 SANCTI
1622 1101 2041 1190 PATRIS
2116 1098 2552 1192 NOSTRI

695 1389 1505 1683 JOANNIS
1623 1523 2991 1683 CHRYSOSTOMI

1557 2030 2127 2126 SYNOPSIS

850 2353 1084 2418 Veteris
1116 2361 1171 2414 et
1210 2353 1356 2414 noui
1395 2352 1780 2426 testamenti,
1830 2351 2009 2431 quasi
2052 2350 2508 2412 com-moniturt't'
2539 2368 2707 2411 ntere
2749 2348 2860 2431 (α).

1445 3205 1920 3270 CONSPECTUS
1959 3207 2252 3271 OPERIS.

244 3579 418 3645 Quare
435 3578 605 3649 prius
634 3575 1038 3631 Testamentum
1059 3574 1370 3645 appelletur,
1410 3575 1586 3632 Vetus.
1605 3577 1809 3649 Scopas
1904 3582 2265 3653 cognitionem
2287 3586 2556 3642 venirent.
2581 3587 2708 3643 Haec
2736 3587 2916 3660 itaque
2944 3603 3161 3663 propter
3187 3595 3334 3652 illum
3363 3597 3504 3657 facta

177 3679 449 3742 utriusque
466 3668 816 3726 Testamenti
828 3683 980 3721 unus.
994 3665 1196 3722 Divisio
1209 3667 1405 3723 Veteris
1421 3667 1742 3726 Testamenti
1755 3671 1812 3726 in

172 3759 1814 3830 lt:storiam,consitiaetprophetiam.-NovumTestamenturn

173 3858 364 3915 dicitur
382 3867 443 3914 et
461 3874 493 3912 a
529 3867 792 3924 tempore
813 3859 871 3908 et
889 3867 918 3905 a
935 3860 1120 3906 natura
1141 3865 1317 3905 rerum
1339 3864 1472 3920 quas
1490 3851 1799 3921 complecti-

173 3958 274 4018 tur,
286 3951 561 4021 quoniam
576 3946 764 4002 omnia
777 3951 1028 3999 renovata
1041 3949 1184 4010 sunt,
1197 3941 1475 4011 primoque
1486 3938 1669 4008 homo,
1681 3956 1799 4011 pru-

175 4053 284 4112 pter
296 4058 466 4114 quem
486 4041 688 4096 omnia
707 4043 834 4091 sunt
849 4034 1079 4089 condita.
1101 4032 1179 4088 Ne
1194 4033 1313 4102 quis
1329 4042 1503 4086 autem
1519 4031 1660 4086 dicat
1679 4049 1691 4085 :
1711 4033 1797 4086 At-

172 4137 254 4203 qui
268 4137 469 4190 emtum
485 4133 650 4188 idem
665 4137 770 4193 est,
791 4137 932 4183 terra
950 4127 1160 4191 eadem,
1175 4133 1231 4180 et
1248 4125 1409 4179 homo
1443 4139 1676 4194 quoque,
1701 4140 1790 4182 res

173 4227 410 4280 omnium
430 4221 804 4294 dignissima;
835 4233 967 4273 nova
985 4218 1065 4271 lex
1084 4215 1205 4271 data
1221 4225 1324 4282 est,
1349 4229 1484 4269 nova
1509 4223 1792 4285 praecepta,

172 4333 303 4371 nova
319 4318 509 4388 gratia
547 4329 654 4384 per
670 4312 1156 4365 lavacrummovus
1184 4305 1538 4373 homo,nov:e
1574 4306 1798 4376 promis-

171 4412 369 4466 siones.
393 4409 524 4465 Non
556 4407 708 4462 enim
737 4404 878 4458 ultra
915 4402 1086 4472 agitur
1115 4401 1183 4456 de
1206 4409 1345 4455 terra
1361 4407 1414 4454 et
1433 4399 1500 4454 de
1527 4399 1792 4464 terrenis;

170 4503 260 4556 sed
284 4501 354 4556 de
371 4501 521 4555 crclo
541 4496 691 4553 etde
707 4494 1030 4550 ezelestihus.
1049 4491 1194 4546 Nova
1226 4490 1499 4562 mysteria.
1523 4489 1635 4546 Non
1658 4491 1795 4545 ultra

174 4592 344 4647 locum
365 4592 595 4646 habent
609 4587 700 4641 illa
714 4599 994 4654 corporea,
1014 4583 1148 4648 ovis,
1165 4582 1401 4652 sanguis,
1417 4580 1590 4644 nidor,
1610 4581 1791 4646 ﬁmus;

173 4684 261 4739 sed
276 4679 644 4738 rationabilis
660 4679 748 4732 ille
761 4677 986 4744 virtuteq
994 4690 1060 4728 ue
1071 4681 1290 4729 ornatus
1301 4672 1471 4726 cultus
1489 4689 1502 4725 :
1517 4685 1651 4726 nova
1668 4685 1797 4740 prte-

174 4784 345 4846 cepta.
386 4775 638 4844 Lignum
663 4782 764 4823 nos
792 4766 858 4820 ad
873 4767 1062 4822 caelum
1098 4764 1274 4830 ducit,
1301 4763 1660 4833 sublimesque
1677 4761 1798 4817 efﬁ-

172 4866 260 4919 cit.
275 4865 504 4935 Scopas
523 4868 714 4917 autem
732 4859 786 4913 in
802 4867 1030 4927 utroque
1056 4856 1401 4912 Testamento
1418 4869 1559 4911 unus
1580 4863 1682 4919 est,
1698 4853 1794 4908 ho-

176 4960 379 5013 minum
400 4969 620 5025 nempe
635 4951 962 5008 emendatio.
980 4948 1180 5020 Ecquid
1198 4949 1390 5002 mirum
1403 4947 1470 5002 de
1491 4948 1792 5015 Scriptura,

175 5052 388 5120 quando
407 5061 620 5106 natura
643 5057 753 5101 tota
784 5044 848 5100 ad
875 5043 988 5114 ejus
1010 5059 1162 5097 usum
1191 5050 1274 5096 est
1301 5039 1558 5095 condita?
1586 5038 1796 5093 Etenim

178 5159 434 5210 magnum
459 5149 701 5212 prapter
729 5137 877 5193 illum
899 5135 1086 5192 caelum
1110 5132 1365 5198 condidit,
1393 5141 1586 5186 terram
1610 5131 1793 5199 latam,

177 5251 326 5290 mare
356 5235 577 5305 majus,
607 5245 769 5303 quam
800 5227 1090 5284 necessitas
1118 5225 1392 5297 postulare
1416 5223 1712 5287 videbatur,
1739 5229 1798 5275 ut

177 5337 206 5377 a
231 5324 626 5397 magnitudine
655 5321 991 5392 opiﬁciorutn
1017 5320 1274 5391 Opiﬁcem
1301 5318 1576 5384 mirantes,
1607 5314 1675 5369 ad
1702 5314 1796 5369 Dei

236 5523 313 5586 (ᾳ)
349 5529 499 5572 Bene
527 5519 727 5586 dicitur.
745 5515 1108 5586 commmﬁtgfii,
1127 5515 1208 5566 vel
1232 5511 1548 5586 forte,_brevis
1561 5525 1798 5586 commen-

180 5573 486 5637 tarii'mare.
514 5589 637 5631 Nam
659 5573 739 5630 hic
763 5580 939 5642 passim
957 5573 1560 5642 “Chrysostomttsbreves
1587 5573 1798 5638 explica-

179 5655 341 5695 tiones
355 5646 583 5708 adjecit,
605 5639 881 5710 rerumque.
892 5641 945 5710 in
952 5639 1128 5710 Veteri
1143 5646 1453 5703 Testamento
1468 5645 1797 5690 cnarratarum

179 5718 285 5756 cum
303 5701 443 5758 act-6
469 5701 844 5755 consonantiam
869 5701 1054 5752 iudicat.

1904 3683 2048 3729 sunt.
2075 3675 2336 3744 Quoniam
2364 3679 2524 3748 igitur
2553 3679 2765 3737 Veteris
2787 3692 2840 3738 et
2863 3683 2996 3740 Novi
3027 3686 3350 3745 Testamenti
3379 3707 3501 3750 sco-

1902 3779 2002 3834 pus
2037 3781 2173 3821 unus
2212 3777 2331 3833 est,
2366 3772 2727 3825 necessarium
2755 3774 2917 3828 etiam
2944 3777 3146 3844 putavit
3173 3778 3383 3851 Moyses
3404 3782 3492 3836 hi-

1901 3856 2096 3910 storias
2114 3867 2324 3912 veteres
2344 3859 2649 3917 describere
2673 3880 2686 3916 :
2711 3879 2816 3918 non
2837 3866 3133 3922 secundum
3155 3877 3504 3930 externorum

1901 3961 2106 4000 morem
2131 3989 2145 4011 ,
2173 3948 2263 4017 qui
2297 3948 2547 4005 historias
2576 3953 2816 4008 scribunt
2845 3970 2906 4010 ea
2950 3967 3131 4011 mente
3167 3967 3370 4013 tantum
3391 4000 3404 4023 ,
3439 3973 3498 4014 ut

1902 4053 2079 4092 rerum
2113 4040 2448 4097 narrationes
2479 4051 2683 4110 texant,
2710 4053 2764 4098 et
2793 4044 2930 4100 bella
2963 4061 3268 4118 pugnasque
3298 4050 3349 4103 in
3381 4065 3496 4105 me—

1900 4129 2049 4184 dium
2076 4140 2257 4202 agant,
2289 4143 2450 4202 atque
2474 4149 2540 4189 ex
2566 4135 2778 4206 scriptis
2806 4137 3028 4207 gloriam
3058 4138 3159 4192 sibi
3187 4149 3393 4208 parent.
3420 4141 3493 4195 At

1902 4221 2176 4290 legislator
2200 4238 2307 4278 non
2337 4220 2414 4279 sic
2445 4243 2458 4279 :
2487 4225 2581 4281 sed
2613 4243 2830 4297 semper
2865 4229 3110 4283 historias
3141 4230 3325 4286 scribit
3362 4231 3488 4286 illu-

1900 4315 2090 4371 strium
2119 4316 2352 4372 virorum
2382 4319 2474 4390 qui
2503 4335 2591 4376 res
2621 4323 2904 4390 praeclaras
2930 4333 3246 4392 gesserunt;
3279 4334 3338 4379 ut
3366 4324 3491 4380 vita:

1900 4406 2114 4462 illorum
2142 4410 2378 4464 narratio
2417 4413 2646 4481 posteris
2689 4413 2760 4467 sit
2795 4414 3011 4482 Optima:
3043 4414 3301 4470 doctrinm
3327 4431 3490 4486 argu-

1901 4509 2157 4554 mentum.
2193 4501 2423 4574 Ideoque
2453 4519 2557 4558 non
2589 4504 2751 4560 modo
2779 4520 2874 4562 eos
2901 4507 2990 4578 qui
3020 4522 3078 4562 se
3108 4507 3272 4577 probe
3298 4524 3494 4579 gesse-

1900 4600 2026 4645 runt
2052 4591 2104 4645 in
2135 4592 2370 4649 medium
2409 4595 2664 4662 adducit,
2706 4597 2799 4652 sed
2842 4599 3004 4654 etiam
3047 4609 3353 4670 peceatores
3385 4619 3400 4658 :
3436 4611 3497 4656 ut

1899 4683 2022 4738 illos
2057 4685 2402 4755 aemulemur,
2448 4688 2546 4744 hos
2581 4701 2758 4746 autem
2799 4690 3060 4762 fugiamus
3086 4734 3102 4760 ,
3145 4701 3200 4746 et
3233 4693 3492 4764 utrinque

1899 4773 2152 4830 virtutem
2195 4775 2634 4850 diligentiamque
2676 4780 2935 4850 majorem
2982 4779 3362 4850 adipiscamur.
3413 4783 3494 4838 Ne

1899 4869 2019 4938 quis
2063 4883 2190 4940 ergo
2230 4872 2498 4927 existimet
2539 4882 2690 4928 extra
2738 4873 3055 4944 legislatoris
3088 4871 3322 4928 ofﬁcium
3371 4890 3495 4932 esse

1900 4958 2152 5015 historias
2178 4972 2390 5017 veteres
2427 4979 2648 5019 narrare
2671 5005 2687 5030 ,
2741 4972 2796 5019 et
2825 4963 2968 5035 leges
3011 4965 3362 5035 perscribere.
3396 4967 3493 5021 Et-

1900 5053 2042 5107 enim
2076 5069 2233 5123 quam
2265 5056 2368 5108 vim
2387 5055 2547 5110 habet
2576 5055 2684 5122 lex,
2708 5056 2949 5112 eamdem
2962 5056 3163 5114 obtinet
3187 5067 3495 5115 sanctorum

1899 5144 2022 5198 vita:
2051 5145 2304 5199 narratio.
2335 5144 2435 5199 Est
2463 5145 2639 5215 itaque
2669 5146 2722 5200 in
2755 5148 2919 5201 veteri
2949 5148 3066 5218 lege
3093 5148 3236 5204 aliud
3265 5149 3490 5204 histori-

1899 5250 2022 5290 cum
2051 5277 2066 5302 ,
2097 5243 2154 5290 ut
2179 5235 2538 5292 Oetateuchus
2563 5237 2675 5308 (a);
2708 5253 2900 5308 nempe
2920 5237 3167 5307 Genesis,
3194 5255 3312 5310 qua:
3336 5254 3493 5294 crea-

1903 5329 2100 5382 tionem
2127 5337 2363 5394 enarrat,
2397 5343 2604 5384 necnon
2625 5329 2784 5384 vitatn
2805 5345 2992 5385 eorum
3023 5330 3113 5400 qui
3142 5329 3252 5384 Deo
3278 5329 3486 5396 accepti

1903 5421 2082 5489 tuere;
2114 5420 2356 5490 Exodus,
2379 5437 2498 5493 qua:
2514 5421 2728 5478 Judaeos
2750 5423 2966 5479 exhibet
2987 5437 3052 5478 ex
3074 5419 3304 5491 Egypto
3324 5418 3490 5472 mira-

1967 5572 2038 5636 (ιι)
2074 5573 2539 5638 Octateuchus,octo
2557 5575 2744 5638 priores
2765 5577 3018 5636 Scriptura:
3037 5565 3494 5638 librosieomplectio

1901 5643 1999 5693 tur,
2023 5636 2268 5697 Genesim,
2302 5637 2535 5697 Exodum,
2557 5635 2842 5696 leviticum,
2866 5635 3136 5689 ’Ntuueros,
3184 5635 3486 5682 Deuteronot-

1902 5699 2067 5760 mium,
2088 5705 2251 5760 Josue,
2277 5699 2489 5759 Judices,
2509 5705 2562 5750 et
2582 5700 2719 5748 Ruth.
