3966 6192
530 305 638 361 315

530 419 709 474 biliter
723 418 943 474 eductos
962 422 1016 468 ct
1036 413 1305 473 liberatos,
1328 420 1486 480 atque
1503 411 1554 464 in
1576 408 1790 463 deserto
1805 405 1894 460 diu
1913 420 2118 458 moran-

531 519 634 574 tes,
653 509 926 578 legemque
945 508 1100 558 latam
1127 521 1140 568 ;
1163 501 1448 567 Leviticus,
1480 501 1532 554 in
1554 513 1658 568 quo
1679 497 1745 552 de
1765 495 2041 551 sacriﬁciis
2061 505 2114 548 et

533 599 869 654 sacerdotio:
902 612 1021 650 nam
1046 595 1216 649 tribus
1239 593 1365 648 Levi
1395 591 1748 647 sacerdotium
1771 589 1956 644 sortita
1987 598 2070 643 est
2102 605 2115 641 ε

531 697 587 744 et
609 703 674 744 ex
699 687 868 742 tribus
895 687 1109 742 nomine
1140 693 1473 754 nuncupatus
1501 683 1637 738 liber
1656 691 1757 736 est.
1783 679 1981 735 Deinde
2005 679 2117 733 Nu-

425 837 432 844 _
532 781 665 835 meri
689 796 709 860 ;_
748 790 869 849 post
911 794 1184 849 egressum
1227 780 1369 833 enim
1411 792 1474 830 ex
1521 774 1755 845 [Egypto
1785 772 1945 842 jussit
1975 771 2118 825 Deus

528 871 799 926 numerari
846 869 1103 939 populum
1145 867 1428 923 Judaicum
1455 907 1470 932 ,
1517 876 1776 934 erantque
1819 864 2118 919 sexcenties

528 964 709 1029 mille,
742 963 811 1018 ab
841 981 946 1019 uno
977 963 1194 1018 homine
1223 961 1526 1017 Abrahamo
1551 960 1672 1016 orti.
1701 960 1893 1014 Postea
1923 959 2118 1012 Deutc-

529 1056 832 1112 ronomium
864 1074 879 1112 :
908 1057 1077 1126 legem
1093 1046 1246 1110 'enim
1273 1053 1511 1109 secundo
1541 1053 1918 1122 interpretatus
1948 1059 2030 1105 est
2053 1050 2118 1104 il-

530 1149 598 1203 lis
621 1149 850 1221 Moyses.
895 1147 1096 1203 Deinde
1123 1147 1280 1202 Jesus
1320 1147 1460 1201 ﬁlius
1492 1145 1635 1202 Nave
1667 1161 1680 1198 :
1710 1143 1796 1199 hic
1829 1143 1971 1199 enim
1999 1152 2118 1212 post

530 1241 766 1312 Moysem
798 1241 1009 1295 illorum
1042 1239 1148 1293 dux
1181 1239 1499 1293 constitutus
1524 1279 1538 1302 ,
1573 1238 1626 1291 in
1658 1231 2115 1303 terram'promisc

531 1332 700 1386 sionis
720 1330 1012 1384 introduxit
1032 1329 1172 1394 illos,
1197 1337 1498 1398 terramque
1521 1343 1619 1398 per
1645 1335 1816 1382 sortes
1835 1325 2116 1380 duodecim

533 1423 777 1479 tribubus
802 1421 999 1476 divisit.
1029 1421 1159 1475 Post
1186 1420 1326 1474 hunc
1351 1419 1564 1474 Judices
1597 1437 1610 1473 :
1652 1433 1774 1472 nam
1813 1416 1940 1471 .lesu
1969 1430 2118 1469 mor-

535 1522 648 1579 tuo,
681 1512 978 1582 respublica
1010 1509 1314 1566 Judaeorum
1343 1511 1394 1564 in
1421 1509 1804 1564 aristocratiam
1833 1521 1984 1560 versa
2009 1515 2114 1571 est,

532 1612 589 1658 ct
614 1603 782 1658 tribus
804 1603 1082 1672 imperium
1105 1601 1540 1657 moderabantur.
1566 1597 1766 1654 Deinde
1790 1597 1954 1664 Ruth,
1983 1597 2118 1650 liber

533 1696 756 1766 exiguus
779 1736 794 1762 ,
826 1695 1100 1750 historiam
1131 1693 1489 1762 complectens
1516 1691 1754 1745 mulieris
1782 1689 2114 1758 alienigenae,

531 1803 650 1857 quae
675 1787 858 1842 Judmo
882 1786 1092 1840 cuidam
1121 1786 1317 1855 nupsit.
1342 1785 1469 1839 Post
1493 1784 1635 1837 hunc
1660 1782 1965 1852 Regnorum
1994 1779 2116 1834 libri

530 1889 760 1948 quatuor
788 1895 801 1930 :
837 1878 888 1931 in
916 1877 1107 1947 quibus
1133 1886 1284 1947 gesta
1313 1875 1508 1939 Saulis,
1533 1873 1767 1938 Davidis,
1793 1871 2116 1936 SalomOnis,

533 1969 687 2034 Elite,
723 1968 923 2033 Elisaei,
953 1976 1006 2022 ct
1035 1967 1236 2038 reliqua
1266 1981 1434 2037 usque
1458 1965 1523 2019 ad
1552 1964 1913 2033 captivitatem
1945 1961 2119 2032 Baby-

533 2061 780 2116 lonicam.
825 2051 952 2114 Post
999 2035 1303 2127 Regnorum
1347 2035 1508 2111 libros
1556 2054 1778 2109 Esdras.
1827 2053 2115 2122 Postquam

532 2153 675 2205 enim
704 2151 755 2204 iu
793 2151 1116 2222 Babylonem
1145 2149 1213 2203 ob
1241 2157 1452 2219 peccata
1489 2162 1581 2200 sua
1612 2145 1826 2201 abducti
1867 2143 2117 2210 fuerant,

534 2245 712 2314 ibique
735 2245 1067 2314 septuaginta
1094 2243 1248 2297 annis
1279 2244 1329 2296 in
1359 2241 1616 2296 servitute
1643 2247 1949 2294 manserant
1973 2279 1988 2306 ,
2019 2237 2117 2292 de—

537 2350 683 2389 mum
717 2335 856 2390 Deus
887 2335 1124 2404 placatus
1148 2375 1162 2396 ,
1195 2333 1247 2388 id
1287 2332 1517 2404 providit
1561 2341 1618 2386 ut
1654 2331 1828 2401 Cyrus
1861 2339 1983 2384 tunc
2025 2345 2117 2383 rex

536 2427 841 2492 Persarum,
875 2425 1064 2496 Cyrus,
1097 2427 1332 2496 inquam,
1361 2424 1515 2493 cujus
1545 2421 1799 2492 puerilem
1831 2420 2121 2475 institutio-

537 2531 658 2572 nem
678 2515 1296 2586 descripsitXenophon,
1314 2515 1550 2584 captivos
1571 2512 1883 2567 dimitteret.
1903 2511 2117 2565 Dimissi

536 2622 664 2662 vero
686 2607 958 2662 redierunt
982 2607 1204 2662 ducibus
1233 2605 1424 2672 Esdra,
1455 2603 1670 2659 Necmia
1691 2613 1746 2657 et
1770 2602 2117 2658 Zorobabele.

537 2698 690 2752 Hunc
720 2697 948 2752 reditum
979 2697 1234 2752 describit
1265 2696 1460 2751 Esdras
1482 2735 1498 2760 ,
1529 2704 1584 2749 et
1619 2693 1886 2764 quomodo
1917 2693 2119 2747 reversi

540 2788 792 2857 templum
815 2786 986 2842 denuo
1000 2785 1428 2848 construxerint,
1443 2785 1734 2856 urbemque
1762 2783 2120 2839 remdiﬁcave-

537 2881 663 2935 rint.
687 2881 911 2935 Centum
931 2879 1124 2935 deinde
1145 2879 1296 2934 annis
1311 2879 1532 2950 elapsis,
1551 2893 1734 2933 rursus
1755 2877 1874 2931 illos
1900 2877 2116 2945 bellum,

537 2970 930 3027 Macedonicum
961 2985 1153 3040 nempe
1177 3011 1192 3035 ,
1224 2971 1438 3024 invasit.
1472 2969 1675 3024 Deinde
1704 2967 1952 3022 Antiochi
1994 2968 2120 3037 Epi-

540 3064 729 3134 phanis
755 3071 900 3136 gesta
942 3073 1258 3134 sequuntur,
1294 3061 1507 3133 quando
1537 3061 1704 3116 tribus
1745 3060 1900 3116 annis
1936 3069 1990 3115 et
2032 3059 2118 3115 di-

537 3157 702 3212 midio
729 3157 935 3212 obsessi
960 3196 976 3220 ,
1009 3155 1253 3224 maleque
1281 3153 1454 3209 affecti
1480 3194 1494 3218 ,
1523 3168 1554 3207 a
1581 3151 1973 3207 calamitatibus
2002 3167 2120 3206 rur-

537 3264 656 3302 sum
676 3249 840 3318 erepti
862 3257 1003 3303 suut.
1027 3247 1154 3303 Post
1177 3247 1292 3302 hzec
1316 3245 1526 3301 modico
1545 3245 1729 3313 elapso
1755 3254 1994 3312 tempore
2017 3243 2116 3314 (a),

533 3336 778 3392 Christus
801 3336 1035 3401 advenit,
1061 3346 1116 3391 ct
1141 3337 1305 3392 Vetus
1327 3337 1723 3392 Testamentum
1754 3334 1968 3390 desinit.

445 3412 450 3416 ’
605 3427 904 3483 ,Ιαάωονιιηι
943 3445 1098 3499 genus
1145 3429 1299 3483 unde.
1328 3458 1401 3468 —
1437 3427 1507 3484 Ut
1544 3436 1721 3482 autem
1751 3427 1986 3483 discatur
2012 3425 2116 3482 Ju-

537 3518 702 3574 daiczn
747 3521 920 3589 gentis
959 3522 1146 3590 origo,
1190 3520 1433 3590 quaedam
1485 3520 1572 3575 hic
1623 3519 1916 3575 enarranda
1971 3527 2116 3575 sunt.

535 3611 661 3665 Post
684 3611 852 3664 Adam
880 3611 976 3665 fuit
1002 3610 1150 3676 Seth,
1175 3609 1367 3665 deinde
1397 3609 1606 3675 Enoch,
1634 3617 1816 3680 postea
1835 3609 1924 3663 alii
1952 3624 2120 3680 usque

533 3702 601 3756 ad
631 3702 823 3756 multas
850 3703 1248 3773 generationes;
1271 3701 1483 3756 demum
1509 3700 1644 3767 Noe,
1672 3701 1824 3770 cujus
1855 3709 2113 3771 tempore,

533 3810 654 3849 cum
685 3794 928 3849 homines
955 3805 1137 3850 essent
1167 3795 1366 3848 malitia
1390 3793 1625 3864 corrupti
1649 3835 1663 3858 ,
1696 3793 1951 3849 diluvium
1977 3793 2118 3848 acci-

534 3885 630 3939 dit.
681 3885 938 3942 Cessante
975 3886 1175 3941 diluvio
1200 3927 1216 3952 ,
1248 3901 1494 3958 egressus
1531 3902 1598 3941 ex
1639 3901 1762 3940 arca
1806 3885 1952 3942 solus
1993 3901 2114 3943 cum

533 3975 704 4031 tribus
733 3975 874 4043 ﬁliis,
909 3986 1103 4030 terram
1130 3991 1344 4031 omnem
1368 3977 1514 4046 prole
1539 3991 1632 4031 sua
1660 3977 1904 4046 replevit,
1935 3977 2119 4032 multis

530 4066 870 4122 successione
895 4067 1122 4138 quadam
1151 4068 1444 4138 prognatis.
1476 4067 1607 4122 Cum
1635 4083 1764 4139 ergo
1790 4069 2001 4138 plurimi
2025 4084 2116 4125 es-

529 4167 651 4213 sent
670 4199 686 4225 ,
718 4158 1084 4214 deliberarunt
1122 4159 1388 4214 aediﬁcare
1429 4159 1614 4213 turrim
1634 4199 1650 4225 ,
1679 4173 1799 4228 qua:
1827 4159 1896 4214 ad
1925 4159 2112 4214 cadum

532 4263 699 4318 usque
723 4250 1066 4320 pertingeret.
1094 4250 1289 4304 Eorum
1311 4251 1591 4305 consilium
1620 4249 1928 4320 improbans
1952 4249 2112 4317 Deus,

530 4342 740 4411 linguas
767 4343 1001 4411 ipsorum
1024 4341 1284 4410 confudit,
1318 4357 1584 4412 unamque
1610 4342 1664 4397 in
1690 4341 1885 4396 multas
1913 4341 2113 4397 divisit.

528 4432 705 4498 Quare
731 4446 851 4486 cum
880 4448 985 4486 non
1013 4448 1131 4488 sese
1160 4443 1342 4488 mutuo
1370 4433 1649 4499 audirent,
1684 4432 1843 4487 simul
1873 4431 2116 4487 habitare

531 4538 639 4577 non
671 4531 955 4592 potuerunt
985 4541 998 4577 :
1031 4539 1148 4593 quae
1187 4540 1347 4578 causa
1389 4524 1570 4580 fuitut
1611 4539 1707 4594 per
1737 4532 1904 4579 totum
1932 4524 2115 4580 orbem

534 4613 993 4688 dispergerentur.
1029 4615 1230 4669 Dicitur
1257 4625 1436 4670 autem
1473 4617 1526 4670 in
1556 4616 1644 4670 illa
1673 4616 1982 4672 confusione
2013 4617 2116 4670 lin-

527 4720 751 4773 guarum
771 4746 785 4767 ,
819 4704 1087 4760 lleberum
1117 4703 1423 4759 Judaeorum
1453 4705 1847 4776 progenitorem
1879 4708 2116 4763 noluisse

529 4797 715 4850 tentati
737 4797 914 4866 operis
937 4812 1058 4851 esse
1088 4797 1417 4866 participem,
1445 4798 1723 4869 solumque
1749 4799 2008 4854 mansisse
2026 4800 2113 4868 qui

530 4887 764 4956 linguam
808 4897 1051 4944 servaret
1088 4886 1159 4960 (ὁ)
1187 4930 1200 4954 ,
1248 4887 1350 4944 hoc
1383 4889 1568 4957 Optimi
1598 4889 1809 4944 consilii
1840 4891 2114 4960 praemium

529 4977 800 5046 adeptum.
829 4980 902 5034 Ex
924 4981 1203 5049 nepotibus
1218 4980 1332 5051 ejus
1355 4979 1452 5035 fuit
1467 4980 1734 5035 Abraham
1755 4999 1768 5036 :
1788 4981 2013 5051 ideoque
2032 4981 2115 5035 Ju-

531 5067 766 5122 dacorum
788 5069 988 5139 lingua,
1011 5070 1266 5127 llebraica
1295 5082 1515 5127 vocatur
1539 5074 1606 5127 ab
1628 5071 1855 5127 llehero.
1885 5073 2114 5128 Abrahae

534 5161 673 5215 ﬁlius
713 5159 810 5215 fuit
850 5161 995 5217 Isaac
1019 5202 1033 5225 ,
1069 5163 1224 5233 hujus
1260 5165 1444 5220 Jacob.
1495 5165 1592 5220 Hic
1621 5166 1806 5235 genuit
1831 5164 2114 5220 duodecim

533 5253 886 5321 patriarchas,
920 5254 1104 5308 Ruben
1131 5295 1145 5319 ,
1171 5257 1426 5324 Symeon,
1454 5257 1600 5323 chi,
1633 5256 1846 5322 Judam,
1879 5257 2112 5325 lsachar,

531 5345 792 5412 Zabulon,
815 5345 1338 5416 Nephthalim,Gad,
1373 5349 1505 5416 Dan,
1539 5353 1692 5411 Aser,
1727 5349 1946 5419 Joseph,
1977 5350 2116 5404 Beu-

587 5459 660 5520 (a)
695 5467 727 5522 A_
773 5456 1105 5522 profanatione
1150 5456 1318 5522 templi
1362 5471 1452 5520 per
1496 5460 1777 5522 Antiochum
1817 5459 2113 5522 Epiphanem

523 5519 648 5582 facta
671 5519 729 5568 ad
753 5527 912 5582 ortum
934 5519 1108 5570 Chnsti
1132 5521 1244 5569 anni
1259 5519 1382 5569 ’sunt
1403 5521 1597 5582 circiter
1621 5529 1817 5571 centum
1839 5519 2112 5582 sexaginta.

591 5581 665 5644 (ὁ)
698 5581 914 5630 Homiliis
946 5582 993 5630 in
1024 5583 1247 5644 Genesim
1269 5589 1401 5630 Tom.
1441 5581 1522 5644 IV,
1565 5582 1657 5631 col.
1683 5582 1793 5638 ‘279.
1821 5584 1888 5631 ait
1910 5581 2114 5644 Chryso-

521 5643 709 5693 stom’us
729 5644 972 5693 tteberum
984 5643 1138 5693 solum
1158 5646 1360 5698 primum
1373 5643 1535 5692 mundi
1547 5656 1772 5694 servasse
1786 5644 1973 5698 idioma,
1986 5643 2114 5698 quod

531 5705 607 5753 hic
628 5708 776 5757 etiam
797 5705 929 5757 dicit.
953 5705 1044 5757 Sed
1071 5719 1128 5756 ea
1139 5705 1200 5756 de
1212 5720 1268 5758 re
1280 5705 1976 5757 controvcrtitur.Videnotam
1994 5705 2111 5754 ibid.

1241 299 1296 354 S.
1337 294 1615 353 JOANNIS
1651 289 2132 348 CHRYSOSTOMI
2171 289 2485 347 ARCHIEP.
2516 288 3050 348 CONS‘I'ANTINOP.
3633 305 3712 363 δίς

2225 405 2408 474 jamin.
2438 404 2694 459 Uudecim
2735 404 2922 459 horum
2961 403 3359 474 patriarcharum
3389 426 3561 470 nomen
3593 432 3718 475 acce-

2227 509 2351 563 pere
2383 495 2550 549 tribus
2588 495 2656 549 ab
2695 495 2800 550 illis
2836 505 2988 551 ortae.
3032 495 3386 570 Unusquisque
3411 506 3535 560 enim
3559 511 3716 568 tribum

2224 587 2624 654 proseminavit,
2644 596 2698 641 ct
2717 587 2896 656 proles
2920 589 2988 643 ab
3014 591 3091 644 eis
3115 590 3540 652 denominabatur.
3559 601 3719 659 Verum

2225 677 2442 744 Josephi
2470 693 2575 732 non
2606 694 2709 733 una
2733 679 2921 746 tribus,
2951 681 3042 736 sed
3064 681 3180 736 dua:
3205 684 3420 739 fuerunt.
3443 687 3597 744 Noluit
3613 697 3722 750 enim

2223 768 2439 838 Iosephi
2485 780 2634 839 pater
2654 786 2814 825 unam
2859 772 3050 826 tribum
3073 774 3139 828 ab
3159 789 3223 829 eo
3263 776 3584 836 denomiuari.
3619 784 3726 851 Quid

2224 875 2351 930 ergo
2373 861 2568 914 factum
2594 872 2674 915 est
2701 862 2724 914 ἲ
2751 861 2882 929 Quia
2911 879 3047 917 unus
3073 874 3186 919 erat
3215 865 3318 932 ille,
3341 879 3394 920 ut
3413 869 3586 938 duplex
3613 873 3729 930 ηιτυι

2230 953 2549 1020 patriarcha,
2569 953 2821 1023 Ephraim
2835 964 2889 1010 et
2902 955 3196 1011 Manassem
3213 959 3343 1013 duos
3361 961 3467 1030 ejus
3482 962 3730 1032 ﬁlios,dua-

2224 1042 2321 1096 bus
2369 1043 2607 1098 tribubus
2644 1046 2858 1100 nomina
2891 1061 2985 1101 sua
3015 1047 3143 1101 dare
3178 1048 3348 1117 jussit.
3396 1051 3532 1107 Unde
3554 1059 3727 1126 contigit

2223 1147 2281 1190 ut
2311 1137 2563 1191 tredecim
2598 1139 2765 1194 tribus
2793 1150 3008 1203 essent;
3043 1158 3232 1212 nempe
3262 1144 3489 1200 undecim
3516 1135 3726 1212 aliorum,

2225 1239 2274 1281 et
2305 1227 2421 1281 dua:
2449 1227 2667 1298 Josephi
2701 1247 2794 1300 per
2823 1231 2938 1300 ejus
2977 1232 3133 1286 ﬁlios.
3167 1234 3354 1291 Tribus
3393 1237 3510 1292 Levi
3541 1239 3644 1296 hinc
3664 1258 3734 1295 ex-

2225 1321 2471 1390 trahitur,
2495 1324 2776 1396 ordiuiquc
2796 1327 3108 1382 sacerdotali
3131 1327 3433 1398 deputatur:
3451 1335 3732 1402 nequeenim

2226 1417 2582 1471 necessarium
2613 1427 2724 1472 erat
2750 1419 2890 1474 aliud
2915 1420 3186 1490 quidpiam
3215 1423 3310 1492 ipsi
3341 1424 3565 1490 tradere;
3590 1427 3736 1497 sicque

2223 1514 2404 1560 manet
2430 1507 2710 1563 duodecim
2752 1510 2981 1565 tribuum
3023 1528 3276 1567 numerus
3323 1529 3423 1568 non
3460 1516 3732 1571 imminutus.

2223 1596 2508 1654 Duodecim
2537 1617 2664 1672 ergo
2697 1602 2863 1658 tribus
2891 1604 2992 1659 alia
3023 1606 3200 1660 omnia
3231 1607 3478 1676 gerebant
3502 1626 3515 1662 :
3539 1608 3646 1663 Leti
3667 1625 3739 1663 au-

2224 1697 2328 1742 tem
2364 1690 2519 1746 tribui
2549 1693 2656 1746 uni'
2678 1695 3025 1750 sacerdotalia
3069 1697 3249 1750 munia
3287 1698 3571 1752 concredita
3600 1709 3740 1755 erant.

2224 1779 2303 1834 Ex
2338 1781 2435 1836 hac
2461 1784 2599 1838 tribu
2629 1785 2836 1856 Moyses
2863 1795 2996 1841 erat.
3026 1787 3087 1841 lli
3118 1803 3247 1857 ergo
3275 1787 3539 1844 duodecim
3563 1791 3744 1857 patriar-

2223 1872 2338 1927 cha:
2367 1873 2421 1928 in
2462 1875 2748 1946 Egyptum
2783 1876 3038 1947 profecti,
3075 1879 3292 1948 impleta
3324 1879 3414 1934 Dei
3445 1879 3744 1948 promissione

2223 1963 2530 2020 Abrahamo
2558 1967 2694 2022 facta
2715 2010 2730 2034 ,
2763 1984 2864 2039 qua
2893 1969 3191 2037 dicebatur,
3225 1969 3434 2024 Faciam
3461 1987 3613 2024 semen
3637 1981 3746 2024 tuum

2221 2055 2348 2108 sicut
2371 2055 2543 2112 stellas
2566 2059 2696 2121 cwli,
2725 2069 3099 2114 sexcentorum
3130 2061 3356 2116 millium
3382 2060 3522 2122 fuere
3549 2057 3747 2132 progeni-

2227 2156 2387 2201 tores.
2407 2147 2541 2203 Hinc
2556 2149 2862 2205 Judznorum
2880 2167 3045 2222 genus
3068 2153 3415 2208 constitutum
3425 2155 3658 2226 est,quod
3670 2166 3750 2206 uo-

2225 2255 2347 2293 men
2373 2241 2577 2311 accepit
2603 2257 2632 2296 a
2665 2243 2800 2298 tribu
2829 2242 2965 2298 Juda
2991 2244 3235 2298 omnium
3264 2245 3521 2314 prtncipua
3547 2253 3594 2297 et
3618 2244 3748 2312 γεεῖη,

2223 2331 2364 2386 unde
2391 2347 2545 2402 reges
2563 2334 2736 2388 exorti
2757 2335 3114 2391 sunt.\’etcris
3131 2335 3295 2406 igitur
3314 2335 3620 2391 Testamenti
3640 2334 3753 2387 aliud

2223 2421 2434 2490 quidem
2465 2421 2774 2479 historicum
2804 2435 2885 2480 est
2910 2466 2924 2491 ,
2956 2425 3058 2481 hoc
3083 2441 3282 2496 nempe
3310 2426 3447 2496 quod
3469 2426 3570 2494 jam
3598 2439 3754 2479 recer-

2223 2514 2446 2569 suimus.
2475 2514 2605 2581 Qua:
2631 2517 2697 2570 ad
2726 2518 2945 2572 consilia
2971 2518 3196 2572 moralia
3221 2517 3501 2588 pertinent,
3527 2524 3638 2571 sunt
3655 2515 3754 2569 Pru-

2224 2603 2423 2670 verbia,
2453 2604 2721 2675 Sapientia
2750 2605 2880 2662 Sirat
2901 2607 2954 2672 b,
2990 2607 3366 2673 Ecclesiastes,
3391 2607 3593 2663 Cantica
3619 2604 3756 2660 canti-

2223 2710 2427 2749 corum.
2464 2695 2839 2767 Propheticum
2871 2713 2998 2753 vero
3027 2709 3153 2753 sunt
3185 2699 3455 2755 sexdecim
3482 2697 3757 2768 Propheta).

2225 2784 2364 2839 Ruth
2388 2786 2487 2857 (a),
2509 2798 2562 2842 et
2583 2787 2766 2843 David.
2790 2789 2882 2843 Hae
2905 2805 3028 2844 vero
3048 2791 3262 2860 species
3281 2790 3484 2853 divisae,
3505 2789 3647 2844 etiam
3669 2802 3759 2856 prr-

2223 2878 2428 2932 mixtim
2464 2879 2580 2934 alia:
2609 2882 2660 2934 in
2689 2880 2808 2936 aliis
2843 2883 3204 2952 reperiuntur.
3241 2883 3483 2952 Exempli
3511 2896 3660 2960 (causa
3681 2921 3695 2946 ,
3718 2879 3759 2931 iu

2225 2966 2458 3024 historiis
2487 2969 2817 3040 prophetiam
2841 2971 3080 3029 invenire
3107 2983 3196 3029 est
3219 2993 3232 3028 :
3255 2983 3310 3030 et
3339 2973 3609 3044 prophetas
3631 2971 3762 3026 histo-

2224 3059 2333 3114 rica
2361 3059 2526 3114 multa
2556 3075 2838 3118 recensere
2866 3062 3132 3128 audimus,
3167 3074 3330 3136 atque
3357 3065 3409 3119 in
3437 3063 3614 3118 horum
3641 3069 3763 3114 utro-

2223 3166 2327 3221 que
2351 3152 2570 3207 consilia
2593 3161 2648 3208 et
2667 3155 2866 3210 monita
2885 3154 3363 3224 deprehendimus,
3396 3171 3579 3226 nempe
3600 3155 3645 3208 in
3670 3167 3765 3222 pro-

2224 3242 2402 3312 phetia
2427 3252 2483 3298 et
2511 3245 2562 3299 in
2611 3244 2854 3301 historia.
2897 3237 3036 3301 Haac'
3049 3249 3233 3302 omnia
3254 3289 3270 3315 ,
3305 3258 3363 3302 ut
3388 3247 3520 3309 dixi,
3548 3245 3608 3299 ad
3633 3257 3764 3298 unum

2222 3333 2547 3403 respiciunt,
2578 3350 2770 3406 nempe
2790 3336 2858 3392 ad
2883 3337 3218 3394 audientium
3245 3339 3688 3401 emendationem,
3713 3335 3768 3388 ita

2224 3433 2282 3478 ut
2305 3441 2372 3480 ex
2398 3425 2549 3496 prius
2573 3436 2842 3497 gestorum
2863 3430 3193 3500 narratione,
3222 3446 3289 3488 ex
3323 3430 3541 3486 consilio
3563 3425 3768 3483 admoni-

2225 3516 2566 3589 tioneque,et
2591 3534 2655 3574 ex
2687 3518 2965 3590 prophetia
2985 3521 3051 3575 ad
3072 3521 3126 3576 id
3152 3522 3301 3593 quod
3329 3521 3577 3578 decorum
3601 3528 3771 3575 estnos

2222 3608 2624 3666 coucinnemus.
2649 3611 2951 3682 PrOphetiae
2966 3627 3096 3668 vero
3112 3613 3248 3669 illud
3265 3615 3502 3668 maxime
3519 3625 3643 3682 opus
3659 3615 3770 3671 erat.

2224 3709 2282 3756 ut
2308 3701 2479 3756 futura
2502 3704 2903 3772 prtenuntiaret,
2931 3718 3027 3759 seu
3054 3703 3198 3762 bona
3228 3721 3326 3762 seu
3354 3705 3490 3760 mala
3517 3712 3706 3766 essent;
3729 3707 3774 3753 ut

2221 3791 2356 3848 alios
2392 3792 2722 3850 attraherent
2743 3837 2757 3859 ,
2787 3795 2920 3852 alios
2957 3806 3103 3851 metu
3133 3812 3164 3852 a
3197 3797 3438 3868 nequitia
3482 3799 3770 3852 coercerent.

2219 3883 2320 3941 Est
2342 3891 2397 3939 et
2417 3883 2562 3940 aliud
2590 3884 2883 3955 prophetia:
2904 3901 3098 3957 genus,
3126 3903 3327 3959 nempe
3354 3902 3417 3942 ea
3441 3901 3556 3957 qua:
3575 3881 3635 3938 ad
3651 3879 3777 3936 Chri-

2220 3985 2365 4031 stum
2389 3976 2658 4047 pertinent
2675 3979 2950 4036 vaticinari
2976 3995 2989 4032 :
3013 3980 3102 4036 ubi
3129 3989 3386 4037 accurate
3413 3986 3670 4041 tractatur,
3690 3986 3775 4028 non

2221 4065 2290 4123 de
2325 4067 2554 4124 adventu
2582 4069 2741 4126 modo
2763 4109 2780 4136 ,
2824 4070 2921 4125 sed
2948 4078 3004 4126 et
3029 4069 3097 4126 de
3129 4071 3196 4126 iis
3223 4087 3348 4142 qua:
3377 4079 3500 4142 post
3523 4066 3778 4124 adventum

2222 4157 2456 4214 facturus
2483 4168 2600 4215 erat
2621 4200 2636 4227 ,
2667 4159 2735 4216 de
2761 4170 2915 4230 partu
2935 4202 2948 4227 ,
2982 4161 3052 4217 de
3080 4163 3360 4218 natalibus
3379 4204 3395 4228 ,
3426 4161 3491 4216 de
3517 4173 3662 4215 cruce
3681 4198 3694 4221 ,
3723 4153 3777 4206 de

2221 4249 2512 4315 miraculis,
2538 4249 2606 4304 de
2633 4249 3016 4321 discipulorum
3034 4251 3332 4319 electione,
3361 4252 3431 4308 de
3449 4251 3597 4306 Novo
3618 4247 3779 4304 Testa-

2221 4347 2421 4404 mento,
2463 4339 2532 4394 de
2557 4340 2856 4396 cessatione
2891 4341 3237 4398 Judaicorum
3269 4344 3490 4410 rituum,
3512 4341 3576 4396 de
3599 4339 3780 4394 destru-

2221 4431 2399 4485 ctione
2435 4430 2816 4500 gentilitiorum
2840 4473 2855 4499 ,
2896 4433 2967 4488 de
3006 4432 3295 4489 nobilitate
3325 4432 3578 4489 Ecclesia:
3598 4471 3612 4495 ,
3639 4427 3783 4496 deque

2222 4521 2342 4576 aliis
2366 4521 2611 4578 omnibus
2636 4521 3082 4592 subsequentibus
3107 4524 3297 4580 rebus.
3341 4525 3468 4580 llaec
3497 4521 3662 4578 omnia
3687 4516 3781 4570 cla-

2222 4614 2431 4669 rissime
2459 4622 2583 4668 ante
2609 4614 2836 4668 multum
2865 4624 3073 4685 tempus
3105 4615 3474 4683 prmdixerant
3500 4610 3746 4686 propheta:
3767 4643 3785 4671 ο

2221 4705 2323 4760 alia
2349 4705 2549 4775 ﬁguris,
2573 4703 2674 4758 alia
2702 4704 2898 4760 verbis.

2294 4793 2582 4864 Prophett'tz
2611 4794 2725 4849 dua:
2750 4795 2959 4865 species,
2989 4813 3078 4866 per
3101 4813 3262 4868 opera
3285 4807 3338 4851 et
3367 4813 3457 4867 per
3483 4792 3642 4849 verba.
3671 4787 3786 4843 Pro-

2223 4886 2403 4956 phetia:
2420 4895 2492 4940 est
2520 4903 2620 4940 non
2646 4885 2794 4940 modo
2818 4886 3008 4955 futura,
3033 4887 3123 4942 sed
3144 4889 3307 4942 etiant
3330 4886 3582 4956 praeterita
3596 4879 3786 4952 aperire.

2219 5006 2292 5020 -——-
2317 4977 2527 5033 Etenim
2551 4977 2656 5032 duo
2680 4985 2805 5032 sunt
2830 4977 3123 5047 prophetia:
3143 4992 3374 5048 genera,
3405 4983 3464 5031 et
3489 4972 3720 5046 operibus
3739 4973 3787 5021 et

2222 5069 2398 5126 verbis
2428 5069 2601 5125 futura
2640 5069 2999 5139 praenuntiare
3031 5086 3046 5122 :
3087 5069 3272 5124 verbis
3317 5068 3572 5139 quidem,
3601 5074 3652 5118 ut
3687 5072 3789 5116 cum

2222 5177 2436 5218 crucem
2462 5161 2760 5232 signiﬁcare
2783 5161 3044 5226 volentes,
3071 5160 3263 5216 dicunt
3289 5178 3301 5213 :
3333 5160 3482 5216 Sicut
3501 5157 3602 5212 ovis
3627 5152 3689 5207 ad
3707 5163 3788 5203 ειε-

2220 5253 2334 5306 dem
2359 5253 2536 5306 ductus
2564 5260 2636 5306 est
2657 5293 2670 5314 ,
2697 5261 2742 5305 et
2777 5252 2908 5305 sicut
2948 5267 3113 5322 agnus
3149 5267 3333 5304 coram
3363 5267 3422 5306 se
3448 5249 3673 5303 tondente
3702 5241 3791 5294 sine

2222 5362 2338 5400 vace
2367 5343 2533 5415 (Isai.
2564 5345 2650 5400 55.
2681 5345 2772 5413 7).
2802 5343 2915 5398 Hoc
2953 5344 3131 5414 itaque
3156 5344 3344 5398 verbis
3387 5344 3522 5414 ipsis
3547 5329 3792 5393 vaticinari

2285 5457 2358 5519 (τι)
2393 5456 2512 5519 ttuth
2551 5456 2680 5505 inter
2723 5455 3033 5519 propheticus
3071 5454 3226 5505 libros
3258 5454 3491 5519 _l‘_ortasse
3515 5452 3643 5519 ponit
3657 5487 3684 5519 ,_
3700 5455 3795 5519 gula

2220 5507 2364 5568 ιιιιίυέ
2385 5516 2603 5566 mulieris
2626 5507 2826 5579 rrivatté
2866 5517 3064 5567 historia
3096 5529 3190 5566 non
3221 5517 3488 5579 videbatur
3516 5507 3649 5579 inter
3672 5507 3796 5579 ιιρτρα

2221 5567 2388 5630 sacros
2409 5567 2659 5628 accenseri
2684 5591 2847 5640 posse,
2871 5580 2963 5627 nisi
2987 5591 3048 5628 ex
3087 5591 3146 5628 ea
3166 5574 3391 5640 muliere
3417 5577 3682 5640 nasciturus
3700 5567 3798 5640 fuis-

2220 5649 2300 5691 set
2320 5641 2553 5699 Christus,
2577 5640 2623 5689 id
2645 5632 2774 5750 qitod
2806 5632 2878 5690 tot
2911 5647 3027 5689 ante
3065 5637 3264 5690 saeculis
3306 5640 3502 5688 nonnisi
3541 5632 3799 5706 prpphellce

2223 5703 2336 5750 sciri
2356 5708 2573 5750 poterat:
2599 5715 2659 5750 ve
2702 5703 2826 5750 forte
2848 5699 2968 5750 Ruth
2990 5701 3071 5750 hic
3093 5700 3344 5750 mendose
3367 5703 3640 5750 irrepsertt.

2223 5703 2336 5754 sciri
2355 5708 2573 5765 poterat;
2599 5699 2680 5752 vel
2702 5703 2826 5753 forte
2848 5699 2968 5752 Ruth
2990 5701 3071 5752 hic
3093 5700 3344 5752 mendose
3367 5699 3640 5763 irrepserit.
