4090 6216
392 289 499 346 515

394 402 571 456 ἐκεῖνο
616 399 675 454 al
704 399 981 453 Βασιλείαι
1012 400 1069 451 al
1110 399 1394 470 τέσσαρες,
1446 402 1503 455 ἐν
1530 395 1619 465 αἶς
1662 402 1732 455 τά
1758 403 1837 465 είς
1876 402 1967 455 τὸν

391 492 588 556 Σαοὺλ,
635 490 705 545 τά
730 493 809 555 εἰς
836 491 926 545 τὸν
954 491 1135 557 Δαυῒδ,
1166 491 1233 545 τὰ
1274 493 1353 556 είς
1394 492 1714 562 Σολομῶντα
1756 494 1851 546 καὶ
1879 494 1969 547 τὸν

311 651 317 655 γ
404 579 589 635 Ἠλίαν
617 581 712 633 xal
739 581 829 634 τὸν
877 580 1194 647 Ἐλισσαῖον,
1226 581 1321 634 καὶ
1353 579 1421 633 τά
1449 581 1610 652 μέχρι
1636 582 1737 652 τῆς
1759 584 1965 652 αἰχμα-

392 672 591 737 λωσίας
635 672 739 742 τῆς
785 674 865 737 είς
905 671 1214 729 Βαϐυλῶνα.
1251 672 1408 727 Μετά
1449 673 1505 727 δὲ
1549 673 1648 737 τάς
1695 673 1969 743 βασιλείας

395 765 649 836 Ἔσδρας.
705 763 919 834 Ἐπειδὴ
955 764 1062 836 γάρ
1110 764 1497 836 ἀπηνέχθησαν
1539 767 1619 828 είς
1671 765 1967 820 Βαϐυλῶνα

393 856 750 929 ἁμαρτόντες,
781 858 873 909 καὶ
900 855 1269 926 ἐϐδομήκοντα
1314 856 1410 927 ἐτη
1440 856 1747 911 διετέλεσαν
1776 858 1966 912 αὐτόθι

390 945 751 1010 δουλεύοντες,
773 947 801 998 6
823 945 953 1010 Θεὸς
993 945 1217 1017 ὕστερον
1255 946 1412 1010 ἵλεως
1438 946 1618 1009 αὐτοῖς
1655 946 1966 1018 γενόμενος,

399 1035 781 1109 παρεσκεύασε
813 1036 901 1089 τὸν
935 1036 1113 1108 Κῦρον
1160 1036 1249 1090 τὸν
1290 1037 1410 1089 τότε
1456 1036 1680 1107 Περσῶν
1713 1036 1965 1107 βασιλεύ-

390 1144 541 1192 οντα,
576 1127 779 1198 Κῦρον,
828 1119 890 1179 οὗ
941 1127 1040 1190 τὰς
1092 1127 1338 1192 παιδείας
1369 1127 1645 1198 ἀνέγραψε
1693 1126 1960 1197 Ξενοφῶν,

391 1222 608 1290 ἀφεῖναι
645 1219 770 1282 τοὺς
814 1217 1207 1289 αἰχμαλώτους.
1240 1219 1349 1272 Καὶ
1382 1219 1628 1289 ἀφέντος,
1663 1219 1963 1289 ἐπανῆλθον

391 1309 691 1380 ἡγουμένου
743 1308 833 1362 τοῦ
896 1309 1134 1380 Ἔσδρα,
1180 1308 1273 1362 τοῦ
1328 1308 1604 1381 Νεεμίου,
1663 1310 1752 1363 τοῦ
1809 1313 1966 1383 Ζορο-

392 1400 581 1459 ϐάϐελ.
607 1400 719 1454 Kal
754 1399 851 1471 τὴν
889 1399 1144 1454 ἐπάνοδον
1162 1399 1369 1472 ταύτην
1398 1399 1598 1470 γράφει
1619 1402 1647 1453 6
1674 1401 1909 1472 Ἔσδρας
1943 1419 1958 1433 ο

391 1494 467 1557 ὼς
495 1492 878 1555 ἐπανελθόντες
906 1494 973 1545 ἐκ
1010 1492 1263 1563 δευτέρου
1293 1492 1386 1546 τὸν
1415 1491 1541 1546 ναὸν
1579 1493 1953 1565 ᾠκοδόμησαν,

392 1580 485 1633 καὶ
521 1579 620 1651 τήν
646 1579 800 1632 πόλιν
839 1578 1162 1648 ἀνέστησαν.
1198 1579 1306 1633 Kal
1338 1580 1528 1632 ἑκατὸν
1570 1580 1961 1652 διαγενομένων

390 1667 562 1731 ἐτῶν,
609 1668 771 1722 πάλιν
821 1666 1055 1738 πόλεμος
1099 1668 1295 1731 αὐτοὺς
1359 1667 1657 1723 κατέλαϐεν
1705 1672 1734 1724 6
1766 1673 1956 1725 Μακε-

387 1757 615 1821 δονικός.
667 1754 800 1811 Εἶτα
844 1756 914 1811 τά
961 1759 1053 1811 ἐπὶ
1093 1758 1363 1828 Ἀντιόχου
1412 1760 1608 1831 συνέϐη
1658 1761 1753 1814 τοῦ
1811 1763 1961 1815 Ἐπι-

390 1848 593 1917 φανοῦς
610 1888 625 1912 ,
668 1849 757 1901 ὅτε
780 1849 873 1902 καὶ
898 1849 1024 1920 τρία
1052 1848 1149 1920 ἐτη
1175 1849 1618 1922 πολιορκηθέντες
1653 1852 1745 1905 καὶ
1768 1853 1959 1923 ἥμισυ,

391 1939 575 2002 κακῶς
603 1939 883 2002 παθόντες,
930 1939 1091 1993 πάλιν
1138 1940 1529 2012 ἀπηλλάγησαν
1570 1941 1680 1995 τῶν
1719 1944 1963 2014 ἐπιγενο-

394 2029 571 2100 μένων
612 2027 819 2082 κακῶν.
858 2028 969 2083 Kal
1014 2032 1132 2100 μετ’
1174 2032 1349 2084 ἐκεῖνο
1377 2031 1554 2100 ὀλίγου
1584 2032 1959 2104 διαγενομένου

390 2121 609 2191 χρόνου,
658 2120 878 2192 ἔρχεται
908 2123 937 2176 6
981 2123 1250 2194 Χριστὸς,
1294 2123 1387 2177 καὶ
1429 2124 1579 2187 τέλος
1615 2124 1876 2197 λαμϐάνει
1926 2128 1959 2197 ή

394 2210 624 2264 ΙΙαλαιά.

461 2323 625 2376 Ὥστε
681 2322 738 2375 δὲ
803 2324 993 2394 μαθεῖν
1048 2323 1211 2379 πόθεν
1268 2324 1494 2396 συνέστη
1564 2326 1625 2379 τὸ
1690 2326 1960 2383 Ἰουδαίων

385 2413 563 2482 γένος,
591 2416 884 2483 ἀναγκαίον
917 2415 1071 2483 ὀλίγα
1114 2418 1306 2469 εἰπεῖν.
1347 2417 1504 2471 Μετά
1539 2418 1628 2474 τὸν
1663 2419 1833 2490 Ἀδὰμ
1864 2419 1958 2488 γέ-

385 2513 542 2573 γονεν
574 2508 602 2559 6
640 2506 770 2578 Σήθ,
814 2501 935 2560 εἶτα
974 2505 1163 2577 Ἑνὼχ,
1207 2501 1326 2559 εἶτα
1368 2507 1545 2579 ἕτεροι
1574 2508 1736 2580 μέχρι
1779 2510 1957 2563 πλειό-

385 2615 489 2651 νων
512 2597 715 2666 γενεῶν
739 2612 755 2628 ⁸
788 2598 883 2651 καὶ
912 2598 1033 2651 τότε
1056 2601 1085 2653 6
1119 2598 1261 2664 Νῶε,
1289 2600 1373 2670 ἐφ’
1394 2592 1478 2665 οῦ,
1527 2599 1636 2653 τῶν
1661 2599 1958 2671 ἀνθρώπων

385 2685 790 2757 διαφθαρέντων
823 2684 928 2739 61:6
958 2686 1177 2751 κακίας,
1225 2686 1433 2754 γίνεται
1476 2687 1505 2738 6
1554 2680 1967 2755 κατακλυσμός.

391 2771 517 2828 Εἶτα
546 2772 642 2827 τοῦ
677 2772 1061 2845 κατακλυσμοῦ
1096 2772 1416 2837 παυθέντος,
1463 2773 1691 2838 ἐξελθὼν
1725 2772 1830 2827 61:6
1859 2773 1958 2845 τῆς

394 2863 619 2918 κιϐωτοῦ
673 2865 830 2935 μόνος
880 2865 1017 2936 μετὰ
1067 2864 1270 2918 παίδων
1302 2863 1489 2936 τριῶν,
1540 2864 1804 2934 ἐνέπλησε
1859 2863 1957 2935 τὴν

397 2954 498 3023 γῆν
523 2957 584 3008 ὲκ
611 2956 709 3027 τῆς
740 2954 908 3008 αὑτοῦ
935 2956 1145 3024 γενεᾶς,
1180 2955 1323 3008 κατὰ
1344 2955 1589 3026 διαδοχὴν
1611 2954 1818 3009 πολλῶν
1867 2945 1965 3008 δν-²

395 3060 499 3097 των
521 3043 623 3097 τῶν
644 3044 995 3115 τικτομένων.
1038 3046 1126 3108 Ὡς
1162 3040 1255 3098 οὖν
1283 3044 1528 3113 ἐγένοντο
1569 3044 1771 3108 πολλοὶ,
1801 3044 1954 3098 ἐϐου-

389 3133 644 3189 λεύσαντο
694 3134 898 3207 πύργον
942 3136 1288 3207 οἰκοδομῆσαι
1314 3176 1330 3202 ,
1385 3136 1656 3206 φθάνοντα
1707 3137 1814 3199 ἕως
1860 3134 1953 3189 τοῦ

386 3226 635 3302 ούρανοῦ.
664 3227 980 3295 Καταγνοὺς
1016 3227 1073 3280 δὲ
1114 3226 1291 3281 αὐτῶν
1325 3226 1423 3299 τὴν
1453 3226 1678 3299 γνώμην
1720 3228 1750 3280 6
1789 3227 1952 3292 Θεὸς,

388 3318 637 3389 συνέχεεν
669 3318 846 3371 αὐτῶν
860 3319 959 3381 τὰς
984 3313 1360 3387 γλώσσας,καὶ
1378 3319 1476 3391 τήν
1499 3319 1627 3391 μίαν
1647 3321 1729 3384 είς
1755 3319 1955 3385 πολλάς

384 3407 520 3462 διέτε
530 3425 648 3479 μεν.
671 3407 818 3480 [516]
836 3408 996 3462 Ὅθεν
1016 3409 1225 3480 ἀνάγκη
1240 3409 1461 3479 γέγονεν
1480 3410 1663 3473 αὐτοῖς
1677 3410 1776 3463 οὐκ
1793 3409 1955 3463 ἀκού-

385 3516 536 3553 ουσιν
556 3499 822 3569 ἀλλήλων,
860 3499 996 3570 μηδὲ
1019 3500 1330 3571 συνοικῆσαι
1369 3499 1618 3571 ἀλλήλοις
1643 3516 1658 3530 ο
1685 3499 1778 3553 καὶ
1812 3498 1951 3570 αὕτη

384 3590 574 3660 γέγονε
605 3591 874 3662 πρόφασις
902 3589 996 3643 τοῦ
1040 3589 1314 3661 πανταχοῦ
1359 3589 1721 3662 διασπαρῆναι
1757 3590 1954 3653 αὐτοὺς

382 3682 484 3753 τῆς
514 3681 855 3752 οἰκουμένης.
879 3679 1109 3748 Λέγεται
1126 3679 1183 3733 δέ
1210 3682 1267 3734 ἐν
1284 3680 1456 3752 ταύτῃ
1476 3683 1541 3752 τῇ
1570 3679 1825 3754 συγχύσει
1844 3679 1952 3733 τῶν

384 3774 643 3843 γλωσσῶν
673 3775 702 3827 6
725 3771 891 3843 Ἔϐερ
920 3774 950 3825 6
978 3770 1086 3825 τῶν
1126 3770 1392 3825 Ἰουδαίων
1421 3772 1681 3842 πρόγονος
1713 3773 1788 3843 μὴ
1825 3771 1951 3842 βου-

384 3866 613 3938 ληθῆναι
656 3863 979 3934 κοινωνῆσαι
1020 3862 1118 3933 τῆς
1168 3862 1556 3932 ἐπιχειρήσεως
1613 3862 1817 3927 αὐτοῖς,
1858 3863 1953 3916 καὶ⁵

387 3958 546 4029 μόνος
602 3957 781 4027 μεῖναι
824 3951 1094 4024 διατηρῶν
1123 3951 1221 4023 τὴν
1268 3952 1474 4005 οἰκείαν
1523 3951 1791 4019 γλῶσσαν.
1850 3952 1952 4022 τῆς

385 4049 680 4119 καλλίστης
712 4044 938 4117 γνώμης
978 4042 1135 4097 τοῦτο
1173 4042 1445 4113 τιμηθείς.
1488 4040 1689 4094 Τούτου
1733 4041 1951 4110 ἔγγονος

384 4137 625 4207 ἐγένετο,
651 4134 902 4207 ’Δϐραάμ
917 4150 929 4162 ·
953 4132 1035 4186 διὸ
1052 4131 1146 4185 καὶ
1168 4128 1434 4183 Ἰουδαίων
1448 4127 1665 4197 γλῶσσα
1690 4126 1949 4198 Ἐϐραῖκή

384 4228 682 4299 κέκληται,
739 4226 848 4281 61:6
880 4222 977 4279 τοῦ
1018 4222 1207 4294 Ἔϐερ.
1252 4219 1456 4275 Τούτου
1506 4217 1685 4272 τοίνυν
1734 4218 1950 4288 ἐγένετο

382 4318 599 4385 ἔγγονος
641 4310 1016 4388 [’Λϐραάμ],
1054 4309 1147 4365 τοῦ
1209 4308 1545 4383 ’Δϐραάρι,
1607 4306 1832 4372 Ἰσαὰκ,
1887 4301 1948 4363 οῦ

393 4406 605 4462 Ἰακώϐ.
635 4398 801 4469 Οὗτος
827 4405 1080 4475 ἐγέννησε
1102 4402 1227 4466 τοὺς
1247 4402 1453 4455 δώδεκα
1476 4401 1836 4471 πατριάρχας,
1858 4399 1948 4454 τὸν

393 4499 664 4570 Ῥουϐεὶμ,
700 4497 790 4551 τὸν
823 4494 1079 4568 Συμεὼν,
1121 4494 1212 4549 τὸν
1248 4495 1403 4560 Λευὶ,
1450 4493 1542 4549 τὸν
1599 4493 1819 4559 Ἰούδαν,
1858 4493 1947 4548 τὸν

392 4591 633 4661 Ἰσαχάρ,
677 4589 770 4643 τὸν
818 4585 1122 4655 Ζαϐουλὼν,
1159 4586 1251 4640 τὸν
1279 4584 1629 4656 Νεφθαλείμ,
1681 4586 1772 4639 τὸν
1816 4584 1943 4651 Γὰδ,

376 4681 469 4734 τὸν
490 4680 617 4744 Δάν,
645 4679 743 4732 τὸν
780 4679 968 4750 Ἀσὴρ,
990 4677 1084 4731 τὸν
1132 4676 1351 4748 Ἰωσὴφ,
1371 4675 1463 4729 τὸν
1500 4675 1776 4747 Βενιαμίν.
1810 4675 1947 4729 Τού-

376 4787 487 4824 των
512 4769 619 4823 τῶν
646 4768 837 4822 ἕνδεκα
866 4765 1219 4839 πατριαρχῶν
1249 4764 1525 4836 ἐπώνυμοι
1571 4764 1856 4834 γεγόνασιν
1885 4766 1942 4819 al

381 4863 520 4933 μετὰ
546 4861 720 4915 ταῦτα
740 4858 923 4931 φυλαί.
951 4859 1219 4920 Ἕκαστος
1257 4855 1366 4927 γὰρ
1392 4854 1564 4927 φυλὴν
1584 4856 1941 4928 ἀπεγέννησε,

375 4956 469 5008 καὶ
488 4956 536 5008 οἱ
560 4952 858 5024 τεχθέντες,
881 4951 975 5005 ἀπ’
995 4950 1217 5004 ἐκείνων
1238 4948 1545 5002 ἐκαλοῦντο.
1587 4950 1729 5003 ’Λντὶ
1758 4951 1942 5021 μέντοι

372 5046 468 5101 τοῦ
514 5046 710 5117 Ἰωσὴφ
751 5044 851 5115 μία
906 5041 1046 5114 φυλὴ
1073 5041 1253 5095 οὐκέτι
1283 5041 1512 5110 γίνεται,
1551 5040 1686 5095 ἀλλὰ
1718 5040 1828 5097 δύο.
1865 5042 1939 5095 Οὐ

372 5137 480 5208 γάρ
507 5134 780 5207 ἠϐουλήθη
828 5134 857 5186 6
885 5133 1068 5204 πατὴρ
1112 5134 1141 5186 6
1165 5130 1261 5186 τοῦ
1310 5130 1507 5202 Ἰωσήφ
1543 5132 1641 5202 μιᾷ
1670 5130 1810 5202 φυλῇ
1845 5132 1941 5184 ἐπ-

370 5228 586 5298 ώνυμον
604 5226 768 5281 αὐτόν
802 5224 1073 5295 γενέσθαι.
1105 5224 1171 5277 Τί
1199 5218 1291 5278 οῦν
1329 5223 1573 5293 γίνεται;
1603 5222 1832 5294 ιἙπειδὴ
1859 5219 1939 5286 εἷς

366 5319 436 5393 ῆν
477 5324 506 5375 ό
536 5320 730 5384 αὐτὸς,
776 5320 866 5373 ἵνα
912 5317 1131 5382 διπλοῦς
1180 5316 1405 5388 γένηται
1439 5316 1801 5388 πατριάρχης,
1846 5315 1938 5369 τὸν

379 5412 618 5484 Ἐφραῖμ
647 5410 851 5465 καὶτὸν
877 5407 1140 5479 Μανασσῆ
1167 5408 1293 5472 τοὺς
1321 5409 1471 5472 υἱοὺς
1492 5406 1656 5462 αὐτοῦ
1677 5409 1802 5471 τοὺς
1820 5405 1933 5473 δύο,

428 5551 456 5579 ⁸
482 5549 572 5599 llic
611 5548 840 5597 mendum
864 5558 975 5597 esse
996 5544 1209 5594 videtur.
1246 5541 1532 5605 Legendum
1566 5544 1619 5592 ni
1650 5542 1807 5602 fallor,
1831 5543 1935 5605 ίγίο

362 5628 472 5681 ἵετε
516 5612 703 5681 movet
743 5608 977 5681 Ἀδραςὶμν
1016 5605 1101 5681 τοῖξ
1147 5603 1397 5681 ΪΑίρέἀὶἐε,
1412 5603 1935 5681 ἶῐσαάὲιίρ.ιέἒρετξνί9ν

375 5666 591 5783 Ἀϐριαάὶί
610 5671 815 5783 put-imum
837 5666 968 5722 inter
992 5669 1194 5719 uncinos
1217 5666 1483 5732 posuimus.
1511 5679 1574 5717 ne
1598 5666 1849 5717 viderem:-
1870 5678 1930 5717 ex

375 5747 455 5783 ms.
501 5746 639 5783 esum
666 5746 764 5782 um.

363 5747 455 5784 κισ.
469 5746 764 5785 uesumlum.

1502 283 1834 342 SYNOPSIS
1865 283 2280 343 SCRIPTURE
2322 287 2595 345 SACRE.

3555 300 3667 357 31ῐῖ

2075 402 2300 467 τούτους
2316 406 2538 474 ἐποίησε
2558 404 2651 459 δύο
2671 405 2852 473 φυλῶν
2876 406 3126 474 γενέσθαι
3154 408 3472 481 ἐπωνύμους
3485 411 3536 476 δ,
3562 416 3658 469 καὶ

2074 494 2131 547 al
2161 494 2254 547 δύο
2278 496 2443 563 φυλαὶ
2465 495 2542 565 τῷ
2582 497 2778 567 Ἰωσὴφ
2810 497 3129 565 ἐλογίζοντο.
3163 499 3326 553 Ὥστε
3359 502 3555 575 συνέϐη
3586 508 3653 559 ἐκ

2073 585 2262 639 τούτου
2312 586 2509 640 ἕνδεκα
2555 587 2617 658 (ι.
2673 587 3054 659 τρισκαίδεκα)
3111 586 3250 644 εἶναι
3307 591 3404 657 τὰς
3456 593 3650 662 φυλὰς,

2073 675 2266 730 ἕνδεκα
2286 676 2384 739 τάς
2406 676 2515 730 τῶν
2539 676 2733 742 ἄλλων,
2749 677 2841 731 δύο
2860 679 2955 741 τὰς
2977 680 3068 732 τοῦ
3097 681 3293 751 Ἰωσὴφ
3316 680 3413 744 τὰς
3433 682 3522 736 διὰ
3543 685 3655 741 τῶν

2074 765 2295 819 παίδων.
2334 766 2736 838 ’Υπεξαιρείται
2760 768 2903 838 ήτοῦ
2936 769 3088 833 Λευὶ,
3121 770 3212 824 καὶ
3241 771 3560 841 ἀφορίζεται
3582 775 3650 845 τῇ

2070 855 2221 922 τάξει
2252 857 2353 926 τῆς
2380 857 2678 930 ἱερωσύνης
2699 876 2712 891 ·
2731 859 2853 912 οὐδὲ
2884 860 2990 931 γὰρ
3019 856 3086 932 ἦν
3113 863 3415 931 ἀναγκαῖον
3438 864 3566 920 ἄλλο
3593 883 3649 919 τι

2074 948 2485 1019 μεταχειρίσαιο
2533 949 2629 1002 καὶ
2664 949 2815 1020 μένει
2857 951 2967 1005 τῶν
2999 950 3204 1005 δώδεκα
3243 954 3272 1005 ὁ
3302 952 3534 1025 ἀριθμὸς
3575 956 3652 1029 μὴ

2069 1040 2557 1111 ἀκρωτηριασθείς.
2588 1043 2653 1095 At
2700 1043 2798 1113 μὲν
2828 1038 2921 1096 οὖν
2951 1043 3157 1098 δώδεκα
3196 1044 3265 1098 τά
3302 1041 3436 1100 ἄλλα
3473 1048 3651 1102 πάντα

2070 1127 2335 1197 ἔπραττον
2355 1144 2369 1158 ’
2396 1130 2428 1199 ἡ
2450 1129 2507 1181 δὲ
2528 1131 2621 1183 τοῦ
2645 1132 2774 1185 Λευὶ
2796 1131 2862 1185 τά
2880 1134 2923 1185 ίε
2933 1132 3128 1204 ρατικά
3148 1130 3216 1205 ἧν
3241 1137 3648 1210 ἐπιτεταγμένη

2073 1219 2228 1291 μόνη.
2268 1220 2364 1273 Ἐκ
2410 1221 2615 1292 ταύτης
2663 1218 2732 1293 ἦν
2776 1224 2805 1275 6
2850 1226 3112 1295 Μωῦσῆς.
3173 1220 3331 1280 Οὗτοι
3368 1229 3547 1284 τοίνυν
3592 1233 3643 1284 οί

2067 1307 2272 1364 δώδεκα
2300 1312 2632 1383 πατριάρχαι
2667 1314 2989 1378 ἀπελθόντες
3008 1318 3089 1379 είς
3116 1316 3404 1385 Αἴγυπτον,
3428 1322 3527 1392 τῆς
3553 1321 3646 1374 τοῦ

2067 1399 2201 1453 Θεοῦ
2224 1401 2553 1471 ἐπαγγελίας
2572 1404 2671 1474 τῆς
2692 1404 2829 1476 πρὸς
2854 1406 2947 1459 τὸν
2982 1406 3233 1479 ’Λϐραάμ
3262 1408 3648 1481 πληρουμένης

2066 1491 2165 1562 τῆς
2196 1492 2480 1565 λεγούσης,
2501 1495 2739 1563 Ποιήσω
2756 1496 2823 1549 τὸ
2844 1497 3081 1568 σπέρμα
3110 1515 3226 1553 σου
3256 1500 3338 1566 ὡς
3359 1502 3431 1555 τὰ
3453 1501 3646 1571 ἄστρα

2068 1581 2175 1635 τοῦ
2193 1583 2469 1651 οήρανοῦ,
2488 1584 2779 1650 ἑξακοσίων
2807 1588 3060 1657 χιλιάδων
3086 1592 3331 1658 ἐγένοντο
3368 1593 3642 1663 πρόγονοι.

2080 1672 2356 1728 Ἐντεῦθεν
2383 1676 2445 1729 τὸ
2467 1676 2575 1729 τῶν
2620 1677 2883 1731 Ἰουδαίων
2941 1680 3169 1750 συνέστη
3210 1681 3365 1749 γένος
3402 1684 3510 1736 ἀπὸ
3545 1685 3646 1755 τῆς

2082 1764 2247 1819 Ἰούδα
2293 1767 2466 1837 φυλῆς
2498 1768 2797 1839 ὀνομασθὲν
2838 1769 2937 1839 τῆς
2970 1770 3417 1843 βασιλικωτάτης,
3451 1775 3572 1828 ὅθεν
3594 1779 3644 1830 οί

2072 1854 2318 1925 βασιλεῖς
2349 1856 2416 1910 ἂν
2469 1857 2736 1927 ἐγένοντο.
2772 1859 2884 1929 Τῆς
2918 1856 3011 1915 οὖν
3033 1862 3277 1927 Παλαιᾱς
3307 1864 3423 1917 ἐστι
3451 1865 3512 1918 τὸ
3542 1867 3641 1936 μὲν

2072 1946 2359 2017 ἱστορικὸν,
2387 1947 2544 2003 τοῦτο
2576 1950 2642 2022 δή
2679 1950 2708 2003 6
2747 1954 3155 2024 προειρήκαμεν
3175 1972 3189 1985 ·
3232 1954 3293 2008 τὸ
3318 1954 3374 2007 δέ
3410 1957 3645 2027 συμϐου-

2067 2036 2330 2103 λευτικὸν,
2367 2038 2442 2104 ὡς
2486 2041 2548 2094 αῖ
2587 2057 2647 2094 τε
2694 2042 3029 2113 Παροιμίαι,
3082 2045 3176 2099 καὶ
3223 2046 3256 2117 ή
3295 2046 3390 2100 τοῦ
3440 2046 3641 2120 Σειρὰχ

2068 2130 2236 2200 Σοφία
2259 2169 2274 2195 ,
2315 2132 2408 2185 καὶ
2437 2134 2466 2185 6
2500 2134 2926 2206 Ἐκκλησιαστής
2949 2175 2966 2201 ,
3009 2138 3103 2191 καὶ
3145 2138 3215 2192 τά
3249 2138 3504 2210 ’ᾼσματα
3534 2141 3644 2196 τῶν

2066 2222 2357 2293 ᾀσμάτων·
2401 2224 2463 2277 τὸ
2504 2225 2559 2279 δὲ
2599 2227 2973 2298 προφητικὸν.
3026 2229 3102 2292 ὡς
3149 2232 3199 2284 οί
3253 2230 3445 2299 δεκαὲξ
3497 2232 3643 2302 λέγω
3758 2230 3763 2235 ’

2067 2314 2368 2384 Προφῆται,
2406 2316 2499 2369 καὶ⁸
2553 2316 2743 2385 Ῥοὺθ,
2796 2319 2891 2373 καὶ
2925 2321 3106 2376 Δαυῖδ.
3153 2321 3319 2394 Εὖροι
3360 2323 3405 2377 δ’
3448 2325 3513 2379 ἄν
3557 2342 3642 2390 τις

2066 2403 2134 2456 τὰ
2167 2404 2281 2474 εἴδη
2315 2404 2485 2459 ταῦτα
2497 2409 2801 2479 διῃρημένα
2828 2408 3101 2483 ἁδρομερῆ
3128 2413 3185 2465 ἐν
3214 2413 3460 2484 ἀλλήλοις
3485 2415 3637 2469 ὄντα.

2066 2488 2191 2547 Οἷόν
2222 2512 2275 2547 τι
2304 2494 2469 2563 λέγω,
2503 2497 2563 2551 ἐν
2590 2500 2711 2562 ταῖς
2746 2499 3006 2572 ἱστορίαις
3033 2502 3183 2575 εὖροι
3227 2521 3311 2567 τις
3338 2504 3403 2558 ἂν
3431 2522 3641 2577 προφη-

2062 2585 2212 2638 τείαν
2231 2602 2245 2616 ·
2280 2586 2373 2639 καὶ
2402 2586 2511 2640 τῶν
2540 2590 2834 2661 προφητῶν
2871 2591 3155 2647 ἀκούσειεν
3199 2593 3267 2647 ἂν
3297 2594 3464 2648 πολλά
3499 2597 3641 2649 ίστο-

2068 2674 2195 2745 ρικά
2234 2676 2647 2749 διαλεγομένων.
2700 2680 2808 2734 Kal
2837 2682 2898 2736 τὸ
2926 2684 3025 2754 τῆς
3067 2686 3375 2755 συμϐουλῆς
3412 2686 3470 2739 δὲ
3500 2685 3641 2751 εἶδος

2064 2768 2156 2822 καὶ
2174 2769 2234 2822 τὸ
2260 2770 2359 2840 τῆς
2383 2771 2772 2843 παραινέσεως,
2802 2776 2859 2827 ἐν
2881 2775 3124 2847 ἐκατέρῳ
3142 2776 3367 2839 τούτων,
3408 2776 3465 2829 έν
3485 2794 3544 2829 τε
3568 2780 3635 2849 τῇ

2064 2861 2387 2932 προφητείᾳ,
2418 2860 2475 2914 έν
2510 2879 2568 2915 τε
2599 2866 2665 2934 τῇ
2700 2864 2927 2936 ἱστορία.
2962 2864 3215 2918 Πάνταδέ
3232 2864 3424 2930 ταῦτα,
3449 2865 3637 2939 ῶσπερ

2064 2947 2233 3019 ἔφθην
2259 2949 2447 3013 είπὼν,
2481 2953 2561 3014 είς
2587 2952 2646 3005 ἐν
2676 2953 2884 3023 βλέπει,
2906 2954 3005 3026 τὴν
3034 2954 3144 3008 τῶν
3164 2954 3466 3009 ἀκουόντων
3489 2956 3635 3026 διόρ-

2064 3039 2259 3106 θωσιν,
2293 3042 2434 3096 ὥστε
2463 3043 2559 3100 καὶ
2584 3044 2690 3098 61:6
2721 3045 2823 3115 τῆς
2861 3046 2969 3099 τῶν
3000 3045 3278 3117 προτέρων
3312 3045 3634 3117 διηγήσεως,

2062 3133 2159 3184 καὶ
2174 3133 2283 3187 ἀπὸ
2301 3133 2450 3206 [517]
2467 3136 2565 3205 τῆς
2588 3135 2891 3206 συμϐουλῆς
2906 3137 2999 3189 καὶ
3019 3136 3119 3206 τῆς
3135 3136 3525 3207 παραινέσεως,
3540 3137 3636 3189 καὶ

2061 3223 2171 3277 ἀπὸ
2195 3224 2294 3295 τῆς
2321 3226 2658 3296 προφητείας
2692 3226 3045 3297 ρυθμίζεσθαι
3068 3226 3206 3297 πρὸς
3237 3225 3299 3279 τδ
3327 3226 3463 3281 δέον.
3492 3229 3635 3300 Προ-

2062 3312 2289 3383 φητείας
2327 3313 2384 3366 δὲ
2426 3313 2583 3367 τοῦτο
2621 3313 2782 3384 έργον
2809 3314 3006 3385 μᾶλλον
3043 3309 3133 3385 ἦν,
3175 3314 3237 3367 τὸ
3270 3315 3338 3367 τά
3369 3314 3633 3385 μέλλοντα

2060 3407 2486 3476 προαναφωνείν,
2503 3404 2613 3459 είτε
2633 3404 2869 3477 χρηστὰ,
2892 3406 3001 3459 είτε
3026 3405 3264 3477 λυπηρὰ,
3290 3406 3375 3460 ἵνα
3389 3407 3515 3471 τοὺς
3533 3408 3632 3477 μὲν
3690 3413 3696 3419 ’

2058 3497 2505 3561 ἀποσπάσωνται,
2525 3498 2651 3561 τοὺς
2668 3496 2725 3550 δὲ
2750 3497 2828 3569 τῷ
2851 3498 3000 3569 φόϐῳ
3022 3499 3121 3570 τῆς
3145 3498 3343 3564 κακίας
3364 3498 3634 3571 ἀπείρξω-

2060 3605 2161 3641 σιν.
2202 3589 2354 3642 Ἐστι
2381 3588 2438 3642 δὲ
2466 3590 2558 3643 καὶ
2585 3590 2768 3663 ἕτερον
2801 3590 3134 3662 προφητείας
3164 3586 3322 3656 εἶδος,
3339 3591 3398 3644 :6
3415 3591 3485 3645 τά
3504 3594 3632 3664 περὶ

2056 3676 2151 3730 τοῦ
2184 3675 2420 3749 Χριστοῦ
2447 3679 2906 3750 προαναφωνῆσαι
2927 3694 2943 3711 ο
2970 3676 3098 3731 ἔνθα
3123 3677 3241 3749 μετ’
3270 3678 3626 3748 ἀκριϐείαςού

2058 3770 2187 3841 περὶ
2213 3770 2313 3839 τῆς
2338 3771 2639 3842 παρουσίας
2667 3773 2847 3843 μόνον,
2883 3769 3021 3823 ἀλλά
3056 3771 3151 3824 καὶ
3182 3771 3312 3843 περὶ
3337 3762 3412 3824 ὧν
3438 3769 3628 3842 ἔμελλε

2058 3860 2493 3932 παραγενόμενος
2531 3861 2811 3933 πράττειν,
2842 3861 2938 3914 καὶ
2981 3861 3111 3931 περὶ
3151 3859 3245 3913 τοῦ
3299 3860 3483 3927 τόκου,
3532 3862 3629 3916 καὶ

2057 3953 2186 4022 περὶ
2211 3952 2308 4022 τῆς
2333 3954 2657 4023 γεννήσεως,
2689 3952 2784 4005 καὶ
2806 3952 2933 4024 περὶ
2963 3951 3059 4005 τοῦ
3094 3951 3353 4023 σταυροῦ,
3385 3953 3481 4005 καὶ
3501 3955 3629 4024 περὶ

2055 4041 2164 4096 τῶν
2193 4041 2503 4113 θαυμάτων,
2534 4042 2628 4095 καὶ
2658 4043 2787 4114 περὶ
2806 4042 2905 4113 τῆς
2939 4041 3048 4095 τῶν
3089 4041 3347 4113 μαθητῶν
3375 4042 3624 4113 ἐκλογῆς,

2056 4130 2305 4203 περὶτῆς
2331 4131 2538 4202 Καινῆς
2573 4131 2867 4202 Διαθήκης,
2906 4132 3033 4201 περὶ
3080 4131 3180 4201 τῆς
3230 4129 3481 4194 παύσεως
3515 4131 3625 4184 τῶν

2044 4264 2045 4267 η
2067 4222 2392 4288 Ἰουδαϊκῶν,
2416 4222 2656 4295 καὶπερὶ
2679 4222 2772 4276 τοῦ
2802 4221 3114 4293 ἀφανισμοῦ
3131 4221 3241 4276 τῶν
3281 4221 3623 4293 Ἑλληνικῶν,

2055 4314 2147 4367 καὶ
2175 4316 2420 4387 περὶτῆς
2446 4313 2725 4383 εὐγενείας
2746 4314 2848 4385 τῆς
2874 4314 3017 4369 κατά
3035 4315 3135 4387 τὴν
3161 4315 3507 4386 Ἐκκλησίαν,
3530 4317 3625 4371 καὶ

2054 4386 2194 4478 περί
2217 4405 2325 4459 τῶν
2371 4405 2546 4460 ἀλλων
2596 4405 2849 4461 ἀπάντων
2876 4406 2986 4461 τῶν
3018 4386 3255 4479 καθεξῆς
3280 4406 3449 4463 όντων
3484 4425 3624 4479 πρα-

2051 4501 2298 4570 γμάτων.
2326 4497 2511 4553 Ταῦτα
2539 4497 2716 4553 πάντα
2756 4500 2894 4571 μετὰ
2934 4501 3233 4571 σαφηνείας
3267 4500 3487 4572 ἀπάσης
3514 4501 3622 4572 πρὸ

2051 4591 2247 4646 πολλοῦ
2281 4591 2375 4645 τοῦ
2418 4593 2609 4663 χρόνου
2644 4593 3106 4664 προανεφιῖηησαν
3132 4593 3183 4646 οί
3219 4592 3518 4665 προφῆται,
3548 4593 3620 4647 τά

2052 4683 2152 4756 μὲν
2176 4683 2262 4738 6:6
2282 4683 2485 4749 τύπων,
2518 4684 2585 4737 τά
2612 4683 2667 4737 δέ
2691 4682 2780 4737 6:6
2808 4684 3088 4754 ῥημάτων.

2121 4775 2231 4831 Kal
2255 4776 2363 4848 γὰρ
2392 4775 2484 4830 δύο
2514 4775 2847 4847 προφητείας
2878 4774 3014 4845 εἴδη,
3051 4776 3148 4829 καὶ
3190 4775 3279 4830 6:6
3313 4776 3488 4845 ἔργων
3525 4775 3619 4830 καὶ

2047 4871 2136 4925 6:6
2161 4871 2333 4940 λόγων
2354 4871 2759 4940 πρωναφωνεῖν
2779 4868 2848 4921 τά
2876 4867 3137 4940 μέλλοντα
3156 4882 3169 4895 ·
3189 4865 3276 4919 6:6
3295 4866 3466 4936 λόγων
3493 4867 3612 4939 μὲν,

2046 4963 2123 5026 ὡς
2145 4964 2274 5016 ὅταν
2297 4961 2388 5014 τὸν
2405 4959 2634 5030 σταυρὸν
2664 4957 2975 5029 βουλόμενοι
3004 4959 3199 5021 εἰπεῖν,
3220 4956 3450 5026 λέγωσιν
3468 4976 3482 4990 ·
3522 4959 3615 5027 Ὡς

2046 5054 2340 5123 πρόϐατον
2369 5052 2464 5104 ἐπὶ
2492 5048 2738 5119 σφαγὴν
2764 5048 2945 5116 ἤχθη,
2983 5048 3082 5102 καὶ
3123 5049 3203 5115 ὡς
3230 5048 3418 5119 ἀμνὸς
3444 5050 3615 5106 ἐναν-

2044 5146 2175 5200 τίον
2192 5142 2298 5198 τοῦ
2329 5142 2632 5210 κείροντος
2679 5139 2866 5193 αὐτὸν
2894 5138 3151 5209 ἄφωνος.
3181 5139 3350 5194 Τοῦτο
3391 5140 3491 5212 μὲν
3518 5137 3612 5197 οῦν

2103 5361 2135 5402 ιι
2157 5360 2339 5423 Hom“.
2366 5358 2397 5423 ’ζ
2418 5357 2654 5423 ᾳάνεςευε
2678 5358 2889 5423 Iudaeos.
2915 5364 3029 5423 tofm.
3058 5359 3096 5421 1,
3116 5375 3164 5423 ρ.
3188 5360 3315 5423 668ς
3342 5363 3612 5423 Μανασσῆς

2041 5424 2124 5485 καὶ
2157 5422 2360 5485 Ἐφραίμ
2378 5419 2470 5485 δύοΔ
2496 5419 2912 5485 φυλαὶῌγεγόνασιν
2954 5419 3207 5485 ἐπῴνυμοι.
3242 5422 3514 5485 υδίηεανίὶ.
3557 5425 3612 5468 ει

2041 5480 2381 5544 αἰίιιιιοῐίηεε.
2420 5480 2511 5544 δύο
2541 5482 2697 5542 φυλῶν
2720 5482 2974 5544 habente:
3002 5480 3205 5532 forla'sse
3246 5484 3458 5530 melius:
3499 5492 3611 5529 nam

2041 5542 2150 5595 cuni
2170 5545 2261 5593 hac
2280 5542 2490 5605 Synopsi
2517 5547 2751 5605 ponsonat
2772 5543 2876 5591 haec
2899 5550 3151 5605 postrema
3171 5546 3329 5605 lectio:

2108 5608 2133 5670 ε
2162 5606 2234 5670 D_e
2262 5597 2399 5670 hgéce
2417 5597 2609 5652 Huobus
2648 5597 2925 5670 ρτοριιςξῑίςρ
2963 5603 3232 5670 ggqeriﬁug
3264 5600 3471 5670 ixjjmqm
3498 5597 3607 5670 {an

2038 5668 2161 5716 dicit
2181 5667 2258 5716 Jo.
2282 5661 2664 5727 Chrysoslomus'
2696 5661 2751 5715 ι.’
2780 5664 2842 5726 ll,
2887 5661 3096 5715 Hofnllia
3120 5665 3151 5712 6
3188 5666 3253 5712 de
3284 5661 3606 5722 Pchnitenua.

2038 5744 2090 5791 ο.
2113 5728 2219 5789 528,
2244 5726 2303 5778 D.
