4090 6216
450 315 551 373 51⁵1

449 432 540 486 διὰ
581 430 754 499 λόγων
791 421 934 480 εἷλον
978 425 1386 496 προφητεῦσαι·
1435 423 1502 478 δι’
1549 423 1726 494 ἔργων
1769 421 1844 482 δὲ,
1893 419 2018 472 ὅταν

465 524 717 597 Ἀϐραὰμ
743 523 1002 593 φαίνηται
1022 521 1114 576 τὸν
1136 519 1250 575 υἱὸν
1274 520 1583 593 ἀναφέρων,
1619 520 1710 572 καὶ
1737 518 1829 571 τὸν
1872 515 2024 586 κριὸν

451 619 869 689 κατασφάττων.
925 617 1023 672 Διά
1069 617 1180 690 γὰρ
1229 618 1340 672 τῶν
1390 617 1729 689 πραγμάτων
1788 629 2026 685 προανα-

449 720 611 772 τυποϊ
649 717 743 770 τοῦ
796 716 1028 787 σταυροῦ
1071 717 1167 787 τὴν
1211 715 1414 779 εἰκόνα,
1452 715 1548 768 καὶ
1599 712 1697 784 τὴν
1745 713 1885 782 ὑπὲρ
1929 710 2027 780 τῆς

449 814 779 886 οἰκουμένης
822 814 1086 884 ἐσομένην
1125 813 1358 884 σφαγήν.
1401 812 1513 865 Καὶ
1559 809 1788 872 πολλοὺς
1830 809 1894 862 ἄν
1943 824 2026 869 τις

451 910 602 982 εὖροι
631 908 905 973 τοιούτους
921 908 1122 972 τύπους
1151 911 1208 962 ἐν
1223 911 1288 979 τῇ
1312 908 1544 980 Παλαιᾷ,
1575 907 1670 961 καὶ
1690 903 2026 977 προφητείας

451 1008 540 1062 διά
591 1004 957 1080 πραγμάτων.
1004 1005 1080 1062 Οὐ
1133 1004 1294 1076 μόνον
1346 1003 1402 1057 δέ
1451 1003 1521 1057 τά
1581 1002 1842 1075 μέλλοντα
1889 1017 2026 1073 προ-

450 1105 681 1176 φητείας
707 1106 854 1160 ἐστιν
893 1105 1088 1167 εἰπεῖν,
1112 1101 1247 1156 ἀλλά
1277 1101 1372 1154 καὶ
1397 1100 1466 1154 τὰ
1503 1100 1859 1172 παρελθόντα,
1890 1099 2026 1170 ὅπερ

455 1201 653 1272 μᾶλλόν
682 1202 798 1254 ἐστι
828 1200 978 1272 παρά
1004 1200 1232 1269 Μωῦσῇ.
1273 1199 1443 1252 Ὅταν
1491 1197 1601 1270 γὰρ
1635 1197 1766 1269 περὶ
1797 1194 2025 1266 ούρανοῦ

453 1298 546 1356 καὶ
567 1296 670 1369 γῆς
693 1297 1026 1369 διαλέγηται,
1046 1295 1383 1368 παρελθόντα
1415 1295 1512 1367 μὲν
1545 1295 1695 1364 λέγει
1724 1294 2027 1366 πράγματα

454 1395 549 1449 καὶ
580 1393 938 1466 κεκρυμμένα
970 1393 1048 1465 τῷ
1067 1394 1267 1464 χρόνῳ,
1290 1393 1598 1464 προφητεία
1622 1392 1680 1446 δέ
1706 1389 1845 1444 αὐτὰ
1863 1388 2028 1459 φθέγ-

453 1507 631 1559 γεται.
661 1491 875 1562 ’Ὠσπερ
894 1491 1004 1561 γὰρ
1027 1489 1100 1544 τὰ
1130 1490 1352 1561 μηδέπω
1414 1489 1698 1560 γενόμενα,
1735 1488 1826 1541 καὶ
1848 1486 2027 1556 ἀφανῆ

454 1587 536 1640 ἐτι
566 1587 926 1657 τυγχάνοντα,
977 1586 1316 1658 προφητείας
1367 1586 1514 1639 ἐστὶν
1540 1587 1737 1649 εἰπεῖν,
1769 1583 1912 1637 οὓτω
1960 1582 2030 1635 τὰ

455 1684 720 1755 γενόμενα
769 1683 904 1754 μὲν,
963 1683 1319 1754 κεκρυμμένα
1365 1682 1421 1736 δέ
1467 1681 1549 1752 τῷ
1595 1683 1810 1752 χρόνῳ,
1861 1681 2032 1734 ταῦτα

454 1779 800 1848 ἀνακαλύφαι
832 1778 928 1832 καὶ
960 1780 1039 1842 εἰς
1070 1777 1234 1849 μέσον
1259 1779 1490 1847 ἀγαγεῖν
1516 1781 1614 1850 τῆς
1649 1779 1770 1850 ίσης
1811 1779 2030 1850 χάριτός

460 1882 626 1933 ἐστιν.
654 1879 810 1931 Ἐστι
839 1877 897 1930 δὲ
929 1877 1027 1931 καὶ
1075 1877 1144 1931 τά
1178 1876 1422 1946 παρόντα
1453 1877 1790 1948 προφητείας
1834 1879 2027 1939 εἰπεῖν,

457 1978 586 2030 ὃταν
632 1993 685 2030 τι
733 1975 954 2046 γίνηται
1003 1974 1123 2041 μὲν,
1156 1973 1578 2044 κρύπτηταιδὲ,
1630 1968 1742 2027 οἷον
1789 1973 1882 2025 ἐπὶ
1937 1972 2029 2026 τοῦ

470 2074 711 2128 Ἀνανίου
735 2071 947 2142 καὶτῆς
973 2071 1310 2142 Σαπφείρης.
1364 2071 1513 2124 Ἐκεῖ
1555 2070 1666 2141 γὰρ
1707 2068 1830 2124 οὔτε
1891 2088 2033 2142 παρ-

458 2169 633 2230 ελθὸν,
692 2167 815 2223 οῦτε
853 2167 1045 2239 μέλλον
1075 2162 1164 2238 ἦν,
1201 2165 1334 2220 ἀλλά
1359 2166 1531 2238 παρὸν
1580 2167 1699 2238 μὲν,
1729 2166 1922 2237 ἄδηλον
1952 2167 2033 2219 δέ.

470 2266 528 2320 Ὁ
571 2267 750 2320 τοίνυν
800 2267 1006 2337 Πέτρος
1055 2265 1362 2336 προφητείᾳ
1394 2264 1532 2318 αύτά
1567 2263 1904 2334 ἐκκαλύψας,
1953 2266 2032 2328 εἰς

457 2364 626 2439 ,μέσον
678 2363 820 2432 ἄγει.
858 2362 968 2416 Καὶ
1013 2362 1080 2415 τά
1140 2362 1240 2432 μὲν
1276 2363 1378 2432 τῆς
1421 2361 1698 2427 Παλαιᾶς,
1743 2361 1817 2439 ὡς
1854 2359 1919 2414 ἀν
1950 2377 2035 2424 τις

459 2458 776 2533 ἀδρομερῶς
827 2461 990 2524 εἰποι,
1041 2459 1232 2513 ταῦτα.
1289 2459 1412 2512 Ἐπὶ
1460 2457 1517 2512 δέ
1563 2459 1662 2528 τῆς
1710 2457 1917 2528 Καινῆς
1966 2456 2035 2510 τά

458 2559 514 2610 ἐν
546 2559 614 2628 τῇ
642 2557 853 2628 Παλαιᾷ
880 2555 1294 2627 αἰνιγματωδῶς
1317 2556 1607 2627 εἰρημένα,
1641 2553 1812 2606 ταῦτα
1833 2552 2037 2606 δείκνυ-

459 2670 547 2707 ται
571 2692 586 2716 ,
629 2653 728 2718 τάς
756 2653 1089 2724 προφητείας
1115 2651 1259 2720 λέγω
1307 2651 1405 2715 τάς
1428 2650 1515 2705 διά
1546 2649 1654 2703 τῶν
1683 2651 1857 2722 ἔργων
1895 2665 2036 2720 μαρ-

460 2749 812 2821 τυρουμένας,
847 2750 944 2820 τὴν
965 2749 1071 2802 τῶν
1101 2749 1344 2821 οὐρανῶν
1395 2747 1704 2820 ἁπτομένην
1737 2745 2032 2809 πολιτείαν,

460 2846 527 2900 τὰ
554 2845 840 2918 ἀπόρρητα
856 2845 963 2897 τῶν
983 2844 1282 2915 μελλόντων
1299 2845 1500 2914 ἀγαθὰ,
1520 2846 1587 2898 *Α
1602 2844 1907 2914 ὀφθαλμὸς
1921 2846 2034 2898 οὐκ

460 2938 600 3006 εἶδε,
614 2941 712 2995 καί
727 2937 832 3006 οὖς
848 2944 958 2996 οὐκ
975 2941 1218 3010 ἢκουσε,
1234 2941 1329 2994 καὶ
1346 2941 1443 2994 ἐπὶ
1459 2941 1711 3010 καρδίαν
1723 2941 2034 3010 ἀνθρώπου

461 3039 570 3091 οὐκ
600 3036 802 3106 ἀνέϐη.
825 3034 1220 3114 Παραλαϐοῦσα
1255 3035 1364 3107 γὰρ
1398 3036 1488 3089 τὸν
1518 3036 1802 3108 ἄνθρωπον
1830 3035 1918 3089 διὰ
1937 3037 2036 3107 τῆς

465 3135 704 3198 Παλαιᾶς
734 3137 767 3206 ἡ
802 3134 1002 3205 Καινὴ,
1039 3134 1371 3206 συμμέτρως
1417 3153 1532 3198 πως
1565 3135 1657 3188 καὶ
1685 3136 1783 3206 τῆς
1838 3135 2037 3197 κακίας

461 3234 647 3304 ἡρέμα
675 3233 1056 3302 ἀπαλλαγέντα
1079 3272 1094 3296 ,
1146 3232 1284 3303 πρὸς
1309 3231 1407 3303 τὴν
1435 3232 1544 3286 τῶν
1567 3231 1814 3302 ἀγγέλων
1846 3232 2036 3300 ἀνάγει

464 3332 761 3386 πολιτείαν.
797 3332 958 3386 Ὥστε
1001 3333 1100 3402 τῆς
1140 3334 1238 3404 μὲν
1269 3333 1509 3396 Παλαιᾶς
1535 3333 1694 3403 ἔργον
1722 3328 1789 3403 ἦν
1815 3333 2038 3402 ποιῆσαι

461 3429 765 3502 ἀλθρωπον,
814 3433 910 3502 τῆς
946 3429 1003 3481 δὲ
1036 3432 1240 3499 Καινῆς
1267 3431 1359 3483 τὸν
1393 3431 1677 3500 ἄνθρωπον
1701 3429 2036 3500 ἐργάσασθαι

463 3527 710 3596 ἄγγελον.
756 3525 973 3598 Ἐπειδὴ
1001 3525 1109 3598 γάρ
1136 3528 1169 3598 ἡ
1201 3527 1368 3580 κακία
1387 3529 1483 3580 καὶ
1514 3527 1576 3580 τὺ
1601 3526 1698 3581 ἀνθ
1710 3526 1924 3599 ρώπους
1960 3524 2040 3581 εἷ-

463 3643 550 3680 ναι
576 3624 830 3696 ἐποίησεν
856 3624 1140 3686 ἀπολέσαι,
1173 3624 1254 3684 εἰς
1285 3623 1492 3690 ἀλόγων
1535 3622 1852 3691 δυσγένειαν
1872 3642 2041 3677 κατα-

463 3721 728 3790 γαγοῦσα,
750 3719 896 3794 [518]
917 3721 1008 3774 καὶ
1025 3719 1309 3792 θηριώδεις
1330 3719 1701 3790 ἐργασαμένη·
1721 3721 1748 3772 6
1767 3721 1862 3791 μὲν
1879 3721 2040 3791 νόμος

463 3817 680 3888 ἐκείνης
707 3818 804 3888 μὲν
833 3817 1145 3888 ἀπήλλαττε
1191 3817 1290 3885 τῆς
1322 3816 1540 3880 κακίας·
1576 3817 1608 3886 ἡ
1640 3815 1696 3869 δέ
1739 3817 1898 3886 χάρις
1945 3815 2042 3870 καὶ

463 3912 666 3983 ταύτην
694 3913 792 3985 τὴν
837 3913 1132 3984 ἀγγελικὴν
1163 3912 1521 3984 προστίθησιν
1547 3913 1765 3984 ἀρετήν.
1799 3913 1954 3966 Ἔστι
1984 3912 2042 3966 δὲ

465 4011 558 4066 καὶ
577 4012 676 4082 τῆς
721 4012 927 4080 Καινῆς
979 4010 1178 4080 βιϐλία,
1214 4011 1269 4065 al
1312 4009 1620 4063 Ἐπιστολαὶ
1672 4010 1728 4064 at
1780 4010 2042 4065 δεκατέσ-

467 4127 630 4182 σαρες
661 4107 892 4173 Παύλου,
926 4111 994 4162 τά
1011 4108 1313 4178 Εύαγγέλια
1339 4107 1407 4162 τὰ
1431 4108 1692 4180 τέσσαρα,
1713 4107 1804 4161 δύο
1823 4108 1918 4178 μὲν
1934 4106 2042 4162 τῶν

469 4207 726 4279 μαθητῶν
762 4206 854 4260 τοῦ
886 4207 1152 4278 Χριστοῦ,
1198 4206 1443 4260 Ἰωάννου
1479 4206 1571 4260 καὶ⁹
1619 4206 1922 4270 Ματθαίου,
1949 4204 2042 4258 δύο

463 4304 521 4358 δὲ
553 4305 736 4358 Λουκᾶ
759 4304 1111 4376 καίΜάρκου·
1147 4298 1221 4358 ὧν
1253 4307 1281 4357 6
1321 4304 1420 4374 μὲν
1447 4303 1538 4357 τοῦ
1570 4302 1797 4373 Πέτρου,
1820 4301 1920 4354 ὁδέ
1946 4301 2040 4354 τοῦ

466 4399 677 4454 Παύλου
733 4401 985 4468 γεγόνασι
1041 4400 1298 4472 μαθηταί.
1355 4401 1419 4453 υἱ
1474 4401 1570 4470 μὲν
1605 4399 1713 4468 γὰρ
1776 4398 2042 4452 αὐτόπται

465 4490 605 4563 ἦσαν
636 4495 1009 4564 γεγενημένοι,
1059 4496 1155 4548 καὶ
1183 4495 1564 4565 συγγενόμενοι
1590 4493 1666 4564 τῷ
1695 4493 1931 4564 Χριστῷ·
1990 4493 2043 4546 οί

467 4587 523 4640 δὲ
554 4590 686 4660 παρ’
715 4589 936 4643 ἐκείνων
959 4590 1028 4643 τά
1051 4591 1272 4644 ἐκείνων
1297 4591 1682 4660 διαδεξάμενοι,
1715 4591 1792 4653 εἰς
1821 4589 2041 4660 ἐτέρους

471 4686 787 4757 ἐξήνεγκαν·
820 4686 915 4739 καὶ
950 4685 1011 4738 τὸ
1044 4686 1152 4757 τῶν
1183 4686 1439 4757 Πράξεων
1462 4687 1520 4740 δὲ
1541 4685 1764 4757 βιϐλίον,
1793 4686 1888 4757 καῖ
1913 4684 2044 4757 αὐτὸ

471 4754 670 4827 Λουκᾶ,
700 4759 1078 4827 ἱστορήσαντος
1093 4756 1161 4810 τά
1189 4754 1474 4826 γενόμενα,
1493 4754 1586 4810 καὶ
1613 4756 1721 4807 τῶν
1743 4754 2042 4807 καθολικῶν

483 4826 791 4881 Ἐπιστολαὶ
812 4826 978 4899 τρεῖς.

841 5034 884 5083 Σ
889 5031 1104 5100 ὐνοψις
1139 5030 1248 5099 τῆς
1274 5030 1579 5097 ιἐνέσεως
1603 5045 1650 5085 α.

541 5211 624 5265 Τὰ
655 5213 795 5266 κατά
833 5213 930 5282 τὴν
962 5215 1336 5284 κοσμοποιίαν,
1372 5217 1465 5270 καὶ
1508 5214 1605 5286 τὴν
1631 5215 1725 5268 τοῦ
1759 5214 2043 5285 ἀνθρώπου

474 5307 691 5366 πλάσιν.
733 5309 980 5380 Ἐντολὴν
1004 5309 1268 5380 λαμϐάνει
1322 5313 1350 5364 6
1393 5313 1582 5383 Ἀδὰμ,
1611 5313 1704 5366 καὶ
1752 5312 2043 5366 πλάττεται

472 5408 506 5482 ἡ
530 5407 668 5478 γυνὴ
694 5407 758 5460 ἐκ
773 5405 873 5476 τῆς
901 5406 1136 5477 πλευρᾶς
1166 5406 1350 5473 αὐτοῦ,
1377 5408 1771 5480 ἥάπατηθεῖσα
1800 5408 1913 5483 ὑπὸ.
1948 5407 2043 5464 τοῦ

535 5675 567 5740 ‘_
591 5671 880 5740 Titul_us_in
905 5668 1222 5740 Luggqpensi
1266 5668 1374 5740 09d.
1420 5667 1614 5740 Σύνοψις
1649 5670 1707 5740 ἐν.
1729 5669 1941 5740 ἐπιτὸμιρ
1961 5675 2046 5726 τῆς

478 5736 689 5791 Παλαιᾶς
711 5734 943 5792 Διαθήκης
959 5731 1044 5780 τοῦ
1066 5731 1424 5796 Χρυσοστόμου.
1452 5733 1647 5788 Γένεσις.
1675 5732 1859 5781 Βιϐλίον
1881 5749 1911 5779 α
1925 5732 1948 5779 ’.

1161 309 1219 363 S.
1259 304 1544 363 JOANNIS
1578 295 2062 360 CHRYSOSTOMI
2098 294 2415 353 ARCHIEP.
2457 291 2996 353 CONSTANTINOP.

3601 292 3704 350 518

2129 415 2324 484 ὖφεως,
2353 417 2536 487 ἀπατᾷ
2576 415 2666 468 τὸν
2712 414 2898 485 ἄνδρα,
2937 413 3029 466 καὶ
3073 409 3339 482 γενομένη
3382 411 3498 481 μετ’
3530 407 3706 463 αὐτοῦ

2127 512 2548 580 ἐπικατάρατος,
2611 511 2931 564 ἐκϐάλλεται
2976 509 3072 563 τοῦ
3132 505 3480 579 παραδείσου·
3541 507 3634 559 καὶ
3678 505 3708 557 6

2126 609 2248 678 ὄφις
2272 608 2484 679 δέχεται
2526 607 2772 678 κατάραν
2815 607 2906 660 ἐπὶ
2934 605 3027 658 τοῦ
3067 605 3295 674 στήθους
3353 604 3698 673 περιπατεῖν.

2139 705 2376 776 Ἀναιρεῖ
2401 702 2492 757 τὸν
2517 703 2743 772 ἀδελφὸν
2775 703 2804 756 6
2827 686 2967 757 Κάῖν
2996 699 3084 755 διὰ
3109 700 3170 754 τὸ
3204 696 3710 770 ύπερευδοκιμηθῆο

2129 815 2212 853 ναι
2259 801 2311 865 δ,
2336 801 2430 854 καὶ
2462 799 2645 854 δίδωσι
2667 799 2842 870 δίκην·
2875 798 2968 853 καὶ
2999 796 3138 869 μετά
3164 795 3337 850 ταῦτα
3381 795 3708 849 παιδοποιεῖ.

2126 897 2170 948 Τ
2179 896 2315 949 ίκτει
2343 897 2400 951 δέ
2430 896 2525 950 καὶ
2565 896 2680 950 Εὔα
2715 895 2807 951 τὸν
2836 895 2968 967 Σήθ.
3002 894 3313 960 Κατάλογος
3339 893 3448 946 τῶν
3477 892 3586 946 ἀπὸ
3614 890 3710 945 τοῦ

2139 993 2328 1064 Ἀδὰμ,
2359 994 2452 1046 καὶ
2479 992 2588 1047 τῶν
2616 993 2725 1048 ἀπὸ
2745 993 2837 1047 τοῦ
2867 992 2996 1062 Σὴθ,
3027 991 3130 1055 ἕως
3151 991 3244 1044 τοῦ
3272 991 3418 1053 Νῶε,
3457 990 3552 1044 καὶ
3579 1008 3714 1042 κατ-

2127 1090 2325 1162 ηγορία
2347 1091 2459 1145 τῶν
2513 1091 2722 1164 ἀνδρῶν
2745 1091 2833 1145 διὰ
2863 1090 2962 1154 τάς
2987 1090 3046 1142 ού
3088 1087 3467 1160 προσηκούσας
3518 1089 3713 1156 ἐπιγα-

2131 1187 2259 1258 μίας
2314 1189 2420 1242 καϊ
2460 1188 2558 1252 τὰς
2606 1187 2801 1252 λοιπὰς
2848 1186 3101 1256 ἀνομίας·
3134 1185 3297 1248 Υίοὺς
3346 1184 3403 1237 δέ
3437 1183 3574 1237 Θεοῦ
3632 1187 3713 1236 έν-

2126 1283 2302 1339 ταῦθα
2324 1283 2479 1338 καλεῖ
2513 1284 2636 1349 τοὺς
2656 1284 2764 1338 ἀπὸ
2782 1281 2876 1336 τοῦ
2912 1281 3017 1354 Σὴθ
3046 1280 3382 1349 κατάγοντας
3419 1280 3480 1334 τὸ
3531 1281 3709 1350 γένος·

2129 1381 2348 1453 καὶγὰρ
2379 1382 2616 1453 εἴρηται·
2666 1379 2814 1451 Ἐγὼ
2855 1375 3052 1444 εἷπον,
3075 1378 3206 1438 Θεοί
3241 1378 3403 1442 ἐστε,
3457 1380 3554 1432 καί
3593 1381 3710 1434 vlo!

2143 1480 2434 1548 Ὑψίστου
2467 1478 2708 1545 πάντες.
2727 1477 3042 1548 Θυγατέρας
3069 1477 3127 1530 δέ
3157 1476 3456 1548 ἀνθρώπων
3487 1477 3585 1542 τὰς
3603 1479 3713 1531 ἀπὸ

2129 1575 2224 1628 τοῦ
2257 1575 2416 1629 xm.
2466 1573 2724 1645 Προλέγει
2773 1573 2802 1626 6
2828 1573 2956 1636 Θεὸς
2984 1573 3063 1640 τῷ
3110 1570 3234 1624 Νῶε
3273 1571 3378 1642 τὴν
3411 1571 3712 1642 μέλλουσαν

2131 1673 2240 1727 τῶν
2277 1671 2576 1742 ἀνθρώπων
2602 1669 2878 1724 ἀπώλειαν
2907 1670 2993 1723 διὰ
3032 1668 3126 1722 τοῦ
3159 1667 3565 1738 κατακλυσμοῦ,
3614 1669 3710 1722 καὶ

2134 1771 2388 1840 παραινεῖ
2427 1769 2648 1839 ποιῆσαι
2675 1767 2773 1838 τὴν
2808 1765 3069 1828 κιϐωτὸν,
3114 1763 3443 1834 τριακοσίων
3493 1764 3713 1833 πήχεων

2132 1867 2194 1922 τὸ
2221 1867 2416 1937 μῆκος,
2446 1865 2782 1936 πεντήκοντα
2817 1865 3036 1934 πήχεων
3050 1863 3114 1916 τὺ
3157 1861 3381 1927 πλάτος,
3422 1862 3714 1931 τριάκοντα

2135 1967 2356 2036 πήχεων
2401 1963 2462 2016 τὸ
2487 1961 2638 2033 ῦψος.
2679 1960 2845 2024 Ὠςδέ
2876 1959 3124 2030 εἰσῆλθεν
3167 1961 3249 2023 είς
3295 1960 3396 2030 τὴν
3459 1960 3710 2018 κιϐωτὸν,

2136 2062 2361 2131 ἐφέρετο
2390 2061 2418 2113 6
2463 2056 2846 2127 κατακλυσμὸς
2891 2055 3296 2126 τεσσαράκοντα
3353 2053 3563 2125 ἡμέρας
3617 2056 3714 2108 καὶ

2135 2158 2536 2230 τεσσαράκοντα
2561 2153 2780 2216 νύκτας.
2810 2152 3069 2206 Ἐνεδίδου
3095 2152 3152 2205 δὲ
3169 2152 3230 2204 τὸ
3260 2150 3402 2222 ὕδωρ
3433 2150 3570 2222 μετὰ
3587 2152 3715 2204 ἐκαι-

2134 2255 2224 2308 τὸν
2256 2253 2592 2322 πεντήκοντα
2620 2250 2855 2320 ἡμέρας.
2887 2247 3166 2318 Ὠφθησαν
3191 2247 3246 2300 δὲ
3265 2248 3320 2300 αἰ
3355 2247 3587 2316 κορυφαὶ
3609 2246 3716 2299 τῶν

2134 2349 2304 2420 ὀρέων
2333 2347 2524 2420 πρώτῃ
2547 2346 2642 2399 τοῦ
2675 2344 2901 2398 δεκάτου
2939 2343 3108 2413 μηνός
3148 2353 3196 2396 ο.
3225 2343 3334 2396 Καὶ
3360 2342 3496 2411 μετὰ
3518 2342 3718 2394 τεσσαο

2138 2448 2373 2518 ράκοντα
2401 2443 2615 2516 ἡμέρας
2639 2440 2921 2495 ἀπέστειλε
2952 2440 3042 2492 τὸν
3067 2439 3300 2510 κόρακα,
3345 2439 3438 2491 καὶ
3482 2439 3580 2508 οὐχ
3613 2440 3719 2491 ὑπ-

2138 2543 2389 2615 έστρεψε·
2411 2542 2505 2597 καὶ
2532 2539 2669 2612 μετά
2697 2538 2835 2592 ἐπτά
2861 2537 3070 2610 ἡμέρας
3107 2535 3391 2589 ἀπέστειλε
3432 2536 3531 2606 τὴν
3559 2552 3718 2605 περι-

2139 2639 2355 2710 στερὰν,
2410 2639 2505 2691 καὶ
2556 2635 2862 2706 ὑπέστρεψε
2908 2633 3100 2688 θαλλὸν
3153 2631 3338 2694 ἐλαίας
3390 2630 3714 2700 κομίζουσα.

2137 2735 2427 2792 Κελεύεται
2471 2733 2577 2787 ὑπὸ
2605 2731 2699 2786 τοῦ
2742 2729 2874 2784 Θεοῦ
2908 2731 2937 2782 6
2965 2727 3084 2781 Νῶε
3136 2726 3368 2793 ἐξελθεῖν
3398 2728 3462 2779 ὲκ
3493 2725 3594 2795 τῆς
3627 2745 3715 2812 xi:

2138 2830 2331 2886 ϐωτοῦ·
2389 2829 2484 2884 κα¹ι
2529 2826 2758 2893 ἐξελθὼν
2804 2825 2962 2879 ἔθυσε
2987 2822 3067 2894 τῷ
3123 2822 3261 2895 Θεῷ,
3321 2823 3413 2875 καὶ
3449 2821 3724 2893 εὐλογήθη,

2141 2927 2278 2999 μετὰ
2294 2925 2402 2980 τῶν
2430 2923 2559 2978 υἰῶν
2604 2921 2790 2978 αὐτοῦ.
2820 2922 2928 2980 Καὶ
2952 2919 3143 2973 ἔλαϐεν
3174 2917 3506 2987 ἐπαγγελίαν
3565 2920 3722 2988 παρά

2140 3023 2232 3077 τοῦ
2252 3021 2408 3089 Θεοῦ,
2437 3019 2576 3075 ὥστε
2623 3018 2817 3090 μηκέτι
2859 3016 3112 3085 γενέσθαι
3140 3014 3396 3084 τοιαύτην
3442 3013 3718 3067 ἀπώλειαν

2137 3115 2438 3188 ἀνθρώπων
2465 3114 2553 3168 διά
2579 3113 2672 3168 τοῦ
2704 3111 3106 3182 κατακλυσμοῦ.
3138 3113 3249 3164 Καὶ
3283 3110 3419 3180 μετά
3440 3110 3614 3162 ταῦτα
3633 3110 3721 3161 εὐ-

2138 3215 2287 3283 λογεῖ
2313 3210 2466 3284 [519]
2497 3211 2595 3282 μὲν
2617 3210 2707 3264 τὸν
2737 3210 2858 3281 Σὴμ
2877 3209 2972 3263 καὶ
2997 3208 3090 3262 τὸν
3129 3206 3326 3276 ’1ἀφεθ,
3343 3205 3717 3278 καταρᾶταιδέ

2139 3311 2229 3364 τὸν
2258 3308 2500 3374 Χαναὰν,
2529 3307 2716 3378 ἐπειδὴ
2747 3308 2777 3360 6
2803 3306 2986 3378 πατὴρ
3034 3303 3198 3358 αὑτοῦ
3234 3304 3364 3375 Χάμ
3411 3303 3589 3370 ἐξεῖπε
3619 3301 3718 3373 τὴν

2139 3411 2416 3481 γύμνωσιν
2437 3406 2531 3460 τοῦ
2560 3405 2784 3476 πατρός.
2826 3403 3097 3458 Ἑκϐαίνει
3125 3401 3236 3474 δέή
3262 3401 3476 3480 κατάρα
3495 3401 3718 3454 ἐπὶτῶν

2141 3502 2496 3560 Γαϐαονιτῶν·
2535 3501 2732 3572 μᾶλλον
2783 3499 2841 3553 δέ
2870 3499 3160 3569 πρόσχημα
3197 3499 3292 3568 μὲν
3351 3498 3592 3567 κατάρας
3622 3493 3724 3568 ῆν,

2140 3604 2202 3657 τὸ
2257 3601 2314 3654 δὲ
2337 3599 2533 3671 ἀληθὲς
2594 3595 2917 3667 προφητεία.
2959 3596 3020 3648 Ol
3065 3595 3172 3647 ἀπὸ
3200 3592 3292 3646 τοῦ
3328 3593 3452 3646 Νῶε
3490 3594 3595 3656 ἓως
3622 3593 3718 3647 τοῦ

2141 3699 2337 3762 Φαλέκ,
2363 3696 2420 3760 ὃς
2447 3695 2553 3749 ἀπὸ
2579 3693 2672 3746 τοῦ
2705 3690 3031 3764 μερισθῆναι
3068 3690 3154 3743 ἐπ’
3181 3690 3341 3743 αὐτοῦ
3369 3689 3467 3761 τὴν
3489 3691 3591 3760 γῆν
3619 3692 3722 3762 τὴν

2144 3793 2515 3868 προσηγορίαν
2578 3791 2736 3845 ἔλαϐε
2781 3789 3002 3860 ταύτην.
3058 3788 3191 3842 Τότε
3235 3787 3346 3859 γάρ
3381 3788 3473 3841 τὸν
3511 3787 3722 3859 πύργον

2142 3892 2517 3966 ᾠκοδόμησαν,
2561 3888 2681 3942 ὅθεν
2721 3886 2816 3941 καὶ
2840 3888 2868 3939 6
2912 3886 3076 3950 τόπος
3131 3883 3389 3938 Βαϐυλὼν
3450 3901 3723 3956 προσηγο-

2149 3990 2334 4064 ρεύθη,
2381 3989 2552 4042 ὅέστι
2609 3985 2903 4056 Σύγχυσις,
2957 3982 3142 4054 ἐπειδὴ
3177 3983 3293 4036 ἐκεῖ
3350 3981 3722 4053 συνεχύθησαν

2143 4088 2323 4143 αὐτῶν
2350 4088 2407 4141 αἰ
2466 4084 2724 4155 γλῶσσαι.
2777 4081 2881 4134 Τὸν
2916 4080 2975 4134 δὲ
3007 4079 3219 4150 πατέρα
3268 4078 3363 4132 τοῦ
3406 4080 3582 4133 Φαλὲκ
3625 4080 3722 4135 τὸν

2145 4184 2314 4255 Ἔϐερ
2335 4183 2490 4249 λόγος
2527 4179 2640 4250 ἔχει
2667 4181 2742 4249 μὴ
2789 4175 3082 4247 ὁμονοῆσαι
3126 4177 3239 4238 τοῖς
3263 4175 3472 4238 λοιποῖς
3509 4177 3589 4239 εἰς
3619 4175 3724 4246 τὴν

2142 4279 2236 4334 τοῦ
2261 4278 2468 4349 πύργου
2492 4274 2798 4346 οἰκοδομὴν,
2827 4273 2921 4326 καὶ
2943 4271 3032 4325 διὰ
3049 4271 3207 4325 τοῦτο
3222 4271 3369 4342 αὐτῷ
3397 4271 3494 4344 τὴν
3532 4272 3724 4327 λαλιάν

2148 4379 2222 4449 μὴ
2249 4374 2599 4448 ἀμειφθῆναι,
2650 4371 2785 4425 ἀλλὰ
2813 4373 2990 4441 μεῖναι
3041 4370 3202 4422 αὑτὸν
3250 4369 3506 4441 ἀκέραιον
3532 4369 3726 4441 ἔχοντα

2143 4475 2241 4546 τὴν
2267 4473 2568 4533 διάλεκτον,
2603 4469 2697 4522 καὶ
2748 4468 2842 4520 ἀπ’
2881 4467 3046 4520 αὑτοῦ
3074 4466 3171 4538 τὴν
3199 4468 3517 4538 ἐπωνυμίαν
3549 4468 3722 4539 αὐτὴν

2144 4568 2517 4639 λαϐεῖν.⁹Ἐϐερ
2539 4567 2646 4637 γὰρ
2669 4565 2876 4620 ἐκείνου
2900 4563 3230 4635 καλουμένου
3256 4563 3308 4630 ἀ,
3343 4563 3560 4635 Ἐϐραῒς
3582 4566 3723 4636 αῦτη

2146 4667 2428 4737 κέκληται,
2482 4664 2511 4716 ὃ
2562 4664 2656 4716 καὶ
2698 4661 2921 4732 σημεῖόν
2953 4662 3069 4714 ἐστι
3109 4660 3365 4730 μέγιστον
3410 4659 3504 4712 τοῦ
3529 4661 3726 4714 πασῶν

2144 4764 2254 4818 τῶν
2282 4761 2480 4818 λαλιῶν
2519 4759 2897 4831 πρεσϐυτέραν
2928 4753 3068 4812 εἶναι
3117 4757 3217 4828 τὴν
3257 4756 3536 4826 Ἐϐραῒδα·
3589 4757 3726 4827 πρὶν

2145 4859 2255 4932 γάρ
2281 4858 2613 4929 συγχυθῆναι
2632 4856 2729 4920 τὰς
2757 4853 3218 4926 γλώσσας,ταύτῃ
3245 4853 3441 4917 πάντες
3468 4853 3728 4923 ἐκέχρην-

2145 4974 2227 5011 το.
2267 4957 2422 5008 Ἐστι
2454 4954 2511 5008 δέ
2543 4955 2571 5007 ὁ
2625 4953 2792 5022 Ἔϐερ
2816 4944 2969 5014 οὗτος
3024 4950 3286 5021 πρόγονος
3328 4949 3594 5020 Ἀϐραάμ.
3625 4949 3726 5024 Γε-

2149 5053 2527 5123 νεαλογοῦνται
2570 5052 2626 5105 δὲ
2647 5051 2755 5105 ἀπὸ
2786 5049 2877 5103 τοῦ
2903 5048 3010 5119 Σὴθ
3030 5048 3134 5112 ἓως
3151 5048 3244 5101 τοῦ
3284 5048 3554 5120 Ἁϐραάμ.
3579 5051 3728 5118 Λαμο

2150 5155 2301 5208 ϐάνει
2339 5156 2366 5206 ὁ
2387 5151 2566 5222 πατὴρ
2595 5149 2688 5203 τοῦ
2704 5146 2951 5218 Ἀϐραὰμ
2972 5148 3001 5198 6
3026 5146 3180 5216 Θαρᾶ
3214 5147 3340 5208 τοὺς
3370 5147 3514 5209 υἱοὺς
3535 5145 3724 5210 αὑτοῦ,

2147 5251 2238 5305 τὸν
2265 5267 2322 5302 τε
2364 5249 2630 5320 Ἀϐραὰμ,
2691 5245 2784 5300 καὶ
2839 5244 2930 5297 τὸν
2963 5243 3201 5314 Ναχὼρ,
3237 5242 3330 5295 καὶ
3361 5243 3453 5296 τὸν
3501 5243 3725 5311 ἔγγονον

2208 5541 2238 5581 b
2264 5541 2541 5614 .Ypssianu‘s
2585 5538 2740 5588 codex
2780 5539 3289 5602 παρευδοκιμασθῆναι.
3330 5537 3546 5599 Utraque
3574 5537 3728 5587 lectio

2148 5603 2337 5654 admitti
2357 5607 2535 5666 potest.

2212 5669 2235 5698 ο
2264 5666 2313 5714 In
2337 5664 2481 5714 Cois].
2509 5663 2637 5712 male
2655 5659 2743 5710 τοῦ
2763 5661 2979 5723 δευτέρου
3006 5661 3164 5720 μηνός.

2215 5730 2241 5768 d
2261 5727 2336 5777 De
2363 5725 2560 5776 Hnbero
2583 5725 2674 5774 hoc
2699 5725 2841 5773 etiam
2861 5721 3004 5784 supra
3030 5723 3153 5772 dixit
3174 5724 3224 5772 iu
3247 5721 3533 5785 Προθεωρία.
