  <div class='ocr_page' id='page_1' title='image "/cluster/home/n/w/nwhite01/storage/ocr_20150623/56/hvd.32044048208490/314.png"; bbox 0 0 3962 6190; ppageno 0'>
   <div class='ocr_carea' id='block_1_1' title="bbox 219 334 319 388">
    <p class='ocr_par' dir='ltr' id='par_1_1' title="bbox 219 334 319 388">
     <span class='ocr_line' id='line_1_1' title="bbox 219 334 319 388; baseline 0 0"><span class='ocrx_word' id='word_1_1' title='bbox 219 334 319 388; x_wconf 73' lang='lat' dir='ltr'><strong>3i?</strong></span> 
     </span>
    </p>
   </div>
   <div class='ocr_carea' id='block_1_2' title="bbox 213 441 1801 519">
    <p class='ocr_par' dir='ltr' id='par_1_2' title="bbox 213 441 1801 519">
     <span class='ocr_line' id='line_1_2' title="bbox 213 441 1801 519; baseline -0.006 -14"><span class='ocrx_word' id='word_1_2' title='bbox 213 453 540 519; x_wconf 86' lang='lat' dir='ltr'><strong>voluerunt;</strong></span> <span class='ocrx_word' id='word_1_3' title='bbox 576 446 831 519; x_wconf 81' lang='lat' dir='ltr'><strong>operibus</strong></span> <span class='ocrx_word' id='word_1_4' title='bbox 856 461 984 502; x_wconf 83' lang='lat' dir='ltr'><strong>vero</strong></span> <span class='ocrx_word' id='word_1_5' title='bbox 1006 486 1023 510; x_wconf 91' lang='lat'><strong>,</strong></span> <span class='ocrx_word' id='word_1_6' title='bbox 1064 460 1187 501; x_wconf 89' lang='lat' dir='ltr'><strong>cum</strong></span> <span class='ocrx_word' id='word_1_7' title='bbox 1226 444 1494 500; x_wconf 80' lang='lat' dir='ltr'><strong>Abraham</strong></span> <span class='ocrx_word' id='word_1_8' title='bbox 1519 441 1801 498; x_wconf 72' lang='lat' dir='ltr'><strong>exhibetur</strong></span> 
     </span>
    </p>
   </div>
   <div class='ocr_carea' id='block_1_3' title="bbox 220 531 1800 608">
    <p class='ocr_par' dir='ltr' id='par_1_3' title="bbox 220 531 1800 608">
     <span class='ocr_line' id='line_1_3' title="bbox 220 531 1800 608; baseline -0.006 -10"><span class='ocrx_word' id='word_1_9' title='bbox 220 543 380 598; x_wconf 84' lang='lat' dir='ltr'><strong>ﬁlium</strong></span> <span class='ocrx_word' id='word_1_10' title='bbox 406 540 637 597; x_wconf 76' lang='lat' dir='ltr'><strong>offerens</strong></span> <span class='ocrx_word' id='word_1_11' title='bbox 655 580 671 604; x_wconf 91' lang='lat'><strong>,</strong></span> <span class='ocrx_word' id='word_1_12' title='bbox 702 547 758 595; x_wconf 92' lang='lat' dir='ltr'><strong>et</strong></span> <span class='ocrx_word' id='word_1_13' title='bbox 792 538 1010 594; x_wconf 76' lang='lat' dir='ltr'><strong>arietem</strong></span> <span class='ocrx_word' id='word_1_14' title='bbox 1048 536 1315 608; x_wconf 83' lang='lat' dir='ltr'><strong>jugulans.</strong></span> <span class='ocrx_word' id='word_1_15' title='bbox 1342 537 1441 593; x_wconf 87' lang='lat' dir='ltr'><strong>llic</strong></span> <span class='ocrx_word' id='word_1_16' title='bbox 1464 536 1610 592; x_wconf 88' lang='lat' dir='ltr'><strong>enim</strong></span> <span class='ocrx_word' id='word_1_17' title='bbox 1639 531 1800 590; x_wconf 84' lang='lat' dir='ltr'><strong>rebus</strong></span> 
     </span>
    </p>
   </div>
   <div class='ocr_carea' id='block_1_4' title="bbox 216 627 1801 702">
    <p class='ocr_par' dir='ltr' id='par_1_4' title="bbox 216 627 1801 702">
     <span class='ocr_line' id='line_1_4' title="bbox 216 627 1801 702; baseline -0.004 -14"><span class='ocrx_word' id='word_1_18' title='bbox 216 635 341 702; x_wconf 83' lang='lat' dir='ltr'><strong>ipsis</strong></span> <span class='ocrx_word' id='word_1_19' title='bbox 358 632 551 689; x_wconf 74' lang='lat' dir='ltr'><strong>erucis</strong></span> <span class='ocrx_word' id='word_1_20' title='bbox 562 630 849 699; x_wconf 81' lang='lat' dir='ltr'><strong>imaginem</strong></span> <span class='ocrx_word' id='word_1_21' title='bbox 874 628 1268 700; x_wconf 72' lang='lat' dir='ltr'><strong>pnesigniﬁcat,</strong></span> <span class='ocrx_word' id='word_1_22' title='bbox 1294 638 1453 699; x_wconf 86' lang='lat' dir='ltr'><strong>atque</strong></span> <span class='ocrx_word' id='word_1_23' title='bbox 1475 627 1678 683; x_wconf 69' lang='lat' dir='ltr'><strong>caedem</strong></span> <span class='ocrx_word' id='word_1_24' title='bbox 1703 640 1801 695; x_wconf 89' lang='lat' dir='ltr'><strong>pro</strong></span> 
     </span>
    </p>
   </div>
   <div class='ocr_carea' id='block_1_5' title="bbox 215 715 1800 778">
    <p class='ocr_par' dir='ltr' id='par_1_5' title="bbox 215 715 1800 778">
     <span class='ocr_line' id='line_1_5' title="bbox 215 715 1800 778; baseline -0.004 0"><span class='ocrx_word' id='word_1_25' title='bbox 215 724 340 778; x_wconf 85' lang='lat' dir='ltr'><strong>orbe</strong></span> <span class='ocrx_word' id='word_1_26' title='bbox 366 722 623 777; x_wconf 79' lang='lat' dir='ltr'><strong>futuram.</strong></span> <span class='ocrx_word' id='word_1_27' title='bbox 653 720 846 776; x_wconf 83' lang='lat' dir='ltr'><strong>Multas</strong></span> <span class='ocrx_word' id='word_1_28' title='bbox 872 729 1018 775; x_wconf 89' lang='lat' dir='ltr'><strong>certe</strong></span> <span class='ocrx_word' id='word_1_29' title='bbox 1043 719 1286 775; x_wconf 84' lang='lat' dir='ltr'><strong>invenire</strong></span> <span class='ocrx_word' id='word_1_30' title='bbox 1310 723 1394 770; x_wconf 89' lang='lat' dir='ltr'><strong>est</strong></span> <span class='ocrx_word' id='word_1_31' title='bbox 1418 715 1475 770; x_wconf 89' lang='lat' dir='ltr'><strong>in</strong></span> <span class='ocrx_word' id='word_1_32' title='bbox 1491 715 1670 773; x_wconf 69' lang='lat' dir='ltr'><strong>Veteri</strong></span> <span class='ocrx_word' id='word_1_33' title='bbox 1695 715 1800 772; x_wconf 82' lang='lat' dir='ltr'><strong>Te-</strong></span> 
     </span>
    </p>
   </div>
   <div class='ocr_carea' id='block_1_6' title="bbox 215 807 1800 881">
    <p class='ocr_par' dir='ltr' id='par_1_6' title="bbox 215 807 1800 881">
     <span class='ocr_line' id='line_1_6' title="bbox 215 807 1800 881; baseline -0.006 -11"><span class='ocrx_word' id='word_1_34' title='bbox 215 824 477 871; x_wconf 81' lang='lat' dir='ltr'><strong>stamento</strong></span> <span class='ocrx_word' id='word_1_35' title='bbox 511 810 818 881; x_wconf 77' lang='lat' dir='ltr'><strong>huiusmodi</strong></span> <span class='ocrx_word' id='word_1_36' title='bbox 860 810 1056 881; x_wconf 89' lang='lat' dir='ltr'><strong>ﬁguras</strong></span> <span class='ocrx_word' id='word_1_37' title='bbox 1080 851 1095 875; x_wconf 92' lang='lat'><strong>,</strong></span> <span class='ocrx_word' id='word_1_38' title='bbox 1140 807 1555 880; x_wconf 87' lang='lat' dir='ltr'><strong>prophetiasque</strong></span> <span class='ocrx_word' id='word_1_39' title='bbox 1588 821 1687 877; x_wconf 90' lang='lat' dir='ltr'><strong>per</strong></span> <span class='ocrx_word' id='word_1_40' title='bbox 1710 818 1800 861; x_wconf 89' lang='lat' dir='ltr'><strong>res</strong></span> 
     </span>
    </p>
   </div>
   <div class='ocr_carea' id='block_1_7' title="bbox 212 898 1801 971">
    <p class='ocr_par' dir='ltr' id='par_1_7' title="bbox 212 898 1801 971">
     <span class='ocr_line' id='line_1_7' title="bbox 212 898 1801 971; baseline -0.005 -11"><span class='ocrx_word' id='word_1_41' title='bbox 212 905 495 960; x_wconf 71' lang='lat' dir='ltr'><strong>exhibitas.</strong></span> <span class='ocrx_word' id='word_1_42' title='bbox 530 902 829 971; x_wconf 71' lang='lat' dir='ltr'><strong>PrOphetitc</strong></span> <span class='ocrx_word' id='word_1_43' title='bbox 858 917 987 957; x_wconf 88' lang='lat' dir='ltr'><strong>vero</strong></span> <span class='ocrx_word' id='word_1_44' title='bbox 1012 917 1209 956; x_wconf 86' lang='lat' dir='ltr'><strong>munus</strong></span> <span class='ocrx_word' id='word_1_45' title='bbox 1263 909 1366 965; x_wconf 89' lang='lat' dir='ltr'><strong>est,</strong></span> <span class='ocrx_word' id='word_1_46' title='bbox 1398 915 1504 954; x_wconf 90' lang='lat' dir='ltr'><strong>non</strong></span> <span class='ocrx_word' id='word_1_47' title='bbox 1529 898 1690 954; x_wconf 91' lang='lat' dir='ltr'><strong>modo</strong></span> <span class='ocrx_word' id='word_1_48' title='bbox 1718 898 1801 952; x_wconf 78' lang='lat' dir='ltr'><strong>lu-</strong></span> 
     </span>
    </p>
   </div>
   <div class='ocr_carea' id='block_1_8' title="bbox 212 989 1798 1063">
    <p class='ocr_par' dir='ltr' id='par_1_8' title="bbox 212 989 1798 1063">
     <span class='ocr_line' id='line_1_8' title="bbox 212 989 1798 1063; baseline -0.004 -13"><span class='ocrx_word' id='word_1_49' title='bbox 212 1007 322 1050; x_wconf 83' lang='lat' dir='ltr'><strong>tura</strong></span> <span class='ocrx_word' id='word_1_50' title='bbox 348 994 536 1050; x_wconf 85' lang='lat' dir='ltr'><strong>dicere</strong></span> <span class='ocrx_word' id='word_1_51' title='bbox 558 1033 573 1061; x_wconf 92' lang='lat'><strong>,</strong></span> <span class='ocrx_word' id='word_1_52' title='bbox 602 993 699 1049; x_wconf 86' lang='lat' dir='ltr'><strong>sed</strong></span> <span class='ocrx_word' id='word_1_53' title='bbox 728 993 890 1049; x_wconf 88' lang='lat' dir='ltr'><strong>etiam</strong></span> <span class='ocrx_word' id='word_1_54' title='bbox 916 993 1201 1063; x_wconf 70' lang='lat' dir='ltr'><strong>praeterita,</strong></span> <span class='ocrx_word' id='word_1_55' title='bbox 1230 990 1373 1062; x_wconf 89' lang='lat' dir='ltr'><strong>quod</strong></span> <span class='ocrx_word' id='word_1_56' title='bbox 1401 991 1632 1048; x_wconf 77' lang='lat' dir='ltr'><strong>maxime</strong></span> <span class='ocrx_word' id='word_1_57' title='bbox 1659 989 1798 1062; x_wconf 88' lang='lat' dir='ltr'><strong>apud</strong></span> 
     </span>
    </p>
   </div>
   <div class='ocr_carea' id='block_1_9' title="bbox 216 1083 1800 1160">
    <p class='ocr_par' dir='ltr' id='par_1_9' title="bbox 216 1083 1800 1160">
     <span class='ocr_line' id='line_1_9' title="bbox 216 1083 1800 1160; baseline -0.002 -18"><span class='ocrx_word' id='word_1_58' title='bbox 216 1088 445 1160; x_wconf 71' lang='lat' dir='ltr'><strong>Moysem</strong></span> <span class='ocrx_word' id='word_1_59' title='bbox 487 1085 926 1157; x_wconf 85' lang='lat' dir='ltr'><strong>deprehenditur.</strong></span> <span class='ocrx_word' id='word_1_60' title='bbox 955 1084 1179 1153; x_wconf 86' lang='lat' dir='ltr'><strong>Quando</strong></span> <span class='ocrx_word' id='word_1_61' title='bbox 1208 1085 1353 1140; x_wconf 90' lang='lat' dir='ltr'><strong>enim</strong></span> <span class='ocrx_word' id='word_1_62' title='bbox 1391 1083 1461 1140; x_wconf 88' lang='lat' dir='ltr'><strong>de</strong></span> <span class='ocrx_word' id='word_1_63' title='bbox 1487 1083 1621 1139; x_wconf 73' lang='lat' dir='ltr'><strong>ezelo</strong></span> <span class='ocrx_word' id='word_1_64' title='bbox 1649 1093 1704 1139; x_wconf 90' lang='lat' dir='ltr'><strong>et</strong></span> <span class='ocrx_word' id='word_1_65' title='bbox 1731 1083 1800 1139; x_wconf 90' lang='lat' dir='ltr'><strong>de</strong></span> 
     </span>
    </p>
   </div>
   <div class='ocr_carea' id='block_1_10' title="bbox 211 1176 1800 1249">
    <p class='ocr_par' dir='ltr' id='par_1_10' title="bbox 211 1176 1800 1249">
     <span class='ocr_line' id='line_1_10' title="bbox 211 1176 1800 1249; baseline -0.003 -15"><span class='ocrx_word' id='word_1_66' title='bbox 211 1189 350 1234; x_wconf 80' lang='lat' dir='ltr'><strong>terra</strong></span> <span class='ocrx_word' id='word_1_67' title='bbox 382 1179 642 1249; x_wconf 86' lang='lat' dir='ltr'><strong>loquitur,</strong></span> <span class='ocrx_word' id='word_1_68' title='bbox 668 1193 757 1232; x_wconf 90' lang='lat' dir='ltr'><strong>res</strong></span> <span class='ocrx_word' id='word_1_69' title='bbox 776 1177 990 1248; x_wconf 82' lang='lat' dir='ltr'><strong>quidem</strong></span> <span class='ocrx_word' id='word_1_70' title='bbox 1016 1176 1147 1231; x_wconf 89' lang='lat' dir='ltr'><strong>dicit</strong></span> <span class='ocrx_word' id='word_1_71' title='bbox 1167 1176 1465 1247; x_wconf 70' lang='lat' dir='ltr'><strong>pmteritas</strong></span> <span class='ocrx_word' id='word_1_72' title='bbox 1483 1184 1537 1231; x_wconf 92' lang='lat' dir='ltr'><strong>et</strong></span> <span class='ocrx_word' id='word_1_73' title='bbox 1561 1184 1800 1243; x_wconf 87' lang='lat' dir='ltr'><strong>tempore</strong></span> 
     </span>
    </p>
   </div>
   <div class='ocr_carea' id='block_1_11' title="bbox 208 1267 1800 1345">
    <p class='ocr_par' dir='ltr' id='par_1_11' title="bbox 208 1267 1800 1345">
     <span class='ocr_line' id='line_1_11' title="bbox 208 1267 1800 1345; baseline -0.001 -22"><span class='ocrx_word' id='word_1_74' title='bbox 208 1267 659 1345; x_wconf 82' lang='lat' dir='ltr'><strong>obscuratas,scd</strong></span> <span class='ocrx_word' id='word_1_75' title='bbox 687 1268 964 1338; x_wconf 80' lang='lat' dir='ltr'><strong>prophetia</strong></span> <span class='ocrx_word' id='word_1_76' title='bbox 1002 1267 1118 1323; x_wconf 64' lang='lat' dir='ltr'><strong>haec</strong></span> <span class='ocrx_word' id='word_1_77' title='bbox 1136 1268 1395 1323; x_wconf 85' lang='lat' dir='ltr'><strong>enuntiat.</strong></span> <span class='ocrx_word' id='word_1_78' title='bbox 1439 1268 1800 1335; x_wconf 85' lang='lat' dir='ltr'><strong>Quemadmo-</strong></span> 
     </span>
    </p>
   </div>
   <div class='ocr_carea' id='block_1_12' title="bbox 208 1357 1800 1430">
    <p class='ocr_par' dir='ltr' id='par_1_12' title="bbox 208 1357 1800 1430">
     <span class='ocr_line' id='line_1_12' title="bbox 208 1357 1800 1430; baseline -0.001 -15"><span class='ocrx_word' id='word_1_79' title='bbox 208 1362 334 1416; x_wconf 88' lang='lat' dir='ltr'><strong>dum</strong></span> <span class='ocrx_word' id='word_1_80' title='bbox 359 1361 510 1416; x_wconf 88' lang='lat' dir='ltr'><strong>enim</strong></span> <span class='ocrx_word' id='word_1_81' title='bbox 540 1358 833 1430; x_wconf 74' lang='lat' dir='ltr'><strong>prophetia:</strong></span> <span class='ocrx_word' id='word_1_82' title='bbox 857 1367 960 1423; x_wconf 81' lang='lat' dir='ltr'><strong>est,</strong></span> <span class='ocrx_word' id='word_1_83' title='bbox 983 1376 1076 1416; x_wconf 87' lang='lat' dir='ltr'><strong>res</strong></span> <span class='ocrx_word' id='word_1_84' title='bbox 1090 1357 1324 1413; x_wconf 91' lang='lat' dir='ltr'><strong>nondum</strong></span> <span class='ocrx_word' id='word_1_85' title='bbox 1350 1368 1547 1429; x_wconf 90' lang='lat' dir='ltr'><strong>gestas,</strong></span> <span class='ocrx_word' id='word_1_86' title='bbox 1575 1373 1800 1429; x_wconf 69' lang='lat' dir='ltr'><strong>quaeque</strong></span> 
     </span>
    </p>
   </div>
   <div class='ocr_carea' id='block_1_13' title="bbox 211 1450 1801 1520">
    <p class='ocr_par' dir='ltr' id='par_1_13' title="bbox 211 1450 1801 1520">
     <span class='ocr_line' id='line_1_13' title="bbox 211 1450 1801 1520; baseline -0.004 -12"><span class='ocrx_word' id='word_1_87' title='bbox 211 1456 383 1508; x_wconf 79' lang='lat' dir='ltr'><strong>adhuc</strong></span> <span class='ocrx_word' id='word_1_88' title='bbox 409 1453 637 1509; x_wconf 71' lang='lat' dir='ltr'><strong>occulta:</strong></span> <span class='ocrx_word' id='word_1_89' title='bbox 665 1458 791 1506; x_wconf 83' lang='lat' dir='ltr'><strong>sunt</strong></span> <span class='ocrx_word' id='word_1_90' title='bbox 816 1450 1153 1514; x_wconf 86' lang='lat' dir='ltr'><strong>annuntiare,</strong></span> <span class='ocrx_word' id='word_1_91' title='bbox 1184 1450 1262 1504; x_wconf 91' lang='lat' dir='ltr'><strong>sic</strong></span> <span class='ocrx_word' id='word_1_92' title='bbox 1290 1458 1347 1505; x_wconf 90' lang='lat' dir='ltr'><strong>et</strong></span> <span class='ocrx_word' id='word_1_93' title='bbox 1369 1465 1458 1505; x_wconf 89' lang='lat' dir='ltr'><strong>res</strong></span> <span class='ocrx_word' id='word_1_94' title='bbox 1484 1460 1661 1520; x_wconf 78' lang='lat' dir='ltr'><strong>gestas</strong></span> <span class='ocrx_word' id='word_1_95' title='bbox 1684 1452 1801 1519; x_wconf 69' lang='lat' dir='ltr'><strong>qui-</strong></span> 
     </span>
    </p>
   </div>
   <div class='ocr_carea' id='block_1_14' title="bbox 213 1540 1801 1613">
    <p class='ocr_par' dir='ltr' id='par_1_14' title="bbox 213 1540 1801 1613">
     <span class='ocr_line' id='line_1_14' title="bbox 213 1540 1801 1613; baseline -0.002 -14"><span class='ocrx_word' id='word_1_96' title='bbox 213 1545 350 1611; x_wconf 86' lang='lat' dir='ltr'><strong>dem,</strong></span> <span class='ocrx_word' id='word_1_97' title='bbox 381 1542 481 1599; x_wconf 87' lang='lat' dir='ltr'><strong>sed</strong></span> <span class='ocrx_word' id='word_1_98' title='bbox 510 1542 583 1598; x_wconf 92' lang='lat' dir='ltr'><strong>ob</strong></span> <span class='ocrx_word' id='word_1_99' title='bbox 608 1553 816 1613; x_wconf 87' lang='lat' dir='ltr'><strong>tempus</strong></span> <span class='ocrx_word' id='word_1_100' title='bbox 839 1542 1074 1595; x_wconf 86' lang='lat' dir='ltr'><strong>occultas</strong></span> <span class='ocrx_word' id='word_1_101' title='bbox 1101 1541 1372 1607; x_wconf 81' lang='lat' dir='ltr'><strong>revelare,</strong></span> <span class='ocrx_word' id='word_1_102' title='bbox 1401 1549 1458 1598; x_wconf 88' lang='lat' dir='ltr'><strong>et</strong></span> <span class='ocrx_word' id='word_1_103' title='bbox 1485 1540 1539 1595; x_wconf 90' lang='lat' dir='ltr'><strong>in</strong></span> <span class='ocrx_word' id='word_1_104' title='bbox 1565 1540 1801 1596; x_wconf 91' lang='lat' dir='ltr'><strong>medium</strong></span> 
     </span>
    </p>
   </div>
   <div class='ocr_carea' id='block_1_15' title="bbox 210 1632 1800 1705">
    <p class='ocr_par' dir='ltr' id='par_1_15' title="bbox 210 1632 1800 1705">
     <span class='ocr_line' id='line_1_15' title="bbox 210 1632 1800 1705; baseline -0.001 -14"><span class='ocrx_word' id='word_1_105' title='bbox 210 1635 512 1700; x_wconf 82' lang='lat' dir='ltr'><strong>adducere,</strong></span> <span class='ocrx_word' id='word_1_106' title='bbox 561 1649 742 1704; x_wconf 91' lang='lat' dir='ltr'><strong>parem</strong></span> <span class='ocrx_word' id='word_1_107' title='bbox 775 1634 999 1705; x_wconf 77' lang='lat' dir='ltr'><strong>gratiam</strong></span> <span class='ocrx_word' id='word_1_108' title='bbox 1040 1635 1294 1703; x_wconf 87' lang='lat' dir='ltr'><strong>postulat.</strong></span> <span class='ocrx_word' id='word_1_109' title='bbox 1342 1632 1423 1688; x_wconf 87' lang='lat' dir='ltr'><strong>Ad</strong></span> <span class='ocrx_word' id='word_1_110' title='bbox 1466 1632 1800 1703; x_wconf 80' lang='lat' dir='ltr'><strong>prophetiam</strong></span> 
     </span>
    </p>
   </div>
   <div class='ocr_carea' id='block_1_16' title="bbox 208 1724 1800 1797">
    <p class='ocr_par' dir='ltr' id='par_1_16' title="bbox 208 1724 1800 1797">
     <span class='ocr_line' id='line_1_16' title="bbox 208 1724 1800 1797; baseline 0 -17"><span class='ocrx_word' id='word_1_111' title='bbox 208 1742 424 1797; x_wconf 90' lang='lat' dir='ltr'><strong>quoque</strong></span> <span class='ocrx_word' id='word_1_112' title='bbox 467 1726 699 1796; x_wconf 78' lang='lat' dir='ltr'><strong>pertinet</strong></span> <span class='ocrx_word' id='word_1_113' title='bbox 747 1741 835 1780; x_wconf 85' lang='lat' dir='ltr'><strong>res</strong></span> <span class='ocrx_word' id='word_1_114' title='bbox 870 1736 1162 1795; x_wconf 76' lang='lat' dir='ltr'><strong>prmseutes</strong></span> <span class='ocrx_word' id='word_1_115' title='bbox 1200 1725 1518 1780; x_wconf 87' lang='lat' dir='ltr'><strong>annnntiare</strong></span> <span class='ocrx_word' id='word_1_116' title='bbox 1540 1764 1556 1790; x_wconf 92' lang='lat'><strong>,</strong></span> <span class='ocrx_word' id='word_1_117' title='bbox 1587 1724 1800 1794; x_wconf 89' lang='lat' dir='ltr'><strong>quando</strong></span> 
     </span>
    </p>
   </div>
   <div class='ocr_carea' id='block_1_17' title="bbox 210 1816 1799 1888">
    <p class='ocr_par' dir='ltr' id='par_1_17' title="bbox 210 1816 1799 1888">
     <span class='ocr_line' id='line_1_17' title="bbox 210 1816 1799 1888; baseline -0.001 -15"><span class='ocrx_word' id='word_1_118' title='bbox 210 1819 481 1888; x_wconf 81' lang='lat' dir='ltr'><strong>quidpiam</strong></span> <span class='ocrx_word' id='word_1_119' title='bbox 506 1817 759 1883; x_wconf 79' lang='lat' dir='ltr'><strong>efﬁcitur,</strong></span> <span class='ocrx_word' id='word_1_120' title='bbox 790 1816 885 1872; x_wconf 84' lang='lat' dir='ltr'><strong>sed</strong></span> <span class='ocrx_word' id='word_1_121' title='bbox 912 1816 1181 1873; x_wconf 88' lang='lat' dir='ltr'><strong>occultum</strong></span> <span class='ocrx_word' id='word_1_122' title='bbox 1205 1826 1324 1882; x_wconf 88' lang='lat' dir='ltr'><strong>est;</strong></span> <span class='ocrx_word' id='word_1_123' title='bbox 1354 1826 1414 1871; x_wconf 91' lang='lat' dir='ltr'><strong>ut</strong></span> <span class='ocrx_word' id='word_1_124' title='bbox 1436 1816 1629 1872; x_wconf 86' lang='lat' dir='ltr'><strong>accidit</strong></span> <span class='ocrx_word' id='word_1_125' title='bbox 1656 1817 1799 1871; x_wconf 88' lang='lat' dir='ltr'><strong>circa</strong></span> 
     </span>
    </p>
   </div>
   <div class='ocr_carea' id='block_1_18' title="bbox 213 1906 1796 1978">
    <p class='ocr_par' dir='ltr' id='par_1_18' title="bbox 213 1906 1796 1978">
     <span class='ocr_line' id='line_1_18' title="bbox 213 1906 1796 1978; baseline -0.003 -13"><span class='ocrx_word' id='word_1_126' title='bbox 213 1909 475 1965; x_wconf 75' lang='lat' dir='ltr'><strong>Auaniam</strong></span> <span class='ocrx_word' id='word_1_127' title='bbox 502 1916 558 1964; x_wconf 87' lang='lat' dir='ltr'><strong>et</strong></span> <span class='ocrx_word' id='word_1_128' title='bbox 582 1906 920 1978; x_wconf 86' lang='lat' dir='ltr'><strong>Sapphiram.</strong></span> <span class='ocrx_word' id='word_1_129' title='bbox 947 1908 1057 1962; x_wconf 89' lang='lat' dir='ltr'><strong>illic</strong></span> <span class='ocrx_word' id='word_1_130' title='bbox 1078 1908 1221 1963; x_wconf 86' lang='lat' dir='ltr'><strong>enim</strong></span> <span class='ocrx_word' id='word_1_131' title='bbox 1252 1922 1428 1978; x_wconf 88' lang='lat' dir='ltr'><strong>neque</strong></span> <span class='ocrx_word' id='word_1_132' title='bbox 1450 1907 1796 1978; x_wconf 69' lang='lat' dir='ltr'><strong>prmteritum,</strong></span> 
     </span>
    </p>
   </div>
   <div class='ocr_carea' id='block_1_19' title="bbox 213 1998 1799 2072">
    <p class='ocr_par' dir='ltr' id='par_1_19' title="bbox 213 1998 1799 2072">
     <span class='ocr_line' id='line_1_19' title="bbox 213 1998 1799 2072; baseline -0.001 -16"><span class='ocrx_word' id='word_1_133' title='bbox 213 2015 388 2072; x_wconf 84' lang='lat' dir='ltr'><strong>neque</strong></span> <span class='ocrx_word' id='word_1_134' title='bbox 413 2001 671 2065; x_wconf 80' lang='lat' dir='ltr'><strong>futurum,</strong></span> <span class='ocrx_word' id='word_1_135' title='bbox 699 1999 795 2055; x_wconf 91' lang='lat' dir='ltr'><strong>sed</strong></span> <span class='ocrx_word' id='word_1_136' title='bbox 820 2014 910 2055; x_wconf 88' lang='lat' dir='ltr'><strong>res</strong></span> <span class='ocrx_word' id='word_1_137' title='bbox 937 2013 1199 2069; x_wconf 61' lang='lat' dir='ltr'><strong>praesens,</strong></span> <span class='ocrx_word' id='word_1_138' title='bbox 1225 1998 1432 2055; x_wconf 88' lang='lat' dir='ltr'><strong>occulta</strong></span> <span class='ocrx_word' id='word_1_139' title='bbox 1463 2009 1660 2055; x_wconf 88' lang='lat' dir='ltr'><strong>tamen.</strong></span> <span class='ocrx_word' id='word_1_140' title='bbox 1694 1998 1799 2055; x_wconf 89' lang='lat' dir='ltr'><strong>Pe-</strong></span> 
     </span>
    </p>
   </div>
   <div class='ocr_carea' id='block_1_20' title="bbox 215 2091 1799 2164">
    <p class='ocr_par' dir='ltr' id='par_1_20' title="bbox 215 2091 1799 2164">
     <span class='ocr_line' id='line_1_20' title="bbox 215 2091 1799 2164; baseline 0 -16"><span class='ocrx_word' id='word_1_141' title='bbox 215 2104 335 2149; x_wconf 83' lang='lat' dir='ltr'><strong>trus</strong></span> <span class='ocrx_word' id='word_1_142' title='bbox 365 2109 492 2164; x_wconf 87' lang='lat' dir='ltr'><strong>ergo</strong></span> <span class='ocrx_word' id='word_1_143' title='bbox 526 2093 643 2149; x_wconf 70' lang='lat' dir='ltr'><strong>haec</strong></span> <span class='ocrx_word' id='word_1_144' title='bbox 671 2108 768 2163; x_wconf 89' lang='lat' dir='ltr'><strong>per</strong></span> <span class='ocrx_word' id='word_1_145' title='bbox 792 2091 1127 2163; x_wconf 89' lang='lat' dir='ltr'><strong>pr0phetiam</strong></span> <span class='ocrx_word' id='word_1_146' title='bbox 1169 2092 1416 2149; x_wconf 87' lang='lat' dir='ltr'><strong>revelans</strong></span> <span class='ocrx_word' id='word_1_147' title='bbox 1435 2133 1451 2159; x_wconf 94' lang='lat'><strong>,</strong></span> <span class='ocrx_word' id='word_1_148' title='bbox 1482 2093 1535 2149; x_wconf 94' lang='lat' dir='ltr'><strong>in</strong></span> <span class='ocrx_word' id='word_1_149' title='bbox 1566 2092 1799 2149; x_wconf 90' lang='lat' dir='ltr'><strong>medium</strong></span> 
     </span>
    </p>
   </div>
   <div class='ocr_carea' id='block_1_21' title="bbox 222 2183 1796 2255">
    <p class='ocr_par' dir='ltr' id='par_1_21' title="bbox 222 2183 1796 2255">
     <span class='ocr_line' id='line_1_21' title="bbox 222 2183 1796 2255; baseline -0.002 -12"><span class='ocrx_word' id='word_1_150' title='bbox 222 2186 452 2243; x_wconf 82' lang='lat' dir='ltr'><strong>adducit.</strong></span> <span class='ocrx_word' id='word_1_151' title='bbox 477 2185 620 2241; x_wconf 84' lang='lat' dir='ltr'><strong>Sane</strong></span> <span class='ocrx_word' id='word_1_152' title='bbox 644 2200 766 2255; x_wconf 70' lang='lat' dir='ltr'><strong>quae</strong></span> <span class='ocrx_word' id='word_1_153' title='bbox 791 2185 859 2239; x_wconf 88' lang='lat' dir='ltr'><strong>ad</strong></span> <span class='ocrx_word' id='word_1_154' title='bbox 892 2184 1050 2240; x_wconf 81' lang='lat' dir='ltr'><strong>Vetus</strong></span> <span class='ocrx_word' id='word_1_155' title='bbox 1074 2183 1479 2240; x_wconf 84' lang='lat' dir='ltr'><strong>Testamentum</strong></span> <span class='ocrx_word' id='word_1_156' title='bbox 1506 2185 1796 2254; x_wconf 89' lang='lat' dir='ltr'><strong>pertinent,</strong></span> 
     </span>
    </p>
   </div>
   <div class='ocr_carea' id='block_1_22' title="bbox 216 2275 1802 2351">
    <p class='ocr_par' dir='ltr' id='par_1_22' title="bbox 216 2275 1802 2351">
     <span class='ocr_line' id='line_1_22' title="bbox 216 2275 1802 2351; baseline -0.001 -17"><span class='ocrx_word' id='word_1_157' title='bbox 216 2288 278 2334; x_wconf 80' lang='lat' dir='ltr'><strong>ut</strong></span> <span class='ocrx_word' id='word_1_158' title='bbox 299 2279 421 2351; x_wconf 86' lang='lat' dir='ltr'><strong>quis</strong></span> <span class='ocrx_word' id='word_1_159' title='bbox 439 2277 725 2334; x_wconf 75' lang='lat' dir='ltr'><strong>confertim</strong></span> <span class='ocrx_word' id='word_1_160' title='bbox 749 2276 932 2344; x_wconf 88' lang='lat' dir='ltr'><strong>dicat,</strong></span> <span class='ocrx_word' id='word_1_161' title='bbox 968 2275 1233 2346; x_wconf 83' lang='lat' dir='ltr'><strong>ejusmodi</strong></span> <span class='ocrx_word' id='word_1_162' title='bbox 1272 2284 1415 2332; x_wconf 91' lang='lat' dir='ltr'><strong>sunt.</strong></span> <span class='ocrx_word' id='word_1_163' title='bbox 1444 2275 1503 2331; x_wconf 88' lang='lat' dir='ltr'><strong>in</strong></span> <span class='ocrx_word' id='word_1_164' title='bbox 1530 2276 1680 2332; x_wconf 88' lang='lat' dir='ltr'><strong>Novo</strong></span> <span class='ocrx_word' id='word_1_165' title='bbox 1704 2292 1802 2332; x_wconf 88' lang='lat' dir='ltr'><strong>au-</strong></span> 
     </span>
    </p>
   </div>
   <div class='ocr_carea' id='block_1_23' title="bbox 215 2365 1800 2439">
    <p class='ocr_par' dir='ltr' id='par_1_23' title="bbox 215 2365 1800 2439">
     <span class='ocr_line' id='line_1_23' title="bbox 215 2365 1800 2439; baseline -0.003 -14"><span class='ocrx_word' id='word_1_166' title='bbox 215 2381 316 2425; x_wconf 87' lang='lat' dir='ltr'><strong>tem</strong></span> <span class='ocrx_word' id='word_1_167' title='bbox 342 2384 414 2425; x_wconf 83' lang='lat' dir='ltr'><strong>ea</strong></span> <span class='ocrx_word' id='word_1_168' title='bbox 431 2409 453 2434; x_wconf 89' lang='lat'><strong>,</strong></span> <span class='ocrx_word' id='word_1_169' title='bbox 487 2383 607 2439; x_wconf 73' lang='lat' dir='ltr'><strong>qua:</strong></span> <span class='ocrx_word' id='word_1_170' title='bbox 634 2368 688 2423; x_wconf 92' lang='lat' dir='ltr'><strong>in</strong></span> <span class='ocrx_word' id='word_1_171' title='bbox 721 2367 898 2423; x_wconf 78' lang='lat' dir='ltr'><strong>Veteri</strong></span> <span class='ocrx_word' id='word_1_172' title='bbox 939 2366 1272 2437; x_wconf 77' lang='lat' dir='ltr'><strong>mnigmatice</strong></span> <span class='ocrx_word' id='word_1_173' title='bbox 1298 2365 1441 2422; x_wconf 87' lang='lat' dir='ltr'><strong>dicta</strong></span> <span class='ocrx_word' id='word_1_174' title='bbox 1469 2374 1614 2433; x_wconf 88' lang='lat' dir='ltr'><strong>sunt,</strong></span> <span class='ocrx_word' id='word_1_175' title='bbox 1646 2366 1800 2423; x_wconf 78' lang='lat' dir='ltr'><strong>exhi-</strong></span> 
     </span>
    </p>
   </div>
   <div class='ocr_carea' id='block_1_24' title="bbox 208 2456 1801 2530">
    <p class='ocr_par' dir='ltr' id='par_1_24' title="bbox 208 2456 1801 2530">
     <span class='ocr_line' id='line_1_24' title="bbox 208 2456 1801 2530; baseline -0.002 -15"><span class='ocrx_word' id='word_1_176' title='bbox 208 2460 405 2515; x_wconf 83' lang='lat' dir='ltr'><strong>bentur</strong></span> <span class='ocrx_word' id='word_1_177' title='bbox 436 2475 451 2513; x_wconf 92' lang='lat'><strong>:</strong></span> <span class='ocrx_word' id='word_1_178' title='bbox 481 2458 553 2515; x_wconf 84' lang='lat' dir='ltr'><strong>de</strong></span> <span class='ocrx_word' id='word_1_179' title='bbox 592 2456 892 2530; x_wconf 74' lang='lat' dir='ltr'><strong>prophetiis</strong></span> <span class='ocrx_word' id='word_1_180' title='bbox 927 2456 1153 2527; x_wconf 88' lang='lat' dir='ltr'><strong>loquor,</strong></span> <span class='ocrx_word' id='word_1_181' title='bbox 1196 2457 1392 2528; x_wconf 85' lang='lat' dir='ltr'><strong>quibus</strong></span> <span class='ocrx_word' id='word_1_182' title='bbox 1437 2458 1801 2514; x_wconf 89' lang='lat' dir='ltr'><strong>testimonium</strong></span> 
     </span>
    </p>
   </div>
   <div class='ocr_carea' id='block_1_25' title="bbox 209 2549 1802 2623">
    <p class='ocr_par' dir='ltr' id='par_1_25' title="bbox 209 2549 1802 2623">
     <span class='ocr_line' id='line_1_25' title="bbox 209 2549 1802 2623; baseline -0.002 -16"><span class='ocrx_word' id='word_1_183' title='bbox 209 2551 498 2623; x_wconf 74' lang='lat' dir='ltr'><strong>perhibent</strong></span> <span class='ocrx_word' id='word_1_184' title='bbox 526 2550 640 2621; x_wconf 77' lang='lat' dir='ltr'><strong>ipsa</strong></span> <span class='ocrx_word' id='word_1_185' title='bbox 668 2564 831 2620; x_wconf 83' lang='lat' dir='ltr'><strong>opera</strong></span> <span class='ocrx_word' id='word_1_186' title='bbox 854 2590 871 2617; x_wconf 90' lang='lat'><strong>,</strong></span> <span class='ocrx_word' id='word_1_187' title='bbox 912 2564 1106 2619; x_wconf 87' lang='lat' dir='ltr'><strong>nempe</strong></span> <span class='ocrx_word' id='word_1_188' title='bbox 1135 2550 1257 2605; x_wconf 68' lang='lat' dir='ltr'><strong>vitai</strong></span> <span class='ocrx_word' id='word_1_189' title='bbox 1281 2549 1577 2605; x_wconf 89' lang='lat' dir='ltr'><strong>institutum</strong></span> <span class='ocrx_word' id='word_1_190' title='bbox 1603 2551 1669 2604; x_wconf 93' lang='lat' dir='ltr'><strong>ad</strong></span> <span class='ocrx_word' id='word_1_191' title='bbox 1696 2567 1802 2605; x_wconf 72' lang='lat' dir='ltr'><strong>ca:-</strong></span> 
     </span>
    </p>
   </div>
   <div class='ocr_carea' id='block_1_26' title="bbox 209 2642 1803 2716">
    <p class='ocr_par' dir='ltr' id='par_1_26' title="bbox 209 2642 1803 2716">
     <span class='ocr_line' id='line_1_26' title="bbox 209 2642 1803 2716; baseline -0.002 -15"><span class='ocrx_word' id='word_1_192' title='bbox 209 2647 315 2701; x_wconf 88' lang='lat' dir='ltr'><strong>lum</strong></span> <span class='ocrx_word' id='word_1_193' title='bbox 343 2661 525 2716; x_wconf 78' lang='lat' dir='ltr'><strong>usque</strong></span> <span class='ocrx_word' id='word_1_194' title='bbox 550 2643 879 2715; x_wconf 83' lang='lat' dir='ltr'><strong>pertingens,</strong></span> <span class='ocrx_word' id='word_1_195' title='bbox 904 2657 1098 2699; x_wconf 86' lang='lat' dir='ltr'><strong>arcana</strong></span> <span class='ocrx_word' id='word_1_196' title='bbox 1129 2642 1425 2698; x_wconf 81' lang='lat' dir='ltr'><strong>futurorum</strong></span> <span class='ocrx_word' id='word_1_197' title='bbox 1460 2644 1599 2699; x_wconf 90' lang='lat' dir='ltr'><strong>bona</strong></span> <span class='ocrx_word' id='word_1_198' title='bbox 1623 2685 1639 2709; x_wconf 90' lang='lat'><strong>,</strong></span> <span class='ocrx_word' id='word_1_199' title='bbox 1674 2645 1803 2711; x_wconf 76' lang='lat' dir='ltr'><strong>Qua</strong></span> 
     </span>
    </p>
   </div>
   <div class='ocr_carea' id='block_1_27' title="bbox 206 2734 1802 2803">
    <p class='ocr_par' dir='ltr' id='par_1_27' title="bbox 206 2734 1802 2803">
     <span class='ocr_line' id='line_1_27' title="bbox 206 2734 1802 2803; baseline 0 -10"><span class='ocrx_word' id='word_1_200' title='bbox 206 2753 294 2793; x_wconf 71' lang='lat' dir='ltr'><strong>nec</strong></span> <span class='ocrx_word' id='word_1_201' title='bbox 333 2737 524 2792; x_wconf 67' lang='lat' dir='ltr'><strong>oculus</strong></span> <span class='ocrx_word' id='word_1_202' title='bbox 549 2735 704 2803; x_wconf 76' lang='lat' dir='ltr'><strong>vidit,</strong></span> <span class='ocrx_word' id='word_1_203' title='bbox 739 2750 831 2791; x_wconf 75' lang='lat' dir='ltr'><strong>nec</strong></span> <span class='ocrx_word' id='word_1_204' title='bbox 855 2734 996 2789; x_wconf 73' lang='lat' dir='ltr'><strong>auris</strong></span> <span class='ocrx_word' id='word_1_205' title='bbox 1019 2734 1212 2791; x_wconf 82' lang='lat' dir='ltr'><strong>audivit</strong></span> <span class='ocrx_word' id='word_1_206' title='bbox 1229 2776 1246 2802; x_wconf 95' lang='lat'><strong>,</strong></span> <span class='ocrx_word' id='word_1_207' title='bbox 1274 2750 1366 2788; x_wconf 82' lang='lat' dir='ltr'><strong>nec</strong></span> <span class='ocrx_word' id='word_1_208' title='bbox 1392 2734 1446 2788; x_wconf 85' lang='lat' dir='ltr'><strong>in</strong></span> <span class='ocrx_word' id='word_1_209' title='bbox 1473 2734 1802 2793; x_wconf 63' lang='lat' dir='ltr'><strong>corlwminis</strong></span> 
     </span>
    </p>
   </div>
   <div class='ocr_carea' id='block_1_28' title="bbox 204 2824 1799 2899">
    <p class='ocr_par' dir='ltr' id='par_1_28' title="bbox 204 2824 1799 2899">
     <span class='ocr_line' id='line_1_28' title="bbox 204 2824 1799 2899; baseline -0.001 -14"><span class='ocrx_word' id='word_1_210' title='bbox 204 2827 635 2898; x_wconf 63' lang='lat' dir='ltr'><strong>excuderunt“.</strong></span> <span class='ocrx_word' id='word_1_211' title='bbox 651 2825 770 2882; x_wconf 74' lang='lat' dir='ltr'><strong>Cor.</strong></span> <span class='ocrx_word' id='word_1_212' title='bbox 785 2826 843 2881; x_wconf 77' lang='lat'><strong>2.</strong></span> <span class='ocrx_word' id='word_1_213' title='bbox 864 2824 942 2899; x_wconf 84' lang='lat'><strong>9).</strong></span> <span class='ocrx_word' id='word_1_214' title='bbox 960 2825 1168 2882; x_wconf 84' lang='lat' dir='ltr'><strong>Novum</strong></span> <span class='ocrx_word' id='word_1_215' title='bbox 1186 2826 1383 2897; x_wconf 88' lang='lat' dir='ltr'><strong>quippe</strong></span> <span class='ocrx_word' id='word_1_216' title='bbox 1402 2825 1799 2883; x_wconf 88' lang='lat' dir='ltr'><strong>Testamentum</strong></span> 
     </span>
    </p>
   </div>
   <div class='ocr_carea' id='block_1_29' title="bbox 207 2917 1800 2990">
    <p class='ocr_par' dir='ltr' id='par_1_29' title="bbox 207 2917 1800 2990">
     <span class='ocr_line' id='line_1_29' title="bbox 207 2917 1800 2990; baseline -0.001 -13"><span class='ocrx_word' id='word_1_217' title='bbox 207 2921 486 2977; x_wconf 82' lang='lat' dir='ltr'><strong>hominem</strong></span> <span class='ocrx_word' id='word_1_218' title='bbox 511 2934 609 2990; x_wconf 88' lang='lat' dir='ltr'><strong>per</strong></span> <span class='ocrx_word' id='word_1_219' title='bbox 632 2917 799 2975; x_wconf 79' lang='lat' dir='ltr'><strong>Vetus</strong></span> <span class='ocrx_word' id='word_1_220' title='bbox 821 2927 1100 2990; x_wconf 86' lang='lat' dir='ltr'><strong>acceptum</strong></span> <span class='ocrx_word' id='word_1_221' title='bbox 1119 2959 1136 2987; x_wconf 96' lang='lat'><strong>,</strong></span> <span class='ocrx_word' id='word_1_222' title='bbox 1166 2919 1441 2975; x_wconf 86' lang='lat' dir='ltr'><strong>moderate</strong></span> <span class='ocrx_word' id='word_1_223' title='bbox 1464 2928 1518 2976; x_wconf 90' lang='lat' dir='ltr'><strong>et</strong></span> <span class='ocrx_word' id='word_1_224' title='bbox 1543 2922 1740 2975; x_wconf 87' lang='lat' dir='ltr'><strong>sensim</strong></span> <span class='ocrx_word' id='word_1_225' title='bbox 1769 2935 1800 2975; x_wconf 89' lang='lat' dir='ltr'><strong>a</strong></span> 
     </span>
    </p>
   </div>
   <div class='ocr_carea' id='block_1_30' title="bbox 204 3010 1803 3085">
    <p class='ocr_par' dir='ltr' id='par_1_30' title="bbox 204 3010 1803 3085">
     <span class='ocr_line' id='line_1_30' title="bbox 204 3010 1803 3085; baseline 0.001 -18"><span class='ocrx_word' id='word_1_226' title='bbox 204 3013 447 3085; x_wconf 77' lang='lat' dir='ltr'><strong>nequitia</strong></span> <span class='ocrx_word' id='word_1_227' title='bbox 471 3011 541 3066; x_wconf 87' lang='lat' dir='ltr'><strong>ad</strong></span> <span class='ocrx_word' id='word_1_228' title='bbox 568 3010 881 3083; x_wconf 78' lang='lat' dir='ltr'><strong>angelorum</strong></span> <span class='ocrx_word' id='word_1_229' title='bbox 906 3010 1205 3067; x_wconf 83' lang='lat' dir='ltr'><strong>institutum</strong></span> <span class='ocrx_word' id='word_1_230' title='bbox 1225 3010 1462 3067; x_wconf 89' lang='lat' dir='ltr'><strong>adducit.</strong></span> <span class='ocrx_word' id='word_1_231' title='bbox 1494 3012 1677 3083; x_wconf 88' lang='lat' dir='ltr'><strong>itaque</strong></span> <span class='ocrx_word' id='word_1_232' title='bbox 1700 3012 1803 3068; x_wconf 84' lang='lat' dir='ltr'><strong>Vc-</strong></span> 
     </span>
    </p>
   </div>
   <div class='ocr_carea' id='block_1_31' title="bbox 205 3104 1798 3179">
    <p class='ocr_par' dir='ltr' id='par_1_31' title="bbox 205 3104 1798 3179">
     <span class='ocr_line' id='line_1_31' title="bbox 205 3104 1798 3179; baseline -0.001 -15"><span class='ocrx_word' id='word_1_233' title='bbox 205 3109 330 3164; x_wconf 85' lang='lat' dir='ltr'><strong>teris</strong></span> <span class='ocrx_word' id='word_1_234' title='bbox 354 3105 586 3179; x_wconf 81' lang='lat' dir='ltr'><strong>quidem</strong></span> <span class='ocrx_word' id='word_1_235' title='bbox 617 3104 945 3161; x_wconf 86' lang='lat' dir='ltr'><strong>Testamenti</strong></span> <span class='ocrx_word' id='word_1_236' title='bbox 974 3119 1109 3175; x_wconf 91' lang='lat' dir='ltr'><strong>opus</strong></span> <span class='ocrx_word' id='word_1_237' title='bbox 1138 3113 1252 3160; x_wconf 91' lang='lat' dir='ltr'><strong>erat</strong></span> <span class='ocrx_word' id='word_1_238' title='bbox 1280 3104 1550 3162; x_wconf 89' lang='lat' dir='ltr'><strong>hominem</strong></span> <span class='ocrx_word' id='word_1_239' title='bbox 1592 3106 1798 3173; x_wconf 77' lang='lat' dir='ltr'><strong>facere;</strong></span> 
     </span>
    </p>
   </div>
   <div class='ocr_carea' id='block_1_32' title="bbox 203 3194 1803 3273">
    <p class='ocr_par' dir='ltr' id='par_1_32' title="bbox 203 3194 1803 3273">
     <span class='ocr_line' id='line_1_32' title="bbox 203 3194 1803 3273; baseline -0.001 -19"><span class='ocrx_word' id='word_1_240' title='bbox 203 3198 329 3255; x_wconf 80' lang='lat' dir='ltr'><strong>Novi</strong></span> <span class='ocrx_word' id='word_1_241' title='bbox 359 3195 873 3273; x_wconf 59' lang='lat' dir='ltr'><strong>autemJiominem</strong></span> <span class='ocrx_word' id='word_1_242' title='bbox 903 3194 1122 3251; x_wconf 75' lang='lat' dir='ltr'><strong>efﬁcere</strong></span> <span class='ocrx_word' id='word_1_243' title='bbox 1162 3196 1430 3267; x_wconf 87' lang='lat' dir='ltr'><strong>angelum.</strong></span> <span class='ocrx_word' id='word_1_244' title='bbox 1460 3196 1803 3269; x_wconf 87' lang='lat' dir='ltr'><strong>Quandoqui-</strong></span> 
     </span>
    </p>
   </div>
   <div class='ocr_carea' id='block_1_33' title="bbox 201 3285 1801 3360">
    <p class='ocr_par' dir='ltr' id='par_1_33' title="bbox 201 3285 1801 3360">
     <span class='ocr_line' id='line_1_33' title="bbox 201 3285 1801 3360; baseline -0.002 -13"><span class='ocrx_word' id='word_1_245' title='bbox 201 3292 321 3347; x_wconf 86' lang='lat' dir='ltr'><strong>dem</strong></span> <span class='ocrx_word' id='word_1_246' title='bbox 348 3290 508 3346; x_wconf 83' lang='lat' dir='ltr'><strong>euim</strong></span> <span class='ocrx_word' id='word_1_247' title='bbox 548 3287 783 3358; x_wconf 79' lang='lat' dir='ltr'><strong>nequitia</strong></span> <span class='ocrx_word' id='word_1_248' title='bbox 812 3285 866 3342; x_wconf 88' lang='lat' dir='ltr'><strong>id</strong></span> <span class='ocrx_word' id='word_1_249' title='bbox 891 3286 1071 3343; x_wconf 71' lang='lat' dir='ltr'><strong>effecit</strong></span> <span class='ocrx_word' id='word_1_250' title='bbox 1096 3295 1155 3342; x_wconf 93' lang='lat' dir='ltr'><strong>ut</strong></span> <span class='ocrx_word' id='word_1_251' title='bbox 1196 3286 1327 3342; x_wconf 90' lang='lat' dir='ltr'><strong>illud</strong></span> <span class='ocrx_word' id='word_1_252' title='bbox 1367 3287 1653 3358; x_wconf 86' lang='lat' dir='ltr'><strong>perderent</strong></span> <span class='ocrx_word' id='word_1_253' title='bbox 1695 3303 1801 3360; x_wconf 89' lang='lat' dir='ltr'><strong>quo</strong></span> 
     </span>
    </p>
   </div>
   <div class='ocr_carea' id='block_1_34' title="bbox 203 3379 1802 3453">
    <p class='ocr_par' dir='ltr' id='par_1_34' title="bbox 203 3379 1802 3453">
     <span class='ocr_line' id='line_1_34' title="bbox 203 3379 1802 3453; baseline -0.001 -13"><span class='ocrx_word' id='word_1_254' title='bbox 203 3383 459 3440; x_wconf 77' lang='lat' dir='ltr'><strong>homines</strong></span> <span class='ocrx_word' id='word_1_255' title='bbox 510 3390 666 3439; x_wconf 86' lang='lat' dir='ltr'><strong>erant</strong></span> <span class='ocrx_word' id='word_1_256' title='bbox 687 3421 707 3448; x_wconf 91' lang='lat'><strong>,</strong></span> <span class='ocrx_word' id='word_1_257' title='bbox 749 3380 1002 3453; x_wconf 85' lang='lat' dir='ltr'><strong>ipsosque</strong></span> <span class='ocrx_word' id='word_1_258' title='bbox 1027 3380 1080 3436; x_wconf 91' lang='lat' dir='ltr'><strong>in</strong></span> <span class='ocrx_word' id='word_1_259' title='bbox 1108 3379 1385 3437; x_wconf 89' lang='lat' dir='ltr'><strong>brutorum</strong></span> <span class='ocrx_word' id='word_1_260' title='bbox 1419 3380 1802 3452; x_wconf 84' lang='lat' dir='ltr'><strong>ignobilitatem</strong></span> 
     </span>
    </p>
   </div>
   <div class='ocr_carea' id='block_1_35' title="bbox 202 3471 1799 3546">
    <p class='ocr_par' dir='ltr' id='par_1_35' title="bbox 202 3471 1799 3546">
     <span class='ocr_line' id='line_1_35' title="bbox 202 3471 1799 3546; baseline -0.003 -13"><span class='ocrx_word' id='word_1_261' title='bbox 202 3475 402 3546; x_wconf 73' lang='lat' dir='ltr'><strong>deiecit</strong></span> <span class='ocrx_word' id='word_1_262' title='bbox 429 3515 447 3540; x_wconf 88' lang='lat'><strong>,</strong></span> <span class='ocrx_word' id='word_1_263' title='bbox 489 3489 556 3530; x_wconf 91' lang='lat' dir='ltr'><strong>ac</strong></span> <span class='ocrx_word' id='word_1_264' title='bbox 583 3472 783 3530; x_wconf 74' lang='lat' dir='ltr'><strong>ferinos</strong></span> <span class='ocrx_word' id='word_1_265' title='bbox 813 3471 1089 3539; x_wconf 87' lang='lat' dir='ltr'><strong>reddidit;</strong></span> <span class='ocrx_word' id='word_1_266' title='bbox 1126 3473 1214 3529; x_wconf 84' lang='lat' dir='ltr'><strong>lex</strong></span> <span class='ocrx_word' id='word_1_267' title='bbox 1248 3472 1463 3544; x_wconf 87' lang='lat' dir='ltr'><strong>quidem</strong></span> <span class='ocrx_word' id='word_1_268' title='bbox 1508 3473 1627 3529; x_wconf 89' lang='lat' dir='ltr'><strong>illos</strong></span> <span class='ocrx_word' id='word_1_269' title='bbox 1652 3489 1683 3529; x_wconf 90' lang='lat' dir='ltr'><strong>a</strong></span> <span class='ocrx_word' id='word_1_270' title='bbox 1712 3474 1799 3529; x_wconf 85' lang='lat' dir='ltr'><strong>tali</strong></span> 
     </span>
    </p>
   </div>
   <div class='ocr_carea' id='block_1_36' title="bbox 202 3564 1799 3637">
    <p class='ocr_par' dir='ltr' id='par_1_36' title="bbox 202 3564 1799 3637">
     <span class='ocr_line' id='line_1_36' title="bbox 202 3564 1799 3637; baseline -0.001 -14"><span class='ocrx_word' id='word_1_271' title='bbox 202 3568 409 3623; x_wconf 78' lang='lat' dir='ltr'><strong>malitia</strong></span> <span class='ocrx_word' id='word_1_272' title='bbox 450 3565 749 3629; x_wconf 86' lang='lat' dir='ltr'><strong>liberabat;</strong></span> <span class='ocrx_word' id='word_1_273' title='bbox 791 3565 961 3636; x_wconf 87' lang='lat' dir='ltr'><strong>gratia</strong></span> <span class='ocrx_word' id='word_1_274' title='bbox 995 3579 1125 3620; x_wconf 84' lang='lat' dir='ltr'><strong>vero</strong></span> <span class='ocrx_word' id='word_1_275' title='bbox 1163 3564 1293 3635; x_wconf 87' lang='lat' dir='ltr'><strong>ipsis</strong></span> <span class='ocrx_word' id='word_1_276' title='bbox 1332 3565 1468 3621; x_wconf 90' lang='lat' dir='ltr'><strong>hanc</strong></span> <span class='ocrx_word' id='word_1_277' title='bbox 1508 3565 1799 3637; x_wconf 86' lang='lat' dir='ltr'><strong>angelicam</strong></span> 
     </span>
    </p>
   </div>
   <div class='ocr_carea' id='block_1_37' title="bbox 200 3654 1798 3723">
    <p class='ocr_par' dir='ltr' id='par_1_37' title="bbox 200 3654 1798 3723">
     <span class='ocr_line' id='line_1_37' title="bbox 200 3654 1798 3723; baseline -0.001 -10"><span class='ocrx_word' id='word_1_278' title='bbox 200 3659 466 3714; x_wconf 75' lang='lat' dir='ltr'><strong>virtutem</strong></span> <span class='ocrx_word' id='word_1_279' title='bbox 504 3656 671 3711; x_wconf 91' lang='lat' dir='ltr'><strong>addit.</strong></span> <span class='ocrx_word' id='word_1_280' title='bbox 717 3655 855 3711; x_wconf 90' lang='lat' dir='ltr'><strong>Sunt</strong></span> <span class='ocrx_word' id='word_1_281' title='bbox 892 3662 1070 3710; x_wconf 88' lang='lat' dir='ltr'><strong>autem</strong></span> <span class='ocrx_word' id='word_1_282' title='bbox 1113 3654 1245 3710; x_wconf 84' lang='lat' dir='ltr'><strong>Novi</strong></span> <span class='ocrx_word' id='word_1_283' title='bbox 1273 3655 1597 3711; x_wconf 87' lang='lat' dir='ltr'><strong>Testamenti</strong></span> <span class='ocrx_word' id='word_1_284' title='bbox 1640 3656 1798 3723; x_wconf 88' lang='lat' dir='ltr'><strong>libri,</strong></span> 
     </span>
    </p>
   </div>
   <div class='ocr_carea' id='block_1_38' title="bbox 202 3747 1796 3821">
    <p class='ocr_par' dir='ltr' id='par_1_38' title="bbox 202 3747 1796 3821">
     <span class='ocr_line' id='line_1_38' title="bbox 202 3747 1796 3821; baseline -0.001 -16"><span class='ocrx_word' id='word_1_285' title='bbox 202 3750 470 3821; x_wconf 72' lang='lat' dir='ltr'><strong>Epistula:</strong></span> <span class='ocrx_word' id='word_1_286' title='bbox 507 3748 910 3820; x_wconf 88' lang='lat' dir='ltr'><strong>quatuordecim</strong></span> <span class='ocrx_word' id='word_1_287' title='bbox 940 3747 1087 3803; x_wconf 86' lang='lat' dir='ltr'><strong>Pauli</strong></span> <span class='ocrx_word' id='word_1_288' title='bbox 1112 3748 1208 3819; x_wconf 90' lang='lat' dir='ltr'><strong>(a),</strong></span> <span class='ocrx_word' id='word_1_289' title='bbox 1240 3757 1466 3819; x_wconf 89' lang='lat' dir='ltr'><strong>quatuor</strong></span> <span class='ocrx_word' id='word_1_290' title='bbox 1492 3748 1796 3821; x_wconf 78' lang='lat' dir='ltr'><strong>Evangelia,</strong></span> 
     </span>
    </p>
   </div>
   <div class='ocr_carea' id='block_1_39' title="bbox 198 3839 1801 3914">
    <p class='ocr_par' dir='ltr' id='par_1_39' title="bbox 198 3839 1801 3914">
     <span class='ocr_line' id='line_1_39' title="bbox 198 3839 1801 3914; baseline -0.001 -15"><span class='ocrx_word' id='word_1_291' title='bbox 198 3844 305 3900; x_wconf 85' lang='lat' dir='ltr'><strong>duo</strong></span> <span class='ocrx_word' id='word_1_292' title='bbox 330 3843 733 3914; x_wconf 76' lang='lat' dir='ltr'><strong>discipulorum</strong></span> <span class='ocrx_word' id='word_1_293' title='bbox 773 3839 973 3896; x_wconf 89' lang='lat' dir='ltr'><strong>Christi</strong></span> <span class='ocrx_word' id='word_1_294' title='bbox 997 3880 1012 3905; x_wconf 92' lang='lat'><strong>,</strong></span> <span class='ocrx_word' id='word_1_295' title='bbox 1056 3839 1275 3895; x_wconf 86' lang='lat' dir='ltr'><strong>Joannis</strong></span> <span class='ocrx_word' id='word_1_296' title='bbox 1302 3849 1358 3896; x_wconf 90' lang='lat' dir='ltr'><strong>et</strong></span> <span class='ocrx_word' id='word_1_297' title='bbox 1391 3840 1620 3896; x_wconf 65' lang='grc' dir='ltr'><strong>Μαιαιωί</strong></span> <span class='ocrx_word' id='word_1_298' title='bbox 1649 3884 1665 3909; x_wconf 87' lang='grc'><strong><em>,</em></strong></span> <span class='ocrx_word' id='word_1_299' title='bbox 1693 3841 1801 3897; x_wconf 89' lang='lat' dir='ltr'><strong>duo</strong></span> 
     </span>
    </p>
   </div>
   <div class='ocr_carea' id='block_1_40' title="bbox 200 3930 1798 4002">
    <p class='ocr_par' dir='ltr' id='par_1_40' title="bbox 200 3930 1798 4002">
     <span class='ocr_line' id='line_1_40' title="bbox 200 3930 1798 4002; baseline -0.001 -13"><span class='ocrx_word' id='word_1_300' title='bbox 200 3944 381 3991; x_wconf 76' lang='lat' dir='ltr'><strong>autem</strong></span> <span class='ocrx_word' id='word_1_301' title='bbox 410 3933 582 3989; x_wconf 74' lang='lat' dir='ltr'><strong>Luca:</strong></span> <span class='ocrx_word' id='word_1_302' title='bbox 599 3940 654 3987; x_wconf 89' lang='lat' dir='ltr'><strong>et</strong></span> <span class='ocrx_word' id='word_1_303' title='bbox 669 3930 828 3987; x_wconf 75' lang='lat' dir='ltr'><strong>Marci</strong></span> <span class='ocrx_word' id='word_1_304' title='bbox 854 3944 1117 4002; x_wconf 87' lang='lat' dir='ltr'><strong>:quorum</strong></span> <span class='ocrx_word' id='word_1_305' title='bbox 1143 3930 1280 3985; x_wconf 86' lang='lat' dir='ltr'><strong>alius</strong></span> <span class='ocrx_word' id='word_1_306' title='bbox 1305 3930 1465 3995; x_wconf 84' lang='lat' dir='ltr'><strong>Petri,</strong></span> <span class='ocrx_word' id='word_1_307' title='bbox 1495 3932 1630 3986; x_wconf 90' lang='lat' dir='ltr'><strong>alius</strong></span> <span class='ocrx_word' id='word_1_308' title='bbox 1653 3932 1798 3987; x_wconf 80' lang='lat' dir='ltr'><strong>Pauli</strong></span> 
     </span>
    </p>
   </div>
   <div class='ocr_carea' id='block_1_41' title="bbox 198 4024 1798 4097">
    <p class='ocr_par' dir='ltr' id='par_1_41' title="bbox 198 4024 1798 4097">
     <span class='ocr_line' id='line_1_41' title="bbox 198 4024 1798 4097; baseline -0.002 -14"><span class='ocrx_word' id='word_1_309' title='bbox 198 4027 507 4097; x_wconf 73' lang='lat' dir='ltr'><strong>discipulus</strong></span> <span class='ocrx_word' id='word_1_310' title='bbox 534 4024 651 4080; x_wconf 80' lang='lat' dir='ltr'><strong>fuit.</strong></span> <span class='ocrx_word' id='word_1_311' title='bbox 683 4024 763 4080; x_wconf 89' lang='lat' dir='ltr'><strong>illi</strong></span> <span class='ocrx_word' id='word_1_312' title='bbox 792 4024 937 4079; x_wconf 86' lang='lat' dir='ltr'><strong>enim</strong></span> <span class='ocrx_word' id='word_1_313' title='bbox 972 4024 1102 4095; x_wconf 88' lang='lat' dir='ltr'><strong>ipsis</strong></span> <span class='ocrx_word' id='word_1_314' title='bbox 1138 4025 1309 4080; x_wconf 88' lang='lat' dir='ltr'><strong>oculis</strong></span> <span class='ocrx_word' id='word_1_315' title='bbox 1347 4024 1614 4080; x_wconf 85' lang='lat' dir='ltr'><strong>Christum</strong></span> <span class='ocrx_word' id='word_1_316' title='bbox 1647 4027 1798 4081; x_wconf 88' lang='lat' dir='ltr'><strong>vidc-</strong></span> 
     </span>
    </p>
   </div>
   <div class='ocr_carea' id='block_1_42' title="bbox 199 4116 1799 4188">
    <p class='ocr_par' dir='ltr' id='par_1_42' title="bbox 199 4116 1799 4188">
     <span class='ocr_line' id='line_1_42' title="bbox 199 4116 1799 4188; baseline -0.001 -13"><span class='ocrx_word' id='word_1_317' title='bbox 199 4130 343 4187; x_wconf 87' lang='lat' dir='ltr'><strong>rant,</strong></span> <span class='ocrx_word' id='word_1_318' title='bbox 368 4134 441 4174; x_wconf 83' lang='lat' dir='ltr'><strong>ac</strong></span> <span class='ocrx_word' id='word_1_319' title='bbox 471 4133 603 4174; x_wconf 86' lang='lat' dir='ltr'><strong>cum</strong></span> <span class='ocrx_word' id='word_1_320' title='bbox 639 4117 732 4172; x_wconf 92' lang='lat' dir='ltr'><strong>illo</strong></span> <span class='ocrx_word' id='word_1_321' title='bbox 761 4116 956 4173; x_wconf 76' lang='lat' dir='ltr'><strong>versati</strong></span> <span class='ocrx_word' id='word_1_322' title='bbox 987 4117 1194 4172; x_wconf 82' lang='lat' dir='ltr'><strong>fuerant</strong></span> <span class='ocrx_word' id='word_1_323' title='bbox 1218 4133 1233 4180; x_wconf 85' lang='lat'><strong>;</strong></span> <span class='ocrx_word' id='word_1_324' title='bbox 1265 4116 1319 4171; x_wconf 88' lang='lat' dir='ltr'><strong>hi</strong></span> <span class='ocrx_word' id='word_1_325' title='bbox 1344 4131 1471 4171; x_wconf 85' lang='lat' dir='ltr'><strong>vero</strong></span> <span class='ocrx_word' id='word_1_326' title='bbox 1494 4132 1555 4172; x_wconf 91' lang='lat' dir='ltr'><strong>ea</strong></span> <span class='ocrx_word' id='word_1_327' title='bbox 1582 4134 1702 4188; x_wconf 80' lang='lat' dir='ltr'><strong>quae</strong></span> <span class='ocrx_word' id='word_1_328' title='bbox 1731 4134 1799 4174; x_wconf 79' lang='lat' dir='ltr'><strong>ex</strong></span> 
     </span>
    </p>
   </div>
   <div class='ocr_carea' id='block_1_43' title="bbox 200 4207 1799 4281">
    <p class='ocr_par' dir='ltr' id='par_1_43' title="bbox 200 4207 1799 4281">
     <span class='ocr_line' id='line_1_43' title="bbox 200 4207 1799 4281; baseline -0.001 -16"><span class='ocrx_word' id='word_1_329' title='bbox 200 4211 330 4281; x_wconf 78' lang='lat' dir='ltr'><strong>ipsis</strong></span> <span class='ocrx_word' id='word_1_330' title='bbox 377 4217 752 4280; x_wconf 84' lang='lat' dir='ltr'><strong>acceperant.</strong></span> <span class='ocrx_word' id='word_1_331' title='bbox 799 4208 919 4263; x_wconf 87' lang='lat' dir='ltr'><strong>aliis</strong></span> <span class='ocrx_word' id='word_1_332' title='bbox 964 4207 1341 4274; x_wconf 90' lang='lat' dir='ltr'><strong>tradiderunt;</strong></span> <span class='ocrx_word' id='word_1_333' title='bbox 1390 4207 1620 4279; x_wconf 88' lang='lat' dir='ltr'><strong>itemque</strong></span> <span class='ocrx_word' id='word_1_334' title='bbox 1666 4210 1799 4264; x_wconf 86' lang='lat' dir='ltr'><strong>liber</strong></span> 
     </span>
    </p>
   </div>
   <div class='ocr_carea' id='block_1_44' title="bbox 203 4298 1794 4371">
    <p class='ocr_par' dir='ltr' id='par_1_44' title="bbox 203 4298 1794 4371">
     <span class='ocr_line' id='line_1_44' title="bbox 203 4298 1794 4371; baseline -0.001 -14"><span class='ocrx_word' id='word_1_335' title='bbox 203 4305 463 4369; x_wconf 79' lang='lat' dir='ltr'><strong>Actuum,</strong></span> <span class='ocrx_word' id='word_1_336' title='bbox 499 4301 591 4370; x_wconf 84' lang='lat' dir='ltr'><strong>qui</strong></span> <span class='ocrx_word' id='word_1_337' title='bbox 621 4301 778 4355; x_wconf 89' lang='lat' dir='ltr'><strong>etiam</strong></span> <span class='ocrx_word' id='word_1_338' title='bbox 812 4299 967 4355; x_wconf 71' lang='lat' dir='ltr'><strong>Luca:</strong></span> <span class='ocrx_word' id='word_1_339' title='bbox 992 4307 1096 4366; x_wconf 86' lang='lat' dir='ltr'><strong>est,</strong></span> <span class='ocrx_word' id='word_1_340' title='bbox 1116 4298 1382 4354; x_wconf 87' lang='lat' dir='ltr'><strong>narrantis</strong></span> <span class='ocrx_word' id='word_1_341' title='bbox 1407 4314 1468 4355; x_wconf 87' lang='lat' dir='ltr'><strong>ea</strong></span> <span class='ocrx_word' id='word_1_342' title='bbox 1500 4317 1618 4371; x_wconf 71' lang='lat' dir='ltr'><strong>quae</strong></span> <span class='ocrx_word' id='word_1_343' title='bbox 1648 4311 1794 4370; x_wconf 88' lang='lat' dir='ltr'><strong>gesta</strong></span> 
     </span>
    </p>
   </div>
   <div class='ocr_carea' id='block_1_45' title="bbox 198 4390 1399 4461">
    <p class='ocr_par' dir='ltr' id='par_1_45' title="bbox 198 4390 1399 4461">
     <span class='ocr_line' id='line_1_45' title="bbox 198 4390 1399 4461; baseline -0.005 -11"><span class='ocrx_word' id='word_1_344' title='bbox 198 4405 322 4450; x_wconf 82' lang='lat' dir='ltr'><strong>sunt</strong></span> <span class='ocrx_word' id='word_1_345' title='bbox 345 4411 364 4461; x_wconf 89' lang='lat'><strong>;</strong></span> <span class='ocrx_word' id='word_1_346' title='bbox 398 4403 461 4450; x_wconf 90' lang='lat' dir='ltr'><strong>et</strong></span> <span class='ocrx_word' id='word_1_347' title='bbox 485 4407 558 4447; x_wconf 77' lang='lat' dir='ltr'><strong>ex</strong></span> <span class='ocrx_word' id='word_1_348' title='bbox 582 4390 856 4447; x_wconf 82' lang='lat' dir='ltr'><strong>catholicis</strong></span> <span class='ocrx_word' id='word_1_349' title='bbox 883 4401 992 4447; x_wconf 90' lang='lat' dir='ltr'><strong>tres</strong></span> <span class='ocrx_word' id='word_1_350' title='bbox 1019 4390 1272 4460; x_wconf 66' lang='lat' dir='ltr'><strong>Episuilre</strong></span> <span class='ocrx_word' id='word_1_351' title='bbox 1303 4390 1399 4461; x_wconf 74' lang='grc' dir='ltr'><strong>(ὁ).</strong></span> 
     </span>
    </p>
   </div>
   <div class='ocr_carea' id='block_1_46' title="bbox 261 4544 1799 4613">
    <p class='ocr_par' dir='ltr' id='par_1_46' title="bbox 261 4544 1799 4613">
     <span class='ocr_line' id='line_1_46' title="bbox 261 4544 1799 4613; baseline -0.001 -14"><span class='ocrx_word' id='word_1_352' title='bbox 261 4549 339 4613; x_wconf 88' lang='lat' dir='ltr'><strong>(a)</strong></span> <span class='ocrx_word' id='word_1_353' title='bbox 377 4549 556 4613; x_wconf 74' lang='lat' dir='ltr'><strong>Itirum</strong></span> <span class='ocrx_word' id='word_1_354' title='bbox 575 4546 655 4613; x_wconf 78' lang='lat' dir='ltr'><strong>hic</strong></span> <span class='ocrx_word' id='word_1_355' title='bbox 676 4544 896 4613; x_wconf 80' lang='lat' dir='ltr'><strong>videatur</strong></span> <span class='ocrx_word' id='word_1_356' title='bbox 913 4544 1143 4609; x_wconf 78' lang='lat' dir='ltr'><strong>Epistolas</strong></span> <span class='ocrx_word' id='word_1_357' title='bbox 1154 4544 1517 4613; x_wconf 68' lang='lat' dir='ltr'><strong>quattuordecim</strong></span> <span class='ocrx_word' id='word_1_358' title='bbox 1540 4544 1665 4594; x_wconf 85' lang='lat' dir='ltr'><strong>Pauli</strong></span> <span class='ocrx_word' id='word_1_359' title='bbox 1683 4551 1799 4598; x_wconf 88' lang='lat' dir='ltr'><strong>ante</strong></span> 
     </span>
    </p>
   </div>
   <div class='ocr_carea' id='block_1_47' title="bbox 198 4605 1797 4679">
    <p class='ocr_par' dir='ltr' id='par_1_47' title="bbox 198 4605 1797 4679">
     <span class='ocr_line' id='line_1_47' title="bbox 198 4605 1797 4679; baseline -0.003 -20"><span class='ocrx_word' id='word_1_360' title='bbox 198 4605 471 4674; x_wconf 72' lang='lat' dir='ltr'><strong>Evangelia</strong></span> <span class='ocrx_word' id='word_1_361' title='bbox 676 4608 911 4679; x_wconf 66' lang='lat' dir='ltr'><strong>Quantum</strong></span> <span class='ocrx_word' id='word_1_362' title='bbox 947 4605 1134 4679; x_wconf 71' lang='lat' dir='ltr'><strong>amaret</strong></span> <span class='ocrx_word' id='word_1_363' title='bbox 1176 4605 1375 4679; x_wconf 61' lang='lat' dir='ltr'><strong>Paulum</strong></span> <span class='ocrx_word' id='word_1_364' title='bbox 1417 4605 1797 4679; x_wconf 64' lang='lat' dir='ltr'><strong>Qhrysostomus,</strong></span> 
     </span>
    </p>
   </div>
   <div class='ocr_carea' id='block_1_48' title="bbox 198 4666 1798 4740">
    <p class='ocr_par' dir='ltr' id='par_1_48' title="bbox 198 4666 1798 4740">
     <span class='ocr_line' id='line_1_48' title="bbox 198 4666 1798 4740; baseline -0.009 -18"><span class='ocrx_word' id='word_1_365' title='bbox 198 4666 356 4740; x_wconf 59' lang='lat' dir='ltr'><strong>quani</strong></span> <span class='ocrx_word' id='word_1_366' title='bbox 366 4683 481 4735; x_wconf 63' lang='grc' dir='ltr'><strong>με</strong></span> <span class='ocrx_word' id='word_1_367' title='bbox 494 4666 606 4719; x_wconf 76' lang='lat' dir='ltr'><strong>aliis</strong></span> <span class='ocrx_word' id='word_1_368' title='bbox 623 4666 848 4740; x_wconf 83' lang='lat' dir='ltr'><strong>omnibus</strong></span> <span class='ocrx_word' id='word_1_369' title='bbox 856 4671 1121 4740; x_wconf 68' lang='lat' dir='ltr'><strong>scriptura:</strong></span> <span class='ocrx_word' id='word_1_370' title='bbox 1140 4680 1293 4740; x_wconf 69' lang='lat' dir='ltr'><strong>sacrae</strong></span> <span class='ocrx_word' id='word_1_371' title='bbox 1328 4666 1464 4740; x_wconf 82' lang='lat' dir='ltr'><strong>lihris</strong></span> <span class='ocrx_word' id='word_1_372' title='bbox 1487 4666 1595 4731; x_wconf 74' lang='lat' dir='ltr'><strong>ejus</strong></span> <span class='ocrx_word' id='word_1_373' title='bbox 1616 4671 1798 4740; x_wconf 65' lang='lat' dir='ltr'><strong>Epistq-</strong></span> 
     </span>
    </p>
   </div>
   <div class='ocr_carea' id='block_1_49' title="bbox 200 4730 1799 4796">
    <p class='ocr_par' dir='ltr' id='par_1_49' title="bbox 200 4730 1799 4796">
     <span class='ocr_line' id='line_1_49' title="bbox 200 4730 1799 4796; baseline -0.005 -11"><span class='ocrx_word' id='word_1_374' title='bbox 200 4730 271 4784; x_wconf 74' lang='lat' dir='ltr'><strong>Ias</strong></span> <span class='ocrx_word' id='word_1_375' title='bbox 288 4730 623 4796; x_wconf 71' lang='lat' dir='ltr'><strong>aethperore</strong></span> <span class='ocrx_word' id='word_1_376' title='bbox 643 4733 910 4796; x_wconf 76' lang='lat' dir='ltr'><strong>menteque</strong></span> <span class='ocrx_word' id='word_1_377' title='bbox 934 4730 1172 4796; x_wconf 76' lang='lat' dir='ltr'><strong>versaret,</strong></span> <span class='ocrx_word' id='word_1_378' title='bbox 1198 4730 1389 4796; x_wconf 82' lang='lat' dir='ltr'><strong>ignorat</strong></span> <span class='ocrx_word' id='word_1_379' title='bbox 1411 4743 1555 4796; x_wconf 81' lang='lat' dir='ltr'><strong>nemo</strong></span> <span class='ocrx_word' id='word_1_380' title='bbox 1575 4730 1658 4793; x_wconf 87' lang='lat' dir='ltr'><strong>qui</strong></span> <span class='ocrx_word' id='word_1_381' title='bbox 1677 4735 1799 4796; x_wconf 80' lang='lat' dir='ltr'><strong>scri-</strong></span> 
     </span>
    </p>
   </div>
   <div class='ocr_carea' id='block_1_50' title="bbox 302 4791 1798 4858">
    <p class='ocr_par' dir='ltr' id='par_1_50' title="bbox 302 4791 1798 4858">
     <span class='ocr_line' id='line_1_50' title="bbox 302 4791 1798 4858; baseline -0.001 -15"><span class='ocrx_word' id='word_1_382' title='bbox 302 4791 429 4858; x_wconf 70' lang='lat' dir='ltr'><strong>ejus&#39;</strong></span> <span class='ocrx_word' id='word_1_383' title='bbox 449 4791 853 4858; x_wconf 68' lang='lat' dir='ltr'><strong>velprimoribus</strong></span> <span class='ocrx_word' id='word_1_384' title='bbox 880 4791 1034 4858; x_wconf 75' lang='lat' dir='ltr'><strong>labris</strong></span> <span class='ocrx_word' id='word_1_385' title='bbox 1061 4791 1296 4858; x_wconf 76' lang='lat' dir='ltr'><strong>attigerit.</strong></span> <span class='ocrx_word' id='word_1_386' title='bbox 1336 4792 1562 4858; x_wconf 76' lang='lat' dir='ltr'><strong>Ordinem</strong></span> <span class='ocrx_word' id='word_1_387' title='bbox 1592 4791 1716 4858; x_wconf 69' lang='lat' dir='ltr'><strong>ergo</strong></span> <span class='ocrx_word' id='word_1_388' title='bbox 1741 4794 1798 4842; x_wconf 90' lang='lat' dir='ltr'><strong>li-</strong></span> 
     </span>
    </p>
   </div>
   <div class='ocr_carea' id='block_1_51' title="bbox 200 4806 1799 4911">
    <p class='ocr_par' dir='ltr' id='par_1_51' title="bbox 200 4806 1799 4911">
     <span class='ocr_line' id='line_1_51' title="bbox 302 4806 1798 4901; baseline -0.001 -58"><span class='ocrx_word' id='word_1_389' title='bbox 302 4806 424 4858; x_wconf 72' lang='lat' dir='ltr'><strong>ejus</strong></span> <span class='ocrx_word' id='word_1_390' title='bbox 449 4806 533 4843; x_wconf 83' lang='lat' dir='ltr'><strong>vel</strong></span> <span class='ocrx_word' id='word_1_391' title='bbox 558 4806 845 4855; x_wconf 83' lang='lat' dir='ltr'><strong>pnmormus</strong></span> <span class='ocrx_word' id='word_1_392' title='bbox 887 4806 1034 4841; x_wconf 79' lang='lat' dir='ltr'><strong>laDI&#39;lS</strong></span> <span class='ocrx_word' id='word_1_393' title='bbox 1061 4806 1296 4901; x_wconf 57' lang='lat' dir='ltr'><strong>attigerit.</strong></span> <span class='ocrx_word' id='word_1_394' title='bbox 1336 4806 1562 4842; x_wconf 81' lang='lat' dir='ltr'><strong>ormnem</strong></span> <span class='ocrx_word' id='word_1_395' title='bbox 1596 4806 1716 4853; x_wconf 70' lang='lat' dir='ltr'><strong>ergo</strong></span> <span class='ocrx_word' id='word_1_396' title='bbox 1741 4806 1798 4842; x_wconf 89' lang='lat' dir='ltr'><strong>u-</strong></span> 
     </span>
     <span class='ocr_line' id='line_1_52' title="bbox 200 4806 1799 4911; baseline 0 -6"><span class='ocrx_word' id='word_1_397' title='bbox 200 4806 409 4906; x_wconf 51' lang='lat' dir='ltr'><strong>lta-nn:</strong></span> <span class='ocrx_word' id='word_1_398' title='bbox 430 4854 857 4904; x_wconf 68' lang='lat' dir='ltr'><strong>NoviTestamenti</strong></span> <span class='ocrx_word' id='word_1_399' title='bbox 880 4853 958 4903; x_wconf 90' lang='lat' dir='ltr'><strong>hic</strong></span> <span class='ocrx_word' id='word_1_400' title='bbox 977 4867 1072 4902; x_wconf 90' lang='lat' dir='ltr'><strong>non</strong></span> <span class='ocrx_word' id='word_1_401' title='bbox 1088 4866 1144 4902; x_wconf 86' lang='lat' dir='ltr'><strong>or</strong></span> <span class='ocrx_word' id='word_1_402' title='bbox 1176 4854 1258 4902; x_wconf 88' lang='lat' dir='ltr'><strong>iue</strong></span> <span class='ocrx_word' id='word_1_403' title='bbox 1277 4854 1540 4911; x_wconf 81' lang='lat' dir='ltr'><strong>recensuit,</strong></span> <span class='ocrx_word' id='word_1_404' title='bbox 1560 4854 1649 4902; x_wconf 88' lang='lat' dir='ltr'><strong>sed</strong></span> <span class='ocrx_word' id='word_1_405' title='bbox 1673 4863 1726 4903; x_wconf 90' lang='lat' dir='ltr'><strong>ut</strong></span> <span class='ocrx_word' id='word_1_406' title='bbox 1741 4869 1799 4905; x_wconf 86' lang='lat' dir='ltr'><strong>se</strong></span> 
     </span>
    </p>
   </div>
   <div class='ocr_carea' id='block_1_52' title="bbox 198 4913 1798 4978">
    <p class='ocr_par' dir='ltr' id='par_1_52' title="bbox 198 4913 1798 4978">
     <span class='ocr_line' id='line_1_53' title="bbox 198 4913 1798 4978; baseline -0.001 -12"><span class='ocrx_word' id='word_1_407' title='bbox 198 4918 419 4978; x_wconf 79' lang='lat' dir='ltr'><strong>primum</strong></span> <span class='ocrx_word' id='word_1_408' title='bbox 468 4917 635 4978; x_wconf 74' lang='lat' dir='ltr'><strong>menti</strong></span> <span class='ocrx_word' id='word_1_409' title='bbox 658 4913 930 4964; x_wconf 75' lang='lat' dir='ltr'><strong>offerebant</strong></span> <span class='ocrx_word' id='word_1_410' title='bbox 966 4913 1255 4976; x_wconf 75' lang='lat' dir='ltr'><strong>descripsit;</strong></span> <span class='ocrx_word' id='word_1_411' title='bbox 1301 4915 1371 4964; x_wconf 85' lang='lat' dir='ltr'><strong>sic</strong></span> <span class='ocrx_word' id='word_1_412' title='bbox 1406 4922 1639 4978; x_wconf 79' lang='lat' dir='ltr'><strong>Joannem</strong></span> <span class='ocrx_word' id='word_1_413' title='bbox 1676 4925 1798 4978; x_wconf 77' lang='lat' dir='ltr'><strong>ante</strong></span> 
     </span>
    </p>
   </div>
   <div class='ocr_carea' id='block_1_53' title="bbox 196 4975 1799 5040">
    <p class='ocr_par' dir='ltr' id='par_1_53' title="bbox 196 4975 1799 5040">
     <span class='ocr_line' id='line_1_54' title="bbox 196 4975 1799 5040; baseline -0.001 -13"><span class='ocrx_word' id='word_1_414' title='bbox 196 4975 380 5028; x_wconf 77' lang='lat' dir='ltr'><strong>omnes</strong></span> <span class='ocrx_word' id='word_1_415' title='bbox 404 4976 760 5040; x_wconf 62' lang='lat' dir='ltr'><strong>Evangeliaas,</strong></span> <span class='ocrx_word' id='word_1_416' title='bbox 786 4985 837 5027; x_wconf 85' lang='lat' dir='ltr'><strong>et</strong></span> <span class='ocrx_word' id='word_1_417' title='bbox 852 4983 1017 5025; x_wconf 85' lang='lat' dir='ltr'><strong>Lucam</strong></span> <span class='ocrx_word' id='word_1_418' title='bbox 1039 4975 1379 5040; x_wconf 67' lang='lat' dir='ltr'><strong>antehtarcum</strong></span> <span class='ocrx_word' id='word_1_419' title='bbox 1401 4977 1574 5040; x_wconf 81' lang='lat' dir='ltr'><strong>posuit.</strong></span> <span class='ocrx_word' id='word_1_420' title='bbox 1589 4975 1799 5029; x_wconf 86' lang='lat' dir='ltr'><strong>Catholi-</strong></span> 
     </span>
    </p>
   </div>
   <div class='ocr_carea' id='block_1_54' title="bbox 197 5035 1798 5102">
    <p class='ocr_par' dir='ltr' id='par_1_54' title="bbox 197 5035 1798 5102">
     <span class='ocr_line' id='line_1_55' title="bbox 197 5035 1798 5102; baseline -0.002 -11"><span class='ocrx_word' id='word_1_421' title='bbox 197 5055 283 5091; x_wconf 79' lang='lat' dir='ltr'><strong>cas</strong></span> <span class='ocrx_word' id='word_1_422' title='bbox 303 5035 653 5102; x_wconf 69' lang='lat' dir='ltr'><strong>Epistolas&#39;hie</strong></span> <span class='ocrx_word' id='word_1_423' title='bbox 675 5046 780 5102; x_wconf 76' lang='lat' dir='ltr'><strong>tres</strong></span> <span class='ocrx_word' id='word_1_424' title='bbox 807 5037 1065 5102; x_wconf 78' lang='lat' dir='ltr'><strong>recenseri</strong></span> <span class='ocrx_word' id='word_1_425' title='bbox 1100 5037 1237 5087; x_wconf 87' lang='lat' dir='ltr'><strong>vides</strong></span> <span class='ocrx_word' id='word_1_426' title='bbox 1278 5035 1545 5102; x_wconf 83' lang='lat' dir='ltr'><strong>secundum</strong></span> <span class='ocrx_word' id='word_1_427' title='bbox 1576 5046 1798 5100; x_wconf 71' lang='lat' dir='ltr'><strong>Syrorum</strong></span> 
     </span>
    </p>
   </div>
   <div class='ocr_carea' id='block_1_55' title="bbox 203 5098 1795 5157">
    <p class='ocr_par' dir='ltr' id='par_1_55' title="bbox 203 5098 1795 5157">
     <span class='ocr_line' id='line_1_56' title="bbox 203 5098 1795 5157; baseline -0.001 -7"><span class='ocrx_word' id='word_1_428' title='bbox 203 5098 396 5151; x_wconf 73' lang='lat' dir='ltr'><strong>tua-ein</strong></span> <span class='ocrx_word' id='word_1_429' title='bbox 421 5112 620 5150; x_wconf 87' lang='lat' dir='ltr'><strong>necnon</strong></span> <span class='ocrx_word' id='word_1_430' title='bbox 639 5099 865 5149; x_wconf 67' lang='lat' dir='ltr'><strong>Ecclesiae</strong></span> <span class='ocrx_word' id='word_1_431' title='bbox 888 5098 1214 5157; x_wconf 64' lang='lat' dir='ltr'><strong>antiochenze,</strong></span> <span class='ocrx_word' id='word_1_432' title='bbox 1246 5100 1328 5147; x_wconf 89' lang='lat' dir='ltr'><strong>ubi</strong></span> <span class='ocrx_word' id='word_1_433' title='bbox 1351 5100 1511 5147; x_wconf 86' lang='lat' dir='ltr'><strong>Jacobi</strong></span> <span class='ocrx_word' id='word_1_434' title='bbox 1536 5098 1647 5157; x_wconf 82' lang='lat' dir='ltr'><strong>una,</strong></span> <span class='ocrx_word' id='word_1_435' title='bbox 1673 5101 1795 5149; x_wconf 81' lang='lat' dir='ltr'><strong>Petri</strong></span> 
     </span>
    </p>
   </div>
   <div class='ocr_carea' id='block_1_56' title="bbox 204 5158 1797 5230">
    <p class='ocr_par' dir='ltr' id='par_1_56' title="bbox 204 5158 1797 5230">
     <span class='ocr_line' id='line_1_57' title="bbox 204 5158 1797 5230; baseline -0.001 -19"><span class='ocrx_word' id='word_1_436' title='bbox 204 5162 381 5230; x_wconf 52' lang='lat' dir='ltr'><strong>trium,</strong></span> <span class='ocrx_word' id='word_1_437' title='bbox 407 5162 751 5230; x_wconf 71' lang='lat' dir='ltr'><strong>.tmunisitem</strong></span> <span class='ocrx_word' id='word_1_438' title='bbox 775 5163 925 5230; x_wconf 61' lang='lat' dir='ltr'><strong>[ninia</strong></span> <span class='ocrx_word' id='word_1_439' title='bbox 947 5158 1518 5230; x_wconf 41' lang='lat' dir='ltr'><strong>selumﬂadmittebautur.</strong></span> <span class='ocrx_word' id='word_1_440' title='bbox 1541 5170 1638 5219; x_wconf 80' lang='lat' dir='ltr'><strong>Qua</strong></span> <span class='ocrx_word' id='word_1_441' title='bbox 1658 5158 1723 5210; x_wconf 91' lang='lat' dir='ltr'><strong>de</strong></span> <span class='ocrx_word' id='word_1_442' title='bbox 1740 5173 1797 5210; x_wconf 82' lang='lat' dir='ltr'><strong>re</strong></span> 
     </span>
    </p>
   </div>
   <div class='ocr_carea' id='block_1_57' title="bbox 203 5222 1312 5285">
    <p class='ocr_par' dir='ltr' id='par_1_57' title="bbox 203 5222 1312 5285">
     <span class='ocr_line' id='line_1_58' title="bbox 203 5222 1312 5285; baseline -0.002 -12"><span class='ocrx_word' id='word_1_443' title='bbox 203 5222 435 5283; x_wconf 63' lang='lat' dir='ltr'><strong>[hu-ilius</strong></span> <span class='ocrx_word' id='word_1_444' title='bbox 457 5235 603 5285; x_wconf 65' lang='lat' dir='ltr'><strong>sujra</strong></span> <span class='ocrx_word' id='word_1_445' title='bbox 622 5223 672 5271; x_wconf 89' lang='lat' dir='ltr'><strong>in</strong></span> <span class='ocrx_word' id='word_1_446' title='bbox 696 5222 904 5285; x_wconf 10' lang='lat' dir='ltr'><strong>Dlatfriba</strong></span> <span class='ocrx_word' id='word_1_447' title='bbox 923 5222 1312 5285; x_wconf 82' lang='lat' dir='ltr'><strong>verbafeeimus.</strong></span> 
     </span>
    </p>
   </div>
   <div class='ocr_carea' id='block_1_58' title="bbox 286 5282 1799 5348">
    <p class='ocr_par' dir='ltr' id='par_1_58' title="bbox 286 5282 1799 5348">
     <span class='ocr_line' id='line_1_59' title="bbox 286 5282 1799 5348; baseline -0.002 -15"><span class='ocrx_word' id='word_1_448' title='bbox 286 5286 343 5348; x_wconf 66' lang='grc' dir='ltr'><strong>ὑ)</strong></span> <span class='ocrx_word' id='word_1_449' title='bbox 380 5282 699 5348; x_wconf 58' lang='grc' dir='ltr'><strong>δοιιέίιιᾳυίι</strong></span> <span class='ocrx_word' id='word_1_450' title='bbox 732 5282 1038 5348; x_wconf 65' lang='lat' dir='ltr'><strong>scholiastes,</strong></span> <span class='ocrx_word' id='word_1_451' title='bbox 1079 5284 1237 5348; x_wconf 84' lang='lat' dir='ltr'><strong>ipsum</strong></span> <span class='ocrx_word' id='word_1_452' title='bbox 1269 5295 1365 5348; x_wconf 85' lang='lat' dir='ltr'><strong>non</strong></span> <span class='ocrx_word' id='word_1_453' title='bbox 1388 5294 1658 5348; x_wconf 75' lang='lat' dir='ltr'><strong>memorare</strong></span> <span class='ocrx_word' id='word_1_454' title='bbox 1681 5289 1799 5348; x_wconf 38' lang='lat' dir='ltr'><strong>epos</strong></span> 
     </span>
    </p>
   </div>
   <div class='ocr_carea' id='block_1_59' title="bbox 202 5343 1798 5469">
    <p class='ocr_par' dir='ltr' id='par_1_59' title="bbox 202 5343 1798 5469">
     <span class='ocr_line' id='line_1_60' title="bbox 202 5343 1797 5410; baseline -0.001 -15"><span class='ocrx_word' id='word_1_455' title='bbox 202 5343 469 5410; x_wconf 62' lang='lat' dir='ltr'><strong>calyj&#39;sim.</strong></span> <span class='ocrx_word' id='word_1_456' title='bbox 491 5343 720 5409; x_wconf 65' lang='lat' dir='ltr'><strong>militem</strong></span> <span class='ocrx_word' id='word_1_457' title='bbox 734 5343 844 5394; x_wconf 63' lang='lat' dir='ltr'><strong>iure</strong></span> <span class='ocrx_word' id='word_1_458' title='bbox 863 5343 1135 5396; x_wconf 85' lang='lat' dir='ltr'><strong>Scholiastis</strong></span> <span class='ocrx_word' id='word_1_459' title='bbox 1146 5344 1388 5393; x_wconf 87' lang='lat' dir='ltr'><strong>adnotatio</strong></span> <span class='ocrx_word' id='word_1_460' title='bbox 1409 5343 1586 5407; x_wconf 86' lang='lat' dir='ltr'><strong>aliquid</strong></span> <span class='ocrx_word' id='word_1_461' title='bbox 1612 5343 1797 5409; x_wconf 76' lang='lat' dir='ltr'><strong>negotii</strong></span> 
     </span>
     <span class='ocr_line' id='line_1_61' title="bbox 202 5404 1798 5469; baseline -0.001 -12"><span class='ocrx_word' id='word_1_462' title='bbox 202 5408 483 5469; x_wconf 58' lang='lat' dir='ltr'><strong>me</strong></span> <span class='ocrx_word' id='word_1_463' title='bbox 486 5413 671 5469; x_wconf 82' lang='lat' dir='ltr'><strong>potest,</strong></span> <span class='ocrx_word' id='word_1_464' title='bbox 694 5409 808 5469; x_wconf 80' lang='lat' dir='ltr'><strong>quia</strong></span> <span class='ocrx_word' id='word_1_465' title='bbox 832 5406 1170 5469; x_wconf 77' lang='lat' dir='ltr'><strong>Apocalypsim,</strong></span> <span class='ocrx_word' id='word_1_466' title='bbox 1193 5405 1405 5469; x_wconf 84' lang='lat' dir='ltr'><strong>amplum</strong></span> <span class='ocrx_word' id='word_1_467' title='bbox 1426 5404 1544 5469; x_wconf 90' lang='lat' dir='ltr'><strong>licet</strong></span> <span class='ocrx_word' id='word_1_468' title='bbox 1560 5405 1753 5469; x_wconf 86' lang='lat' dir='ltr'><strong>librum,</strong></span> <span class='ocrx_word' id='word_1_469' title='bbox 1770 5418 1798 5455; x_wconf 67' lang='grc' dir='ltr'>α</span> 
     </span>
    </p>
   </div>
   <div class='ocr_carea' id='block_1_60' title="bbox 1156 5438 1753 5463">
    <p class='ocr_par' dir='ltr' id='par_1_60' title="bbox 1156 5438 1753 5463">
     <span class='ocr_line' id='line_1_62' title="bbox 1156 5438 1753 5463; baseline -0.003 -8"><span class='ocrx_word' id='word_1_470' title='bbox 1156 5438 1170 5463; x_wconf 67' lang='grc' dir='ltr'><strong>ν</strong></span> <span class='ocrx_word' id='word_1_471' title='bbox 1193 5438 1405 5463; x_wconf 65' lang='lat' dir='ltr'><strong>culp-uua</strong></span> <span class='ocrx_word' id='word_1_472' title='bbox 1426 5438 1544 5455; x_wconf 70' lang='grc' dir='ltr'><strong>ιιυνι</strong></span> <span class='ocrx_word' id='word_1_473' title='bbox 1560 5438 1643 5455; x_wconf 76' lang='lat' dir='ltr'><strong>Iun</strong></span> <span class='ocrx_word' id='word_1_474' title='bbox 1655 5438 1753 5462; x_wconf 67' lang='lat' dir='ltr'><strong>ulla,</strong></span> 
     </span>
    </p>
   </div>
   <div class='ocr_carea' id='block_1_61' title="bbox 204 5467 1797 5530">
    <p class='ocr_par' dir='ltr' id='par_1_61' title="bbox 204 5467 1797 5530">
     <span class='ocr_line' id='line_1_63' title="bbox 204 5467 1797 5530; baseline -0.001 -12"><span class='ocrx_word' id='word_1_475' title='bbox 204 5474 399 5530; x_wconf 58' lang='lat' dir='ltr'><strong>{tunc</strong></span> <span class='ocrx_word' id='word_1_476' title='bbox 445 5467 784 5530; x_wconf 70' lang='lat' dir='ltr'><strong>Chrysostoino</strong></span> <span class='ocrx_word' id='word_1_477' title='bbox 806 5467 1082 5530; x_wconf 75' lang='lat' dir='ltr'><strong>usurpatam</strong></span> <span class='ocrx_word' id='word_1_478' title='bbox 1114 5467 1325 5530; x_wconf 68' lang='lat' dir='ltr'><strong>nouitium</strong></span> <span class='ocrx_word' id='word_1_479' title='bbox 1353 5468 1537 5530; x_wconf 84' lang='lat' dir='ltr'><strong>reperi,</strong></span> <span class='ocrx_word' id='word_1_480' title='bbox 1577 5480 1672 5517; x_wconf 87' lang='lat' dir='ltr'><strong>nec</strong></span> <span class='ocrx_word' id='word_1_481' title='bbox 1706 5467 1797 5530; x_wconf 83' lang='lat' dir='ltr'><strong>de-</strong></span> 
     </span>
    </p>
   </div>
   <div class='ocr_carea' id='block_1_62' title="bbox 204 5527 1797 5593">
    <p class='ocr_par' dir='ltr' id='par_1_62' title="bbox 204 5527 1797 5593">
     <span class='ocr_line' id='line_1_64' title="bbox 204 5527 1797 5593; baseline 0 -15"><span class='ocrx_word' id='word_1_482' title='bbox 204 5527 369 5593; x_wconf 66' lang='lat' dir='ltr'><strong>luere,</strong></span> <span class='ocrx_word' id='word_1_483' title='bbox 394 5530 491 5593; x_wconf 86' lang='lat' dir='ltr'><strong>qui</strong></span> <span class='ocrx_word' id='word_1_484' title='bbox 508 5527 575 5593; x_wconf 71' lang='lat' dir='ltr'><strong>de</strong></span> <span class='ocrx_word' id='word_1_485' title='bbox 598 5530 707 5593; x_wconf 77' lang='lat' dir='ltr'><strong>ejus</strong></span> <span class='ocrx_word' id='word_1_486' title='bbox 725 5527 1011 5579; x_wconf 78' lang='lat' dir='ltr'><strong>auctoritate</strong></span> <span class='ocrx_word' id='word_1_487' title='bbox 1035 5529 1083 5593; x_wconf 81' lang='lat' dir='ltr'><strong>in</strong></span> <span class='ocrx_word' id='word_1_488' title='bbox 1108 5527 1318 5593; x_wconf 75' lang='lat' dir='ltr'><strong>Ecclesia</strong></span> <span class='ocrx_word' id='word_1_489' title='bbox 1339 5527 1509 5593; x_wconf 80' lang='lat' dir='ltr'><strong>saltem</strong></span> <span class='ocrx_word' id='word_1_490' title='bbox 1525 5527 1686 5593; x_wconf 66' lang='lat' dir='ltr'><strong>Graeca</strong></span> <span class='ocrx_word' id='word_1_491' title='bbox 1709 5528 1797 5578; x_wconf 85' lang='lat' dir='ltr'><strong>du-</strong></span> 
     </span>
    </p>
   </div>
   <div class='ocr_carea' id='block_1_63' title="bbox 204 5589 1800 5654">
    <p class='ocr_par' dir='ltr' id='par_1_63' title="bbox 204 5589 1800 5654">
     <span class='ocr_line' id='line_1_65' title="bbox 204 5589 1800 5654; baseline 0.001 -15"><span class='ocrx_word' id='word_1_492' title='bbox 204 5589 505 5650; x_wconf 75' lang='lat' dir='ltr'><strong>bitaverint,</strong></span> <span class='ocrx_word' id='word_1_493' title='bbox 529 5589 921 5654; x_wconf 62' lang='lat' dir='ltr'><strong>sicepborusque</strong></span> <span class='ocrx_word' id='word_1_494' title='bbox 955 5589 1220 5654; x_wconf 81' lang='lat' dir='ltr'><strong>patriarcha</strong></span> <span class='ocrx_word' id='word_1_495' title='bbox 1252 5590 1800 5654; x_wconf 74' lang='lat' dir='ltr'><strong>(lonstantinopolitanus</strong></span> 
     </span>
    </p>
   </div>
   <div class='ocr_carea' id='block_1_64' title="bbox 204 5651 1796 5715">
    <p class='ocr_par' dir='ltr' id='par_1_64' title="bbox 204 5651 1796 5715">
     <span class='ocr_line' id='line_1_66' title="bbox 204 5651 1796 5715; baseline 0 -13"><span class='ocrx_word' id='word_1_496' title='bbox 204 5656 255 5702; x_wconf 62' lang='grc' dir='ltr'>ι</span> <span class='ocrx_word' id='word_1_497' title='bbox 273 5654 492 5704; x_wconf 60' lang='lat' dir='ltr'><strong>moue</strong></span> <span class='ocrx_word' id='word_1_498' title='bbox 512 5664 599 5715; x_wconf 66' lang='lat' dir='ltr'><strong>sum</strong></span> <span class='ocrx_word' id='word_1_499' title='bbox 609 5651 886 5715; x_wconf 66' lang='lat' dir='ltr'><strong>recensuit.</strong></span> <span class='ocrx_word' id='word_1_500' title='bbox 907 5651 1025 5711; x_wconf 80' lang='lat' dir='ltr'><strong>Quin</strong></span> <span class='ocrx_word' id='word_1_501' title='bbox 1047 5659 1100 5702; x_wconf 87' lang='lat' dir='ltr'><strong>et</strong></span> <span class='ocrx_word' id='word_1_502' title='bbox 1120 5654 1165 5701; x_wconf 89' lang='lat' dir='ltr'><strong>in</strong></span> <span class='ocrx_word' id='word_1_503' title='bbox 1186 5651 1399 5701; x_wconf 86' lang='lat' dir='ltr'><strong>secundo</strong></span> <span class='ocrx_word' id='word_1_504' title='bbox 1430 5651 1571 5715; x_wconf 66' lang='lat' dir='ltr'><strong>I‘omo&#39;</strong></span> <span class='ocrx_word' id='word_1_505' title='bbox 1582 5654 1796 5715; x_wconf 79' lang='lat' dir='ltr'><strong>Gregorii</strong></span> 
     </span>
    </p>
   </div>
   <div class='ocr_carea' id='block_1_65' title="bbox 207 5709 1796 5778">
    <p class='ocr_par' dir='ltr' id='par_1_65' title="bbox 207 5709 1796 5778">
     <span class='ocr_line' id='line_1_67' title="bbox 207 5709 1796 5778; baseline -0.003 -13"><span class='ocrx_word' id='word_1_506' title='bbox 207 5715 505 5765; x_wconf 53' lang='grc' dir='ltr'><strong>καθαροὶ</strong></span> <span class='ocrx_word' id='word_1_507' title='bbox 525 5714 571 5762; x_wconf 88' lang='lat' dir='ltr'><strong>in</strong></span> <span class='ocrx_word' id='word_1_508' title='bbox 592 5709 820 5777; x_wconf 75' lang='lat' dir='ltr'><strong>Catath</strong></span> <span class='ocrx_word' id='word_1_509' title='bbox 843 5709 1073 5764; x_wconf 74' lang='lat' dir='ltr'><strong>librorum</strong></span> <span class='ocrx_word' id='word_1_510' title='bbox 1109 5715 1379 5777; x_wconf 69' lang='lat' dir='ltr'><strong>Scriptum,</strong></span> <span class='ocrx_word' id='word_1_511' title='bbox 1425 5714 1510 5778; x_wconf 86' lang='lat' dir='ltr'><strong>qui</strong></span> <span class='ocrx_word' id='word_1_512' title='bbox 1543 5717 1649 5776; x_wconf 82' lang='lat' dir='ltr'><strong>ejus</strong></span> <span class='ocrx_word' id='word_1_513' title='bbox 1677 5709 1796 5765; x_wconf 56' lang='lat' dir='ltr'><strong>esse</strong></span> 
     </span>
    </p>
   </div>
   <div class='ocr_carea' id='block_1_66' title="bbox 210 5783 1805 5857">
    <p class='ocr_par' dir='ltr' id='par_1_66' title="bbox 210 5783 1805 5857">
     <span class='ocr_line' id='line_1_68' title="bbox 210 5783 1805 5857; baseline 0.006 -29"><span class='ocrx_word' id='word_1_514' title='bbox 210 5792 314 5830; x_wconf 76' lang='lat' dir='ltr'><strong>Ion</strong></span> <span class='ocrx_word' id='word_1_515' title='bbox 340 5787 576 5844; x_wconf 83' lang='lat' dir='ltr'><strong>putatur,</strong></span> <span class='ocrx_word' id='word_1_516' title='bbox 606 5783 712 5833; x_wconf 74' lang='lat' dir='ltr'><strong>haec</strong></span> <span class='ocrx_word' id='word_1_517' title='bbox 742 5785 982 5851; x_wconf 87' lang='lat' dir='ltr'><strong>leguntur</strong></span> <span class='ocrx_word' id='word_1_518' title='bbox 1018 5798 1067 5840; x_wconf 76' lang='grc' dir='ltr'><strong>ι).</strong></span> <span class='ocrx_word' id='word_1_519' title='bbox 1102 5784 1193 5836; x_wconf 62' lang='grc'><strong>194</strong></span> <span class='ocrx_word' id='word_1_520' title='bbox 1224 5799 1238 5839; x_wconf 91' lang='lat'><strong>:</strong></span> <span class='ocrx_word' id='word_1_521' title='bbox 1267 5787 1365 5845; x_wconf 72' lang='grc' dir='ltr'><strong>Τὴν</strong></span> <span class='ocrx_word' id='word_1_522' title='bbox 1397 5788 1440 5841; x_wconf 80' lang='grc' dir='ltr'><strong>δ’</strong></span> <span class='ocrx_word' id='word_1_523' title='bbox 1482 5788 1805 5857; x_wconf 66' lang='grc' dir='ltr'><strong>’Δποχάλυψιν</strong></span> 
     </span>
    </p>
   </div>
   <div class='ocr_carea' id='block_1_67' title="bbox 1272 317 2327 386">
    <p class='ocr_par' dir='ltr' id='par_1_67' title="bbox 1272 317 2327 386">
     <span class='ocr_line' id='line_1_69' title="bbox 1272 317 2327 386; baseline -0.017 0"><span class='ocrx_word' id='word_1_524' title='bbox 1272 324 1595 386; x_wconf 80' lang='lat' dir='ltr'><strong>SYNOPSlS</strong></span> <span class='ocrx_word' id='word_1_525' title='bbox 1632 317 2031 381; x_wconf 69' lang='grc' dir='ltr'><strong>ΒΕΒΙΡΤυιὶιΕ</strong></span> <span class='ocrx_word' id='word_1_526' title='bbox 2066 317 2327 376; x_wconf 60' lang='grc' dir='ltr'><strong>ΞΑΟΒἉΕ.</strong></span> 
     </span>
    </p>
   </div>
   <div class='ocr_carea' id='block_1_68' title="bbox 3390 328 3494 383">
    <p class='ocr_par' dir='ltr' id='par_1_68' title="bbox 3390 328 3494 383">
     <span class='ocr_line' id='line_1_70' title="bbox 3390 328 3494 383; baseline 0.019 -2"><span class='ocrx_word' id='word_1_527' title='bbox 3390 328 3494 383; x_wconf 72' lang='grc'><strong>318</strong></span> 
     </span>
    </p>
   </div>
   <div class='ocr_carea' id='block_1_69' title="bbox 2420 442 2978 498">
    <p class='ocr_par' dir='ltr' id='par_1_69' title="bbox 2420 442 2978 498">
     <span class='ocr_line' id='line_1_71' title="bbox 2420 442 2978 498; baseline 0.007 -6"><span class='ocrx_word' id='word_1_528' title='bbox 2420 453 2661 495; x_wconf 66' lang='lat' dir='ltr'><strong>svxorsrs</strong></span> <span class='ocrx_word' id='word_1_529' title='bbox 2698 455 2913 498; x_wconf 68' lang='lat' dir='ltr'><strong>GENBaIS</strong></span> <span class='ocrx_word' id='word_1_530' title='bbox 2937 442 2978 496; x_wconf 74' lang='lat'><strong>&#39;.</strong></span> 
     </span>
    </p>
   </div>
   <div class='ocr_carea' id='block_1_70' title="bbox 1978 570 3493 644">
    <p class='ocr_par' dir='ltr' id='par_1_70' title="bbox 1978 570 3493 644">
     <span class='ocr_line' id='line_1_72' title="bbox 1978 570 3493 644; baseline 0.006 -18"><span class='ocrx_word' id='word_1_531' title='bbox 1978 570 2157 626; x_wconf 78' lang='lat' dir='ltr'><strong>Mundi</strong></span> <span class='ocrx_word' id='word_1_532' title='bbox 2205 572 2445 638; x_wconf 82' lang='lat' dir='ltr'><strong>creatio,</strong></span> <span class='ocrx_word' id='word_1_533' title='bbox 2491 571 2826 644; x_wconf 88' lang='lat' dir='ltr'><strong>hominisque</strong></span> <span class='ocrx_word' id='word_1_534' title='bbox 2874 573 3142 631; x_wconf 77' lang='lat' dir='ltr'><strong>formatio.</strong></span> <span class='ocrx_word' id='word_1_535' title='bbox 3187 574 3493 635; x_wconf 81' lang='lat' dir='ltr'><strong>Mandatum</strong></span> 
     </span>
    </p>
   </div>
   <div class='ocr_carea' id='block_1_71' title="bbox 1905 660 3497 741">
    <p class='ocr_par' dir='ltr' id='par_1_71' title="bbox 1905 660 3497 741">
     <span class='ocr_line' id='line_1_73' title="bbox 1905 660 3497 741; baseline 0.007 -27"><span class='ocrx_word' id='word_1_536' title='bbox 1905 662 2098 731; x_wconf 86' lang='lat' dir='ltr'><strong>accipit</strong></span> <span class='ocrx_word' id='word_1_537' title='bbox 2121 660 2287 716; x_wconf 83' lang='lat' dir='ltr'><strong>A‘dam</strong></span> <span class='ocrx_word' id='word_1_538' title='bbox 2310 703 2323 726; x_wconf 90' lang='lat'><strong>,</strong></span> <span class='ocrx_word' id='word_1_539' title='bbox 2355 669 2410 717; x_wconf 90' lang='lat' dir='ltr'><strong>et</strong></span> <span class='ocrx_word' id='word_1_540' title='bbox 2434 660 2694 719; x_wconf 83' lang='lat' dir='ltr'><strong>formatur</strong></span> <span class='ocrx_word' id='word_1_541' title='bbox 2721 665 2912 720; x_wconf 87' lang='lat' dir='ltr'><strong>mulier</strong></span> <span class='ocrx_word' id='word_1_542' title='bbox 2935 681 3003 721; x_wconf 81' lang='lat' dir='ltr'><strong>ex</strong></span> <span class='ocrx_word' id='word_1_543' title='bbox 3026 675 3175 721; x_wconf 90' lang='lat' dir='ltr'><strong>costa</strong></span> <span class='ocrx_word' id='word_1_544' title='bbox 3203 668 3319 737; x_wconf 89' lang='lat' dir='ltr'><strong>ejus</strong></span> <span class='ocrx_word' id='word_1_545' title='bbox 3338 709 3353 734; x_wconf 93' lang='lat'><strong>,</strong></span> <span class='ocrx_word' id='word_1_546' title='bbox 3378 687 3497 741; x_wconf 78' lang='lat' dir='ltr'><strong>qua:</strong></span> 
     </span>
    </p>
   </div>
   <div class='ocr_carea' id='block_1_72' title="bbox 1905 752 3497 829">
    <p class='ocr_par' dir='ltr' id='par_1_72' title="bbox 1905 752 3497 829">
     <span class='ocr_line' id='line_1_74' title="bbox 1905 752 3497 829; baseline 0.007 -24"><span class='ocrx_word' id='word_1_547' title='bbox 1905 766 1935 805; x_wconf 90' lang='lat' dir='ltr'><strong>a</strong></span> <span class='ocrx_word' id='word_1_548' title='bbox 1965 762 2213 821; x_wconf 76' lang='lat' dir='ltr'><strong>serpente</strong></span> <span class='ocrx_word' id='word_1_549' title='bbox 2239 752 2480 823; x_wconf 88' lang='lat' dir='ltr'><strong>decepta,</strong></span> <span class='ocrx_word' id='word_1_550' title='bbox 2512 754 2685 809; x_wconf 91' lang='lat' dir='ltr'><strong>virum</strong></span> <span class='ocrx_word' id='word_1_551' title='bbox 2707 755 2926 822; x_wconf 87' lang='lat' dir='ltr'><strong>decipit,</strong></span> <span class='ocrx_word' id='word_1_552' title='bbox 2948 765 3107 829; x_wconf 90' lang='lat' dir='ltr'><strong>atque</strong></span> <span class='ocrx_word' id='word_1_553' title='bbox 3128 773 3231 813; x_wconf 88' lang='lat' dir='ltr'><strong>una</strong></span> <span class='ocrx_word' id='word_1_554' title='bbox 3256 774 3377 815; x_wconf 91' lang='lat' dir='ltr'><strong>cum</strong></span> <span class='ocrx_word' id='word_1_555' title='bbox 3404 761 3497 817; x_wconf 87' lang='lat' dir='ltr'><strong>illo</strong></span> 
     </span>
    </p>
   </div>
   <div class='ocr_carea' id='block_1_73' title="bbox 1904 829 3489 921">
    <p class='ocr_par' dir='ltr' id='par_1_73' title="bbox 1904 829 3489 921">
     <span class='ocr_line' id='line_1_75' title="bbox 1904 829 3489 921; baseline 0.007 -24"><span class='ocrx_word' id='word_1_556' title='bbox 1904 829 2183 898; x_wconf 76' lang='lat' dir='ltr'><strong>maledicta</strong></span> <span class='ocrx_word' id='word_1_557' title='bbox 2205 845 2413 914; x_wconf 90' lang='lat' dir='ltr'><strong>ejicitur</strong></span> <span class='ocrx_word' id='word_1_558' title='bbox 2436 861 2499 901; x_wconf 79' lang='lat' dir='ltr'><strong>ex</strong></span> <span class='ocrx_word' id='word_1_559' title='bbox 2527 846 2796 917; x_wconf 88' lang='lat' dir='ltr'><strong>paradiso.</strong></span> <span class='ocrx_word' id='word_1_560' title='bbox 2827 847 3062 919; x_wconf 87' lang='lat' dir='ltr'><strong>Serpens</strong></span> <span class='ocrx_word' id='word_1_561' title='bbox 3090 866 3302 921; x_wconf 90' lang='lat' dir='ltr'><strong>quoque</strong></span> <span class='ocrx_word' id='word_1_562' title='bbox 3332 852 3489 909; x_wconf 57' lang='lat' dir='ltr'><strong>male.</strong></span> 
     </span>
    </p>
   </div>
   <div class='ocr_carea' id='block_1_74' title="bbox 1904 933 3497 1012">
    <p class='ocr_par' dir='ltr' id='par_1_74' title="bbox 1904 933 3497 1012">
     <span class='ocr_line' id='line_1_76' title="bbox 1904 933 3497 1012; baseline 0.007 -24"><span class='ocrx_word' id='word_1_563' title='bbox 1904 933 2103 989; x_wconf 87' lang='lat' dir='ltr'><strong>dictum</strong></span> <span class='ocrx_word' id='word_1_564' title='bbox 2130 936 2356 1007; x_wconf 91' lang='lat' dir='ltr'><strong>accipit,</strong></span> <span class='ocrx_word' id='word_1_565' title='bbox 2387 945 2443 992; x_wconf 86' lang='lat' dir='ltr'><strong>ut</strong></span> <span class='ocrx_word' id='word_1_566' title='bbox 2471 953 2630 1008; x_wconf 89' lang='lat' dir='ltr'><strong>super</strong></span> <span class='ocrx_word' id='word_1_567' title='bbox 2659 947 2843 1010; x_wconf 89' lang='lat' dir='ltr'><strong>pectus</strong></span> <span class='ocrx_word' id='word_1_568' title='bbox 2867 940 3161 1012; x_wconf 76' lang='lat' dir='ltr'><strong>gradiatur.</strong></span> <span class='ocrx_word' id='word_1_569' title='bbox 3193 942 3326 999; x_wconf 90' lang='lat' dir='ltr'><strong>Cain</strong></span> <span class='ocrx_word' id='word_1_570' title='bbox 3353 945 3497 999; x_wconf 88' lang='lat' dir='ltr'><strong>occi-</strong></span> 
     </span>
    </p>
   </div>
   <div class='ocr_carea' id='block_1_75' title="bbox 1904 1025 3495 1106">
    <p class='ocr_par' dir='ltr' id='par_1_75' title="bbox 1904 1025 3495 1106">
     <span class='ocr_line' id='line_1_77' title="bbox 1904 1025 3495 1106; baseline 0.008 -27"><span class='ocrx_word' id='word_1_571' title='bbox 1904 1025 1984 1080; x_wconf 87' lang='lat' dir='ltr'><strong>dit</strong></span> <span class='ocrx_word' id='word_1_572' title='bbox 2022 1026 2279 1093; x_wconf 86' lang='lat' dir='ltr'><strong>fratrem,</strong></span> <span class='ocrx_word' id='word_1_573' title='bbox 2312 1029 2436 1099; x_wconf 87' lang='lat' dir='ltr'><strong>quia</strong></span> <span class='ocrx_word' id='word_1_574' title='bbox 2469 1029 2785 1086; x_wconf 88' lang='lat' dir='ltr'><strong>laudabilius</strong></span> <span class='ocrx_word' id='word_1_575' title='bbox 2810 1046 2869 1087; x_wconf 91' lang='lat' dir='ltr'><strong>se</strong></span> <span class='ocrx_word' id='word_1_576' title='bbox 2892 1042 3153 1103; x_wconf 88' lang='lat' dir='ltr'><strong>gesserat,</strong></span> <span class='ocrx_word' id='word_1_577' title='bbox 3184 1034 3381 1106; x_wconf 88' lang='lat' dir='ltr'><strong>datque</strong></span> <span class='ocrx_word' id='word_1_578' title='bbox 3404 1036 3495 1092; x_wconf 90' lang='lat' dir='ltr'><strong>illc</strong></span> 
     </span>
    </p>
   </div>
   <div class='ocr_carea' id='block_1_76' title="bbox 1904 1119 3491 1196">
    <p class='ocr_par' dir='ltr' id='par_1_76' title="bbox 1904 1119 3491 1196">
     <span class='ocr_line' id='line_1_78' title="bbox 1904 1119 3491 1196; baseline 0.008 -26"><span class='ocrx_word' id='word_1_579' title='bbox 1904 1131 2091 1187; x_wconf 86' lang='lat' dir='ltr'><strong>poenas</strong></span> <span class='ocrx_word' id='word_1_580' title='bbox 2114 1135 2126 1170; x_wconf 94' lang='lat'>:</span> <span class='ocrx_word' id='word_1_581' title='bbox 2152 1126 2443 1189; x_wconf 88' lang='lat' dir='ltr'><strong>posteaque</strong></span> <span class='ocrx_word' id='word_1_582' title='bbox 2465 1119 2661 1175; x_wconf 89' lang='lat' dir='ltr'><strong>liberos</strong></span> <span class='ocrx_word' id='word_1_583' title='bbox 2689 1122 2928 1192; x_wconf 88' lang='lat' dir='ltr'><strong>suscipit.</strong></span> <span class='ocrx_word' id='word_1_584' title='bbox 2955 1123 3062 1177; x_wconf 86' lang='lat' dir='ltr'><strong>Eva</strong></span> <span class='ocrx_word' id='word_1_585' title='bbox 3088 1123 3309 1179; x_wconf 89' lang='lat' dir='ltr'><strong>Sethum</strong></span> <span class='ocrx_word' id='word_1_586' title='bbox 3332 1127 3491 1196; x_wconf 86' lang='lat' dir='ltr'><strong>parit.</strong></span> 
     </span>
    </p>
   </div>
   <div class='ocr_carea' id='block_1_77' title="bbox 1902 1204 3496 1279">
    <p class='ocr_par' dir='ltr' id='par_1_77' title="bbox 1902 1204 3496 1279">
     <span class='ocr_line' id='line_1_79' title="bbox 1902 1204 3496 1279; baseline 0.008 -18"><span class='ocrx_word' id='word_1_587' title='bbox 1902 1204 2185 1278; x_wconf 84' lang='lat' dir='ltr'><strong>Catalogus</strong></span> <span class='ocrx_word' id='word_1_588' title='bbox 2204 1223 2392 1262; x_wconf 91' lang='lat' dir='ltr'><strong>eorum</strong></span> <span class='ocrx_word' id='word_1_589' title='bbox 2435 1209 2525 1279; x_wconf 89' lang='lat' dir='ltr'><strong>qui</strong></span> <span class='ocrx_word' id='word_1_590' title='bbox 2563 1209 2631 1264; x_wconf 89' lang='lat' dir='ltr'><strong>ab</strong></span> <span class='ocrx_word' id='word_1_591' title='bbox 2670 1210 2875 1266; x_wconf 86' lang='lat' dir='ltr'><strong>Adamo</strong></span> <span class='ocrx_word' id='word_1_592' title='bbox 2904 1223 2956 1267; x_wconf 90' lang='lat' dir='ltr'><strong>et</strong></span> <span class='ocrx_word' id='word_1_593' title='bbox 2982 1228 3012 1266; x_wconf 88' lang='lat' dir='ltr'><strong>a</strong></span> <span class='ocrx_word' id='word_1_594' title='bbox 3036 1213 3203 1269; x_wconf 87' lang='lat' dir='ltr'><strong>Setho</strong></span> <span class='ocrx_word' id='word_1_595' title='bbox 3230 1216 3333 1271; x_wconf 91' lang='lat' dir='ltr'><strong>orti</strong></span> <span class='ocrx_word' id='word_1_596' title='bbox 3369 1226 3496 1273; x_wconf 90' lang='lat' dir='ltr'><strong>sunt</strong></span> 
     </span>
    </p>
   </div>
   <div class='ocr_carea' id='block_1_78' title="bbox 1903 1300 3492 1373">
    <p class='ocr_par' dir='ltr' id='par_1_78' title="bbox 1903 1300 3492 1373">
     <span class='ocr_line' id='line_1_80' title="bbox 1903 1300 3492 1373; baseline 0.008 -20"><span class='ocrx_word' id='word_1_597' title='bbox 1903 1315 2070 1370; x_wconf 85' lang='lat' dir='ltr'><strong>usque</strong></span> <span class='ocrx_word' id='word_1_598' title='bbox 2100 1300 2166 1356; x_wconf 87' lang='lat' dir='ltr'><strong>ad</strong></span> <span class='ocrx_word' id='word_1_599' title='bbox 2195 1300 2309 1356; x_wconf 89' lang='lat' dir='ltr'><strong>Noe</strong></span> <span class='ocrx_word' id='word_1_600' title='bbox 2336 1319 2349 1356; x_wconf 89' lang='lat'><strong>:</strong></span> <span class='ocrx_word' id='word_1_601' title='bbox 2378 1301 2763 1373; x_wconf 85' lang='lat' dir='ltr'><strong>hominumque</strong></span> <span class='ocrx_word' id='word_1_602' title='bbox 2811 1305 3114 1362; x_wconf 90' lang='lat' dir='ltr'><strong>criminatio</strong></span> <span class='ocrx_word' id='word_1_603' title='bbox 3137 1307 3208 1362; x_wconf 89' lang='lat' dir='ltr'><strong>ob</strong></span> <span class='ocrx_word' id='word_1_604' title='bbox 3243 1308 3492 1365; x_wconf 90' lang='lat' dir='ltr'><strong>indecora</strong></span> 
     </span>
    </p>
   </div>
   <div class='ocr_carea' id='block_1_79' title="bbox 1901 1391 3495 1465">
    <p class='ocr_par' dir='ltr' id='par_1_79' title="bbox 1901 1391 3495 1465">
     <span class='ocr_line' id='line_1_81' title="bbox 1901 1391 3495 1465; baseline 0.008 -22"><span class='ocrx_word' id='word_1_605' title='bbox 1901 1391 2186 1457; x_wconf 82' lang='lat' dir='ltr'><strong>connubia,</strong></span> <span class='ocrx_word' id='word_1_606' title='bbox 2212 1407 2276 1447; x_wconf 90' lang='lat' dir='ltr'><strong>ac</strong></span> <span class='ocrx_word' id='word_1_607' title='bbox 2301 1404 2526 1447; x_wconf 71' lang='lat' dir='ltr'><strong>cmteras</strong></span> <span class='ocrx_word' id='word_1_608' title='bbox 2556 1394 2883 1465; x_wconf 90' lang='lat' dir='ltr'><strong>iniquitates.</strong></span> <span class='ocrx_word' id='word_1_609' title='bbox 2910 1395 3073 1452; x_wconf 89' lang='lat' dir='ltr'><strong>Filios</strong></span> <span class='ocrx_word' id='word_1_610' title='bbox 3104 1397 3197 1453; x_wconf 90' lang='lat' dir='ltr'><strong>Dei</strong></span> <span class='ocrx_word' id='word_1_611' title='bbox 3228 1398 3315 1455; x_wconf 89' lang='lat' dir='ltr'><strong>hic</strong></span> <span class='ocrx_word' id='word_1_612' title='bbox 3339 1411 3495 1456; x_wconf 85' lang='lat' dir='ltr'><strong>vocat</strong></span> 
     </span>
    </p>
   </div>
   <div class='ocr_carea' id='block_1_80' title="bbox 1903 1482 3497 1560">
    <p class='ocr_par' dir='ltr' id='par_1_80' title="bbox 1903 1482 3497 1560">
     <span class='ocr_line' id='line_1_82' title="bbox 1903 1482 3497 1560; baseline 0.007 -24"><span class='ocrx_word' id='word_1_613' title='bbox 1903 1496 1997 1536; x_wconf 89' lang='lat' dir='ltr'><strong>eos</strong></span> <span class='ocrx_word' id='word_1_614' title='bbox 2026 1483 2115 1553; x_wconf 88' lang='lat' dir='ltr'><strong>qui</strong></span> <span class='ocrx_word' id='word_1_615' title='bbox 2152 1498 2182 1537; x_wconf 92' lang='lat' dir='ltr'><strong>a</strong></span> <span class='ocrx_word' id='word_1_616' title='bbox 2220 1482 2384 1538; x_wconf 87' lang='lat' dir='ltr'><strong>Setho</strong></span> <span class='ocrx_word' id='word_1_617' title='bbox 2403 1500 2572 1554; x_wconf 85' lang='lat' dir='ltr'><strong>genus</strong></span> <span class='ocrx_word' id='word_1_618' title='bbox 2596 1485 2861 1541; x_wconf 87' lang='lat' dir='ltr'><strong>ducebant</strong></span> <span class='ocrx_word' id='word_1_619' title='bbox 2883 1487 2900 1558; x_wconf 91' lang='lat'><strong>(</strong></span> <span class='ocrx_word' id='word_1_620' title='bbox 2926 1484 3052 1541; x_wconf 85' lang='lat' dir='ltr'><strong>Gen.</strong></span> <span class='ocrx_word' id='word_1_621' title='bbox 3082 1488 3134 1543; x_wconf 90' lang='lat'><strong>6.</strong></span> <span class='ocrx_word' id='word_1_622' title='bbox 3163 1489 3267 1560; x_wconf 77' lang='lat'><strong>2);</strong></span> <span class='ocrx_word' id='word_1_623' title='bbox 3303 1491 3497 1548; x_wconf 89' lang='lat' dir='ltr'><strong>dicitur</strong></span> 
     </span>
    </p>
   </div>
   <div class='ocr_carea' id='block_1_81' title="bbox 1902 1574 3495 1658">
    <p class='ocr_par' dir='ltr' id='par_1_81' title="bbox 1902 1574 3495 1658">
     <span class='ocr_line' id='line_1_83' title="bbox 1902 1574 3495 1658; baseline 0.008 -30"><span class='ocrx_word' id='word_1_624' title='bbox 1902 1575 2042 1629; x_wconf 89' lang='lat' dir='ltr'><strong>enim</strong></span> <span class='ocrx_word' id='word_1_625' title='bbox 2069 1593 2083 1628; x_wconf 88' lang='lat'>:</span> <span class='ocrx_word' id='word_1_626' title='bbox 2110 1574 2219 1647; x_wconf 88' lang='lat' dir='ltr'><strong>Ego</strong></span> <span class='ocrx_word' id='word_1_627' title='bbox 2253 1578 2380 1643; x_wconf 73' lang='lat' dir='ltr'><strong>dixi,</strong></span> <span class='ocrx_word' id='word_1_628' title='bbox 2418 1577 2507 1631; x_wconf 86' lang='lat' dir='ltr'><strong>Dii</strong></span> <span class='ocrx_word' id='word_1_629' title='bbox 2536 1580 2673 1646; x_wconf 84' lang='lat' dir='ltr'><strong>estis,</strong></span> <span class='ocrx_word' id='word_1_630' title='bbox 2710 1588 2756 1633; x_wconf 74' lang='lat' dir='ltr'><strong>et</strong></span> <span class='ocrx_word' id='word_1_631' title='bbox 2790 1581 2884 1649; x_wconf 86' lang='lat' dir='ltr'><strong>ﬁlii</strong></span> <span class='ocrx_word' id='word_1_632' title='bbox 2922 1580 3169 1637; x_wconf 65' lang='lat' dir='ltr'><strong>ditissimi</strong></span> <span class='ocrx_word' id='word_1_633' title='bbox 3216 1601 3385 1639; x_wconf 84' lang='lat' dir='ltr'><strong>omnes</strong></span> <span class='ocrx_word' id='word_1_634' title='bbox 3418 1586 3495 1658; x_wconf 89' lang='lat' dir='ltr'><strong>(a)</strong></span> 
     </span>
    </p>
   </div>
   <div class='ocr_carea' id='block_1_82' title="bbox 1904 1665 3499 1747">
    <p class='ocr_par' dir='ltr' id='par_1_82' title="bbox 1904 1665 3499 1747">
     <span class='ocr_line' id='line_1_84' title="bbox 1904 1665 3499 1747; baseline 0.011 -29"><span class='ocrx_word' id='word_1_635' title='bbox 1904 1665 2067 1736; x_wconf 81' lang='lat' dir='ltr'><strong>(I’saL</strong></span> <span class='ocrx_word' id='word_1_636' title='bbox 2095 1668 2183 1723; x_wconf 78' lang='lat' dir='ltr'><strong>8L</strong></span> <span class='ocrx_word' id='word_1_637' title='bbox 2199 1668 2278 1739; x_wconf 88' lang='lat'><strong>6).</strong></span> <span class='ocrx_word' id='word_1_638' title='bbox 2303 1666 2464 1724; x_wconf 88' lang='lat' dir='ltr'><strong>Filias</strong></span> <span class='ocrx_word' id='word_1_639' title='bbox 2485 1685 2612 1725; x_wconf 86' lang='lat' dir='ltr'><strong>vero</strong></span> <span class='ocrx_word' id='word_1_640' title='bbox 2631 1671 2901 1727; x_wconf 91' lang='lat' dir='ltr'><strong>hominum</strong></span> <span class='ocrx_word' id='word_1_641' title='bbox 2920 1685 3072 1729; x_wconf 86' lang='lat' dir='ltr'><strong>vocat</strong></span> <span class='ocrx_word' id='word_1_642' title='bbox 3093 1690 3185 1731; x_wconf 86' lang='lat' dir='ltr'><strong>eas</strong></span> <span class='ocrx_word' id='word_1_643' title='bbox 3204 1692 3365 1747; x_wconf 67' lang='lat' dir='ltr'><strong>quam</strong></span> <span class='ocrx_word' id='word_1_644' title='bbox 3386 1677 3499 1734; x_wconf 79' lang='lat' dir='ltr'><strong>Cai-</strong></span> 
     </span>
    </p>
   </div>
   <div class='ocr_carea' id='block_1_83' title="bbox 1904 1760 3493 1827">
    <p class='ocr_par' dir='ltr' id='par_1_83' title="bbox 1904 1760 3493 1827">
     <span class='ocr_line' id='line_1_85' title="bbox 1904 1760 3493 1827; baseline 0.011 -18"><span class='ocrx_word' id='word_1_645' title='bbox 1904 1772 1973 1810; x_wconf 91' lang='lat' dir='ltr'><strong>no</strong></span> <span class='ocrx_word' id='word_1_646' title='bbox 2004 1766 2134 1813; x_wconf 71' lang='lat' dir='ltr'><strong>orta:</strong></span> <span class='ocrx_word' id='word_1_647' title='bbox 2163 1768 2334 1814; x_wconf 85' lang='lat' dir='ltr'><strong>erant.</strong></span> <span class='ocrx_word' id='word_1_648' title='bbox 2356 1760 2603 1816; x_wconf 77' lang='lat' dir='ltr'><strong>Prmdicit</strong></span> <span class='ocrx_word' id='word_1_649' title='bbox 2633 1762 2771 1818; x_wconf 86' lang='lat' dir='ltr'><strong>Deus</strong></span> <span class='ocrx_word' id='word_1_650' title='bbox 2802 1762 2927 1818; x_wconf 70' lang='lat' dir='ltr'><strong>N018</strong></span> <span class='ocrx_word' id='word_1_651' title='bbox 2952 1763 3185 1821; x_wconf 80' lang='lat' dir='ltr'><strong>futuram</strong></span> <span class='ocrx_word' id='word_1_652' title='bbox 3216 1767 3493 1827; x_wconf 87' lang='lat' dir='ltr'><strong>hominum</strong></span> 
     </span>
    </p>
   </div>
   <div class='ocr_carea' id='block_1_84' title="bbox 1906 1849 3489 1927">
    <p class='ocr_par' dir='ltr' id='par_1_84' title="bbox 1906 1849 3489 1927">
     <span class='ocr_line' id='line_1_86' title="bbox 1906 1849 3489 1927; baseline 0.011 -27"><span class='ocrx_word' id='word_1_653' title='bbox 1906 1849 2192 1918; x_wconf 85' lang='lat' dir='ltr'><strong>perniciem</strong></span> <span class='ocrx_word' id='word_1_654' title='bbox 2232 1865 2329 1921; x_wconf 91' lang='lat' dir='ltr'><strong>per</strong></span> <span class='ocrx_word' id='word_1_655' title='bbox 2356 1850 2633 1920; x_wconf 86' lang='lat' dir='ltr'><strong>diluvium,</strong></span> <span class='ocrx_word' id='word_1_656' title='bbox 2665 1863 2727 1909; x_wconf 89' lang='lat' dir='ltr'><strong>et</strong></span> <span class='ocrx_word' id='word_1_657' title='bbox 2750 1853 2904 1924; x_wconf 84' lang='lat' dir='ltr'><strong>jubet</strong></span> <span class='ocrx_word' id='word_1_658' title='bbox 2944 1870 3121 1912; x_wconf 89' lang='lat' dir='ltr'><strong>arcam</strong></span> <span class='ocrx_word' id='word_1_659' title='bbox 3148 1868 3489 1927; x_wconf 89' lang='lat' dir='ltr'><strong>construere,</strong></span> 
     </span>
    </p>
   </div>
   <div class='ocr_carea' id='block_1_85' title="bbox 1906 1943 3492 2021">
    <p class='ocr_par' dir='ltr' id='par_1_85' title="bbox 1906 1943 3492 2021">
     <span class='ocr_line' id='line_1_87' title="bbox 1906 1943 3492 2021; baseline 0.009 -28"><span class='ocrx_word' id='word_1_660' title='bbox 1906 1947 2265 1997; x_wconf 90' lang='lat' dir='ltr'><strong>trecentorum</strong></span> <span class='ocrx_word' id='word_1_661' title='bbox 2323 1943 2625 2000; x_wconf 91' lang='lat' dir='ltr'><strong>cubitorum</strong></span> <span class='ocrx_word' id='word_1_662' title='bbox 2684 1945 3050 2017; x_wconf 86' lang='lat' dir='ltr'><strong>longitudine,</strong></span> <span class='ocrx_word' id='word_1_663' title='bbox 3109 1951 3492 2021; x_wconf 86' lang='lat' dir='ltr'><strong>quinquaginta</strong></span> 
     </span>
    </p>
   </div>
   <div class='ocr_carea' id='block_1_86' title="bbox 1903 2030 3489 2107">
    <p class='ocr_par' dir='ltr' id='par_1_86' title="bbox 1903 2030 3489 2107">
     <span class='ocr_line' id='line_1_88' title="bbox 1903 2030 3489 2107; baseline 0.009 -23"><span class='ocrx_word' id='word_1_664' title='bbox 1903 2030 2202 2087; x_wconf 89' lang='lat' dir='ltr'><strong>cubitorum</strong></span> <span class='ocrx_word' id='word_1_665' title='bbox 2229 2033 2529 2102; x_wconf 89' lang='lat' dir='ltr'><strong>latitudine,</strong></span> <span class='ocrx_word' id='word_1_666' title='bbox 2556 2046 2609 2091; x_wconf 88' lang='lat' dir='ltr'><strong>et</strong></span> <span class='ocrx_word' id='word_1_667' title='bbox 2635 2036 2847 2107; x_wconf 87' lang='lat' dir='ltr'><strong>triginta</strong></span> <span class='ocrx_word' id='word_1_668' title='bbox 2867 2038 3167 2096; x_wconf 89' lang='lat' dir='ltr'><strong>cubitorum</strong></span> <span class='ocrx_word' id='word_1_669' title='bbox 3190 2041 3489 2099; x_wconf 90' lang='lat' dir='ltr'><strong>altitudine.</strong></span> 
     </span>
    </p>
   </div>
   <div class='ocr_carea' id='block_1_87' title="bbox 1905 2120 3493 2195">
    <p class='ocr_par' dir='ltr' id='par_1_87' title="bbox 1905 2120 3493 2195">
     <span class='ocr_line' id='line_1_89' title="bbox 1905 2120 3493 2195; baseline 0.008 -17"><span class='ocrx_word' id='word_1_670' title='bbox 1905 2120 1973 2178; x_wconf 90' lang='lat' dir='ltr'><strong>Ut</strong></span> <span class='ocrx_word' id='word_1_671' title='bbox 2000 2132 2176 2179; x_wconf 89' lang='lat' dir='ltr'><strong>autem</strong></span> <span class='ocrx_word' id='word_1_672' title='bbox 2218 2124 2492 2195; x_wconf 82' lang='lat' dir='ltr'><strong>ingressus</strong></span> <span class='ocrx_word' id='word_1_673' title='bbox 2530 2135 2611 2180; x_wconf 89' lang='lat' dir='ltr'><strong>est</strong></span> <span class='ocrx_word' id='word_1_674' title='bbox 2655 2127 2708 2182; x_wconf 93' lang='lat' dir='ltr'><strong>in</strong></span> <span class='ocrx_word' id='word_1_675' title='bbox 2754 2142 2932 2183; x_wconf 90' lang='lat' dir='ltr'><strong>arcam</strong></span> <span class='ocrx_word' id='word_1_676' title='bbox 2957 2170 2971 2195; x_wconf 89' lang='lat'><strong>,</strong></span> <span class='ocrx_word' id='word_1_677' title='bbox 2998 2129 3493 2190; x_wconf 88' lang='lat' dir='ltr'><strong>advenitdiluvium</strong></span> 
     </span>
    </p>
   </div>
   <div class='ocr_carea' id='block_1_88' title="bbox 1903 2214 3493 2289">
    <p class='ocr_par' dir='ltr' id='par_1_88' title="bbox 1903 2214 3493 2289">
     <span class='ocr_line' id='line_1_90' title="bbox 1903 2214 3493 2289; baseline 0.01 -24"><span class='ocrx_word' id='word_1_678' title='bbox 1903 2214 2248 2285; x_wconf 83' lang='lat' dir='ltr'><strong>quadraginta</strong></span> <span class='ocrx_word' id='word_1_679' title='bbox 2277 2215 2466 2272; x_wconf 88' lang='lat' dir='ltr'><strong>diebus</strong></span> <span class='ocrx_word' id='word_1_680' title='bbox 2495 2226 2549 2272; x_wconf 90' lang='lat' dir='ltr'><strong>et</strong></span> <span class='ocrx_word' id='word_1_681' title='bbox 2575 2218 2926 2289; x_wconf 89' lang='lat' dir='ltr'><strong>quadraginta</strong></span> <span class='ocrx_word' id='word_1_682' title='bbox 2960 2222 3222 2278; x_wconf 87' lang='lat' dir='ltr'><strong>noctibus.</strong></span> <span class='ocrx_word' id='word_1_683' title='bbox 3250 2222 3493 2281; x_wconf 89' lang='lat' dir='ltr'><strong>Obtinuit</strong></span> 
     </span>
    </p>
   </div>
   <div class='ocr_carea' id='block_1_89' title="bbox 1845 2307 3490 2382">
    <p class='ocr_par' dir='ltr' id='par_1_89' title="bbox 1845 2307 3490 2382">
     <span class='ocr_line' id='line_1_91' title="bbox 1845 2307 3490 2382; baseline 0.011 -26"><span class='ocrx_word' id='word_1_684' title='bbox 1845 2328 1852 2336; x_wconf 85' lang='lat'><strong><em>-</em></strong></span> <span class='ocrx_word' id='word_1_685' title='bbox 1903 2317 2035 2373; x_wconf 91' lang='lat' dir='ltr'><strong>aqua</strong></span> <span class='ocrx_word' id='word_1_686' title='bbox 2057 2312 2270 2360; x_wconf 89' lang='lat' dir='ltr'><strong>centum</strong></span> <span class='ocrx_word' id='word_1_687' title='bbox 2292 2307 2674 2379; x_wconf 89' lang='lat' dir='ltr'><strong>quinquaginta</strong></span> <span class='ocrx_word' id='word_1_688' title='bbox 2691 2309 2898 2367; x_wconf 90' lang='lat' dir='ltr'><strong>diebus.</strong></span> <span class='ocrx_word' id='word_1_689' title='bbox 2923 2312 3295 2382; x_wconf 85' lang='lat' dir='ltr'><strong>Apparuerunt</strong></span> <span class='ocrx_word' id='word_1_690' title='bbox 3311 2328 3490 2375; x_wconf 82' lang='lat' dir='ltr'><strong>autent</strong></span> 
     </span>
    </p>
   </div>
   <div class='ocr_carea' id='block_1_90' title="bbox 1903 2396 3492 2480">
    <p class='ocr_par' dir='ltr' id='par_1_90' title="bbox 1903 2396 3492 2480">
     <span class='ocr_line' id='line_1_92' title="bbox 1903 2396 3492 2480; baseline 0.012 -33"><span class='ocrx_word' id='word_1_691' title='bbox 1903 2396 2176 2450; x_wconf 85' lang='lat' dir='ltr'><strong>cacumina</strong></span> <span class='ocrx_word' id='word_1_692' title='bbox 2203 2397 2462 2451; x_wconf 91' lang='lat' dir='ltr'><strong>montium</strong></span> <span class='ocrx_word' id='word_1_693' title='bbox 2497 2399 2670 2468; x_wconf 90' lang='lat' dir='ltr'><strong>primo</strong></span> <span class='ocrx_word' id='word_1_694' title='bbox 2695 2400 2784 2457; x_wconf 89' lang='lat' dir='ltr'><strong>die</strong></span> <span class='ocrx_word' id='word_1_695' title='bbox 2813 2401 3006 2459; x_wconf 89' lang='lat' dir='ltr'><strong>decimi</strong></span> <span class='ocrx_word' id='word_1_696' title='bbox 3036 2407 3256 2462; x_wconf 85' lang='lat' dir='ltr'><strong>mensis.</strong></span> <span class='ocrx_word' id='word_1_697' title='bbox 3280 2408 3347 2464; x_wconf 86' lang='lat' dir='ltr'><strong>Et</strong></span> <span class='ocrx_word' id='word_1_698' title='bbox 3370 2420 3492 2480; x_wconf 88' lang='lat' dir='ltr'><strong>post</strong></span> 
     </span>
    </p>
   </div>
   <div class='ocr_carea' id='block_1_91' title="bbox 1903 2486 3489 2566">
    <p class='ocr_par' dir='ltr' id='par_1_91' title="bbox 1903 2486 3489 2566">
     <span class='ocr_line' id='line_1_93' title="bbox 1903 2486 3489 2566; baseline 0.011 -27"><span class='ocrx_word' id='word_1_699' title='bbox 1903 2486 2253 2558; x_wconf 86' lang='lat' dir='ltr'><strong>quadraginta</strong></span> <span class='ocrx_word' id='word_1_700' title='bbox 2292 2488 2409 2545; x_wconf 88' lang='lat' dir='ltr'><strong>dies</strong></span> <span class='ocrx_word' id='word_1_701' title='bbox 2452 2491 2631 2546; x_wconf 86' lang='lat' dir='ltr'><strong>emisit</strong></span> <span class='ocrx_word' id='word_1_702' title='bbox 2677 2506 2937 2562; x_wconf 82' lang='lat' dir='ltr'><strong>corvum,</strong></span> <span class='ocrx_word' id='word_1_703' title='bbox 2969 2497 3060 2566; x_wconf 91' lang='lat' dir='ltr'><strong>qui</strong></span> <span class='ocrx_word' id='word_1_704' title='bbox 3090 2511 3196 2552; x_wconf 88' lang='lat' dir='ltr'><strong>non</strong></span> <span class='ocrx_word' id='word_1_705' title='bbox 3242 2514 3489 2557; x_wconf 82' lang='lat' dir='ltr'><strong>reversus</strong></span> 
     </span>
    </p>
   </div>
   <div class='ocr_carea' id='block_1_92' title="bbox 1903 2581 3491 2662">
    <p class='ocr_par' dir='ltr' id='par_1_92' title="bbox 1903 2581 3491 2662">
     <span class='ocr_line' id='line_1_94' title="bbox 1903 2581 3491 2662; baseline 0.011 -31"><span class='ocrx_word' id='word_1_706' title='bbox 1903 2586 1986 2632; x_wconf 90' lang='lat' dir='ltr'><strong>est</strong></span> <span class='ocrx_word' id='word_1_707' title='bbox 2021 2595 2035 2632; x_wconf 91' lang='lat'><strong>:</strong></span> <span class='ocrx_word' id='word_1_708' title='bbox 2077 2588 2131 2633; x_wconf 89' lang='lat' dir='ltr'><strong>et</strong></span> <span class='ocrx_word' id='word_1_709' title='bbox 2178 2589 2297 2649; x_wconf 88' lang='lat' dir='ltr'><strong>post</strong></span> <span class='ocrx_word' id='word_1_710' title='bbox 2344 2589 2553 2650; x_wconf 90' lang='lat' dir='ltr'><strong>septem</strong></span> <span class='ocrx_word' id='word_1_711' title='bbox 2606 2581 2722 2638; x_wconf 90' lang='lat' dir='ltr'><strong>dies</strong></span> <span class='ocrx_word' id='word_1_712' title='bbox 2766 2584 2944 2640; x_wconf 89' lang='lat' dir='ltr'><strong>emisit</strong></span> <span class='ocrx_word' id='word_1_713' title='bbox 2990 2586 3325 2656; x_wconf 88' lang='lat' dir='ltr'><strong>columbam,</strong></span> <span class='ocrx_word' id='word_1_714' title='bbox 3369 2607 3491 2662; x_wconf 71' lang='lat' dir='ltr'><strong>qua:</strong></span> 
     </span>
    </p>
   </div>
   <div class='ocr_carea' id='block_1_93' title="bbox 1905 2672 3486 2744">
    <p class='ocr_par' dir='ltr' id='par_1_93' title="bbox 1905 2672 3486 2744">
     <span class='ocr_line' id='line_1_95' title="bbox 1905 2672 3486 2744; baseline 0.009 -21"><span class='ocrx_word' id='word_1_715' title='bbox 1905 2682 2117 2724; x_wconf 88' lang='lat' dir='ltr'><strong>reversa</strong></span> <span class='ocrx_word' id='word_1_716' title='bbox 2141 2678 2223 2723; x_wconf 91' lang='lat' dir='ltr'><strong>est</strong></span> <span class='ocrx_word' id='word_1_717' title='bbox 2252 2686 2458 2725; x_wconf 89' lang='lat' dir='ltr'><strong>ramum</strong></span> <span class='ocrx_word' id='word_1_718' title='bbox 2485 2672 2638 2727; x_wconf 80' lang='lat' dir='ltr'><strong>oliva:</strong></span> <span class='ocrx_word' id='word_1_719' title='bbox 2664 2684 2902 2744; x_wconf 86' lang='lat' dir='ltr'><strong>gestans.</strong></span> <span class='ocrx_word' id='word_1_720' title='bbox 2930 2674 3157 2732; x_wconf 87' lang='lat' dir='ltr'><strong>Jubetur</strong></span> <span class='ocrx_word' id='word_1_721' title='bbox 3175 2694 3205 2732; x_wconf 91' lang='lat' dir='ltr'><strong>a</strong></span> <span class='ocrx_word' id='word_1_722' title='bbox 3234 2679 3346 2735; x_wconf 85' lang='lat' dir='ltr'><strong>Deo</strong></span> <span class='ocrx_word' id='word_1_723' title='bbox 3371 2681 3486 2737; x_wconf 83' lang='lat' dir='ltr'><strong>Noe</strong></span> 
     </span>
    </p>
   </div>
   <div class='ocr_carea' id='block_1_94' title="bbox 1903 2759 3491 2837">
    <p class='ocr_par' dir='ltr' id='par_1_94' title="bbox 1903 2759 3491 2837">
     <span class='ocr_line' id='line_1_96' title="bbox 1903 2759 3491 2837; baseline 0.011 -24"><span class='ocrx_word' id='word_1_724' title='bbox 1903 2759 2085 2830; x_wconf 87' lang='lat' dir='ltr'><strong>egredi</strong></span> <span class='ocrx_word' id='word_1_725' title='bbox 2114 2776 2178 2816; x_wconf 83' lang='lat' dir='ltr'><strong>ex</strong></span> <span class='ocrx_word' id='word_1_726' title='bbox 2208 2776 2329 2817; x_wconf 90' lang='lat' dir='ltr'><strong>arca</strong></span> <span class='ocrx_word' id='word_1_727' title='bbox 2359 2779 2373 2816; x_wconf 88' lang='lat'><strong>:</strong></span> <span class='ocrx_word' id='word_1_728' title='bbox 2399 2774 2453 2818; x_wconf 89' lang='lat' dir='ltr'><strong>et</strong></span> <span class='ocrx_word' id='word_1_729' title='bbox 2478 2778 2724 2834; x_wconf 88' lang='lat' dir='ltr'><strong>egressus</strong></span> <span class='ocrx_word' id='word_1_730' title='bbox 2756 2766 2866 2822; x_wconf 91' lang='lat' dir='ltr'><strong>Deo</strong></span> <span class='ocrx_word' id='word_1_731' title='bbox 2888 2769 3230 2837; x_wconf 88' lang='lat' dir='ltr'><strong>sacriﬁcavit,</strong></span> <span class='ocrx_word' id='word_1_732' title='bbox 3261 2781 3311 2827; x_wconf 83' lang='lat' dir='ltr'><strong>et</strong></span> <span class='ocrx_word' id='word_1_733' title='bbox 3335 2772 3491 2830; x_wconf 57' lang='lat' dir='ltr'><strong>bene.</strong></span> 
     </span>
    </p>
   </div>
   <div class='ocr_carea' id='block_1_95' title="bbox 1902 2850 3490 2933">
    <p class='ocr_par' dir='ltr' id='par_1_95' title="bbox 1902 2850 3490 2933">
     <span class='ocr_line' id='line_1_97' title="bbox 1902 2850 3490 2933; baseline 0.011 -28"><span class='ocrx_word' id='word_1_734' title='bbox 1902 2850 2078 2907; x_wconf 90' lang='lat' dir='ltr'><strong>dictus</strong></span> <span class='ocrx_word' id='word_1_735' title='bbox 2119 2858 2201 2907; x_wconf 84' lang='lat' dir='ltr'><strong>est</strong></span> <span class='ocrx_word' id='word_1_736' title='bbox 2243 2868 2363 2908; x_wconf 92' lang='lat' dir='ltr'><strong>cum</strong></span> <span class='ocrx_word' id='word_1_737' title='bbox 2392 2854 2512 2911; x_wconf 87' lang='lat' dir='ltr'><strong>ﬁliis</strong></span> <span class='ocrx_word' id='word_1_738' title='bbox 2549 2857 2678 2911; x_wconf 88' lang='lat' dir='ltr'><strong>suis.</strong></span> <span class='ocrx_word' id='word_1_739' title='bbox 2724 2860 3046 2932; x_wconf 70' lang='lat' dir='ltr'><strong>Accepilque</strong></span> <span class='ocrx_word' id='word_1_740' title='bbox 3082 2865 3490 2933; x_wconf 89' lang='lat' dir='ltr'><strong>promissionem</strong></span> 
     </span>
    </p>
   </div>
   <div class='ocr_carea' id='block_1_96' title="bbox 1903 2942 3491 3023">
    <p class='ocr_par' dir='ltr' id='par_1_96' title="bbox 1903 2942 3491 3023">
     <span class='ocr_line' id='line_1_98' title="bbox 1903 2942 3491 3023; baseline 0.012 -28"><span class='ocrx_word' id='word_1_741' title='bbox 1903 2956 1932 2995; x_wconf 89' lang='lat' dir='ltr'><strong>a</strong></span> <span class='ocrx_word' id='word_1_742' title='bbox 1965 2942 2093 3010; x_wconf 89' lang='lat' dir='ltr'><strong>Deo,</strong></span> <span class='ocrx_word' id='word_1_743' title='bbox 2124 2959 2233 2997; x_wconf 91' lang='lat' dir='ltr'><strong>non</strong></span> <span class='ocrx_word' id='word_1_744' title='bbox 2257 2944 2393 2999; x_wconf 89' lang='lat' dir='ltr'><strong>ultra</strong></span> <span class='ocrx_word' id='word_1_745' title='bbox 2425 2944 2656 3002; x_wconf 84' lang='lat' dir='ltr'><strong>futuram</strong></span> <span class='ocrx_word' id='word_1_746' title='bbox 2679 2947 2982 3019; x_wconf 88' lang='lat' dir='ltr'><strong>hujusmodi</strong></span> <span class='ocrx_word' id='word_1_747' title='bbox 3006 2955 3295 3023; x_wconf 88' lang='lat' dir='ltr'><strong>perniciem</strong></span> <span class='ocrx_word' id='word_1_748' title='bbox 3319 2958 3491 3014; x_wconf 87' lang='lat' dir='ltr'><strong>homi-</strong></span> 
     </span>
    </p>
   </div>
   <div class='ocr_carea' id='block_1_97' title="bbox 1905 3036 3487 3115">
    <p class='ocr_par' dir='ltr' id='par_1_97' title="bbox 1905 3036 3487 3115">
     <span class='ocr_line' id='line_1_99' title="bbox 1905 3036 3487 3115; baseline 0.01 -26"><span class='ocrx_word' id='word_1_749' title='bbox 1905 3050 2031 3089; x_wconf 88' lang='lat' dir='ltr'><strong>num</strong></span> <span class='ocrx_word' id='word_1_750' title='bbox 2060 3050 2156 3105; x_wconf 89' lang='lat' dir='ltr'><strong>per</strong></span> <span class='ocrx_word' id='word_1_751' title='bbox 2179 3036 2458 3095; x_wconf 88' lang='lat' dir='ltr'><strong>diluvium.</strong></span> <span class='ocrx_word' id='word_1_752' title='bbox 2512 3039 2702 3095; x_wconf 89' lang='lat' dir='ltr'><strong>Postea</strong></span> <span class='ocrx_word' id='word_1_753' title='bbox 2730 3057 2857 3096; x_wconf 88' lang='lat' dir='ltr'><strong>vero</strong></span> <span class='ocrx_word' id='word_1_754' title='bbox 2879 3041 3042 3100; x_wconf 87' lang='lat' dir='ltr'><strong>Semo</strong></span> <span class='ocrx_word' id='word_1_755' title='bbox 3076 3046 3291 3115; x_wconf 91' lang='lat' dir='ltr'><strong>quidem</strong></span> <span class='ocrx_word' id='word_1_756' title='bbox 3313 3058 3367 3103; x_wconf 90' lang='lat' dir='ltr'><strong>et</strong></span> <span class='ocrx_word' id='word_1_757' title='bbox 3392 3048 3487 3105; x_wconf 83' lang='lat' dir='ltr'><strong>Ja-</strong></span> 
     </span>
    </p>
   </div>
   <div class='ocr_carea' id='block_1_98' title="bbox 1905 3127 3487 3212">
    <p class='ocr_par' dir='ltr' id='par_1_98' title="bbox 1905 3127 3487 3212">
     <span class='ocr_line' id='line_1_100' title="bbox 1905 3127 3487 3212; baseline 0.009 -30"><span class='ocrx_word' id='word_1_758' title='bbox 1905 3127 2068 3198; x_wconf 88' lang='lat' dir='ltr'><strong>pheto</strong></span> <span class='ocrx_word' id='word_1_759' title='bbox 2111 3128 2379 3185; x_wconf 88' lang='lat' dir='ltr'><strong>benedicit</strong></span> <span class='ocrx_word' id='word_1_760' title='bbox 2400 3172 2415 3197; x_wconf 93' lang='lat'><strong>,</strong></span> <span class='ocrx_word' id='word_1_761' title='bbox 2449 3132 2717 3189; x_wconf 88' lang='lat' dir='ltr'><strong>maledicit</strong></span> <span class='ocrx_word' id='word_1_762' title='bbox 2758 3145 2934 3190; x_wconf 87' lang='lat' dir='ltr'><strong>autem</strong></span> <span class='ocrx_word' id='word_1_763' title='bbox 2966 3135 3333 3204; x_wconf 87' lang='lat' dir='ltr'><strong>Cbanaauum,</strong></span> <span class='ocrx_word' id='word_1_764' title='bbox 3361 3143 3487 3212; x_wconf 90' lang='lat' dir='ltr'><strong>quia</strong></span> 
     </span>
    </p>
   </div>
   <div class='ocr_carea' id='block_1_99' title="bbox 1906 3219 3487 3301">
    <p class='ocr_par' dir='ltr' id='par_1_99' title="bbox 1906 3219 3487 3301">
     <span class='ocr_line' id='line_1_101' title="bbox 1906 3219 3487 3301; baseline 0.011 -30"><span class='ocrx_word' id='word_1_765' title='bbox 1906 3229 2055 3288; x_wconf 87' lang='lat' dir='ltr'><strong>pater</strong></span> <span class='ocrx_word' id='word_1_766' title='bbox 2081 3219 2200 3290; x_wconf 91' lang='lat' dir='ltr'><strong>ejus</strong></span> <span class='ocrx_word' id='word_1_767' title='bbox 2223 3221 2389 3276; x_wconf 87' lang='lat' dir='ltr'><strong>Cham</strong></span> <span class='ocrx_word' id='word_1_768' title='bbox 2420 3223 2751 3281; x_wconf 82' lang='lat' dir='ltr'><strong>revelaverat</strong></span> <span class='ocrx_word' id='word_1_769' title='bbox 2778 3226 3070 3284; x_wconf 82' lang='lat' dir='ltr'><strong>nuditatem</strong></span> <span class='ocrx_word' id='word_1_770' title='bbox 3102 3233 3289 3301; x_wconf 89' lang='lat' dir='ltr'><strong>patris.</strong></span> <span class='ocrx_word' id='word_1_771' title='bbox 3322 3233 3487 3289; x_wconf 79' lang='lat' dir='ltr'><strong>Male-</strong></span> 
     </span>
    </p>
   </div>
   <div class='ocr_carea' id='block_1_100' title="bbox 1904 3309 3487 3397">
    <p class='ocr_par' dir='ltr' id='par_1_100' title="bbox 1904 3309 3487 3397">
     <span class='ocr_line' id='line_1_102' title="bbox 1904 3309 3487 3397; baseline 0.011 -32"><span class='ocrx_word' id='word_1_772' title='bbox 1904 3309 2065 3365; x_wconf 83' lang='lat' dir='ltr'><strong>dictio</strong></span> <span class='ocrx_word' id='word_1_773' title='bbox 2107 3324 2286 3368; x_wconf 88' lang='lat' dir='ltr'><strong>autem</strong></span> <span class='ocrx_word' id='word_1_774' title='bbox 2316 3313 2401 3369; x_wconf 89' lang='lat' dir='ltr'><strong>illa</strong></span> <span class='ocrx_word' id='word_1_775' title='bbox 2430 3326 2681 3372; x_wconf 88' lang='lat' dir='ltr'><strong>eventum</strong></span> <span class='ocrx_word' id='word_1_776' title='bbox 2727 3316 2914 3374; x_wconf 90' lang='lat' dir='ltr'><strong>habuit</strong></span> <span class='ocrx_word' id='word_1_777' title='bbox 2948 3321 3001 3375; x_wconf 89' lang='lat' dir='ltr'><strong>in</strong></span> <span class='ocrx_word' id='word_1_778' title='bbox 3041 3321 3351 3380; x_wconf 86' lang='lat' dir='ltr'><strong>Gabaonitis</strong></span> <span class='ocrx_word' id='word_1_779' title='bbox 3374 3327 3487 3397; x_wconf 66' lang='lat' dir='ltr'><strong>(la);</strong></span> 
     </span>
    </p>
   </div>
   <div class='ocr_carea' id='block_1_101' title="bbox 1904 3403 3486 3482">
    <p class='ocr_par' dir='ltr' id='par_1_101' title="bbox 1904 3403 3486 3482">
     <span class='ocr_line' id='line_1_103' title="bbox 1904 3403 3486 3482; baseline 0.013 -24"><span class='ocrx_word' id='word_1_780' title='bbox 1904 3403 2012 3458; x_wconf 88' lang='lat' dir='ltr'><strong>imo</strong></span> <span class='ocrx_word' id='word_1_781' title='bbox 2042 3405 2218 3475; x_wconf 90' lang='lat' dir='ltr'><strong>potius</strong></span> <span class='ocrx_word' id='word_1_782' title='bbox 2242 3407 2420 3478; x_wconf 82' lang='lat' dir='ltr'><strong>specie</strong></span> <span class='ocrx_word' id='word_1_783' title='bbox 2446 3409 2660 3480; x_wconf 90' lang='lat' dir='ltr'><strong>quidem</strong></span> <span class='ocrx_word' id='word_1_784' title='bbox 2691 3413 2992 3470; x_wconf 90' lang='lat' dir='ltr'><strong>maledictio</strong></span> <span class='ocrx_word' id='word_1_785' title='bbox 3020 3426 3153 3482; x_wconf 89' lang='lat' dir='ltr'><strong>erat,</strong></span> <span class='ocrx_word' id='word_1_786' title='bbox 3183 3420 3277 3476; x_wconf 87' lang='lat' dir='ltr'><strong>sed</strong></span> <span class='ocrx_word' id='word_1_787' title='bbox 3299 3437 3486 3479; x_wconf 81' lang='lat' dir='ltr'><strong>revera</strong></span> 
     </span>
    </p>
   </div>
   <div class='ocr_carea' id='block_1_102' title="bbox 1904 3496 3490 3584">
    <p class='ocr_par' dir='ltr' id='par_1_102' title="bbox 1904 3496 3490 3584">
     <span class='ocr_line' id='line_1_104' title="bbox 1904 3496 3490 3584; baseline 0.013 -35"><span class='ocrx_word' id='word_1_788' title='bbox 1904 3496 2206 3565; x_wconf 89' lang='lat' dir='ltr'><strong>prophetia.</strong></span> <span class='ocrx_word' id='word_1_789' title='bbox 2232 3497 2366 3554; x_wconf 90' lang='lat' dir='ltr'><strong>lline</strong></span> <span class='ocrx_word' id='word_1_790' title='bbox 2386 3510 2683 3571; x_wconf 88' lang='lat' dir='ltr'><strong>sequuntur</strong></span> <span class='ocrx_word' id='word_1_791' title='bbox 2706 3503 2796 3575; x_wconf 89' lang='lat' dir='ltr'><strong>qui</strong></span> <span class='ocrx_word' id='word_1_792' title='bbox 2824 3520 2892 3560; x_wconf 79' lang='lat' dir='ltr'><strong>ex</strong></span> <span class='ocrx_word' id='word_1_793' title='bbox 2914 3505 3027 3563; x_wconf 89' lang='lat' dir='ltr'><strong>Noe</strong></span> <span class='ocrx_word' id='word_1_794' title='bbox 3049 3510 3150 3564; x_wconf 92' lang='lat' dir='ltr'><strong>orti</strong></span> <span class='ocrx_word' id='word_1_795' title='bbox 3172 3522 3294 3567; x_wconf 90' lang='lat' dir='ltr'><strong>sunt</strong></span> <span class='ocrx_word' id='word_1_796' title='bbox 3321 3528 3490 3584; x_wconf 86' lang='lat' dir='ltr'><strong>usque</strong></span> 
     </span>
    </p>
   </div>
   <div class='ocr_carea' id='block_1_103' title="bbox 1904 3587 3488 3672">
    <p class='ocr_par' dir='ltr' id='par_1_103' title="bbox 1904 3587 3488 3672">
     <span class='ocr_line' id='line_1_105' title="bbox 1904 3587 3488 3672; baseline 0.013 -32"><span class='ocrx_word' id='word_1_797' title='bbox 1904 3587 1969 3642; x_wconf 89' lang='lat' dir='ltr'><strong>ad</strong></span> <span class='ocrx_word' id='word_1_798' title='bbox 1992 3587 2202 3655; x_wconf 84' lang='lat' dir='ltr'><strong>Phalec,</strong></span> <span class='ocrx_word' id='word_1_799' title='bbox 2224 3589 2314 3660; x_wconf 91' lang='lat' dir='ltr'><strong>qui</strong></span> <span class='ocrx_word' id='word_1_800' title='bbox 2343 3591 2444 3646; x_wconf 92' lang='lat' dir='ltr'><strong>hoc</strong></span> <span class='ocrx_word' id='word_1_801' title='bbox 2466 3607 2661 3648; x_wconf 88' lang='lat' dir='ltr'><strong>nomen</strong></span> <span class='ocrx_word' id='word_1_802' title='bbox 2690 3596 2908 3653; x_wconf 88' lang='lat' dir='ltr'><strong>sortitus</strong></span> <span class='ocrx_word' id='word_1_803' title='bbox 2934 3608 3036 3665; x_wconf 85' lang='lat' dir='ltr'><strong>est,</strong></span> <span class='ocrx_word' id='word_1_804' title='bbox 3063 3601 3185 3671; x_wconf 91' lang='lat' dir='ltr'><strong>quia</strong></span> <span class='ocrx_word' id='word_1_805' title='bbox 3216 3603 3332 3672; x_wconf 86' lang='lat' dir='ltr'><strong>ejus</strong></span> <span class='ocrx_word' id='word_1_806' title='bbox 3357 3614 3488 3662; x_wconf 85' lang='lat' dir='ltr'><strong>tem-</strong></span> 
     </span>
    </p>
   </div>
   <div class='ocr_carea' id='block_1_104' title="bbox 1905 3678 3484 3767">
    <p class='ocr_par' dir='ltr' id='par_1_104' title="bbox 1905 3678 3484 3767">
     <span class='ocr_line' id='line_1_106' title="bbox 1905 3678 3484 3767; baseline 0.016 -37"><span class='ocrx_word' id='word_1_807' title='bbox 1905 3691 2034 3746; x_wconf 89' lang='lat' dir='ltr'><strong>pore</strong></span> <span class='ocrx_word' id='word_1_808' title='bbox 2060 3678 2227 3735; x_wconf 91' lang='lat' dir='ltr'><strong>divisa</strong></span> <span class='ocrx_word' id='word_1_809' title='bbox 2261 3680 2353 3737; x_wconf 82' lang='lat' dir='ltr'><strong>fuit</strong></span> <span class='ocrx_word' id='word_1_810' title='bbox 2383 3691 2544 3738; x_wconf 88' lang='lat' dir='ltr'><strong>terra.</strong></span> <span class='ocrx_word' id='word_1_811' title='bbox 2573 3684 2722 3741; x_wconf 87' lang='lat' dir='ltr'><strong>Tunc</strong></span> <span class='ocrx_word' id='word_1_812' title='bbox 2745 3688 2888 3743; x_wconf 90' lang='lat' dir='ltr'><strong>enim</strong></span> <span class='ocrx_word' id='word_1_813' title='bbox 2919 3692 3104 3746; x_wconf 89' lang='lat' dir='ltr'><strong>turrim</strong></span> <span class='ocrx_word' id='word_1_814' title='bbox 3134 3694 3484 3767; x_wconf 60' lang='lat' dir='ltr'><strong>aediﬁcarunt,</strong></span> 
     </span>
    </p>
   </div>
   <div class='ocr_carea' id='block_1_105' title="bbox 1906 3770 3490 3858">
    <p class='ocr_par' dir='ltr' id='par_1_105' title="bbox 1906 3770 3490 3858">
     <span class='ocr_line' id='line_1_107' title="bbox 1906 3770 3490 3858; baseline 0.013 -36"><span class='ocrx_word' id='word_1_815' title='bbox 1906 3770 2046 3823; x_wconf 89' lang='lat' dir='ltr'><strong>unde</strong></span> <span class='ocrx_word' id='word_1_816' title='bbox 2063 3771 2213 3827; x_wconf 89' lang='lat' dir='ltr'><strong>locus</strong></span> <span class='ocrx_word' id='word_1_817' title='bbox 2247 3773 2485 3844; x_wconf 87' lang='lat' dir='ltr'><strong>Babylon</strong></span> <span class='ocrx_word' id='word_1_818' title='bbox 2513 3785 2598 3832; x_wconf 90' lang='lat' dir='ltr'><strong>est</strong></span> <span class='ocrx_word' id='word_1_819' title='bbox 2614 3780 2907 3847; x_wconf 77' lang='lat' dir='ltr'><strong>appellatus</strong></span> <span class='ocrx_word' id='word_1_820' title='bbox 2927 3822 2942 3848; x_wconf 89' lang='lat'><strong>,</strong></span> <span class='ocrx_word' id='word_1_821' title='bbox 2965 3784 3105 3853; x_wconf 88' lang='lat' dir='ltr'><strong>quod</strong></span> <span class='ocrx_word' id='word_1_822' title='bbox 3120 3785 3490 3858; x_wconf 72' lang='lat' dir='ltr'><strong>Coufusionem</strong></span> 
     </span>
    </p>
   </div>
   <div class='ocr_carea' id='block_1_106' title="bbox 1903 3861 3487 3944">
    <p class='ocr_par' dir='ltr' id='par_1_106' title="bbox 1903 3861 3487 3944">
     <span class='ocr_line' id='line_1_108' title="bbox 1903 3861 3487 3944; baseline 0.015 -31"><span class='ocrx_word' id='word_1_823' title='bbox 1903 3861 2195 3930; x_wconf 83' lang='lat' dir='ltr'><strong>signiﬁcat,</strong></span> <span class='ocrx_word' id='word_1_824' title='bbox 2243 3865 2365 3934; x_wconf 84' lang='lat' dir='ltr'><strong>quia</strong></span> <span class='ocrx_word' id='word_1_825' title='bbox 2412 3866 2518 3920; x_wconf 89' lang='lat' dir='ltr'><strong>illic</strong></span> <span class='ocrx_word' id='word_1_826' title='bbox 2563 3866 2801 3923; x_wconf 69' lang='lat' dir='ltr'><strong>confusa:</strong></span> <span class='ocrx_word' id='word_1_827' title='bbox 2848 3882 2969 3925; x_wconf 88' lang='lat' dir='ltr'><strong>sunt</strong></span> <span class='ocrx_word' id='word_1_828' title='bbox 3032 3872 3228 3944; x_wconf 65' lang='lat' dir='ltr'><strong>linguae</strong></span> <span class='ocrx_word' id='word_1_829' title='bbox 3279 3894 3487 3939; x_wconf 82' lang='lat' dir='ltr'><strong>eorum.</strong></span> 
     </span>
    </p>
   </div>
   <div class='ocr_carea' id='block_1_107' title="bbox 1908 3952 3489 4027">
    <p class='ocr_par' dir='ltr' id='par_1_107' title="bbox 1908 3952 3489 4027">
     <span class='ocr_line' id='line_1_109' title="bbox 1908 3952 3489 4027; baseline 0.013 -20"><span class='ocrx_word' id='word_1_830' title='bbox 1908 3952 2067 4008; x_wconf 86' lang='lat' dir='ltr'><strong>Pater</strong></span> <span class='ocrx_word' id='word_1_831' title='bbox 2104 3965 2281 4009; x_wconf 85' lang='lat' dir='ltr'><strong>autem</strong></span> <span class='ocrx_word' id='word_1_832' title='bbox 2312 3955 2526 4011; x_wconf 82' lang='lat' dir='ltr'><strong>Phaleci</strong></span> <span class='ocrx_word' id='word_1_833' title='bbox 2558 3957 2730 4014; x_wconf 90' lang='lat' dir='ltr'><strong>Ileber</strong></span> <span class='ocrx_word' id='word_1_834' title='bbox 2759 3960 2954 4016; x_wconf 72' lang='lat' dir='ltr'><strong>dicitur</strong></span> <span class='ocrx_word' id='word_1_835' title='bbox 2999 3978 3103 4017; x_wconf 86' lang='lat' dir='ltr'><strong>non</strong></span> <span class='ocrx_word' id='word_1_836' title='bbox 3152 3960 3489 4027; x_wconf 82' lang='lat' dir='ltr'><strong>consensisse</strong></span> 
     </span>
    </p>
   </div>
   <div class='ocr_carea' id='block_1_108' title="bbox 1903 4045 3488 4128">
    <p class='ocr_par' dir='ltr' id='par_1_108' title="bbox 1903 4045 3488 4128">
     <span class='ocr_line' id='line_1_110' title="bbox 1903 4045 3488 4128; baseline 0.013 -32"><span class='ocrx_word' id='word_1_837' title='bbox 1903 4059 2025 4097; x_wconf 90' lang='lat' dir='ltr'><strong>cum</strong></span> <span class='ocrx_word' id='word_1_838' title='bbox 2049 4045 2258 4100; x_wconf 70' lang='lat' dir='ltr'><strong>caeteris</strong></span> <span class='ocrx_word' id='word_1_839' title='bbox 2278 4046 2417 4100; x_wconf 82' lang='lat' dir='ltr'><strong>circa</strong></span> <span class='ocrx_word' id='word_1_840' title='bbox 2447 4046 2855 4105; x_wconf 59' lang='lat' dir='ltr'><strong>aediﬁcationem</strong></span> <span class='ocrx_word' id='word_1_841' title='bbox 2886 4054 3083 4119; x_wconf 81' lang='lat' dir='ltr'><strong>turris;</strong></span> <span class='ocrx_word' id='word_1_842' title='bbox 3117 4054 3345 4126; x_wconf 86' lang='lat' dir='ltr'><strong>ideoque</strong></span> <span class='ocrx_word' id='word_1_843' title='bbox 3386 4059 3488 4128; x_wconf 87' lang='lat' dir='ltr'><strong>ipsi</strong></span> 
     </span>
    </p>
   </div>
   <div class='ocr_carea' id='block_1_109' title="bbox 1905 4136 3488 4208">
    <p class='ocr_par' dir='ltr' id='par_1_109' title="bbox 1905 4136 3488 4208">
     <span class='ocr_line' id='line_1_111' title="bbox 1905 4136 3488 4208; baseline 0.011 -18"><span class='ocrx_word' id='word_1_844' title='bbox 1905 4136 2166 4206; x_wconf 86' lang='lat' dir='ltr'><strong>loquelam</strong></span> <span class='ocrx_word' id='word_1_845' title='bbox 2215 4154 2321 4192; x_wconf 87' lang='lat' dir='ltr'><strong>non</strong></span> <span class='ocrx_word' id='word_1_846' title='bbox 2365 4147 2621 4193; x_wconf 86' lang='lat' dir='ltr'><strong>mutatam</strong></span> <span class='ocrx_word' id='word_1_847' title='bbox 2669 4140 2864 4207; x_wconf 76' lang='lat' dir='ltr'><strong>fuisse;</strong></span> <span class='ocrx_word' id='word_1_848' title='bbox 2894 4144 2987 4199; x_wconf 90' lang='lat' dir='ltr'><strong>sed</strong></span> <span class='ocrx_word' id='word_1_849' title='bbox 3032 4149 3292 4204; x_wconf 83' lang='lat' dir='ltr'><strong>mansisse</strong></span> <span class='ocrx_word' id='word_1_850' title='bbox 3340 4151 3488 4208; x_wconf 90' lang='lat' dir='ltr'><strong>illum</strong></span> 
     </span>
    </p>
   </div>
   <div class='ocr_carea' id='block_1_110' title="bbox 1967 4254 3488 4326">
    <p class='ocr_par' dir='ltr' id='par_1_110' title="bbox 1967 4254 3488 4326">
     <span class='ocr_line' id='line_1_112' title="bbox 1967 4254 3488 4326; baseline 0.01 -22"><span class='ocrx_word' id='word_1_851' title='bbox 1967 4256 1985 4287; x_wconf 78' lang='grc' dir='ltr'>ί</span> <span class='ocrx_word' id='word_1_852' title='bbox 1999 4254 2203 4326; x_wconf 73' lang='lat' dir='ltr'><strong>_&#39;ritulus</strong></span> <span class='ocrx_word' id='word_1_853' title='bbox 2226 4256 2273 4305; x_wconf 88' lang='lat' dir='ltr'><strong>in</strong></span> <span class='ocrx_word' id='word_1_854' title='bbox 2295 4255 2601 4326; x_wconf 78' lang='lat' dir='ltr'><strong>Lugdunensi</strong></span> <span class='ocrx_word' id='word_1_855' title='bbox 2618 4255 2734 4309; x_wconf 84' lang='lat' dir='ltr'><strong>Cod.</strong></span> <span class='ocrx_word' id='word_1_856' title='bbox 2758 4259 2829 4326; x_wconf 76' lang='lat' dir='ltr'><strong>sic</strong></span> <span class='ocrx_word' id='word_1_857' title='bbox 2846 4258 3056 4311; x_wconf 85' lang='lat' dir='ltr'><strong>habetur</strong></span> <span class='ocrx_word' id='word_1_858' title='bbox 3080 4275 3095 4311; x_wconf 89' lang='lat'><strong>:</strong></span> <span class='ocrx_word' id='word_1_859' title='bbox 3132 4263 3295 4326; x_wconf 77' lang='lat' dir='ltr'><strong>Brevis</strong></span> <span class='ocrx_word' id='word_1_860' title='bbox 3317 4266 3488 4319; x_wconf 75' lang='lat' dir='ltr'><strong>veteris</strong></span> 
     </span>
    </p>
   </div>
   <div class='ocr_carea' id='block_1_111' title="bbox 1908 4318 3484 4386">
    <p class='ocr_par' dir='ltr' id='par_1_111' title="bbox 1908 4318 3484 4386">
     <span class='ocr_line' id='line_1_113' title="bbox 1908 4318 3484 4386; baseline 0.01 -21"><span class='ocrx_word' id='word_1_861' title='bbox 1908 4318 2188 4386; x_wconf 69' lang='lat' dir='ltr'><strong>Testamentt&#39;</strong></span> <span class='ocrx_word' id='word_1_862' title='bbox 2209 4318 2447 4382; x_wconf 79' lang='lat' dir='ltr'><strong>sympsis,</strong></span> <span class='ocrx_word' id='word_1_863' title='bbox 2482 4323 2678 4369; x_wconf 84' lang='lat' dir='ltr'><strong>auctore</strong></span> <span class='ocrx_word' id='word_1_864' title='bbox 2714 4318 3067 4385; x_wconf 78' lang='lat' dir='ltr'><strong>Chrysoslomo.</strong></span> <span class='ocrx_word' id='word_1_865' title='bbox 3101 4323 3312 4378; x_wconf 75' lang='lat' dir='ltr'><strong>Genesis.</strong></span> <span class='ocrx_word' id='word_1_866' title='bbox 3346 4327 3484 4379; x_wconf 79' lang='lat' dir='ltr'><strong>Liber</strong></span> 
     </span>
    </p>
   </div>
   <div class='ocr_carea' id='block_1_112' title="bbox 1979 4391 2103 4428">
    <p class='ocr_par' dir='ltr' id='par_1_112' title="bbox 1979 4391 2103 4428">
     <span class='ocr_line' id='line_1_114' title="bbox 1979 4391 2103 4428; baseline 0.016 -2"><span class='ocrx_word' id='word_1_867' title='bbox 1979 4391 2103 4428; x_wconf 84' lang='lat' dir='ltr'><strong>mus.</strong></span> 
     </span>
    </p>
   </div>
   <div class='ocr_carea' id='block_1_113' title="bbox 1901 4390 3486 4510">
    <p class='ocr_par' dir='ltr' id='par_1_113' title="bbox 1901 4390 3486 4510">
     <span class='ocr_line' id='line_1_115' title="bbox 1901 4390 3486 4510; baseline 0.009 -23"><span class='ocrx_word' id='word_1_868' title='bbox 1901 4390 2181 4510; x_wconf 47' lang='grc' dir='ltr'>Ἶῗῖᾓωο</span> <span class='ocrx_word' id='word_1_869' title='bbox 2203 4439 2422 4510; x_wconf 73' lang='lat' dir='ltr'><strong>pluribus</strong></span> <span class='ocrx_word' id='word_1_870' title='bbox 2444 4440 2748 4510; x_wconf 78' lang='lat' dir='ltr'><strong>explicantur</strong></span> <span class='ocrx_word' id='word_1_871' title='bbox 2757 4450 2899 4510; x_wconf 59' lang='grc' dir='ltr'><strong>[τοίη.</strong></span> <span class='ocrx_word' id='word_1_872' title='bbox 2921 4444 3004 4510; x_wconf 76' lang='lat' dir='ltr'><strong>iV,</strong></span> <span class='ocrx_word' id='word_1_873' title='bbox 3021 4453 3153 4497; x_wconf 78' lang='lat' dir='ltr'><strong>Hom.</strong></span> <span class='ocrx_word' id='word_1_874' title='bbox 3175 4448 3239 4497; x_wconf 76' lang='lat'><strong>22</strong></span> <span class='ocrx_word' id='word_1_875' title='bbox 3259 4450 3305 4499; x_wconf 92' lang='lat' dir='ltr'><strong>in</strong></span> <span class='ocrx_word' id='word_1_876' title='bbox 3328 4457 3486 4501; x_wconf 86' lang='lat' dir='ltr'><strong>Gene-</strong></span> 
     </span>
    </p>
   </div>
   <div class='ocr_carea' id='block_1_114' title="bbox 1900 4502 3488 4570">
    <p class='ocr_par' dir='ltr' id='par_1_114' title="bbox 1900 4502 3488 4570">
     <span class='ocr_line' id='line_1_116' title="bbox 1900 4502 3488 4570; baseline 0.009 -20"><span class='ocrx_word' id='word_1_877' title='bbox 1900 4502 2010 4570; x_wconf 87' lang='lat' dir='ltr'><strong>sim_,</strong></span> <span class='ocrx_word' id='word_1_878' title='bbox 2032 4502 2373 4570; x_wconf 82' lang='lat' dir='ltr'><strong>ubi_pro_batur_</strong></span> <span class='ocrx_word' id='word_1_879' title='bbox 2392 4514 2496 4563; x_wconf 84' lang='lat' dir='ltr'><strong>eos,</strong></span> <span class='ocrx_word' id='word_1_880' title='bbox 2511 4502 2601 4567; x_wconf 56' lang='lat' dir='ltr'><strong>&#39;qui</strong></span> <span class='ocrx_word' id='word_1_881' title='bbox 2620 4516 2647 4570; x_wconf 83' lang='lat' dir='ltr'><strong>_a</strong></span> <span class='ocrx_word' id='word_1_882' title='bbox 2675 4504 2821 4570; x_wconf 58' lang='grc' dir='ltr'><strong>ξρεὴο</strong></span> <span class='ocrx_word' id='word_1_883' title='bbox 2841 4509 2932 4570; x_wconf 73' lang='lat' dir='ltr'><strong>orti</strong></span> <span class='ocrx_word' id='word_1_884' title='bbox 2958 4518 3115 4570; x_wconf 89' lang='lat' dir='ltr'><strong>erant,</strong></span> <span class='ocrx_word' id='word_1_885' title='bbox 3151 4509 3275 4561; x_wconf 84' lang='lat' dir='ltr'><strong>ﬁlios</strong></span> <span class='ocrx_word' id='word_1_886' title='bbox 3296 4515 3382 4563; x_wconf 89' lang='lat' dir='ltr'><strong>Dei</strong></span> <span class='ocrx_word' id='word_1_887' title='bbox 3405 4528 3488 4563; x_wconf 91' lang='lat' dir='ltr'><strong>vo-</strong></span> 
     </span>
    </p>
   </div>
   <div class='ocr_carea' id='block_1_115' title="bbox 1901 4561 3487 4635">
    <p class='ocr_par' dir='ltr' id='par_1_115' title="bbox 1901 4561 3487 4635">
     <span class='ocr_line' id='line_1_117' title="bbox 1901 4561 3487 4635; baseline 0.01 -25"><span class='ocrx_word' id='word_1_888' title='bbox 1901 4563 2019 4635; x_wconf 77' lang='lat' dir='ltr'><strong>cari,</strong></span> <span class='ocrx_word' id='word_1_889' title='bbox 2044 4561 2198 4635; x_wconf 38' lang='lat' dir='ltr'><strong>et&#39;liie</strong></span> <span class='ocrx_word' id='word_1_890' title='bbox 2220 4565 2324 4635; x_wconf 84' lang='lat' dir='ltr'><strong>ipse</strong></span> <span class='ocrx_word' id='word_1_891' title='bbox 2360 4561 2497 4635; x_wconf 79' lang='lat' dir='ltr'><strong>locus</strong></span> <span class='ocrx_word' id='word_1_892' title='bbox 2535 4561 2701 4635; x_wconf 58' lang='lat' dir='ltr'><strong>bsalmi</strong></span> <span class='ocrx_word' id='word_1_893' title='bbox 2728 4566 2791 4635; x_wconf 55' lang='lat' dir='ltr'><strong>ﬁt</strong></span> <span class='ocrx_word' id='word_1_894' title='bbox 2836 4567 3077 4635; x_wconf 50' lang='lat' dir='ltr'><strong>aﬂ‘crtur;</strong></span> <span class='ocrx_word' id='word_1_895' title='bbox 3102 4561 3199 4634; x_wconf 59' lang='grc' dir='ltr'><strong>ἐρα</strong></span> <span class='ocrx_word' id='word_1_896' title='bbox 3236 4561 3379 4635; x_wconf 68' lang='lat' dir='ltr'><strong>dixi,</strong></span> 
     </span>
    </p>
   </div>
   <div class='ocr_carea' id='block_1_116' title="bbox 1901 4622 3487 4734">
    <p class='ocr_par' dir='ltr' id='par_1_116' title="bbox 1901 4622 3487 4734">
     <span class='ocr_line' id='line_1_118' title="bbox 1901 4622 3487 4734; baseline 0.009 -62"><span class='ocrx_word' id='word_1_897' title='bbox 1901 4622 2209 4734; x_wconf 45' lang='lat' dir='ltr'><strong>miiéarilias</strong></span> <span class='ocrx_word' id='word_1_898' title='bbox 2239 4622 2414 4676; x_wconf 67' lang='lat' dir='ltr'><strong>autem</strong></span> <span class='ocrx_word' id='word_1_899' title='bbox 2445 4627 2691 4676; x_wconf 86' lang='lat' dir='ltr'><strong>hominum</strong></span> <span class='ocrx_word' id='word_1_900' title='bbox 2725 4627 2845 4678; x_wconf 86' lang='lat' dir='ltr'><strong>ﬁlias</strong></span> <span class='ocrx_word' id='word_1_901' title='bbox 2877 4642 2988 4679; x_wconf 76' lang='lat' dir='ltr'><strong>esse</strong></span> <span class='ocrx_word' id='word_1_902' title='bbox 3026 4622 3161 4682; x_wconf 69' lang='lat' dir='ltr'><strong>Calui</strong></span> <span class='ocrx_word' id='word_1_903' title='bbox 3194 4622 3309 4684; x_wconf 85' lang='lat' dir='ltr'><strong>dicit</strong></span> <span class='ocrx_word' id='word_1_904' title='bbox 3332 4622 3487 4699; x_wconf 68' lang='lat' dir='ltr'><strong>paulo</strong></span> 
     </span>
    </p>
   </div>
   <div class='ocr_carea' id='block_1_117' title="bbox 1903 4698 2089 4747">
    <p class='ocr_par' dir='ltr' id='par_1_117' title="bbox 1903 4698 2089 4747">
     <span class='ocr_line' id='line_1_119' title="bbox 1903 4698 2089 4747; baseline 0 -13"><span class='ocrx_word' id='word_1_905' title='bbox 1903 4698 2089 4747; x_wconf 80' lang='lat' dir='ltr'><strong>postea.</strong></span> 
     </span>
    </p>
   </div>
   <div class='ocr_carea' id='block_1_118' title="bbox 1964 4744 3486 4820">
    <p class='ocr_par' dir='ltr' id='par_1_118' title="bbox 1964 4744 3486 4820">
     <span class='ocr_line' id='line_1_120' title="bbox 1964 4744 3486 4820; baseline 0.008 -26"><span class='ocrx_word' id='word_1_906' title='bbox 1964 4744 2049 4820; x_wconf 69' lang='grc' dir='ltr'><strong>(ὸ)</strong></span> <span class='ocrx_word' id='word_1_907' title='bbox 2070 4747 2423 4820; x_wconf 62' lang='grc' dir='ltr'><strong>(ὶυμιιῃθςξμπίο</strong></span> <span class='ocrx_word' id='word_1_908' title='bbox 2444 4750 2491 4820; x_wconf 80' lang='lat' dir='ltr'><strong>in</strong></span> <span class='ocrx_word' id='word_1_909' title='bbox 2515 4749 2687 4800; x_wconf 87' lang='lat' dir='ltr'><strong>Isaiam</strong></span> <span class='ocrx_word' id='word_1_910' title='bbox 2710 4749 2768 4820; x_wconf 71' lang='lat' dir='ltr'><strong>ad</strong></span> <span class='ocrx_word' id='word_1_911' title='bbox 2799 4762 2905 4820; x_wconf 75' lang='lat' dir='ltr'><strong>cap.</strong></span> <span class='ocrx_word' id='word_1_912' title='bbox 2938 4751 3158 4820; x_wconf 47' lang='lat' dir='ltr'><strong>2_,“ver_su</strong></span> <span class='ocrx_word' id='word_1_913' title='bbox 3179 4755 3361 4820; x_wconf 68' lang='lat' dir='ltr'><strong>l,_haje</strong></span> <span class='ocrx_word' id='word_1_914' title='bbox 3383 4759 3486 4820; x_wconf 80' lang='lat' dir='ltr'><strong>ipsa</strong></span> 
     </span>
    </p>
   </div>
   <div class='ocr_carea' id='block_1_119' title="bbox 1906 4806 3481 4878">
    <p class='ocr_par' dir='ltr' id='par_1_119' title="bbox 1906 4806 3481 4878">
     <span class='ocr_line' id='line_1_121' title="bbox 1906 4806 3481 4878; baseline 0.008 -25"><span class='ocrx_word' id='word_1_915' title='bbox 1906 4806 1989 4876; x_wconf 78' lang='lat' dir='ltr'><strong>sic_</strong></span> <span class='ocrx_word' id='word_1_916' title='bbox 2003 4806 2243 4878; x_wconf 63' lang='lat' dir='ltr'><strong>exprimit</strong></span> <span class='ocrx_word' id='word_1_917' title='bbox 2265 4809 2640 4878; x_wconf 54' lang='lat' dir='ltr'><strong>iihrysostomus</strong></span> <span class='ocrx_word' id='word_1_918' title='bbox 2664 4825 2676 4858; x_wconf 83' lang='lat'><strong>:</strong></span> <span class='ocrx_word' id='word_1_919' title='bbox 2703 4812 2775 4878; x_wconf 71' lang='lat' dir='ltr'><strong>oo</strong></span> <span class='ocrx_word' id='word_1_920' title='bbox 2795 4806 2891 4878; x_wconf 52' lang='grc' dir='ltr'><strong>μὴ’χι</strong></span> <span class='ocrx_word' id='word_1_921' title='bbox 2915 4806 3033 4878; x_wconf 65' lang='lat' dir='ltr'><strong>goat</strong></span> <span class='ocrx_word' id='word_1_922' title='bbox 3058 4816 3144 4878; x_wconf 74' lang='grc' dir='ltr'>τήν</span> <span class='ocrx_word' id='word_1_923' title='bbox 3169 4806 3287 4878; x_wconf 78' lang='grc' dir='ltr'><strong>διρἀ</strong></span> <span class='ocrx_word' id='word_1_924' title='bbox 3313 4806 3481 4867; x_wconf 55' lang='lat' dir='ltr'><strong>stuic;</strong></span> 
     </span>
    </p>
   </div>
   <div class='ocr_carea' id='block_1_120' title="bbox 1903 4869 3478 4933">
    <p class='ocr_par' dir='ltr' id='par_1_120' title="bbox 1903 4869 3478 4933">
     <span class='ocr_line' id='line_1_122' title="bbox 1903 4869 3478 4933; baseline 0.009 -18"><span class='ocrx_word' id='word_1_925' title='bbox 1903 4869 2109 4933; x_wconf 56' lang='grc' dir='ltr'><strong>σοξιςᾳν,</strong></span> <span class='ocrx_word' id='word_1_926' title='bbox 2131 4869 2235 4917; x_wconf 81' lang='grc' dir='ltr'><strong>ἀλλ’</strong></span> <span class='ocrx_word' id='word_1_927' title='bbox 2258 4870 2334 4919; x_wconf 71' lang='grc' dir='ltr'><strong>ἐπὶ</strong></span> <span class='ocrx_word' id='word_1_928' title='bbox 2354 4872 2450 4919; x_wconf 83' lang='grc' dir='ltr'><strong>τῶν</strong></span> <span class='ocrx_word' id='word_1_929' title='bbox 2473 4873 2774 4920; x_wconf 77' lang='grc' dir='ltr'>Γαὸαονιτῶν</span> <span class='ocrx_word' id='word_1_930' title='bbox 2794 4869 3036 4922; x_wconf 61' lang='grc' dir='ltr'>λαϐοῦσαν</span> <span class='ocrx_word' id='word_1_931' title='bbox 3054 4869 3114 4923; x_wconf 68' lang='grc' dir='ltr'><strong>τό</strong></span> <span class='ocrx_word' id='word_1_932' title='bbox 3138 4869 3271 4933; x_wconf 43' lang='lat' dir='ltr'><strong>cii-.0;</strong></span> <span class='ocrx_word' id='word_1_933' title='bbox 3300 4880 3398 4927; x_wconf 83' lang='grc' dir='ltr'><strong>τῶν</strong></span> <span class='ocrx_word' id='word_1_934' title='bbox 3422 4880 3478 4929; x_wconf 73' lang='grc' dir='ltr'><strong>ἐκ</strong></span> 
     </span>
    </p>
   </div>
   <div class='ocr_carea' id='block_1_121' title="bbox 1901 4928 3479 5001">
    <p class='ocr_par' dir='ltr' id='par_1_121' title="bbox 1901 4928 3479 5001">
     <span class='ocr_line' id='line_1_123' title="bbox 1901 4928 3479 5001; baseline 0.01 -26"><span class='ocrx_word' id='word_1_935' title='bbox 1901 4928 2209 5001; x_wconf 43' lang='grc' dir='ltr'><strong>εοῦλάνσαγ</strong></span> <span class='ocrx_word' id='word_1_936' title='bbox 2230 4934 2514 5001; x_wconf 50' lang='lat' dir='ltr'><strong>verme-tim.</strong></span> <span class='ocrx_word' id='word_1_937' title='bbox 2538 4933 2631 5001; x_wconf 60' lang='lat' dir='ltr'><strong>Keil</strong></span> <span class='ocrx_word' id='word_1_938' title='bbox 2654 4934 2755 5001; x_wconf 47' lang='grc' dir='ltr'><strong>γᾴρ.</strong></span> <span class='ocrx_word' id='word_1_939' title='bbox 2772 4933 2820 4981; x_wconf 76' lang='grc' dir='ltr'>ἐν</span> <span class='ocrx_word' id='word_1_940' title='bbox 2844 4935 2970 4989; x_wconf 79' lang='grc' dir='ltr'>τάξει</span> <span class='ocrx_word' id='word_1_941' title='bbox 2996 4935 3112 5001; x_wconf 74' lang='grc' dir='ltr'><strong>ἀρᾶς</strong></span> <span class='ocrx_word' id='word_1_942' title='bbox 3136 4928 3396 5001; x_wconf 38' lang='lat' dir='ltr'><strong>«pose-reid</strong></span> <span class='ocrx_word' id='word_1_943' title='bbox 3421 4941 3479 4990; x_wconf 85' lang='grc' dir='ltr'><strong>τὸ</strong></span> 
     </span>
    </p>
   </div>
   <div class='ocr_carea' id='block_1_122' title="bbox 1902 4988 3477 5055">
    <p class='ocr_par' dir='ltr' id='par_1_122' title="bbox 1902 4988 3477 5055">
     <span class='ocr_line' id='line_1_124' title="bbox 1902 4988 3477 5055; baseline 0.009 -17"><span class='ocrx_word' id='word_1_944' title='bbox 1902 4988 2155 5053; x_wconf 75' lang='grc' dir='ltr'><strong>λεγόμενον</strong></span> <span class='ocrx_word' id='word_1_945' title='bbox 2175 4988 2250 5049; x_wconf 61' lang='lat' dir='ltr'><strong>iv.</strong></span> <span class='ocrx_word' id='word_1_946' title='bbox 2277 4988 2397 5052; x_wconf 60' lang='lat' dir='ltr'><strong>Quae</strong></span> <span class='ocrx_word' id='word_1_947' title='bbox 2424 4988 2674 5054; x_wconf 60' lang='lat' dir='ltr'><strong>ipslssima&#39;</strong></span> <span class='ocrx_word' id='word_1_948' title='bbox 2708 4988 2788 5043; x_wconf 81' lang='lat' dir='ltr'><strong>hic</strong></span> <span class='ocrx_word' id='word_1_949' title='bbox 2812 4988 3011 5055; x_wconf 84' lang='lat' dir='ltr'><strong>quoque</strong></span> <span class='ocrx_word' id='word_1_950' title='bbox 3032 4988 3290 5048; x_wconf 51' lang='lat' dir='ltr'><strong>habentu&#39;nr&#39;</strong></span> <span class='ocrx_word' id='word_1_951' title='bbox 3308 4988 3477 5052; x_wconf 47' lang='lat' dir='ltr'><strong>{unde</strong></span> 
     </span>
    </p>
   </div>
   <div class='ocr_carea' id='block_1_123' title="bbox 1900 5056 3484 5122">
    <p class='ocr_par' dir='ltr' id='par_1_123' title="bbox 1900 5056 3484 5122">
     <span class='ocr_line' id='line_1_125' title="bbox 1900 5056 3484 5122; baseline 0.008 -22"><span class='ocrx_word' id='word_1_952' title='bbox 1900 5056 2091 5122; x_wconf 76' lang='lat' dir='ltr'><strong>probari</strong></span> <span class='ocrx_word' id='word_1_953' title='bbox 2112 5056 2435 5122; x_wconf 72' lang='lat' dir='ltr'><strong>videaturhoc</strong></span> <span class='ocrx_word' id='word_1_954' title='bbox 2456 5056 2912 5122; x_wconf 67' lang='lat' dir='ltr'><strong>opustlbrysostomi</strong></span> <span class='ocrx_word' id='word_1_955' title='bbox 2930 5068 3067 5122; x_wconf 55' lang='lat' dir='ltr'><strong>esse.</strong></span> <span class='ocrx_word' id='word_1_956' title='bbox 3079 5064 3174 5122; x_wconf 62' lang='lat' dir='ltr'><strong>hoc</strong></span> <span class='ocrx_word' id='word_1_957' title='bbox 3196 5060 3351 5122; x_wconf 85' lang='lat' dir='ltr'><strong>ipsum</strong></span> <span class='ocrx_word' id='word_1_958' title='bbox 3368 5076 3484 5112; x_wconf 87' lang='lat' dir='ltr'><strong>vero</strong></span> 
     </span>
    </p>
   </div>
   <div class='ocr_carea' id='block_1_124' title="bbox 1898 5112 3484 5185">
    <p class='ocr_par' dir='ltr' id='par_1_124' title="bbox 1898 5112 3484 5185">
     <span class='ocr_line' id='line_1_126' title="bbox 1898 5112 3484 5185; baseline 0.008 -22"><span class='ocrx_word' id='word_1_959' title='bbox 1898 5112 1965 5185; x_wconf 75' lang='lat' dir='ltr'><strong>de</strong></span> <span class='ocrx_word' id='word_1_960' title='bbox 1998 5116 2269 5164; x_wconf 85' lang='lat' dir='ltr'><strong>Gabaonitis</strong></span> <span class='ocrx_word' id='word_1_961' title='bbox 2303 5116 2373 5163; x_wconf 87' lang='lat' dir='ltr'><strong>ait</strong></span> <span class='ocrx_word' id='word_1_962' title='bbox 2404 5112 2551 5164; x_wconf 83' lang='lat' dir='ltr'><strong>etiam</strong></span> <span class='ocrx_word' id='word_1_963' title='bbox 2583 5112 2704 5164; x_wconf 79' lang='lat' dir='ltr'><strong>infra</strong></span> <span class='ocrx_word' id='word_1_964' title='bbox 2741 5115 2790 5164; x_wconf 89' lang='lat' dir='ltr'><strong>in</strong></span> <span class='ocrx_word' id='word_1_965' title='bbox 2823 5117 3018 5181; x_wconf 77' lang='lat' dir='ltr'><strong>Syuopsi</strong></span> <span class='ocrx_word' id='word_1_966' title='bbox 3053 5116 3163 5170; x_wconf 86' lang='lat' dir='ltr'><strong>libri</strong></span> <span class='ocrx_word' id='word_1_967' title='bbox 3194 5112 3338 5185; x_wconf 66' lang='lat' dir='ltr'><strong>J&#39;esu,</strong></span> <span class='ocrx_word' id='word_1_968' title='bbox 3377 5126 3484 5175; x_wconf 82' lang='lat' dir='ltr'><strong>sive</strong></span> 
     </span>
    </p>
   </div>
   <div class='ocr_carea' id='block_1_125' title="bbox 1898 5181 2063 5225">
    <p class='ocr_par' dir='ltr' id='par_1_125' title="bbox 1898 5181 2063 5225">
     <span class='ocr_line' id='line_1_127' title="bbox 1898 5181 2063 5225; baseline 0 0"><span class='ocrx_word' id='word_1_969' title='bbox 1898 5181 2063 5225; x_wconf 83' lang='lat' dir='ltr'><strong>Josue.</strong></span> 
     </span>
    </p>
   </div>
   <div class='ocr_carea' id='block_1_126' title="bbox 1909 5276 3488 5353">
    <p class='ocr_par' dir='ltr' id='par_1_126' title="bbox 1909 5276 3488 5353">
     <span class='ocr_line' id='line_1_128' title="bbox 1909 5276 3488 5353; baseline 0.009 -27"><span class='ocrx_word' id='word_1_970' title='bbox 1909 5278 2000 5353; x_wconf 47' lang='grc' dir='ltr'><strong>τῇ)</strong></span> <span class='ocrx_word' id='word_1_971' title='bbox 2028 5276 2250 5353; x_wconf 67' lang='grc' dir='ltr'><strong>Ἰεοᾴννου</strong></span> <span class='ocrx_word' id='word_1_972' title='bbox 2270 5279 2413 5353; x_wconf 48' lang='grc' dir='ltr'><strong>πάλιν</strong></span> <span class='ocrx_word' id='word_1_973' title='bbox 2440 5280 2560 5353; x_wconf 56' lang='grc' dir='ltr'>τινὲς</span> <span class='ocrx_word' id='word_1_974' title='bbox 2590 5281 2673 5344; x_wconf 73' lang='grc' dir='ltr'><strong>μὲν</strong></span> <span class='ocrx_word' id='word_1_975' title='bbox 2703 5282 3015 5353; x_wconf 55' lang='grc' dir='ltr'><strong>ζγξιρίνουσιν,</strong></span> <span class='ocrx_word' id='word_1_976' title='bbox 3049 5290 3094 5337; x_wconf 78' lang='lat' dir='ltr'><strong>oi</strong></span> <span class='ocrx_word' id='word_1_977' title='bbox 3134 5288 3325 5353; x_wconf 70' lang='grc' dir='ltr'><strong>πλείω(</strong></span> <span class='ocrx_word' id='word_1_978' title='bbox 3353 5291 3409 5340; x_wconf 73' lang='grc' dir='ltr'><strong>δέ</strong></span> <span class='ocrx_word' id='word_1_979' title='bbox 3434 5307 3488 5353; x_wconf 70' lang='grc' dir='ltr'><strong>γι</strong></span> 
     </span>
    </p>
   </div>
   <div class='ocr_carea' id='block_1_127' title="bbox 1910 5340 3484 5414">
    <p class='ocr_par' dir='ltr' id='par_1_127' title="bbox 1910 5340 3484 5414">
     <span class='ocr_line' id='line_1_129' title="bbox 1910 5340 3484 5414; baseline 0.01 -28"><span class='ocrx_word' id='word_1_980' title='bbox 1910 5341 2045 5414; x_wconf 54' lang='grc' dir='ltr'><strong>χέθον</strong></span> <span class='ocrx_word' id='word_1_981' title='bbox 2062 5340 2480 5414; x_wconf 49' lang='grc' dir='ltr'><strong>λέγουσμχθτυηι</strong></span> <span class='ocrx_word' id='word_1_982' title='bbox 2511 5340 2600 5392; x_wconf 83' lang='lat' dir='ltr'><strong>hic</strong></span> <span class='ocrx_word' id='word_1_983' title='bbox 2623 5340 2835 5414; x_wconf 74' lang='lat' dir='ltr'><strong>scriptor</strong></span> <span class='ocrx_word' id='word_1_984' title='bbox 2859 5358 2968 5414; x_wconf 80' lang='lat' dir='ltr'><strong>non</strong></span> <span class='ocrx_word' id='word_1_985' title='bbox 2988 5340 3228 5414; x_wconf 77' lang='lat' dir='ltr'><strong>accurate</strong></span> <span class='ocrx_word' id='word_1_986' title='bbox 3250 5340 3484 5414; x_wconf 64' lang='lat' dir='ltr'><strong>lotiuitui&#39;.</strong></span> 
     </span>
    </p>
   </div>
   <div class='ocr_carea' id='block_1_128' title="bbox 1912 5400 3490 5469">
    <p class='ocr_par' dir='ltr' id='par_1_128' title="bbox 1912 5400 3490 5469">
     <span class='ocr_line' id='line_1_130' title="bbox 1912 5400 3490 5469; baseline 0.008 -22"><span class='ocrx_word' id='word_1_987' title='bbox 1912 5400 2033 5449; x_wconf 80' lang='lat' dir='ltr'><strong>Nam</strong></span> <span class='ocrx_word' id='word_1_988' title='bbox 2062 5400 2566 5469; x_wconf 54' lang='lat' dir='ltr'><strong>Patrntnﬂrgewrum</strong></span> <span class='ocrx_word' id='word_1_989' title='bbox 2591 5400 2865 5469; x_wconf 71' lang='lat' dir='ltr'><strong>principes,</strong></span> <span class='ocrx_word' id='word_1_990' title='bbox 2889 5408 3186 5461; x_wconf 67' lang='lat' dir='ltr'><strong>Athanasius</strong></span> <span class='ocrx_word' id='word_1_991' title='bbox 3214 5410 3265 5460; x_wconf 89' lang='lat' dir='ltr'><strong>in</strong></span> <span class='ocrx_word' id='word_1_992' title='bbox 3294 5400 3490 5461; x_wconf 47' lang='lat' dir='ltr'><strong>llanoue</strong></span> 
     </span>
    </p>
   </div>
   <div class='ocr_carea' id='block_1_129' title="bbox 1911 5461 3492 5593">
    <p class='ocr_par' dir='ltr' id='par_1_129' title="bbox 1911 5461 3492 5593">
     <span class='ocr_line' id='line_1_131' title="bbox 1911 5461 3492 5535; baseline 0.006 -24"><span class='ocrx_word' id='word_1_993' title='bbox 1911 5474 2005 5511; x_wconf 89' lang='lat' dir='ltr'><strong>suo</strong></span> <span class='ocrx_word' id='word_1_994' title='bbox 2029 5474 2077 5523; x_wconf 92' lang='lat' dir='ltr'><strong>p.</strong></span> <span class='ocrx_word' id='word_1_995' title='bbox 2105 5461 2218 5520; x_wconf 71' lang='lat'><strong>962,</strong></span> <span class='ocrx_word' id='word_1_996' title='bbox 2243 5462 2471 5522; x_wconf 79' lang='lat' dir='ltr'><strong>Basilius,</strong></span> <span class='ocrx_word' id='word_1_997' title='bbox 2506 5461 2774 5529; x_wconf 66' lang='lat' dir='ltr'><strong>Gregorius</strong></span> <span class='ocrx_word' id='word_1_998' title='bbox 2804 5461 2939 5527; x_wconf 81' lang='lat' dir='ltr'><strong>Naz.,</strong></span> <span class='ocrx_word' id='word_1_999' title='bbox 2964 5472 3267 5535; x_wconf 84' lang='lat' dir='ltr'><strong>insuperque</strong></span> <span class='ocrx_word' id='word_1_1000' title='bbox 3302 5471 3492 5533; x_wconf 83' lang='lat' dir='ltr'><strong>Hippo-</strong></span> 
     </span>
     <span class='ocr_line' id='line_1_132' title="bbox 1912 5523 3489 5593; baseline 0.007 -21"><span class='ocrx_word' id='word_1_1001' title='bbox 1912 5523 2048 5593; x_wconf 60' lang='lat' dir='ltr'><strong>lytus</strong></span> <span class='ocrx_word' id='word_1_1002' title='bbox 2072 5524 2530 5593; x_wconf 80' lang='lat' dir='ltr'><strong>alqu_e_Methodius</strong></span> <span class='ocrx_word' id='word_1_1003' title='bbox 2561 5536 2733 5578; x_wconf 86' lang='lat' dir='ltr'><strong>auctor</strong></span> <span class='ocrx_word' id='word_1_1004' title='bbox 2763 5529 3047 5593; x_wconf 70' lang='lat' dir='ltr'><strong>Synopseos</strong></span> <span class='ocrx_word' id='word_1_1005' title='bbox 3076 5537 3208 5581; x_wconf 80' lang='lat' dir='ltr'><strong>inter</strong></span> <span class='ocrx_word' id='word_1_1006' title='bbox 3235 5530 3489 5583; x_wconf 72' lang='lat' dir='ltr'><strong>Athanasii</strong></span> 
     </span>
    </p>
   </div>
   <div class='ocr_carea' id='block_1_130' title="bbox 1911 5583 3490 5655">
    <p class='ocr_par' dir='ltr' id='par_1_130' title="bbox 1911 5583 3490 5655">
     <span class='ocr_line' id='line_1_133' title="bbox 1911 5583 3490 5655; baseline 0.009 -25"><span class='ocrx_word' id='word_1_1007' title='bbox 1911 5583 2105 5655; x_wconf 78' lang='lat' dir='ltr'><strong>ppera,</strong></span> <span class='ocrx_word' id='word_1_1008' title='bbox 2131 5583 2196 5655; x_wconf 62' lang='lat' dir='ltr'><strong>ad</strong></span> <span class='ocrx_word' id='word_1_1009' title='bbox 2237 5586 2342 5655; x_wconf 63' lang='lat' dir='ltr'><strong>haec</strong></span> <span class='ocrx_word' id='word_1_1010' title='bbox 2363 5594 2531 5637; x_wconf 86' lang='lat' dir='ltr'><strong>autem</strong></span> <span class='ocrx_word' id='word_1_1011' title='bbox 2566 5597 2665 5655; x_wconf 60' lang='lat' dir='ltr'><strong>to};</strong></span> <span class='ocrx_word' id='word_1_1012' title='bbox 2696 5583 2864 5640; x_wconf 46' lang='lat' dir='ltr'><strong>Latina</strong></span> <span class='ocrx_word' id='word_1_1013' title='bbox 2890 5583 3113 5655; x_wconf 70' lang='lat' dir='ltr'><strong>Ecclesia</strong></span> <span class='ocrx_word' id='word_1_1014' title='bbox 3138 5599 3171 5642; x_wconf 72' lang='grc' dir='ltr'><em>Α</em></span> <span class='ocrx_word' id='word_1_1015' title='bbox 3183 5593 3490 5655; x_wconf 71' lang='lat' dir='ltr'><strong>pocalypsim</strong></span> 
     </span>
    </p>
   </div>
   <div class='ocr_carea' id='block_1_131' title="bbox 1915 5647 3488 5716">
    <p class='ocr_par' dir='ltr' id='par_1_131' title="bbox 1915 5647 3488 5716">
     <span class='ocr_line' id='line_1_134' title="bbox 1915 5647 3488 5716; baseline 0.006 -21"><span class='ocrx_word' id='word_1_1016' title='bbox 1915 5648 2046 5716; x_wconf 77' lang='lat' dir='ltr'><strong>inter</strong></span> <span class='ocrx_word' id='word_1_1017' title='bbox 2064 5647 2532 5716; x_wconf 80' lang='lat' dir='ltr'><strong>authentica_op_era</strong></span> <span class='ocrx_word' id='word_1_1018' title='bbox 2563 5651 2883 5716; x_wconf 76' lang='lat' dir='ltr'><strong>admiserunt.</strong></span> <span class='ocrx_word' id='word_1_1019' title='bbox 2910 5647 3255 5716; x_wconf 69' lang='lat' dir='ltr'><strong>Quamobrem</strong></span> <span class='ocrx_word' id='word_1_1020' title='bbox 3263 5647 3375 5715; x_wconf 79' lang='lat' dir='ltr'><strong>jure</strong></span> <span class='ocrx_word' id='word_1_1021' title='bbox 3404 5658 3488 5705; x_wconf 86' lang='lat' dir='ltr'><strong>illa</strong></span> 
     </span>
    </p>
   </div>
   <div class='ocr_carea' id='block_1_132' title="bbox 1912 5709 3487 5779">
    <p class='ocr_par' dir='ltr' id='par_1_132' title="bbox 1912 5709 3487 5779">
     <span class='ocr_line' id='line_1_135' title="bbox 1912 5709 3487 5779; baseline 0.008 -23"><span class='ocrx_word' id='word_1_1022' title='bbox 1912 5709 2050 5757; x_wconf 89' lang='lat' dir='ltr'><strong>inter</strong></span> <span class='ocrx_word' id='word_1_1023' title='bbox 2068 5709 2641 5779; x_wconf 35' lang='lat' dir='ltr'><strong>eaIronieasﬁc’ripturas</strong></span> <span class='ocrx_word' id='word_1_1024' title='bbox 2661 5714 2820 5779; x_wconf 81' lang='lat' dir='ltr'><strong>locum</strong></span> <span class='ocrx_word' id='word_1_1025' title='bbox 2848 5709 3161 5779; x_wconf 37' lang='lat' dir='ltr'><strong>hab‘QnVide</strong></span> <span class='ocrx_word' id='word_1_1026' title='bbox 3184 5709 3487 5767; x_wconf 55' lang='lat' dir='ltr'><strong>OEEumcuii</strong></span> 
     </span>
    </p>
   </div>
   <div class='ocr_carea' id='block_1_133' title="bbox 1911 5771 3054 5838">
    <p class='ocr_par' dir='ltr' id='par_1_133' title="bbox 1911 5771 3054 5838">
     <span class='ocr_line' id='line_1_136' title="bbox 1911 5771 3054 5838; baseline 0.006 -20"><span class='ocrx_word' id='word_1_1027' title='bbox 1911 5778 2202 5833; x_wconf 72' lang='lat' dir='ltr'><strong>opusculum</strong></span> <span class='ocrx_word' id='word_1_1028' title='bbox 2225 5771 2274 5821; x_wconf 87' lang='lat' dir='ltr'><strong>iu</strong></span> <span class='ocrx_word' id='word_1_1029' title='bbox 2302 5771 2535 5825; x_wconf 82' lang='lat' dir='ltr'><strong>Bibiiotb.</strong></span> <span class='ocrx_word' id='word_1_1030' title='bbox 2560 5773 2852 5825; x_wconf 81' lang='lat' dir='ltr'><strong>Coisiiniana</strong></span> <span class='ocrx_word' id='word_1_1031' title='bbox 2873 5789 2920 5838; x_wconf 87' lang='lat' dir='ltr'><strong>p.</strong></span> <span class='ocrx_word' id='word_1_1032' title='bbox 2948 5776 3054 5825; x_wconf 72' lang='lat'><strong>278.</strong></span> 
     </span>
    </p>
   </div>
  </div>
