3966 6192
473 274 580 332 519

461 404 584 444 cum
609 389 815 460 integra
836 402 930 443 sua
954 387 1200 451 dialecto.
1219 403 1338 457 qua:
1369 388 1436 442 ab
1453 388 1545 445 illo
1565 388 2062 444 denominationem-

465 483 655 536 sortita
686 483 775 536 sit.
820 481 951 535 Nam
983 496 1102 535 cum
1130 481 1219 534 ille
1243 479 1420 536 lleber
1451 489 1732 536 vocaretur
1751 523 1765 546 ,
1799 480 1914 535 hmc
1944 482 2053 535 lle-

460 571 644 626 braica
673 571 935 641 appellata
961 579 1043 626 est
1069 570 1145 640 (a)
1180 583 1194 622 :
1221 569 1361 640 quod
1403 571 1610 640 signum
1645 579 1727 625 est
1760 560 2050 625 maximum

461 661 782 716 ﬂebraieam
824 677 946 716 esse
984 661 1222 714 omnium
1271 661 1566 731 linguarum
1607 661 2051 730 antiquissimam.

464 754 758 820 Antequam
791 752 933 806 enim
975 751 1432 806 confunderentur
1460 751 1653 822 linguae
1678 795 1691 816 ,
1723 754 1821 807 hac
1865 767 2053 807 omnes

461 844 764 897 utebantur.
787 843 878 896 Est
917 852 1097 897 autem
1123 843 1212 897 hic
1237 843 1411 897 lleber
1455 845 1594 898 inter
1615 844 1846 912 majores
1877 845 2050 898 Abra-

460 932 565 988 h:e.
587 934 821 987 Assumit
843 933 1017 988 'l‘hara
1046 943 1195 1002 pater
1217 933 1471 1000 Abrahaa,
1494 933 1629 988 ﬁlios
1646 949 1770 988 suos
1787 934 2054 988 Abraham

460 1033 515 1078 et
540 1023 752 1078 Nachor
777 1021 927 1095 (b),rt
951 1033 1197 1093 nepotem
1230 1040 1383 1078 suum
1405 1024 1524 1090 Lot,
1553 1035 1606 1078 et
1629 1025 1771 1078 venit
1796 1026 1848 1079 in
1883 1023 2054 1079 Char-

465 1132 561 1170 ran
584 1158 598 1181 ,
633 1116 684 1170 in
728 1117 907 1168 animo
933 1117 1135 1170 habens
1166 1115 1288 1170 inde
1313 1117 1574 1184 proficisci
1607 1118 1657 1169 in
1693 1125 1884 1170 terram
1913 1116 2054 1170 Cha-

464 1222 793 1260 nana‘orum.
842 1205 1047 1276 Illoque
1087 1215 1297 1261 mortuo
1345 1208 1396 1260 in
1449 1207 1720 1270 Gharran,
1767 1207 1982 1276 jubetur
2023 1223 2052 1260 a

469 1296 580 1350 Deo
611 1296 878 1349 Abraham
912 1298 1290 1366 transmigrarc
1335 1314 1398 1350 ex
1439 1297 1701 1364 Charran,
1730 1308 1784 1353 ct
1809 1301 1954 1354 venit
1998 1300 2051 1352 in

467 1386 694 1456 Sycbem
722 1387 772 1439 in
795 1395 941 1439 terra
983 1387 1254 1441 Chanaan.
1291 1387 1358 1441 Et
1385 1388 1518 1442 dixit
1558 1389 1608 1443 ei
1657 1389 1814 1452 Dens,
1863 1389 2052 1444 semini

470 1478 589 1544 ejus
617 1491 676 1530 se
701 1476 946 1530 daturum
971 1486 1171 1531 terram
1199 1479 1359 1532 illam.
1391 1478 1458 1533 Et
1483 1479 1761 1534 aediﬁcavit
1789 1480 2054 1534 Abraham

470 1567 639 1620 altare
672 1567 800 1631 Deo,
831 1578 884 1620 et
910 1567 1029 1621 ﬁxit
1053 1568 1449 1623 tabernaculum
1477 1585 1629 1623 suum
1661 1585 1848 1624 versus
1885 1586 2053 1626 mare.

470 1656 602 1710 Cum
640 1655 809 1711 fames
855 1667 1030 1711 autem
1076 1667 1239 1725 esset,
1289 1658 1622 1714 descendens
1668 1661 1719 1714 in
1769 1660 2056 1732 Egyptum

468 1748 725 1816 prrecepit
751 1747 902 1803 uxori
944 1758 1140 1818 suae,nt
1167 1749 1369 1804 diceret
1407 1767 1466 1805 se
1505 1767 1740 1807 sororem
1768 1754 1884 1824 ejus
1915 1769 2054 1810 esse.

470 1838 602 1892 Cum
652 1855 812 1908 porro
851 1841 1154 1895 sustulisset
1185 1857 1303 1896 eam
1331 1844 1561 1907 Pharao,
1589 1856 1644 1900 et
1675 1846 1768 1900 Dei
1801 1848 2055 1902 ultionem

469 1939 722 1999 expertus
760 1942 922 1996 esset,
954 1932 1185 1987 reddidit
1228 1935 1372 1988 illam
1413 1936 1661 1990 A'biahze.
1709 1937 2058 2007 Litigantibus

469 2022 696 2077 invicem
739 2024 1044 2093 pastoribus
1088 2025 1314 2078 Abraha:
1341 2036 1396 2081 et
1423 2027 1538 2081 Loti
1562 2069 1577 2094 ,
1608 2028 1706 2098 ipsi
1736 2029 2060 2086 habitatione

468 2112 699 2181 separati
757 2122 900 2167 sunt.
941 2115 1054 2168 ’L-ot
1105 2117 1309 2185 accepit
1355 2116 1753 2172 Sodomitarum
1815 2128 2058 2175 terram:

470 2203 742 2258 A‘brabam
774 2221 902 2260 vero
929 2205 993 2260 ad
1031 2222 1284 2276 quercum
1328 2208 1564 2264 Mambre
1595 2211 1884 2277 habitavit,
1932 2228 2060 2283 pro-

471 2293 864 2365 missionesque
884 2312 1096 2351 rursum
1123 2313 1152 2351 a
1185 2299 1292 2353 Deo
1317 2301 1542 2370 accepit,
1570 2302 1684 2371 ejus
1711 2318 1893 2358 semen
1923 2306 2062 2360 mul-

469 2384 696 2440 titudine
723 2387 1119 2457 propagandum
1146 2404 1287 2454 esse.
1325 2399 1380 2446 et
1407 2391 1549 2445 illam
1593 2401 1790 2448 terram
1843 2410 2059 2465 posses-

471 2489 676 2531 snrum.
706 2478 1172 2549 Chodollagomor,
1201 2482 1322 2551 quia
1344 2482 1411 2536 ab
1433 2483 1550 2552 ipso
1573 2483 1882 2540 defecerant
1905 2487 2064 2556 quin-

470 2582 576 2637 que
600 2583 753 2639 reges
774 2570 1118 2626 Sodomiticae
1137 2581 1318 2638 terrm,
1334 2576 1426 2644 qui
1451 2575 1550 2644 ipsi
1577 2577 1720 2646 prius
1742 2579 2057 2644 servierant,

472 2661 760 2729 assumptis
807 2676 986 2714 secum
1038 2663 1207 2718 tribus
1252 2664 1369 2718 aliis
1412 2667 1660 2737 regibus,
1693 2669 1890 2725 bellum
1930 2672 2060 2742 ipsis

472 2747 672 2815 intulit,
705 2766 904 2821 eosque
939 2753 989 2805 in
1022 2753 1195 2822 fugam
1222 2769 1408 2810 versos
1448 2758 1686 2826 captivos
1711 2760 1963 2830 abduxit;
2005 2763 2057 2818 in

471 2838 666 2907 quibus
700 2849 817 2894 erat
842 2840 1000 2895 etiam
1031 2841 1151 2896 Lot.
1208 2844 1300 2898 llis
1342 2846 1538 2900 auditis
1580 2849 1884 2916 Abraham,
1937 2868 2058 2908 cum

471 2929 774 2984 vernaculis
824 2932 934 2984 suis
963 2933 1214 2997 trecentis
1239 2934 1559 3001 octodecim,
1581 2939 1698 2992 illos
1725 2939 2055 3011 insequuttts,

473 3018 666 3087 eripuit
690 3018 870 3075 fratris
919 3021 1083 3076 lilium
1113 3037 1233 3077 cum
1272 3026 1509 3094 equitatu
1535 3037 1589 3080 et
1631 3029 1977 3098 mulieribus;
2005 3041 2060 3088 et

470 3109 859 3167 Melchisedeco
910 3128 970 3167 se
1005 3113 1340 3170 bcnedieenti
1380 3126 1434 3171 et
1468 3117 1711 3174 aﬁ‘erenti
1770 3136 1958 3191 panem
2007 3133 2061 3178 et

470 3208 690 3272 vinum,
733 3207 967 3262 decimas
1011 3208 1178 3264 dedit.
1223 3209 1344 3265 Ideo
1381 3211 1454 3265 ait
1517 3213 1712 3268 Paulus
1743 3213 1813 3285 (ε)
1854 3217 1902 3268 1η
1943 3218 2056 3285 epi-

471 3296 604 3350 stola
622 3296 685 3349 ad
716 3297 976 3353 llebrteos
995 3316 1008 3352 :
1024 3297 1091 3352 Et
1113 3299 1228 3353 Levi
1255 3301 1340 3370 qui
1369 3300 1589 3357 decimas
1615 3305 1826 3374 accepit,
1850 3306 2060 3360 decima-

473 3397 555 3441 ειη
590 3398 664 3441 est
687 3387 870 3459 (Hebr.
901 3391 952 3443 7.
978 3390 1055 3460 9).
1076 3391 1206 3460 Regi
1234 3391 1586 3448 Sodomorum
1606 3399 1806 3465 roganti
1830 3405 1885 3450 ut
1907 3399 2058 3466 equi-

469 3489 637 3533 tatum
666 3481 932 3550 acciperet
982 3497 1088 3535 non
1137 3484 1323 3537 annuit
1355 3503 1368 3536 :
1400 3483 1481 3538 Nc
1514 3486 1673 3552 dicas,
1707 3487 1913 3556 inquit,
1947 3487 2058 3560 Ego

470 3570 626 3623 ditavi
649 3569 922 3624 Abraham.
941 3573 959 3640 (
979 3570 1200 3626 GenJ/l.
1227 3573 1352 3642 25).
1381 3573 1529 3629 Tunc
1559 3576 1670 3630 Deo
1700 3577 1800 3646 ipsi
1823 3579 2056 3645 dicente,

471 3662 666 3716 Merces
695 3672 783 3717 tua
818 3680 1002 3734 magna
1035 3663 1309 3737 erit(Gen.
1335 3667 1421 3721 l5.
1455 3668 1480 3721 l
1510 3668 1550 3738 ),
1595 3668 1820 3723 ﬁliorum
1861 3671 2058 3725 orbita-

469 3761 577 3807 tem
625 3753 872 3824 deplorat
914 3770 927 3806 :
971 3768 1287 3825 rursumque
1335 3755 1504 3824 audit,
1554 3773 1679 3812 eum
1721 3760 1808 3829 qui
1861 3775 1922 3814 ex
1964 3761 2057 3816 illo

460 3857 783 3912 egressurus
832 3853 967 3908 erat,
1001 3844 1118 3914 ejus
1160 3845 1509 3902 hereditatem
1537 3859 1876 3918 accepturum
1913 3866 2049 3916 esse,

470 3944 526 3988 et
565 3949 747 3988 semen
784 3934 902 4002 ejus
944 3933 1176 3988 futurum
1207 3935 1342 3990 sicut
1381 3937 1562 3992 stellas
1605 3939 1740 3993 caeli.
1795 3939 1890 3995 Hic
1911 3941 2055 4010 jacet

467 4023 597 4079 illud
625 4043 638 4078 :
671 4025 896 4078 Credidit
936 4025 1194 4078 Abraham
1223 4025 1361 4093 Deo,
1391 4037 1437 4082 et
1481 4039 1768 4098 reputatum
1796 4040 1865 4084 est
1891 4032 1964 4085 illi
1985 4032 2054 4085 ad

465 4119 708 4180 iustitiam
742 4115 910 4187 (Gen.
965 4118 1052 4172 15.
1099 4118 1194 4188 6).
1242 4118 1517 4174 Sectiones
1541 4119 1618 4190 (ά)
1648 4120 1786 4185 facit,
1819 4132 1871 4176 et
1897 4121 2053 4178 discit

466 4209 798 4277 peregrinum
836 4207 1068 4262 futurum
1099 4223 1218 4263 esse
1249 4223 1429 4264 semen
1451 4225 1622 4275 suum,
1647 4221 1699 4265 et
1723 4221 1902 4281 postea
1930 4213 2052 4268 libe-

464 4298 686 4350 randum
718 4296 832 4350 fore
860 4307 1139 4367 postquam
1161 4297 1470 4370 depressum
1500 4298 1654 4354 fuerit
1682 4317 1777 4371 per
1799 4303 2049 4372 quadrin-

462 4398 648 4456 gentos
677 4403 864 4442 annos.
894 4389 1022 4443 Sara
1052 4398 1230 4444 autem
1261 4390 1382 4458 quia
1412 4390 1608 4444 sterilis
1633 4400 1766 4455 erat,
1792 4391 1884 4446 dat
1905 4395 2046 4463 Aga-

464 4493 579 4531 rem
623 4477 956 4541 Abrahamo,
989 4487 1050 4532 ut
1099 4479 1294 4534 liberos
1333 4481 1626 4549 susciperet
1666 4495 1730 4534 ex
1775 4481 1884 4537 illa.
1915 4481 2046 4537 Cum

461 4576 637 4636 autem
661 4567 774 4621 haec
804 4579 1009 4621 uterum
1031 4576 1284 4636 gestaret,
1314 4578 1497 4622 contra
1537 4567 1718 4622 heram
1747 4584 1895 4626 suam
1925 4588 2048 4630 sese

461 4632 649 4713 θυι]ιῆ
687 4676 699 4711 :
733 4657 996 4727 traditque
1035 4632 1180 4710 illam
1237 4659 1384 4712 Same
1431 4657 1735 4725 Abraham,
1768 4671 1824 4713 ut
1860 4673 2047 4716 contu-

461 4749 676 4804 meliam
712 4749 1077 4804 ulcisceretur.
1101 4746 1190 4800 llla
1216 4761 1346 4800 vero
1365 4745 1432 4800 ab
1459 4745 1582 4800 hera
1607 4763 1699 4801 sua
1730 4752 1868 4805 male
1893 4768 2046 4807 accc-

470 4847 579 4908 pta,
619 4855 648 4892 a
689 4839 849 4893 domo
874 4837 1094 4907 aufugit,
1122 4837 1190 4890 ab
1214 4836 1509 4906 angeloque
1542 4837 1761 4906 jubetur
1786 4841 1849 4895 ad
1877 4843 2045 4897 domi-

521 4969 595 5032 (a)
630 4978 725 5020 ttoc
748 4973 904 5033 ipsum
929 4972 992 5021 de
1017 4971 1226 5026 ttcbero,
1258 4970 1350 5020 etsi
1373 4969 1590 5029 brevius,
1633 4969 1747 5020 dicit
1782 4971 1950 5021 ttomil.
1985 4975 2046 5024 ω

457 5033 505 5080 in
527 5040 726 5090 t:encs.,
749 5041 880 5081 't‘otn.
907 5033 986 5092 ιν,
1015 5033 1108 5082 col;
1136 5033 1242 5081 279.

530 5092 602 5154 (b)
638 5092 691 5140 lu
731 5095 948 5152 Hebraeo,
985 5096 1031 5142 in
1064 5095 1288 5156 Vulgata,
1330 5100 1379 5142 et
1420 5093 1469 5141 in
1501 5093 1716 5142 Editione
1740 5101 1846 5142 LXX
1870 5095 2044 5146 dicitur

464 5153 619 5202 't‘ltar’e
643 5167 812 5203 secum
834 5157 1148 5214 assumpsisse
1164 5153 1353 5204 'Abram
1376 5162 1428 5204 et
1450 5161 1634 5213 Lotum,
1662 5169 1756 5203 non
1776 5163 1937 5205 autem
1962 5165 2045 5207 Na-

455 5215 668 5288 ehorcm:
683 5216 772 5262 Sed
906 5214 1112 5288 lectlo_in
1135 5216 1402 5288 caemplari
1418 5215 1878 5288 Chrysostomihaud
1891 5219 2044 5288 dubie

455 5277 743 5332 habebatur,
767 5284 824 5324 ut
843 5277 1007 5342 videas
1030 5277 1195 5324 Homil.
1213 5279 1266 5326 51
1289 5277 1339 5326 in
1371 5277 1567 5334 Genesi,
1585 5285 1714 5342 Tom.
1731 5278 1811 5342 ιν,
1831 5279 2041 5342 οο1.282,

453 5352 513 5390 ιιι
529 5351 637 5410 ηυδε
653 5349 860 5410 captasti
876 5335 1034 5410 iam,
1053 5350 1112 5408 διαὶ
1133 5351 1194 5388 τὸν
1218 5347 1454 5410 Ῑςῆχὺροῇει
1485 5340 1667 5410 accepit
1699 5339 1853 5410 Thura
1875 5335 2044 5392 Ain-ani

451 5409 500 5465 et
522 5399 722 5456 Nachor,
749 5406 864 5456 etc.,
892 5399 1202 5465 quod_ipsum
1234 5399 1307 5448 bis
1330 5399 1450 5448 infra
1470 5399 1729 5465 repetitur.
1754 5404 1868 5452 ttinc
1901 5417 2043 5465 porro

452 5461 952 5527 Chrysostomoasscri
969 5459 1155 5527 videtur
1177 5461 1279 5509 lucc
1288 5459 1702 5527 Synopsisfhtultas
1714 5472 1875 5512 autem
1896 5459 2043 5516 fuisse

451 5525 498 5573 in
534 5522 894 5586 exemplaribus
924 5527 1030 5570 LXX
1056 5522 1327 5586 varietates
1347 5524 1662 5586 Hieronymus
1689 5532 1738 5576 et
1760 5527 1837 5573 alii
1869 5529 2042 5586 passim

451 5574 706 5653 stlirmaut'.
719 5586 886 5653 Codex
895 5597 1093 5653 quoque
1108 5584 1440 5653 Lugdunensis
1442 5574 1856 5653 tfachorelngtiam
1869 5574 2039 5653 liabet.

513 5650 580 5710 (c)
616 5648 740 5696 Vide
759 5644 930 5697 Homil.‘
952 5644 1028 5696 55—
1043 5648 1092 5710 in
1113 5644 1399 5710 Geit_._._'_rom.
1421 5644 1507 5710 Ν,Δ
1523 5646 1754 5710 ἑωΙ-ηδῆ.

510 5706 588 5768 (τί)
623 5712 872 5758 Sectioues
890 5707 1180 5757 animalium.
1205 5706 1328 5756 Vide
1347 5713 1463 5755 Gen.
1492 5707 1567 5768 15,
1596 5707 1668 5756 lO.

1185 276 1239 330 S.
1280 275 1556 331 JOANNIS
1579 275 2055 334 Cl-lRYSOSTOMl
2094 277 2406 335 ARCHIEP.
2437 277 2970 336 CONSTANTINOP‘.
3582 285 3661 360 προ

2165 406 2285 444 nam
2327 406 2477 446 suam
2519 390 2730 457 redire;
2789 394 3288 466 promissionemque
3322 403 3491 474 accipit
3519 423 3664 470 semen

2161 482 2328 550 ipsius
2383 484 2840 553 multiplicandum
2896 500 3016 541 esse
3067 504 3082 541 :
3133 503 3383 562 pueroque
3431 508 3660 572 antequam

2161 583 2478 629 nasceretur
2529 589 2720 629 nomen
2771 577 2995 645 imponit
3042 581 3294 649 angelus,
3323 585 3490 643 lsntael
3533 593 3671 662 ipsum

2161 664 2454 732 appellans.
2487 665 2699 735 Peperit
2726 673 2870 734 Agar
2896 667 3170 724 lsmaelem
3189 713 3204 736 ,
3231 681 3282 727 et
3309 675 3550 734 Abraham
3577 699 3671 741 cum

2161 755 2449 824 nonaginta
2499 771 2695 810 novem
2746 773 3006 812 annorum
3046 770 3221 823 esset.
3269 780 3446 822 nomen
3481 777 3671 829 mutavit.

2161 842 2276 897 Non
2308 845 2451 899 enim
2483 847 2621 901 ultra
2660 847 2882 915 Abram,
2925 849 3020 904 sed
3058 851 3319 908 Abraham
3369 870 3563 916 vocatus
3594 875 3672 920 est.

2160 934 2414 1007 Praecipit
2440 937 2513 992 illi
2553 940 2693 995 Deus
2719 951 2776 995 ut
2805 942 3212 999 circumeidatur
3252 961 3365 1001 cum
3395 959 3492 1006 tota
3516 954 3675 1012 domo:

2159 1045 2460 1102 nomenque
2495 1031 2641 1088 Sarze
2665 1044 2919 1100 mutatur,
2943 1047 3263 1108 vocaturque
3299 1037 3388 1094 illa
3417 1040 3550 1098 Sara.
3595 1050 3670 1102 Ac-

2160 1131 2290 1201 cipit
2330 1132 2597 1187 Abraham
2640 1133 3045 1204 promissionem
3093 1136 3230 1190 eirca
3272 1135 3509 1193 lsaacum.
3541 1145 3682 1212 Appa-

2161 1231 2242 1276 ret
2278 1224 2581 1279 Abrahamo
2618 1225 2784 1279 Filius
2833 1227 2922 1281 Dei
2967 1225 3040 1300 (a)
3079 1243 3197 1282 cum
3241 1229 3436 1285 duobus
3483 1237 3684 1305 angelis,

2159 1324 2214 1369 et
2254 1316 2328 1368 ait
2370 1316 2442 1370 illi
2478 1334 2491 1371 :
2522 1318 2762 1372 Revertar
2798 1320 2865 1372 ad
2903 1329 2950 1374 te
2987 1330 3206 1390 tempore
3241 1323 3332 1375 isto
3367 1327 3430 1376 ad
3464 1326 3686 1383 hortum

2162 1404 2357 1459 habebit
2383 1408 2546 1474 ﬁlium
2577 1408 2741 1463 Sarra
2766 1426 2895 1464 uxor
2919 1421 3005 1463 tua
3027 1412 3046 1484 (
3071 1410 3288 1468 Gen.l8.
3325 1413 3443 1486 10).
3463 1418 3686 1474 Abraham

2161 1496 2408 1551 obsecrat
2434 1499 2596 1552 Deum
2639 1515 2736 1568 pro
2774 1501 3046 1556 Sodomis.
3090 1502 3206 1556 Duo
3229 1505 3394 1574 angeli
3433 1508 3620 1562 veniunt
3637 1511 3687 1564 ad

2163 1585 2281 1640 Lot.
2326 1587 2588 1644 lnStantes
2630 1589 2920 1645 Sodomita:
2967 1594 3277 1662 perquirunt
3313 1611 3417 1659 eos,
3457 1608 3504 1652 ct
3539 1615 3692 1668 percn-

2163 1678 2364 1731 tiuntur
2391 1680 2648 1734 cmcitatc.
2680 1680 2921 1736 Abducto
2971 1693 3148 1738 autem
3198 1685 3328 1739 Loto
3373 1688 3529 1757 angeli
3567 1705 3691 1759 egre-

2162 1767 2380 1823 diuntur
2425 1769 2585 1824 domo
2614 1789 2626 1825 :
2660 1780 2713 1826 ct
2739 1772 2854 1841 ipse
2884 1773 3098 1843 quidem
3146 1790 3267 1829 cum
3322 1777 3513 1832 filiabus
3553 1782 3697 1836 salvus

2162 1862 2396 1932 confugit
2417 1863 2468 1916 in
2493 1862 2660 1934 Segor
2684 1883 2698 1919 ε
2727 1881 2861 1919 uxor
2887 1876 3060 1921 autem
3089 1868 3207 1936 ejus
3235 1868 3366 1924 facta
3393 1880 3469 1925 est
3491 1873 3690 1928 columna

2163 1952 2306 2018 salis,
2335 1953 2454 2022 quia
2483 1963 2625 2008 retro
2654 1956 2905 2024 respexit.
2934 1956 3004 2012 Ut
3028 1973 3155 2012 vero
3179 1959 3552 2016 Sodomitarum
3581 1965 3698 2034 regio

2165 2042 2377 2098 incensa
2406 2053 2486 2098 est
2505 2086 2519 2109 ,
2548 2055 2603 2100 et
2629 2046 2728 2101 Lot
2755 2048 2805 2101 in
2834 2059 3067 2104 montem
3101 2067 3158 2105 se
3202 2055 3450 2118 contulit,
3480 2070 3699 2125 concepe-

2165 2144 2289 2190 runt
2318 2152 2383 2191 ex
2416 2137 2508 2193 illo
2551 2138 2671 2193 dua:
2699 2139 2817 2194 lilia:
2843 2140 2961 2210 ejus
2987 2183 3002 2208 ,
3035 2151 3086 2197 et
3117 2144 3290 2213 major
3330 2148 3521 2217 peperit
3548 2149 3700 2212 Moab,

2159 2225 2340 2294 jnnior
2364 2241 2492 2282 vero
2533 2229 2759 2284 Ammon
2814 2249 2827 2284 :
2874 2232 3072 2286 coitum
3116 2250 3248 2290 vero
3292 2250 3409 2290 cum
3447 2245 3580 2306 patre
3619 2253 3695 2306 per

2166 2318 2437 2374 ebrietatis
2463 2319 2700 2376 fraudem
2729 2334 3072 2394 consequuta:
3101 2336 3249 2391 sunt,
3297 2331 3540 2397 putabant
3587 2331 3701 2383 enim

2164 2425 2332 2479 genus
2380 2411 2668 2469 humanum
2695 2414 2976 2471 defecisse.
3002 2417 3373 2489 Peregrinatns
3397 2432 3474 2476 est
3503 2424 3547 2475 in
3573 2423 3704 2477 (iera-

2162 2502 2240 2555 ris
2269 2502 2559 2569 Abraham,
2591 2515 2645 2560 et
2673 2506 2980 2562 Abimelech
3027 2525 3118 2563 rex
3172 2510 3490 2566 Gcrarorum
3548 2511 3704 2566 Suram

2161 2595 2402 2664 accepit:
2442 2597 2550 2651 Deo
2571 2607 2747 2653 autem
2781 2600 2954 2655 minas
2993 2601 3043 2655 in
3075 2603 3251 2671 ipsum
3283 2603 3584 2664 intentante,
3611 2618 3708 2658 sese

2161 2686 2421 2757 purgabat
2449 2687 2537 2742 ille
2561 2687 2762 2756 dicens,
2793 2701 3008 2759 putasse
3039 2694 3322 2748 mulierem
3344 2695 3478 2748 illam
3503 2709 3709 2748 sororem

2161 2777 2276 2847 ejus
2303 2793 2421 2834 esse
2450 2797 2464 2833 :
2495 2780 2572 2834 sic
2591 2782 2732 2835 enim
2756 2782 2868 2850 ipsa
2888 2782 3111 2838 dixerat.
3148 2784 3402 2840 Reddidit
3434 2801 3553 2839 vero
3593 2786 3709 2837 illam

2161 2867 2391 2923 Abrahae
2416 2884 2536 2924 cum
2567 2870 2740 2926 donis.
2769 2873 2918 2928 Tune
2964 2885 3252 2944 postquam
3306 2877 3504 2931 reddita
3550 2878 3710 2937 fuerat,

2160 2960 2366 3028 peperit
2387 2959 2638 3016 Isaacum.
2667 2962 2824 3032 Ejicit
2847 2973 3021 3018 autem
3043 2965 3208 3021 domo
3227 2967 3472 3021 ancillam
3499 2982 3606 3020 eum
3629 2967 3713 3017 tilio

2160 3049 2276 3117 ejus
2305 3047 2548 3106 lsmaele.
2578 3052 2887 3108 Abimelecb
2906 3069 3064 3126 porro
3084 3057 3422 3126 pepigiteum
3449 3057 3713 3110 Abrahamo

2164 3136 2356 3206 luadus,
2389 3151 2446 3194 ut
2475 3141 2607 3196 nihil
2627 3142 2834 3211 injuria:
2866 3144 3004 3198 inter
3032 3160 3124 3199 eos
3153 3147 3554 3202 intercederet:
3580 3156 3628 3200 et
3647 3160 3717 3198 τις.

2160 3233 2290 3302 cipit
2316 3233 2405 3289 ille
2433 3244 2636 3304 septem
2663 3250 2826 3306 agnas
2856 3237 2923 3291 ab
2949 3237 3280 3306 Abrahamo,
3311 3240 3365 3293 in
3394 3238 3715 3294 testimonium

2161 3328 2304 3397 putei
2327 3327 2632 3398 juramenti,
2667 3339 2723 3384 ut
2753 3330 2924 3400 palam
2963 3339 3108 3388 esset
3153 3332 3306 3387 illum
3337 3332 3558 3388 Abraha:
3600 3345 3716 3385 esse.

2159 3419 2382 3475 Jubetur
2409 3421 2678 3477 Abraham
2723 3423 2886 3478 ﬁlium
2909 3424 3104 3480 oﬁ'erre
3155 3426 3214 3481 in
3267 3425 3640 3487 holocaustum.
3676 3434 3718 3477 et

2160 3512 2336 3579 oll‘ert,
2370 3515 2776 3586 immolaturque
2815 3517 2954 3573 aries
2981 3533 3075 3586 pro
3101 3534 3192 3573 eo.
3239 3519 3369 3574 Haec
3408 3534 3559 3588 porro
3584 3519 3719 3586 ﬁgura

2160 3613 2312 3659 erant
2335 3607 2646 3661 oeconomia:
2671 3623 2828 3677 quam
2869 3623 2967 3679 pro
2990 3609 3150 3664 nobis
3205 3611 3607 3681 dispensatnrus
3627 3616 3720 3662 erat

2159 3694 2424 3751 Christus.
2452 3696 2672 3751 Moritur
2701 3697 2834 3753 Sara
2859 3741 2874 3764 ,
2905 3708 2959 3754 et
2983 3711 3168 3769 empto
3214 3701 3339 3756 loco
3376 3699 3632 3755 Abraham
3669 3697 3724 3751 ab

2158 3786 2411 3857 Ephronc
2436 3787 2696 3856 Chettteo,
2719 3787 2822 3842 illic
2849 3804 3068 3844 uxorem
3104 3793 3328 3861 sepelit,
3349 3792 3603 3861 mittitque
3625 3803 3722 3842 ser-

2159 3892 2301 3941 vum,
2337 3888 2394 3932 ut
2419 3893 2638 3932 uxorem
2659 3879 2815 3934 ducat
2837 3879 3016 3934 lsaaco
3037 3895 3100 3935 ex
3130 3881 3546 3955 MesOpotamia,
3573 3877 3726 3950 praeci-

2157 3968 2308 4037 piens
2333 3983 2399 4023 ne
2420 3968 2581 4022 ﬁlium
2609 3983 2765 4024 suum
2786 3968 2875 4023 illo
2896 3969 3075 4038 ducat,
3105 3972 3154 4026 si
3181 3973 3425 4028 noluerit
3449 3972 3630 4027 mulier
3647 3985 3724 4022 ve-

2155 4059 2291 4114 nire.
2326 4059 2391 4115 Ut
2417 4069 2594 4115 autem
2621 4061 2766 4114 venit
2785 4075 2972 4117 servus
2999 4062 3052 4116 in
3083 4063 3278 4118 urbem
3297 4063 3580 4127 Nachoris,
3604 4069 3653 4117 et
3667 4058 3728 4112 si-

2153 4166 2312 4222 gnum
2329 4152 2496 4222 petiit,
2510 4168 2615 4222 quo
2625 4153 2882 4223 virginem
2899 4154 3175 4224 agniturus
3187 4165 3311 4211 erat
3327 4173 3341 4209 :
3357 4157 3561 4227 signum
3573 4162 3725 4206 autem

2154 4241 2281 4296 illud
2308 4252 2443 4308 erat,
2472 4243 2516 4296 si
2549 4243 2812 4312 prmberet
2831 4244 2916 4298 illa
2951 4245 3050 4299 sibi
3086 4257 3142 4300 et
3170 4247 3404 4302 camelis
3427 4246 3538 4300 suis
3562 4255 3728 4314 aquam

2150 4331 2217 4386 ad
2240 4332 2528 4387 bibendum
2555 4349 2569 4385 :
2594 4333 2703 4386 exit
2723 4333 2964 4389 Rebecca
2987 4335 3094 4390 ﬁlia
3125 4337 3412 4392 Bathuelis
3429 4337 3517 4390 ﬁlii
3544 4333 3727 4390 Nacho-

2151 4423 2228 4477 ris
2259 4439 2272 4474 :
2301 4422 2512 4477 Nachor
2538 4437 2664 4477 vero
2702 4423 2869 4478 frater
2905 4433 3021 4480 erat
3062 4427 3320 4482 Abrahm.
3361 4427 3499 4484 Cum
3520 4425 3730 4482 dedisset

2149 4524 2327 4569 autem
2355 4515 2465 4582 ipsa
2497 4514 2569 4568 illi
2596 4525 2649 4569 et
2669 4516 2886 4571 camelis
2903 4517 3012 4571 suis
3035 4527 3246 4588 potum,
3265 4529 3323 4574 et
3353 4521 3575 4575 dixisset
3598 4517 3730 4583 cujus

2151 4614 2292 4660 esset
2319 4595 2445 4670 filia,
2481 4605 2766 4661 introducit
2806 4608 2978 4663 virum
3007 4617 3061 4663 et
3105 4609 3350 4680 hospitio
3392 4611 3599 4682 accipit.
3642 4606 3730 4663 Ubi

2149 4697 2282 4752 dixit
2322 4699 2413 4752 ille
2436 4699 2586 4767 cujus
2613 4701 2688 4754 rei
2738 4716 2893 4755 causa
2925 4702 3176 4766 venisset,
3211 4713 3271 4759 et
3302 4706 3544 4773 pctiisset
3571 4713 3623 4756 ut
3643 4699 3730 4754 sibi

2150 4790 2450 4846 traderetur
2487 4791 2683 4862 puella,
2726 4793 2776 4846 id
2810 4795 3031 4863 virginis
3059 4795 3288 4851 arbitrio
3335 4809 3580 4868 parentes
3618 4792 3729 4848 reli-

2148 4890 2392 4950 querunt.
2437 4882 2580 4936 Illam
2625 4894 2946 4940 annuentem
2987 4901 3275 4942 assumens
3305 4904 3496 4943 servus
3538 4889 3732 4941 absces-

2147 4973 2216 5026 sit
2274 4992 2287 5027 :
2340 4972 2540 5043 fuitque
2583 4973 2668 5028 illa
2713 4991 2847 5030 uxor
2887 4975 3073 5031 lsaaci.
3107 4979 3242 5033 Sara
3283 4979 3563 5040 defuncta,
3603 4974 3732 5029 ducit

2149 5062 2412 5117 Abraham
2461 5080 2684 5120 uxorem
2714 5067 3047 5134 Chetturam,
3082 5079 3136 5124 et
3181 5071 3351 5135 filios,
3391 5086 3529 5141 quos
3569 5085 3627 5122 ex
3655 5067 3730 5119 illa

2147 5165 2475 5224 susceperat.
2503 5158 2770 5226 separavit
2807 5159 2874 5212 ab
2902 5159 3102 5226 lsaaco,
3132 5164 3463 5217 muneribus
3490 5161 3729 5216 allectos:

2147 5262 2305 5316 opum
2331 5264 2458 5303 vero
2502 5263 2718 5303 suarum
2747 5249 2998 5306 heredem
3033 5253 3155 5306 fecit
3209 5253 3490 5319 lsaacum,
3522 5263 3573 5307 et
3605 5266 3732 5304 tuor-

2149 5348 2268 5394 tuus
2295 5349 2395 5395 est.
2421 5340 2516 5395 llic
2543 5353 2891 5397 recensentur
2934 5346 3142 5397 nomina
3198 5345 3444 5398 ﬁliorum
3470 5342 3730 5402 lsmaelis.

2145 5433 2232 5501 qui
2253 5432 2504 5486 habitavit
2525 5433 2593 5487 ab
2611 5434 2778 5488 Evilat
2798 5450 2964 5505 usque
2985 5436 3048 5489 ad
3069 5436 3192 5490 Sur.
3209 5434 3357 5491 Cum
3385 5438 3626 5493 Rebecca
3642 5443 3735 5487 ste.

2207 5526 2278 5587 (a)
2310 5527 2454 5592 Filius
2469 5527 2555 5592 Dei
2577 5529 2660 5590 qui
2683 5529 2745 5578 ab
2768 5529 3275 5592 Abrahamiexcej-tus
3296 5540 3397 5592 est,
3417 5533 3643 5583 Dominus
3660 5537 3735 5592 yo-

2143 5587 2803 5655 caturttomil.{2in'ceues.,
2824 5597 2954 5655 Tom.
2977 5591 3060 5655 ιν,
3085 5587 3180 5642 col.
3208 5593 3330 5644 3S7.
3363 5587 3435 5644 lie
3461 5590 3738 5655 ﬁliabuslpt

2145 5647 2264 5697 infra
2291 5650 2453 5713 paucis
2478 5649 2593 5713 dicit
2611 5664 2690 5713 ea,
2720 5664 2830 5713 quae
2846 5647 3064 5713 pluribus
3097 5665 3338 5705 enarrata
3365 5667 3485 5705 sunt
3509 5651 3666 5702 ttonnl.
3697 5649 3738 5694 iu

2152 5665 2774 5762 ἓὲῗῗυῗῖῗᾟθῗιῗέὶιῗ
