4090 6216
322 339 434 395 319

1429 331 1763 390 SYNOPSIS
1799 331 2213 389 SCRIPTURA'I
2253 332 2518 392 SACRE.

323 455 488 513 αὑτοῦ
523 453 671 519 Λὼτ,
721 452 817 507 καὶ
840 451 1056 523 ἔρχεται
1084 452 1162 515 εἰς
1193 451 1438 525 Χαρῤἆν,
1469 449 1801 522 προθέμενος
1821 449 1903 513 εἰς
2002 450 2094 503 τοῦ
2117 450 2252 504 Θεοῦ
2281 453 2419 522 μετὰ
2445 452 2538 506 δύο
2570 454 2839 523 ἀγγέλων,
2876 456 2970 511 καὶ
3011 456 3158 527 λέγει
3198 461 3333 532 πρὸς
3378 462 3542 519 αὐτόν
3561 480 3576 495 °

319 548 420 619 τὴν
473 543 794 600 Χαναναίων
855 542 1052 607 ἐλθεῖν,
1092 544 1186 596 καὶ
1232 543 1591 605 ἀποθανόντος
1635 540 1800 594 αὐτοῦ
1845 542 1896 592 ἐι

321 637 539 708 Χαρῤᾷ,
575 634 968 705 προστάττεται
1000 632 1103 686 ὑπὸ
1136 631 1228 685 τοῦ
1268 631 1402 684 Θεοῦ
1443 631 1692 702 Ἀϐραὰμ
1725 647 1902 701 μετοι-

322 728 488 798 κῆσαι
510 725 620 780 ἀπὺ
649 725 894 796 Χαρῤἄν,
927 723 1022 777 καὶ
1044 719 1205 794 ἦλθεν
1234 723 1313 786 εἰς
1345 722 1527 792 Συχὲμ
1548 722 1644 792 τῆς
1660 722 1762 791 γῆς
1789 722 1899 773 Χα-

318 820 477 874 ναάν.
515 817 627 872 Καὶ
647 812 799 869 εἶπεν
849 813 998 885 αὐτῷ
1027 816 1055 868 6
1096 813 1246 878 Θεὸς,
1299 811 1378 884 τῷ
1416 813 1690 883 σπέρματι
1732 809 1897 863 αὐτοῦ

319 907 512 963 δώσειν
531 907 628 977 τὴν
654 907 777 978 γῆν.
801 906 909 958 Καὶ
930 904 1276 976 ᾠκοδόμησεν
1319 902 1568 972 Ἀϐραὰμ
1605 901 1893 971 θυσιαστή-

322 1019 439 1073 ριον
461 1000 539 1071 τῷ
565 999 684 1069 Θεῷ
703 1037 720 1063 ,
752 998 846 1051 καὶ
878 995 1042 1067 ἔπηξε
1066 996 1166 1068 τὴν
1195 995 1398 1065 σκηνὴν
1427 993 1590 1048 αὐτοῦ
1617 993 1758 1047 κατὰ
1802 992 1897 1046 θά-

316 1094 548 1148 λασσαν.
584 1092 880 1163 Γενομένου
912 1090 968 1143 δὲ
996 1088 1177 1159 λιμοῦ,
1205 1087 1476 1141 κατελθὼν
1517 1089 1596 1151 εἰς
1625 1086 1897 1165 Αἴγυπτον

319 1182 690 1256 παραγγέλλει
705 1186 771 1253 τῇ
800 1182 1018 1251 γυναικὶ
1044 1179 1207 1234 αὐτοῦ
1242 1180 1437 1242 εἰπεῖν,
1468 1180 1550 1233 ὅτι
1581 1176 1784 1248 ἀδελφὴ
1805 1178 1897 1229 αὐ-

316 1276 415 1329 τοῦ
441 1276 549 1346 εἴη.
579 1276 688 1329 Καὶ
713 1273 892 1329 λαϐὼν
924 1271 1092 1344 αὐτὴν
1123 1270 1342 1344 Φαραὼ,
1378 1270 1471 1324 καὶ
1514 1268 1757 1331 ἐτασθεὶς
1791 1268 1895 1321 ὑπ’)

318 1367 416 1421 τοῦ
442 1366 599 1428 Θεοῦ,
627 1367 810 1419 δίδωσι
829 1365 907 1437 τῷ
941 1363 1209 1436 Ἀϐραάμ.
1232 1362 1627 1434 Μαχεσθέντων
1645 1361 1752 1415 τῶν
1776 1377 1895 1414 ποι-

323 1458 500 1528 μένων
532 1454 627 1509 τοῦ
691 1454 940 1526 Ἀϐραὰμ
990 1453 1081 1508 καὶ
1139 1453 1233 1506 τοῦ
1273 1453 1396 1505 Λὼτ
1448 1451 1583 1522 πρὸς
1610 1450 1891 1522 ἀλλήλους,

314 1549 574 1603 διείλοντο
601 1547 701 1611 τὰς
730 1548 992 1617 οἰκήσεις.
1012 1546 1122 1600 Καὶ
1154 1546 1183 1599 6
1213 1544 1312 1617 μὲν
1336 1541 1458 1597 Λὼτ
1487 1542 1646 1596 ἔλαϐε
1671 1542 1768 1614 τὴν
1793 1544 1892 1596 Σο-

315 1640 588 1711 δομηνών,
635 1641 664 1692 6
694 1638 751 1691 δὲ
799 1636 1050 1707 Ἀϐραὰμ
1080 1635 1216 1706 πρὸς
1239 1636 1305 1704 τῇ
1347 1631 1467 1704 δρυῒ
1504 1634 1570 1702 τῇ
1607 1632 1837 1705 Μαμϐρλ⁸
1860 1643 1887 1672 α

318 1731 662 1803 κατῴκησεν,
692 1728 1021 1799 ἐπαγγελίας
1060 1744 1121 1780 τε
1176 1726 1336 1780 ἔλαϐε
1382 1724 1544 1779 πάλιν
1606 1724 1756 1795 παρὰ
1794 1723 1888 1777 τοῦ

317 1822 477 1888 Θεοῦ,
507 1824 601 1877 καὶ
627 1823 708 1875 ὅτι
741 1823 821 1884 εἰς
853 1820 1055 1890 πλῆθος
1084 1817 1337 1871 ἐπιδώσει
1369 1815 1534 1870 αὐτοῦ
1559 1813 1620 1868 16
1644 1815 1881 1886 σπέρμα,

317 1916 418 1968 καὶ
463 1915 546 1967 ὅτι
591 1912 990 1983 κληρονομήσει
1035 1908 1135 1980 τὴν
1189 1908 1311 1980 γῆν.
1380 1907 1440 1960 '0
1492 1904 1886 1977 Χοδολαγομὸρ,

294 1998 511 2076 νὲπειδὴ
548 2004 859 2072 ἀπέστησαν
891 2000 1055 2055 αὐτοῦ
1104 2001 1155 2053 οἱ
1213 1999 1372 2053 πέντε
1433 1997 1668 2069 βασιλεῖς
1712 2000 1763 2051 οἰ
1789 1998 1887 2068 τῆς

320 2093 653 2165 Σοδομηνῆς,
682 2090 1020 2155 δουλεύοντες
1047 2089 1196 2161 αὐτῷ
1242 2089 1527 2160 πρότερον,
1558 2088 1889 2160 παραλαϐὼν

320 2184 543 2255 ἐτέρους
592 2181 825 2252 βασιλεῖς
866 2182 1032 2251 τρεῖς,
1063 2179 1494 2251 ἐπεστράτευσεν
1560 2182 1763 2245 αὐτοῖς,
1796 2181 1888 2236 καὶ

316 2273 738 2345 τροπωσάμενος
766 2270 955 2324 ἐλαϐεν
1001 2269 1390 2340 αἰχμαλώτους
1427 2272 1486 2325 ἐν
1534 2267 1614 2335 οἷς
1638 2268 1707 2343 ἦν
1733 2273 1826 2326 καὶ
1854 2273 1883 2326 6

314 2361 460 2417 Λώτ.
504 2363 562 2416 '0
586 2362 642 2415 δέ
683 2360 930 2431 Ἀϐραὰμ
966 2360 1225 2426 ἀκούσας,
1277 2361 1372 2413 καὶ
1392 2361 1488 2414 σὺν
1537 2363 1647 2425 τοῖς
1676 2363 1884 2430 οἰκογε-

313 2457 461 2508 νέσιν
488 2452 652 2506 αὐτοῦ
680 2452 1009 2524 τριακοσίοις
1033 2450 1310 2505 δεκαοκτὼ
1355 2452 1710 2520 καταδιώξας,
1742 2453 1882 2517 ἐξεί-

313 2546 436 2599 λετο
461 2544 552 2598 τὸν
577 2542 890 2612 ἀδελφιδοῦν
924 2542 1061 2614 μετά
1085 2544 1185 2613 τῆς
1213 2543 1380 2596 ἵππου
1423 2544 1514 2596 καὶ
1539 2544 1647 2599 τῶν
1700 2560 1886 2612 γυναι-

314 2637 445 2691 κῶν·
502 2637 598 2690 καὶ
651 2634 729 2706 τῷ
784 2635 882 2707 μὲν
910 2634 1243 2706 Μελχισεδὲκ
1294 2636 1648 2707 εὐλογήσαντι
1699 2636 1880 2706 αὐτὸν,

316 2727 648 2796 ἐξενεγκόντι
679 2728 878 2798 ἄρτους
918 2743 978 2780 τε
1007 2727 1103 2779 καὶ
1124 2723 1286 2792 οἶνον,
1313 2728 1544 2800 δεκάτην
1570 2727 1759 2784 ἔδωκε.
1795 2730 1887 2783 Διό

320 2835 482 2889 φησιν
502 2821 531 2872 6
558 2817 768 2880 Παῦλος
796 2818 855 2872 ἐν
873 2819 939 2888 τῇ
963 2816 1099 2890 πρὸς
1133 2817 1434 2890 Ἐϐραίους,
1459 2820 1541 2873 ὅτι
1566 2818 1885 2892 Καίό[520]

323 2909 500 2974 Λευὶς
525 2906 819 2973 όδεκάτας
841 2906 1162 2977 λαμϐάνων
1179 2907 1583 2964 δεδεκάτωται.
1633 2909 1768 2962 Ὑπὸ
1790 2908 1884 2962 τοῦ

326 2999 579 3070 βασιλέως
626 3003 874 3074 Σοδόμων
915 3001 1287 3073 παρακληθεὶς
1320 3000 1417 3072 τὴν
1471 3001 1634 3053 ἵππον
1679 2998 1882 3063 λαϐεῖν,

320 3096 422 3148 οὐκ
446 3096 747 3149 ἐπένευσεν
792 3095 924 3150 Ἵνα
937 3093 1023 3163 μὴ
1051 3093 1246 3161 εἴπῃς,
1276 3093 1458 3163 φησὶν,
1473 3093 1612 3165 Ἐγὼ
1624 3091 1886 3144 πεπλού-

320 3204 469 3255 τηκα
502 3186 609 3241 τὸν
636 3185 901 3256 Ἁϐραάμ.
925 3183 1057 3244 Τότε
1085 3183 1179 3237 τοῦ
1210 3183 1345 3236 Θεοῦ
1374 3183 1511 3255 πρὸς
1526 3181 1686 3235 αὐτὸν
1700 3181 1883 3234 εἰπόν-

314 3296 425 3343 τος,
446 3281 526 3333 ὅτι
553 3279 614 3332 '0
630 3278 847 3348 μισθός
878 3292 995 3332 σου
1016 3275 1212 3343 πολὺς
1223 3276 1414 3337 ἔσται,
1439 3274 1764 3345 ὰποδύρεται
1784 3274 1884 3345 τὴν

313 3370 588 3426 ἀπαιδίανο
629 3372 720 3425 καὶ
747 3369 933 3424 ἀκούει
974 3369 1155 3433 πάλιν,
1188 3370 1269 3422 ὅτι
1301 3369 1330 3421 6
1382 3368 1442 3434 ἐξ
1473 3367 1637 3421 αὐτοῦ
1670 3366 1883 3432 ἐξελευ-

316 3463 543 3534 σόμενος
571 3463 964 3535 κληρονομήσει
1002 3461 1163 3516 αὐτὸν
1185 3504 1201 3528 ,
1260 3460 1354 3515 καὶ
1379 3460 1441 3514 16
1478 3459 1699 3531 σπέρμα
1718 3458 1882 3512 αὐτοῦ

314 3554 468 3610 εσται
496 3555 572 3619 ὡς
588 3556 657 3610 τὰ
685 3555 859 3627 ἀστρα
871 3555 964 3609 τοῦ
992 3553 1239 3625 οὐρανοῦ.
1287 3553 1548 3608 Ἐνταῦθα
1583 3556 1759 3607 κεῖται
1797 3551 1878 3617 τὸ,

325 3650 719 3703 Ἐπίστευσεν
743 3648 988 3717 Ἀϐραὰμ
1012 3647 1091 3713 τῷ
1121 3646 1261 3712 Θεῷ,
1294 3646 1389 3700 καί
1412 3646 1694 3716 ἐλογίσθη
1724 3643 1883 3710 αὑτῷ

311 3742 402 3805 εἰς
428 3739 842 3808 δικαιοσύνην.
876 3739 956 3793 Τὰ
998 3738 1399 3809 διχοτομήματα
1423 3740 1585 3800 ποιεῖ,
1620 3738 1715 3790 καὶ
1750 3754 1883 3807 μανι

311 3833 461 3886 θάνει
486 3833 571 3886 ὅτι
595 3832 853 3904 πάροικον
905 3829 1056 3883 ἐσται
1095 3828 1156 3881 16
1185 3828 1404 3901 σπέρμα
1436 3827 1600 3882 αὐτοῦ
1625 3869 1641 3894 ,
1680 3830 1773 3881 καὶ
1799 3829 1881 3881 ὃτι

310 3924 455 3993 μετὰ
483 3923 654 3978 ταῦτα
690 3922 1153 3993 ἀπαλλαγήσεται,
1204 3918 1343 3990 μετὰ
1389 3919 1449 3972 τὸ
1483 3920 1881 3990 ταπεινωθῆναι

309 4013 407 4085 ἐτη
428 4015 769 4087 τετρακόσια.
802 4017 986 4089 Σάρρα
1014 4015 1071 4069 δὲ
1096 4013 1218 4067 ἐπεὶ
1250 4014 1433 4083 στεῖρα
1459 4007 1550 4082 ἦν,
1582 4011 1763 4064 δίδωσι
1781 4011 1881 4082 τὴν

314 4108 495 4179 Ἅγαρ
520 4108 598 4178 τῷ
642 4108 920 4180 Ἀϐραὰμ,
974 4109 1061 4161 ἵνα
1113 4106 1560 4177 παιδοποιήσηται
1592 4103 1651 4171 ἐξ
1688 4105 1877 4175 αὐτῆς.

320 4198 411 4261 Ὠς
433 4197 490 4251 δέ
518 4197 702 4261 ἐκύει,
752 4199 964 4271 ἐπήρθη
1021 4196 1162 4252 κατά
1202 4197 1304 4268 τῆς
1335 4195 1527 4267 κυρίας
1574 4195 1761 4267 αὐτῆς·
1790 4196 1881 4249 καὶ

307 4291 522 4345 δίδωσιν
548 4291 716 4363 αὐτὴν
746 4294 813 4363 τῇ
845 4293 1029 4364 τε.άρρᾳ
1061 4294 1090 4346 6
1133 4291 1406 4364 Ἀϐραὰμ,
1422 4289 1562 4344 ὥστε
1590 4289 1792 4360 ἀμῦναι
1812 4291 1877 4360 τῇ

309 4382 466 4454 ῦϐρει
502 4386 568 4453 τῇ
586 4384 802 4455 ἑαυτῆς.
827 4384 892 4437 Ἡ
920 4384 975 4438 δὲ
1004 4384 1313 4439 κακωθεῖσα
1332 4384 1550 4454 ὑπὸτῆς
1573 4384 1877 4454 δεσποίνης,

307 4475 520 4547 ἀπέδρα
550 4476 658 4530 ἀπὸ
684 4477 782 4548 τῆς
801 4477 998 4544 οἰκίας,
1041 4478 1136 4532 καὶ
1188 4479 1466 4533 κελεύεται
1504 4479 1609 4533 ὐπὸ
1645 4479 1877 4548 ἀγγέλου

307 4570 721 4641 ἀποστραφῆναι
775 4569 913 4640 πρὸς
954 4569 1052 4641 τὴν
1088 4571 1282 4642 κυρίαν
1311 4570 1499 4641 αὐτῆςο
1531 4569 1793 4641 λαμϐάνει
1818 4585 1877 4621 τε

307 4658 774 4729 ἐπαγγελίαν,νὸτι
800 4662 860 4715 16
898 4662 1121 4734 σπέρμα
1154 4662 1322 4733 αὐτῆς
1351 4660 1604 4715 ἐπιδώσει
1632 4665 1711 4726 εἰς
1739 4661 1877 4732 πλῆ·

308 4764 420 4832 θος,
442 4768 534 4820 καὶ
552 4767 723 4838 ὄνομα
744 4768 823 4841 τῷ
843 4769 1038 4842 παιδίῳ
1072 4771 1200 4842 πρὶν
1241 4770 1274 4840 ἢ
1302 4771 1555 4843 τεχθῆναι
1576 4770 1877 4844 ἐπιτίθησιν

308 4872 336 4923 6
361 4869 609 4939 ἄγγελος,
645 4872 868 4946 Ἰσμαῆλ
891 4874 1053 4929 αὐτὸν
1073 4874 1270 4929 καλῶν.
1299 4876 1570 4950 Ἐτεκενή
1593 4878 1772 4950 Ἀγαρ
1787 4878 1877 4933 τὸν

319 4978 563 5051 Ἰσμαὴλ,
609 4981 702 5034 κα)⁸
742 4980 989 5054 Ἀϐραὰμ
1028 4963 1165 5035 ἐτῶν
1212 4984 1535 5054 ἐνενήκοντα
1574 4986 1729 5039 ἐννέα
1749 5004 1880 5057 μετ’

305 5082 638 5155 ωνομάζετο.
683 5086 878 5140 Οὐκέτι
920 5088 1029 5158 γὰρ
1076 5088 1314 5159 ΙἍϐραμ,
1355 5083 1490 5142 ἀλλὰ
1531 5089 1779 5161 ’Δϐραὰμ
1820 5094 1874 5144 ἐ-

306 5187 504 5260 κλήθη.
528 5190 822 5246 Κελεύεται
852 5193 957 5246 ὐπὸ
983 5192 1076 5247 τοῦ
1114 5194 1248 5247 Θεοῦ
1289 5194 1687 5267 περιτμηθῆναι
1714 5195 1876 5261 αὐτὸς

303 5296 645 5368 πανοικεσίᾳ.
677 5298 790 5351 Καὶ
815 5298 881 5351 16
900 5298 999 5369 τῆς
1029 5298 1210 5369 Σάρας
1241 5298 1410 5370 ϐνομα
1438 5301 1744 5371 ἀμείϐεται,
1783 5303 1877 5357 καὶ

303 5397 549 5453 καλεῖται
573 5399 759 5471 Σάρρα
804 5400 913 5454 Καὶ
941 5400 1206 5470 λαμϐάνει
1234 5401 1471 5473 περὶτοῦ
1508 5403 1687 5457 Ἰσαὰκ
1705 5405 1879 5473 ἐπαγ-

2013 540 2327 609 Ἐπανήξω
2358 543 2508 612 πρὸς
2533 544 2609 597 σὲ
2645 548 2796 601 κατὰ
2850 550 2955 601 τάν
3004 549 3212 618 καιρὸν
3238 553 3454 606 τοῦτον
3492 558 3580 619 εις

1997 630 2172 701 ὥρας,
2190 635 2288 689 καὶ
2308 634 2432 698 ἔξει
2461 637 2596 690 υἱὸν
2619 636 2818 705 Eappa
2835 638 2872 705 ἡ
2886 639 3039 709 γυνή
3060 656 3194 695 σου.
3213 641 3460 715 Ἀϐραὰμ
3473 645 3581 697 δεῖ·

1997 741 2088 778 ται
2116 726 2211 779 τοῦ
2242 726 2379 780 Θεοῦ
2400 728 2542 799 ὐπὲρ
2565 729 2835 800 Σοδόμων.
2860 728 2926 785 Ol
2959 730 3052 784 δύο
3077 732 3297 800 ἄγγελοι
3328 733 3578 805 ἔρχονται

1999 814 2133 884 πρὸς
2157 814 2248 868 τὸν
2277 814 2420 871 Λώτ.
2461 816 2807 879 Ἐπιστάντες
2838 818 2888 870 οἰ
2946 817 3226 885 Σοδομῖται
3278 819 3597 892 ἐπεζήτουνη

1995 905 2213 968 αὐτοὺς.
2237 907 2331 960 καὶ
2361 906 2683 979 πλήττονται
2711 909 3070 982 ἀορασίᾳ.Τὸν
3089 910 3147 963 δέ
3167 912 3290 964 Λὼτ
3324 913 3577 977 λαϐόντες

1996 999 2044 1050 οἱ
2071 997 2291 1067 ἄγγελοι
2327 998 2550 1069 ἐξῆλθον
2600 1000 2700 1070 τῆς
2749 1001 2926 1065 οἰκίας
2951 1017 2964 1030 °
3012 1002 3107 1055 καὶ
3140 1003 3301 1067 αὐτὸς
3330 1006 3430 1075 μὲν
3460 1006 3576 1076 ἅμα
3621 1048 3629 1056 ,

1995 1091 2116 1151 ταῖς
2160 1089 2457 1161 θυγατράσι
2504 1092 2827 1155 διασώζεται
2874 1095 2955 1156 εἰς
2987 1093 3269 1166 Σηγώροή
3327 1095 3384 1148 δὲ
3436 1099 3574 1169 γυνὴ

1995 1176 2187 1244 γέγονε
2211 1179 2381 1250 στήλη
2415 1180 2561 1245 ὰλὸς,
2595 1180 2779 1252 ἐπειδὴ
2821 1181 3126 1253 ἀπέϐλεψεν
3155 1186 3235 1248 εἰς
3265 1184 3332 1238 τὰ
3377 1185 3569 1241 ὀπίσω.

2005 1268 2093 1332 Ὧς
2123 1269 2180 1323 δὲ
2208 1272 2518 1343 ἐνεπρήσθη
2553 1274 2586 1343 ή
2617 1274 2915 1346 Σοδομηνὴ,
2949 1276 3041 1329 καὶ
3074 1278 3314 1349 ἀπῆλθεν
3366 1281 3445 1344 εἰς
3508 1280 3569 1334 τὸ

1990 1359 2117 1433 ὅρος
2149 1362 2292 1425 Λὼτ,
2323 1363 2416 1417 καί⁵
2453 1365 2740 1420 συνέλαϐον
2772 1367 2833 1431 ἐξ
2870 1368 3033 1422 αὐτοῦ
3061 1370 3116 1422 al
3147 1370 3443 1443 θυγατέρες
3466 1372 3567 1427 αὐ-

1991 1451 2108 1515 τοῦ,
2142 1454 2295 1525 καὶὴ
2331 1454 2431 1524 μιν
2465 1458 2810 1529 πρεσϐυτέρα
2855 1459 3007 1514 ἔτεκε
3052 1461 3144 1515 τὸν
3194 1463 3390 1528 Μωὰϐ,
3437 1465 3471 1535 η
3509 1466 3568 1519 δὲ

1991 1544 2229 1616 νεωτέρα
2244 1545 2335 1599 τὸν
2376 1547 2618 1618 Ἀμμών·
2653 1549 2750 1621 τὴν
2776 1551 2833 1604 δὲ
2868 1553 3004 1623 μετὰ
3043 1554 3138 1608 τοῦ
3161 1556 3368 1628 πατρὸς
3420 1559 3567 1628 μίξιν

1991 1632 2224 1705 ἔκλεψαν
2254 1640 2321 1708 τῇ
2346 1636 2501 1710 μέθῃ·
2527 1638 2694 1709 ᾤοντο
2721 1640 2829 1712 γὰρ
2855 1642 2915 1695 16
2959 1643 3294 1715 ἀνθρώπινον
3331 1647 3567 1704 ἐκλελοι-

1993 1726 2154 1781 πέναι
2184 1728 2359 1797 γένος.
2386 1725 2720 1803 Παρῴκησεν
2746 1735 2803 1786 ἐν
2834 1734 3092 1804 Γεράροις
3119 1738 3148 1789 6
3185 1738 3565 1812 ’Δϐραὰμριαὶ

1989 1817 2019 1868 6
2043 1815 2294 1886 βασιλεὺς
2333 1818 2587 1891 Γεράρων
2626 1822 2912 1894 Ἀϐιμέλεχ
2944 1824 3103 1878 ἔλαϐε
3158 1826 3260 1897 τὴν
3302 1830 3521 1904 Σάρραν
3546 1850 3562 1865 ’

1990 1906 2378 1977 ἀπειλήσαντος
2410 1909 2468 1963 δέ
2497 1911 2645 1983 αὐτῷ
2672 1913 2765 1967 τοῦ
2792 1913 2949 1979 Θεοῦ,
3003 1915 3322 1985 ἀπελογεῖτο
3365 1920 3561 1990 λέγων,

1988 1996 2220 2068 ἀδελφὴν
2242 1998 2406 2053 αὐτοῦ
2446 2004 2788 2073 νενομικέναι
2809 2004 2907 2076 τὴν
2940 2010 3173 2075 γυναῖκα
3205 2004 3365 2065 εἶναι’
3418 2012 3564 2069 οὕτω

1991 2088 2100 2162 γὰρ
2126 2090 2260 2160 αὐτὴ
2279 2087 2450 2147 εἶπεν.
2476 2093 2747 2147 Ἀπέδωκε
2771 2095 2828 2148 δὲ
2848 2097 3017 2168 αὐτὴν
3044 2097 3123 2168 τῷ
3151 2097 3400 2173 Ἀϐραὰμ
3424 2104 3563 2173 μετὰ

1986 2181 2194 2253 δώρων.
2231 2183 2362 2237 Τότε
2385 2184 2703 2239 ἀποδοθεῖσα
2732 2187 2906 2240 τίκτει
2928 2188 3019 2242 τὸν
3058 2190 3259 2244 Ἰσαάκ.
3320 2194 3559 2249 Ἔκϐάλ-

1990 2270 2155 2326 λειδέ
2188 2274 2287 2345 τὴν
2340 2276 2630 2348 παιδίσκην
2666 2277 2767 2347 τῆς
2818 2279 2993 2343 οἰκίας
3046 2281 3181 2350 μετὰ
3208 2282 3300 2336 τοῦ
3348 2285 3562 2341 παιδίου

1992 2364 2244 2436 ·Ἰσμαήλ.
2295 2367 2353 2421 '0
2371 2367 2429 2421 δὲ
2463 2369 2747 2440 Ἀϐιμέλεχ
2770 2369 2977 2423 τίθεται
3006 2370 3143 2443 πρὸς
3167 2373 3256 2427 τὸν
3310 2375 3561 2450 ’Δϐραάμ

1986 2453 2269 2527 διαθήκην,
2297 2457 2436 2512 ὥστε
2468 2459 2543 2529 μὴ
2590 2459 2845 2531 ἀδικῆσαι
2893 2462 3174 2535 ἀλλήλους,
3205 2465 3297 2518 καὶ
3346 2467 3561 2538 λαμϐά-

1983 2563 2064 2600 νει
2091 2547 2229 2600 ἐπτὰ
2259 2549 2500 2619 ἀμνάδας
2530 2550 2682 2621 παρὰ
2716 2551 2810 2604 τοῦ
2848 2552 3116 2624 Ἀϐραὰμ,
3151 2556 3232 2619 εἰς
3265 2558 3561 2632 μαρτύριον

1982 2632 2077 2686 τοῦ
2133 2635 2366 2706 φρέατος
2414 2636 2506 2691 τοῦ
2561 2640 2849 2710 όρκισμοῦ,
2917 2642 3003 2695 ἵνα
3044 2638 3077 2717 ᾖ
3138 2644 3297 2715 δῆλον
3327 2648 3408 2700 ὅτι
3462 2649 3559 2702 τοῦ

1997 2722 2247 2795 Ἀϐραάμ
2268 2726 2401 2781 ἐστι.
2424 2727 2719 2782 Κελεύεται
2748 2729 3038 2799 ἀνενέγκαι
3070 2732 3161 2787 τὸν
3188 2736 3306 2789 υἱὸν
3338 2737 3421 2801 εἰς
3444 2738 3561 2792 ὀλο-

1986 2814 2291 2884 κάρπωσιν,
2321 2818 2414 2870 καὶ
2460 2818 2810 2890 ἀναφέρεται,
2841 2822 2936 2875 καὶ
2969 2824 3228 2892 σφάζεται
3262 2827 3413 2898 κριὸς
3443 2828 3559 2883 ἀντ’

1988 2902 2137 2976 [321]
2166 2906 2348 2959 αὐτοῦ.
2378 2907 2409 2947 1)
2441 2908 2624 2962 Ταῦτα
2649 2910 2704 2963 δὲ
2748 2911 2907 2966 τύποι
2937 2909 3077 2985 ἦσαν
3120 2916 3218 2987 τῆς
3259 2917 3560 2991 μελλούσης

1983 2994 2289 3064 οἰκονομίας
2312 2996 2417 3049 ὐπὸ
2441 2997 2676 3068 Χριστοῦ
2704 2999 2973 3055 τελεῖσθαι
3013 3003 3154 3077 ὑπὲρ
3183 3006 3359 3078 ἡμῶν.
3400 3009 3559 3062 Ἀπο-

1985 3082 2204 3154 θνήσκει
2233 3084 2439 3157 Σάρρα,
2462 3088 2556 3139 καὶ
2589 3088 2866 3160 ἀγοράσας
2884 3091 3045 3147 τόπον
3064 3094 3093 3147 6
3125 3094 3374 3167 Ἀϐραὰμ
3406 3097 3559 3170 παρὰ

1982 3172 2196 3243 Ἐφρὼν
2223 3172 2317 3227 τοῦ
2347 3176 2627 3243 Χετταίου,
2665 3179 2858 3234 θάπτει
2899 3182 3014 3236 ἐκεῖ
3037 3182 3136 3255 τὴν
3163 3188 3416 3254 γυναῖκα,
3460 3190 3558 3243 καὶ

1984 3261 2308 3332 πέμπειτὸν
2333 3265 2498 3318 παῖδα
2541 3266 2702 3320 αὐτοῦ
2730 3309 2747 3335 ,
2797 3269 2936 3324 ὥστε
2997 3273 3428 3345 μνηστεύσασθαι
3477 3279 3558 3351 τῷ

1995 3351 2179 3407 Ἰσαὰκ
2197 3357 2431 3422 γυναῖκα
2458 3356 2565 3410 ἀπὸ
2584 3358 3030 3431 Μεσοποταμίας,
3074 3365 3446 3435 παραγγείλας
3480 3370 3557 3441 μὴ

1980 3443 2317 3517 ἀποστρέψαι
2338 3447 2430 3501 τὸν
2462 3448 2575 3502 υἱὸν
2607 3450 2771 3503 αὐτοῦ
2794 3452 2927 3519 ἐκεῖ,
2951 3455 2999 3507 εἰ
3024 3453 3097 3526 μὴ
3121 3455 3362 3527 βούλοιτο
3379 3458 3557 3514 ἐλθεῖν

1979 3538 2012 3607 ή
2040 3537 2198 3609 γυνή.
2244 3537 2331 3602 Ὠς
2383 3539 2439 3592 δέ
2467 3534 2627 3611 ἦλθεν
2651 3543 2680 3595 6
2725 3545 2852 3606 παῖς
2905 3546 2982 3608 εἰς
3011 3545 3108 3617 τὴν
3141 3547 3297 3603 πάλιν
3329 3550 3553 3622 Ναχὼρ,

1980 3626 2147 3679 καὶτὸ
2176 3630 2398 3699 σημεῖον
2434 3629 2625 3702 ᾔτησε,
2669 3630 2792 3685 καθ’
2818 3631 2846 3685 6
2871 3633 3069 3704 ήμελλε
3122 3638 3409 3709 γνωρίζειν
3455 3639 3556 3710 τὴν

1983 3713 2266 3784 παρθένον·
2290 3712 2359 3787 ἦν
2378 3716 2435 3770 δὲ
2473 3718 2533 3772 16
2566 3723 2809 3790 σημεῖον,
2849 3727 3149 3796 παρασχεῖν
3172 3729 3386 3801 ἐκείνην
3407 3730 3555 3801 αὐτῷ

1978 3820 2038 3856 τε
2066 3805 2159 3857 καὶ
2184 3809 2301 3869 ταῖς
2337 3808 2600 3878 καμήλοις
2615 3810 2778 3864 αὐτοῦ
2808 3816 2968 3867 πιεῖν*
2996 3815 3555 3886 ἐξέρχεταιῬεϐέκκα

1981 3898 2015 3967 ή
2063 3896 2305 3970 θυγάτηρ
2347 3900 2587 3971 Βαθουὴλ
2625 3901 2719 3955 τοῦ
2758 3904 2873 3957 υίοῦ
2927 3907 3150 3980 Ναχώρσ
3185 3912 3214 3965 6
3250 3911 3308 3964 δὲ
3350 3913 3554 3985 Ναχὼρ

1981 3987 2209 4058 ἀδελφὸς
2231 3985 2299 4061 ῆν
2321 3990 2413 4044 τοῦ
2453 3992 2721 4063 Ἀϐραάμ
2774 3994 2939 4051 δοῦσά
2988 4014 3048 4050 τε
3085 4000 3234 4072 αὐτῷ
3262 4006 3405 4056 πιεῖν
3457 4006 3555 4059 καὶ

1979 4083 2101 4145 ταῖς
2131 4082 2663 4153 καμήλοις,εἰποῦσά
2690 4103 2771 4151 τε,
2805 4088 2946 4153 τίνος
2978 4091 3062 4161 εῖη
3111 4091 3377 4165 θυγάτηρ,
3444 4098 3555 4149 εἰσ.

1981 4172 2104 4241 άγει
2132 4172 2224 4227 τὸν
2251 4174 2419 4246 ἄνδρα
2466 4177 2560 4230 καὶ
2591 4175 2807 4241 ξενίζει.
2834 4180 3052 4252 Ἐπειδὴ
3072 4183 3128 4235 δὲ
3157 4178 3308 4236 εἶπεν
3327 4187 3551 4251 ἐκεῖνος,

1977 4264 2120 4328 τίνος
2147 4264 2331 4319 ἐνεκεν
2351 4262 2503 4337 ἦλθε,
2526 4270 2619 4321 καί
2637 4269 2756 4341 ᾔτει
2776 4269 2873 4343 τήν
2902 4272 3065 4325 παῖδα
3095 4272 3298 4337 λαϐεῖν,
3323 4279 3389 4347 τῇ
3412 4294 3552 4350 παρ-

1981 4354 2119 4427 θένῳ
2143 4357 2242 4428 τὴν
2301 4358 2511 4430 αἵρεσιν
2547 4359 2852 4432 ἐπέτρεψαν
2899 4363 2947 4415 οἰ
2985 4366 3179 4431 γονεῖς.
3234 4364 3319 4430 Ὠς
3349 4368 3404 4421 δὲ
3446 4369 3550 4421 ἐπ-

1977 4448 2194 4503 ένευσεν
2224 4449 2429 4522 ἐκείνη,
2470 4449 2651 4505 λαϐὼν
2673 4452 2841 4526 αὐτὴν
2863 4454 3091 4525 ἀπῆλθε
3118 4457 3212 4511 καὶ
3240 4458 3451 4527 ἐγένετο
3474 4461 3550 4533 τῷ

1977 4537 2163 4592 Ἰσαὰκ
2182 4540 2339 4611 γυνή.
2364 4541 2643 4612 Δαμϐἀνει
2668 4543 2696 4596 6
2730 4544 2979 4617 Ἀϐραὰμ
3022 4551 3256 4615 γυναῖκα
3283 4550 3381 4622 τὴν
3412 4551 3551 4605 Χετ-

1977 4629 2196 4702 τούραν,
2243 4631 2617 4707 ἀποθανούσης
2655 4636 2904 4710 Σάρρας,
2970 4640 3065 4692 καὶ
3099 4642 3232 4705 ,τοὺς
3274 4641 3333 4707 ἐξ
3381 4643 3550 4714 αὐτῆς

1977 4722 2296 4792 γενομένους
2325 4725 2517 4789 παῖδας
2548 4728 2922 4793 ἐξαπέστειλεν
2945 4730 3055 4784 ἀπὸ
3089 4732 3294 4792 Ἰσαὰκ.
3342 4732 3550 4801 δόματα

1976 4812 2098 4877 δοὺς
2123 4814 2324 4879 αὐτοῖς·
2342 4817 2442 4886 τῆς
2472 4817 2530 4871 δὲ
2562 4819 2748 4884 οὐσίας
2780 4820 2964 4874 Ἰσαὰκ
2992 4820 3324 4892 κληρονόμον
3358 4822 3548 4894 ἐποίη-

1978 4919 2059 4967 σε,
2116 4906 2211 4958 καὶ
2254 4906 2510 4961 ἀπέθανε.
2559 4909 2640 4963 Τὰ
2683 4911 2922 4980 ὀνόματα
2974 4910 3081 4964 τῶν
3130 4911 3261 4963 υἰῶν
3327 4913 3551 4985 Ἰσμαὴλ

1976 4991 2215 5059 ἔγκειται
2238 4995 2490 5049 ἐνταῦθα·
2512 4997 2798 5069 κατῴκησε
2824 5000 2879 5051 δὲ
2909 4999 3014 5051 ἀπὸ
3034 4999 3231 5054 Εὐιλὰτ
3258 4999 3362 5065 ἕως
3386 5001 3544 5074 Σούρ.

1975 5084 2086 5154 Τῆς
2124 5084 2417 5150 Ῥεϐέκκας
2440 5088 2857 5160 ἐστειρωμένης,
2877 5090 3244 5146 ἐδεῖτοἸσαὰκ
3273 5093 3366 5146 τοῦ
3388 5093 3545 5150 Θεοῦ.

1974 5172 2114 5226 ὥστε
2138 5178 2287 5227 κυεῖν
2327 5176 2515 5246 αὐτήνο
2566 5178 2659 5230 καὶ
2687 5178 2872 5249 ἐπειδὴ
2923 5178 3093 5243 ἐκύει,
3137 5182 3298 5253 φησὶν
3334 5183 3468 5255 αὐτῇ
3516 5186 3546 5237 6

1974 5264 2127 5329 Θεός·
2161 5267 2275 5319 Δύο
2307 5266 2450 5335 ἔθνη
2477 5268 2546 5321 ἐν
2590 5267 2663 5337 τῇ
2690 5270 2884 5337 κοιλίᾳ
2912 5286 3047 5335 σου,
3071 5272 3166 5325 καὶ
3194 5274 3343 5341 λαὸς
3390 5274 3546 5330 λαοῦ

1973 5355 2267 5424 ὑπερέξεν
2286 5356 2563 5429 προλέγων
2587 5359 2654 5413 τὰ
2680 5361 2806 5432 περὶ
2838 5362 3102 5417 Ἰουδαῖων
3135 5366 3229 5418 καὶ
3252 5368 3284 5438 ἡ
3294 5365 3409 5436 μῶν
3436 5365 3545 5418 τῶν

300 5451 544 5551 γελίαὶ
574 5451 1883 5567 ',
1966 5451 2327 5567 Χριστιανῶν.
2366 5455 2453 5515 Ὠς
2503 5457 2560 5512 δέ
2604 5459 2796 5533 ἐτέχθη
2830 5462 2899 5518 τὰ
2939 5465 3125 5520 πα.δία
3157 5466 3250 5520 καὶ
3307 5464 3536 5536 ηὐξήθη,

305 5707 332 5756 r
371 5653 396 5679 ⁸
422 5651 630 5760 parm
675 5652 864 5714 legitur
898 5654 946 5702 in
989 5653 1215 5705 Homi’iis
1245 5655 1295 5704 in
1320 5629 1569 5708 Gen’esim.
1599 5659 1697 5709 Sed
1729 5676 1874 5735 quqm

325 5710 464 5758 eum
482 5725 506 5759 s
528 5715 732 5760 [harum
757 5716 995 5760 vocalium
1017 5733 1048 5760 τι
1081 5723 1135 5760 et
1153 5735 1170 5760 ι
1195 5722 1506 5760 mmmmmin
1528 5735 1674 5760 nomn
1697 5735 1844 5760 nnch

325 5710 464 5758 'acﬂis
482 5710 546 5761 sit
563 5710 995 5764 harum'vocalium
1017 5733 1048 5774 η
1081 5723 1135 5765 el.
1153 5735 1170 5765 ι
1195 5722 1506 5770 commutatio
1528 5735 1674 5773 nemo
1696 5710 1868 5774 ue'sciL

2028 5560 2208 5677 1ξιίῖςιιο
2243 5604 2306 5651 de
2333 5608 2848 5677 ⁸εειειρθεῇο-Ᾱὺι-ιιίιιε,
2892 5617 3022 5677 quod
3062 5621 3169 5663 erat
3191 5616 3344 5676 ﬁgura
3369 5617 3546 5673 crucis,

1976 5664 2410 5740 :ﬁgggpnomigﬁ
2434 5669 2630 5734 Christi,
2674 5664 3135 5738 pluribhs'explical
3174 5664 3546 5740 Cﬁ'rysustomus'

1980 5730 2114 5773 tomo
2139 5724 2218 5787 IV,
2248 5728 2427 5793 μηδ.
2616 5724 2628 5734 ’
2676 5724 2692 5736 ⁵

3484 348 3601 406 320
3660 362 3669 365 ‘
