3966 6192
191 184 286 236 521

191 297 300 348 ritis
327 302 493 357 esset,
524 289 839 345 obsecrabat
859 288 1003 342 lsaac
1024 286 1186 340 Deum
1220 293 1276 338 ut
1299 285 1387 338 illa
1417 283 1720 347 conciperet
1750 302 1764 339 t

189 395 342 452 atque
369 392 428 436 ut
458 383 686 449 gestavit
715 390 946 441 uterum,
973 377 1102 432 dixit
1131 377 1202 430 illi
1231 375 1403 431 Deus:
1438 362 1564 428 Data:
1603 385 1769 444 gentes

191 478 236 526 in
267 488 405 527 utero
427 483 514 526 tuo
543 481 679 535 sunt,
708 469 1040 540 "populusque
1066 467 1304 537 papuhtm
1333 465 1583 536 superabit
1602 464 1620 538 (
1639 464 1767 518 Gen.

191 555 277 618 “23.
301 564 410 626 εὖ)
444 580 457 615 :
491 562 788 631 pra-dicens
833 575 896 614 ea
926 575 1041 629 qtae
1067 557 1276 611 Judmos
1299 565 1353 610 et
1380 571 1480 610 nus
1510 554 1769 610 Christiao

194 672 287 710 nos
312 654 648 724 spectabant.
673 649 931 706 Utautem
955 648 1098 718 pueri
1117 647 1224 701 nati
1251 655 1376 700 sunt
1395 654 1766 710 etcreverunt,

194 747 348 800 tradit
377 743 668 812 venditque
718 741 1068 811 primogenita
1110 753 1203 792 sua
1250 737 1450 793 Jacobo
1491 737 1630 792 Esau
1674 751 1770 807 pro

193 838 435 892 coctione
462 834 641 890 lentis.
667 833 801 888 Cum
827 833 980 886 vellet
1002 831 1144 886 lsaac
1169 830 1220 883 itt
1245 829 1528 900 [Egyptum
1549 829 1762 885 descen-

193 928 338 992 dere,
367 926 492 996 quia
524 923 695 978 fames
737 921 1076 992 prmi-alebat,
1129 906 1368 975 cohibuit
1408 919 1554 973 illum
1597 919 1766 984 Deus,

196 1018 430 1072 hortatus
461 1025 518 1069 ut
557 1015 664 1069 illic
694 1023 954 1076 maneret,
983 1011 1068 1065 ιι1)1
1106 1020 1227 1065 tunc
1251 1019 1384 1073 erat,
1411 1009 1671 1078 pollicitus
1709 1022 1768 1086 se

195 1125 307 1163 cum
333 1111 447 1178 ipso
498 1105 756 1171 futurtttn,
805 1118 868 1157 ac
896 1090 1295 1156 benedictur‘um
1341 1115 1523 1154 semen
1569 1095 1764 1169 ipsius,

197 1200 476 1268 ipsumque.
492 1195 980 1264 multiplicaturunt.
1003 1193 1135 1246 Cum
1155 1183 1422 1246 didicisset
1439 1200 1613 1246 autem
1638 1189 1766 1245 Abi;-

199 1289 398 1343 melecb
431 1303 526 1342 rex
557 1286 878 1342 Gcrarorutn
907 1273 1201 1338 Reheceatn
1229 1295 1444 1336 uxorem
1465 1296 1581 1337 esse
1605 1273 1766 1336 lsaaci

197 1380 216 1446 (
239 1377 608 1446 suSpicabatur
639 1363 776 1429 enim
800 1382 1036 1429 sororem
1067 1374 1181 1442 ejus
1209 1369 1385 1442 esse),
1431 1381 1652 1426 mortem
1684 1371 1767 1425 in-

200 1469 324 1520 dixit
351 1467 414 1519 iis
436 1466 524 1535 qui
558 1465 656 1535 ipsi
685 1463 1055 1518 contumeliam
1088 1457 1363 1516 inferrent.
1397 1461 1545 1515 Tunc
1564 1461 1766 1516 semina

198 1562 311 1622 spar
331 1556 378 1608 it
406 1556 570 1618 Isaac,
600 1563 653 1608 et
673 1554 871 1608 centies
895 1541 1294 1620 multiplicatum
1331 1550 1584 1606 hordeum
1617 1551 1766 1606 inve-

200 1649 283 1699 nit.
311 1649 444 1700 Cum
477 1655 656 1700 autem
701 1659 768 1699 ex
812 1637 1181 1698 benedictione
1216 1641 1308 1696 Dei
1349 1642 1551 1710 magnis
1583 1651 1768 1698 auctus

199 1749 332 1791 esset
348 1737 566 1801 divitiis,
611 1727 910 1790 invidebant
938 1733 986 1790 ei
1031 1722 1346 1804 Phylistiim,
1375 1742 1429 1786 et
1459 1731 1765 1788 Abimelcelt

201 1826 306 1882 nnlc
331 1845 454 1883 cum
476 1829 699 1898 expulit.
726 1827 817 1880 llle
835 1841 960 1880 vero
981 1839 1082 1879 non
1105 1824 1325 1889 obstitit,
1347 1824 1436 1879 sed
1460 1825 1695 1890 reces-il,
1715 1827 1768 1879 et.

202 1932 375 1989 puteos
399 1921 546 1985 fodit,
573 1935 670 1988 pro
691 1919 880 1988 quibus
902 1918 1022 1972 lites
1050 1916 1261 1971 fuerunt
1285 1916 1381 1986 (η).
1401 1915 1492 1971 illc
1514 1929 1640 1970 vero
1661 1928 1763 1970 non

201 2015 326 2066 ultus
354 2029 468 2078 eos,
501 2013 636 2066 alios
667 2011 794 2064 fodit
825 2020 1028 2082 puteos,
1054 2005 1224 2064 donec
1255 2009 1326 2063 illi
1357 2009 1650 2064 molestiam
1682 2009 1756 2063 in-

203 2098 328 2157 i‘er're
354 2104 642 2158 desierunt.
669 2103 736 2156 Et
760 2101 1025 2156 benedixit
1052 2101 1200 2154 illum
1231 2101 1388 2155 Deus.
1415 2095 1558 2155 ls‘aac
1589 2111 1762 2155 autem

203 2209 256 2248 se
277 2195 552 2249 adeuntem
575 2193 970 2248 Abimelechutn
991 2193 1214 2262 benigne
1243 2192 1474 2262 suscepit
1498 2194 1766 2246 convivio-

199 2303 290 2354 que
316 2287 555 2357 excepit,
596 2274 903 2354 injuriarutn
951 2285 1247 2338 immemor.
1280 2279 1434 2338 Duxit
1461 2284 1597 2338 Esau
1623 2284 1762 2337 (illa-

199 2394 397 2434 mumas
425 2379 697 2440 mulieres,
717 2393 833 2447 ιιιιςυ
865 2375 1131 2446 litigabant
1149 2392 1268 2430 cum
1288 2375 1546 2429 Rebecca.
1572 2373 1762 2430 Senuit

195 2470 395 2523 lsaarus
422 2478 476 2523 et
502 2458 861 2536 ealigaverunt
890 2465 1027 2520 oeuli
1057 2467 1170 2536 ejus
1196 2509 1208 2530 ,
1238 2467 1590 2536 pra-Cepitque
1622 2467 1762 2522 Esau

194 2551 286 2611 lilio
310 2574 432 2624 suo,
459 2567 514 2611 ut
537 2567 823 2611 venaretur
848 2564 901 2610 et
925 2566 1128 2626 pararet
1152 2556 1248 2609 sibi
1271 2557 1488 2618 cibaria,
1514 2569 1567 2611 ιιι
1597 2559 1760 2614 bene-

190 2650 380 2705 diceret
409 2665 552 2704 eum.
587 2645 752 2704 Jacoh
771 2651 964 2712 autem,
985 2649 1050 2702 de
1071 2650 1252 2702 matris
1274 2649 1494 2704 censilio
1510 2652 1560 2706 et
1575 2665 1755 2721 opera,

193 2741 315 2793 Esau
338 2740 560 2794 fratrem
590 2741 880 2810 prasvenit:
906 2756 1024 2794 nam
1047 2740 1211 2795 coctis
1231 2741 1317 2794 illa
1340 2740 1507 2795 laedis
1529 2743 1756 2811 duobus,

188 2841 237 2884 et
260 2828 486 2901 pellibus
521 2849 706 2886 eorum
737 2832 844 2887 filio
867 2834 1273 2902 circumpositis,
1301 2844 1357 2888 ιιι
1377 2835 1464 2888 lilii
1495 2837 1760 2892 levitatem

189 2923 452 2996 obtegeret
473 2969 489 2988 ,
520 2927 716 2980 cibaria
767 2925 862 2994 ipsi
915 2925 1160 2991 tradidit,
1207 2935 1258 2980 et
1288 2928 1464 2980 emisit
1498 2935 1642 2982 cum.
1669 2926 1760 2984 Ille

188 3033 304 3070 vero
332 3020 608 3086 ingressus
638 3010 1035 3070 hencdictiones
1060 3017 1280 3086 acc-epit.
1317 3015 1417 3071 Ubi
1449 3027 1624 3073 autem
1665 3029 1758 3075 ac-

187 3109 330 3160 cessit
361 3102 508 3162 Esat't
529 3149 543 3171 ,
577 3115 630 3162 et
672 3101 809 3176 quod
838 3113 1044 3176 gestum
1075 3113 1188 3161 erat
1211 3107 1464 3173 edidicit,
1497 3109 1757 3165 latuettta-

185 3191 345 3264 batur,
373 3194 613 3268 lugebat,
646 3197 958 3268 petebatque
988 3208 1037 3252 et
1069 3198 1178 3267 ipse
1205 3198 1628 3254 benedictionem
1657 3194 1754 3256 sibi

184 3287 285 3342 dari
314 3308 325 3342 :
348 3302 394 3343 et
419 3287 838 3360 perseverantia
859 3303 950 3342 sua
977 3288 1172 3358 aliquid
1192 3290 1396 3354 effecit;
1428 3291 1557 3344 nihil
1581 3300 1755 3346 tamen

186 3383 390 3444 tinum,
425 3387 692 3449 quantum
721 3379 970 3447 sperabat
997 3396 1009 3432 :
1039 3380 1340 3448 itnpetravit
1367 3389 1562 3436 tamen.
1589 3382 1755 3436 Parva

185 3470 343 3539 ilaque
373 3472 501 3525 loco
531 3469 750 3538 majoris
776 3470 1141 3526 benedictione
1165 3470 1410 3538 donatus,
1436 3473 1758 3530 irascebatur

181 3569 348 3616 contra
374 3563 622 3624 fratrem,
655 3559 860 3628 injuria:
886 3572 1108 3626 memor,
1133 3562 1573 3632 exspectabatque
1595 3566 1757 3633 patris

182 3663 416 3718 nmrtem,
455 3656 520 3705 Iit
553 3652 678 3706 tunc
704 3651 822 3707 sibe
845 3657 985 3706 metu
1014 3652 1227 3708 insidias
1253 3655 1350 3725 ipsi
1373 3663 1600 3725 pararet.
1635 3656 1758 3712 llmc

175 3741 363 3798 Jacobo
390 3745 599 3799 indicat
620 3752 809 3807 mater,
832 3744 1178 3815 hortaturque
1197 3751 1252 3800 ιιι
1279 3746 1394 3815 fuga
1418 3749 1638 3801 salutent
1658 3749 1755 3802 sibi

176 3845 350 3900 paret:
381 3842 622 3904 cumque
651 3834 870 3890 dixisset
901 3834 1078 3889 Isaaco
1112 3853 1215 3890 nott
1257 3837 1464 3891 vitalem
1509 3838 1607 3892 sibi
1644 3839 1758 3895 fore

179 3927 349 3994 vitam,
383 3929 425 3982 si
459 3926 635 3982 Jacob
661 3927 819 3981 etiam
851 3941 914 3982 ex
940 3927 1490 3984 Cliananmisu'xorem
1517 3931 1755 3996 duceret,

179 4015 294 4070 illud
321 4019 487 4074 efficit
521 4028 585 4072 ut
608 4017 1015 4074 IsaacJacobum
1051 4021 1221 4074 mittat
1248 4021 1298 4074 in
1328 4021 1757 4092 Messopotamiaut

177 4109 234 4160 ad
260 4108 475 4164 fratrem
539 4111 706 4180 ipsitts
754 4109 1047 4176 Labanum,
1077 4113 1135 4166 ut
1163 4127 1229 4166 ex
1259 4112 1465 4166 filiabus
1489 4113 1602 4180 ejus
1629 4121 1760 4167 utro-

176 4216 276 4256 rem
299 4205 482 4258 ducat.
518 4203 649 4257 Post
687 4201 869 4257 Jacobi
902 4203 1194 4272 profectum
1243 4205 1394 4259 duxit
1426 4204 1566 4259 Esau
1599 4205 1757 4258 filiam

177 4289 402 4350 lsmaelis
423 4296 529 4350 sibi
559 4310 796 4354 uxorem.
832 4295 1016 4350 lsmaei
1038 4305 1214 4351 autem
1240 4297 1376 4352 filius
1395 4308 1508 4352 erat
1534 4298 1760 4352 Ahralta:

173 4397 230 4435 ex
259 4387 454 4454 Agare.
483 4385 649 4440 Videt
677 4385 870 4439 scalam
896 4386 1078 4448 Jacob,
1101 4389 1312 4458 cippum
1341 4390 1512 4456 erigit,
1543 4391 1762 4459 promit-

175 4475 331 4544 titque
357 4492 418 4530 se
445 4479 717 4531 bonorum
746 4488 959 4532 suorum
987 4479 1219 4534 decimas
1243 4479 1350 4535 Deo
1397 4482 1663 4540 daturum.
1717 4483 1758 4536 si

175 4564 450 4622 incolumis
483 4574 866 4623 reverteretur.
903 4569 1056 4625 Venit
1083 4572 1132 4625 in
1152 4565 1600 4642 Mesopotamiam.
1635 4574 1764 4628 vidit

176 4653 485 4723 liachelem,
523 4659 694 4728 ipsam
717 4661 982 4713 osculatus
1001 4670 1082 4714 est
1107 4677 1121 4725 ;
1151 4676 1358 4716 reversa
1394 4664 1563 4732 puella
1593 4665 1641 4718 id
1675 4681 1761 4717 re-

157 4734 596 4818 nuntiavitpatri
625 4764 721 4804 suo
750 4747 984 4806 Labano.
1016 4753 1104 4808 Ille
1125 4754 1340 4809 Vt'ltit‘lts
1371 4758 1580 4825 agitavit
1605 4756 1762 4810 Jaco-

176 4836 308 4903 hnm,
342 4841 568 4895 induxit
613 4840 759 4894 illum
800 4841 1039 4896 domum.
1081 4843 1246 4897 Jaeoh
1285 4847 1500 4899 servivit
1540 4847 1647 4911 illi,
1711 4847 1760 4900 in

174 4931 468 4985 mercedem
503 4931 672 4984 ﬁliam
701 4931 866 4999 ipsius
880 4941 1193 5002 accepturus
1215 4953 1228 4989 :
1247 4935 1334 4990 ille
1354 4952 1480 4990 vero
1507 4938 1762 5003 majorem

179 5028 286 5071 natu
307 5022 477 5076 dedit.
519 5019 689 5091 Aigre
729 5022 912 5077 ferenti
946 5023 1144 5079 Iacobo
1166 5026 1235 5080 ob
1265 5025 1544 5091 fallaciam,
1569 5037 1762 5097 propo-

179 5109 245 5159 nit
269 5119 327 5164 ut
359 5123 581 5181 septem
609 5111 741 5165 alios
766 5128 936 5168 annos
959 5115 1057 5170 sibi
1103 5116 1318 5179 serviat,
1361 5117 1404 5169 si
1433 5118 1553 5171 velit
1593 5127 1648 5172 et
1677 5119 1765 5186 ju-

178 5197 367 5253 niorem
416 5201 651 5254 ducere.
706 5201 799 5256 ille
840 5218 968 5257 vero
1020 5204 1070 5257 id
1124 5219 1334 5274 quoque
1363 5220 1546 5275 passus
1581 5217 1681 5273 est,
1712 5217 1766 5263 et

175 5286 315 5344 dmit
341 5292 507 5346 etiam
536 5291 833 5361 juniorem.
865 5293 992 5348 Erat
1019 5304 1193 5349 autem
1217 5297 1384 5366 major
1410 5309 1532 5352 natu
1551 5299 1640 5353 Lia
1670 5300 1766 5369 lip-

176 5378 247 5442 pis
265 5383 471 5446 oculis;
506 5381 700 5452 junior
740 5393 915 5437 autem
959 5384 1161 5439 Rachel
1207 5384 1460 5441 formosa.
1517 5388 1610 5443 ila:
1640 5405 1766 5444 vero

176 5465 346 5537 ἥξω-ιε
371 5481 525 5537 sunt,
562 5485 759 5539 nempe
789 5473 958 5541 major
977 5481 1103 5528 natu
1127 5489 1407 5546 synagoga:
1433 5477 1762 5545 Judteorum,

227 5579 298 5642 (rt)
331 5587 440 5634 uter
471 5581 702 5647 pluribus
725 5596 806 5642 ex;
827 5583 1026 5635 Iieantur
1048 5595 1192 5638 Temo
1218 5595 1286 5651 IV,
1319 5589 1396 5640 col
1447 5591 1542 5641 137.

503 5661 768 5722 Pauor.
824 5659 941 5720 Gn.
981 5659 1132 5723 LVI.

1289 170 1603 226 SYNOPSIS
1638 170 2040 227 SCRIPTUR.’E
2079 171 2349 228 SACR.—'E.

3351 181 3454 232 5‘22

1874 284 2053 352 junior
2081 295 2252 339 autem
2283 284 2529 339 Ecclesiae
2551 285 2766 341 Christi.
2801 287 3048 358 Concepit
3078 290 3189 353 Liet,
3215 303 3266 345 et
3299 309 3454 360 pepo.

1877 377 1944 430 rit
1974 367 2178 442 Ruben,
2206 377 2544 448 Symeonem,
2578 378 2699 433 Levi
2730 390 2778 433 et
2808 370 3016 434 ludam.
3053 377 3246 436 Rachel
3278 394 3452 438 autem

1875 468 1995 537 quia
2024 482 2126 522 non
2163 468 2418 537 pariebat,
2443 469 2530 521 dat
2549 468 2748 523 Iacobo
2777 485 2994 524 uxorein
3019 470 3326 538 secundam,
3356 487 3450 527 an-

1875 559 2047 612 cillam
2079 574 2270 628 nempc
2299 573 2446 612 suam
2488 559 2690 623 Balam,
2741 569 2794 613 et
2842 563 3046 630 peperit
3093 563 3179 615 illa
3240 563 3347 616 Din
3398 575 3482 632 et,

1876 648 2232 717 Neplttltalitu.
2265 649 2418 703 Dedit
2442 651 2601 704 etiam
2635 649 2724 704 Lia
2751 647 3006 719 Zelpltam
3029 652 3271 706 ancillam
3300 645 3481 735 suam:

1873 738 2073 794 Jacobo
2103 754 2320 794 uxorem
2355 757 2367 793 :
2396 736 2510 794 htec
2547 755 2675 795 vero
2703 741 2908 810 peperit
2937 740 3048 796 Gad
3089 753 3140 796 et
3171 745 3320 797 Aser.
3355 744 3480 798 Pe-'

1876 831 2012 898 perit
2031 826 2220 883 deinde
2247 827 2404 884 etiam
2429 828 2518 882 Lia
2535 827 2747 885 lsachar
2767 841 2818 884 et
2838 831 3093 886 Zabu‘lon.
3118 825 3267 887 Tunc
3292 841 3454 903 pepe-

1875 909 1939 973 rit
1965 935 2174 990 quoque
2199 914 2396 974 Rachel
2413 915 2725 990 Josepltum.
2749 921 2878 978 Cum
2906 932 3081 979 autem
3108 923 3264 979 vellet
3287 925 3452 980 Jacob

1872 1012 2068 1066 reverti
2098 1011 2149 1065 in
2174 1019 2367 1066 terram
2407 1026 2578 1077 suam,
2604 1013 2694 1067 dat
2737 1014 2834 1084 ipsi
2890 1017 3191 1072 mercedem
3246 1016 3447 1081 Laban.

1873 1117 2028 1172 quam
2057 1101 2170 1172 ipse
2199 1099 2362 1157 Jacob
2378 1101 2768 1168 determinavit,
2799 1121 2956 1161 omne
2980 1107 3252 1163 fuseumin
3273 1109 3443 1179 agnis,

1873 1201 1926 1246 et
1954 1206 2112 1246 omne
2136 1192 2313 1246 album
2345 1193 2395 1246 in
2426 1193 2639 1262 capris:
2672 1191 2757 1247 illa
2793 1205 2970 1249 autem
3017 1211 3171 1266 quam
3222 1198 3446 1267 plurima

1872 1273 2218 1336 oriebantur:
2243 1281 2475 1353 ponebat
2501 1282 2641 1336 enim
2671 1283 2834 1338 Jacob
2858 1285 3031 1356 virgas
3063 1286 3114 1339 in
3141 1287 3447 1354 canalibus;

1873 1382 1926 1428 et
1955 1371 2320 1445 concipiebant
2351 1380 2496 1439 oves,
2527 1380 2580 1429 ct
2600 1375 2878 1445 pariebant
2915 1377 3030 1432 alba
3078 1387 3133 1433 et
3175 1381 3339 1446 varia,
3394 1387 3451 1436 et

1872 1464 2113 1518 cineritio
2159 1465 2335 1519 colore
2379 1479 2583 1534 sparsa.
2633 1463 2763 1520 Illud
2817 1482 2945 1521 vero
2990 1477 3154 1522 totum
3198 1471 3286 1524 Dei
3335 1483 3450 1526 erat

1872 1571 2025 1624 Opus,
2069 1566 2125 1610 ut
2169 1557 2281 1626 ipse
2310 1556 2473 1611 Jacob
2498 1558 2590 1610 ait.
2641 1556 2945 1614 lttvidrbant
2973 1561 3020 1613 ei
3047 1561 3132 1614 fili;
3165 1560 3362 1624 Lahan,
3395 1577 3450 1617 et

1873 1643 1960 1714 ille
1990 1648 2124 1701 t'itltt
2152 1647 2380 1717 aect'plis
2413 1648 2662 1702 uxoribus
2697 1650 2805 1702 suis
2827 1664 2945 1702 cum
2972 1649 3306 1706 facultatibus
3326 1654 3450 1706 abs-

1871 1739 2049 1792 cessit.
2083 1736 2258 1792 Labau
2287 1755 2415 1794 vero
2445 1737 2758 1810 lnsequutus
2778 1754 2898 1794 eum
2922 1753 3021 1804 est,
3051 1755 3111 1796 ac
3140 1746 3444 1815 priusqttaut

1872 1845 1990 1883 cum
2013 1823 2103 1883 illo
2129 1828 2562 1899 congrederetur,
2594 1831 2966 1886 interminatus
2995 1843 3073 1885 est
3103 1832 3172 1886 illi
3215 1835 3372 1901 Deus,
3401 1837 3444 1890 si

1871 1937 2057 1992 aSpere
2077 1917 2327 1977 Jacohum
2343 1924 2659 1977 adoriretur.
2687 1923 2776 1978 llle
2796 1935 2918 1978 vero
2942 1934 2993 1976 ut
3016 1923 3250 1990 advenit,
3277 1928 3447 1994 primo

1871 2012 2163 2078 incusabat,
2198 2022 2247 2066 el
2272 2026 2485 2067 causam
2515 2011 2806 2082 quterebat,
2834 2027 2930 2066 cur
2952 2013 3125 2066 furtim
3157 2014 3446 2068 ιώεοῦδήεδ

1870 2109 1970 2158 set.
2005 2105 2069 2159 Ut
2089 2114 2265 2159 autem
2291 2097 2454 2158 Jaeob
2472 2103 2838 2172 t‘CSpOndil,SC
2856 2103 2906 2158 id
2926 2103 3043 2160 ideo
3072 2104 3280 2171 fecissr,
3303 2108 3444 2178 q'ttltl

1869 2196 1967 2250 sibi
1999 2195 2342 2259 invidt-retur,
2385 2197 2440 2249 et
2478 2196 2701 2248 Veritum
2733 2208 2800 2250 ne
2841 2195 2974 2251 filias
3012 2208 3134 2252 suas
3171 2201 3440 2262 retineret,

1867 2287 1997 2341 deos
2025 2301 2150 2340 suos
2195 2286 2461 2356 repetebat
2491 2285 2690 2352 Labau,
2727 2300 2859 2356 quos
2886 2286 3054 2340 furata
3081 2293 3196 2342 erat
3223 2288 3444 2345 Rachel.

1868 2379 1998 2434 Cum
2018 2389 2190 2433 autem
2211 2395 2316 2433 non
2331 2377 2641 2444 invenisser,
2663 2380 2821 2432 instat
2837 2378 3356 2436 vehementrrJacob
3375 2382 3443 2435 in-

1867 2483 2077 2523 cusms.
2104 2469 2346 2534 Dcntttm,
2382 2477 2658 2538 p0stquam
2676 2468 3020 2523 comederant
3033 2480 3085 2523 et
3110 2469 3371 2535 biberant,
3390 2471 3441 2526 in

1868 2561 2005 2615 viatn
2033 2563 2256 2632 quisque
2296 2575 2444 2616 suam
2477 2568 2809 2615 recesserunt
2829 2601 2843 2621 .
2874 2561 3132 2615 tumulum
3161 2559 3271 2616 illic
3293 2561 3434 2632 lapid

1867 2651 1992 2706 dum
2037 2659 2333 2706 statuentes
2358 2691 2372 2715 ,
2414 2665 2570 2720 quem
2611 2651 2799 2706 eollent
2846 2651 3438 2707 testimoniivocarunt.

1867 2743 2016 2798 Tunc
2046 2757 2327 2799 occurrere
2355 2743 2556 2798 Jacobo
2584 2743 2755 2813 angeli
2787 2743 2897 2796 Del.
2939 2742 3096 2797 Mittit
3123 2757 3251 2798 vero
3276 2745 3442 2800 Jacob

1863 2836 1929 2890 ad
1973 2837 2112 2891 Esau
2134 2878 2148 2901 ,
2181 2836 2268 2906 qui
2293 2836 2669 2890 annuutiarent
2694 2835 2974 2889 adventum
3011 2850 3183 2890 suum.
3221 2833 3284 2892 Ut
3315 2849 3442 2892 vero

1865 2929 2136 2983 redierunt
2165 2927 2197 2982 ii
2224 2928 2310 2998 qui
2353 2928 2494 2982 missi
2519 2927 2746 2992 fuerant,
2779 2937 2829 2980 et
2861 2927 3230 2980 nuntiaverunt
3257 2929 3440 2982 venire

1864 3018 2006 3073 Esau
2029 3035 2149 3073 cum
2179 3018 2578 3089 q‘dadringentis
2610 3018 2755 3082 viris,
2783 3017 3060 3071 formidine
3081 3026 3266 3085 captus
3290 3029 3440 3087 rogat

1864 3111 2028 3166 Deum
2050 3153 2065 3177 ,
2098 3119 2154 3166 ut
2183 3125 2240 3165 se
2264 3111 2331 3166 ab
2361 3109 2654 3164 imminenti
2681 3110 2913 3179 periculo
2940 3109 3142 3174 liberet,
3175 3110 3440 3179 mittitque

1862 3203 1999 3258 dona
2046 3203 2186 3256 Esai't
2233 3202 2403 3255 fratri.
2437 3200 2503 3257 Ut
2535 3208 2710 3254 autem
2759 3201 3027 3270 ingressos
3069 3209 3151 3254 est
3178 3197 3342 3256 Jacob
3385 3200 3438 3254 1ιι

1863 3299 2150 3348 torrentem
2177 3334 2191 3359 ,
2230 3291 2756 3361 benedictionemque
2785 3292 3027 3360 accepit,
3065 3306 3128 3344 ac
3172 3299 3435 3347 mutatum

1864 3385 1958 3438 fuit
1983 3399 2178 3438 nomen
2203 3383 2341 3452 ejt‘ls,
2369 3382 2508 3436 videt
2537 3381 2675 3436 Esau
2703 3381 3020 3442 venientem,
3043 3395 3107 3435 ac
3132 3381 3300 3435 divisa
3325 3392 3438 3437 ιιιιὅ

1862 3487 1944 3530 ma
1967 3489 2082 3540 sua,
2105 3475 2324 3530 ancillas
2345 3486 2463 3527 cum
2488 3473 2608 3527 filiis
2626 3473 2734 3528 suis
2756 3473 2950 3542 primas
2976 3474 3267 3540 constituit,
3293 3474 3440 3528 Lizzm

1862 3569 2144 3624 secundam
2169 3577 2287 3623 eum
2315 3569 2450 3633 filiis,
2486 3580 2536 3622 et
2558 3567 2843 3623 Rachelem
2866 3579 2984 3622 cum
3009 3567 3206 3636 Joseplt
3237 3576 3443 3637 postre—

1863 3674 2002 3712 mam
2053 3659 2232 3714 venire
2273 3659 2470 3730 jussit:
2503 3646 2616 3729 ipse
2636 3667 2769 3713 varo
2799 3659 2998 3728 primus
3039 3658 3333 3714 incedebat.
3371 3657 3441 3714 Ut

1862 3757 2038 3802 autem
2061 3750 2267 3820 placide
2295 3749 2424 3803 vidit
2455 3748 2600 3801 illum
2634 3748 2773 3802 Esau
2797 3789 2812 3813 ,
2841 3757 2895 3803 et
2921 3749 3057 3803 dona
3085 3749 3152 3800 ab
3181 3747 3272 3802 illo
3292 3761 3442 3802 acce-

1865 3838 1973 3906 pit,
2005 3839 2222 3907 rogabat
2251 3854 2309 3892 se
2339 3844 2435 3891 via:
2466 3839 2713 3891 comitem
2742 3839 3005 3906 acciperet
3035 3857 3048 3892 :
3077 3837 3242 3892 Jacob
3262 3847 3440 3893 autem

1864 3930 2058 3982 renuit.
2089 3926 2342 3984 Confecto
2387 3931 2575 3982 itinere
2615 3941 2852 3984 moratus
2893 3939 2974 3983 est
3005 3931 3055 3983 in
3095 3929 3269 3984 Salent
3307 3932 3442 3984 Siel-

1865 4026 2072 4073 mo'rum
2099 4021 2247 4083 urbe,
2281 4019 2368 4073 ubi
2396 4019 2622 4090 Sychem
2653 4019 2789 4072 filius
2820 4020 3034 4072 Ιζιιιιιιιιι
3058 4020 3196 4088 regis
3215 4061 3230 4084 ,
3259 4033 3442 4072 amore

1867 4111 2010 4166 Dilut-
2040 4112 2158 4166 lilia)
2191 4111 2370 4166 JaCohi
2396 4118 2580 4179 Captus
2609 4119 2720 4175 est,
2759 4110 2950 4179 illaque
2977 4109 3176 4174 vitiata,
3216 4109 3440 4178 rogabat

1866 4204 2008 4257 illaut
2038 4203 2234 4256 ducere
2281 4219 2499 4256 uxorein
2531 4202 2629 4255 sibi
2671 4201 2872 4254 liceret.
2905 4200 3310 4269 ReSpouderunt
3337 4201 3442 4271 Sy-

1867 4308 2020 4348 meon
2049 4305 2098 4348 et
2131 4293 2254 4347 Levi
2279 4336 2292 4358 ,
2327 4308 2384 4348 sc
2414 4292 2638 4347 libenter
2665 4293 2882 4346 daturos
2902 4333 2917 4356 ,
2961 4292 3005 4345 si
3034 4291 3130 4360 ipsi
3161 4292 3444 4346 circumci-

1864 4384 2118 4438 derentttr
2138 4393 2258 4438 cum
2287 4382 2480 4453 populo
2500 4398 2615 4437 suo.
2640 4382 2708 4438 Ut
2736 4397 2863 4437 vero
2885 4396 2944 4437 se
2973 4382 3442 4448 circumcidcrutn,

1865 4485 1987 4530 cum
2020 4473 2193 4528 adltnc
2235 4475 2286 4528 in
2315 4473 2501 4528 dolore
2550 4483 2928 4537 versarentur,
2977 4472 3096 4527 illos
3135 4471 3446 4528 interfecero

1865 4568 2094 4638 Sytueou
2133 4568 2187 4620 et
2229 4565 2373 4620 Levi.
2415 4565 2680 4620 Metuebat
2714 4565 2967 4636 deinceps
3007 4565 3170 4620 Jacab
3197 4577 3266 4622 ne
3294 4567 3346 4620 in
3387 4580 3448 4621 se

1868 4659 2128 4712 irruerent
2159 4658 2314 4712 vicini
2340 4656 2623 4713 Citauautni
2657 4676 2669 4712 :
2709 4657 2924 4728 Deuque
2945 4658 3167 4728 jttbcute
3208 4659 3443 4714 ascendt.

1869 4749 1918 4802 itt
1951 4748 2172 4802 Ba-thel.
2206 4749 2512 4818 Mortuaque
2541 4760 2621 4802 est
2648 4749 2823 4803 nutrix
2867 4749 3138 4803 Rebeecm.
3169 4747 3238 4804 Ut
3269 4757 3461 4802 autem

1869 4839 2134 4894 benedixit
2162 4839 2359 4894 Jacobo
2383 4840 2540 4902 Dens,
2569 4839 2836 4909 profectus
2860 4853 2924 4892 ex
2957 4837 3152 4891 Btethcl
3186 4836 3441 4891 habitavit

1869 4933 2002 4986 ultra
2030 4933 2214 4986 turrim
2235 4932 2426 4987 Gader.
2457 4932 2605 4986 Tunc
2628 4931 2908 4985 infeliciter
2929 4930 3135 5000 peperit
3159 4929 3355 4985 Rachel
3387 4939 3444 4984 et

1869 5036 2072 5080 mortua
2103 5034 2182 5080 est
2208 5066 2222 5087 ,
2255 5026 2567 5093 scpnltaqoe
2613 5033 2693 5076 cst
2725 5023 2775 5075 itt
2813 5022 2894 5076 via
2923 5020 3148 5090 Ephrata
3181 5034 3197 5078 :
3229 5022 3341 5075 hate
3369 5033 3453 5077 est

1872 5115 2200 5170 Belltleltem.
2223 5115 2318 5182 Qui
2346 5124 2500 5167 Italus
2519 5124 2694 5166 autem
2719 5122 2820 5178 65f,
2847 5113 3120 5182 Bettjatttitt
3143 5123 3275 5168 erat.
3301 5113 3452 5170 Tunc

1870 5205 2116 5260 dormivit
2161 5204 2342 5258 ltubeu
2371 5219 2489 5258 cum
2523 5203 2667 5258 Bulla
2699 5203 2990 5256 concubina
3024 5205 3188 5272 patris
3228 5206 3328 5258 sui.
3359 5203 3453 5258 illo

1873 5306 2114 5364 tempore
2145 5304 2384 5348 mortuus
2410 5305 2489 5347 est
2525 5293 2668 5348 lsaac
2694 5301 2709 5357 ς
2740 5302 2792 5348 et
2813 5295 3142 5366 sepelierunt
3165 5308 3286 5348 eum
3317 5294 3456 5350 Esau

1872 5398 1923 5441 et
1939 5387 2118 5440 Jacob.
2135 5386 2451 5455 Genealogia
2475 5383 2682 5440 ducitur
2701 5385 2965 5456 progeniei
2985 5385 3146 5451 Esau,
3164 5385 3300 5438 inter
3319 5398 3454 5452 quos

1871 5477 1972 5532 Job
2001 5477 2265 5546 reperitur
2287 5476 2363 5545 (η)
2389 5518 2402 5541 ,
2435 5477 2524 5546 qui
2557 5475 2723 5530 Jobab
2746 5475 2828 5531 hic
2856 5485 3092 5530 vocatur.
3116 5471 3347 5540 Joscpho
3379 5472 3455 5526 in-

1938 5590 2012 5652 (τι)
2044 5589 2142 5637 ,ιυιὴ
2168 5587 2407 5648 originem
2431 5588 2491 5636 ab
2515 5590 2629 5636 rsat't
2674 5587 2872 5638 deducit
2908 5587 3269 5643 Citrvspstotvtus
3305 5581 3382 5632 hic
3405 5588 3454 5636 et

3037 5661 3117 5723 20
