3966 6192
449 187 556 241 ὄὲὄ

452 297 634 352 vident
679 297 866 352 fratres
909 293 1234 350 somniorum
1282 302 1438 342 causa
1465 328 1478 350 ,
1529 281 1752 352 etquod
1791 279 1957 350 magis
2008 293 2036 330 a

457 398 605 456 patre
643 386 967 456 diligeretur.
1006 381 1264 448 lllumque
1304 377 1474 431 solum
1504 372 1642 427 nacti
1670 369 1912 424 occidere
1950 382 2043 422 vo-

455 477 632 530 lebant
661 493 674 528 :
699 472 984 528 consulens
1009 479 1184 526 autem
1215 467 1404 522 Ruben
1425 508 1440 531 ,
1475 473 1530 517 ut
1570 463 1620 517 in
1652 460 1824 515 lacum
1857 457 2043 526 injice-

455 576 640 630 retur,
676 565 887 620 volebat
929 563 1076 618 illum
1125 561 1310 614 saltem
1354 574 1382 610 a
1426 565 1595 610 morte
1638 553 1865 622 eripere.
1905 549 2038 604 Cum

453 655 780 726 injecissent,
806 652 1155 709 vendiderunt
1175 650 1388 704 demum
1413 644 1734 709 Madianitis,
1757 641 1889 696 .luda
1917 654 2045 695 cen-

365 791 376 798 .
451 751 680 804 sulente.
710 745 964 800 Tunicam
991 750 1166 797 autem
1190 739 1304 809 ejus
1330 737 1586 807 sanguine
1613 735 1828 789 tinctam
1860 737 2042 785 esten-

454 841 640 898 deruut
676 837 828 909 patri.
864 835 956 890 llle
979 847 1109 889 vero
1130 839 1320 903 putans
1349 828 1496 885 illum
1517 841 1547 880 a
1571 828 1680 879 fera
1708 823 2040 885 devoratum,

455 932 686 1004 graviter
713 927 946 999 lugebat.
982 924 1133 980 .ludze
1159 930 1338 977 autem
1371 919 1480 974 nati
1509 924 1663 982 sunt,
1698 913 1790 979 Er,
1821 914 2004 968 Aunan
2024 954 2041 980 ,

453 1036 503 1076 ιιι
534 1022 719 1078 Selon.
747 1021 956 1075 Mortuo
980 1030 1157 1072 autem
1186 1015 1257 1070 Er
1276 1054 1292 1081 ,
1333 1026 1553 1066 uxorem
1584 1008 1701 1079 ejus
1725 1006 2044 1061 Thamar-em

451 1112 601 1166 «luxit
627 1112 793 1167 frater
820 1109 936 1179 ejus
967 1110 1158 1163 Aunau
1188 1123 1201 1160 :
1229 1104 1317 1174 qui
1342 1101 1554 1156 nolebat
1575 1114 1754 1153 semen
1785 1097 2045 1152 suscitare

457 1201 605 1257 fratri
635 1215 754 1256 suo.
779 1198 850 1254 Ut
869 1213 996 1252 vero
1018 1197 1103 1251 hic
1127 1208 1338 1266 quoque
1361 1200 1602 1246 mortuus
1629 1197 1708 1243 est
1735 1231 1750 1252 ,
1776 1201 1880 1240 non
1910 1186 2044 1239 ultra

461 1294 675 1350 volebat
710 1291 874 1347 Jodas
916 1289 1097 1344 Soloni
1140 1287 1296 1341 tertio
1325 1284 1432 1338 filio
1474 1282 1789 1337 Thamarem
1827 1293 2044 1332 uxorem

466 1385 608 1443 dare,
679 1383 913 1437 Thamar
941 1394 1069 1435 vero
1106 1386 1292 1433 ornata
1333 1385 1392 1430 ut
1425 1373 1674 1429 meretrix
1715 1386 1869 1426 secus
1910 1370 2044 1422 viam

459 1477 616 1531 sedit.
639 1475 784 1529 Illam
805 1481 980 1529 autem
1003 1486 1132 1527 vere
1148 1469 1478 1526 meretricem
1500 1462 1865 1536 putansludas
1890 1463 2046 1531 (nam

460 1567 661 1622 vultum
688 1565 1002 1636 obtegerat)
1029 1606 1042 1630 ,
1077 1563 1346 1633 ingressus
1371 1568 1455 1616 est
1479 1559 1544 1614 ad
1574 1574 1690 1614 eam
1715 1598 1732 1624 ,
1754 1558 2049 1627 pignusque

461 1660 608 1714 dedit
649 1660 763 1725 illi,
796 1667 1041 1728 torquem
1082 1663 1136 1711 et
1165 1654 1418 1710 annulum
1462 1661 1514 1711 et
1543 1653 1768 1722 virgam.
1808 1650 1878 1707 Ut
1918 1664 2046 1704 vero

465 1751 825 1806 renuntiatum
866 1757 1046 1818 postea
1091 1755 1173 1803 est
1213 1746 1531 1801 Thamarem
1570 1753 1779 1798 uterum
1810 1751 2047 1812 gestare,

466 1841 622 1910 jussit
658 1855 810 1894 secer
838 1838 954 1909 ejus
993 1836 1157 1893 Judas
1184 1850 1306 1891 eam
1339 1835 1601 1890 comburi.
1633 1833 1721 1887 Illa
1747 1849 1875 1889 vero
1904 1833 2052 1888 misit

463 1932 666 1998 dicens,
703 1947 767 1987 ex
792 1931 886 1987 illo
906 1931 1021 1985 viro
1043 1944 1100 1985 se
1121 1929 1450 1999 concepisse,
1473 1927 1622 1998 cujus
1641 1936 1779 1984 esset
1799 1926 2046 1981 annulus.

469 2024 618 2078 'l‘unc
647 2024 720 2077 ait
747 2022 910 2078 Judas
936 2065 952 2090 ,
984 2020 1183 2075 Iustior
1211 2031 1284 2074 est
1315 2018 1537 2073 Thamar
1566 2035 1716 2090 quant
1757 2034 1844 2090 ego
1872 2017 1892 2090 (
1919 2016 2046 2072 Gen.

463 2115 554 2170 38.
584 2113 715 2186 26).
745 2113 877 2168 Cum
899 2121 1075 2167 autem
1103 2112 1300 2182 peperit
1325 2152 1338 2174 ,
1362 2110 1538 2165 emisit
1567 2125 1779 2164 manum
1810 2108 1965 2174 Zara,
1996 2117 2052 2164 et

467 2217 649 2277 postea
671 2207 911 2274 retraxit,
939 2215 991 2260 et
1015 2218 1260 2275 egressus
1281 2213 1360 2259 est
1375 2204 1596 2268 Phares,
1619 2211 1672 2257 et
1695 2210 1874 2272 postea
1894 2201 2048 2257 Zara.

470 2298 594 2353 llaec
619 2311 778 2368 porro
819 2296 896 2350 sic
940 2294 1226 2365 allegorice
1268 2293 1617 2363 explicantur.
1651 2291 1917 2357 Protulit,
1972 2291 2050 2346 in-

475 2388 686 2458 quiunt,
724 2387 926 2458 primus
955 2385 1181 2458 populus
1205 2425 1220 2450 ,
1248 2399 1440 2455 nempe
1460 2383 1586 2454 justi
1617 2383 1704 2454 qui
1732 2391 1853 2438 ante
1880 2383 2050 2454 legem

466 2479 697 2545 fuerunt,
730 2494 944 2533 manum
966 2519 979 2541 ,
1009 2477 1058 2532 id
1088 2485 1170 2531 est
1199 2476 1359 2530 vitam
1393 2475 1584 2530 virtute
1608 2486 1849 2530 ornatam
1872 2487 1926 2531 et
1952 2492 2050 2530 an-

465 2572 710 2643 gelicam.
748 2570 945 2626 Deinde
983 2571 1032 2624 iu
1073 2569 1304 2623 medium
1354 2568 1566 2622 inducta
1595 2578 1678 2624 est
1717 2569 1837 2635 lex;
1868 2579 2051 2640 postea

468 2676 597 2716 vero
627 2669 883 2731 revocata.
900 2676 1109 2715 rursum
1139 2668 1223 2714 est
1249 2659 1331 2714 illa
1365 2659 1511 2730 prior
1541 2661 1683 2726 vita,
1718 2675 1812 2730 per
1851 2660 2049 2716 Christi

475 2750 773 2804 institutum
801 2749 864 2802 ad
895 2749 1262 2818 perfectiorem
1289 2758 1484 2804 statum
1512 2759 1761 2820 provecta
1793 2751 1887 2821 (α).
1911 2751 2054 2806 Emit

473 2839 757 2910 losephum
786 2842 1033 2912 princeps
1059 2855 1346 2910 coquerum
1371 2840 1662 2896 Pharaonis
1685 2841 2009 2912 Pentephres
2036 2861 2047 2896 :

469 2934 675 3004 ipsique
713 2934 980 2989 commisit
1020 2951 1200 2988 curam
1233 2933 1469 2988 omnium
1514 2949 1632 3005 qua)
1663 2934 1714 2988 in
1763 2933 1927 2988 domo
1957 2949 2051 2988 Sua

468 3027 789 3083 erant.'Non
821 3027 982 3083 cessit
1028 3027 1113 3082 ille
1143 3027 1285 3082 herse
1324 3027 1390 3081 ad
1434 3025 1758 3097 peccandum
1801 3026 2050 3081 hortanti.

465 3119 743 3174 Calumnia
780 3119 1049 3189 impetitus
1075 3127 1187 3183 est,
1220 3118 1493 3189 conjectus
1526 3117 1578 3172 in
1606 3133 1875 3172 carcerem
1913 3117 2008 3172 fuit
2036 3135 2050 3172 :

467 3209 630 3262 etiam
653 3208 759 3262 illic
775 3207 1062 3262 dominium
1085 3209 1352 3264 obtinebat
1375 3225 1389 3275 ;
1415 3209 1633 3279 principi
1664 3209 2047 3280 pineernarum

467 3306 524 3353 et
555 3299 781 3369 principi
812 3299 1068 3369 pistorum
1098 3301 1472 3370 interpretatus
1498 3309 1580 3355 est
1607 3301 1832 3354 somnia.
1865 3301 2055 3356 Evenit

468 3390 610 3446 sicut
637 3391 752 3460 ipse
780 3390 988 3446 dixerat
1018 3410 1030 3446 :
1068 3392 1153 3447 ille
1177 3394 1372 3463 quippe
1403 3393 1608 3446 occisus
1630 3434 1644 3458 ,
1674 3391 1760 3448 hic
1787 3393 1840 3448 iu
1876 3395 2055 3464 pristi-

465 3496 596 3545 num
620 3481 875 3536 honorem
897 3481 1144 3537 reductus
1163 3491 1263 3536 est.
1284 3482 1425 3536 Vidit
1446 3483 1650 3537 Pharao
1669 3484 1872 3538 somnia
1895 3484 2052 3539 boum

467 3581 522 3626 et
548 3572 812 3640 spicarum
835 3589 848 3636 ;
873 3572 1064 3642 quibus
1083 3572 1480 3642 signiﬁcabatur
1499 3573 1838 3638 abundantia,
1867 3583 1920 3630 et
1937 3591 2055 3646 qum

470 3664 618 3718 illam
659 3664 981 3734 subsequuta
1009 3675 1090 3720 est
1122 3665 1304 3721 fames.
1348 3665 1582 3720 Eductus
1611 3682 1674 3721 ex
1716 3682 1930 3722 carcere
1972 3677 2057 3724 est

470 3753 694 3825 Ioseph,
727 3764 785 3808 ut
811 3753 897 3808 illa
927 3755 1403 3824 interpretaretur;
1435 3772 1553 3809 nam
1579 3770 1699 3810 eum
1732 3757 2057 3814 iudicaverat

469 3846 717 3915 princeps
742 3845 1134 3914 piucernarum.
1160 3844 1540 3915 luterpretatus
1570 3847 1658 3902 ille
1680 3859 1782 3915 est,
1807 3849 2056 3920 deditque

468 3937 770 4001 consilium,
801 3954 905 4007 quo
935 3937 1057 3992 fami
1082 3938 1373 3993 remedium
1403 3939 1771 3997 adhibebatur.
1797 3942 2056 4001 Statuitur

468 4039 587 4098 post
611 4027 942 4084 Pharaonem
974 4030 1206 4099 primus,
1248 4037 1302 4084 et
1328 4031 1493 4086 multo
1519 4033 1743 4088 collecto
1772 4034 1823 4088 in
1849 4045 2054 4104 septem

431 4122 622 4176 .zmnis
678 4124 936 4177 ubertatis
981 4125 1296 4188 frumento;
1344 4125 1556 4194 qumdo
1600 4125 1772 4182 fames
1821 4128 2049 4193 institit,

469 4212 774 4268 volentibus
815 4214 1097 4269 vendebat.
1134 4214 1404 4269 Venerunt
1434 4217 1594 4270 etiam
1623 4215 1812 4272 fratres
1847 4218 1964 4287 ejus
1988 4219 2054 4274 ad

433 4352 437 4357 .
467 4304 775 4359 emendum.
803 4304 901 4360 Ubi
926 4316 1102 4361 autem
1126 4323 1231 4362 non
1253 4321 1372 4360 cum
1396 4307 1500 4361 illis
1523 4307 2053 4378 viditBenjaminum,

471 4407 718 4449 metuens
745 4410 810 4448 ne
835 4396 980 4450 illum
1005 4412 1214 4467 quoque
1242 4397 1617 4468 perdidissent,
1648 4401 1858 4456 incusat
1881 4416 1974 4458 eos
2001 4412 2058 4458 ut

471 4485 839 4554 exploratores
865 4494 1020 4540 terrae
1039 4528 1054 4552 ,
1098 4502 1196 4541 nec
1222 4489 1460 4542 criminis
1484 4489 1639 4543 aliam
1683 4492 1794 4546 fere
1829 4493 2052 4549 solutio-

471 4593 593 4634 nem
617 4577 766 4644 dicit,
786 4577 882 4632 nisi
907 4578 1119 4633 fratrem
1138 4579 1404 4647 juniorem
1429 4580 1792 4650 Benjaminum
1816 4581 1867 4639 in
1891 4585 2057 4658 Egy-

472 4683 618 4744 ptnm
646 4672 968 4729 adducentes
987 4714 1002 4735 ,
1031 4672 1318 4729 ostendere
1345 4685 1579 4743 possent.
1610 4677 1838 4748 Arrepto
1877 4689 2053 4734 autem

469 4777 523 4820 et
551 4767 732 4822 vincto
760 4766 1024 4838 Symeone
1047 4808 1061 4831 ,
1093 4776 1315 4822 carteros
1345 4767 1582 4834 dimisit,
1623 4778 1678 4824 et
1708 4771 1973 4828 frumento
1997 4782 2052 4828 et

469 4867 690 4927 argento
713 4858 856 4913 date.
884 4859 978 4913 Ubi
1001 4867 1179 4913 autem
1203 4858 1447 4914 viderunt
1466 4871 1764 4931 argentum,
1786 4877 1906 4917 cum
1929 4878 2054 4934 ape-

472 4953 639 5004 rirent
666 4965 850 5006 saccos
875 4992 891 5017 ,
935 4952 1002 5006 de
1033 4965 1093 5006 re
1120 4959 1226 5006 tam
1273 4951 1544 5021 inopinata
1584 4953 1778 5008 turbati
1808 4964 1932 5008 sunt
1954 4997 1969 5021 ,
2001 4964 2057 5010 et

474 5042 838 5110 Benjaminum
864 5059 892 5098 a
916 5055 1064 5114 patre
1086 5044 1442 5114 postulabant,
1465 5044 1548 5100 cui
1570 5044 1745 5099 omnia
1768 5061 1885 5115 quae
1903 5055 2053 5116 gesta

472 5142 624 5188 erant
643 5142 959 5188 enarrarunt
1007 5135 1096 5190 llle
1124 5149 1252 5190 vero
1266 5134 1521 5191 rennebat
1543 5150 1764 5205 puerum
1790 5136 2052 5192 emittere.

472 5221 682 5282 alibi,.ut
705 5226 751 5272 in
777 5223 942 5272 ttomil.
970 5225 997 5274 7
1018 5224 1081 5274 de
1097 5226 1470 5275 Poenitentia.1-‘.t
1493 5225 1598 5276 hac
1622 5231 1699 5275 est
1723 5232 1946 5276 veterum
1969 5240 2053 5277 re-

472 5287 842 5350 centiorumque
867 5285 1122 5350 multorum
1145 5288 1326 5348 opinio,
1351 5285 1486 5336 illum
1508 5287 1658 5337 Jobab
1683 5289 1764 5350 qui
1783 5289 1910 5338 inter
1933 5290 2052 5338 Εεδῦ

475 5355 681 5396 nepotes
706 5345 860 5394 fertur
884 5359 994 5395 esse
1017 5345 1204 5396 Jobutn.

475 5362 538 5393 ne
562 5362 681 5395 20165
706 5362 860 5394 lerllll'
884 5362 994 5395 esse
1017 5362 1204 5396 .lODum.

440 5449 446 5456 ο
536 5362 770 5484 (fama?
793 5407 1071 5484 τεηοξξςετὲειῑι
1091 5407 1266 5484 eodem
1290 5422 1486 5484 Prorsus
1507 5424 1658 5484 seu-se
1675 5408 1886 5484 sese}?!
1906 5409 2052 5484 Clin-

473 5479 712 5518 sostomus
735 5477 864 5517 Hom.
893 5470 953 5518 (5:!
977 5470 1358 5532 initienessroiu.
1375 5471 1454 5532 IV,
1480 5473 1574 5523 cel.
1599 5470 1834 5528 534,
1859 5471 1948 5532 Sed
1976 5470 2052 5520 hic

470 5533 689 5592 quat-itam
702 5533 875 5597 adjicit,
889 5547 996 5596 qua-
1008 5531 1328 5595 Chrysestemi
1344 5535 1670 5586 inventionem
1684 5545 1785 5596 pne
1801 5545 1857 5582 se
1870 5531 2048 5583 ferunt.

1176 175 1231 232 S.
1271 171 1548 230 JOANNIS
1585 163 2060 223 CIIRYSOSTOMI
2106 157 2422 218 AliClllEP.
2451 159 2983 216 CONSTANTINOP.
3575 178 3654 233 τω

2155 277 2221 332 Ut
2261 287 2437 334 autem
2467 278 2632 333 fames
2662 277 2910 344 invaluit,
2938 293 3058 334 eum
3087 279 3296 337 instaret
3323 283 3471 342 ludas
3501 289 3660 363 Benja.

2149 369 2349 424 minum
2381 369 2563 422 volens
2591 369 2872 433 abducere,
2903 385 2962 424 se
2991 385 3176 425 sanum
3206 381 3255 427 et
3281 374 3568 433 incolumem
3594 400 3665 437 re.

2148 459 2426 516 ducturum
2445 460 2727 529 pollicitus,
2746 459 2891 516 dedit
2909 461 3072 517 .lacob
3092 443 3396 531 duplicatum
3414 481 3668 540 argentum,

2145 550 2339 621 jubens
2367 552 2468 606 alia
2511 566 2723 622 quoque
2751 551 2888 607 dona
2932 550 3138 608 afferri.
3173 552 3238 608 Ut
3263 563 3428 610 autem
3467 559 3526 613 ad
3553 561 3673 618 lese-

2151 643 2314 712 phum
2339 651 2717 712 pervenerunt,
2744 642 2897 698 abeo
2918 641 3313 713 perhumaniter
3336 647 3524 716 excepti
3548 661 3674 716 sunt;

2151 731 2218 787 de
2250 743 2401 802 patre
2433 733 2520 786 ille
2549 732 2928 801 interrogavit,
2961 741 3015 787 et
3041 733 3188 788 lauto
3214 733 3330 788 illos
3357 737 3576 791 convivio
3600 755 3674 794 ex-

2149 825 2308 894 cepit.
2344 825 2475 879 Cum
2519 839 2676 894 porro
2700 824 2767 880 de
2797 823 2966 880 reditu
2989 832 3238 895 ageretur
3258 867 3273 892 ,
3295 825 3446 895 jussit
3472 829 3678 896 poculum

2149 932 2371 972 aureum
2414 917 2555 985 injici
2588 916 2640 971 in
2682 931 2894 972 saccum
2939 916 3267 987 Benjamini,
3321 918 3417 974 illis
3471 920 3681 990 ignoran-

2153 1011 2311 1066 tibus.
2344 1009 2412 1066 Ut
2442 1019 2621 1064 autem
2652 1009 2902 1079 injectum
2932 1009 3030 1064 fuit
3059 1009 3327 1078 poculum,
3356 1011 3475 1067 dum
3505 1013 3572 1067 illi
3595 1015 3688 1070 abi-

2151 1110 2288 1163 rent,
2300 1099 2656 1170 jubetJoseph
2672 1100 3009 1170 prmpositum
3023 1099 3213 1155 domus
3224 1117 3331 1155 sua:
3345 1101 3480 1156 viros
3495 1101 3686 1171 insequi.

2152 1193 2468 1263 lnsequutus
2495 1193 2582 1248 ille
2613 1192 2887 1247 incusabat
2922 1193 3062 1263 quod
3105 1192 3398 1248 beneficum
3441 1195 3584 1248 malis
3619 1211 3692 1248 re-

2151 1295 2513 1342 munerarent.
2548 1284 2654 1340 lllis
2690 1300 2816 1340 vero
2848 1285 3090 1349 turbatis,
3114 1295 3164 1340 et
3198 1293 3368 1340 morte
3394 1283 3592 1355 dignum
3619 1286 3694 1341 de-

2153 1377 2459 1433 finientibus
2487 1393 2608 1433 eum
2634 1377 2723 1448 qui
2753 1378 2804 1432 in
2837 1376 2980 1432 furto
3001 1377 3373 1448 deprehensus
3393 1379 3540 1443 feret,
3563 1393 3699 1448 seque

2151 1469 2391 1525 servituti
2420 1469 2710 1534 obnoxios,
2748 1469 3019 1523 inventum
3054 1468 3149 1522 fuit
3175 1468 3425 1538 poculum
3451 1470 3501 1523 in
3541 1469 3700 1538 Benja—

2153 1559 2282 1615 mini
2313 1574 2490 1616 sacco.
2523 1559 2674 1615 Tunc
2716 1561 2986 1631 ingressus
3013 1559 3178 1615 Iudas
3201 1600 3217 1625 ,
3264 1560 3522 1631 longeque
3552 1559 3704 1612 habite

2151 1667 2401 1709 sermone
2425 1652 2492 1707 de
2514 1662 2683 1723 patre,
2711 1653 2779 1707 de
2802 1651 3059 1722 Jesepho,
3081 1650 3229 1727 etde
3251 1651 3580 1721 Benjamino:
3602 1666 3703 1705 cum

2152 1758 2211 1800 se
2257 1744 2345 1800 ille
2386 1758 2485 1815 pro
2515 1759 2680 1814 puero
2723 1743 2790 1799 ad
2819 1745 3127 1800 servitutem
3155 1742 3378 1798 offerret
3401 1783 3416 1808 ,
3458 1742 3508 1795 in
3537 1751 3707 1795 lautam

2145 1838 2675 1896 commiserationem
2703 1838 2993 1910 Jeselilmm
3022 1838 3227 1908 injecit,
3257 1847 3313 1891 ut
3342 1846 3447 1890 tota
3471 1836 3549 1890 illa
3576 1851 3708 1890 scena

2155 1931 2487 2000 proderetur.
2521 1927 2779 1983 Omnibus
2797 1928 2936 1982 enim
2960 1928 3213 1993 exclusis,
3239 1936 3300 1982 ut
3319 1927 3420 1982 sibi
3441 1941 3556 1980 cum
3576 1925 3713 1981 liber-

2156 2031 2264 2076 tate
2294 2019 2423 2075 llere
2450 2020 2656 2085 liceret,
2689 2034 2811 2074 sese
2841 2019 3091 2074 fratribus
3121 2018 3560 2090 cognoscendum
3580 2017 3713 2082 exhi-

2156 2111 2297 2177 buit,
2327 2111 2575 2181 misitque
2605 2110 2668 2164 ad
2698 2119 2903 2180 patrem
2934 2125 3055 2164 cum
3093 2109 3257 2164 denis
3284 2121 3339 2163 et
3369 2108 3610 2178 plaustris
3635 2123 3648 2159 :
3676 2105 3718 2159 iil

2154 2203 2297 2274 quod
2325 2202 2483 2258 etiam
2515 2202 2776 2257 Pharaoni
2801 2202 3054 2271 placitum
3086 2211 3221 2255 erat.
3269 2199 3341 2255 Ut
3367 2199 3564 2253 audivit
3583 2196 3722 2251 Jacoh

2155 2314 2216 2353 ea
2246 2312 2364 2368 qua:
2389 2295 2454 2351 ad
2475 2295 2763 2366 Joseplmm
2791 2293 3123 2365 spectabant,
3142 2295 3350 2367 gaudio
3375 2291 3610 2362 perfusus
3632 2299 3721 2354 est,

2155 2399 2210 2445 et
2233 2389 2455 2459 jubente
2496 2387 2606 2443 Deo
2649 2387 2928 2443 descendit
2959 2387 3011 2441 in
3063 2386 3391 2459 Egyptum.
3427 2385 3574 2439 Videt
3599 2382 3726 2437 lese-

2154 2484 2316 2556 phum
2337 2490 2483 2552 pater
2508 2497 2521 2533 :
2548 2479 2662 2534 haec
2685 2479 3059 2535 renuntiantur
3081 2478 3380 2544 Pharaoni,
3405 2476 3494 2546 qui
3518 2475 3730 2529 habitare

2155 2594 2249 2634 eos
2273 2576 2433 2648 jussit
2472 2576 2522 2631 in
2553 2575 2830 2630 Ramesse.
2873 2573 2943 2630 Ut
2967 2583 3146 2628 autem
3188 2573 3524 2629 exhaustum
3553 2571 3732 2625 fuitat-

2155 2679 2371 2739 gentum
2405 2677 2581 2735 terrm,
2606 2667 2846 2737 jumcuta
2879 2665 3066 2721 dantes
3093 2665 3167 2719 illi
3204 2665 3488 2732 homines,
3517 2664 3730 2717 frumen-

2158 2772 2266 2815 tum
2295 2759 2625 2831 accipiebant
2656 2777 2668 2814 :
2699 2758 2781 2812 his
2807 2773 3020 2828 quoque
3044 2756 3463 2821 deficientibus,
3497 2769 3592 2810 nec
3618 2752 3739 2806 fama

2156 2852 2454 2917 desinente,
2483 2851 2689 2919 seipses
2715 2865 2835 2904 cum
2861 2859 3002 2904 terra
3031 2847 3304 2903 dederunt
3333 2865 3346 2900 :
3379 2862 3443 2902 ac
3464 2845 3599 2900 servi
3623 2843 3738 2898 Pha-

2157 2942 2337 2998 raonis
2365 2941 2638 2997 constituti
2661 2940 3028 3005 seminabant,
3061 2947 3116 2994 et
3142 2938 3400 3008 quintam
3431 2946 3630 3008 partem
3657 2934 3742 3003 ipsi

2157 3035 2494 3099 referebant,
2548 3045 2775 3106 quatuor
2817 3033 2918 3089 sibi
2966 3040 3142 3103 partes
3186 3041 3566 3089 reservantes.
3607 3027 3743 3083 Morti

2158 3129 2432 3200 proximus
2455 3125 2640 3194 Jacob,
2663 3126 3025 3196 jurameutum
3055 3124 3225 3195 exigit
3252 3141 3286 3180 a
3319 3123 3582 3194 Josepho,
3616 3137 3676 3174 ne
3697 3133 3750 3173 se

2157 3221 2208 3275 in
2236 3219 2467 3290 [Egypte
2492 3219 2762 3285 sepeliret,
2787 3216 2880 3271 sed
2909 3217 2958 3271 in
2982 3218 3235 3286 sepulcro
3270 3225 3494 3288 patrum
3522 3227 3746 3269 suorum.

2157 3311 2428 3382 Filiosque
2466 3309 2685 3380 Josepbi
2715 3308 2967 3378 Ephraim
3007 3316 3062 3362 et
3098 3305 3416 3362 Manassen)
3450 3321 3557 3360 non
3588 3306 3639 3358 in
3669 3317 3753 3356 nc-

2159 3415 2362 3476 potnm,
2381 3403 2474 3460 sed
2499 3403 2551 3458 in
2573 3403 2797 3457 filiorum
2819 3400 3061 3456 ordinem
3084 3412 3367 3456 accenset.
3390 3397 3753 3468 Caligahitqnc

2157 3499 2325 3554 oculis
2350 3496 2518 3552 Jacob
2547 3513 2560 3550 :
2595 3506 2651 3552 ut
2679 3504 2858 3550 autem
2887 3493 3156 3549 osculatus
3183 3505 3276 3549 est
3305 3507 3433 3560 eos,
3466 3507 3588 3545 cum
3609 3488 3757 3542 benc-

2158 3591 2398 3648 dicturus
2432 3590 2550 3645 illos
2575 3596 2756 3655 esset,
2786 3587 2984 3657 Joseph
3029 3603 3057 3640 a
3091 3587 3343 3642 sinistris
3372 3585 3568 3640 Jacobi
3600 3581 3758 3652 posuit

2159 3681 2415 3751 Ephraim
2436 3722 2450 3747 ,
2483 3689 2537 3736 et
2565 3680 2863 3735 Manasscm
2889 3693 2919 3732 a
2947 3677 3170 3734 dextris.
3201 3677 3386 3734 Jaceb
3419 3686 3604 3732 autem
3645 3671 3763 3726 dex-

2160 3783 2328 3830 teram
2357 3788 2570 3828 manum
2598 3772 2848 3843 imposuit
2869 3786 3030 3842 super
3050 3771 3333 3840 juniorem
3364 3769 3464 3842 qui
3491 3785 3522 3822 a
3548 3763 3764 3822 sinistris

2159 3866 2372 3931 stabat,
2416 3865 2686 3922 sinistram
2717 3880 2846 3921 vero
2885 3880 3048 3936 super
3083 3880 3207 3920 eum
3239 3865 3341 3934 qui
3371 3879 3404 3917 a
3431 3861 3644 3918 dextris
3667 3900 3683 3922 ,
3717 3867 3766 3909 ct

2160 3956 2452 4012 benedixit.
2483 3956 2761 4012 Putantem
2806 3955 3098 4025 Josephum
3141 3953 3193 4008 id
3228 3965 3456 4024 patrem
3490 3967 3589 4022 per
3627 3951 3765 4018 igno—

2160 4050 2386 4105 rantiam
2415 4047 2609 4112 facere,
2639 4058 2694 4103 et
2718 4056 3023 4103 monentem
3043 4087 3058 4114 ,
3087 4060 3194 4100 non
3227 4044 3362 4100 tulit
3387 4042 3590 4108 Jacob,
3618 4052 3771 4109 seque

2159 4157 2404 4211 gnarum,
2438 4156 2543 4196 non
2575 4140 2905 4210 ignorantem
2934 4139 2986 4193 id
3014 4137 3191 4193 facere
3219 4136 3394 4191 dixit.
3439 4135 3599 4190 Tunc
3639 4130 3774 4186 dedit

2159 4236 2393 4307 Jesepho
2411 4234 2578 4292 Jacob
2598 4234 2850 4290 Sieimam
2867 4233 2988 4302 jure
3013 4231 3314 4302 prmcipuo,
3351 4244 3528 4301 quam
3551 4227 3775 4299 Symeou

2164 4338 2218 4384 et
2248 4329 2372 4383 Levi
2422 4336 2702 4398 ceperant.
2752 4327 2821 4382 Et
2853 4323 3310 4382 benedicitfilios
3365 4338 3530 4378 suos.
3584 4321 3681 4375 Hic
3721 4316 3781 4371 de

2160 4420 2372 4476 Christo
2404 4418 2722 4473 vaticinatur
2752 4435 2766 4472 :
2797 4415 2916 4469 Non
2945 4415 3162 4485 deficiet,
3198 4414 3416 4484 inquit,
3452 4413 3698 4484 princeps
3725 4421 3780 4459 ea.

2158 4510 2330 4575 Juda,
2371 4525 2460 4564 nec
2502 4510 2610 4562 dua:
2653 4507 2714 4561 de
2739 4505 3010 4577 leuioribus
3036 4505 3146 4574 ejus
3169 4541 3185 4569 ,
3222 4504 3405 4559 donec
3434 4503 3613 4558 veniat
3640 4501 3683 4552 is
3711 4495 3788 4550 cui

2159 4603 2433 4672 repositum
2466 4610 2536 4654 est
2575 4597 2745 4670 (Gen.
2787 4599 2876 4653 49.
2913 4596 2978 4652 10
2997 4595 3041 4668 ).
3084 4595 3148 4652 Ut
3178 4603 3378 4651 autem
3413 4601 3678 4649 mortuus
3708 4594 3789 4643 est

2159 4693 2356 4759 Jacob,
2385 4692 2518 4747 luxit
2541 4707 2662 4747 eum
2683 4689 2880 4760 Joseph
2901 4729 2918 4752 ,
2946 4699 3000 4744 et
3019 4687 3246 4743 efferens
3270 4686 3559 4757 sepelivit
3584 4684 3641 4739 in
3671 4695 3793 4752 spe-

2160 4789 2317 4845 lunca
2340 4787 2586 4841 Abrahm.
2619 4785 2878 4839 Dixerunt
2898 4781 3076 4852 itaque
3099 4779 3296 4835 fratres
3327 4779 3465 4849 ejus
3500 4795 3516 4831 :
3555 4775 3644 4830 Ne
3670 4778 3794 4844 forte

2159 4879 2362 4953 injuria:
2394 4877 2686 4932 memoriam
2710 4876 2951 4939 retineat,
2980 4885 3025 4926 et
3048 4871 3233 4941 referat
3264 4869 3437 4924 nobis
3473 4868 3658 4932 mala,
3689 4876 3801 4933 qua

2159 4972 2419 5028 intulimus
2438 4969 2482 5025 ei
2505 4967 2668 5041 (Gen.
2693 4965 2784 5022 50.
2813 4965 2878 5020 15
2898 4964 2917 5035 )
2937 5005 2952 5031 ,
2977 4971 3032 5019 ct
3050 4962 3322 5033 rogabant
3346 4976 3492 5024 eum
3516 4960 3794 5014 dicentes:

2162 5063 2293 5119 Ecce
2333 5078 2422 5116 nos
2464 5060 2591 5114 servi
2632 5058 2704 5112 tui
2741 5072 2917 5111 suum
2964 5053 3128 5124 (Gen.
3160 5053 3248 5110 50.
3295 5053 3380 5108 18
3406 5052 3458 5122 ).
3508 5051 3804 5116 Flet-itque

2158 5159 2387 5230 Joseph,
2419 5168 2471 5212 et
2495 5155 2628 5208 dixit
2657 5154 2735 5208 eis
2764 5170 2778 5207 :
2812 5149 2896 5205 Ne
2927 5150 3142 5204 linteatis
3169 5165 3188 5203 :
3217 5163 3352 5201 naui
3391 5147 3506 5201 Dei
3533 5161 3656 5199 sum

2167 5250 2269 5305 Vos
2291 5228 2429 5304 inuia
2469 5245 2680 5301 consilia
2721 5242 2921 5311 cepistis
2943 5282 2959 5308 ,
2992 5240 3128 5294 Deus
3165 5248 3347 5292 autem
3380 5236 3538 5292 bona
3571 5228 3808 5290 rembnit

2159 5343 2304 5396 mihi.
2335 5339 2443 5409 Ego
2485 5337 2705 5392 nutriant
2734 5349 2821 5389 vos
2847 5342 2892 5388 et
2918 5333 3094 5386 domos
3123 5338 3320 5383 vestras
3375 5328 3399 5400 (
3427 5327 3588 5380 Ibid.
3629 5341 3680 5376 r.
3717 5318 3803 5374 l9.

2157 5435 2220 5489 2|
2255 5433 2294 5504 ).
2332 5432 2466 5485 Vixit
2499 5445 2628 5499 ergo
2673 5426 2870 5496 .loseph
2902 5431 3114 5480 centum
3145 5431 3326 5476 annos
3383 5418 3480 5490 (α)
3503 5459 3524 5487 ,
3569 5427 3633 5472 et
3677 5411 3819 5467 vidit

2219 5593 2294 5656 (ιι)
2326 5589 2489 5637 omnia
2516 5584 2812 5648 excnqlaria
2833 5578 3088 5630 Bibliorutn
3108 5583 3312 5628 centum
3346 5583 3406 5622 et
3434 5574 3644 5624 decem
3659 5581 3825 5622 annos
