4090 6216
389 406 531 476 αὖτη
553 403 670 458 ἐστὶ
702 386 970 474 Βηθλεέμ.
1001 401 1061 455 '0
1095 389 1152 456 66
1175 402 1384 472 τεχθεὶς
1409 399 1476 472 ἦν
1504 401 1809 472 Βενιαμείν.
1835 400 1966 456 Τότε

389 491 659 564 ἐκοιμήθη
709 489 936 560 Ῥουϐὶμ
985 489 1122 560 μετά
1155 489 1363 553 Βάλλας
1411 493 1510 561 τῆς
1553 489 1831 560 παλλακῆς
1873 487 1967 542 τοῦ

390 580 597 648 πατρὸς
641 575 830 630 αὐτοῦ.
864 577 998 628 Τότε
1053 575 1320 630 ἀπέθανεν
1361 577 1582 631 Ἰσαάκ·
1634 577 1728 630 καὶ
1763 575 1969 645 ἔθαψαν

389 668 553 721 αὐτὸν
583 664 752 718 Ἠσαῦ
781 664 873 716 καὶ
911 663 1123 717 Ἰακώϐ.
1159 663 1608 731 Γενεαλογοῦνται
1643 665 1694 716 οί
1731 663 1838 716 ἀπὸ
1873 663 1967 717 τοῦ

397 739 594 815 Ἥσαῦ,
620 751 746 805 ἔνθα
777 751 1092 822 εὑρίσκεται
1131 750 1253 804 Ἰὼϐ
1283 752 1390 806 ἀπὸ
1419 751 1620 806 τούτων
1645 749 1744 816 ῶν,
1776 737 1982 804 Ἰωϐὰϐ

386 842 446 894 66
492 838 724 894 ἐνταῦθα
777 838 1040 892 καλεῖται.
1091 837 1512 908 Διαφθονοῦνται
1558 838 1636 908 τῷ
1679 837 1875 908 Ἰωσὴφ
1917 839 1966 891 οί

390 928 610 996 ἀδελφοὶ
635 926 742 980 τῶν
772 925 1036 978 ἐνυπνίων
1066 925 1250 991 ἕνεκα,
1286 927 1381 979 καὶ
1414 927 1496 980 ὅτι
1524 925 1723 996 μᾶλλον
1747 925 1910 978 αὐτὸν
1937 925 1967 976 6

391 1015 574 1085 πατὴρ
607 999 799 1082 ἐφίλει.
823 1012 931 1067 Καὶ
957 1011 1212 1075 λαϐόντες
1237 1012 1395 1083 μόνον
1420 1011 1700 1065 ἐϐούλοντο
1724 1011 1930 1065 ἀνελεῖν
1949 1025 1965 1043 ο

391 1089 891 1172 συμϐουλεύσαντος
947 1099 1003 1154 δὲ
1039 1099 1132 1154 τοῦ
1176 1100 1404 1170 Ῥουϐὶμ
1432 1101 1512 1164 είς
1551 1099 1753 1154 λάκκον
1791 1099 1966 1170 ἐμϐα-

389 1189 501 1242 λεῖν
541 1187 812 1257 (ἐϐούλετο
855 1187 964 1257 γὰρ
991 1186 1152 1240 αὐτον
1181 1186 1318 1250 τέως
1361 1185 1639 1252 ἐξελέσθαι
1664 1183 1758 1238 τοῦ
1805 1185 1966 1239 θανάά

388 1291 531 1345 τοο),
577 1276 700 1328 ἐπεὶ
730 1273 1018 1339 ἐνέϐαλον,
1053 1273 1312 1328 ἀπέδοντο
1350 1271 1575 1343 ὕστερον
1611 1275 1724 1336 τοῖς
1757 1271 1966 1327 Μαδια-

388 1363 582 1426 ναίοις,
598 1361 693 1414 τοῦ
727 1362 895 1416 Ἰούδα
922 1359 1078 1415 τοῦτο
1098 1359 1552 1431 εἰσηγησαμένου.
1572 1359 1674 1413 Τὸν
1691 1359 1745 1412 66
1765 1359 1964 1429 χιτῶνα

390 1450 556 1506 αὐτοῦ
588 1450 855 1521 βάψαντες
879 1451 1092 1521 αἵματι,
1123 1448 1464 1504 ἐπεδείκνυον
1491 1448 1569 1519 τῷ
1601 1449 1786 1518 πατρί.
1821 1449 1880 1501 '0
1906 1446 1964 1500 66

388 1539 614 1609 νομίσας
643 1537 975 1609 θηριάλωτον
1003 1537 1306 1606 γεγονέναι,
1337 1535 1552 1607 ἐθρήνει
1581 1535 1852 1606 χαλεπῶς.
1875 1533 1964 1606 Τῷ

385 1627 446 1678 66
481 1624 648 1679 Ἰούδα
685 1624 983 1696 ἐτέχθησαν
1008 1625 1136 1694 Ἢρ,
1179 1625 1377 1686 Αὐνᾶν,
1417 1623 1512 1676 καὶ
1544 1621 1748 1692 Σηλών.
1806 1622 1956 1675 Ἀπο-

388 1713 640 1776 θανόντος
666 1713 722 1766 66
755 1711 848 1766 τοῦ
883 1712 1012 1781 Ἤρ,
1044 1711 1144 1781 τήν
1175 1713 1407 1778 γυναῖκα
1431 1707 1596 1762 αὐτοῦ
1637 1706 1734 1778 τὴν
1770 1707 1964 1779 Θάμαρ

389 1799 582 1852 ἐλαϐεν
615 1801 644 1853 6
691 1798 919 1866 ἀδελςρὺς
968 1797 1135 1851 αὐτοῦ
1189 1799 1399 1851 Αὐνᾶν·
1453 1796 1545 1849 καὶ
1577 1796 1678 1848 οὐκ
1719 1795 1964 1848 ἐϐούλετο

388 1885 694 1954 ἀναστῆσαι
719 1885 941 1956 σπέρμα
971 1884 1048 1954 τῷ
1074 1882 1285 1954 ἀδελφῷ
1313 1881 1502 1937 αὐτοῦ.
1542 1882 1630 1946 Ὠς
1658 1882 1716 1934 δὲ
1747 1883 1841 1936 καὶ
1875 1875 1950 1936 οὗ·

389 1991 484 2037 τος
513 1973 805 2034 ἀπέθανεν,
848 1972 1028 2025 οὐκέτι
1074 1971 1231 2042 ήθελε
1270 1969 1347 2042 τῷ
1373 1969 1539 2042 τρίτῳ
1569 1969 1753 2041 Σηλὼν
1783 1969 1964 2024 δοῦναι

390 2063 624 2130 γυναῖκα
663 2059 760 2131 τὴν
807 2059 1004 2130 Θάμαρ
1044 2063 1074 2114 6
1110 2059 1304 2123 Ἰούδας
1347 2058 1517 2133 [526].
1569 2059 1633 2112 'H
1672 2058 1728 2112 δὲ
1770 2058 1965 2130 Θάμαρ

391 2147 787 2217 κοσμησαμένη
820 2146 1071 2199 ἐκάθισεν
1092 2146 1168 2210 ὼς
1187 2146 1359 2217 πόρνη
1382 2145 1534 2218 παρὰ
1560 2146 1658 2218 τήν
1689 2145 1827 2199 ὀδόν.
1857 2146 1964 2200 Καὶ

297 2227 300 2230 ’
391 2234 619 2305 νομίσας
665 2234 832 2306 αὐτὴν
865 2233 1076 2304 ἀληθῶς
1116 2233 1318 2305 πόρνην
1347 2229 1486 2288 εἶναι
1522 2233 1719 2297 Ἰούδας
1741 2233 1957 2305 (ἐκεκάο

387 2320 562 2373 λυπτο
611 2320 718 2392 γὰρ
786 2308 845 2372 16
902 2320 1248 2391 πρόσωπον),
1303 2320 1517 2391 εἰσῆλθε
1571 2321 1708 2391 πρὸς
1773 2321 1962 2394 αὐτὴν,

385 2407 484 2460 καὶ
539 2406 734 2459 ἔδωκεν
777 2406 913 2476 αὐτῇ
962 2405 1274 2478 ἀρραϐῶνα,
1314 2407 1574 2478 ὁρμίσκον
1625 2409 1716 2461 καὶ
1763 2407 1969 2480 δακτύο,

383 2493 499 2546 λιον
546 2493 640 2546 καὶ
685 2492 896 2564 ῥάϐδον.
935 2493 1023 2556 Ὠς
1083 2493 1139 2546 δέ
1196 2493 1512 2565 ἀπηγγέλθη
1583 2494 1722 2565 μετά
1766 2495 1959 2558 ταῦτα,

381 2584 465 2636 ὅτι
523 2581 644 2636 κύει
701 2581 930 2652 Θάμαρ,
992 2582 1273 2636 ἐκέλευσεν
1331 2574 1499 2655 αὐτὴν
1555 2585 1961 2657 κατακαυθῆναι

380 2669 413 2721 θ
452 2667 712 2738 πενθερὸς
773 2667 988 2732 Ἰούδας.
1027 2671 1089 2721 Ἦ
1143 2669 1200 2722 66
1251 2670 1537 2723 ἀπέστειλε
1584 2671 1846 2740 λέγουσα,
1897 2673 1962 2726 ἐκ

384 2755 477 2809 τοῦ
521 2756 715 2827 ἀνδρὸς
782 2756 1176 2828 συνειληφέναι,
1235 2752 1298 2811 οὗ
1353 2761 1381 2812 6
1425 2759 1684 2823 δάκτυλός
1747 2769 1765 2789 ⁸
1822 2761 1957 2814 ἐστι.

387 2843 520 2895 Τότε
543 2844 706 2913 φησὶν
741 2841 960 2906 Ἰούδας⁹
989 2843 1364 2898 Δεδικαίωται
1402 2845 1602 2915 Θάμαρ
1630 2845 1667 2914 ἢ
1707 2845 1842 2914 ἐγώ.
1873 2845 1962 2910 ’ος

389 2929 449 2981 66
480 2929 672 2996 ἐτικτε,
700 2928 1066 3002 προεξήνεγκε
1095 2932 1192 3003 τήν
1230 2935 1388 3004 χεῖρα
1424 2934 1451 2986 6
1478 2931 1650 3006 Ζαρὰ,
1680 2927 1801 2986 εἶτα
1833 2950 1959 2987 συν·

395 3015 615 3082 έστειλε,
636 3017 730 3069 καὶ
753 3017 972 3086 ἐξῆλθεν
994 3020 1021 3070 6
1045 3018 1241 3089 Φαρὲς,
1264 3019 1358 3071 καὶ
1384 3019 1503 3072 τότε
1526 3021 1554 3072 6
1577 3019 1744 3090 Ζαρά.
1776 3019 1960 3073 Ταῦτα

389 3103 445 3157 δὲ
472 3102 642 3168 οὕτως
676 3105 1075 3176 ἀλληγορεῖται.
1110 3105 1502 3178 Προεξήνεγκε,
1539 3110 1724 3178 φησιν,
1753 3109 1782 3162 6
1811 3109 1960 3180 πρῶ-

385 3208 475 3256 τος
498 3193 643 3260 λαις,
670 3195 718 3246 οἱ
745 3195 854 3263 πρὸ
887 3194 980 3246 τοῦ
1015 3194 1179 3264 νόμου
1211 3195 1430 3262 δίκαιοι,
1461 3195 1561 3268 τήν
1597 3199 1774 3268 χεῖρα,
1801 3215 1957 3252 τουτ-

385 3278 522 3346 έστι,
544 3281 642 3350 τὴν
674 3279 926 3350 ἐνάρετον
958 3280 1230 3334 πολιτείαν
1262 3281 1357 3335 καὶ
1384 3282 1700 3355 ἀγγελικήν.
1732 3279 1868 3337 Εἶτα
1900 3286 1957 3338 ἐν

387 3375 538 3443 μέσῳ
559 3373 932 3446 παρενεϐλήθη
958 3374 1119 3443 νόμος
1138 3391 1151 3406 ·
1188 3374 1326 3446 μετά
1361 3373 1418 3427 66
1445 3375 1618 3428 ταῦτα
1673 3376 1833 3430 πάλιν
1861 3379 1956 3432 ἁν-

383 3461 586 3533 εκλήθη
615 3464 821 3524 ἐκεῖνος
843 3466 871 3515 6
890 3462 1150 3531 πρότερος
1180 3461 1310 3531 βίος,
1335 3462 1422 3516 διὰ
1440 3463 1538 3532 τῆς
1564 3464 1703 3517 κατά
1725 3465 1956 3536 Χριστὸν

382 3548 658 3610 πολιτείας
703 3549 793 3600 ἐπί
835 3549 897 3601 16
940 3547 1266 3619 τελειότερον
1321 3549 1641 3619 παραχθείς.
1689 3551 1954 3622 Ἠγόρασε

378 3639 474 3690 τὸν
515 3637 710 3710 Ἰωσὴφ
739 3641 766 3691 6
814 3639 1208 3710 ἀρχιμάγειρος
1245 3640 1444 3710 Φαραὼ
1487 3643 1516 3694 6
1554 3643 1868 3714 Πεντεφρής
1891 3645 1951 3684 bo

379 3728 678 3798 ἐνεχείρισε
711 3728 778 3781 τά
810 3729 951 3782 κατά
971 3728 1068 3800 τὴν
1106 3729 1304 3783 οἰκίαν.
1335 3730 1448 3784 Οὐκ
1479 3727 1586 3797 εἶξε
1610 3735 1674 3803 τῇ
1700 3733 1953 3805 δεσποίνῃ

380 3816 722 3886 παρανομεῖν
785 3814 1081 3886 κελευούσῃ
1114 3817 1341 3878 ἐκεῖνος.
1383 3817 1844 3889 Ἐσυκοφαντήθη,
1871 3821 1954 3872 ἐν·

378 3902 583 3972 εϐλήθη
602 3905 680 3964 εἰς
695 3902 756 3954 16
776 3902 1147 3972 δεσμωτήριον
1166 3918 1179 3931 ⁶
1205 3897 1274 3973 ἦν
1307 3902 1489 3973 ἄρχων
1520 3907 1695 3967 κάκεῖ,
1721 3906 1953 3976 διέκρινε

375 3989 458 4058 τῷ
505 3989 854 4060 ἀρχιοινοχύῳ
903 3990 994 4042 καὶ
1038 3988 1116 4059 τῷ
1157 3989 1546 4060 ἀρχισιτοποιῷ
1587 3991 1654 4044 τά
1707 3992 1950 4047 ἐνύπνια.

392 4076 583 4147 Ἐξέϐη
611 4076 790 4140 καθὼς
829 4073 946 4129 εἷπε
966 4091 978 4106 ·
1011 4077 1102 4130 καὶ
1123 4077 1151 4128 6
1182 4077 1281 4147 μὲν
1314 4077 1575 4148 ἀνῃρέθη,
1601 4081 1629 4132 6
1654 4078 1708 4132 66
1745 4081 1826 4143 είς
1857 4080 1954 4152 τὴν

379 4164 656 4235 προτέραν
693 4162 959 4233 ἐπανῆλθε
1004 4165 1190 4234 τιμήν.
1237 4159 1357 4216 Εἶδε
1388 4165 1587 4236 Φαραὼ
1616 4167 1684 4218 τά
1729 4165 1953 4220 ἐνύπνια

377 4251 488 4304 τῶν
516 4251 673 4320 βοῶν,
703 4251 808 4304 τῶν
837 4251 1082 4321 σταχύων
1104 4269 1115 4282 ·
1143 4251 1209 4304 δι’
1243 4245 1319 4305 ὧν
1353 4251 1604 4322 ἐδηλοῦτο
1633 4254 1664 4323 ή
1706 4254 1949 4326 εὐθηνία,

377 4340 475 4391 καὶ
505 4342 532 4392 6
563 4339 942 4410 διαδεξάμενος
993 4338 1162 4410 αὐτὴν
1203 4338 1379 4409 λιμός.
1421 4338 1711 4411 Ἐξηνέχθη
1753 4343 1952 4413 Ἰωσὴφ

375 4426 473 4479 τοῦ
503 4426 900 4496 δεσμωτηρίου,
926 4428 1014 4480 ἵνα
1032 4426 1262 4500 ἐπιλύσῃ
1283 4441 1295 4454 ·
1319 4427 1555 4498 ἐμήνυσε
1575 4428 1683 4500 γὰρ
1701 4431 1728 4482 6
1746 4431 1952 4500 ἀρχιοι-

376 4515 582 4584 νοχόος.
623 4514 933 4578 Ἐπέλυσεν,
965 4513 1130 4566 ἔδωκε
1163 4515 1258 4567 καὶ
1285 4513 1509 4586 γνώμην
1547 4515 1642 4587 τὴν
1672 4516 1759 4572 16v
1794 4518 1950 4588 λιμὸν

375 4602 930 4673 παρτμυθησομένην.
953 4602 1162 4656 Γίνεται
1191 4603 1326 4672 μετά
1351 4595 1441 4656 16v
1461 4604 1678 4677 Φαραὼ,
1701 4607 1794 4659 καὶ
1825 4621 1949 4660 συν-

373 4688 598 4758 αγαγὼν
630 4693 774 4742 σῖτον
801 4690 964 4742 πολὺν
992 4690 1049 4742 ἐν
1077 4693 1186 4753 τοῖς
1213 4690 1353 4742 ἐπτά
1375 4691 1518 4744 ἔτεσι
1539 4693 1636 4762 τῆς
1661 4693 1913 4763 εὐθηνίας
1931 4735 1946 4759 ,

373 4779 463 4829 ὅτε
497 4777 526 4829 6
554 4777 708 4846 λιμὸς
741 4777 966 4840 ἐπέστη,
999 4775 1195 4829 ἐπώλει
1229 4779 1339 4840 τοῖς
1363 4776 1723 4848 βουλομένοις.
1747 4775 1949 4834 τΗλθον

374 4866 469 4916 καὶ
506 4865 556 4916 οί
591 4863 808 4932 ἀδελφοὶ
841 4862 1005 4916 αὐτοῦ
1044 4863 1326 4934 πρίασθαι.
1357 4865 1446 4927 Ὠς
1481 4865 1536 4918 66
1562 4866 1662 4919 οὐκ
1698 4863 1802 4920 εἶδε
1832 4867 1946 4938 μετ’

375 4951 556 5004 αὐτῶν
597 4951 687 5004 16v
743 4952 1028 5020 Βενιαμὶν,
1069 4949 1320 5014 δεδοικὼς
1369 4951 1444 5022 μὴ
1489 4953 1582 5005 καὶ
1643 4953 1804 5008 αὐτὸν
1841 4956 1949 5008 ἀπ-

376 5039 605 5103 ώλεσαν,
636 5041 874 5092 αἰτιᾶται
899 5039 974 5102 ὼς
1018 5039 1399 5101 κατασκόπους
1428 5039 1526 5109 τῆς
1571 5039 1704 5108 γῆς,
1738 5041 1948 5094 καὶτοῦ

375 5130 720 5201 ἐγκλήματος
759 5131 857 5184 οὐκ
885 5126 1023 5184 εἶναι
1056 5130 1247 5196 ἑτέραν
1285 5125 1454 5192 λύσιν,
1496 5128 1633 5200 πλήν
1663 5131 1710 5183 εί
1751 5130 1826 5201 μὴ
1860 5133 1950 5184 τὸν

375 5221 602 5291 ἀδελφὸν
635 5222 724 5275 τδν
752 5221 1012 5292 νεώτερον
1032 5221 1122 5273 τὸν
1149 5219 1406 5290 Βενιαμὶν
1436 5220 1839 5287 καταγαγόντες
1871 5222 1950 5284 είς

374 5309 649 5377 Αἴγυπτον
676 5309 939 5372 ἐπιδεῖξαι
965 5307 1263 5378 δυνηθεῖεν.
1290 5307 1484 5360 Λαϐὼν
1521 5303 1576 5360 66
1603 5297 1692 5361 τὸν
1727 5298 1948 5378 Συμεὼν

435 5397 463 5425 ⁸
494 5397 773 5456 Legendum
794 5396 922 5444 haud
945 5395 1092 5443 dubie
1105 5394 1161 5444 οὔ
1181 5395 1237 5443 τὸ
1254 5395 1520 5444 δακτύλιον.
1547 5392 1603 5443 In
1629 5395 1948 5457 Lugdunensi

371 5459 540 5521 codice
565 5461 745 5521 legitur
763 5458 818 5507 οὐ
831 5461 874 5521 6
891 5458 1150 5512 δακτύλιος.

434 5519 464 5560 1³
513 5516 780 5582 Πενξεφρής
829 5520 907 5568 hic
961 5519 1204 5582 Πετεφρής
1257 5524 1459 5582 Vocatur
1502 5516 1553 5566 in
1602 5517 1804 5578 Bibliis;
1862 5521 1946 5568 sed

369 5582 478 5632 hrc
538 5581 731 5631 nomina
784 5583 987 5629 variant.
1034 5581 1300 5642 Πεντεφρὴς
1345 5582 1494 5642 ειίοιη
1558 5587 1758 5642 νοεηγιῄιςτ
1795 5594 1942 5642 supra

368 5643 695 5704 Expositione
741 5644 787 5690 in
831 5642 1074 5704 Psalmum
1119 5639 1288 5704 4_8,"p.
1339 5639 1448 5704 219,
1500 5645 1617 5688 tom.
1662 5640 1724 5691 V.
1767 5639 1944 5691 Πεντε-

368 5702 486 5766 ςιρῆς
513 5706 660 5752 etiam
687 5705 866 5766 lf'gilur
887 5705 934 5752 in
957 5703 1125 5752 codice
1150 5702 1369 5766 [υς-ωιιί
1396 5703 1697 5752 Batavorum.

1457 284 1786 346 smopsxs
1821 272 2236 347 SCRIPTUBAS
2273 272 2544 347 SACRE.

3536 287 3640 353 326

2070 401 2165 455 ἀπ’
2199 400 2382 456 αὐτῶν
2412 402 2505 456 καὶ
2538 401 2726 474 δήσας,
2747 400 2869 466 τοὺς
2898 401 3115 467 λοιποὺς
3136 402 3427 477 ἐξέπεμψε,
3453 407 3545 462 τόν
3580 428 3640 463 τε

2073 491 2217 543 σῖτον
2250 489 2371 551 δοὺς
2405 491 2500 543 καὶ
2524 489 2588 542 16
2621 489 2903 560 ἀργύριον.
2936 489 3025 553 Ὠς
3051 489 3108 543 δέ
3138 486 3274 544 εἶδον
3293 491 3353 545 16
3385 493 3643 567 ἀργύριον

2071 575 2129 626 ἐν
2151 575 2228 645 τῷ
2255 573 2444 628 κενοῦν
2468 575 2594 637 τοὺς
2622 575 2996 651 μαρσίππους,
3027 576 3406 648 ἐταράχθησαν
3433 580 3510 651 τῷ
3537 599 3640 636 πα-

2072 660 2278 731 ραδόξῳ
2297 699 2312 727 ,
2361 661 2456 714 καί⁵
2495 661 2585 715 τὸν
2639 661 2896 732 Βενιαμὶν
2939 648 3103 733 ᾔτουν
3131 665 3282 735 παρὰ
3313 665 3408 718 τοῦ
3439 648 3644 738 πατρὸς

2069 749 2282 816 λαϐεῖν,
2319 750 2387 804 τά
2427 750 2689 820 γεγονότα
2736 751 3169 820 ἀπαγγέλλοντες
3202 753 3435 809 ἅπαντα.
3482 756 3542 808 '0
3587 757 3643 810 δέ

2070 837 2344 913 ἀντείχετο
2370 837 2463 892 τοῦ
2504 836 2736 892 παιδίου.
2784 839 2872 902 Ὦς
2905 839 2964 893 66
3006 839 3381 912 ἐπεκράτησεν
3403 843 3434 895 6
3465 841 3640 913 λιμὸς,

2070 923 2164 977 καὶ
2196 910 2396 986 Ἰούδας
2422 923 2672 978 ἐπέκειτο
2696 916 3014 995 βουλόμενος
3043 910 3226 980 λαϐεῖν
3251 926 3340 980 16v
3365 910 3642 1000 Βενιαμὶν.

2073 1010 2202 1080 ὐγιῆ
2239 1010 2335 1063 καὶ
2364 1011 2504 1066 σῶον
2544 1010 3012 1080 ἐπαγγειλάμενος
3047 1009 3356 1084 ἐπανήξειν,
3390 1013 3588 1068 ἔδωκεν
3614 1019 3645 1070 6

2082 1093 2274 1149 Ἰακὼϐ
2314 1097 2375 1150 τό
2418 1113 2479 1149 τε
2507 1096 2771 1169 ἀργύριον
2810 1095 3055 1160 διπλοῦν,
3096 1097 3360 1162 κελεύσας
3386 1099 3643 1171 ἐπιφέρει

2071 1183 2194 1237 σθαι
2223 1182 2320 1238 καὶ
2340 1183 2490 1253 δῶρα
2509 1184 2704 1259 ἔτερα.
2749 1184 2838 1248 Ὠς
2857 1185 2914 1238 66
2934 1179 3098 1256 ἦλθον
3131 1183 3267 1255 πρὸς
3296 1186 3388 1240 τὸν
3420 1188 3640 1260 Ἰωσήφ,

2067 1268 2284 1336 ἐδέξατο
2315 1270 2512 1335 αὐτοὺς
2549 1271 2814 1342 εὐμενῶς,
2855 1271 2949 1324 καὶ
2989 1266 3235 1343 περὶτοῦ
3261 1273 3464 1344 πατρὸς
3497 1275 3643 1346 ἠρώ-

2066 1375 2222 1430 τησε,
2242 1359 2339 1413 καὶ
2361 1359 2602 1414 εἱστίασε
2634 1359 2922 1433 λαμπρῶς.
2963 1359 3154 1414 Ἦνίκα
3179 1359 3235 1414 δὲ
3258 1359 3364 1414 ἔδει
3398 1363 3638 1424 ἀπιέναι,

2067 1445 2127 1498 τὸ
2161 1446 2417 1518 ποτήριον
2455 1446 2517 1499 16
2548 1446 2824 1519 ἀργυροῦν
2871 1446 3080 1501 κελεύει
3112 1447 3264 1520 [525]
3304 1449 3638 1522 ἐμϐληθῆναι

2064 1533 2145 1602 τῷ
2177 1534 2480 1604 μαρσίππῳ
2523 1534 2618 1588 τοῦ
2659 1533 2952 1604 Βενιαμὶν,
2997 1535 3096 1588 οὐκ
3127 1534 3343 1590 εἰδότων
3390 1537 3635 1591 ἐκείνων.

2079 1618 2167 1680 Ὧς
2197 1619 2253 1674 δέ
2291 1620 2554 1692 ἐνεϐλήθη
2589 1621 2680 1674 καὶ
2717 1621 2969 1686 λαϐόντες
3010 1621 3272 1692 ἀπῆλθον,
3307 1625 3637 1694 προστάσσει

2066 1707 2144 1778 τῷ
2177 1707 2272 1762 ἐπὶ
2294 1709 2392 1778 τῆς
2422 1709 2599 1774 οἰκίας
2623 1712 2652 1763 6
2679 1709 2876 1781 Ἰωσὴφ
2907 1711 3234 1776 καταδιῶξαι
3262 1714 3386 1777 τοὺς
3416 1713 3632 1786 ἄνδρας.

2079 1795 2138 1849 '0
2175 1795 2232 1848 66
2255 1795 2592 1860 καταδιώξας
2630 1797 2893 1864 ἐνεκάλει,
2919 1798 2998 1851 δτι
3028 1801 3214 1862 κακοῖς
3235 1788 3326 1854 16v
3346 1800 3638 1872 εὐεργέτην

2058 1869 2392 1950 ἠμείψαντο.
2440 1882 2870 1954 Ταραττομένων
2915 1883 2973 1938 66
3011 1884 3220 1951 αὐτῶν,
3265 1886 3358 1941 καὶ
3537 1869 3637 1959 μεν

2066 1966 2248 2020 ἀλόντι
2277 1966 2370 2020 ἐπὶ
2391 1969 2456 2038 τῇ
2488 1967 2684 2040 κλοπῇ,
2704 1971 2752 2022 εί
2779 1969 3050 2042 εὑρεθείη,
3073 1971 3301 2026 θάνατον
3327 1971 3634 2044 ἐριζόντων.

2067 2053 2280 2118 ἑαυτοῖς
2326 2054 2383 2108 δὲ
2415 2054 2688 2121 δουλείαν,
2724 2055 3034 2128 εὑρίσκεται
3072 2057 3222 2130 παρά
3251 2057 3330 2130 τῷ
3362 2060 3634 2131 Βενιαμίν.

2068 2139 2202 2193 Τότε
2231 2139 2488 2195 εἰσελθὼν
2515 2145 2544 2196 6
2579 2142 2798 2207 Ἰούδας,
2827 2144 2922 2198 καὶ
2939 2143 3148 2216 μακρὸν
3173 2145 3460 2211 ἀποτείνας
3483 2146 3638 2217 λόγον

2067 2227 2195 2299 περί
2214 2244 2273 2280 τε
2285 2227 2378 2280 τοῦ
2394 2227 2598 2299 πατρὸς
2617 2229 2855 2300 καὶπερὶ
2875 2230 2967 2284 τοῦ
3001 2230 3194 2304 Ἰωσὴφ
3210 2233 3307 2288 καὶ⁵
3330 2233 3422 2287 τοῦ
3445 2234 3636 2290 Βενιαά

2052 2299 2182 2384 ’μὶὴ
2217 2313 2278 2377 ὃς
2309 2310 2377 2386 ἦν
2415 2315 2667 2386 ἐλόμενος
2705 2299 2827 2371 ἀντὶ
2865 2315 2957 2370 τοῦ
3022 2299 3308 2390 μειρακίου
3363 2320 3637 2376 δουλεύειν

2066 2401 2248 2466 αὐτὸς,
2278 2403 2357 2466 είς
2386 2401 2638 2456 τοσοῦτον
2682 2403 2930 2458 ἐνέϐαλεν
2961 2399 3140 2459 οἶκτον
3175 2405 3267 2461 τὸν
3311 2407 3531 2481 Ἰωσήφ,
3560 2411 3636 2475 ὡς

2066 2487 2389 2558 ἐλεγχθῆναι
2414 2498 2440 2528 ο
2463 2487 2562 2561 τὴν
2603 2491 2808 2561 σκηνὴν
2835 2491 3072 2547 ἅπασαν.
3105 2493 3318 2558 Πάντας
3343 2494 3452 2568 γάρ
3475 2498 3637 2551 ἐκϐαι

2064 2571 2192 2637 λὼν,
2216 2574 2302 2627 ἵνα
2337 2574 2486 2646 αὐτῷ
2519 2577 2641 2646 μετ’
2671 2577 2920 2643 ἐξουσίας
2947 2577 3202 2649 δακρύειν
3240 2580 3356 2652 ἐξῇ,
3381 2585 3636 2656 γνωρίζει

2063 2679 2122 2716 τε
2163 2661 2325 2718 αὐτὸν
2357 2667 2470 2726 τοῖς
2495 2663 2762 2734 ἀδελφοτς,
2793 2665 2887 2719 καὶ
2927 2667 3245 2721 ἀποστέλλει
3282 2670 3374 2723 ἐπὶ
3405 2671 3494 2725 16v
3529 2690 3636 2726 πα·-

2064 2749 2198 2820 τέρα
2241 2749 2379 2821 μετὰ
2411 2749 2600 2823 δώρων
2632 2751 2728 2804 καὶ
2757 2752 2982 2824 ἁμαξῶν
3001 2770 3016 2784 ο
3043 2749 3112 2826 ἦν
3130 2755 3188 2808 66
3215 2756 3307 2810 καὶ
3334 2755 3412 2828 τῷ
3436 2758 3633 2830 Φαραὼ

2062 2837 2219 2890 τοῦτο
2254 2837 2625 2895 συνευδοκοῦν.
2660 2839 2748 2904 Ὦς
2770 2839 2826 2894 66
2848 2842 3079 2912 ἥκουσιν
3100 2845 3129 2897 6
3170 2843 3362 2898 Ἰακὼϐ
3393 2845 3461 2899 τά
3489 2848 3632 2902 κατὰ

2061 2923 2153 2976 τὶν
2182 2924 2399 2996 Ἰωσήφ,
2433 2927 2734 2998 περιχαρής
2756 2943 2816 2980 τε
2842 2922 2930 2998 ἦν,
2954 2929 3048 2982 καὶ
3076 2929 3170 2984 τοῦ
3195 2930 3330 2985 Θεοῦ
3353 2933 3636 2988 κελεύσανδ

2063 3027 2153 3074 τος
2185 3011 2389 3084 κατέϐη
2422 3014 2503 3076 είς
2541 3013 2834 3082 Αιγυπτον.
2867 3015 3000 3088 Ὁρᾷ
3021 3015 3113 3071 τὸν
3149 3007 3346 3091 Ἰωσὴφ
3375 3020 3404 3072 6
3430 3020 3631 3091 πατὴρ,

2061 3095 2378 3172 ἀπηγγέλθη
2417 3099 2586 3154 ταῦτα
2619 3101 2696 3172 τῷ
2721 3101 2938 3174 Φαραὼ,
2965 3103 3058 3156 καὶ
3083 3104 3401 3175 κατῴκησεν
3423 3107 3480 3160 ἐν
3505 3107 3632 3162 Ῥα-

2063 3185 2263 3256 μεσσῆ.
2296 3186 2386 3249 Ὠς
2425 3187 2483 3240 δέ
2522 3188 2763 3243 ἀνάλωτο
2787 3189 2848 3242 16
2882 3187 3144 3260 ἀργύριον
3178 3191 3276 3261 τῆς
3303 3191 3429 3262 γῆς,
3461 3196 3630 3266 κτήνη

2059 3271 2291 3336 διδόντες
2335 3274 2385 3326 οί
2431 3273 2726 3346 ἄνθρωποι,
2767 3273 3070 3346 ἐλάμϐανον
3112 3275 3286 3330 σῖτον·
3339 3278 3522 3352 ἐπειδὴ
3573 3281 3632 3336 δι

2060 3359 2154 3411 καὶ
2177 3358 2350 3413 ταῦτα
2376 3359 2624 3428 ἐπέλιπε,
2654 3362 2748 3415 καὶ
2767 3363 2796 3415 6
2824 3361 2983 3432 λιμὸς
3009 3361 3108 3415 οὐκ
3131 3363 3382 3429 ἐπαύετο,
3408 3367 3632 3430 ἐαυτούς

2059 3445 2264 3500 ἔδωκαν
2291 3445 2428 3518 μετά
2452 3448 2550 3519 τῆς
2579 3449 2680 3518 γῆς
2700 3463 2714 3476 ο
2754 3447 2847 3501 καὶ
2876 3448 3152 3520 γενόμενοι
3173 3450 3252 3522 τῷ
3282 3452 3480 3524 Φαραὼ
3505 3453 3630 3507 δοῦδ

2058 3534 2158 3600 λοι,
2183 3535 2455 3606 ἐσπειρον,
2489 3537 2582 3590 καὶ
2615 3535 2672 3589 16
2712 3535 2960 3606 πέμπτον
2996 3538 3157 3610 μέρος
3189 3539 3424 3596 ἐδίδοσαν
3457 3541 3626 3612 αὐτῷ,

2057 3621 2123 3675 τὰ
2158 3623 2397 3693 τέσσαρα
2428 3622 2580 3676 αὐτοὶ
2617 3621 3006 3694 καρπούμενοι.
3039 3624 3263 3678 Μέλλων
3297 3625 3353 3679 δὲ
3377 3628 3630 3700 τελευτᾷν

2056 3709 2085 3760 6
2112 3707 2326 3775 Ἰακὼϐ,
2354 3709 2516 3781 ὅρκον
2544 3709 2768 3762 ἀπαιτεῖ
2789 3709 2880 3762 τὸν
2928 3708 3147 3781 Ἰωσὴφ,
3175 3711 3315 3766 ὥστε
3356 3713 3430 3784 μὴ
3460 3715 3626 3786 θάψαι

2057 3794 2218 3848 αὐτὸν
2262 3796 2319 3849 ἐν
2359 3795 2649 3865 Αἰγύπτῳ,
2681 3795 2796 3848 ἀλλ’
2828 3797 2886 3848 ἐν
2931 3795 3007 3866 τῷ
3036 3798 3190 3868 τάφῳ
3239 3799 3347 3852 τῶν
3382 3801 3628 3875 πατέρων

2056 3880 2242 3935 αὐτοῦ.
2282 3883 2389 3934 Καὶ
2415 3884 2539 3945 τοὺς
2567 3884 2717 3946 υίοὺς
2755 3882 2974 3953 Ἰωσὴφ,
3006 3884 3097 3938 τὸν
3142 3885 3381 3957 Ἐφραίμ
3415 3889 3508 3941 καὶ
3537 3889 3627 3942 τὸν

2057 3967 2347 4037 Μανασσῆ,
2375 3968 2475 4020 οὐκ
2507 3970 2585 4030 είς
2631 3968 2890 4036 ἐγγόνων,
2923 3969 3038 4022 ἀλλ’
3068 3972 3148 4034 είς
3181 3973 3309 4026 υίῶν
3339 3975 3628 4043 καταλέγει

2055 4055 2228 4122 τάξινλ
2266 4056 2376 4108 Καὶ
2413 4055 2734 4126 ἐμϐλυώπει
2786 4057 3015 4110 Ἰακώϐο
3063 4059 3138 4124 ὡς
3182 4059 3237 4114 δὲ
3270 4062 3626 4135 κατεφίλησεν

2056 4143 2272 4207 αὐτοὺς,
2309 4144 2401 4196 καὶ
2435 4143 2541 4195 ἔδει
2572 4143 2835 4212 εὐλογεῖν,
2877 4145 2939 4209 ἐξ
2967 4145 3268 4216 ἀριστερῶν
3301 4147 3394 4200 τοῦ
3435 4149 3627 4202 Ἰακὼϐ

2056 4231 2250 4302 ἔστησε
2278 4231 2368 4284 16v
2411 4230 2650 4303 Ἐφραίμ
2676 4233 2704 4284 6
2746 4233 2975 4304 Ἰωσὴφ,
3015 4234 3108 4287 τὶν
3157 4233 3212 4286 δέ
3261 4235 3523 4308 Μανασσῆ
3563 4239 3626 4292 ἐκ

2054 4319 2261 4384 δεξιῶν.
2300 4321 2357 4375 '0
2385 4321 2443 4375 66
2477 4321 2668 4375 Ἰακὼϐ
2704 4322 2801 4394 τήν
2834 4324 3012 4388 δεξιάν
3051 4327 3210 4396 χεῖρα
3237 4326 3505 4398 ἐπέθηκεν
3535 4330 3626 4381 ἐπὶ

2053 4407 2145 4460 τὸν
2175 4407 2232 4472 ἐξ
2275 4408 2578 4480 ἀριστερῶν
2608 4401 2818 4464 ἐστῶτα
2847 4400 2937 4463 τδν
2969 4411 3252 4483 νεώο·ερον,
3285 4411 3383 4483 τὴν
3413 4413 3470 4467 δέ
3505 4415 3625 4487 ἀρι-

2056 4495 2249 4566 στερὰν
2284 4496 2375 4547 ἐπὶ
2417 4488 2506 4548 τὸν
2561 4497 2626 4549 ἐκ
2668 4496 2896 4564 δεξιῶν,
2939 4499 3032 4552 καὶ
3073 4499 3333 4572 εὐλόγησε
3358 4541 3374 4566 ,
3429 4501 3522 4556 τοῦ
3567 4503 3625 4556 δι

2067 4582 2260 4654 Ἰωσὴφ
2301 4584 2546 4654 οἰομένου
2577 4585 2718 4639 κατά
2751 4586 2970 4654 ἄγνοιαν
2993 4589 3150 4642 τοῦτο
3183 4591 3353 4642 ποιεῖν
3391 4591 3482 4644 16v
3521 4609 3624 4646 πα-

2053 4671 2217 4742 τέρα,
2250 4670 2343 4723 καὶ
2392 4671 2803 4743 διορθουμένου,
2857 4675 2957 4728 οὐκ
3006 4675 3261 4746 ἠνέσχετο
3305 4677 3334 4728 ό
3385 4678 3578 4732 Ἰακώϐ
3605 4697 3620 4710 ο

2053 4745 2206 4820 εἰδὼς
2235 4756 2340 4826 γὰρ
2371 4755 2473 4828 ἐφη
2500 4756 2657 4810 τοῦτο
2682 4763 2872 4822 ποιεῖν,
2895 4760 2991 4814 οὐκ
3027 4745 3253 4827 ἀγνοῶν.
3280 4756 3412 4814 Τότε
3441 4763 3624 4818 δίδωσι

2053 4845 2130 4915 τῷ
2180 4844 2374 4916 Ἰωσὴφ
2407 4847 2436 4898 6
2496 4843 2687 4900 Ἰακὼϐ
2731 4848 2828 4918 τὴν
2877 4848 3108 4917 Σίκιμαν
3137 4849 3445 4921 ἐξαίρετον,
3481 4853 3546 4924 ἢν
3597 4856 3626 4907 6

2053 4932 2274 5003 Συμεὼν
2297 4927 2389 4985 καὶ
2412 4929 2541 4984 Λευῖ
2561 4928 2722 4986 εἷλον.
2741 4933 2851 4987 Καὶ
2875 4932 3088 5000 εὐλογεί
3110 4935 3236 4998 τοὺς
3258 4935 3406 4999 υίοὺς
3433 4937 3619 4993 αὐτοῦ.

2065 5019 2327 5072 Ἐνταῦθα
2353 5019 2594 5090 περὶτοῦ
2635 5021 2677 5072 Χ
2688 5018 2871 5091 ριστοῦ
2906 5020 3254 5090 προφητεύει.
3283 5024 3405 5077 Οὐκ
3433 5025 3622 5080 ἐκλείε

2053 5111 2151 5174 ψει
2175 5107 2393 5174 ἅρχων,
2428 5106 2610 5175 φησιν,
2652 5105 2721 5169 ἐξ
2768 5105 2982 5169 Ἰούδα,
3010 5105 3152 5160 οὐδὲ
3188 5109 3516 5179 ἡγούμενος
3553 5114 3622 5168 ἐκ

2055 5192 2170 5246 τῶν
2179 5192 2388 5262 μηρῶν
2407 5191 2612 5254 αὐτοῦ,
2632 5191 2742 5258 ἕως
2763 5192 2840 5244 ἂν
2861 5193 3010 5264 ἔλθῃ
3034 5185 3082 5260 ᾧ
3109 5187 3416 5253 ἀπόκειται
3441 5212 3491 5254 α.
3530 5201 3620 5264 Ὦς

2050 5280 2105 5333 δὲ
2135 5280 2402 5333 ἀπέθανεν
2429 5280 2457 5330 6
2481 5273 2697 5343 Ἰακὼϐ,
2727 5279 3021 5351 ἐπένθησεν
3049 5283 3210 5337 αὐτὸν
3232 5285 3260 5338 6
3287 5287 3501 5359 Ἰωσὴφ,
3529 5286 3621 5342 καλ

2052 5366 2342 5436 ἀναγαγὼν
2375 5365 2570 5436 ἔθαψεν
2594 5367 2650 5418 ἐν
2671 5365 2748 5436 τῷ
2774 5367 3022 5440 σπηλαίῳ
3051 5369 3316 5443 Ἀϐραάμ.
3342 5369 3506 5427 Εἶπον
3527 5370 3618 5428 οὖν

2115 5456 2138 5484 ο
2175 5453 2383 5512 Ἐλέγχω
2409 5466 2498 5502 vox
2519 5451 2858 5512 Chrysostomo
2883 5454 3130 5505 familiaris
3151 5457 3240 5507 hoc
3263 5470 3371 5508 usu.

2113 5514 2140 5580 fl
2169 5517 2220 5564 In
2249 5514 2459 5580 \‘uiggclis
2485 5514 2846 5580 e_x_empl;i_rihu_s
2868 5515 3070 5580 legilur,
3094 5518 3182 5574 ἔως
3205 5520 3261 5565 ἂν
3289 5520 3396 5580 ἐλθῃ

2051 5579 2244 5642 κείμενα
2265 5574 2409 5642 αὐτῷ·
2435 5576 2523 5642 εεᾱ
2543 5575 2594 5623 in
2615 5574 2899 5642 Quibu_sd_am
2919 5574 3264 5642 Eccigéiaslicis
3301 5574 3498 5642 gcr'iplm
3509 5581 3620 5628 ibus

2051 5641 2094 5701 ᾧ
2114 5638 2360 5703 ἀπόκειται
2382 5638 2582 5703 ίοεῇιυτ,
2597 5645 2647 5703 gl.
2669 5639 2738 5686 sic
2762 5638 2978 5703 habebgg
2991 5640 3318 5703 phry‘sqqtqmi
3345 5638 3614 5703 ex’emplar.

2053 5696 2162 5749 imm
2185 5701 2252 5750 sic
2273 5699 2357 5749 ille
2382 5696 2503 5761 legit
2522 5699 2569 5746 In
2594 5696 2825 5749 Genesim
2849 5713 2898 5761 p.
2922 5700 3031 5761 658,
3055 5696 3105 5750 ei
3128 5698 3262 5747 alibi.

3422 5515 3480 5565 τά
3503 5517 3618 5568 ἀπο-
