3966 6192
263 345 364 402 925

261 458 399 514 hlios
423 456 685 527 Ephraim
709 469 876 527 usque
901 455 968 511 ad
995 454 1206 510 tertiam
1237 454 1663 524 generationem.
1698 453 1840 507 Dixit

261 562 421 619 porro
451 546 709 601 fratribus
736 547 848 600 suis
877 564 892 600 :
934 545 1226 602 I'isilatione
1252 544 1468 597 visitabit
1497 559 1583 597 vos
1614 540 1771 602 Deus.
1799 551 1845 597 et

260 639 459 695 inducet
482 655 571 693 vos
597 639 650 692 in
673 648 857 693 terram
884 637 1247 709 promissionis,
1289 652 1440 706 quam
1461 636 1653 707 juruvit
1682 635 1845 704 putri-

258 734 350 786 bus
388 730 578 785 nostris
619 745 674 784 se
709 728 946 782 daturum
983 729 1073 781 eis.
1112 727 1173 780 Et
1201 726 1357 782 simul
1394 727 1643 780 vobiscum
1678 729 1848 796 feretis

259 838 371 877 ossa
395 837 508 873 mea
538 816 705 892 (ben.
736 819 825 874 59.
859 818 930 873 24
951 817 995 887 ).
1024 819 1155 872 Cum
1184 817 1403 872 Vixisset
1421 826 1635 872 centum
1665 816 1840 881 annis,

257 911 501 982 sepultus
530 920 615 966 est
639 910 693 965 in
721 908 898 965 loculo
927 910 979 963 in
1005 908 1256 981 Egypto.
1742 926 1749 931 ι

821 1014 1061 1057 SINOPSIS
1098 1014 1273 1056 εκοιιι.

219 1109 227 1120 ’
328 1092 641 1166 Exsurgens
673 1092 725 1148 in
760 1091 994 1165 Ευριο
1029 1107 1125 1147 rex
1161 1091 1250 1163 qui
1288 1090 1579 1160 Josephmn
1609 1106 1720 1145 non
1747 1106 1844 1144 no—

256 1196 444 1251 verat,
492 1185 758 1241 Israelitas
791 1184 981 1239 alilixit
1017 1183 1072 1238 in
1120 1183 1232 1238 loto
1277 1191 1332 1237 et
1364 1182 1551 1237 latere.
1588 1181 1846 1252 Prmcepit

256 1282 416 1336 etiam
449 1278 847 1343 obstetricibus,
888 1286 947 1332 ut
982 1275 1288 1333 occiderent
1325 1275 1590 1332 masculos
1634 1274 1844 1329 Israeli-

258 1380 559 1438 tarum;ut
594 1380 773 1424 autem
820 1368 926 1424 illa:
965 1382 1072 1423 non
1115 1375 1425 1437 paruerunt,
1459 1366 1594 1421 illud
1640 1364 1845 1420 facinus

256 1462 453 1532 populo
475 1460 765 1517 commisit.
812 1455 1840 1528 TuncnasciturhloysesextribuLevi,

255 1563 307 1609 et
332 1561 699 1623 exposuerunt
726 1567 847 1608 eum
878 1560 1126 1621 parentes
1170 1550 1222 1605 in
1260 1549 1461 1606 arcula.
1505 1546 1845 1606 Descendens

253 1659 384 1700 vero
416 1645 524 1699 lilia
569 1643 882 1709 Pharaonis,
921 1642 1170 1699 eductum
1200 1641 1456 1697 infantem
1500 1638 1841 1696 nutriendmn

256 1735 493 1791 tradidit.
520 1733 653 1790 Cum
677 1736 730 1789 in
755 1735 927 1788 virum
955 1733 1213 1788 crevisset
1238 1731 1468 1802 Moyses,
1487 1745 1737 1801 egressus
1758 1737 1842 1785 est

254 1826 318 1880 ad
341 1826 482 1880 lilios
506 1824 694 1880 Israel.
724 1823 795 1880 Ut
824 1834 1000 1878 autem
1044 1823 1280 1878 laborem
1305 1837 1490 1878 eorum
1533 1821 1835 1877 considera~

253 1916 363 1981 hat,
392 1915 524 1971 vidit
545 1914 878 1986 Egyptinm,
912 1914 998 1985 qni
1027 1914 1304 1969 llebrmum
1333 1913 1668 1979 verberabat,
1695 1927 1846 1968 eum-

254 2023 356 2077 que
384 2007 510 2063 hinc
543 2007 668 2062 inde
696 2006 1041 2077 reSpexiSset,
1080 2005 1353 2059 neminem
1375 2002 1536 2068 vidit;
1561 2016 1840 2072 percusso-

258 2114 363 2168 que
392 2096 663 2170 IEgyptio,
685 2096 967 2153 abscondit
993 2097 1137 2151 illum
1167 2096 1228 2149 in
1253 2109 1437 2151 arena.
1468 2094 1727 2165 Egressus
1757 2095 1842 2151 die

254 2195 521 2259 sequenti,
549 2188 678 2242 vidit
706 2187 959 2242 llebrmos
988 2187 1123 2241 duos
1160 2201 1281 2240 sese
1318 2194 1504 2240 mutuo
1550 2185 1841 2241 verberan-

257 2291 367 2345 tes,
408 2279 674 2348 alterique
711 2277 844 2333 dixit
876 2295 890 2332 :
920 2276 1022 2331 Cur
1070 2277 1297 2331 verberas
1350 2275 1682 2344 proximum?
1722 2273 1842 2330 Infit

255 2370 379 2426 ille:
416 2369 548 2437 Quis
572 2381 620 2424 te
657 2371 912 2424 constituit
942 2370 1220 2439 principem
1257 2380 1303 2423 et
1319 2369 1552 2438 judicent
1576 2369 1844 2423 nostrum?

253 2479 316 2516 an
340 2462 574 2516 occidere
600 2478 680 2516 me
704 2462 796 2527 vis,
834 2472 890 2515 ut
931 2462 1038 2515 lteri
1080 2459 1386 2533 [Egyptium
1433 2459 1628 2532 (Exod.
1657 2460 1712 2515 2.
1751 2461 1837 2516 l5.

254 2557 379 2627 ll)?
421 2555 628 2611 Timuit
677 2570 807 2625 ergo
857 2553 1085 2626 Moyses,
1132 2554 1446 2625 Pharaoque
1485 2569 1598 2609 rem
1636 2562 1840 2624 gestam

250 2646 473 2712 audivit,
515 2660 579 2700 ac
621 2645 890 2716 quatiebat
946 2644 1247 2701 interficere
1291 2644 1547 2717 Moysem.
1600 2644 1843 2700 Metuens

251 2736 462 2808 Moyses
493 2735 720 2791 secessit
746 2735 799 2790 in
832 2734 1058 2789 Madiam
1094 2752 1107 2788 :
1139 2734 1399 2806 iuvitque.
1425 2733 1662 2790 Iothoris
1705 2734 1842 2790 tilias

249 2828 314 2883 ad
341 2828 678 2900 aquandum.
722 2826 834 2883 lll:e
878 2842 990 2883 rem
1025 2835 1229 2898 gestam
1260 2827 1395 2897 patri
1442 2829 1837 2896 nuntiaverunt,

249 2920 312 2977 ad
340 2936 582 2991 eumque
600 2919 872 2976 adduxere
900 2919 1153 2992 lloysem.
1179 2919 1371 2976 Jothor
1401 2919 1550 2976 dedit
1576 2920 1649 2975 illi
1676 2920 1839 2976 ﬁliam

249 3028 396 3067 suam
430 3012 495 3066 in
541 3025 764 3066 uxorem
797 3027 811 3064 :
842 3019 898 3065 et
938 3011 1143 3080 peperit
1181 3009 1268 3064 illa
1313 3008 1478 3081 Moysi
1530 3009 1752 3066 Gersem
1786 3018 1843 3065 et

252 3102 484 3158 Elieser.
539 3101 645 3172 Ipsi
685 3115 875 3172 greges
926 3100 1160 3171 pascenti
1214 3100 1446 3171 loquitur
1494 3100 1667 3166 Deus;
1719 3114 1839 3156 cum

245 3193 499 3257 accessit,
527 3191 660 3246 vidit
684 3192 739 3245 in
776 3190 911 3246 rubo
953 3190 1268 3246 miraculum
1309 3189 1457 3255 illud,
1498 3204 1620 3246 cum
1657 3206 1838 3248 urere-

248 3293 330 3338 tur
354 3294 410 3340 et
442 3298 559 3339 non
604 3281 1029 3338 eomlmreretur.
1079 3283 1144 3337 Et
1187 3283 1348 3338 mittit
1403 3283 1553 3338 illum
1602 3283 1747 3341 Deus
1785 3285 1837 3339 in

244 3372 543 3445 Egyptum
580 3372 805 3429 dicens:
838 3373 932 3428 Dic
980 3371 1073 3446 [de
1116 3372 1245 3446 me],
1297 3372 1413 3445 Ego
1455 3389 1568 3429 sunt
1612 3376 1701 3445 qui
1726 3390 1842 3430 sunt

246 3465 444 3533 (Exod.
483 3466 541 3520 3.
571 3466 685 3537 14).
716 3464 940 3521 labetur
970 3480 1296 3536 congregare
1319 3467 1591 3522 seniorum
1618 3477 1838 3534 coetum,

245 3566 296 3612 et
326 3558 405 3613 sic
432 3559 647 3613 intrare
687 3556 756 3612 ad
795 3557 1149 3623 Pharaonem,
1198 3559 1593 3629 prrecipereque
1623 3559 1837 3630 populo,

246 3656 296 3701 ut
323 3664 449 3704 eum
482 3646 823 3719 aufugerent,
859 3662 982 3703 vasa
1029 3656 1279 3718 argentea
1320 3657 1375 3704 et
1428 3663 1590 3705 aurea
1635 3658 1842 3705 mutua-

245 3748 430 3793 rentur
479 3752 514 3791 a
554 3737 765 3793 vicinis.
816 3738 1018 3809 Datque
1066 3739 1141 3794 illi
1197 3740 1317 3794 talia
1353 3740 1501 3811 signa
1530 3750 1589 3797 ut
1632 3741 1765 3798 ﬁdes
1791 3742 1841 3797 ei

242 3828 566 3898 haberetur,
599 3829 803 3901 virgam
837 3846 956 3901 quae
996 3844 1149 3886 versa
1179 3841 1264 3887 est
1289 3831 1341 3886 in
1367 3841 1690 3903 serpentem,
1725 3849 1843 3889 mu-

244 3922 503 3978 tationem
534 3936 730 3976 manus
757 3937 900 3989 suae;
944 3924 1074 3979 facta
1104 3924 1300 3994 quippe
1322 3933 1399 3979 est
1429 3925 1549 3981 alba
1585 3924 1721 3981 sicut
1747 3926 1839 3981 nix

244 4013 329 4079 (ex
365 4014 570 4084 lepra),
594 4021 650 4068 et
677 4029 885 4068 rnrsmn
916 4014 1153 4069 restituta
1185 4023 1267 4070 est
1295 4015 1348 4069 in
1384 4016 1660 4085 pristinum
1690 4018 1843 4073 colo-

243 4118 391 4169 rem;
419 4119 626 4176 aquam
654 4104 776 4158 item
796 4103 1047 4170 ﬂuminis,
1085 4104 1331 4173 E/fnndes
1355 4106 1517 4172 enim,
1552 4106 1741 4178 inquit,
1781 4126 1846 4165 ea:

241 4211 298 4248 ea
327 4197 378 4248 in
399 4196 635 4259 aridam,
665 4204 712 4248 et
750 4195 955 4267 sanguis
983 4196 1074 4249 erit
1105 4194 1297 4268 (Exod.
1326 4197 1380 4249 4.
1419 4193 1499 4268 9).
1530 4196 1844 4257 Reluctante

245 4284 449 4356 Moyse,
477 4287 654 4341 iratus
698 4285 835 4340 Deus
864 4285 1110 4356 adiunxit
1160 4286 1260 4355 ipsi
1301 4286 1589 4343 Aaronem.
1620 4288 1842 4343 Annuu-

246 4375 392 4429 tiarit
416 4376 645 4447 Moyses
671 4374 876 4430 Jothori
904 4389 1090 4431 socero
1118 4389 1237 4443 suo,
1261 4391 1321 4432 se
1342 4376 1392 4430 in
1410 4375 1699 4448 Egyptum
1726 4394 1845 4437 esse

245 4467 647 4532 profecturum.
693 4464 1006 4537 Mortuoque
1048 4482 1191 4537 rege,
1219 4467 1309 4537 qui
1337 4467 1509 4537 ipsum
1544 4468 1846 4528 interﬁcere

244 4557 557 4623 qnmrebat,
589 4556 660 4611 ait
691 4556 765 4610 illi
796 4556 935 4611 Deus
963 4573 977 4611 :
1005 4555 1282 4627 Ingredere
1303 4559 1354 4611 in
1376 4556 1662 4631 zEgyplum
1682 4558 1843 4635 (Ibid.

245 4662 291 4698 υ.
328 4648 446 4718 l9).
479 4648 579 4702 Ille
626 4662 755 4700 vero
782 4646 1070 4716 assumptis
1110 4645 1233 4702 filiis
1260 4661 1379 4701 cum
1403 4664 1596 4715 uxore,
1618 4651 1697 4706 sic
1727 4666 1848 4721 pro-

246 4735 423 4794 fectus
448 4747 561 4794 est.
607 4736 732 4791 Ideo
757 4737 974 4807 angelus
1020 4737 1119 4806 ipsi
1148 4746 1386 4806 apparet,
1414 4747 1692 4796 exterrens
1724 4754 1845 4796 eum

248 4827 342 4900 (a).
360 4830 490 4884 Non
516 4830 668 4884 enim
705 4837 921 4897 propter
969 4827 1424 4883 cireutncisionem
1469 4829 1538 4900 (si
1571 4832 1710 4885 enim
1746 4832 1850 4887 eir-

245 4920 609 4978 cumcisionis
648 4934 829 4985 causa,
858 4918 1138 4989 oportebat
1166 4933 1273 4973 non
1299 4928 1424 4974 ante
1446 4919 1718 4976 discedere
1753 4937 1851 4976 an-

247 5012 453 5081 gelum,
484 5025 656 5082 mm
681 5009 910 5066 alterum
932 5018 1102 5065 mater
1120 5009 1582 5083 circumcidisset),
1613 5010 1707 5069 sed
1730 5011 1851 5067 ideo

248 5100 528 5173 apparuit,
557 5107 625 5155 ut
649 5113 756 5154 non
785 5113 1006 5154 uxorem
1042 5097 1265 5154 duceret
1298 5098 1350 5153 in
1389 5097 1701 5170 Egyptum.
1732 5099 1851 5156 Non

250 5196 391 5248 enim
417 5208 492 5248 eo
524 5190 866 5254 mittebatur,
887 5198 944 5244 ut
960 5188 1069 5244 illic
1093 5188 1375 5256 habitaret,
1404 5189 1497 5244 sed
1522 5198 1577 5243 ut
1600 5189 1853 5247 educeret

254 5281 512 5340 lsraelem
545 5300 562 5336 :
596 5280 741 5351 quod
781 5289 838 5336 et
886 5280 973 5335 ille
1013 5280 1334 5349 intelligens,
1366 5278 1570 5335 remisit
1606 5295 1849 5337 uxorem.

249 5379 319 5434 At
354 5377 504 5433 unde
536 5374 719 5446 palam
744 5381 828 5430 est
869 5371 1010 5443 quod
1048 5371 1351 5428 remiserit“!
1394 5371 1522 5428 Post
1557 5372 1852 5430 discessum

252 5485 363 5533 Vitae
383 5479 616 5540 Josepho
635 5478 853 5540 tribuunt
874 5490 890 5526 :
915 5475 1011 5540 sed
1026 5473 1179 5538 lapsu,
1202 5483 1259 5526 ut
1280 5475 1490 5537 videtur,
1514 5476 1743 5540 graphico
1761 5477 1853 5528 de-

251 5536 1179 5612 οεφροειίῖιίεεέἓίοῐιποινίξδίὲιὲξιὲλ
1603 5536 1656 5612 ⁷.

310 5606 387 5668 (α)
420 5611 544 5655 Haec
565 5600 750 5650 dicitur
766 5598 916 5649 fuisse
946 5598 1188 5671 sententia
1234 5598 1379 5670 Babbi
1411 5598 1678 5673 Abrahami,
1703 5613 1855 5663 auge-

255 5666 352 5719 lum
372 5678 477 5730 non
501 5663 651 5730 ideo,
669 5666 877 5730 Moysem
911 5658 1134 5730 occidere
1164 5656 1396 5730 Voluisse,
1434 5660 1562 5730 quod
1602 5659 1724 5712 filios
1759 5675 1854 5730 non

255 5727 677 5779 ι’ὶνιιιηκςὶἀὶδθι,
698 5719 787 5770 sed
843 5720 934 5769 uod
957 5732 1157 5769 uxorem
1183 5726 1235 5769 et
1268 5719 1391 5769 tilios
1412 5719 1553 5770 simul
1578 5735 1744 5774 secum
1768 5723 1851 5771 ad-

257 5790 464 5831 dam-mi
491 5801 505 5831 :
530 5793 589 5831 et
611 5735 881 5831 probabilis
896 5787 1030 5831 certe
1057 5793 1115 5831 ea
1137 5783 1256 5831 ratio
1281 5789 1349 5831 υκι
1371 5795 1504 5831 .nnze
1529 5783 1604 5831 hic
1629 5781 1846 5831 affertur.

257 5790 464 5841 duceret
491 5801 505 5837 :
530 5793 589 5836 et
611 5781 881 5848 probabilis
896 5787 1030 5832 certe
1057 5793 1115 5831 ea
1137 5783 1256 5831 ratio
1281 5789 1349 5831 ea
1370 5795 1504 5848 ,quze
1529 5783 1604 5835 hic
1629 5781 1857 5859 affertur.

969 5872 985 5885 ‘l

1320 314 1638 399 SYNOPSIS
1675 337 2080 397 semermis:
2117 341 2381 401 saeuis.

3439 358 3543 412 5'38

1954 466 2016 506 ex
2046 452 2277 526 [Egypto
2301 456 2532 511 occurrit
2552 455 2625 513 illi
2646 471 2767 513 cum
2791 474 2955 515 uxore
2981 461 3145 531 ipsius
3164 463 3352 520 Iulium
3377 482 3534 523 socer

1952 542 2088 611 ejus.
2126 544 2278 600 Venit
2306 546 2483 601 Aaron
2510 546 2575 602 ad
2610 547 2864 620 Moyseni,
2893 559 2945 605 et
2974 553 3130 607 amho
3148 568 3533 627 congregarqu

1952 634 2195 689 seniores
2220 635 2450 702 Israelis,
2485 647 2538 693 et
2565 638 2693 709 ipsis
2720 642 3093 696 renuntiarunt
3127 644 3216 697 Dei
3242 650 3485 702 mandata
3517 667 3529 701 :

1956 725 2029 779 illi
2061 735 2238 782 autem
2279 730 2448 798 gavisi
2486 740 2629 785 sunt.
2668 731 2766 787 Ubi
2797 748 2922 787 vero
2962 735 3027 788 ad
3081 735 3410 794 Pharaonem
3444 758 3535 793 ar.-

1950 825 2247 884 cesserunt,
2271 817 2654 890 jusseruntque
2682 838 2803 877 eum
2826 823 3093 880 dimittere
3125 830 3393 896 populum,
3424 844 3533 886 nnn‘

1953 904 2112 960 modo
2138 924 2242 962 non
2269 912 2456 964 annuit
2484 927 2597 978 rex,
2627 913 2719 968 sed
2760 917 2916 969 etiam
2950 917 3215 973 lsraelitas
3247 921 3532 976 vehemen-

1953 996 2056 1050 tius
2083 996 2292 1066 afﬂixit,
2316 1000 2510 1069 jubens
2542 1018 2609 1058 ne
2652 1003 2869 1060 daretur
2897 1008 2975 1061 eis
3002 1008 3170 1076 palea,
3202 1011 3295 1065 sed
3344 1022 3399 1065 ut
3436 1013 3532 1082 ipsi

1951 1103 2070 1143 eam
2096 1089 2196 1144 sibi
2226 1093 2539 1161 reperirent.
2574 1094 2707 1149 Cum
2745 1106 2922 1151 autem
2962 1100 3151 1169 scriba:
3189 1103 3534 1160 verberaren-

1953 1189 2057 1243 tur,
2085 1182 2227 1250 quod
2256 1198 2388 1253 opus
2411 1200 2515 1241 non
2539 1187 2869 1257 impleretur,
2901 1190 3230 1247 Pharaonem
3262 1197 3529 1261 adierunt,

1951 1272 2185 1344 nihilque
2210 1274 2576 1346 impetrarunt.
2614 1277 2764 1333 Tunc
2795 1281 3355 1341 acclamaruntcoutra
3387 1289 3533 1360 Moy-

1950 1375 2449 1435 semzrursumque
2478 1368 2703 1423 mittitur
2742 1369 2830 1424 ille
2879 1370 2946 1425 ad
2994 1372 3278 1443 Israelitas,
3328 1380 3528 1435 exitum

1952 1451 2055 1506 illis
2095 1455 2433 1510 annuntians.
2480 1455 2556 1511 Illi
2585 1472 2711 1513 vero
2736 1475 2803 1513 ne
2828 1461 3105 1516 audierunt
3146 1465 3358 1533 quidem
3382 1469 3530 1541 Moy-

1951 1556 2083 1607 sem,
2119 1554 2223 1597 tam
2255 1544 2462 1615 dejeeto
2503 1557 2655 1603 erant
2699 1551 2898 1605 animo.
2944 1552 3040 1608 llic
3063 1555 3311 1610 scribitur
3337 1558 3531 1632 Moysis

1947 1634 2275 1705 genealogia,
2303 1644 2357 1690 et
2381 1638 2455 1691 ait
2498 1638 2572 1698 illi
2618 1639 2755 1693 Deus
2788 1659 2809 1694 τ’
2827 1640 2958 1695 Dedi
2989 1652 3037 1696 le
3075 1644 3222 1699 deum
3274 1646 3531 1705 Pharaoni

1947 1721 2143 1793 (Exod.
2176 1726 2226 1779 7.
2264 1726 2339 1798 I.)
2371 1743 2384 1779 :
2415 1727 2847 1798 mittitqneilhim
2875 1731 3529 1807 atl‘Pharaoncm.jubcns

1946 1817 2229 1872 ostendere
2255 1819 2482 1888 signum,
2512 1821 2555 1876 si
2577 1837 2666 1876 rex
2696 1832 2919 1892 peteret,
2948 1825 3110 1896 virga:
3140 1828 3191 1882 in
3220 1842 3525 1901 serpentem

1946 1920 2237 1965 eonversm.
2266 1908 2334 1965 Ut
2360 1921 2537 1967 autem
2577 1914 2721 1984 virga
2768 1915 3153 1986 in-serpcntem
3196 1930 3537 1992 mutataest,‘

1947 2011 2046 2051 nec
2069 2006 2242 2054 tamen
2283 2015 2378 2055 rex
2407 2003 2589 2069 cessit,
2619 2005 2844 2060 vertitur
2888 2022 3020 2077 aqua
3065 2009 3295 2066 fluminis
3320 2013 3380 2068 in
3398 2032 3526 2070 san-

1948 2087 2186 2158 guinem,
2212 2090 2463 2161 impletur
2483 2101 2620 2148 terra
2642 2096 2785 2149 ranis
2818 2114 2831 2149 :
2863 2097 3055 2153 deinde
3082 2101 3352 2172 sciniphes
3379 2109 3526 2163 exie-o

1947 2187 2090 2245 runt,
2111 2196 2231 2235 mox
2249 2184 2548 2256 eynomyia,
2574 2194 2922 2256 posteaanors
2937 2189 3321 2260 jumentorum,
3342 2209 3523 2265 postea

1946 2271 2187 2338 pustulae,
2229 2270 2353 2327 hinc
2390 2275 2597 2344 grando
2644 2284 2697 2330 et
2746 2277 2901 2347 ignis,
2956 2290 3137 2349 postea
3182 2283 3419 2349 locustae,
3471 2298 3525 2344 et

1946 2367 2179 2422 tenebrae
2205 2367 2512 2439 palpabiles.
2544 2370 2674 2426 Cum
2693 2383 2868 2427 autem
2900 2374 3193 2432 inducenda
3219 2389 3527 2437 esset‘mors

1949 2458 2445 2530 prinzogenitorum,
2471 2462 2737 2533 jubentur‘
2771 2466 3048 2521 immolare
3099 2485 3290 2541 agnum
3332 2474 3533 2527 intuta-'

1945 2550 2202 2618 colatum,
2246 2560 2300 2607 et
2335 2552 2593 2624 inungere
2623 2565 2803 2624 postes
2841 2560 3100 2629 sanguine
3126 2578 3140 2614 :
3166 2578 3339 2633 neque
3379 2566 3524 2620 enim

1946 2639 2235 2697 morituros
2263 2656 2383 2698 esse
2408 2658 2499 2699 eos
2520 2644 2609 2714 qui
2640 2654 2819 2700 essent
2843 2646 2895 2701 in
2916 2662 2978 2703 ea
3005 2649 3184 2717 domo,
3211 2653 3261 2706 in
3283 2670 3387 2724 qua
3407 2671 3526 2711 san-

1944 2729 2060 2799 guis
2080 2731 2199 2802 agni
2229 2742 2390 2790 esset.
2436 2734 2584 2791 Tunc
2622 2736 2727 2793 illis
2774 2737 2889 2809 lege
2933 2742 3118 2796 statuit
3160 2754 3365 2815 septem
3409 2746 3527 2807 dies

1944 2834 2255 2891 azymorum
2280 2832 2367 2879 :et
2394 2823 2438 2879 si
2483 2824 2704 2896 ingressi
2739 2826 2934 2884 fuerint
2971 2830 3021 2885 in
3065 2839 3259 2887 terram
3293 2838 3523 2906 promis-

1944 2912 2294 2983 sionis,jubet
2324 2916 2465 2974 hunc
2488 2935 2708 2975 servare
2749 2921 2969 2977 cultum.
3020 2924 3085 2978 Et
3113 2925 3160 2979 si
3184 2929 3525 3001 interrogave-

1944 3005 2046 3059 rint
2066 3021 2172 3069 eos,
2199 3007 2387 3078 inquit,
2422 3010 2518 3079 lilii
2545 3012 2713 3079 vestri,
2759 3011 2952 3078 dicetis,
2984 3013 3304 3086 Sacri/icium
3335 3023 3528 3089 pascha

1945 3096 2040 3150 hoc
2082 3106 2154 3151 est
2200 3097 2415 3154 Domino
2459 3100 2651 3176 (Exod.
2698 3103 2785 3158 l2.
2815 3102 2932 3174 27).
2964 3103 3095 3160 Cum
3134 3116 3311 3162 autem
3345 3111 3517 3165 media

1946 3195 2101 3242 nocte
2149 3190 2436 3258 periissent
2483 3192 2662 3247 ntuuia
2707 3194 3059 3264 primogenita
3113 3195 3521 3268 Egyptiorum,

1944 3277 2238 3348 abegerunt
2279 3280 2542 3337 Israelitas
2590 3298 2653 3339 ex
2705 3282 2955 3357 Egypto.
3009 3285 3088 3341 Illi
3139 3303 3266 3344 vero
3319 3295 3524 3361 egressi

1945 3380 2086 3436 sunt,
2120 3386 2241 3426 cum
2288 3373 2619 3442 accepissent
2650 3389 2772 3429 vasa
2801 3386 3053 3446 argentea
3083 3386 3136 3433 et
3160 3393 3344 3447 aurea,
3390 3383 3531 3438 mul-

1949 3472 2163 3534 tumque
2200 3466 2449 3536 populum
2502 3479 2682 3522 secum
2733 3467 3114 3538 promiscuum,
3163 3480 3216 3526 et
3271 3487 3417 3540 oves,
3471 3487 3529 3533 et

1946 3553 2132 3619 bores,
2158 3564 2211 3610 et
2257 3555 2518 3625 jtunenta.
2556 3556 2821 3613 Ilabitatio
2857 3567 3033 3614 autent
3065 3560 3292 3618 ﬁliorum
3336 3563 3522 3634 Israel,

1946 3658 2048 3714 qua
2080 3643 2385 3700 habitarunt
2415 3646 2515 3717 ipsi
2541 3657 2595 3703 et
2624 3658 2803 3718 patres
2831 3663 3014 3705 eorum
3046 3652 3098 3706 in
3131 3661 3271 3708 terra
3308 3653 3526 3726 Egypti

1946 3742 2001 3789 et
2027 3734 2078 3788 in
2111 3743 2248 3790 terra
2275 3736 2544 3802 Chanaan,
2586 3736 2688 3792 fuit
2720 3754 2980 3795 annorum
3019 3741 3525 3815 quadringentorum

1947 3834 2000 3879 et
2046 3825 2259 3894 triginta
2303 3827 2402 3898 (a).
2434 3827 2502 3882 Et
2540 3829 2611 3882 ait
2652 3829 2792 3884 Deus
2832 3846 2847 3884 :
2889 3830 3137 3887 Consecra
3179 3845 3226 3888 et
3266 3838 3532 3907 sancti/ica

1947 3915 2075 3969 mihi
2101 3932 2246 3971 omne
2289 3918 2671 3989 primogenitum
2708 3921 2772 3973 ab
2821 3920 3022 3976 homine
3063 3940 3217 3995 usque
3258 3929 3329 3981 ad
3374 3946 3527 3998 pecus

1949 4005 2142 4076 (Exod.
2176 4008 2266 4063 I5.
2304 4006 2409 4079 2.),
2460 4009 2581 4078 quia
2622 4010 2816 4065 occidit
2859 4011 3206 4082 primogenita
3250 4015 3530 4089 Egyptia-

1949 4111 2092 4150 rum.
2118 4095 2233 4151 Non
2264 4095 2413 4151 duxit
2450 4105 2628 4153 autem
2673 4112 2765 4153 eos
2791 4114 2889 4169 per
2918 4100 3232 4173 Phylistiim,
3264 4120 3331 4158 ne
3359 4110 3531 4175 pumi-

1951 4194 2089 4241 terct
2115 4201 2209 4242 eos
2234 4187 2430 4242 bellum
2452 4186 2713 4253 videntes,
2737 4204 2840 4243 neu
2868 4200 3262 4247 reverterentur
3287 4194 3339 4249 in
3355 4195 3526 4270 Egy—

1951 4288 2117 4348 ptum,
2148 4279 2243 4333 sed
2274 4292 2370 4348 per
2404 4292 2553 4333 mare
2596 4277 2856 4333 Rubrum.
2882 4276 3072 4347 Quinta
3102 4292 3280 4338 autem
3301 4300 3536 4355 genera~

1950 4371 2096 4425 tione
2124 4368 2481 4425 ascenderunt
2509 4370 2601 4426 filii
2642 4368 2802 4425 Israel
2831 4385 2897 4427 ex
2924 4369 3158 4444 Egypto
3186 4391 3199 4428 :
3229 4383 3286 4432 et
3323 4381 3537 4451 accepit

1950 4461 2160 4534 Moyses
2180 4476 2300 4517 ossa
2321 4461 2559 4532 losephi.
2590 4461 2830 4518 Ducebat
2875 4470 3052 4519 autem
3102 4465 3253 4523 Deus
3281 4467 3529 4527 lsraelem

1950 4554 2113 4610 ductu
2143 4554 2278 4625 ignis
2304 4569 2398 4625 pcr
2424 4563 2658 4622 noctem,
2685 4564 2738 4609 et
2762 4554 2922 4611 ductu
2953 4554 3109 4612 nubis
3149 4572 3245 4628 per
3269 4558 3430 4616 diem.
3464 4562 3536 4620 ιη

1952 4655 2129 4701 autem
2159 4647 2470 4715 insequutus
2494 4655 2577 4702 est
2604 4645 2810 4702 Pharao
2843 4656 3042 4702 mutata
3071 4652 3355 4715 sententia,
3386 4653 3531 4725 virga

1954 4738 2214 4805 percussit
2240 4736 2450 4806 Moyses
2478 4751 2646 4806 mare,
2672 4744 2727 4792 et
2752 4737 2979 4792 divisum
3021 4748 3102 4794 est
3135 4756 3151 4793 :
3180 4754 3301 4794 cum
3349 4752 3529 4798 autem

1955 4827 2389 4895 pertransiisscnt
2419 4826 2693 4892 Israelitte,
2724 4841 2873 4883 mare
2906 4826 3245 4897 conjunctum
3295 4840 3387 4886 est
3403 4848 3535 4889 con~

1956 4925 2037 4972 tra
2055 4915 2358 4988 {Egyptios,
2384 4927 2439 4972 et
2462 4918 2715 4972 demersit
2735 4931 2849 4973 eos.
2881 4918 2948 4972 Et
2966 4919 3159 4973 cecinit
3175 4918 3382 4992 Moyses
3404 4940 3536 4981 ean-

1957 5011 2141 5078 ticum,
2166 5011 2359 5066 cecinit
2379 5021 2432 5067 et
2460 5011 2622 5066 Maria
2651 5026 2771 5066 eum
2808 5011 3138 5068 mulieribus.
3171 5013 3446 5073 Venerunt
3484 5022 3538 5076 in

2022 5166 2095 5230 (a)
2130 5164 2346 5230 Cum_l_i_is
2364 5173 2628 5230 οριιερῃξιιιῑ
2649 5179 2760 5230 quae
2777 5166 2900 5216 dixit
2922 5167 2971 5217 in
2992 5166 3191 5230 ttomilia
3228 5170 3289 5222 57
3316 5173 3363 5222 in
3383 5181 3542 5225 Gene-

1956 5226 2222 5293 sitn,"rom.
2247 5226 2330 5288 IV,
2354 5227 2455 5293 col.
2471 5227 2583 5293 3M},
2608 5226 2761 5293 annos
2783 5242 2961 5293 nempe
2978 5229 3364 5293 quadringentos
3382 5238 3540 5286 servio

1956 5292 2101 5357 tutis,
2125 5303 2251 5357 quos
2284 5290 2461 5339 semini
2503 5289 2704 5338 Abrahae
2741 5289 2969 5357 prsidixit
2999 5289 3129 5341 Deus
3161 5289 3336 5343 G'enes.
3365 5296 3547 5357 15,13,
3644 5335 3661 5341 η

1958 5351 2254 5415 incipiendus
2276 5365 2303 5399 a
2325 5358 2565 5415 tempore,
2588 5351 2922 5415 quoslirahae
2959 5353 3250 5415 imperatum
3274 5363 3378 5415 est,
3402 5351 3456 5406 ut
3480 5351 3547 5409 ei

1958 5409 2170 5484 Charran
2203 5409 2546 5484 egrederetur.
2585 5409 2967 5484 Quadringentos
2987 5409 3141 5484 annos
3176 5427 3239 5464 eo
3270 5409 3376 5465 loco
3412 5416 3547 5484 dicit,

1957 5478 2070 5537 quia
2091 5472 2429 5537 quadringenti
2454 5479 2636 5537 tantum
2659 5472 2881 5524 feruniur
2912 5478 2963 5524 in
2994 5482 3138 5525 textu
3162 5483 3429 5537 Geneseos.
3465 5472 3550 5537 Ilii;

1959 5532 2081 5606 iero
2109 5532 2493 5606 quadringentos
2515 5534 2712 5606 triginta
2732 5542 3034 5606 statuarum
3077 5542 3126 5606 β.
3154 5535 3296 5606 Paulo
3320 5536 3463 5606 Epist.
3488 5532 3551 5581 ad

1959 5595 2158 5655 Galatas,
2179 5596 2261 5645 ubi
2286 5595 2368 5654 ait,
2392 5607 2422 5644 a
2441 5595 2758 5657 promissione
2782 5597 2983 5647 Abrahae
3004 5595 3129 5646 facta
3148 5597 3207 5645 ad
3230 5595 3386 5657 usque
3422 5605 3553 5646 tem-

1960 5672 2052 5722 pus
2072 5658 2199 5707 datae
2223 5657 2366 5718 legis,
2391 5656 2542 5726 annos
2565 5672 2678 5726 esse
2699 5658 3082 5726 quadringentos
3103 5658 3317 5726 triginta.
3334 5656 3442 5726 Quo
3465 5669 3557 5706 au-

1963 5717 2229 5831 lle";‘DaCItl)
2251 5719 2537 5831 griigerandi
2560 5721 2657 5772 sint
2678 5717 2790 5772 anni
2813 5717 3129 5782 illi,'disimus
3145 5717 3325 5768 ibidem
3342 5717 3394 5768 in
3418 5728 3554 5778 nota.

1969 5790 2019 5831 ".
2102 5814 2116 5831 .
2142 5796 2199 5831 eo
2223 5818 2231 5831 .
2349 5814 2362 5831 .
2768 5830 2773 5831 ,

1969 5790 2019 5834 'r.
2046 5788 2116 5844 l‘,
2142 5788 2231 5834 col.
2254 5788 2362 5833 sto.
