3966 6192
346 317 446 374 3‘27

346 430 608 497 Mari-bas,
644 429 732 490 ubi
772 441 952 482 amara
994 433 1109 480 erat
1143 439 1314 495 aqua,
1361 434 1416 480 et
1453 423 1660 478 dulcem
1701 421 1930 478 reddidit

348 522 492 580 illam
535 521 741 592 Moyses
787 533 883 589 per
926 518 1144 588 lignum.
1207 516 1479 571 Venerunt
1527 516 1582 570 in
1631 515 1806 571 locum
1843 514 1932 570 ubi

349 610 804 671 emntduodecim
833 608 1030 676 fontes,
1072 617 1125 663 et
1153 609 1485 678 septuaginta
1517 606 1709 677 palmae
1741 622 1754 658 :
1786 604 1934 661 locus

347 711 522 759 autem
549 701 840 758 vocabatur
880 701 1034 756 Elim.
1085 698 1211 754 Inde
1257 705 1520 754 venerunt
1563 697 1618 751 in
1663 696 1933 752 desertum

347 793 485 854 inter
509 792 648 854 Elim
679 799 733 849 et
751 790 899 847 Sina.
928 789 1078 848 Tunc
1110 798 1572 844 nnirmuraverunt
1617 787 1670 844 in
1721 786 1936 842 deserto

348 883 624 950 Israelita;
649 896 842 939 carnes
859 880 1214 953 postulantes.
1242 879 1391 935 Tunc
1421 878 1552 948 pluit
1589 878 1692 934 illis
1719 892 1933 932 manna.

348 972 551 1035 Deinde
589 973 766 1030 intulit
803 971 1151 1029 coturnicem.
1196 970 1293 1026 llic
1341 970 1482 1028 circa
1524 983 1738 1034 manna,
1794 966 1935 1040 quod

345 1078 471 1120 cum
500 1062 723 1122 multum
769 1070 904 1128 erat,
947 1076 1053 1120 non
1107 1058 1456 1124 redundabat,
1517 1073 1638 1114 cum
1691 1071 1933 1127 parvum,

347 1168 457 1216 non
480 1153 777 1220 deﬁciebat,
803 1153 960 1226 jussit
989 1153 1123 1211 nihil
1154 1151 1379 1220 relinqui
1412 1150 1464 1206 in
1503 1149 1812 1211 crastinum.
1855 1147 1937 1203 llli

348 1260 477 1305 vero
502 1259 608 1304 non
635 1252 945 1316 paruerunt,
974 1253 1026 1299 et
1061 1241 1201 1317 quod
1235 1241 1503 1298 residuum
1536 1239 1632 1293 fuit
1664 1238 1938 1294 vermibus

348 1334 606 1392 scatebat.
641 1333 801 1400 Dixit,
826 1333 903 1388 Ne
927 1331 1271 1403 egrcdtamini
1302 1330 1369 1386 ad
1411 1329 1768 1400 colligendum
1809 1327 1935 1384 sab-

351 1426 477 1486 bato
505 1443 519 1480 :
553 1424 630 1479 illi
657 1438 783 1480 vero
813 1437 986 1494 neque
1019 1421 1070 1476 iu
1103 1421 1204 1484 ltoc
1228 1420 1509 1490 obsequuti
1549 1428 1693 1484 sunt,
1734 1427 1788 1478 et
1816 1433 1938 1473 cum

346 1515 554 1588 egressi
577 1525 781 1582 essent,
813 1514 943 1570 nihil
974 1511 1487 1568 invenerunt..iubet
1509 1511 1718 1582 Moyses
1741 1511 1791 1565 in
1813 1524 1942 1566 vase

353 1623 519 1671 aureo
544 1607 732 1679 reponi
747 1622 814 1662 ex
831 1619 1022 1660 manna
1037 1605 1090 1660 in
1109 1604 1313 1666 futuras
1332 1605 1723 1674 generationes.
1747 1602 1938 1657 Manna

353 1712 484 1753 vero
509 1696 856 1753 comederunt
879 1694 1223 1766 quadraginta
1258 1693 1434 1750 annis.
1463 1692 1612 1748 Tunc
1634 1706 1938 1752 murmura-

352 1797 548 1848 verunt
572 1788 641 1844 ob
656 1787 822 1848 sitim.
847 1786 915 1848 Et
937 1786 1197 1857 percussit
1220 1784 1430 1857 Moyses
1451 1792 1677 1855 petram,
1707 1783 1942 1853 esiitque

354 1896 512 1952 aqua.
542 1879 697 1940 Venit
724 1878 944 1935 Amalec
982 1877 1232 1938 bellatum
1267 1884 1450 1931 contra
1481 1874 1729 1938 lsraelem
1762 1891 1776 1928 :
1809 1881 1862 1929 et
1887 1873 1942 1930 in

353 1973 535 2044 fugam
578 1972 728 2034 illum
777 1969 938 2026 vertit
978 1969 1134 2026 .lesus
1186 1967 1326 2032 filius
1367 1967 1510 2022 Nave
1539 1983 1552 2020 :
1577 1980 1641 2025 ac
1687 1963 1944 2035 quamdiu

354 2073 510 2129 erant
535 2078 724 2120 manus
749 2062 944 2136 Moysis
962 2071 1176 2126 erecte,
1197 2060 1483 2130 superabat
1511 2059 1702 2124 lsrael;
1730 2055 1943 2128 quando

352 2164 530 2211 autem
551 2153 862 2216 demittebat
885 2167 998 2220 eas,
1024 2150 1394 2221 superabatur.
1421 2147 1554 2203 Illud
1582 2163 1707 2203 vero
1732 2147 1942 2218 signum

355 2255 475 2302 erat
501 2246 697 2303 crucis.
729 2243 1160 2315 Stabantquippe
1187 2244 1363 2297 Aaron
1402 2249 1456 2297 et
1491 2241 1564 2299 Or
1594 2240 1682 2310 qui
1713 2238 1949 2294 sustine-

354 2346 471 2393 rent
499 2353 687 2396 manus
711 2336 897 2409 Moysi.
929 2335 1070 2395 Dixit
1096 2345 1271 2395 autem
1302 2334 1554 2388 Dominus
1573 2332 1640 2387 ad
1659 2331 1894 2404 Moysem
1927 2348 1940 2385 :

356 2429 537 2485 Scribe
578 2430 672 2486 hoc
707 2430 760 2484 in
795 2436 1172 2488 monumentum
1219 2427 1270 2480 in
1315 2425 1441 2482 libro
1471 2425 1665 2496 (Exod.
1711 2425 1798 2479 17.
1831 2422 1941 2495 14).

355 2521 577 2581 Accedit
620 2521 811 2584 lotbor
833 2535 988 2579 socer
1011 2520 1206 2590 Moysis
1248 2533 1370 2574 cum
1413 2532 1579 2572 uxore
1617 2517 1736 2586 ejus
1770 2517 1948 2587 (gene-

357 2629 476 2668 rum
503 2621 678 2675 autem
710 2612 856 2673 illum
910 2619 1103 2681 praeter
1146 2623 1298 2664 usum
1345 2618 1500 2664 vocat
1549 2607 1846 2680 Scriptura)
1891 2616 1948 2664 et

358 2702 526 2775 Moysi
549 2713 605 2758 et
630 2701 822 2772 populo
839 2701 940 2771 (a).
967 2699 1467 2759 Enarratmirabilia
1487 2698 1696 2772 Moyses
1718 2712 1906 2754 socero
1929 2715 1943 2752 :

357 2797 450 2854 ille
476 2811 604 2853 vero
631 2796 853 2856 miratus
877 2804 979 2851 est.
1011 2793 1081 2854 Ut
1117 2802 1297 2854 autem
1323 2792 1452 2848 vidit
1477 2802 1646 2848 totum
1687 2793 1941 2863 populum

355 2887 525 2961 Moysi
554 2887 873 2953 adsmntem,
903 2886 1050 2945 illum
1085 2899 1215 2941 vero
1240 2899 1344 2940 non
1389 2898 1548 2955 posse
1595 2897 1719 2956 erga
1758 2897 1948 2939 omnes

354 2979 610 3051 judicium
639 2993 911 3047 exercere,
957 2985 1144 3037 auctor
1171 2985 1253 3032 est
1301 2976 1379 3036 illi
1427 2990 1603 3043 socer,
1646 2984 1704 3035 ut
1749 2974 1948 3046 deligat

359 3072 507 3132 viros
556 3079 822 3142 petentes,
871 3068 1176 3140 religiosos,
1226 3065 1422 3137 justus,
1475 3065 1718 3122 odientes
1755 3079 1948 3136 super-

356 3163 522 3229 biam,
545 3171 596 3219 et
615 3161 906 3226 constituat
929 3174 1024 3215 eos
1041 3156 1392 3224 millenarios,
1407 3155 1766 3222 centenarias,
1783 3155 1949 3227 quin-

361 3253 735 3324 quagcuarios,
787 3250 1101 3310 decuriones
1133 3247 1329 3319 (Exod.
1378 3246 1464 3310 18.
1512 3245 1626 3320 21)..
1659 3244 1950 3322 Obtempe-

357 3345 497 3402 ravit
521 3345 570 3399 ei
600 3344 831 3416 Moyses,
858 3352 911 3404 et
941 3341 1185 3400 ascendit
1211 3340 1263 3401 in
1294 3349 1550 3396 montem.
1581 3339 1950 3408 Prmcepitque

360 3441 411 3496 ei
441 3439 582 3494 Deus
611 3446 669 3494 ut
697 3437 892 3508 populo
921 3435 1144 3497 diceret,
1177 3447 1272 3488 cos
1299 3433 1500 3487 futuros
1529 3432 1622 3486 Dei
1653 3430 1832 3500 regale
1858 3444 1948 3488 sa-

361 3530 682 3595 cerdotium,
710 3534 921 3598 gentem
957 3533 1216 3586 sanctam,
1265 3523 1309 3578 si
1356 3521 1674 3582 obedierint.
1705 3520 1784 3574 llli
1821 3535 1952 3576 vero

359 3621 608 3676 dixcruut
632 3638 645 3675 :
673 3619 857 3681 Omnia
893 3630 1218 3688 quacumque
1254 3613 1382 3670 dixit
1431 3611 1590 3675 Deus,
1633 3614 1874 3685 faciemus
1903 3621 1952 3666 et

359 3713 626 3774 audiemus
672 3708 868 3784 (Exod.
917 3707 1006 3766 19.
1043 3704 1125 3780 8).
1169 3705 1316 3760 Tunc
1349 3704 1588 3775 praecipit
1629 3705 1846 3774 pepulo,
1895 3712 1953 3758 ut

362 3805 674 3877 purificetur
719 3815 888 3875 usque
937 3799 1006 3858 ad
1062 3797 1273 3860 tertium
1305 3796 1467 3862 diem,
1508 3807 1562 3852 et
1613 3797 1754 3859 lavet
1792 3796 1954 3851 vesti.

363 3904 544 3952 menta
571 3909 685 3950 sua.
714 3892 810 3948 llic
838 3891 1038 3946 dictum
1082 3897 1165 3944 cst
1193 3886 1318 3952 illud
1365 3885 1511 3957 quod
1552 3885 1777 3949 habetur
1810 3885 1952 3958 apud

365 3980 753 4060 Apostolumin
766 3977 1014 4049 Epistula
1059 3980 1127 4043 ad
1142 3979 1428 4039 Hebt‘ieOS:
1467 3978 1528 4034 Si
1565 3979 1778 4050 tetigerit
1807 3995 1954 4033 mon-

365 4088 484 4144 tem,
513 4069 1129 4146 tapidabitur(Hebr.12.
1153 4067 1436 4140 ‘20).Tuuc
1457 4083 1612 4124 mons
1636 4068 1948 4140 fumigabat,

363 4181 524 4226 voces
545 4166 788 4225 tubarum
813 4163 1095 4224 sonabant.
1127 4160 1279 4218 Tunc
1315 4168 1580 4230 praecepta
1610 4159 1743 4230 legis
1761 4159 1954 4229 accipit

363 4258 597 4330 Moyses,
639 4269 831 4326 ueuipe
855 4252 1191 4323 decaiogum,
1213 4259 1268 4312 et
1296 4250 1498 4320 reliqua
1527 4249 1675 4320 jura.
1696 4248 1827 4304 lllud
1851 4264 1950 4311 aue

369 4360 500 4413 tcm,
525 4346 637 4400 Diis
658 4363 758 4401 non
787 4343 1053 4404 maledices
1091 4341 1285 4414 (Exod.
1306 4339 1397 4405 22.
1419 4339 1537 4410 28),
1561 4355 1666 4397 non
1701 4339 1768 4395 de
1798 4339 1950 4396 idolis

368 4440 569 4499 dictum
601 4446 704 4503 est,
746 4435 842 4492 sed
871 4434 940 4493 de
967 4433 1292 4504 principibus
1322 4447 1336 4484 :
1369 4431 1550 4488 subdit
1579 4431 1718 4493 enim
1751 4447 1765 4485 :
1791 4431 1950 4496 Prin-

368 4529 470 4600 σὶρὶ
501 4526 678 4599 populi
723 4526 797 4581 tui
823 4523 1253 4600 ηοιιμιαίεάὶσεδ.
1295 4521 1583 4583 Pollicetur
1627 4521 1793 4577 multa
1822 4521 1953 4592 ipsis

364 4623 525 4687 bona,
555 4618 599 4672 si
627 4612 1114 4684 obedicrintsquod
1136 4621 1322 4684 gentes
1350 4613 1455 4674 sint
1485 4613 1810 4683 superaturi,
1846 4623 1955 4669 ιον-

365 4728 481 4772 ratu
508 4707 838 4783 possessuri;
867 4705 1149 4777 pollicetur
1177 4705 1308 4760 item
1337 4719 1528 4775 aquam
1560 4720 1747 4760 eorum
1787 4705 1952 4762 bene.

367 4804 568 4864 dictum
615 4800 699 4867 iri,
729 4807 784 4854 et
811 4811 1026 4872 panem,
1071 4794 1215 4857 omni
1247 4794 1438 4852 morbo
1487 4794 1791 4855 liberandos
1833 4796 1955 4856 illos

368 4910 511 4963 esse,
540 4909 646 4959 non
675 4892 905 4957 futuram
927 4890 1167 4954 sterilem
1190 4903 1309 4946 esse
1331 4888 1383 4944 in
1405 4888 1531 4958 illis,
1553 4905 1726 4967 neque
1741 4890 1950 4958 orbum,

368 5002 543 5057 neque
569 4987 905 5052 immaturam
938 4993 1188 5050 mortem,
1217 4982 1474 5044 terminos
1497 4997 1685 5040 eorum
1723 4997 1782 5039 se
1807 4985 1952 5056 posis

368 5089 546 5134 turum
585 5093 703 5133 esse
743 5094 773 5132 a
810 5078 943 5140 mari
987 5077 1169 5141 ltubro
1215 5089 1384 5146 usque
1425 5073 1493 5130 ad
1533 5074 1953 5147 Phylistinorum

369 5179 591 5235 terram,
618 5182 648 5220 a
676 5165 892 5222 deserto
919 5183 1087 5238 usque
1111 5165 1178 5229 ad
1207 5164 1555 5236 Euphratem.
1577 5165 1726 5221 Tunc
1764 5166 1956 5224 immoe

337 5261 341 5268 ’
365 5260 496 5318 lavit
523 5258 753 5333 Moyses,
774 5268 829 5315 et
849 5259 1128 5320 dimidium
1149 5260 1424 5330 sanguinis
1445 5259 1631 5321 ell'udit
1656 5259 1724 5324 ad
1741 5260 1909 5317 altare
1937 5280 1950 5318 :

366 5351 741 5422 accipiensque
781 5351 1089 5420 sanguinem
1136 5351 1365 5420 aspersit
1425 5350 1701 5422 populum.
1751 5351 1954 5418 Horum

334 5488 353 5510 κ
370 5444 616 5507 meminit
643 5441 839 5498 Paulus
865 5441 918 5496 in
947 5440 1185 5510 Epistula
1212 5442 1279 5496 ad
1305 5441 1561 5498 Hebraeos
1588 5441 1773 5506 dicens
1801 5461 1814 5497 :
1843 5443 1956 5499 Νες

366 5554 463 5609 que
487 5538 706 5610 primum
735 5537 1106 5594 Testamentum
1131 5533 1240 5588 sine
1276 5534 1523 5606 sanguine
1563 5542 1854 5588 renovatum
1883 5545 1958 5590 est

425 5671 498 5743 tu)
532 5677 671 5734 nec,
705 5675 750 5722 et
789 5669 940 5736 Moysi
975 5675 1020 5720 et
1052 5667 1252 5734 populo,
1288 5668 1514 5720 videntur
1549 5667 1786 5722 mendose
1828 5677 1957 5727 irre-

363 5746 540 5796 ιιςιδδρ.

1143 311 1197 366 S.
1239 311 1517 367 JOANNIS
1547 309 2016 367 CllRYSOSTOMl
2042 311 2359 368 ARCHIEP.
2399 311 2934 372 CONSTANTINOP.

3522 321 3626 382 328

2039 421 2222 493 (Hebr.
2245 422 2436 494 9.18).
2468 420 2696 478 Jubetur
2725 424 2933 497 Moyses
2965 427 3261 484 ascendere
3298 437 3354 484 et
3383 431 3625 500 accipere

2036 511 2263 569 tabulas.
2287 512 2350 567 Et
2379 521 2494 569 erat
2518 513 2587 569 ibi
2608 515 2955 585 quadraginta
2981 517 3170 574 diebus
3199 531 3252 574 et
3277 519 3626 590 quadraginta

2037 602 2301 662 noctibus.
2336 603 2550 658 Audivit
2597 615 2774 660 autem
2821 605 3227 676 dispositionem
3275 609 3624 680 tabernaculi,

2038 701 2089 748 et
2119 707 2306 748 eorum
2336 707 2456 762 quin
2493 693 2547 748 in
2586 694 2702 764 ipso
2739 695 3168 763 continebantur,
3202 707 3258 754 et
3281 701 3626 757 sacerdotalis

2037 782 2282 849 amictus,
2314 790 2368 837 et
2397 783 2662 838 unctionis
2699 785 3057 853 sacerdotum,
3089 796 3146 842 et
3175 788 3623 859 redemptionum.

2039 871 2165 930 Haec
2189 888 2318 930 vero
2339 883 2492 931 crant
2521 883 2578 931 ut
2614 875 2807 946 singuli
2846 876 3120 934 dimidiam
3163 879 3459 954 didraclimi
3506 898 3623 952 par.

2041 973 2147 1020 tem
2176 965 2383 1031 darent,
2427 967 2481 1022 id
2527 977 2630 1036 est,
2674 969 2863 1025 obolos
2900 969 3108 1026 decem.
3155 972 3221 1027 Et
3262 973 3330 1029 de
3361 977 3624 1044 composi-

2041 1056 2185 1112 tione
2211 1057 2310 1113 olei
2347 1059 2605 1130 pra-cipit,
2647 1060 2784 1120 etde
2826 1062 3199 1118 observatione
3238 1065 3627 1123 sabbati.Cono

2040 1148 2260 1202 veniunt
2303 1147 2554 1205 lsraelitze
2581 1159 2765 1206 contra
2811 1152 3079 1214 Aaroncm
3103 1163 3157 1208 et
3181 1153 3236 1208 in
3275 1155 3626 1216 idololatriam

2041 1239 2301 1296 incidunt.
2333 1240 2480 1296 Tunc
2521 1243 2596 1301 ait
2625 1244 2765 1300 Deus
2805 1245 2970 1317 Moysi
3001 1263 3016 1300 :
3046 1247 3174 1302 Sine
3220 1264 3317 1313 me,
3367 1259 3416 1302 et
3457 1249 3627 1305 delibo

2041 1347 2146 1397 eos,
2175 1340 2223 1385 et
2247 1333 2433 1403 faciant
2476 1342 2524 1387 te
2563 1335 2617 1388 in
2645 1345 2840 1406 gentem
2877 1353 3114 1406 magnam
3153 1335 3347 1407 (Exod.
3381 1338 3471 1394 52.
3518 1340 3622 1411 10).

2044 1422 2114 1480 Ut
2141 1433 2319 1479 autem
2350 1424 2683 1482 descendens
2707 1427 2919 1499 Moyses
2953 1427 3082 1483 vidit
3118 1429 3344 1486 vitulum
3376 1439 3431 1485 et
3457 1446 3624 1501 popu-

2043 1514 2152 1570 lum
2184 1514 2477 1583 ludentem,
2514 1518 2736 1588 projccit
2761 1529 2815 1574 et
2847 1519 3099 1576 contrivit
3135 1521 3358 1587 tabulas,
3392 1523 3627 1593 inerepas

2044 1604 2120 1660 vit
2149 1606 2436 1671 Aaronem,
2465 1609 2716 1678 praecepit
2738 1609 2860 1664 iiiiis
2887 1607 3016 1666 Levi
3052 1611 3418 1678 venientibus;
3446 1613 3574 1668 dixit
3607 1633 3622 1669 :

2045 1693 2107 1750 Si
2130 1696 2242 1765 quis
2273 1696 2342 1749 ad
2383 1696 2674 1764 Dominum,
2708 1699 2874 1753 veniat
2907 1699 2977 1752 ad
3018 1716 3115 1765 me,
3153 1710 3207 1756 ut
3244 1703 3441 1756 occidat
3471 1720 3624 1757 unuse

2043 1785 2253 1856 quisque
2277 1790 2488 1856 fratrem
2513 1804 2662 1846 suum
2688 1798 2734 1841 et
2751 1790 3036 1859 proximum
3056 1807 3204 1843 suum
3230 1807 3248 1845 :
3271 1801 3320 1845 et
3345 1793 3626 1848 ceciderunt

2045 1883 2144 1930 tres
2165 1877 2304 1931 mille
2328 1877 2422 1932 uiri
2449 1877 2641 1948 (Exod.
2674 1877 2742 1938 ⁸52
2792 1877 2862 1940 26
2901 1879 3102 1951 -—28).
3147 1880 3298 1936 Tunc
3339 1883 3632 1942 ascendens

2045 1967 2252 2040 Moyses
2279 1968 2416 2028 dixit
2444 1971 2554 2026 Deo
2581 1989 2595 2024 :
2628 1970 2690 2026 Si
2731 1973 2931 2041 quidem
2961 1972 3171 2029 dimittis
3215 1973 3319 2034 illis
3345 1987 3622 2044 peccatum,

2047 2061 2280 2128 dimitte;
2316 2063 2396 2117 sin
2435 2064 2620 2130 minus,
2651 2065 2762 2118 dele
2800 2081 2878 2119 me
2906 2066 2968 2118 de
3008 2065 3156 2130 libro,
3199 2083 3347 2136 quem
3384 2068 3628 2137 scripsisti

2052 2153 2244 2226 (Exod.
2272 2154 2360 2209 39..
2385 2155 2473 2209 '51.
2506 2155 2620 2227 52).
2653 2155 2801 2211 Tunc
2833 2157 2976 2212 licvit
3004 2159 3250 2228 populus,
3272 2171 3323 2214 et
3347 2161 3528 2228 jussus
3551 2172 3634 2216 cst

2047 2245 2316 2316 deponere
2336 2257 2584 2302 ornatum
2606 2263 2778 2302 suum.
2813 2249 2909 2304 llic
2928 2249 3126 2304 dictum
3149 2248 3249 2304 fuit
3275 2267 3289 2304 :
3317 2249 3381 2304 Et
3399 2252 3634 2321 loquutus

2046 2344 2118 2393 est
2147 2334 2395 2392 Dominus
2441 2337 2510 2390 ad
2553 2336 2804 2406 Moysem,
2843 2339 2986 2407 quasi
3029 2339 3075 2391 si
3115 2339 3226 2408 quis
3277 2338 3512 2410 loquatur
3565 2345 3633 2401 ait

2048 2427 2266 2483 anticum
2290 2445 2435 2485 suum
2461 2427 2655 2502 (Exod.
2688 2429 2774 2484 53.
2810 2430 2922 2499 11).
2944 2428 3100 2484 Jesus
3125 2439 3299 2485 autem
3329 2432 3467 2486 filius
3492 2431 3641 2489 Nave

2050 2537 2155 2577 non
2180 2521 2552 2592 egrediebatur
2573 2537 2638 2577 ex
2667 2521 3029 2578 tabernaculo.
3059 2522 3211 2580 Tune
3239 2534 3388 2595 rogat
3427 2525 3642 2598 Moyses

2049 2611 2240 2678 Deum,
2269 2620 2326 2666 ut
2354 2627 2459 2667 non
2487 2611 2820 2683 derelinquat
2847 2613 3118 2683 populum,
3146 2621 3201 2668 et
3219 2614 3408 2669 dolatis
3426 2615 3640 2673 duabus

2049 2701 2266 2770 tabulis,
2297 2703 2502 2774 accepit
2539 2702 2872 2774 decalogum,
2921 2705 3201 2760 transactis
3244 2720 3457 2760 rursum
3503 2723 3644 2778 qua-

2048 2793 2291 2866 draginta
2319 2794 2508 2854 diebus
2536 2803 2590 2850 et
2635 2795 2981 2868 quadraginta
3021 2797 3284 2854 noctibus.
3325 2798 3646 2870 Prmcipitur

2049 2895 2227 2942 autem
2259 2887 2357 2957 ipsi
2387 2887 2577 2948 iterum
2620 2886 2687 2942 de
2716 2888 2929 2957 pascha,
2962 2887 3030 2944 de
3060 2889 3304 2957 sabbato,
3344 2889 3413 2946 de
3455 2901 3647 2948 extera

2049 2976 2316 3036 minandis
2336 2977 2570 3047 gentium
2589 2976 2711 3044 diis,
2727 2976 2792 3038 de
2807 2977 3170 3049 primogenitis
3193 2979 3293 3050 ipsi
3310 2981 3648 3037 sanctiﬁcan-

2050 3068 2151 3125 dis.
2183 3067 2280 3134 Hic
2306 3068 2518 3139 legitur,
2547 3067 2782 3140 Moysem
2812 3084 2932 3124 cum
2978 3069 3099 3124 velo
3136 3070 3408 3140 loquutqu
3442 3073 3649 3142 pepqu

2051 3175 2200 3226 esse;
2231 3160 2371 3231 quod
2397 3159 2463 3216 ad
2492 3159 2800 3216 Corinthios
2827 3159 3060 3220 secunda
3092 3163 3168 3216 ait
3195 3163 3388 3222 Paulus
3413 3163 3490 3232 (2.
3522 3165 3646 3219 Cor.

2051 3254 2109 3311 3.
2141 3253 2250 3324 15).
2275 3252 2426 3315 Tunc
2460 3252 2563 3308 illis
2590 3261 2914 3322 praeceptum
2943 3261 3026 3308 est
3053 3252 3122 3308 de
3153 3253 3399 3320 sabbato,
3426 3255 3497 3309 de
3526 3270 3651 3312 ma-

2054 3345 2187 3405 teria
2223 3343 2291 3400 ad
2324 3343 2650 3400 tabernaculi
2687 3343 3140 3404 constructionem
3182 3343 3505 3409 adhibenda,
3546 3347 3658 3402 hoc

2053 3445 2156 3501 est,
2181 3433 2254 3496 de
2276 3449 2432 3501 auro,
2459 3433 2529 3492 de
2547 3447 2676 3500 tere,
2707 3432 2775 3491 de
2800 3433 3024 3503 capillis,
3053 3433 3228 3503 deque
3253 3435 3458 3505 reliqua
3481 3445 3658 3490 mate-

2054 3524 2151 3580 ria.
2183 3523 2252 3579 Et
2285 3524 2361 3588 illi
2391 3522 2605 3594 quidem
2633 3538 2752 3578 cum
2794 3538 2984 3594 magna
3023 3522 3316 3585 offerebant
3341 3525 3654 3591 alacritate,

2054 3615 2124 3670 ita
2155 3624 2212 3669 ut
2237 3613 2592 3678 redundaret;
2633 3621 2886 3684 operatus
2936 3621 3115 3669 autem
3163 3623 3247 3672 est
3291 3613 3538 3671 Bcseleel
3585 3617 3668 3676 de

2055 3704 2195 3765 tribu
2217 3703 2373 3770 Juda,
2415 3713 2468 3758 et
2505 3703 2658 3766 Eliab
2683 3690 2748 3762 de
2783 3704 2919 3758 tribu
2951 3704 3060 3758 Dan
3089 3704 3269 3760 omnia
3315 3705 3383 3760 ad
3419 3721 3667 3777 appara-

2054 3807 2170 3854 tum
2220 3797 2555 3863 necessaria;
2602 3807 2657 3853 et
2700 3798 3094 3858 tabernaculum
3149 3799 3318 3866 stetit,
3366 3801 3672 3873 nubesque

2053 3890 2264 3961 operuit
2287 3889 2439 3945 illud.
2465 3888 2617 3960 Quod
2646 3898 2824 3945 autem
2866 3890 3167 3966 impensum
3217 3891 3312 3946 iuit
3346 3892 3416 3946 ad
3459 3908 3668 3963 Opera,

2010 4016 2018 4023 -
2054 3982 2168 4036 auri
2198 3981 2415 4051 quidem
2440 3981 2623 4051 viginti
2645 3995 2838 4043 novem
2869 3982 3061 4045 talenta
3080 3991 3134 4040 et
3154 3982 3274 4045 sicli
3297 3985 3672 4056 septingenti,

2054 4070 2261 4140 argenti
2284 4071 2479 4128 talenta
2509 4078 2746 4138 centum,
2768 4070 2884 4124 sicli
2907 4070 3030 4138 772,
3061 4070 3183 4132 teris
3201 4073 3402 4128 talenta
3432 4086 3679 4154 septuae

2053 4162 2222 4232 ginta,
2251 4170 2305 4217 et
2331 4161 2412 4218 bis
2440 4161 2587 4216 mille
2614 4160 2888 4232 quingenti
2917 4161 3055 4217 sicli.

2385 4307 2681 4362 LEVITICUS,
2722 4309 2877 4351 Linea
2915 4311 3144 4352 manus
3180 4295 3282 4369 (a).

2127 4427 2395 4490 Leviticus
2416 4439 2637 4489 vocatur
2674 4428 2762 4486 bic
2798 4430 2954 4499 liber,
2981 4433 3106 4501 quia
3147 4432 3365 4503 proprie
3391 4442 3449 4490 et
3485 4451 3685 4506 ραιυς

2057 4517 2258 4574 liariter
2284 4526 2445 4572 totam
2474 4517 2692 4574 Levitiei
2729 4520 3010 4576 ministerii
3044 4523 3267 4576 formam
3293 4525 3585 4591 continet,
3625 4537 3694 4582 et

2057 4625 2163 4681 quo
2189 4619 2344 4679 pacto
2363 4611 2542 4671 Aaron
2557 4619 2612 4666 et
2650 4611 2744 4665 lilii
2760 4610 2876 4681 ejus
2895 4626 2963 4667 ex
2987 4611 3126 4667 tribu
3151 4612 3277 4668 Levi
3311 4613 3363 4667 in
3392 4618 3698 4672 sacerdo~

2059 4711 2138 4757 tes
2157 4701 2310 4756 electi
2339 4702 2520 4772 utique
2557 4701 2774 4766 fuerint,
2799 4712 2855 4759 et
2896 4703 3152 4775 quidquid
3193 4703 3546 4763 discriminis
3600 4689 3739 4768 esti

2060 4794 2200 4859 inter
2229 4794 2486 4850 sacriﬁcia
2510 4803 2564 4850 et
2587 4795 2906 4864 oblationes,
2939 4807 2992 4853 et
3030 4797 3203 4868 qualis
3243 4798 3314 4852 sit
3366 4799 3701 4858 universus
3747 4853 3751 4858 .

2059 4903 2328 4953 sacrorum
2359 4887 2552 4953 cultus,
2578 4889 3013 4961 sacerdotaleque
3040 4890 3421 4946 ministerium.
3458 4895 3708 4953 Deinde

2058 4981 2315 5051 cujusque
2338 4980 2583 5035 sacriﬁcii
2612 4981 2783 5051 legem
2809 4981 3056 5052 exponit;
3087 4991 3199 5036 tum
3227 4981 3346 5050 ejus
3370 4985 3546 5052 quod
3580 5003 3696 5056 pro

2059 5072 2252 5140 salute,
2293 5079 2405 5126 tum
2452 5072 2570 5142 ejus
2597 5073 2740 5143 quod
2787 5086 2884 5144 pro
2928 5072 3156 5141 delicto,
3199 5073 3313 5128 sive
3348 5087 3706 5144 spontaneo

2061 5166 2173 5221 sive
2193 5166 2565 5232 involuutario,
2583 5175 2637 5221 et
2653 5181 2761 5236 quo
2778 5175 2930 5236 pacto
2945 5166 3150 5236 singula
3167 5165 3472 5225 dividenda
3498 5172 3628 5228 sint
3644 5182 3710 5230 et

2063 5260 2359 5318 referenda.
2388 5261 2678 5316 Enarratur
2705 5260 2864 5315 etiam
2892 5259 2947 5314 in
2977 5259 3082 5314 hoc
3120 5259 3258 5315 libro
3303 5265 3536 5319 summi
3595 5280 3700 5320 sa-

2061 5353 2316 5420 cerdotis,
2368 5353 2698 5424 aliorumque
2742 5351 3082 5415 sacerdotum
3135 5352 3366 5409 unctio:
3402 5356 3489 5413 ad
3544 5358 3703 5430 haec,

2127 5485 2202 5548 (a)
2219 5486 2653 5549 timetotatevitici
2665 5485 2888 5549 Synopsis
2897 5484 3204 5549 desideratur
3223 5485 3273 5535 in
3287 5483 3499 5540 Codice
3521 5491 3715 5547 Coigj.

2063 5546 2337 5610 niano,rsed
2381 5546 2589 5610 habetur
2621 5548 2672 5596 in
2694 5546 3019 5609 'Lugdunensi
3037 5548 3278 5598 Batavico.
3306 5552 3549 5605 Maxima
3577 5546 3717 5610 γριέο

2065 5621 2178 5670 pars
2201 5609 2308 5670 ejus
2331 5609 2504 5658 eadem
2527 5611 2628 5670 ipsa
2653 5615 2746 5666 est,
2772 5621 2882 5671 qua:
2905 5610 2955 5658 in
2977 5615 3172 5670 Synopsn
3190 5610 3456 5664 Athanasii
3482 5609 3718 5670 nomino,

2065 5687 2094 5724 ι
2115 5671 2265 5734 nobis,
2291 5671 2426 5720 edita
2459 5677 2539 5720 est
2571 5672 2724 5722 Tomo
2761 5675 2799 5723 ll
2829 5674 3046 5734 Operum
3086 5673 3364 5723 Athanasii.
3414 5674 3504 5725 Ea
3536 5678 3612 5729 de
3648 5694 3713 5730 re

2067 5732 2228 5811 agitur
2253 5731 2303 5785 in
2323 5734 2542 5788 Dialriba
2571 5741 2683 5784 ante
2710 5731 2954 5798 Sy'uopsiu
2975 5736 3148 5797 posita.
