3966 6192
340 316 446 371 529

334 430 601 499 judicium
643 442 701 484 et
732 431 960 500 cognitio
999 429 1328 496 iudiciorum,
1380 427 1568 494 quibus
1613 436 1719 479 tam
1760 424 1931 480 homi-

338 535 489 584 num,
520 536 691 588 quam
750 521 1191 580 indumentorum,
1240 519 1602 587 parietumque
1648 516 1933 576 domorum

336 613 481 679 lepra
515 609 864 679 deprehendi
898 611 1078 680 possit,
1110 619 1163 664 et
1190 609 1279 679 qui
1298 609 1366 662 sit
1413 623 1598 662 eorum
1645 607 1938 679 expiando-

337 720 454 767 rum
478 706 641 758 ritus.
668 704 936 760 Praeterea
977 720 1093 781 qua:
1114 704 1182 758 sit
1215 704 1294 758 lex
1337 711 1388 757 et
1417 701 1686 757 distinctio
1734 716 1938 756 conuu-

335 795 547 849 biorum
576 794 965 864 legitimorum,
998 801 1054 848 et
1072 807 1315 863 qua-nam
1364 806 1461 862 pro
1491 791 1783 862 illegitimis
1824 792 1935 847 sint

333 884 609 944 habenda.
648 888 776 942 Item
826 887 951 961 quid
989 885 1313 947 discriminis
1342 886 1410 938 sit
1457 885 1596 939 inter
1639 884 1833 944 munda
1875 894 1931 940 et

332 976 618 1036 immunda
677 978 959 1044 animalia,
991 977 1232 1046 interque
1278 976 1521 1030 volucres
1556 984 1610 1030 et
1658 976 1829 1046 pisces
1868 991 1931 1034 ac

314 1062 543 1137 'reptilla
571 1068 813 1136 cujusvis
837 1070 1067 1143 generis,
1099 1068 1482 1136 etquibusuam
1507 1067 1670 1130 vesci,
1725 1082 1754 1119 a
1799 1066 1923 1137 qui-

332 1156 562 1213 busuam
583 1157 869 1213 abstinere
888 1152 1123 1211 dedeant
1144 1152 1635 1212 llebnei.l)cclarat
1660 1157 1815 1212 etiam
1842 1157 1934 1228 qui

330 1248 402 1301 sit
426 1248 854 1305 'l’ubarumdies
874 1248 928 1302 in
951 1247 1227 1302 neomenia
1247 1248 1443 1302 mensis
1472 1249 1681 1318 septimi
1715 1265 1728 1301 :
1757 1250 1933 1320 magni

332 1350 552 1407 quoque
568 1336 760 1407 jejuuii
784 1346 1128 1406 prteccptum,
1153 1335 1293 1407 quod
1321 1336 1506 1392 eodem
1525 1338 1752 1409 septimo
1774 1354 1929 1395 mcu-

329 1441 410 1493 se,
437 1427 655 1483 decima
705 1430 905 1483 mensis
951 1429 1353 1485 custodiendum
1403 1431 1492 1498 sit,
1515 1446 1671 1500 quam
1714 1431 1932 1490 sabbata

330 1517 698 1574 sabbatorum
732 1530 787 1576 et
816 1520 1018 1590 peccati
1063 1521 1434 1575 remissionem
1489 1530 1662 1579 vocat.
1716 1521 1930 1597 Festum

327 1611 492 1666 etiam
520 1611 1024 1668 Tabernacnlornm
1056 1614 1261 1668 decima
1290 1615 1469 1683 quinta
1496 1614 1734 1681 ejusdem
1783 1630 1934 1669 meu-

325 1701 401 1755 sis
429 1701 703 1758 eelebrari
728 1702 899 1771 jubet.
926 1703 1046 1773 Agit
1075 1718 1285 1773 quoque
1312 1703 1376 1758 de
1420 1701 1590 1769 festis,
1620 1713 1674 1758 et
1717 1719 1834 1774 qua:
1876 1704 1929 1759 in

326 1792 432 1846 illis
452 1792 740 1849 offerenda
781 1795 887 1850 sint
912 1795 1166 1865 pnecipit.
1196 1794 1325 1851 ltem
1371 1795 1438 1851 de
1492 1793 1932 1853 manumittendis

326 1880 601 1950 Hebraeis,
624 1882 713 1953 qui
742 1883 795 1938 iu
827 1883 1138 1940 servitutem
1170 1884 1363 1939 venditi
1407 1894 1550 1951 sunt,
1581 1893 1635 1940 et
1666 1884 1733 1940 de
1775 1885 1931 1941 debi-

328 1984 504 2029 torum
558 1975 926 2032 remissione:
956 1976 1022 2032 de
1048 1977 1226 2047 quiete
1264 1977 1491 2048 septimo
1534 1992 1745 2048 quoque
1789 1992 1932 2032 anno

329 2075 487 2120 terra:
508 2065 887 2123 concedenda.
924 2066 1003 2121 Ad
1035 2066 1149 2122 haec
1173 2065 1241 2121 de
1262 2051 1518 2137 legalibus
1547 2066 1826 2137 praeceptis
1867 2081 1931 2122 ac

327 2157 664 2213 testimoniis
710 2158 982 2214 admonet.
1045 2158 1213 2214 Porro
1242 2159 1582 2217 servantibus
1625 2159 1732 2225 illa,
1782 2159 1919 2216 bona

328 2249 661 2319 pollicetur;
719 2250 1233 2320 tmnsgredieutibus
1257 2266 1385 2305 vero
1425 2251 1739 2320 gravissima
1787 2252 1926 2310 mala

325 2342 591 2398 minatur.
624 2343 770 2399 lnter
820 2344 968 2399 cibos
1017 2354 1194 2399 autem
1243 2344 1473 2399 mundos
1520 2352 1574 2399 et
1626 2345 1929 2400 immundos

321 2434 738 2492 distinctionem
768 2435 1067 2506 hujusmodi
1096 2437 1262 2507 ponit.
1292 2438 1345 2491 In
1378 2436 1548 2490 brutis
1568 2437 1929 2492 animantibus

317 2525 431 2581 bzec
455 2526 672 2581 munda
701 2526 830 2581 dicit
848 2510 1119 2598 esse,qure
1135 2528 1381 2595 ungulam
1400 2526 1660 2591 dividunt,
1684 2537 1737 2581 et
1761 2527 1927 2596 genii-

321 2633 416 2674 nas
441 2620 685 2690 ungulas
712 2617 931 2686 habent,
958 2634 1020 2674 ac
1050 2620 1456 2674 ruminationem
1489 2629 1770 2689 regerunt;
1796 2634 1926 2689 qua-

321 2712 387 2766 lia
414 2720 558 2767 sunt
584 2710 802 2777 vitulus,
831 2711 965 2775 ovis,
996 2725 1174 2780 capra,
1202 2725 1416 2775 cervus,
1440 2709 1681 2775 bnbalus,
1711 2724 1924 2779 caprea,

320 2817 487 2874 oryx.
534 2816 820 2873 pygargus,
856 2801 1214 2871 tragelaphus,
1267 2798 1725 2870 eamelopardalis,
1757 2807 1811 2854 et
1856 2801 1930 2854 si-

322 2892 500 2947 milia.
529 2890 587 2947 Si
604 2906 733 2946 vcro
760 2891 1032 2962 quidpiam
1056 2906 1239 2944 eorum
1261 2889 1508 2956 defuerit,
1540 2904 1635 2958 pro
1656 2887 1927 2943 immundo

321 2982 636 3050 habebitur,
667 2990 724 3036 ut
776 2991 899 3036 sunt
949 2981 1205 3044 camelos,
1258 2979 1434 3050 lepus,
1492 2978 1924 3049 chcerogryllus:

324 3074 445 3130 lucc
474 3074 621 3130 enim
675 3073 945 3129 ruminant
965 3072 1200 3144 quidem,
1229 3072 1323 3128 sed
1356 3073 1605 3142 ungulam
1654 3086 1758 3127 non
1818 3070 1926 3127 flu-

319 3166 497 3232 duut;
524 3173 581 3221 et
608 3180 700 3220 sus
726 3180 936 3235 quoque
967 3179 981 3217 :
1015 3179 1136 3218 nam
1168 3163 1253 3217 hic
1279 3164 1499 3234 ungulas
1526 3163 1763 3218 liabetac
1783 3162 1921 3218 divi-

327 3259 429 3321 dit.
465 3257 563 3313 sed
588 3271 696 3312 non
726 3258 972 3311 ruminat.
1009 3256 1083 3311 De
1113 3254 1412 3310 volatilibus
1433 3269 1559 3309 vero
1583 3270 1703 3325 qua:
1723 3254 1809 3310 edi
1838 3268 1928 3310 ve-

321 3359 423 3414 tat,
478 3348 597 3404 bzec
645 3356 772 3404 sunt
803 3366 817 3403 :
849 3348 1043 3419 aquila,
1093 3345 1346 3419 gryphes,
1393 3344 1672 3413 baliaétus,
1721 3346 1921 3412 vultur,

319 3440 545 3507 milvos,
604 3454 819 3504 corvus,
852 3448 906 3493 et
947 3437 1031 3492 bis
1071 3437 1285 3503 similia,
1315 3436 1567 3507 accipiter
1614 3446 1668 3493 et
1706 3437 1921 3506 similia,

318 3530 638 3601 nycticorax
686 3539 741 3594 et
780 3528 1012 3591 similia,
1059 3535 1372 3592 cataractes,
1425 3526 1549 3593 ibis,
1606 3527 1917 3599 porpliyrio,

319 3624 622 3696 pelicanus,
652 3637 873 3694 cycnus,
905 3620 1141 3687 erodius,
1164 3619 1491 3681 cliaradrius.
1515 3628 1569 3674 et
1596 3618 1678 3674 bis
1699 3620 1914 3686 similia,

321 3698 502 3787 upupa
531 3723 587 3771 et
612 3714 938 3785 vespertilio.
993 3713 1251 3784 Repentia
1282 3711 1533 3779 volatilia,
1564 3714 1742 3767 omnia
1792 3712 1922 3767 dicit

322 3823 445 3865 esse
471 3806 767 3872 immunda,
795 3820 913 3877 qum
933 3814 1158 3875 quatuor
1175 3804 1395 3874 pedibus
1418 3803 1731 3874 gradiuntur
1772 3819 1921 3873 quae-

324 3918 431 3973 que
451 3915 610 3956 crura
642 3898 864 3970 pedibus
885 3897 1192 3952 sublimiora
1228 3897 1445 3959 habent,
1472 3897 1545 3950 ita
1575 3895 1705 3951 utin
1752 3894 1855 3954 illis
1889 3910 1921 3949 a

326 4004 468 4055 terra
498 3994 714 4059 saliant,
747 3990 919 4061 qualia
935 3999 1061 4045 sunt
1091 3987 1345 4054 bruchus,
1388 3986 1635 4057 pittacus,
1690 3994 1917 4056 altagus,

325 4086 532 4147 locusta
561 4091 616 4140 et
657 4082 875 4145 similia,
923 4090 976 4135 et
1026 4081 1245 4137 lacerta.
1289 4077 1421 4144 Quae
1478 4091 1605 4130 vero
1648 4075 1701 4129 in
1746 4075 1916 4146 aquis,

327 4179 441 4233 sive
469 4178 523 4231 iu
556 4175 713 4241 mari,
743 4175 859 4231 sive
886 4174 940 4228 in
969 4171 1275 4227 fluminibus
1320 4185 1383 4224 ac
1410 4166 1737 4224 torrentibus
1765 4177 1906 4233 nata,

327 4268 444 4326 hate
471 4266 601 4322 dicit
624 4280 744 4322 esse
774 4264 990 4330 munda,
1025 4264 1110 4319 illa
1151 4261 1401 4317 videlicet
1447 4274 1566 4330 qua:
1603 4260 1809 4327 pinnas
1857 4267 1912 4313 et

330 4371 580 4428 squamas
601 4357 833 4421 habent;
868 4362 926 4410 ut
949 4365 1072 4409 sunt
1100 4354 1272 4423 trigla,
1299 4365 1503 4415 scarus,
1532 4349 1771 4421 glaucus,
1796 4362 1918 4403 ces-

330 4458 496 4516 treus,
527 4458 584 4505 et
611 4463 733 4520 qua:
760 4447 843 4502 bis
867 4454 992 4502 sunt
1014 4446 1225 4500 similia.
1261 4444 1390 4511 Quae
1413 4451 1589 4497 autem
1620 4440 1796 4510 aliquo
1825 4454 1917 4495 eo-

332 4558 449 4598 rum
484 4548 687 4606 carent,
718 4538 988 4601 immunda
1039 4553 1137 4593 nec
1183 4535 1421 4600 edenda;
1454 4531 1703 4587 videlicet
1746 4530 1914 4603 sepia,

333 4646 448 4703 qua:
476 4632 667 4702 pinnas
693 4629 870 4691 habet,
895 4629 1129 4698 squamis
1148 4636 1325 4682 autem
1348 4633 1512 4679 caret.
1547 4623 1620 4677 Ex
1645 4622 1749 4675 illis
1801 4636 1902 4674 au-

338 4732 438 4777 tem
459 4739 578 4794 quae
595 4736 754 4793 supra
781 4729 975 4775 terram
1007 4729 1217 4787 repunt,
1249 4717 1359 4768 haec
1384 4712 1653 4769 immunda
1684 4725 1805 4767 esse
1830 4710 1916 4765 di—

335 4814 422 4878 cit,
446 4818 762 4884 mustelam,
793 4808 1118 4864 crocodilum
1151 4813 1474 4866 terrestrem,
1503 4802 1766 4874 mygalen,
1791 4800 1916 4855 eba-

333 4906 687 4969 m:eleontem,
709 4902 1025 4964 stellionem,
1041 4913 1249 4955 sanram
1270 4910 1319 4951 et
1340 4896 1554 4964 talpam.
1576 4897 1646 4949 De
1671 4903 1916 4969 serpente

330 5011 527 5065 autem,
559 5006 617 5053 et
646 5011 767 5066 qua:
798 4993 897 5065 ipsi
919 5003 1039 5046 sunt
1061 4992 1273 5053 similia,
1305 4985 1630 5057 superfluum
1659 4995 1802 5040 esset
1825 4985 1917 5038 ad-

329 5107 546 5146 mouere
577 5106 591 5142 :
620 5088 723 5143 hoc
753 5100 980 5155 namque
1038 5081 1384 5137 animantium
1410 5092 1576 5149 genus
1605 5078 1768 5146 liquet
1796 5092 1916 5131 Olll-

327 5183 478 5238 uibus
489 5196 614 5237 esse
628 5176 1041 5233 abominamlunt
1060 5191 1121 5228 ac
1141 5170 1530 5227 detestandum.
1556 5167 1917 5234 Similiterque

328 5273 375 5325 in
407 5268 826 5326 Deuteronomio
855 5267 1039 5319 borum
1073 5261 1330 5317 meminit.
1363 5258 1491 5313 Item
1531 5258 1638 5328 agit
1664 5258 1730 5312 de
1777 5273 1916 5310 mur.

330 5365 498 5420 tieinis
526 5372 585 5419 ut
613 5360 917 5431 probibtis,
949 5357 1016 5412 de
1045 5355 1301 5425 sanguine
1326 5353 1589 5411 similiter,
1627 5349 1695 5404 de
1726 5349 1917 5403 mulie-

330 5456 474 5511 ribus
503 5451 857 5525 parieutibns.
885 5448 941 5503 Si
973 5448 1092 5516 quis
1118 5460 1301 5500 semen
1332 5441 1592 5505 emiserit,
1617 5439 1920 5494 immundus

329 5549 426 5603 erit
452 5547 650 5603 diebus
665 5552 892 5613 septem.
920 5542 989 5596 De
1013 5536 1416 5595 circumcisione
1440 5533 1587 5605 pueri
1614 5541 1808 5587 octaVo
1830 5532 1918 5586 die

332 5637 591 5694 facienda.
642 5637 718 5690 De
759 5632 980 5688 muliere
1025 5635 1382 5690 uicustruata,
1427 5635 1478 5679 et
1518 5623 1585 5678 de
1624 5623 1917 5678 differentia

332 5729 662 5807 purgationis
689 5741 873 5785 earum
896 5741 1009 5797 qua:
1038 5716 1123 5783 vel
1141 5719 1432 5778 masculum
1456 5716 1534 5773 vel
1559 5716 1803 5772 feminam
1829 5731 1916 5784 pe-

1422 308 1739 365 SYNLiPSlS
1776 305 2181 364 SCRIPTURxE
2220 304 2488 362 SACRIE.

3513 308 3619 366 550

2045 425 2296 495 ιιρτθιπίηι.
2331 425 2435 481 Lex
2467 425 2532 479 de
2574 426 2720 498 lepra
2746 436 2800 485 et
2821 427 2889 485 de
2910 428 3024 498 ejus
3052 428 3385 500 purgatione.
3414 426 3482 485 de
3532 443 3620 485 se-

2042 517 2313 585 miuifluis,
2350 518 2489 574 etde
2528 521 2832 576 mcmtruis.
2867 521 2941 577 De
2971 521 3288 588 reverentia,
3337 520 3406 576 de
3456 535 3619 590 capro

2041 609 2317 664 emissario
2342 611 2484 665 etde
2509 612 2729 682 jejunio.
2763 614 2837 668 De
2854 611 3152 668 cohibenda
3181 610 3460 682 illegitimo
3502 610 3617 666 eol-
3699 604 3704 609 ’

2042 705 2096 753 ιιι
2127 716 2142 753 :
2171 700 2239 756 de
2267 703 2544 758 eounubiis
2570 703 2816 774 legitimis
2839 713 2893 759 et
2919 704 3225 776 illegitimis,
3257 714 3312 758 et
3336 701 3477 773 quod
3507 718 3611 757 non

2039 791 2229 848 debeat
2268 795 2516 850 sacerdos
2560 796 2768 851 viduam
2795 805 2886 851 aut
2910 795 3236 866 repudiatam
3270 793 3491 859 ducere,
3515 794 3612 850 sed

2042 883 2318 952 virginem.
2338 885 2413 940 De
2437 886 2536 939 filia
2551 887 2841 940 sacerdotis
2859 885 3170 940 fornicante.
3192 884 3342 952 Quod
3363 885 3615 939 sacerdos

2039 971 2334 1042 incnlpatus
2350 991 2467 1029 esse
2479 976 2687 1030 debeat.
2711 977 2783 1030 De
2799 976 2951 1030 donis
2961 975 3170 1030 oblatis.
3192 973 3266 1029 De
3277 972 3529 1036 sabbatis,
3548 972 3615 1027 de

2039 1063 2271 1131 festis,et
2284 1060 2353 1117 de
2366 1058 2505 1115 festo
2517 1062 2895 1130 Pascbatis,de
2905 1060 3261 1133 Scenopegia,
3274 1064 3446 1134 deque
3475 1064 3612 1118 festo

2042 1157 2431 1217 Tubarum.Dc
2441 1156 2584 1221 oleo,
2602 1157 2667 1211 de
2684 1156 2901 1221 lumine,
2915 1157 2980 1211 de
3000 1157 3223 1225 panibus
3241 1156 3616 1227 propositionis

2037 1254 2092 1303 et
2111 1246 2178 1301 de
2205 1261 2344 1301 anno
2373 1247 2720 1301 remissionis.
2750 1247 3007 1316 Deinceps
3035 1247 3099 1301 de
3124 1248 3295 1304 servis
3316 1246 3515 1303 Judaais
3558 1256 3615 1302 et

2037 1337 2339 1408 gentilibus.
2384 1339 2458 1393 De
2515 1337 2879 1406 repudiatione
2932 1337 3195 1391 idolorum
3225 1338 3303 1393 sic
3336 1338 3613 1407 loquitur:

2045 1449 2063 1483 ι
2087 1431 2198 1501 Ego
2226 1429 2367 1486 enim
2383 1446 2498 1484 sum
2523 1430 2660 1484 Deus
2681 1438 2873 1494 vester;
2888 1443 2990 1484 non
3015 1427 3217 1483 facietis
3230 1428 3378 1484 vobis
3394 1429 3522 1498 ipsis
3547 1429 3620 1483 si-

2038 1522 2295 1588 mulacra,
2320 1538 2419 1576 nec
2461 1531 2688 1575 statuam
2716 1522 2928 1590 erigetis
2952 1521 3124 1585 vobis,
3168 1535 3341 1590 neque
3390 1520 3615 1589 lapidem

2039 1613 2091 1667 in
2122 1628 2338 1682 scopum
2370 1613 2579 1681 ponetis
2622 1613 2672 1665 in
2704 1622 2840 1666 terra
2873 1623 2927 1666 ut
2971 1612 3204 1667 adoretis
3234 1613 3381 1667 illum
3402 1610 3617 1683 t(Levit.

2037 1702 2126 1759 26.
2158 1703 2266 1776 l.).
2295 1703 2373 1758 Ad
2404 1703 2517 1758 ba’c
2563 1704 2732 1759 minas
2773 1702 2923 1758 effert
2974 1704 3025 1758 in
3058 1705 3490 1773 prmvaricatores
3539 1703 3620 1757 lllS

2036 1793 2247 1848 verbis:
2282 1812 2301 1846 σ
2339 1793 2449 1863 Ego
2490 1793 2742 1848 Dominus
2768 1795 2904 1848 Deus
2928 1802 3123 1861 vester,
3155 1795 3244 1864 qui
3292 1794 3449 1850 eduxi
3524 1809 3619 1848 vos

2037 1883 2104 1940 de
2133 1895 2269 1940 terra
2297 1885 2513 1957 Egypti
2537 1901 2655 1940 cum
2686 1885 2876 1941 essetis
2904 1885 3063 1945 servi.
3097 1893 3152 1940 et
3180 1887 3405 1939 contrivi
3431 1886 3617 1940 vincu-

2038 1975 2145 2029 lum
2185 1975 2295 2045 jugi
2328 1976 2511 2040 vestri,
2552 1990 2614 2029 ac
2641 1975 2767 2029 duxi
2796 1990 2889 2030 vos
2912 1990 3032 2028 cum
3076 1974 3288 2029 fiducia.
3335 1974 3389 2030 Si
3437 1984 3615 2030 autem

2037 2079 2142 2119 non
2165 2064 2435 2119 audieritis
2460 2082 2565 2128 me,
2595 2080 2764 2133 neque
2785 2063 3015 2118 feceritis
3048 2073 3306 2133 prmeepta
3330 2079 3445 2119 mea
3474 2064 3611 2129 lure,

2037 2153 2130 2210 sed
2158 2155 2286 2228 ipsis
2307 2154 2743 2224 repttguaveritis,
2772 2163 2827 2209 et
2847 2155 2889 2207 si
2909 2154 3122 2224 judiciis
3152 2155 3285 2209 meis
3305 2153 3617 2211 adversetur

2036 2245 2209 2300 anima
2231 2254 2423 2311 vestra,
2449 2245 2519 2299 ita
2547 2254 2601 2298 ut
2629 2260 2731 2299 non
2758 2242 2963 2299 faciatis
2988 2245 3164 2298 omnia
3189 2256 3452 2315 praecepta
3475 2260 3614 2309 mea,

2036 2346 2094 2393 ut
2121 2337 2389 2407 dissipetis
2421 2345 2791 2398 testamentum
2817 2351 2998 2392 meum
3024 2353 3039 2402 ;
3068 2336 3312 2392 inducam
3332 2339 3383 2393 in
3405 2354 3500 2393 vos
3520 2354 3618 2392 an-

2034 2429 2284 2500 gustiam,
2313 2429 2566 2493 scabiem,
2594 2437 2646 2483 et
2685 2428 2932 2483 ardorem
2978 2443 3380 2486 consumentem
3427 2431 3615 2486 oculos

2036 2529 2353 2576 vestros:et
2406 2519 2732 2574 setninabitis
2776 2517 2970 2574 frustra
3010 2530 3303 2577 sementem
3341 2530 3569 2576 vestratn
3598 2564 3613 2588 ,

2035 2622 2088 2667 et
2117 2610 2261 2666 hanc
2299 2611 2581 2667 comedent
2624 2611 2805 2667 hostes
2858 2613 3019 2668 vestri
3054 2633 3073 2666 ι
3106 2613 3126 2684 (
3153 2613 3285 2668 Ibid.
3312 2632 3358 2669 υ.
3390 2615 3613 2686 1546).

2036 2700 2137 2755 Ista
2163 2702 2399 2756 continet
2425 2701 2512 2757 hic
2536 2701 2696 2767 liber,
2723 2718 2847 2757 cum
2871 2702 2990 2758 aliis
3015 2702 3280 2758 mandatis
3309 2713 3363 2759 et
3412 2719 3615 2775 praece-

2036 2795 2155 2866 ptis,
2180 2794 2231 2849 iu
2262 2794 2451 2867 hisque
2474 2794 2809 2850 terminatur.

2465 2924 2706 2966 emersus
2730 2923 3053 2966 suussonuu
3081 2908 3182 2984 (α).

2103 3023 2325 3079 anetur
2340 3022 2549 3094 Moyses
2570 3037 2851 3078 numerare
2872 3022 3125 3093 populum
3146 3038 3177 3077 a
3199 3023 3455 3093 vigesimo
3473 3038 3614 3079 anno

2032 3124 2088 3173 et
2106 3131 2264 3186 supra
2288 3157 2303 3182 ,
2331 3124 2588 3187 erantque
2613 3125 2866 3173 sexcenta
2893 3117 2991 3171 tria
3025 3117 3189 3171 millia
3222 3117 3494 3172 hominum
3517 3159 3531 3183 ,
3558 3127 3615 3173 et

2031 3209 2270 3265 sexcenti
2311 3209 2691 3280 quinquaginta
2718 3249 2734 3275 ,
2778 3217 2972 3280 praeter
3017 3207 3249 3265 Levitas.
3294 3211 3612 3281 Genealogia

2031 3300 2365 3367 Levitarum,
2406 3300 2497 3371 qui
2537 3309 2926 3367 numerantur,
2974 3308 3232 3371 erantque
3273 3301 3458 3370 viginti
3505 3300 3614 3355 duo

2029 3391 2176 3448 mille
2203 3392 2423 3447 trecenti
2449 3406 2480 3445 a
2518 3392 2657 3446 natis
2687 3406 2793 3446 uno
2818 3406 3005 3448 mense
3029 3400 3083 3448 et
3112 3407 3295 3463 supra.
3322 3393 3454 3460 Quia
3484 3408 3613 3449 vero

2030 3485 2369 3556 primogeniti
2413 3483 2625 3541 lsraelis
2664 3494 2819 3540 erant
2857 3483 3040 3553 viginti
3082 3483 3191 3540 duo
3229 3484 3375 3540 mille
3398 3485 3611 3540 ducenti
3654 3497 3665 3507 '

2029 3577 2365 3647 septuaginta
2406 3583 2547 3643 tres,
2591 3590 2690 3645 pro
2729 3574 2796 3631 iis
2832 3575 2921 3646 qui
2961 3590 3242 3631 numerum
3281 3574 3614 3632 excedebant

2028 3667 2424 3737 redemptiones
2474 3667 2684 3738 accepit
2722 3666 2932 3738 Moyses
2972 3666 3223 3737 deditque
3248 3668 3466 3722 Aaroui.
3507 3667 3613 3723 Re-

2027 3758 2362 3829 demptiones
2381 3767 2557 3814 autem
2582 3764 2734 3813 erant
2750 3758 2895 3812 mille
2917 3758 3137 3814 trecenti
3165 3757 3437 3828 sexaginta
3458 3757 3613 3827 quiu-

2026 3865 2130 3920 que
2164 3851 2280 3906 sicli
2307 3865 2406 3919 pro
2428 3850 2684 3920 quolibet.
2716 3850 2965 3920 Praecipit
2989 3850 3233 3920 quisnam
3260 3865 3374 3904 rem
3402 3864 3609 3904 sacram

2014 3939 2177 3995 obire
2221 3940 2418 3996 debeat
2439 3979 2454 4002 ,
2497 3953 2759 4010 quosnam
2787 3954 2909 3994 esse
2940 3946 3185 4008 oporteat
3214 3937 3426 3992 Levitas
3456 3955 3471 3992 :
3501 3953 3610 3993 non

2024 4031 2167 4087 enim
2188 4046 2382 4087 omnes
2403 4031 2592 4086 eodem
2622 4031 2823 4085 honore
2850 4028 3225 4098 dignabantur.
3256 4029 3389 4083 Aliis
3414 4030 3611 4096 pretio-

2024 4124 2165 4179 siora
2195 4137 2319 4177 vasa
2343 4120 2703 4185 tabernaculi,
2735 4119 2855 4175 aliis
2892 4117 3097 4172 minora
3129 4117 3607 4174 concredebantur.

2027 4215 2260 4270 Fuerunt
2283 4220 2464 4268 autem
2489 4211 2689 4267 Levita:
2720 4226 2749 4264 a
2777 4210 3034 4280 vigesimo
3062 4224 3203 4265 anno
3226 4218 3282 4265 et
3307 4226 3488 4280 supra,
3517 4213 3607 4281 qui

2027 4307 2416 4371 ministrabant,
2435 4319 2604 4375 usque
2624 4302 2690 4358 ad
2717 4301 3213 4373 quinquagesimum
3238 4315 3458 4370 annum,
3487 4312 3608 4358 octo

2025 4399 2172 4455 mille
2211 4397 2479 4468 quingenti
2526 4393 2792 4464 octoginta
2844 4402 2972 4449 tres.
3004 4392 3156 4449 Tunc
3205 4394 3353 4464 iubet
3390 4408 3604 4449 omnem

2025 4489 2357 4546 immundqu
2397 4486 2640 4542 emittere
2677 4499 2743 4541 ex
2783 4485 2994 4550 castris,
3037 4494 3093 4540 et
3119 4485 3189 4541 de
3217 4485 3479 4541 sacrificio
3507 4501 3605 4556 pro

2023 4579 2222 4637 delicto
2243 4578 2495 4650 loquitur,
2519 4576 2794 4647 legemque
2814 4576 3092 4649 zelotypiae
3111 4576 3295 4631 statuit
3315 4593 3331 4644 ;
3357 4584 3416 4630 ut
3434 4591 3607 4647 neque

2023 4671 2287 4729 calumnia
2318 4669 2665 4740 impeteretur
2690 4668 2882 4723 mulier
2903 4668 3042 4722 circa
3066 4666 3403 4731 adulterium,
3434 4682 3608 4738 neque

2024 4765 2262 4822 adultera
2288 4763 2455 4819 latere
2485 4768 2683 4832 posset.
2714 4760 2792 4815 De
2829 4758 3134 4828 precatione
3171 4759 3607 4815 sanctificationis

2025 4858 2293 4924 statuitur,
2311 4866 2363 4911 et
2380 4852 2648 4926 quomodo
2672 4857 2919 4921 Oporteat
2938 4848 3267 4903 sacerdotem
3293 4849 3606 4905 benedicere

2027 4950 2163 5006 filios
2207 4949 2391 5005 Israel.
2438 4945 2538 5001 Ubi
2572 4954 2749 4998 autem
2786 4941 2935 4996 stetit
2964 4940 3385 5006 tabernaculum,
3410 4942 3605 4997 attule-

2024 5050 2149 5099 runt
2172 5039 2437 5111 principes
2466 5035 2605 5090 dona
2631 5033 2792 5088 multa
2819 5046 3133 5102 magnaque.
3154 5030 3379 5087 Jubetur
3395 5034 3605 5105 Moyses

2087 5158 2159 5221 (τι)
2194 5152 2521 5221 Initiumlibri
2564 5159 2877 5221 numerorum
2915 5149 2963 5199 in
2997 5147 3304 5221 Lugdunensi
3330 5147 3609 5221 _Codice_si_c

2022 5209 2177 5270 habet.
2200 5231 2213 5268 :
2237 5218 2325 5268 Hic
2348 5215 2468 5267 fiber
2491 5219 2683 5263 t‘ocatur
2709 5229 2733 5258 ι
2751 5209 3110 5274 Numerorum}
3133 5245 3150 5271 ,
3172 5209 3285 5274 quia
3298 5209 3499 5271 singulm
3516 5210 3604 5260 tri-

2026 5281 2130 5341 bus,
2145 5282 2295 5343 juxta
2331 5272 2872 5343 prieceptuntnnomini,
2892 5279 3085 5343 qugan
3105 5272 3258 5343 essent
3281 5278 3608 5343 uterum-utimr

2025 5331 2184 5397 estrei
2206 5341 2320 5400 quia
2333 5331 2482 5390 latins
2494 5331 2670 5400 populi
2703 5331 2929 5400 numerus
2951 5333 3001 5384 in
3020 5332 3126 5383 hoc
3150 5332 3271 5384 libro
3308 5331 3524 5400 declarat
3545 5347 3557 5377 ι
3577 5346 3605 5380 ·.

2026 5396 2402 5456 βίηηηιὲναῡαηῑ
2446 5396 2605 5449 autem
2635 5396 2863 5460 populum
2902 5405 3083 5458 Hoyses
3118 5401 3164 5460 et
3191 5405 3369 5460 garon,
3413 5399 3459 5441 et
3497 5404 3607 5460 cum

2026 5453 2096 5531 eis
2119 5464 2348 5528 cujusque
2372 5461 2526 5512 tribus
2550 5453 2787 5531 princeps.
2807 5466 2861 5531 Et
2882 5453 3108 5531 nutrieras
3119 5453 3607 5531 ρεςςειςοςςιξημιίςξζιςῖ

2025 5513 2147 5579 iam
2312 5513 2358 5576 et
2379 5536 2528 5588 supra
2550 5513 2765 5588 iuventtis
2782 5513 3606 5588 estfaccmﬂmiHiTﬁ'fiam"!!!

2026 5585 2385 5652 quinquaginta,
2414 5579 2591 5649 p'rwter
2614 5583 2751 5652 alios.
2796 5579 2997 5652 Tribuni
3030 5579 3605 5652 ᾳςίζςρη-[ξςξρφςιςςιξιξε

2026 5640 2446 5709 ᾶὶηιιίηειτὶιιοω·ίιὰε
2462 5647 2726 5698 secundum
2748 5642 2941 5693 rerbmn
2964 5640 3167 5697 nomini,
3189 5643 3371 5699 Hoyses
3388 5644 3434 5689 et
3450 5640 3610 5688 Aaron

2030 5711 2135 5776 soli,
2163 5726 2190 5761 Il
2213 5724 2369 5763 tm‘nsc
2394 5723 2486 5763 mo
2507 5714 2552 5760 cl
2576 5718 2740 5776 supra.
