3962 6190
508 270 603 326 331
1202 271 1258 330 S.
1297 273 1574 330 JOANNIS
1611 275 2086 330 CIIIIYSOSTOMI
2126 276 2443 338 AIICIIIEP.
2483 283 3011 347 CONSTANTINOI".
3628 312 3714 365 εδει

504 385 848 440 sanettﬁcare
860 385 1093 450 Levitas,
1110 387 1358 458 auditque
1379 404 1408 443 a
1427 389 1681 458 vigesimo
1697 405 1838 442 anno
1857 400 1909 444 et
1930 406 2086 457 supra

509 482 754 538 apol-tere
797 476 941 542 ipsos
980 475 1303 542 ministrare,
1355 494 1383 531 a
1429 480 1864 549 quinquagesimo
1912 491 2088 533 a-ztem

513 579 655 616 anno
681 579 710 616 a
747 565 1041 619 ministerio
1082 582 1312 621 cessare.
1355 569 1611 638 Prtecepit
1647 571 1774 641 ipsis
1825 572 1960 624 Deus
2000 587 2091 639 per

510 652 742 722 Moysem
773 662 826 706 ut
857 655 1047 722 pascha
1078 656 1289 710 faciant.
1324 657 1436 722 Dic,
1486 660 1670 727 inquit,
1705 671 1748 713 et
1784 660 1972 728 faciant
1997 661 2092 728 filii

511 744 674 796 Israel
691 746 878 812 pascha
906 745 1110 816 (Nunt.
1139 747 1191 802 9.
1222 747 1312 819 Ξ).
1340 749 1460 802 Erat
1491 750 1630 802 enim
1659 749 1862 820 primus
1891 751 2089 803 tut-usis

504 836 721 890 secundi
762 837 906 890 anni.
952 839 1306 893 Accesserant
1343 849 1518 893 autem
1561 840 1814 894 immundi
1848 841 1910 893 ad
1943 841 2085 912 Moy-

503 944 640 989 sem,
667 935 720 982 et
749 927 937 981 obtulit
964 945 1055 995 pro
1082 930 1184 984 illis
1217 930 1344 984 Deo.
1377 931 1741 1000 Prmeepitqne
1773 932 1932 996 Deus,
1962 949 2083 987 eum

502 1019 587 1086 qui
621 1036 722 1070 non
757 1032 934 1087 posset
963 1019 1014 1072 in
1044 1020 1216 1088 primo
1243 1035 1423 1075 mense
1449 1021 1726 1074 immolare
1753 1021 1965 1089 pascha,
1999 1022 2084 1076 vel

501 1109 640 1174 quod
683 1109 986 1162 immundus
1029 1120 1202 1172 esset,
1237 1111 1317 1166 vel
1347 1112 1486 1181 quod
1519 1112 1570 1165 iii
1603 1112 1761 1180 longo
1789 1113 2001 1178 itinere,
2032 1114 2082 1167 in

501 1197 736 1250 set-unde
763 1215 946 1252 mense
973 1197 1164 1264 facere,
1191 1200 1392 1253 decima
1415 1202 1567 1254 tertia
1588 1201 1693 1255 die.
1716 1202 1769 1257 Si
1795 1203 1913 1273 quis
1934 1219 2083 1273 vero,

501 1289 730 1342 mundus
760 1303 880 1342 cum
916 1288 1005 1354 sit,
1037 1303 1134 1343 nec
1161 1289 1211 1343 in
1258 1289 1416 1360 longo
1452 1291 1665 1358 itinere,
1710 1294 1842 1347 nolit
1886 1295 2082 1365 pascha

498 1378 674 1434 facere
700 1380 752 1432 in
777 1381 946 1449 primo
979 1395 1179 1445 mense,
1199 1381 1297 1434 sub
1325 1393 1543 1451 peccato
1571 1385 1695 1437 erit.
1729 1383 1860 1447 Lex,
1893 1385 2086 1455 inquit,

498 1485 598 1522 una
625 1471 693 1523 sit
715 1469 934 1524 advena:
967 1480 1021 1524 et
1061 1469 1342 1540 indigenze.
1380 1471 1515 1526 Cum
1545 1475 1860 1531 ascenderet
1890 1479 2080 1543 nubes,

494 1569 666 1614 castra
700 1559 984 1614 movebant
1016 1561 1266 1615 Israelita:
1289 1602 1304 1627 ,
1333 1571 1387 1616 et
1415 1563 1502 1616 ubi
1532 1564 1700 1619 nubes
1731 1566 1943 1634 stabat,
1979 1568 2084 1624 illic

494 1661 666 1704 castra
717 1651 1068 1704 metabantur.
1110 1651 1335 1706 Jubetur
1379 1652 1588 1724 Moyses
1617 1653 1793 1711 facere
1819 1658 1973 1712 tubas
1997 1674 2083 1713 ar-

493 1753 730 1814 genteas.
769 1744 838 1797 ita
870 1752 925 1797 ut
953 1759 1045 1812 per
1083 1743 1199 1798 illas
1241 1744 1626 1816 signiﬁcaretur
1663 1750 1878 1819 populo,
1909 1766 2080 1820 quan-

497 1836 694 1890 donam
723 1834 981 1904 proﬁcisci
1004 1844 1297 1904 oporteret,
1324 1839 1537 1909 quando
1561 1855 1889 1912 congregare
1915 1860 2082 1915 popu-

494 1925 600 1978 lum
633 1925 684 1978 in
711 1924 863 1979 bellis
889 1967 905 1992 ,
934 1926 984 1979 in
1007 1927 1286 1982 sacriﬁciis
1309 1970 1323 1993 ,
1357 1930 1719 2002 utendumque
1740 1948 1859 1988 eSse
1889 1935 2081 1991 dicitur

493 2016 577 2070 bis
619 2015 757 2070 tubis
787 2015 840 2069 in
873 2015 1057 2082 festis,
1091 2017 1142 2071 iti
1179 2020 1507 2088 neomeniis,
1540 2022 1592 2076 in
1634 2022 1978 2081 holocaustis.
2011 2025 2080 2082 Ut

490 2113 668 2159 autem
698 2105 918 2174 profecti
947 2117 1068 2160 sunt
1095 2106 1190 2161 ﬁlii
1221 2107 1402 2176 Israel,
1433 2112 1650 2181 rogabat
1679 2113 1888 2185 Moyses
1907 2115 2077 2172 Jobab

493 2198 655 2252 ﬁlium
688 2198 920 2270 Raguel,
950 2203 1039 2270 qui
1068 2209 1122 2255 et
1147 2200 1338 2256 Jotbor
1361 2202 1655 2272 dicebatur,
1686 2216 1742 2262 ut
1771 2207 1869 2261 sibi
1897 2218 1952 2263 et
1979 2210 2078 2264 vite

491 2298 544 2344 et
573 2290 952 2358 promissorum
986 2290 1243 2346 bonorum
1266 2306 1488 2349 consors
1504 2305 1648 2350 esset
1676 2313 1690 2362 ;
1723 2305 1775 2351 et
1803 2314 1922 2351 cum
1952 2315 2075 2355 arca

490 2378 827 2447 eveheretur,
854 2380 987 2434 dixit
1007 2380 1217 2453 Moyses
1240 2399 1254 2436 :
1289 2383 1538 2454 Exsurge,
1565 2385 1799 2454 Domine,
1829 2389 2078 2459 dissipen-

2201 397 2396 463 populo
2437 401 2776 468 exploratum
2823 415 3015 462 terram
3048 409 3472 471 Cltananmorum.
3507 422 3603 487 Qua
3629 440 3706 480 et-

2199 482 2424 552 plorata,
2458 504 2610 542 uvam
2654 491 2776 547 inde
2816 504 3113 565 gestarunt,
3157 509 3440 574 terramque
3472 509 3710 571 admodum

2196 572 2496 630 laudabant.
2534 578 2640 634 Sed
2683 582 2942 640 timebant
2982 589 3230 656 populum
3263 637 3278 662 ,
3314 572 3444 662 quod
3476 598 3716 661 Delialoles

2192 661 2300 715 illic
2339 663 2436 719 viri
2481 677 2679 724 essent.
2709 671 2911 727 Cbaleb
2935 686 3111 731 autem
3141 661 3275 733 ﬁlius
3302 661 3557 754 Jeplione,
3582 692 3716 746 etle-

2193 767 2283 806 sus
2315 754 2453 811 ﬁlius
2478 757 2620 814 Nave
2647 802 2662 826 ,
2695 764 2785 832 qui
2810 773 2862 818 et
2890 765 2988 833 ipsi
3025 782 3089 822 ex
3131 785 3349 825 numero
3373 776 3714 844 exploraturum

2192 856 2366 911 erant,
2395 849 2592 916 populo
2628 853 2836 909 animos
2864 855 3128 913 addebant
3163 879 3176 915 :
3205 862 3274 915 illi
3305 874 3471 919 autem
3502 884 3718 928 venerunt

2192 931 2483 1001 lapidatum
2531 953 2646 994 eos.
2688 941 2997 1015 Rursusque
3041 949 3206 1004 Deum
3248 952 3585 1013 irritaverunt.
3609 962 3718 1019 Tum

2189 1021 2322 1078 dixit
2350 1025 2513 1095 Deus,
2546 1045 2651 1085 non
2678 1048 2995 1091 ascensuros
3019 1054 3139 1095 esse
3174 1057 3266 1097 eos
3294 1047 3378 1113 qui
3405 1063 3718 1110 murmuravc-

2185 1125 2312 1170 runt
2337 1117 2388 1170 in
2415 1128 2609 1176 terram
2638 1127 3025 1197 promissionis,
3057 1133 3156 1188 nisi
3182 1142 3377 1190 tantum
3402 1138 3529 1195 ﬁlios
3547 1158 3719 1213 eorum,

2188 1214 2243 1260 et
2264 1206 2464 1265 Cbaleb
2494 1212 2658 1269 ﬁlium
2685 1215 2947 1288 Jepbone,
2978 1233 3032 1278 et
3059 1224 3264 1281 Jesum.
3290 1230 3616 1304 Quadraginta
3642 1206 3717 1294 ait;

2190 1306 2293 1351 tem
2327 1300 2504 1368 annis,
2535 1303 2722 1376 inquit,
2750 1321 2907 1365 erunt
2938 1313 2988 1367 in
3016 1313 3232 1371 deserto
3259 1359 3274 1384 ,
3315 1319 3479 1379 donec
3498 1300 3592 1380 'ﬁlii
3627 1344 3719 1386 cre-

2188 1391 2384 1456 verint,
2405 1396 2696 1451 secundum
2724 1416 3003 1459 numerum
3039 1406 3268 1475 dierum,
3300 1412 3486 1482 quibus
3513 1418 3722 1476 visitare-

2185 1490 2312 1535 runt
2342 1491 2561 1540 terram.
2597 1487 2746 1545 Tunc
2785 1494 3147 1563 exploratores
3176 1515 3363 1558 omnes
3399 1509 3576 1562 mortui
3599 1521 3720 1578 sunt,

2185 1576 2422 1644 exceptis
2442 1577 2643 1635 Chaleb
2667 1591 2720 1636 et
2744 1582 2868 1639 Jcsu
2896 1586 3004 1642 ﬁlio
3029 1589 3170 1646 Nave
3204 1611 3216 1646 :
3251 1592 3492 1666 ﬂevitque
3515 1576 3720 1669 populus.

2183 1664 2557 1725 Ascenderunt
2583 1684 2773 1730 contra
2800 1677 3019 1736 Amalec
3046 1693 3244 1752 praeter
3283 1685 3372 1742 Dei
3404 1664 3658 1758 placitum,
3681 1706 3723 1751 et

2183 1772 2308 1812 arca
2340 1761 2535 1817 mansit
2564 1764 2617 1818 in
2647 1768 2834 1823 castris
2863 1785 2985 1824 cum
3011 1772 3212 1845 Moyse.
3249 1777 3522 1851 Exivitque
3545 1787 3723 1842 Amalec

2184 1857 2237 1901 et
2268 1854 2531 1918 percussit
2555 1870 2669 1910 eos.
2699 1857 3009 1931 Prtecipitur
3028 1863 3095 1920 de
3117 1865 3461 1937 holocaustis,
3493 1873 3554 1928 tle
3577 1877 3723 1944 primi.

2185 1938 2289 2008 liis,
2320 1941 2389 1998 de
2417 1945 2689 2003 sacriﬁciis
2724 1965 2820 2019 pro
2857 1951 3071 2008 delicto.
3106 1956 3485 2026 Deprehensus
3511 1938 3722 2037 estquis-

2181 2033 2319 2100 piam
2361 2033 2504 2106 ligna
2550 2040 2808 2112 colligens
2859 2044 2916 2100 in
2952 2047 3211 2116 sabbato,
3276 2061 3330 2107 et
3371 2033 3720 2122 lapidatus'esl.

2181 2121 2568 2191 Prxeipiuntur
2591 2129 2826 2188 ﬁmbrias
2847 2136 2898 2189 in
2920 2139 3030 2194 oris
3055 2138 3254 2198 facere.
3280 2144 3354 2200 De
3379 2121 3528 2214 (lore,
3557 2149 3725 2206 Datlian

2178 2223 2231 2268 et
2258 2215 2456 2272 Abiron
2486 2235 2501 2271 :
2535 2222 2787 2278 tumultus
2808 2241 3015 2294 eorum,
3035 2238 3090 2284 et
3117 2248 3294 2301 poena:
3333 2252 3462 2307 quas
3485 2239 3720 2297 dederunt.

2185 2303 2278 2360 His
2325 2309 2578 2376 peractis,
2625 2315 2814 2384 reliqui
2855 2317 2922 2373 de
2955 2323 3151 2390 populo
3177 2341 3285 2380 non
3317 2303 3380 2382 ad
3409 2331 3655 2388 meliorem
3679 2349 3724 2389 se

2179 2394 2382 2467 frugem
2411 2415 2764 2471 receperunt,
2797 2408 2894 2463 sed
2921 2425 3103 2466 rursus
3135 2415 3533 2475 insurrexerunt
3568 2434 3720 2477 contra

490 2478 572 2524 tur
599 2468 790 2522 inimici
818 2469 920 2536 tui,
947 2471 1145 2541 fugiant
1173 2487 1344 2526 omnes
1366 2474 1453 2543 qui
1479 2483 1524 2528 te
1549 2475 1761 2530 oderunt
1778 2477 1963 2548 (Num.
1986 2481 2069 2536 IO.

489 2560 601 2630 55).
644 2561 712 2616 Ει
747 2564 1097 2617 murmuravit
1140 2565 1387 2634 populus,
1434 2575 1489 2621 et
1527 2572 1804 2626 combusta
1832 2582 1917 2627 est
1951 2589 2073 2643 pars

489 2659 781 2706 castrorum
817 2669 831 2718 ;
871 2662 924 2706 et
957 2661 1177 2709 vocatus
1218 2665 1302 2710 est
1339 2656 1487 2712 locus
1515 2657 1843 2717 Incendium.
1878 2665 2072 2722 Preca‘

489 2750 679 2809 iusque
698 2749 781 2795 est
800 2741 1028 2812 Moyses,
1059 2752 1114 2798 et
1134 2747 1362 2801 cessavit
1389 2748 1539 2805 ultio.
1566 2751 1929 2826 Pctebantque
1955 2774 2073 2812 ear-

487 2842 583 2883 nes
606 2869 621 2893 ,
652 2837 706 2884 et
733 2829 980 2886 dicebant
1005 2850 1017 2884 :
1063 2851 1082 2884 t
1119 2833 1486 2892 Recordamur
1523 2840 1745 2910 piscium
1771 2885 1786 2910 ,
1814 2861 1950 2916 quos
1976 2863 2070 2902 co-

485 2917 830 2974 medebamus
858 2921 908 2975 in
931 2921 1192 2994 Egypto,
1215 2940 1554 2985 cucumerum
1585 2941 1638 2988 et
1686 2949 1971 3006 peponum,
2017 2949 2072 2994 et

484 3023 766 3076 perrarum
795 3019 850 3065 et
872 3026 1122 3080 ceparum
1163 3022 1218 3070 et
1255 3017 1522 3075 alliorum.
1553 3021 1702 3080 Nunc
1739 3038 1916 3082 autem
1948 3031 2067 3084 ani-

483 3113 568 3151 ma
615 3106 795 3154 nostra
851 3101 1040 3169 arida;
1092 3104 1223 3160 nihil
1273 3118 1474 3178 praiter
1523 3129 1718 3171 manna
1773 3121 2066 3190 respiciunt

481 3187 623 3242 oculi
654 3189 822 3245 nostri
860 3209 879 3243 ι
919 3191 938 3261 (
963 3191 1126 3247 Nunt.
1161 3196 1246 3251 Η.
1273 3198 1326 3253 5.
1350 3200 1436 3270 6).
1459 3201 1529 3259 Ut
1548 3215 1723 3260 autem
1747 3187 2062 3268 seditionem

481 3292 668 3331 eorum
709 3281 940 3348 graviter
968 3281 1172 3340 ferebat
1197 3326 1210 3350 .
1243 3297 1298 3344 et
1331 3296 1447 3351 Deo
1465 3297 1824 3370 supplicabat,
1861 3302 2064 3359 addidit

480 3369 529 3422 ei
557 3372 886 3440 septuaginta
912 3375 1172 3443 seniores,
1199 3380 1288 3449 qui
1316 3393 1521 3451 partem
1550 3387 1794 3457 vituperii
1814 3369 1938 3447 cum
1971 3396 2063 3451 illo

478 3456 700 3512 ferrent.
729 3459 876 3515 Tunc
905 3461 1030 3518 Jesu
1061 3465 1169 3520 ﬁlio
1201 3466 1344 3524 Nave
1373 3471 1603 3539 dicente,
1638 3456 1870 3536 Prohibe
1897 3483 2059 3539 ﬁlium

478 3549 643 3605 Eldad
665 3561 719 3606 et
748 3551 932 3608 Modad
957 3571 1023 3610 ne
1049 3558 1383 3628 prepltetent.
1413 3564 1488 3617 ait
1513 3565 1683 3622 Moses
1704 3587 1718 3622 :
1738 3568 1877 3624 Num
1894 3589 2052 3628 temu-

482 3641 604 3695 laris
641 3652 694 3697 tu
735 3661 826 3714 pro
853 3663 930 3700 me
957 3648 983 3701 ?
1010 3647 1074 3702 Et
1111 3651 1223 3718 quis
1251 3652 1441 3708 dederit
1469 3667 1522 3710 ut
1553 3667 1683 3712 talus
1707 3665 1926 3733 populus
1958 3666 2063 3720 Do—

478 3736 601 3788 mini
629 3739 886 3806 prophetia
916 3741 1017 3794 sint
1044 3743 1062 3810 (
1097 3741 1259 3800 Nunt.
1293 3746 1376 3800 II.
1407 3747 1475 3802 29
1504 3747 1522 3818 j
1551 3751 1566 3782 ²
1597 3752 1621 3803 ‘l
1650 3751 1797 3810 'I'unc
1821 3761 2060 3815 ascendit

479 3830 725 3884 coturnix
763 3846 794 3885 a
827 3832 1048 3887 Domino
1071 3875 1086 3901 ,
1116 3844 1170 3890 et
1195 3838 1562 3895 comederunt.
1595 3843 1662 3897 Et
1689 3861 1878 3903 carnes
1905 3863 2058 3906 erant.

479 3919 532 3972 in
571 3918 818 3975 dentibus
857 3937 1079 3989 eorum,
1121 3926 1426 3997 priusquam
1467 3931 1781 3992 deﬁcerent.
1836 3938 1948 3996 Iloc
2002 3943 2052 3996 in

476 4003 691 4066 Psalmo
723 4014 882 4068 etiam
922 4013 1118 4070 dictum
1143 4031 1226 4073 est
1258 4037 1272 4074 :
1307 4020 1485 4076 Adhuc
1520 4040 1636 4078 esca
1671 4044 1844 4083 eorum
1868 4044 1974 4085 erat
2004 4036 2055 4087 in

477 4117 561 4155 ore
590 4102 835 4170 ipsorum,
875 4113 924 4158 et
961 4106 1040 4158 ira
1085 4105 1174 4160 Dei
1203 4112 1425 4164 ascendit
1460 4129 1610 4184 super
1637 4133 1721 4172 eos
1750 4135 1768 4171 :
1793 4127 1838 4173 et
1873 4123 2054 4176 occidit

473 4189 528 4243 in
553 4194 783 4262 pluribus
801 4213 970 4251 eorum
995 4197 1164 4270 (Psal.
1201 4202 1290 4256 77.
1321 4203 1408 4258 '50.
1439 4205 1528 4274 3|)
1550 4209 1589 4258 ⁸.
1626 4208 1850 4266 Vocatus
1875 4223 2050 4268 autem

473 4295 554 4342 est
581 4298 757 4341 autem
797 4287 882 4343 hic
919 4289 1066 4345 locus
1090 4290 1347 4361 Sepulcra
1391 4300 1854 4369 concupiscentiae.
1901 4307 2051 4365 Tunc

469 4373 686 4443 loquuta
725 4386 808 4430 est
833 4387 1019 4433 contra
1058 4379 1290 4452 Moysem
1321 4385 1479 4442 Maria
1503 4389 1687 4446 dicens
1715 4411 1728 4446 :
1769 4395 1908 4450 Num
1952 4400 2051 4467 ipsi

469 4465 566 4518 soli
603 4465 836 4534 loquutus
882 4477 952 4522 est
991 4468 1127 4523 Deus
1156 4473 1174 4542 (
1209 4474 1366 4529 Nunt.
1395 4479 1480 4535 I2.
1511 4481 1588 4552 2)
1621 4484 1800 4538 illium
1829 4465 2050 4546 dixisset

469 4567 601 4608 vero
649 4553 804 4618 Deus,
845 4569 904 4610 se
951 4557 1048 4626 ipsi
1095 4561 1193 4614 soli
1235 4565 1613 4635 prophetarum
1658 4574 1724 4628 ita
1773 4577 2043 4646 loquutum

465 4657 606 4710 esse,
650 4645 867 4701 immisit
905 4646 1104 4718 lepram
1152 4652 1204 4706 in
1243 4653 1483 4722 Mariam,
1517 4661 1800 4734 Moyseque
1827 4645 2047 4740 rogante

461 4748 560 4812 pro
589 4735 676 4790 illa
701 4776 716 4800 ,
746 4752 850 4792 non
878 4738 998 4794 tulit
1027 4755 1144 4796 eam
1173 4745 1319 4811 prius
1348 4753 1588 4804 mandari
1616 4793 1629 4816 ,
1657 4771 1813 4823 quam
1838 4735 2041 4829 septeni

460 4822 578 4884 dies
606 4836 755 4882 extra
783 4837 956 4884 castra
995 4832 1298 4889 mansisset.
1332 4836 1487 4892 Mittit
1528 4859 1655 4912 ergo
1679 4822 1949 4915 quosdam
1979 4869 2041 4909 ex

1109 4981 1189 5038 Μὴ
1215 4983 1371 5042 ζηλοῖς
1393 4986 1493 5049 ἐμέ.
1520 4992 1613 5039 Καὶ
1640 4994 1710 5050 τίς
1729 4997 1797 5059 δῷ
1819 4999 1956 5046 παντὶ
1977 5003 2047 5064 τῷ

458 5024 562 5088 λαῷ
574 5028 773 5098 Ακυρίου

517 5096 628 5190 3.5.?
648 5096 1333 5190 ‘i‘l’lffﬁﬁtifﬁfifi‘iure-3
1365 5124 1504 5190 939‘s
1519 5129 1638 5190 mw.
1658 5133 1799 5190 αὑτων.
1833 5125 1890 5190 in
1928 5128 2038 5190 piu-

452 5155 644 5250 ςιιίιηρε,
661 5171 842 5250 εοηετιιο
868 5161 1091 5250 ναιεςειιει.
1127 5155 1333 5250 piae;
1362 5155 1644 5250 suam
1658 5155 1773 5232 is":
1786 5155 1898 5250 aii
1913 5155 2036 5250 4ἱῖἒῖ-

454 5229 553 5250 (Illa
580 5232 626 5250 In
652 5233 763 5250 nihl!
821 5235 874 5250 ne
899 5237 961 5250 un
987 5238 1094 5250 un...-
1122 5241 1284 5250 ...ιι-η--.
1307 5247 1377 5250 --μη
1506 5246 1515 5250 -

454 5221 554 5279 (lue
580 5219 876 5281 interpretes
899 5219 1098 5274 veteres
1121 5219 1699 5289 sectindimi'iééiimféuf

454 5282 767 5310 HMMWM'!
833 5285 922 5310 cm!
973 5285 1018 5310 :n
1065 5291 1397 5310 ...u..-.t....:_.--
1636 5303 1646 5310 .
1707 5306 1732 5310 -.

452 5282 791 5363 inmanium}.
832 5285 922 5333 Sed
973 5285 1020 5333 in
1065 5291 1401 5343 vetustissimis
1452 5282 2035 5363 eit'siiiai's'rn'iié"8.353%;

450 5347 1244 5437 ippItisieg‘ebatp’rztasting???
1264 5375 1380 5437 esse:
1394 5399 1406 5423 ,
1423 5365 1472 5437 in
1490 5347 1707 5431 pluribus
1729 5387 1911 5437 eorum.
1935 5387 2032 5437 Qua

447 5408 512 5456 de
537 5423 593 5490 re
615 5408 1082 5490 videitiefotymum
1107 5408 1249 5490 Epist.
1268 5408 1917 5490 adsitaia'iifei'i'i’eiéiif'iii

445 5475 692 5562 g‘USIitttlltt
732 5477 780 5524 in
1060 5475 1153 5529 hoc
1186 5481 1308 5562 loco:
1348 5475 1686 5556 'rlteodorettis
1703 5475 2029 5562 ut;

444 5542 603 5616 :ipww
625 5546 767 5616 15251..
785 5539 866 5616 ubi
894 5538 1140 5616 Interpres
1164 5549 1326 5616 vertit,
1346 5538 1545 5616 pingues
1565 5538 1866 5616 aanimi}.
1883 5538 2028 5612 51:56?

441 5598 708 5681 satis.
739 5598 1146 5681 litterliretatione
1168 5598 1331 5681 autem
1347 5598 1410 5658 'in
1429 5598 2025 5681 "manu:'iifiliisiiiiﬁiii

438 5657 606 5714 spuria
624 5656 974 5732 ablegavimUS.
1001 5675 1034 5711 ἰν
1068 5680 1140 5724 τοῖς
1159 5679 1314 5718 πλιξθσιν
1337 5656 1451 5719 αξηβᾴ

2177 2487 2432 2560 Moysem,
2483 2496 2885 2569 moriunturque
2920 2507 3325 2570 quattuordecim
3374 2512 3515 2567 mille
3552 2515 3722 2584 septin-

2176 2583 2340 2650 genti.
2363 2582 2512 2639 Tunc
2539 2585 2716 2643 ﬂoruit
2744 2590 2886 2661 virga
2912 2595 3157 2651 Aaronis.
3183 2599 3323 2654 Dicit
3346 2612 3400 2656 et
3423 2582 3723 2676 statuit‘qttid

2174 2673 2417 2743 accipere
2454 2676 2682 2734 debeant
2709 2680 2908 2738 Levita:
2944 2695 2998 2740 et
3025 2691 3284 2746 sacerdos
3310 2710 3558 2766 magnus,
3586 2673 3716 2753 etle-

2172 2777 2292 2831 gem
2320 2763 2412 2819 dat.
2448 2765 2515 2822 de
2554 2769 2734 2826 cinere
2774 2774 2972 2842 vitulae,
3003 2794 3069 2832 ex
3121 2796 3228 2850 qua
3268 2765 3582 2854 aspersioiiis
3608 2805 3722 2858 aqua

2173 2851 2353 2909 ﬁebat.
2380 2856 2529 2914 Hanc
2557 2876 2715 2928 porro
2742 2865 2955 2922 vitulam
2988 2870 3158 2925 visum
3189 2884 3277 2928 est
3301 2851 3600 2945 quibusdam
3625 2896 3722 2935 esse

2177 2944 2396 3014 ﬁguram
2435 2952 2695 3018 passionis
2727 2955 2931 3012 Domini
2955 2963 3121 3018 nostri
3146 2963 3284 3020 Iesu
3311 2944 3521 3024 Christi.
3546 2971 3637 3026 Per
3657 2974 3719 3024 ci-

2173 3053 2356 3094 nerem
2403 3051 2580 3098 autem
2627 3046 2804 3102 vitqu
2855 3053 3211 3111 mundabatur
3255 3059 3302 3113 is
3335 3061 3420 3130 qui
3461 3061 3721 3116 immundus

2169 3138 2285 3185 erat
2308 3147 2338 3185 a
2365 3144 2597 3189 mortuo.
2634 3137 2787 3194 Venit
2815 3150 2992 3197 autem
3025 3148 3257 3215 papulas
3288 3151 3341 3204 in
3363 3151 3547 3219 Cades,
3575 3153 3721 3222 ibique

2170 3229 2381 3275 mortua
2409 3226 2723 3296 sepultaque
2749 3239 2830 3284 est
2851 3231 3032 3287 Maria.
3067 3235 3363 3295 Deﬁciente
3391 3256 3519 3312 aqua
3545 3259 3724 3298 rursum

2169 3317 2498 3368 murmurant
2521 3315 2688 3370 ειυάωὶ
2721 3335 2736 3371 :
2791 3318 3000 3392 Moyses
3039 3340 3165 3379 vero
3208 3336 3269 3383 et
3305 3331 3480 3386 Aaron
3503 3332 3721 3402 jubentur

2165 3413 2358 3470 aquam
2394 3402 2461 3458 de
2498 3413 2642 3474 petra
2683 3407 2930 3466 educere.
2962 3412 3236 3472 Percussit
3267 3419 3408 3474 illam
3442 3421 3631 3492 Moyses
3653 3423 3718 3476 di-

2164 3503 2330 3544 cens:
2369 3491 2633 3564 Numquid
2673 3514 2736 3552 ea;
2777 3500 2872 3554 hac
2913 3514 3054 3572 petra
3091 3507 3368 3566 educamus
3406 3491 3535 3568 vobis
3567 3531 3723 3584 aquam

2165 3579 2351 3651 (Nunt.
2384 3584 2473 3639 ρο.
2517 3587 2604 3657 ιο)
2640 3589 2662 3643 ?
2695 3590 2757 3644 Ει
2784 3606 2993 3662 egressa
3033 3607 3116 3652 est
3157 3614 3318 3671 aqua.
3359 3579 3718 3674 Dixitque'Do-

2166 3673 2342 3727 minus
2385 3675 2452 3728 ad
2502 3675 2736 3748 Moyseni
2784 3692 2837 3736 et
2885 3685 3110 3741 Aaron:
3161 3690 3299 3757 Quia
3339 3711 3439 3748 non
3475 3696 3723 3750 credidistis

2163 3763 2287 3816 milii
2306 3804 2321 3828 ,
2353 3775 2404 3818 ut
2442 3769 2824 3837 sancti/iteratis
2852 3792 2930 3830 me
2955 3793 3126 3832 coram
3156 3783 3284 3850 ﬁliis
3309 3783 3490 3853 Israel,
3516 3788 3617 3840 ideo
3636 3805 3716 3838 non

2160 3851 2484 3912 introducetis
2528 3875 2611 3912 ros
2655 3861 2789 3916 [tunc
2821 3877 2998 3921 coetum
3031 3871 3082 3923 in
3107 3881 3336 3946 terram,
3367 3893 3511 3949 quam
3538 3879 3641 3933 dedi
3660 3879 3717 3932 eis

2161 3941 2319 4012 (Ibid.
2336 3961 2382 3999 v.
2407 3947 2516 4018 η).
2539 3949 2638 4005 Per
2665 3951 2866 4023 legatos
2887 3958 2992 4027 agit
3019 3959 3231 4031 Moyses
3257 3941 3524 4039 cumrege
3548 3968 3715 4031 Edam,

2160 4046 2217 4089 ut
2261 4052 2355 4092 eos
2396 4043 2627 4097 transire
2666 4045 2906 4102 sineret:
2948 4051 3034 4107 ille
3064 4069 3190 4109 vero
3233 4074 3339 4114 non
3381 4061 3605 4130 permisit
3634 4078 3646 4114 :
3673 4070 3714 4112 et

2157 4126 2556 4187 declinaverunt
2576 4135 2643 4188 ab
2671 4151 2736 4191 eo
2765 4139 2855 4192 ﬁlii
2879 4141 3065 4200 Israel.
3094 4144 3164 4204 Ut
3189 4160 3368 4205 autem
3397 4161 3714 4221 pervenerunt

2157 4217 2209 4272 in
2243 4231 2476 4276 montem
2505 4223 2597 4287 0r,
2622 4225 2773 4295 jussu
2819 4230 2910 4285 Dei
2951 4238 3243 4305 assumptis
3289 4239 3495 4313 Moyses
3531 4243 3712 4297 Aaronc

2156 4317 2210 4362 et
2240 4309 2493 4366 Eleazaro
2523 4314 2632 4368 tilio
2663 4316 2798 4386 ejus,
2831 4319 3052 4377 adduxit
3078 4340 3172 4380 eos
3198 4328 3248 4382 in
3285 4309 3549 4388 montem:
3576 4344 3616 4386 et
3647 4332 3710 4384 in-

2153 4401 2267 4457 duit
2295 4403 2604 4460 Eleazarum
2635 4411 2871 4468 vestibus
2905 4414 3042 4484 ejus.
3077 4419 3256 4475 Aaron
3292 4435 3471 4478 autcm
3502 4432 3710 4477 mortuus

2154 4500 2237 4546 est
2266 4493 2315 4546 in
2347 4505 2545 4551 monte.
2574 4498 2847 4572 Flevitque
2876 4509 3100 4576 papulas
3125 4511 3340 4582 triginta
3373 4516 3567 4572 diebus.
3599 4515 3708 4569 Claa-

2155 4596 2400 4637 nanazum
2433 4587 2705 4655 vicerunt,
2737 4603 2788 4646 et
2827 4597 3165 4655 anathemate
3200 4601 3471 4659 fet-ierunt.
3507 4605 3705 4659 Profecti

2151 4684 2326 4727 autem
2357 4675 2423 4729 ad
2452 4693 2601 4733 mare
2630 4679 2866 4739 Rubrum
2891 4726 2906 4751 ,
2953 4689 3280 4747 circuierunt
3312 4705 3505 4752 terram
3541 4695 3701 4761 Edoni,

2149 4771 2204 4817 et
2221 4765 2399 4819 animo
2415 4766 2746 4839 defecerunt,
2769 4790 3344 4856 murmuraveruntque
3373 4799 3549 4844 contra
3579 4789 3698 4858 Moy-

2147 4871 2260 4910 scm
2292 4859 2651 4932 :imtnisilque
2678 4866 2728 4918 in
2759 4882 2852 4923 eos
2893 4871 3033 4926 Deus
3071 4889 3353 4945 serpentes
3381 4884 3466 4951 qui
3496 4883 3602 4936 illos
3623 4895 3700 4935 oc—

2146 4948 2403 5004 ciderent.
2456 4951 2816 5029 Precatusque
2859 4972 2942 5017 est
2990 4965 3234 5037 Moyses,
3275 4981 3330 5025 et
3368 4948 3574 5042 jiibrnte
3609 4975 3698 5027 Deo

2148 5038 2271 5094 fecit
2307 5056 2614 5114 serpentem
2654 5063 2859 5106 tractim
2895 5057 3024 5126 :qui
3061 5073 3194 5115 vero
3219 5038 3576 5133 mordebatur,
3598 5081 3696 5120 cum

2144 5132 2436 5198 respiceret
2481 5135 2534 5190 in
2583 5151 2887 5208 serpentem
2915 5185 2929 5209 ,
2968 5148 3196 5204 vivebat.
3235 5152 3309 5206 De
3336 5153 3452 5210 .boe
3477 5165 3693 5225 serpente

2143 5220 2341 5278 dictum
2391 5232 2549 5286 estin
2569 5231 2851 5301 Evangelia
2886 5253 2899 5289 :
2932 5234 3074 5291 Sicut
3117 5241 3353 5296 eaaltavit
3386 5220 3580 5318 Moyses
3607 5263 3692 5300 scr-

2139 5323 2337 5382 pentem
2376 5316 2434 5370 in
2479 5318 2673 5375 deserto
2692 5363 2708 5389 ,
2736 5324 2806 5377 ita
2841 5338 3032 5397 oportet
3061 5335 3271 5387 exaltari
3292 5316 3490 5392 Filium
3503 5338 3688 5391 hominis

2142 5404 2333 5476 (Joan.
2367 5410 2421 5464 5.
2452 5412 2518 5466 Ν
2542 5414 2582 5484 ).
2609 5415 2832 5486 Legatos
2861 5422 3022 5477 mittit
3046 5425 3248 5497 Moyses
3277 5428 3344 5484 ad
3373 5431 3507 5486 Seon
3534 5443 3690 5499 regem

2139 5497 2600 5560 Amorrlnt'orum.
2653 5509 2749 5566 llic
2800 5525 2978 5569 autem
3024 5517 3164 5574 Seon
3206 5536 3325 5574 cum
3374 5523 3557 5577 bellum
3580 5530 3685 5574 ante

2134 5593 2390 5649 movisset
2430 5607 2614 5652 contra
2654 5616 2830 5670 regem
2872 5604 3056 5676 Moab,
3088 5612 3226 5680 cepit
3254 5623 3446 5666 terram
3473 5613 3594 5683 ejus.
3624 5609 3680 5665 Ut

2134 5699 2258 5739 vero
2284 5687 2445 5743 etiam
2484 5701 2666 5747 contra
2701 5693 2963 5754 Israelita»
2993 5703 3226 5770 pra-lium
3253 5707 3545 5771 cotitniisit,
3572 5718 3677 5774 pro-
