4090 6216
378 307 480 363 331

383 424 521 495 μήτε
544 419 922 492 μοιχευθεῖσαν
972 418 1227 475 δύνασθαι
1248 418 1449 474 λαϐεῖν.
1482 421 1616 492 Περὶ
1650 420 1751 491 τῆς
1787 419 1954 490 εὐχῆς

380 503 473 558 τοῦ
514 504 788 573 ἀγιασμοῦ
830 503 1210 567 διατάττεται,
1273 505 1367 558 καὶ
1390 503 1507 567 πῶς
1539 504 1620 556 δεῖ
1667 503 1757 556 τὸν
1809 501 1957 572 ἱερέα

379 587 623 655 εὐλογεῖν
653 585 781 648 τοὺς
826 588 976 649 υἱοὺς
1007 587 1241 657 Ἰσραήλ.
1289 587 1377 649 Ὠς
1414 586 1470 640 δὲ
1519 586 1650 657 ἔστη
1687 585 1955 656 ὴσκηνὴ.

377 670 642 741 περιῆγον
668 670 716 721 οἱ
748 667 1004 738 ἄρχοντες
1028 669 1177 738 δῶρα
1200 670 1372 723 πολλά
1390 687 1449 723 τε
1477 669 1570 723 καὶ
1598 667 1827 740 μεγάλα.
1855 668 1959 719 Κε-

376 750 590 805 λεύεται
634 750 875 821 Μωῦσῆς
913 751 1135 820 ἁγνίσαι
1167 752 1294 815 τοὺς
1350 752 1606 816 Λευῖτας,
1642 749 1737 803 καὶ
1767 748 1956 802 ἀκούει

376 834 459 897 ὅτι
485 832 595 885 ἀπὸ
616 832 960 896 είκοσαέτους
978 833 1059 887 δεῖ
1082 834 1278 898 αὐτοὺς
1294 834 1622 904 λειτουργεῖν
1637 832 1731 886 καὶ
1750 832 1956 897 ἐπάνω,

378 915 485 968 ἀπὸ
515 914 572 973 δὲ
597 916 1086 986 πεντηκονταέτους
1110 916 1439 985 ἀφίστασθαι
1466 918 1563 988 τῆς
1594 914 1954 987 λειτουργίας.

380 996 601 1057 Κελεύει
634 999 815 1063 αὐτοῖς
839 1000 870 1053 6
905 999 1039 1063 Θεὸς
1067 999 1157 1053 διά
1186 1000 1465 1064 Μωῦσέως
1496 1000 1720 1069 ποιῆσαι
1760 998 1823 1052 τὸ
1851 998 1955 1051 πά-

380 1096 506 1149 σχα.
542 1079 686 1135 Εἰπὲ
715 1080 845 1151 γάρ,
875 1083 1030 1152 φησὶ,
1054 1082 1153 1137 καὶ
1178 1084 1536 1137 ποιείτωσαν
1560 1083 1677 1136 υἱοὶ
1711 1080 1955 1149 Ἰσραὴλ

376 1162 445 1215 τὸ
468 1162 697 1233 πάσχα.
732 1160 841 1226 Ἦν
871 1165 981 1237 γάρ
1010 1166 1226 1234 πρῶτος
1256 1167 1362 1237 μὴν
1384 1165 1479 1219 τοῦ
1504 1164 1753 1236 δευτέρου
1779 1164 1951 1227 ἔτους.

378 1247 690 1319 Προσῆλθον
730 1246 787 1301 δὲ
826 1250 875 1302 οί
914 1248 1214 1321 ἀκάθαρτοι
1241 1251 1486 1312 Μωῠσεῖ.
1546 1249 1639 1303 καὶ
1688 1248 1955 1319 ἀνήνεγκε

378 1328 507 1398 περὶ
540 1328 719 1383 αὐτῶν
750 1330 827 1401 τῷ
853 1330 991 1402 Θεῷ.
1027 1333 1139 1387 Kal
1162 1331 1495 1404 προσέταξεν
1527 1333 1557 1386 6
1588 1330 1719 1395 Θεὸς
1743 1330 1835 1383 τὸν
1879 1327 1954 1399 μὴ

375 1407 672 1480 δυνάμενον
701 1415 761 1466 ἐν
788 1413 866 1486 τῷ
888 1413 1091 1487 πρώτῳ
1132 1416 1261 1486 μηνὶ
1296 1413 1444 1468 θύειν
1476 1413 1537 1467 τὸ
1564 1413 1768 1484 πάσχα,
1797 1412 1831 1483 ἢ
1864 1411 1953 1465 διά

374 1492 436 1545 τὸ
464 1494 772 1566 ἀκάθαρτον
792 1491 951 1561 εῖναι,
980 1497 1119 1569 ἢδιά
1143 1498 1205 1552 τὸ
1226 1499 1284 1552 ἐν
1306 1497 1410 1568 ὀδῷ
1436 1498 1624 1568 μακρᾷ
1644 1495 1952 1566 τυγχάνειν.

375 1574 454 1646 τῷ
484 1576 721 1650 δευτέρῳ
761 1579 892 1653 μηνὶ
931 1583 1137 1645 ποιεῖν,
1171 1583 1237 1653 τῇ
1267 1578 1851 1652 τεσσαρεσκαιδεκάτῃ.
1889 1578 1951 1630 Εἰ

373 1656 431 1711 δέ
461 1674 545 1721 τις
569 1660 663 1714 καὶ
689 1661 926 1733 καθαρὸς
954 1661 1051 1729 ῶν,
1080 1664 1175 1718 καὶ
1196 1664 1297 1717 ούκ
1322 1661 1400 1716 ὢν
1426 1663 1484 1716 ἐν
1515 1662 1702 1733 μακρᾷ
1723 1658 1848 1731 ὀδῷ,
1876 1657 1952 1730 μὴ

376 1738 619 1809 βούλοιτο
654 1747 827 1799 ποιεῖν
864 1747 925 1799 τὸ
961 1747 1147 1818 πάσχα
1176 1748 1234 1804 ἐν
1271 1746 1350 1817 τῷ
1382 1743 1585 1817 πρώτῳ
1633 1745 1799 1817 μηνὶ,
1846 1742 1952 1797 ὑπὸ

375 1821 652 1892 ἁμαρτίαν
696 1825 869 1881 ἔσται.
915 1828 1116 1899 Νόμος,
1153 1829 1348 1900 φησιν,
1384 1823 1465 1892 εἷς
1499 1827 1639 1881 ἔστω
1674 1826 1752 1897 τῷ
1784 1842 1954 1896 προσι-

374 1903 559 1975 ηλύτῳ
590 1907 681 1960 xal
708 1908 786 1979 τῷ
810 1910 1113 1981 αύτόχθονι.
1155 1911 1347 1967 Ἤνίκα
1370 1911 1646 1966 ἀνέϐαινεν
1669 1912 1703 1981 ἡ
1729 1909 1949 1980 νεφέλη,

375 1988 588 2075 ἀῇρον
617 1989 665 2041 οἱ
689 1991 801 2075 υίοὶ
845 1991 1078 2075 Ἰσραὴλ,
1100 1995 1195 2048 καὶ
1223 1989 1285 2050 06
1321 1997 1387 2051 ἂν
1412 1996 1563 2067 ἔστη,
1600 1996 1717 2048 ἐκεῖ
1751 2011 1952 2064 παρεν-

376 2066 618 2123 έϐαλλον.
688 2071 982 2128 Κελεύεται
1037 2077 1279 2148 Μωῦσῆς
1340 2066 1563 2149 ποιῆσαι
1644 2075 1951 2145 σάλπιγγας

375 2154 651 2224 ἀργυρᾶς.
696 2157 835 2212 ὥστε
876 2158 942 2211 δι’
966 2160 1145 2215 αὐτῶν
1188 2162 1471 2233 σημαίνειν
1502 2160 1580 2232 τῷ
1616 2160 1749 2230 λαῷ,
1786 2159 1950 2232 ἡνίκα

373 2235 586 2307 ἀπᾶραι
607 2238 733 2302 δέοι,
754 2240 914 2309 ἡνίκα
948 2247 1271 2313 συναγαγεῖν
1302 2244 1393 2298 τὸν
1422 2242 1549 2298 λαὸν
1582 2246 1640 2297 ἐν
1668 2242 1945 2314 πολέμοις,

372 2317 433 2371 ἐν
460 2318 688 2398 θυσίαις,
724 2323 1030 2392 χρήσασθαι
1058 2329 1177 2389 ταῖς
1208 2326 1459 2396 σάλπιγξι
1488 2327 1714 2391 ταύταις
1742 2328 1798 2381 ἐν
1828 2329 1950 2398 ἐορ-

367 2397 670 2471 ταῖ,τ,ἷ555]
701 2404 759 2455 ἐν
792 2405 1138 2476 νεομηνίαις,
1175 2408 1233 2460 ἐν
1276 2409 1739 2479 ὁλοκαυτώμασιν.
1784 2409 1869 2473 Ὠς
1890 2397 1947 2463 δὲ

369 2480 575 2551 ἐξῆραν
589 2484 639 2535 οί
657 2485 761 2537 υίοῖ⁵
776 2485 1007 2558 Ἰσραὴλ,
1032 2489 1331 2560 παρεκάλει
1346 2492 1436 2544 τὸν
1449 2490 1645 2563 ’ῐωϐἀρ
1664 2503 1689 2532 ι
1710 2490 1947 2561 Μωῦσῆς

368 2564 484 2629 υἱὸν
521 2566 787 2639 Ῥαγουὴλ
810 2568 902 2623 τὸν
932 2571 1026 2625 καὶ⁵
1049 2572 1233 2644 Ἰσθὸρ,
1255 2572 1395 2627 ὥστε
1422 2574 1571 2647 αύτῷ
1597 2577 1805 2646 καὶτῆς
1824 2574 1944 2628 6606

368 2649 715 2721 κοινωνῆσαι,
745 2653 839 2706 καὶ
865 2653 974 2707 τῶν
1001 2656 1439 2726 ἐπαγγελθέντων
1476 2660 1695 2727 ἀγαθῶν
1723 2660 1906 2723 αὐτοῖς
1926 2675 1941 2688 ’

370 2732 464 2785 καὶ
495 2734 554 2786 ἐν
577 2733 656 2804 τῷ
685 2735 921 2810 ἐξαίρειν
947 2738 1047 2810 τὴν
1078 2739 1330 2807 κιϐωτὸν,
1354 2738 1473 2796 εἷπε
1499 2744 1759 2815 Μωῦσῆς·
1817 2744 1943 2808 Ἐξ-

372 2814 1503 2893 εγέρθητι,Κύριεβιασκορπισθήτωσαν
1524 2832 1576 2881 οι
1590 2814 1790 2895 ἐχθροί
1804 2845 1942 2892 σου,

377 2898 724 2979 φυγέτωσαν
754 2900 978 2969 πάντες
1005 2907 1060 2959 οἱ
1087 2906 1413 2975 μισοῦντές
1449 2924 1544 2963 σε.
1576 2909 1685 2965 Kal
1713 2910 1943 2979 ἐγόγγυ-⁹

378 2978 467 3044 ζεν
487 2984 513 3034 6
540 2980 684 3046 λαὸς,
715 2986 808 3038 καὶ
833 2988 1076 3059 κατεκάη
1107 2988 1270 3062 μέρος
1314 2990 1415 3061 τῆς
1448 2978 1825 3062 παρεμϐολῆς,
1850 2992 1943 3047 καὶ

372 3062 570 3146 ἐκλήθη
592 3066 620 3117 6
639 3065 799 3132 τόπος
827 3068 1191 3142 ἐμπυρισμός.
1210 3073 1318 3126 Kal
1344 3072 1543 3144 ηὔξατο
1569 3076 1832 3146 Μωῡσῆς.
1853 3076 1945 3130 καὶ

368 3145 643 3201 ἐπαύσατο
675 3150 708 3221 ὴ
736 3153 994 3223 τιμωρία.
1026 3154 1135 3207 Καὶ
1161 3152 1388 3224 ἐζήτουν
1414 3158 1571 3226 κρέα,
1606 3159 1700 3212 καὶ
1727 3145 1938 3228 ἔλεγον

378 3227 798 3303 Ἐμνήσοημεν
818 3236 960 3303 τοὺς
980 3237 1170 3306 ιχθῦς.
1209 3239 1318 3306 οὓς
1344 3240 1635 3311 ἠσθίομεν
1662 3243 1732 3297 ἐν
1767 3227 1945 3313 Alﬁ}-

364 3324 511 3378 δετῳ,
543 3315 684 3382 τοὺς
702 3320 977 3386 σικύους,
1005 3321 1101 3376 καί
1136 3321 1279 3388 τοὺς
1307 3322 1593 3390 πέπονας,
1628 3327 1697 3378 τὰ
1717 3325 1941 3394 πράσα,

365 3394 438 3453 τὰ
465 3397 757 3466 κρόμμυα,
784 3400 856 3455 τὰ
879 3401 1138 3470 σκόροδα
1163 3404 1212 3459 δ.
1241 3405 1371 3459 Νῦν
1399 3404 1468 3459 δὲ
1502 3407 1538 3470 ἡ
1570 3407 1742 3475 ψυχὴ
1773 3406 1944 3476 ἡμῶν

365 3480 735 3549 κατάξηροςυ
774 3483 958 3538 οὐδὲν
983 3486 1151 3554 πλὴν
1175 3489 1264 3555 εις
1294 3487 1361 3542 τὸ
1386 3489 1589 3558 μάννα
1617 3493 1671 3543 oi
1717 3492 1941 3559 ὀφθαλ-

358 3562 461 3640 μοί
499 3562 686 3632 ἡμῶν.
717 3566 803 3629 Ὠς
828 3566 885 3620 δέ
917 3566 1208 3638 ἐϐαρύνετο
1236 3570 1335 3641 τὴν
1358 3572 1707 3628 ἀντιστασίαν
1739 3572 1939 3639 αὐτῶν,

364 3647 458 3700 καὶ
490 3648 810 3721 ἐνετύγχανε
836 3651 913 3723 τῷ
940 3653 1077 3725 Θεῷ,
1119 3655 1471 3726 προστίθησιν
1512 3656 1662 3727 αύτῷ
1708 3657 1945 3727 ἐϐδομήε

364 3745 530 3793 κοντα
558 3732 983 3805 πρεσϐυτέρους,
1011 3735 1151 3789 ὥστε
1187 3736 1655 3808 συλλαμϐάνεσθαι
1701 3739 1852 3810 αύτῷ
1883 3742 1943 3792 ἐν

361 3814 429 3883 τῇ
462 3813 625 3885 ἀρχῇ.
660 3815 793 3870 Τότε
823 3817 917 3872 τοῦ
962 3819 1138 3890 Ἰησοῦ
1184 3819 1280 3873 τοῦ
1319 3822 1473 3891 Ναυῆ
1510 3823 1779 3888 εἰπόντος
1817 3823 1942 3877 Κώ-

362 3893 523 3949 λυσον
546 3897 636 3951 τὸν
673 3899 789 3952 υἱὸν
831 3900 1017 3954 Ἐλδάδ
1051 3902 1143 3955 καὶ
1185 3903 1385 3957 Μωδάδ
1421 3904 1515 3957 τοῦ
1549 3905 1941 3975 προφητεύειν,

362 3982 529 4051 φησὶν
544 3984 572 4035 6
600 3984 839 4054 Μωῦσῆς
855 4001 868 4013 ·
892 3985 1108 4053 Ζηλοῖς
1126 3989 1207 4041 σύ
1226 4004 1364 4056 μοι;
1395 3988 1503 4041 Καὶ
1533 3990 1624 4053 τίς
1649 3988 1733 4054 δῷ
1751 3990 1942 4044 ᾶπαν-

359 4081 436 4119 τα
461 4067 568 4120 τὸν
591 4069 746 4122 λαὸν
781 4070 1002 4137 Κυρίου
1030 4069 1373 4139 προφήτας;
1408 4072 1540 4125 Τότε
1579 4073 1747 4143 ἀνέϐη
1781 4074 1941 4143 ὀρτυ-

358 4150 615 4222 γομήτρα
642 4150 795 4223 παρά
821 4152 1049 4225 Κυρίου,
1087 4153 1180 4207 καὶ
1217 4154 1440 4223 ἔφαγον.
1474 4155 1584 4209 Kal
1604 4156 1673 4209 τά
1698 4156 1835 4227 κρέα
1871 4152 1940 4228 ἦν

360 4235 419 4295 ἐν
452 4236 565 4296 τοῖς
596 4233 806 4288 ὀδοῦσιν
830 4235 1032 4300 αὐτῶν,
1064 4238 1193 4309 πρὶν
1222 4237 1254 4309 ἢ
1282 4237 1543 4295 ἐκλιπεῖν.
1576 4238 1744 4293 Τοῦτο
1780 4240 1843 4293 τὸ
1881 4243 1939 4296 ἐν

357 4317 560 4389 ψαλμῷ
600 4318 917 4390 εἰρημένον⁸
950 4322 1071 4374 Ἔτι
1099 4320 1211 4392 τῆς
1230 4323 1515 4392 βρώσεως
1542 4324 1735 4393 οὔσης
1763 4325 1834 4378 ἐν
1859 4324 1940 4392 τῷ

357 4402 608 4471 στόματι
633 4400 853 4466 αὐτῶν,
886 4403 986 4459 καὶ
1010 4404 1157 4474 ὀργὴ
1179 4406 1285 4461 τοῦ
1316 4405 1465 4462 Θεοῦ
1496 4406 1680 4477 ἀνέϐη
1716 4409 1811 4463 ἐπ’
1829 4411 1939 4464 αὐ-

356 4486 502 4550 τούς
523 4500 538 4515 ⁸
585 4484 685 4539 καὶ
725 4484 1079 4544 ἀπέκτεινεν
1112 4489 1182 4543 ἐν
1233 4489 1358 4556 τοῖς
1404 4490 1682 4546 πλείοσιν
1716 4490 1935 4547 αὐτῶν.

369 4568 604 4641 Ἐκλήθη
632 4569 689 4631 δὲ
723 4571 753 4624 6
778 4570 944 4634 τόπος
970 4564 1125 4636 οὗτος
1164 4575 1420 4645 μνήματα
1448 4574 1759 4646 ἐπιθυμίας.
1804 4575 1936 4628 Τότε

356 4651 693 4723 κατελάλησε
723 4651 804 4724 τῷ
828 4655 1055 4719 Μωῦσεῖ
1078 4656 1267 4726 Μαρία
1289 4697 1305 4719 ,
1333 4655 1592 4724 λέγουσα·
1633 4657 1687 4711 Μ
1700 4657 1733 4726 ὴ
1777 4657 1939 4723 αὐτῷ

348 4734 519 4808 μόνῳ
542 4734 851 4803 ἐλάλησεν
874 4739 908 4791 ό
932 4738 1076 4804 βεός
1096 4756 1117 4804 ;
1148 4738 1334 4793 Εἰπὼν
1365 4738 1423 4792 δὲ
1454 4741 1484 4792 6
1506 4739 1659 4803 Θεὸς,
1689 4742 1770 4795 ὄτι
1791 4739 1939 4810 αύτῷ

358 4818 506 4889 μόνῳ
541 4820 836 4891 προφητῶν
879 4820 1138 4890 ἐλάλησεν
1175 4820 1380 4885 οὕτως,
1415 4822 1679 4877 ἐπέϐαλεν
1714 4824 1807 4878 ἐπὶ
1838 4824 1938 4896 τὴν

355 4899 592 4973 Μαριάμ
611 4900 838 4973 λέπραν,
862 4903 956 4956 καὶ
979 4904 1256 4967 Μωῡσέως
1277 4903 1556 4976 δεηθέντος
1578 4906 1718 4976 ὑπὲρ
1741 4906 1933 4978 αὐτῆς,

353 4984 415 5037 ού
447 4984 710 5056 πρότερον
732 4985 901 5057 αὐτὴν
916 4986 1095 5057 ἀφῆκε
1115 4986 1532 5058 καθαρισθῆναι,
1559 4987 1663 5053 ἐως
1683 4990 1936 5059 ἐποίησεν

354 5066 495 5121 ἐπτά
528 5067 739 5139 ἡμέρας
766 5067 871 5135 ἐξω
883 5070 982 5140 τῆς
1006 5070 1379 5141 παρεμϐολῆς.
1400 5072 1614 5143 Nam:
1637 5072 1767 5141 γοῦν
1785 5091 1938 5138 τινας

357 5154 422 5206 ἐκ
450 5153 545 5207 τοῦ
582 5152 711 5207 λαοῦ
755 5155 1201 5225 κατασκέψασθαι
1245 5157 1343 5233 τὴν
1390 5159 1492 5228 γῆν
1534 5159 1772 5214 Χαναάν.
1827 5161 1938 5216 Kal

353 5247 864 5318 κατασκεψάμενοι,
907 5248 1101 5320 βότρυν
1132 5249 1372 5321 ἧνεγκαν
1413 5251 1624 5305 ἐκεῖθεν
1644 5291 1658 5318 ,
1703 5253 1797 5306 καὶ
1836 5251 1936 5324 τὴν

416 5446 438 5471 ⁸
463 5445 516 5519 Ip
534 5446 712 5497 Bibliis
734 5446 915 5519 Grqcis
932 5451 1132 5519 ΙιΞείιυτΔ
1147 5451 1315 5519 ζοᾷὰϐ,
1336 5456 1392 5502 ει
1411 5455 1460 5504 in
1481 5452 1707 5504 Hebraeo.
1734 5453 1934 5519 Lugdu-

353 5510 944 5642 ῗθεῗῖἕ
1153 5513 1339 5642 ῗιέιῗθέὲι
1358 5575 1446 5642 πρέ

352 5627 605 5700 δαηιίξπο
625 5632 777 5700 leg-{io
815 5636 875 5687 ad
913 5627 1177 5700 suiirium
1205 5641 1240 5687 ι.
1275 5637 1313 5700 1,
1338 5651 1384 5700 p.

354 5691 582 5762 σκόροδα,
605 5696 660 5743 ιιι
677 5692 774 5749 ωε.

1517 5593 1579 5642 ua
1609 5578 1688 5624 καῖ
1709 5577 1767 5626 τὰ
1787 5580 1933 5642 σκόρ-

1507 5673 1520 5699 ,
1564 5639 1745 5702 legitur
1785 5639 1933 5691 etiam

1438 304 1770 363 SYNOPSIS
1808 302 2103 361 SCRIPTU
2114 305 2226 361 [11E
2265 305 2536 362 SACRE.
3529 307 3633 361 533

3601 341 3637 361 4

2063 419 2167 489 γῆν
2196 418 2503 489 ἐθαύμαζον
2520 430 2567 477 π.
2611 418 2928 488 Ἑφοϐοῦντο
2957 418 3064 489 γάρ
3101 417 3189 471 τὸν
3232 417 3388 480 λαὸν,
3420 417 3495 481 ὡς
3525 435 3633 488 μα-

2058 502 2233 571 χίμων
2260 502 2429 556 ὄντων
2456 503 2563 555 τῶν
2589 503 2706 555 ἐκεῖ
2740 500 2968 572 ἀνδρῶν.
3002 499 3181 553 Χαλέϐ
3197 499 3254 552 δὲ
3283 502 3312 553 6
3339 499 3433 552 τοῦ
3467 500 3631 570 ’Ῐεφο-

2057 585 2157 649 νεὶ,
2193 586 2285 638 καὶ
2322 584 2527 656 Ἰησοῦς
2559 587 2589 638 6
2616 584 2708 637 τοῦ
2738 585 2914 654 Ναυῆ,
2946 584 3037 637 καὶ
3065 583 3217 637 αὐτοὶ
3247 583 3309 635 ἐκ
3333 582 3440 635 τῶν
3464 599 3625 637 κατα-

2060 667 2281 720 σκόπων
2309 667 2494 733 ὄντες,
2530 667 2938 738 παρεθάρρυνον
2972 666 3064 719 τὸν
3099 665 3244 718 λαόν.
3282 666 3345 717 υί
3375 665 3432 717 δέ
3468 660 3631 735 ἦλθον

2057 748 2398 822 λιθοϐολῆσαι
2453 749 2667 813 αὐτούς’
2694 752 2723 803 6
2768 749 2825 802 δέ
2873 749 3007 813 Θεὸς
3052 748 3326 821 ὀργισθεὶς
3376 742 3497 800 εἷπε
3554 748 3629 820 μὴ

2056 832 2299 887 ἀνελθεῖν
2321 833 2349 873 ἀ
2379 834 2502 897 τοὺς
2536 831 2908 902 γογγύσαντας
2930 834 3009 895 είς
3034 832 3131 902 τὴν
3160 831 3263 900 γῆν
3283 830 3381 900 τῆς
3401 832 3629 898 ἐπαγγε-

2056 914 2195 981 λίας,
2212 918 2260 970 εί
2303 916 2377 987 μὴ
2400 916 2470 969 τὰ
2493 917 2657 970 τέκνα
2679 916 2876 979 αὐτῶν,
2901 917 2995 969 καὶ
3022 914 3200 968 Χαλέϐ
3239 913 3352 967 υἱὸν
3386 913 3627 981 ἰεφονεὶ,

2057 997 2153 1052 καὶ
2184 998 2410 1070 Ἰησοῦν.
2431 998 2852 1070 Τεσσαράκοντα
2882 998 2939 1051 δέ
2978 998 3093 1066 ἐτη,
3123 996 3307 1066 φησὶν,
3338 995 3551 1048 ἔσονται
3571 996 3629 1049 ἐν

2052 1083 2120 1151 τῇ
2144 1082 2358 1154 ἐρήμῳ,
2388 1083 2491 1146 ἕως
2513 1082 2581 1136 ἂν
2620 1081 2827 1153 αὐξηθῇ
2859 1082 2930 1136 τά
2973 1079 3194 1143 παιδία,
3229 1078 3368 1133 κατά
3398 1077 3629 1149 ἀριθμὸν

2053 1164 2161 1219 τῶν
2190 1165 2431 1236 ἡμερῶν,
2454 1158 2531 1219 ὧν
2556 1164 2928 1236 ἐπεσκέψαντο
2946 1164 3045 1236 τὴν
3072 1167 3195 1235 γῆν.
3225 1162 3359 1216 Τότε
3392 1162 3441 1215 0!
3464 1160 3630 1215 xari-

2055 1270 2245 1309 σκοποι
2272 1254 2470 1319 πάντες
2502 1255 2791 1322 ἀπέθανον,
2822 1255 2960 1325 πλὴν
2986 1254 3162 1308 Χαλέϐ
3193 1252 3288 1307 καὶ
3326 1252 3499 1322 Ἰησοῦ
3531 1251 3627 1310 τοῦ

2051 1337 2231 1407 Ναυῆ.
2270 1339 2364 1391 καὶ
2379 1338 2673 1407 ἐπένθησεν
2693 1340 2722 1392 6
2757 1337 2903 1401 λαός.
2948 1336 3203 1407 ’Λνῆλθον
3225 1335 3318 1388 ἐπὶ
3338 1335 3429 1389 τὸν
3467 1335 3628 1404 Ἀμα·

2050 1419 2155 1491 λὴκ
2178 1420 2330 1493 παρὰ
2364 1421 2427 1475 τὸ
2457 1420 2648 1476 δοκοῦν
2678 1421 2756 1492 τῷ
2787 1420 2936 1491 Θεῷ,
2967 1419 3060 1475 καὶ
3087 1421 3121 1490 ἡ
3149 1417 3379 1482 κιϐωτὸς
3405 1418 3626 1487 ἀνέμει·

2050 1519 2140 1556 νεν
2181 1504 2239 1556 ἐν
2275 1506 2341 1575 τῇ
2383 1504 2698 1575 παρεμϐολῇ
2732 1504 2873 1574 μετὰ
2899 1502 3194 1564 Μωῦσέως.
3248 1500 3360 1554 Kal
3402 1498 3627 1570 ἐξῆλθεν

2061 1584 2329 1657 Ἀμαλὴκ,
2376 1587 2471 1641 καὶ
2520 1586 2820 1657 κατέκοψεν
2868 1584 3084 1649 αὐτούς.
3124 1581 3458 1638 Ἐντέλλεται
3497 1580 3626 1651 περὶ

2051 1669 2202 1743 [554]
2238 1671 2731 1739 ὁλοκαυτωμάτων,
2767 1671 2893 1743 περὶ
2925 1670 3218 1743 ἀπαρχῶν,
3261 1669 3388 1740 περὶ
3421 1667 3623 1721 θυσιῶν

2048 1753 2157 1806 τῶν
2198 1754 2340 1825 ὑπὲρ
2395 1754 2791 1825 πλημμελείας.
2834 1752 3016 1808 Ἐάλω
3062 1770 3145 1817 τις
3183 1752 3315 1819 ξύλα
3364 1749 3621 1815 συλλέξας

2048 1838 2108 1891 ἐν
2137 1837 2392 1910 σαϐϐάτῳ
2414 1880 2429 1903 ,
2463 1840 2558 1893 καὶ
2597 1836 2963 1909 ἐλιθοϐολήθη.
3008 1837 3446 1909 Προστάσσονται
3486 1835 3621 1906 κρά-

2050 1920 2218 1974 σπεδα
2244 1922 2335 1974 ἐπὶ
2371 1921 2439 1975 τά
2468 1920 2735 1993 πτερύγια
2777 1920 3018 1989 ποιῆσαι.
3053 1918 3135 1972 Τά
3167 1918 3295 1989 περὶ
3346 1917 3487 1987 Κορέ
3526 1916 3622 1970 καὶ

2046 2003 2225 2058 Δαθάν
2268 2005 2363 2058 καὶ
2414 2004 2659 2074 Ἀϐηρὼν
2683 2021 2698 2035 ⁸
2724 2004 2758 2074 ὴ
2795 2002 3159 2065 ἐπανάστασις
3205 2000 3406 2065 αὐτῶν,
3462 2001 3496 2069 ἡ
3541 2016 3621 2052 τι·

2051 2086 2231 2158 μωρία
2269 2087 2335 2158 ἢν
2385 2087 2595 2141 ἔδοσαν.
2650 2087 2713 2141 Ol
2759 2087 2818 2141 δέ
2860 2086 3036 2140 λοιποὶ
3083 2085 3179 2139 τοῦ
3229 2083 3382 2146 λαοῦ,
3416 2082 3622 2137 τούτων

2045 2172 2370 2242 γενομένων,
2401 2171 2502 2224 οὐκ
2542 2170 3049 2241 ἐσωφρονίσθησαν,
3089 2168 3228 2223 ἀλλά
3255 2168 3418 2223 πάλιν
3454 2168 3622 2219 ἐπαν-

2046 2255 2283 2324 έστησαν
2306 2254 2383 2325 τῷ
2414 2256 2645 2325 Μωῦσῇ,
2680 2256 2775 2309 καὶ
2803 2254 3200 2326 ἀποθνήσκουσι
3226 2250 3622 2322 τεσσαρεσκαί-

2043 2340 2175 2394 δεκα
2201 2339 2435 2409 χιλιάδες
2465 2341 2560 2393 καὶ
2587 2341 2925 2396 ἑπτακόσιοι.
2953 2340 3085 2393 Τότε
3106 2338 3337 2410 ἤνθησεν
3364 2340 3397 2407 ἠ
3427 2335 3619 2409 ῥάϐδος

2055 2422 2287 2495 Ἀαρών.
2318 2424 2481 2491 Λέγει
2510 2425 2607 2478 καὶ
2631 2424 2979 2479 διατάσσεται
3009 2422 3038 2477 δ
3064 2421 3359 2493 λαμϐάνειν
3388 2420 3470 2473 δεῖ
3491 2420 3621 2482 τοὺς

2041 2506 2272 2569 Λευῖτας
2298 2507 2394 2561 καὶ
2419 2506 2512 2561 τὸν
2553 2507 2703 2578 ίερέα
2730 2506 2821 2561 τὸν
2847 2506 3040 2577 μέγαν.
3070 2506 3177 2559 Kal
3194 2503 3472 2575 νομοθετεῖ
3491 2502 3621 2573 περὶ

2041 2589 2142 2658 τῆς
2173 2588 2370 2643 σποδοῦ
2404 2590 2503 2658 τῆς
2528 2589 2832 2660 δαμάλεως,
2871 2589 2929 2656 ἐξ
2954 2585 3023 2662 ἧς
3042 2590 3106 2643 τὸ
3136 2588 3280 2659 ὕδωρ
3311 2584 3407 2639 τοῦ
3438 2587 3621 2656 pavu-

2042 2670 2180 2741 σμοῦ
2210 2671 2437 2740 ἐγίνετο.
2462 2672 2573 2744 Τὴν
2601 2673 2658 2726 δέ
2683 2672 2915 2742 δάμαλιν
2940 2673 3113 2742 αὐτὴν
3132 2670 3277 2736 ἔδοξέ
3305 2686 3416 2722 τισι
3448 2667 3619 2723 τύπον

2040 2754 2180 2811 εἶναι
2212 2755 2304 2810 τοῦ
2335 2756 2539 2820 πάθους
2579 2756 2671 2810 τοῦ
2706 2756 2912 2828 Κυρίου
2949 2755 3104 2826 ἡμῶν
3147 2752 3320 2825 Ἰησοῦ
3356 2750 3614 2823 Χριστοῦ.

2052 2838 2184 2892 Ἀπὸ
2213 2839 2271 2892 δέ
2308 2838 2409 2908 τῆς
2453 2838 2648 2893 σποδοῦ
2677 2840 2778 2909 τῆς
2811 2839 3093 2909 δαμάλεως
3136 2835 3457 2906 ἐκαθαίρετο
3481 2836 3510 2888 6
3539 2832 3618 2888 ῶν

2040 2922 2133 2975 ἐπὶ
2152 2921 2345 2990 νεκροῦ
2373 2921 2699 2991 ἀκάθαρτος.
2715 2919 2885 2975 τΗλθε
2907 2922 2962 2975 δὲ
2983 2924 3012 2975 6
3037 2921 3164 2984 λαὸς
3189 2920 3267 2982 είς
3292 2917 3498 2987 Καδὴς,
3522 2918 3617 2970 καὶ

2039 3005 2157 3057 ἐκεῖ
2183 3004 2421 3058 ἀπέθανε
2461 3005 2685 3075 Μαρία,
2725 3006 2819 3058 καὶ
2864 3005 3058 3076 ἐτάφη.
3092 3005 3207 3057 Ούκ
3247 3003 3397 3065 δντος
3427 2999 3617 3063 ὓδατος

2038 3087 2201 3140 πάλιν
2249 3086 2607 3154 γογγύζουσιν
2655 3088 2706 3140 οί
2745 3088 3017 3142 Ἰουδαῖοι·
3056 3086 3085 3139 6
3136 3085 3193 3138 δέ
3241 3083 3481 3151 Μωῠσῆς
3522 3082 3618 3135 καὶ

2050 3166 2260 3239 Ἀαρὼν
2291 3168 2600 3223 κελεύονται
2631 3170 2696 3223 ἐκ
2737 3170 2836 3240 τῆς
2877 3169 3085 3240 πέτρας
3119 3167 3405 3234 ἐξαγαγεῖν
3446 3163 3613 3233 ὕδωρ.

2051 3250 2349 3316 Ἐπάταξεν
2377 3253 2549 3320 αὐτὴν
2577 3254 2606 3305 6
2636 3252 2876 3321 Μωῦσῆς
2914 3251 3116 3319 λέγων’
3154 3248 3249 3317 Μὴ
3275 3251 3342 3302 ἐκ
3364 3246 3475 3315 τῆς
3507 3245 3614 3299 πέ-

2037 3348 2181 3399 τρας
2216 3334 2440 3401 ταύτης
2479 3332 2776 3402 ἐεάεομεν
2821 3334 2979 3402 ὕδωρ
3009 3332 3185 3401 ὐμῒν;
3225 3330 3338 3385 Kal
3391 3328 3616 3399 ἐξῆλθεν

2039 3414 2205 3488 ὕδωρ.
2233 3416 2345 3471 Kal
2381 3415 2503 3470 εἷπε
2530 3416 2733 3489 Κύριος
2779 3415 2916 3486 πρὸς
2962 3417 3202 3485 Μωῦσῆν
3243 3414 3337 3467 καὶ
3372 3410 3611 3483 Ἀαρώνο

2038 3498 2161 3552 Ὅτι
2196 3501 2309 3554 οὐκ
2350 3497 2748 3555 ἑπιστεύσατέ
2788 3516 2891 3568 μοι
2930 3498 3172 3569 ἁγιάσαι
3219 3514 3296 3566 με
3336 3494 3616 3550 ἐναντίον

2037 3580 2155 3634 τῶν
2188 3581 2336 3636 υἱῶν
2365 3582 2632 3650 Ἰσραὴλ,
2659 3581 2761 3636 διὰ
2794 3582 2968 3637 τοῦτο
3005 3584 3116 3636 οὐκ
3151 3580 3423 3645 εἰσάξετε
3446 3577 3616 3647 ὑμεῖς

2035 3663 2152 3731 τὴν
2192 3666 2555 3735 συναγωγὴν
2591 3666 2818 3731 ταύτην
2857 3666 2946 3730 εις
2981 3663 3096 3731 τὴν
3126 3661 3262 3732 γῆν,
3308 3661 3388 3729 ἢν
3423 3660 3617 3715 ἔδωκα

2035 3745 2261 3813 αὐτοῖς.
2319 3746 2689 3817 Πρεσϐεύεται
2747 3746 2988 3815 Μωῦσῆς
3052 3746 3188 3814 πρὸς
3238 3745 3331 3798 τὸν
3390 3742 3617 3814 βασιλέα

2049 3827 2248 3899 Ἐδὼμ,
2275 3829 2362 3883 (va
2405 3831 2515 3901 ἀφῇ
2552 3826 2750 3893 αὐτούς
2772 3841 2797 3869 ο
2816 3848 2830 3861 ·
2860 3832 2889 3883 6
2927 3828 2986 3882 δέ
3014 3829 3075 3882 ού
3113 3828 3484 3901 συνεχώρησε’
3519 3829 3617 3881 καὶ⁵

2037 3910 2318 3977 ἐξέκλιναν
2360 3912 2454 3965 ἀπ’
2492 3912 2656 3966 αὐτοῦ
2687 3912 2794 3964 υίοὶ
2833 3910 3067 3983 Ἰσραήλ.
3116 3912 3201 3974 Ὠς
3234 3912 3291 3963 δὲ
3329 3906 3494 3981 ἦλθον
3534 3911 3616 3973 εἰς

2043 3995 2142 4065 ’Ὡρ
2163 3992 2223 4047 τὸ
2259 3994 2418 4062 ϐρος,
2449 3992 2804 4055 κελεύσαντος
2837 3991 2933 4046 τοῦ
2960 3991 3117 4056 Θεοῦ,
3152 3992 3332 4045 λαϐὼν
3374 3992 3615 4062 Μωῦσῆς

2037 4075 2128 4130 τὸν
2169 4075 2380 4146 Ἀαρὼν
2423 4076 2518 4130 καὶ
2558 4075 2822 4144 Ἐλεάζαρ
2848 4074 2940 4128 τὸν
2974 4073 3088 4127 υίὸν
3120 4073 3315 4137 αὐτοῦ,
3344 4075 3616 4143 ἀνήγαγεν

2038 4158 2119 4221 είς
2162 4158 2222 4212 τὸ
2252 4158 2413 4230 ϐρος·
2459 4158 2553 4211 καὶ
2587 4157 2803 4212 ἐνέδυσε
2850 4157 2942 4211 τὸν
3000 4153 3259 4224 Ἐλεάζαρ
3308 4154 3376 4207 τά
3425 4153 3613 4224 ἱμάτια

2038 4238 2225 4293 αὑτοῦ.
2300 4241 2360 4293 '0
2406 4238 2466 4293 δὲ
2511 4237 2723 4310 ’Δαρῶν
2767 4238 3033 4293 ἀπέθανεν
3084 4238 3143 4290 ἐν
3199 4236 3277 4306 τῷ
3313 4235 3449 4307 δρει.
3505 4236 3616 4292 Καὶ

2038 4322 2297 4377 ἔκλαυσεν
2332 4324 2363 4376 6
2403 4319 2531 4386 λαὸς
2561 4322 2856 4394 τριάκοντα
2898 4321 3134 4392 ἡμέρας.
3171 4315 3328 4373 Εἶλον
3379 4318 3471 4373 τὸν
3499 4322 3614 4375 Χα-

2036 4408 2273 4469 ναναῖον,
2312 4407 2405 4459 καὶ
2438 4406 2834 4477 ἀνεθεμάτισαν
2869 4404 3054 4460 αὐτόν.
3108 4402 3381 4465 Ἐλθόντες
3419 4402 3477 4456 δὲ
3523 4403 3613 4456 ἐπὶ

2038 4491 2311 4546 θάλασσαν
2354 4490 2645 4563 Ἐρυθρὰν,
2681 4489 2945 4544 ἐκύκλουν
2984 4489 3085 4559 τὴν
3128 4491 3232 4559 γῆν
3284 4486 3488 4559 Ἐδὼμ,
3522 4489 3618 4543 καὶ

2036 4571 2436 4643 ὠλιγοψύχουν,
2486 4573 2581 4626 καῖ⁹
2625 4571 3025 4643 κατεγόγγυζον
3068 4572 3274 4643 Μωῦσῇ
3301 4586 3315 4599 ο
3364 4571 3457 4624 καὶ
3509 4570 3619 4624 ἀπ-

2036 4658 2276 4711 έστειλεν
2316 4659 2345 4711 6
2382 4656 2515 4721 Θεὸς
2545 4656 2633 4710 ἐπ’
2673 4657 2871 4719 αὐτοὺς
2910 4654 3063 4719 ὄφεις
3095 4654 3472 4716 θανατοῦντας.
3507 4653 3615 4707 Καὶ

2035 4740 2237 4812 ηῦξατο
2268 4739 2509 4810 Μωῦσῆς
2529 4756 2543 4771 ·
2578 4740 2673 4793 καὶ
2697 4739 2919 4811 ἐποίησε
2941 4735 3175 4809 χαλκοῦν
3195 4737 3339 4804 ὅφιν,
3377 4751 3613 4803 προστα-

2034 4823 2184 4894 χθεὶς
2222 4824 2328 4877 ὑπὸ
2360 4822 2456 4877 τοῦ
2500 4821 2656 4876 Θεοῦ.
2701 4824 2810 4875 Kal
2848 4824 2878 4875 6
2920 4819 3282 4889 δακνόμενος,
3320 4817 3484 4888 ἡνίκα
3527 4818 3615 4875 ἀν-

2035 4906 2257 4974 έϐλεψεν
2282 4908 2361 4971 εῖς
2384 4906 2476 4960 τὸν
2498 4905 2641 4974 ὅφιν,
2671 4904 2766 4975 ἔζη
2820 4903 2957 4973 Περὶ
2981 4900 3172 4954 τούτου
3203 4900 3296 4953 τοῦ
3326 4899 3503 4967 ϐφεως
3537 4902 3611 4959 εῖτ

2037 5007 2196 5060 ρηται
2225 4993 2283 5043 ἐν
2307 4988 2386 5060 τῷ
2410 4987 2748 5057 Εύαγγελίῳο
2765 4984 2968 5050 Καθὼς
2986 4984 3195 5052 ὕψωσε
3221 4982 3483 5051 Μωῦσῆς
3506 4984 3615 5039 τὸν

2034 5072 2175 5142 ὅφιν
2198 5073 2270 5127 ἐν
2296 5071 2371 5141 τῇ
2400 5070 2632 5140 ἐρήμῳ,
2660 5070 2815 5123 οὕτω
2845 5067 2937 5122 δεῖ
2979 5062 3292 5134 ὑψωθῆναι
3332 5064 3437 5120 τὸν
3477 5067 3616 5121 Υίίν

2032 5155 2138 5210 τοῦ
2164 5154 2500 5225 ἀνθρώπου.
2522 5151 2889 5225 ῐΙρεσϐεύεται
2918 5149 3159 5219 Μωῦσῆς
3188 5147 3323 5219 πρὸς
3347 5149 3440 5203 τὸν
3466 5150 3613 5219 βασι.

2031 5240 2127 5295 λέα
2148 5241 2259 5293 τῶν
2300 5240 2354 5292 ’Λ
2366 5238 2642 5310 μορραίων
2663 5236 2754 5289 τὸν
2774 5234 2945 5307 Σηὼν.
2972 5226 3139 5298 061:0;
3159 5233 3214 5288 δὲ
3236 5236 3264 5288 6
3288 5230 3440 5305 Σηὼν
3462 5233 3615 5286 πολε-

2094 5332 2119 5362 ⁶
2144 5329 2196 5379 In
2243 5326 2555 5379 Onomaslico
2602 5324 2931 5389 Athanasiagm
2966 5324 3025 5372 ad
3064 5335 3253 5389 vocem.
3276 5320 3497 5389 θαυμάζω
3535 5320 3612 5364 Ili—

2031 5394 2195 5442 ximus
2216 5391 2343 5441 hanc
2367 5401 2534 5450 vocem
2560 5399 2693 5450 sape
2731 5388 3028 5450 signiﬁcare,
3049 5396 3175 5450 tum
3190 5380 3518 5450 αάῃιζνᾲιὶοηε
3532 5391 3610 5450 ες-

2034 5436 2194 5512 ῖᾶἧῆξ
2210 5436 2376 5502 {alma
2407 5449 2509 5500 Hoc
2526 5436 2681 5499 εεηέυ
2707 5436 2905 5510 ρι’ὄτευε
2935 5436 3280 5508 ιιίιτέεριίεετὶ
3299 5440 3451 5490 debet
3473 5436 3608 5487 ἐθαύ-

2096 5531 2344 5626 ᾗὀἔιήςῑιίῐι
2370 5573 2449 5621 καὶ
2470 5573 2610 5621 πάλιν
2650 5570 2947 5635 ὀργιζόμενον
2984 5570 3066 5616 τὸν
3100 5565 3239 5615 Θεὸν.
3274 5562 3396 5611 Τότε
3428 5556 3556 5605 εἶπεν
3580 5563 3608 5607 ό

2033 5639 2151 5691 Θεὸς
2171 5638 2233 5697 μὴ
2256 5635 2475 5697 ἀνελθεῖν,
2511 5647 2621 5697 quae
2635 5632 2750 5697 sum.
2772 5632 3035 5697 ἀσύστατα.

2106 5711 2128 5738 ε
2150 5691 2255 5747 Ἵνα
2274 5696 2367 5760 άφῇ
2393 5691 2577 5757 αὐτούς,
2601 5695 2775 5757 διιρριρ
2796 5691 3124 5759 παρέρχεσθαι.

3482 5795 3541 5804 ~0-
