4090 6216
528 428 710 501 μήσας
741 427 999 499 πρότερον
1029 426 1119 480 τὸν
1149 425 1369 496 βασιλέα
1419 427 1622 490 Μωὲϐ,
1657 426 1815 482 ἔλαϐε
1855 429 1953 497 τὴν
1989 427 2093 497 γῆν

526 511 715 567 αὐτοῦ.
774 512 860 571 Ὧς
886 510 943 563 δὲ
983 510 1077 563 καὶ
1115 511 1225 572 τοῖς
1280 510 1639 581 Ἰσραηλίταις
1688 510 1974 582 συνέμιξεν
2020 513 2099 574 εἰς

526 595 781 665 πόλεμον,
817 593 1021 664 ἡττήθη
1050 592 1189 647 κατὰ
1215 595 1433 663 κράτος,
1463 596 1556 648 καὶ
1587 594 1686 657 τας
1730 595 1911 658 πόλεις
1934 594 2097 647 αὐτοῦ

523 678 703 740 πάσας
727 675 914 729 έλαϐον
941 677 992 729 οἱ
1036 674 1380 747 Ἰσραηλῖται.
1413 675 1786 745 Συμϐαλόντες
1816 676 1872 730 δὲ
1905 678 1999 730 καὶ
2021 677 2098 747 τῷ

528 759 628 825 Ὠγ
659 756 870 827 βασιλεί
901 761 1001 829 τῆς
1034 757 1244 821 Βασάν,
1278 761 1391 822 τοῖς
1436 760 1620 822 αὐτοῖς
1648 759 1964 830 περιέϐαλον
1998 760 2098 812 αὐ·-

522 842 615 894 τὸν
640 844 849 905 κακοῖς,
887 835 969 903 οἷς
1003 842 1098 895 καὶ
1127 840 1218 894 τὸν
1255 840 1431 911 Σηὼν,
1467 842 1560 895 καὶ
1586 842 1685 912 τὴν
1726 843 1829 911 γῆν
1874 844 1968 896 καὶ
2000 843 2100 906 τὰς

525 933 705 995 πόλεις
729 933 893 986 αὐτοῦ
920 935 1099 997 πάσας
1126 934 1334 988 ἔλαϐον.
1381 934 1595 1003 Πέμπει
1639 933 1888 1004 βασιλεὺς
1915 935 2097 988 Βαλὰκ

524 1018 661 1088 πρὸς
699 1016 928 1086 Βαλαάμ
950 1017 1039 1071 τὸν
1076 1019 1296 1087 μάντιν,
1325 1019 1411 1072 ἶνα
1441 1020 1711 1090 ἁράσηται
1734 1018 1823 1072 τὸν
1846 1018 1992 1073 λαόν.
2038 1021 2096 1073 '0

521 1101 577 1153 δέ
601 1100 731 1163 Θεὸς
752 1101 812 1153 τὸ
843 1100 939 1170 μὲν
967 1099 1178 1170 πρῶτον
1216 1100 1505 1155 ἐκώλυσεν.
1545 1102 1631 1164 Ὠς
1667 1101 1724 1154 δὲ
1758 1102 1992 1155 ἐνέκειτο
2018 1101 2096 1171 τῷ

526 1183 747 1253 μάντει,
789 1182 1164 1254 συνεχώρησεν
1200 1183 1455 1236 ἀπελθεῖν
1480 1184 1607 1253 μὲν,
1643 1185 1704 1237 οὐ
1748 1185 1855 1255 μὴν
1884 1186 2094 1257 ἀράσα-

525 1266 646 1319 σθαι
740 1266 851 1319 ἀλλ’
878 1265 1073 1337 ἔτρεψε
1119 1266 1217 1328 τὰς
1247 1266 1492 1337 κατάρας
1550 1268 1632 1331 είς
1663 1267 1932 1336 εὐλογίας.
1979 1270 2094 1323 Οὐκ

525 1345 676 1421 (335',
717 1348 905 1419 ἐπειδὴ
951 1348 1135 1418 ἴσχυόν
1176 1366 1228 1402 τι
1270 1351 1326 1403 al
1366 1350 1497 1420 ἀραὶ
1523 1349 1617 1403 τοῦ
1664 1350 1926 1421 μάντεως,
1978 1351 2093 1404 ἀλλ’

521 1430 707 1500 ἐπειδὴ
731 1430 1070 1500 ταλαίπωρος
1090 1427 1158 1501 ἦν
1172 1433 1200 1484 6
1218 1430 1366 1494 λαὸς,
1383 1431 1615 1501 ἤμελλεν
1632 1432 1794 1486 αὐτοῦ
1820 1433 2093 1489 πιστεύειν

519 1516 639 1576 ταῖς
664 1514 949 1585 κατάραις,
976 1514 1071 1567 καὶ
1094 1515 1512 1586 κατακρίνεσθαι
1557 1518 1673 1569 ἐκεῖ
1708 1516 1796 1570 διά
1826 1517 1922 1588 τὴν
1955 1517 2091 1570 ίδίαν

518 1595 822 1651 ἀσθένειαν.
841 1590 1008 1660 Οὗτος
1035 1597 1365 1666 προφητεύει
1386 1598 1619 1667 περὶτοῦ
1642 1597 1683 1651 Χ
1695 1598 1876 1670 ριστοῦ
1892 1599 2086 1668 λέγων’

533 1679 827 1733 Ἆνατελεῖ
839 1678 1064 1746 ἄστρον
1086 1680 1156 1745 ἐξ
1192 1681 1416 1746 Ἰακὼϐ,
1438 1682 1535 1735 καὶ
1561 1681 1966 1748 ἀναστήσεται
1987 1681 2091 1737 ἇν-

521 1763 750 1828 θρωπος
786 1761 856 1826 ἐξ
891 1760 1399 1833 ’1σραήλ.Πνεῦμα
1424 1765 1533 1833 γάρ
1557 1765 1691 1818 Θεοῦ
1731 1765 1961 1836 ἐγενήθη
1997 1765 2091 1818 ἐπὶ

518 1843 597 1912 τῷ
624 1843 832 1913 μάντει.
873 1844 961 1907 Ὠς
985 1844 1043 1897 δὲ
1075 1844 1316 1916 ἀπῆλθεν
1342 1848 1370 1900 6
1407 1847 1667 1918 Βαλαάμ,
1701 1849 2089 1919 ἐκπορεύουσιν

517 1926 568 1978 οἱ
596 1926 703 1978 υἱοὶ
758 1926 974 1998 Ἰσραὴλ
1000 1929 1080 1992 είς
1103 1927 1200 1991 τὰς
1226 1928 1529 2000 θυγατέρας
1548 1930 1743 1996 Μωάϐ,
1765 1933 1860 1985 καὶ
1878 1931 2091 1987 τελοῦν-

517 2026 606 2062 ται
633 2008 712 2079 τῷ
752 2008 1092 2080 Βεελφεγώρ.
1140 2012 1272 2065 Τότε
1303 2012 1512 2066 κελεύει
1551 2014 1792 2084 Μωῦσῆς
1824 2014 2086 2082 ἕκαστον,

517 2096 833 2149 ἀποκτεῖναι
867 2096 957 2150 τὸν
991 2097 1217 2167 ἀδελφὸν
1245 2099 1798 2172 είδωλολατρήσαντα.
1831 2102 1964 2156 Τότε
1994 2104 2090 2159 καὶ

514 2182 699 2246 Φινεὲς
749 2183 863 2247 υίὸς
916 2184 1177 2255 Ἐλεάζαρ
1218 2186 1533 2258 ἐξεκέντησε
1581 2188 1673 2241 τὸν
1715 2189 1959 2261 Ζαμϐρὶν
1996 2190 2086 2244 τὸν

529 2265 886 2336 Ἰσραηλίτην,
945 2267 1038 2319 καὶ
1090 2268 1188 2339 τὴν
1221 2270 1397 2322 Χασϐὶ
1447 2270 1544 2340 τὴν
1600 2271 1917 2326 Μαδιανῖτιν
1970 2272 2086 2343 μετ’

516 2347 681 2401 αὐτοῦ
708 2363 721 2377 ’
757 2349 849 2401 καὶ
877 2349 1157 2418 ἐλογίσθη
1186 2350 1344 2415 αὐτῷ
1374 2353 1462 2418 είς
1505 2352 1914 2422 δικαιοσύνην.
1952 2356 2086 2408 Τότε

517 2430 872 2500 ἀριθμοῦνται
897 2434 945 2486 οί
969 2432 1073 2485 υἱοὶ
1108 2434 1321 2505 Ἰσραὴλ
1348 2436 1455 2488 ἀπὸ
1478 2436 1820 2501 εἰκοσαέτους
1837 2439 1930 2492 καὶ
1950 2439 2086 2493 ἐπά-

515 2529 591 2564 νω
610 2552 623 2571 ,
652 2513 743 2566 καὶ
773 2513 1072 2584 εὑρέθησαν
1096 2514 1370 2579 ἑξακόσιαι
1396 2517 1648 2586 χιλιάδες.
1678 2520 1771 2573 καὶ
1801 2520 2085 2591 τρισχίλιοι

514 2595 704 2664 ἄνδρες
734 2597 827 2648 καὶ
853 2597 1147 2665 τριάκοντα
1167 2615 1181 2629 ο
1210 2601 1257 2651 οί
1289 2600 1345 2652 δὲ
1373 2600 1593 2654 Λευῖται
1626 2605 1771 2673 τρεῖς
1801 2605 1893 2657 καὶ
1915 2606 2085 2659 εῖκοσι

515 2678 746 2748 χιλιάδες
771 2680 877 2731 ἀπὸ
903 2682 1152 2749 μηνιαίου
1185 2682 1278 2735 καὶ
1305 2683 1505 2738 ἐπάνω.
1549 2684 1698 2755 Δῦτη
1730 2689 1763 2758 ὴ
1804 2688 2086 2759 ἐπίσκεψις

514 2761 573 2812 ἐν
634 2760 879 2840 Ἀραϐώθ
923 2762 1099 2815 Μωὰϐ
1142 2765 1377 2831 ἐγένετο,
1428 2765 1599 2837 πέραν
1643 2768 1736 2821 τοῦ
1798 2771 2082 2840 Ἰορδάνου.

516 2842 622 2923 Kal
650 2843 750 2923 οὐκ
785 2837 852 2911 ἦν
900 2844 956 2895 ἐν
989 2845 1169 2908 αὐτοῖς
1204 2845 1505 2917 ἅνθρωπος.
1536 2848 1594 2913 ἐξ
1636 2844 1710 2906 ὧν
1747 2837 2085 2923 ἐπεσκέψατο

512 2922 753 3007 Μωῦσῆς
785 2926 1046 2997 πρότερον
1074 2930 1129 2980 ἐν
1166 2932 1231 2997 τῇ
1258 2931 1446 3001 ἐρήμῳ
1474 2934 1622 2998 Σινᾶ,
1655 2935 1793 3005 πλὴν
1832 2922 2033 3007 Ἰησοῦς
2055 2942 2084 2993 6

510 3005 604 3058 τοῦ
632 3007 818 3091 Ναυῆ,
860 3011 955 3062 καὶ
996 3011 1174 3063 Χαλέϐ
1209 3015 1237 3066 6
1270 3013 1362 3067 τοῦ
1401 3016 1637 3083 Ἰεφονεί.
1686 3005 2082 3091 Προσέρνχονταί

508 3106 652 3153 τινες
679 3089 974 3163 θυγατέρες
1000 3094 1249 3149 Σαλπαάδ
1276 3096 1375 3167 τῆς
1396 3098 1569 3168 φυλῆς
1588 3089 1877 3173 Μανασσῆ.
1903 3089 2052 3169 άξιοῦ
2068 3134 2083 3145 -

509 3173 843 3258 σαιὶὲπειδὴ
869 3174 1035 3258 ἄπαις
1063 3178 1306 3248 ἀρρένων
1337 3180 1540 3236 παίδων
1561 3183 1874 3238 άπέθανενό
1902 3187 2081 3258 πατὴρ

507 3255 704 3342 αὐτῶν,
743 3258 823 3317 εἰς
862 3257 1030 3342 αύτάς
1064 3260 1237 3342 ἐλθεῖν
1273 3262 1370 3332 τὴν
1417 3263 1798 3335 κληρονομίαν,
1848 3270 1942 3323 καὶ
1982 3255 2081 3342 τῆν

508 3337 857 3406 κατάσχεσιν.
906 3341 1243 3411 Προσέταξεν
1275 3346 1304 3396 6
1338 3344 1471 3409 Θεὸς
1499 3347 1682 3402 λαϐεῖν
1727 3350 1912 3414 αὐτάς.
1965 3337 2080 3406 Κάν

505 3438 591 3485 τις
621 3421 862 3492 ἀποθάνῃ
900 3423 973 3493 μὴ
1001 3422 1135 3493 ἔχων
1165 3426 1298 3486 υίὸν,
1322 3429 1354 3495 ἠ
1382 3427 1626 3501 θυγάτηρ
1646 3431 2075 3502 κληρονομείτωο

393 3534 401 3541 ο
507 3503 774 3574 θυγατρὸς
828 3504 884 3558 δὲ
929 3505 1028 3558 οὐκ
1065 3505 1249 3577 οὔσης,
1290 3508 1554 3584 άδελφόςβ
1602 3513 1831 3580 ἀδελφοῦ
1877 3516 1933 3568 δὲ
1979 3518 2079 3571 οὐκ

504 3585 678 3672 δντος,
712 3586 934 3672 ἀδελφὸς
964 3587 1077 3672 τοῦᾷ
1097 3591 1319 3659 πατρός.
1352 3592 1627 3647 Δείκνυσιν
1653 3598 1681 3648 6
1705 3596 1835 3661 Θεὸς
1871 3600 2075 3672 Μωῡσῇ

505 3668 613 3722 ἀπὸ
661 3668 754 3722 τοῦ
793 3669 952 3739 ὅρους
987 3670 1080 3722 τοῦ
1125 3671 1289 3724 Ναυὼ
1315 3674 1414 3744 τὴν
1452 3676 1555 3746 γῆν
1594 3677 1692 3746 τῆς
1730 3668 2073 3748 ἐπαγγελίας,

506 3767 600 3803 και
634 3754 1012 3821 χειροτονεῖται
1050 3753 1298 3823 Ἰησοῦςό
1324 3756 1416 3808 τοῦ
1462 3758 1616 3828 Ναυῆ
1659 3762 1739 3823 εἰς
1784 3762 1880 3832 τὴν
1912 3764 2074 3818 αὐτοῦ

503 3831 674 3897 τάξιν.
724 3833 855 3916 Τότε
898 3834 1195 3916 ἐντέλλεται
1240 3840 1350 3900 τοῖς
1380 3839 1514 3903 υίοῖς
1560 3842 1770 3912 Ἰσραὴλ
1806 3831 1931 3916 περὶ
1959 3848 2074 3900 όλο-

506 3915 900 3985 καυτωμάτων,
932 3914 1132 3970 θυσιῶν
1168 3917 1276 3973 τῶν
1303 3920 1424 3973 καθ’
1449 3922 1683 3994 ἡμέραν,
1714 3925 1822 3979 τῶν
1859 3914 1917 3983 ἐν
1940 3929 2071 3984 σαϐο

505 3996 707 4062 ϐάτοις,
745 3999 854 4052 τῶν
876 4002 932 4052 ἐν
956 4000 1284 4069 νεομηνίαις,
1321 4002 1429 4056 τῶν
1467 4004 1524 4058 ἐν
1550 4004 1629 4076 τῷ
1654 4009 1857 4080 πάσχα,
1882 4013 1989 4066 τῶν
2016 4015 2072 4068 ἐν

501 4082 567 4150 τῇ
595 4080 777 4167 ἡμέρᾳ
814 4081 920 4136 τῶν
958 4083 1284 4153 ἑϐδομάδων,
1312 4085 1421 4140 τῶν
1457 4089 1515 4140 ἐν
1554 4088 1631 4160 τῷ
1665 4092 1877 4165 ἑϐδόμῳ
1920 4099 2068 4167 μηνί.

501 4166 789 4219 Διατάσσει
814 4167 908 4220 καὶ
939 4167 1065 4237 περὶ
1097 4168 1289 4238 εὐχῶν,
1329 4172 1621 4238 τουτέστιν,
1650 4168 1725 4229 ὧν
1764 4176 1829 4230 ἄν
1859 4195 1942 4242 τις
1978 4166 2072 4233 τά·

501 4247 677 4318 ξηται.
719 4249 852 4303 Τότε
901 4249 1270 4314 ἐξοπλίζονται
1320 4253 1525 4309 δώδεκα
1571 4258 1803 4326 χιλιάδες
1853 4261 1916 4313 ἐκ
1964 4263 2068 4317 τῶν

513 4326 860 4408 Ἰσραηλιτῶν
889 4329 1030 4382 κατὰ
1057 4329 1422 4394 Μαδιανιτῶν,
1466 4336 1559 4388 καὶ
1599 4337 1783 4400 Φινεὲς
1827 4339 1943 4408 μετ’
1969 4343 2068 4394 αὐ-

498 4407 630 4471 τῶν,
671 4410 762 4462 καὶ
783 4409 1094 4478 ἀναιροῦσιν
1120 4413 1337 4477 αὐτοὺς,
1379 4415 1473 4468 καὶ
1497 4417 1656 4470 πέντε
1685 4419 1922 4489 βασιλεῖς
1950 4424 2070 4478 Μα-

498 4489 651 4578 διάμ,
686 4492 780 4578 καὶ
808 4492 1155 4578 τὸν-Βαλαάμ
1176 4496 1266 4552 τὸν
1297 4499 1504 4568 μάντιν.
1532 4502 1639 4555 Kal
1664 4503 1973 4575 άπήρξαντο
1989 4509 2068 4578 τῷ

499 4571 618 4642 Θεῷ
653 4571 762 4626 τῶν
815 4573 1044 4642 σκύλων,
1097 4578 1190 4630 καὶ
1216 4579 1284 4633 τά
1323 4579 1486 4635 λοιπά
1524 4571 1797 4655 διένειμαν
1832 4571 2062 4653 ἑαυτοῖς.

498 4670 943 4756 Προσελθόντεςή
983 4673 1122 4743 φυλὴ
1157 4674 1381 4747 Ῥουϐὶμ
1407 4678 1501 4731 καὶ
1535 4680 1657 4743 Γὰδ,
1685 4683 1779 4735 καὶ
1810 4685 1871 4737 τὸ
1894 4686 2063 4756 ῆμισυ

493 4755 596 4839 τῆς
644 4754 814 4839 φυλῆς
862 4757 1163 4828 Μανασσῆ,
1209 4758 1372 4829 ᾔτουν
1424 4764 1574 4831 παρά
1631 4765 1909 4830 Μωῦσέως
1940 4754 2064 4839 τὴν

494 4838 669 4909 πέραν
708 4838 801 4892 τοῦ
856 4839 1114 4911 Ἰορδάνου
1153 4840 1356 4914 χώραν.
1397 4843 1454 4897 '0
1486 4844 1543 4897 δὲ
1574 4844 1762 4907 ἔδωκε,
1801 4838 2064 4921 πρότερον

494 4921 1034 4992 συνομολογησάντων
1059 4924 1280 4978 ἐκείνων
1311 4928 1690 4997 συμμαχήσειν
1719 4933 1831 4993 τοῖς
1858 4932 2064 4997 λοιποῖς

505 5004 880 5075 Ἰσραηλίταις,
936 5005 1028 5060 καὶ
1075 5006 1426 5079 διαϐήσεσθαι
1468 5010 1562 5064 τὸν
1620 5009 1889 5086 Ἰορδάνην
1942 5016 2060 5086 μεθ’

491 5085 687 5150 ὃπλων,
742 5087 880 5142 ὥστε
929 5089 1230 5161 πολεμῆσαι
1268 5092 1408 5163 ὑπὲρ
1446 5093 1555 5146 τῶν
1591 5094 1833 5165 ἀδελφῶν
1862 5085 2057 5155 αὐτῶν.

504 5168 762 5252 Ἐνταῦθα
786 5170 1049 5240 διηγεῖται
1075 5174 1313 5245 Μωῦσῆς
1342 5175 1449 5229 ἀπὸ
1476 5176 1747 5245 Αἰγύπτου
1772 5180 1874 5244 ἓως
1899 5177 2059 5252 ἦλθον

489 5251 713 5336 ἀντικρὺ
745 5252 971 5336 Ἰεριχώ.
993 5335 998 5336 7
1018 5254 1345 5336 Ἐντέλλεται
1378 5259 1556 5323 αὐτοῖς
1582 5259 1723 5314 ὥστε
1752 5251 2060 5336 ἐξολοθρεῦ-

489 5348 580 5385 σαι
614 5333 787 5387 πάντα
833 5334 902 5388 τά
932 5335 1123 5389 εἴδωλα
1158 5337 1266 5390 τῶν
1303 5339 1489 5394 ἐθνῶν.
1537 5342 1699 5411 Λέγει
1743 5333 2058 5410 αὐτοῖςκαὶ

488 5417 616 5485 περὶ
661 5415 770 5469 τῶν
813 5415 975 5486 ὁρίων
1009 5421 1108 5485 τῆς
1142 5423 1263 5490 γῆς,
1308 5422 1468 5475 πόθεν
1510 5423 1781 5495 ἄρχονται,
1822 5430 1914 5481 καὶ
1953 5428 2055 5482 ποῦ

487 5498 835 5586 πληροῦνται.
878 5504 1249 5575 Παραγγέλλει
1284 5506 1339 5559 δὲ
1390 5509 1638 5581 καὶπερὶ
1687 5511 1784 5582 τῆς
1824 5513 1945 5583 γῆς,
1989 5510 2057 5586 ἧς

485 5582 589 5665 εδει
618 5585 745 5647 τοὺς
779 5585 1009 5651 Λευῖτας
1060 5586 1263 5653 λαϐεῖν,
1302 5590 1396 5643 καὶ
1436 5592 1562 5665 περὶ
1608 5594 1714 5646 τῶν
1762 5596 1821 5660 ἒξ
1850 5582 2055 5652 πόλεων

482 5664 592 5723 τῶν
619 5667 1079 5745 φυγαδευτηρίων,
1100 5671 1239 5727 ὥστε
1264 5673 1352 5730 τὸν
1381 5664 1646 5743 ἀκουσίως
1663 5678 1914 5736 ἀνελόντα
1941 5683 2055 5737 ἐκεῖ

1220 300 1279 366 S.
1319 308 1604 367 JOANMS
1642 309 2079 367 CHRYSUSTOB

2177 311 2488 368 ARCHII‘JP.
2528 314 3074 370 COzVSTANTlNUP‘.

3670 313 3792 368 ἔσῦῇ

2201 429 2583 496 καταφεύγειν,
2634 432 2726 484 καὶ
2775 428 3216 484 ἀπαλλάσσεσθαι
3256 425 3520 488 κινδύνου,
3564 427 3778 496 μένοντι

2199 512 2332 573 ἐκεῖ,
2356 512 2459 574 ἓως
2497 513 2562 565 ἂν
2588 512 2834 584 ἀποθάνῃ
2869 516 2895 566 6
2936 512 3112 581 ἱερεὺς
3140 512 3167 564 6
3194 510 3386 580 μέγας.
3426 508 3551 561 Ἐάν
3573 509 3630 561 δὲ
3663 509 3796 580 aug),

2198 593 2302 656 ἔξω
2331 593 2439 645 τῶν
2460 595 2600 665 ὅρων
2623 594 2720 662 τῆς
2750 594 2843 665 [55
2931 594 3155 656 πόλεως,
3178 592 3272 646 καὶ
3296 591 3530 662 φονεύσῃ
3555 592 3715 645 αὐτὸν
3747 594 3780 645 6

2199 676 2469 743 συγγενὴς
2518 675 2612 728 τοῦ
2668 677 3093 745 πεφονευμένου,
3132 676 3193 728 ού
3244 673 3405 728 δώσει
3448 674 3622 745 δίκην.
3667 676 3791 728 Kal.

2195 756 2502 825 διαλέγεται
2529 757 2738 828 βραχέα
2788 758 2920 828 περὶ
2943 757 3051 810 τῶν
3081 757 3259 827 νόμων
3284 755 3391 808 τῶν
3428 756 3556 827 περὶ
3599 756 3789 825 φόνων

2196 840 2481 910 κειμένων.
2512 842 2907 911 Προσέρχονται
2942 843 3003 894 οἱ.
3035 840 3292 910 ἄρχοντες
3318 841 3417 909 τῆς
3445 840 3619 910 φυλῆς
3650 842 3776 895 Μα-

2195 923 2368 993 νασσῆ
2398 923 2648 991 λέγοντες
2675 923 2752 994 τῷ
2774 925 3011 994 Μωῦσῇο
3060 923 3274 994 Ἐπειδὴ
3304 922 3448 988 ἔδοξε
3469 923 3565 985 τάς
3604 923 3773 991 θυγα-

2193 1005 2358 1076 τέρας
2412 1006 2665 1059 Σαλπαὰδ
2714 1006 2898 1060 λαϐεῖν
2943 1005 3174 1077 κλῆρον,
3217 1007 3266 1059 εί
3313 1006 3552 1076 συμϐαίη
3600 1007 3774 1069 αὐτάς

2193 1087 2509 1157 γαμηθῆναι
2550 1088 2702 1158 ἀνδρὶ
2739 1089 2798 1156 ἐξ
2838 1088 3028 1159 ἐτέρας
3059 1088 3248 1158 φυλῆς,
3299 1089 3353 1141 τί
3401 1089 3489 1142 ἵνα
3518 1088 3772 1159 γίνηται;

2192 1168 2551 1223 ἀπελεύσεται
2576 1169 2689 1240 γὰρ
2718 1172 2746 1224 6
2778 1170 2979 1242 κλῆρος
3021 1171 3119 1241 τῆς
3160 1171 3435 1241 ἡμετέρας
3474 1170 3645 1241 φυλῆς
3691 1172 3774 1234 είς

2192 1251 2405 1323 ἐκείνην
2452 1254 2550 1323 τὴν
2607 1253 2801 1327 φυλήν.
2859 1255 2991 1307 Τότε
3050 1253 3348 1324 προσέταξε
3394 1254 3654 1324 Μωῦσῆς,
3705 1257 3773 1307 ἐκ

2190 1334 2286 1404 τῆς
2355 1335 2490 1399 ιδίας
2549 1337 2721 1406 φυλῆς
2779 1339 3014 1405 γυναῖκα
3067 1336 3364 1407 λαμϐάνειν
3411 1336 3581 1404 ἄνδρα
3605 1376 3621 1398 ,
3681 1337 3766 1389 ῖνα

2193 1416 2275 1487 μὴ
2321 1417 2737 1490 μεταφέρωνταισ
2794 1420 2860 1474 αἱ.
2903 1417 3254 1491 κληρονομίαι
3310 1419 3419 1473 άπὸ
3469 1419 3645 1489 φυλῆς
3686 1421 3770 1483 είς

2190 1498 2384 1572 φυλήν.

2522 1599 2790 1669 Σύνοψις
2824 1598 2929 1655 τοῦ
2961 1599 3441 1669 Δευτερονομιουι

2269 1722 2357 1787 Ὠς
2382 1724 2440 1778 ὲν
2466 1723 2745 1796 κεφαλαίῳ
2773 1724 3039 1795 διηγεῖται
3072 1726 3248 1780 πάντα
3272 1725 3341 1779 τά
3378 1725 3566 1799 πρῶτα
3594 1726 3766 1779 Men?-

2189 1809 2308 1878 σῆς,
2357 1809 2437 1871 εἰς
2483 1808 2789 1879 ὑπόμνησιν
2828 1810 3024 1872 αὐτοὺς
3058 1808 3205 1877 άγων
3240 1809 3341 1879 τῆς
3395 1826 3455 1862 τε
3503 1808 3596 1862 τοῦ
3626 1809 3763 1863 Θεοῦ

2186 1889 2525 1959 εὐεργεσίας,
2559 1890 2651 1944 καὶ
2677 1891 2774 1961 τῆς
2803 1891 2981 1945 αὐτῶν
3000 1892 3213 1955 κακίας.
3237 1892 3372 1961 Περὶ
3392 1890 3485 1943 τοῦ
3510 1891 3584 1963 μὴ
3607 1891 3763 1944 εἰδω-

2185 1968 2465 2043 λολατρεῖν
2507 1971 2845 2044 παραίνεσις.
2888 1971 3148 2027 Ἐνταῦθα
3172 1975 3346 2027 κεῖται
3392 1973 3485 2027 καὶ
3538 1972 3619 2038 τὸ,
3657 1974 3760 2041 Μὴ

2186 2053 2623 2123 προσκυνήσῃς
2652 2055 2776 2123 τοῖς
2809 2056 3076 2126 ἄστροις,
3106 2056 3144 2111 ἄ
3179 2056 3461 2127 ἀπένειμε
3486 2057 3701 2125 Κύριος
3725 2060 3762 2111 ὁ

2188 2139 2334 2203 Θεός
2361 2152 2477 2192 σου
2515 2138 2667 2194 πᾶσι
2702 2139 2826 2206 τοῖς
2844 2139 3046 2194 ἔθνεσι
3078 2139 3202 2205 τοῖς
3231 2138 3509 2194 ὑποκάτω
3533 2137 3639 2194 τοῦ
3658 2141 3771 2194 οὐ⁸

2177 2217 2392 2286 ρανοῦ.
2412 2218 2484 2272 Τὸ
2521 2221 2600 2284 δὲ,
2646 2221 2961 2291 Ἆπένειμε,
2988 2223 3085 2292 οὐχ
3107 2223 3189 2275 ὅτι
3211 2220 3371 2285 αὐτὸς
3402 2220 3765 2292 προσέταξεν

2184 2300 2385 2369 ἄπαγε·
2408 2301 2545 2356 ἀλλὰ
2581 2302 2763 2366 καθώς
2792 2321 2955 2375 φησιν
2989 2305 3018 2357 6
3047 2305 3314 2377 μακάριος
3344 2303 3573 2367 Παῦλοςο
3604 2307 3764 2371 Παρ-

2182 2380 2405 2436 έδωκεν
2439 2385 2660 2452 αὐτοὺς
2691 2389 2724 2440 ό
2759 2387 2903 2453 Θεὸς
2953 2389 3040 2453 είς
3092 2386 3381 2455 ἀδόκιμον
3427 2387 3603 2449 γοῦν,
3657 2388 3761 2457 οὐχ

2182 2464 2263 2517 ὅτι
2301 2465 2636 2537 παρέδωκεν,
2674 2467 2787 2522 ἀλλ’
2832 2469 2914 2523 ὅτι
2953 2468 3237 2539 ἑλομένους
3287 2468 3483 2530 αὐτοὺς
3530 2467 3625 2519 καὶ
3665 2469 3762 2521 ἀν-

2182 2547 2522 2619 επιστρόφως
2545 2548 2765 2619 ἔχοντας
2791 2551 3022 2620 ἀφῆκεν.
3050 2550 3233 2614 Οὕτως
3259 2550 3489 2605 ἐνταῦθα
3516 2550 3596 2614 τὸ,
3632 2552 3761 2605 Ἀπ-

2180 2626 2413 2698 ἐνειμεν
2432 2632 2653 2699 αὐτοῖς,
2667 2633 2963 2696 τουτέστιν,
2984 2634 3268 2704 ἑλομένους
3290 2634 3387 2705 τὴν
3409 2633 3636 2704 πλάνην,
3661 2636 3759 2687 καὶ

2185 2712 2260 2784 μὴ
2301 2712 2651 2785 βουλομένους
2686 2717 3030 2787 ἐπιστρέψαι,
3073 2719 3302 2789 ἀφῆκεν.
3359 2716 3619 2771 Ἐνταῦθα
3667 2733 3769 2786 μισ

2181 2795 2311 2863 κρὸν
2344 2796 2619 2868 προελθὼν
2643 2798 2788 2866 λέγει
2808 2813 2822 2827 '
2851 2801 3317 2868 Διαμαρτύρομαι
3350 2798 3493 2868 ὑμῖν
3520 2798 3627 2853 τὸν
3656 2801 3758 2853 οὐ·-

2171 2882 2362 2949 ρανὸν
2402 2884 2499 2938 καὶ
2526 2884 2641 2952 τὴν·
2674 2885 2809 2955 γῆν,
2855 2886 2941 2939 ὅτι
2975 2887 3241 2953 ἀπωλείᾳ
3277 2886 3620 2949 ἀπολεῖσθε,
3646 2886 3761 2940 ἐὰν

2178 2962 2482 3030 ἀποστῆτε
2506 2965 2624 3019 ἀπὸ
2653 2965 2759 3019 τοῦ
2799 2965 2966 3020 Θεοῦ.
2999 2961 3131 3018 Εἶτα
3167 2966 3433 3020 δείκνυσιν
3466 2966 3549 3019 δτι
3576 2965 3755 3019 οὐδενὶ

2178 3045 2349 3099 ταῦτα
2377 3047 2646 3117 παρέσχεν
2674 3051 2702 3102 6
2735 3049 2865 3112 Θεὸς
2894 3048 3033 3118 ἅπερ
3079 3048 3324 3112 ἐκείνοις.
3359 3050 3469 3103 Καὶ
3504 3048 3754 3121 ἀφορίζει

2177 3130 2327 3196 τρεῖς
2366 3128 2548 3194 πόλεις
2585 3129 2680 3182 τοῦ
2718 3131 2981 3201 Ἰορδάνου
3025 3133 3103 3192 εἰς
3149 3132 3597 3202 φυγαδευτήριον.
3628 3132 3751 3184 ’Ἐτι

2176 3209 2285 3261 τῶν
2310 3211 2590 3283 προτέρων
2630 3213 2826 3277 αὐτοὺς
2867 3213 3297 3283 ὑπομιμνήσκει.
3341 3213 3456 3278 καὶ,
3490 3215 3759 3283 Ἕξραψαι

2175 3291 2328 3345 αὐτὰ
2376 3293 2473 3345 ἐπὶ
2526 3293 2644 3346 τῶν
2689 3295 2904 3363 χειρῶν
2940 3312 3076 3357 σου,
3115 3296 3268 3364 φησὶ,
3316 3296 3412 3349 καὶ
3471 3295 3570 3348 ἐπὶ
3632 3295 3754 3349 τῶν

2175 3372 2369 3440 φλιῶν
2410 3388 2526 3428 σου
2566 3374 2828 3444 γράψεις,
2875 3376 2973 3430 καὶ
2999 3375 3260 3443 διδάξεις
3286 3376 3393 3430 τὸν
3428 3379 3563 3432 υἱόν
3606 3393 3748 3431 σου.

2175 3454 2359 3507 Είπὼν
2388 3455 2444 3508 δὲ
2472 3456 2508 3509 ἃ
2542 3458 2874 3527 συμϐήσεται
2902 3458 3046 3512 κακά
3089 3459 3183 3512 ἐὰν
3216 3458 3621 3531 παρακούσωσι,
3646 3476 3752 3512 πα-

2177 3535 2503 3607 ραθαρῤύνει
2542 3540 2677 3610 πρὸς
2704 3540 2765 3592 τὸ
2819 3542 2893 3612 μὴ
2932 3541 3220 3596 δεδοικέναι
3262 3543 3389 3605 τοὺς
3435 3542 3746 3613 πολεμίους.

2175 3618 2342 3671 Πάλιν
2374 3619 2778 3692 ἀναμιμνήσκει
2805 3623 2914 3677 τῶν
2949 3623 3246 3695 προτέρων.
3288 3624 3547 3679 Ἐνταῦθα
3572 3626 3750 3677 κεῖται

2172 3700 2254 3765 τὸ,
2289 3702 2555 3772 Πρόσεχε
2575 3706 2828 3773 σεαυτῷ,
2860 3707 2888 3759 6
2913 3707 3169 3770 πολλάκις
3197 3709 3378 3772 αὐτοῖς
3413 3710 3505 3762 καὶ
3543 3708 3748 3779 προῖὼν

2173 3784 2430 3850 ἐπιλέγει,
2467 3787 2560 3840 καὶ
2591 3792 2844 3859 παραινεῖ
2872 3789 2970 3855 τὰς
3000 3790 3153 3853 νίκας
3187 3791 3260 3861 μὴ
3293 3794 3359 3864 τῇ
3384 3791 3558 3862 οἰκείᾳ
3583 3792 3745 3847 δυνά-

2177 3882 2265 3936 μει
2297 3868 2641 3938 ἐπιγράφειν,
2682 3870 2817 3925 ἀλλὰ
2840 3875 2905 3942 τῇ
2934 3871 3026 3924 τοῦ
3071 3873 3205 3926 Θεοῦ
3239 3875 3440 3945 χάριτι.
3482 3873 3746 3928 Ἐνταῦθα

2171 3951 2367 4012 κεῖται,
2414 3952 2496 4003 ὅτι
2547 3950 2599 4004 '0
2662 3953 2806 4019 Θεὸς
2874 3954 2993 4023 πῦρ
3054 3956 3506 4010 καταναλίσκον
3571 3956 3746 4010 ἐστιν

2169 4031 2304 4104 ὅπερ
2334 4035 2362 4087 6
2393 4033 2601 4098 Παῦλος
2629 4037 2686 4088 ἐν
2712 4038 2777 4107 τῇ
2814 4036 2951 4107 πρὸς
2998 4034 3279 4111 Ἑϐραίους
3309 4039 3491 4111 ἔθηκε.
3532 4042 3746 4111 Παραι-

2168 4117 2251 4168 νεῖ
2273 4116 2329 4169 δὲ
2366 4118 2423 4170 ἐν
2460 4117 2639 4188 ταύτῷ
2660 4119 2899 4187 Μωῦσῆς
2940 4119 3013 4190 μὴ
3059 4108 3631 4193 ἐὰτάίρεσθαιάύτούςξ
3655 4122 3742 4176 Οὐ

2169 4197 2279 4266 τὰρ
2311 4197 2410 4251 διὰ
2460 4198 2575 4266 τὴν
2615 4199 3011 4269 δικαιοσύνην
3055 4218 3190 4265 σου,
3249 4204 3431 4274 φησὶν,
3479 4203 3737 4271 Ἰσραὴλ,

2167 4278 2736 4347 ἐξολοθρευθήσεται
2763 4284 2833 4337 τὰ
2844 4283 3007 4350 ἔθνη.
3030 4284 3191 4339 ἀλλὰ
3210 4285 3307 4339 διὰ
3328 4286 3441 4353 τὴν
3458 4286 3740 4340 ἀσέϐειαν

2166 4362 2381 4416 αὐτῶν.
2398 4364 2831 4437 Ύπομιμνήσκει
2850 4367 2905 4421 δὲ
2926 4369 3121 4432 αὐτοὺς
3137 4370 3341 4441 καὶτῆς
3365 4372 3734 4442 μοσχοποιίας.

2179 4445 2438 4498 Ἐνταῦθα
2464 4446 2520 4499 δὲ
2544 4450 2719 4502 κεῖται
2735 4465 2749 4478 ·
2772 4452 3195 4520 Περιτέμνεσθε
3227 4453 3342 4520 τὴν
3359 4457 3736 4523 σκληροκαρ-

2164 4526 2302 4581 δίαν
2314 4528 2496 4597 ὑμῶν,
2512 4531 2607 4583 καὶ
2632 4531 2739 4584 τὸν
2752 4533 3056 4603 τράχηλον
3063 4535 3228 4605 ὑμῶν
3238 4539 3308 4589 οὐ
3320 4538 3745 4607 animumita.

2179 4610 2540 4680 Ἐγκωμιάζει
2553 4612 2648 4683 τὴν
2667 4616 2769 4684 γῆν
2784 4617 2882 4686 τῆς
2895 4618 3242 4687 ἐπαγγελίας.
3262 4620 3524 4675 Ἐνταῦθα
3535 4627 3732 4676 κεῖται·

2165 4693 2374 4761 dia)be
2388 4694 2484 4748 καὶ
2509 4696 2661 4748 πιὼν
2682 4696 2780 4750 καὶ
2804 4697 3171 4766 ἐμπλησθεὶς
3195 4701 3454 4771 πρόσεχε
3474 4703 3732 4768 σεαυτῷυ

2165 4776 2259 4827 καὶ
2282 4775 2533 4845 προλέγει
2558 4776 2627 4830 τά
2664 4779 2808 4833 κακά
2831 4783 3218 4852 παρακούουσι,
3250 4784 3343 4837 καὶ
3376 4784 3443 4838 τά
3479 4784 3656 4853 ἀγαθά
3680 4786 3733 4840 εἰ

2165 4857 2548 4913 ὑπακούσειαν.
2596 4861 2703 4915 Kal
2737 4861 2946 4916 κελεύει
2990 4864 3077 4919 ἐπ’
3124 4866 3249 4937 ὅρος
3291 4866 3511 4938 Γαριζὶν
3547 4868 3731 4924 δοῦναι

2161 4940 2259 5009 τὴν
2281 4941 2544 5010 εὐλογίαν,
2580 4945 2673 4997 καὶ
2700 4944 2799 5015 τὴν
2827 4946 3072 5018 κατάραν
3103 4950 3193 5002 ἐπ’
3220 4948 3343 5019 ὅρος
3364 4949 3538 5004 Γεϐάλ
3555 4968 3569 4981 υ
3594 4953 3732 5004 ἀπο-

2161 5022 2312 5075 λέσαι
2339 5023 2407 5077 τά
2448 5023 2642 5078 εἴδωλα
2672 5028 2767 5079 καὶ
2795 5029 2921 5091 τοὺς
2950 5030 3144 5095 τόπους
3167 5031 3362 5086 αὐτῶν.
3389 5033 3615 5087 Κελεύει
3651 5034 3726 5104 μὴ

2162 5107 2433 5177 πανταχοῦ
2481 5109 2670 5172 θυσίας
2707 5111 2997 5182 ἀναφέρειν
3041 5114 3118 5185 τῷ
3163 5115 3301 5185 Θεῷ,
3349 5116 3464 5169 ἀλλ’
3508 5118 3590 5180 είς
3634 5117 3726 5170 τὸν

2156 5190 2321 5243 τόπον
2345 5192 2402 5244 ὂν
2430 5192 2495 5245 ἂν
2526 5192 2827 5263 ἐκλέξηται.
2861 5196 2994 5264 Περὶ
3020 5197 3114 5250 τοῦ
3155 5197 3229 5270 μὴ
3261 5199 3455 5270 ζηλοῦν
3482 5200 3551 5254 τὰ
3574 5201 3720 5270 ἔθνη,

2162 5273 2295 5357 μηδέ
2308 5291 2413 5329 τινι
2429 5275 2701 5328 πείθεσθαι
2715 5277 3124 5347 συμϐουλεύοντι
3139 5278 3556 5355 είδωλολατρεῖν.
3571 5280 3723 5357 [357-]

2159 5355 2259 5408 κᾶν
2293 5359 2492 5426 σημεῖα
2526 5361 2671 5428 ποιῇ,
2714 5361 2851 5430 μήτε
2887 5362 3046 5433 φίλῳ,
3085 5367 3220 5435 μήτε
3258 5365 3400 5436 ἄλλῳ
3433 5355 3723 5432 mnam

2156 5436 2447 5522 λιθοϐολεῖν
2489 5438 2581 5522 τὸν
2650 5442 3033 5511 παραινοῦντα,
3082 5448 3185 5501 κᾶν
3227 5447 3452 5517 ἀδελφὸς
3498 5445 3556 5522 ᾗ,
3617 5450 3723 5503 κάν

2158 5518 2311 5582 πόλις
2368 5519 2844 5596 είδωλολατρεύσῃ,
2893 5527 3239 5599 πανώλεθρον
3302 5530 3472 5601 αὐτὴν
3502 5518 3717 5585 ποιεῖν.

2157 5601 2292 5656 Τίνα
2331 5601 2411 5656 δεῖ
2453 5603 2672 5669 ἐσθίειν,
2716 5608 2809 5660 καὶ
2849 5609 2972 5662 τίνα
3020 5612 3402 5679 παραιτεῖσθαι
3448 5617 3718 5684 παραινεῖ..

2159 5684 2292 5755 Περὶ
2341 5685 2584 5756 ἀφέσεως
2626 5689 2800 5759 χρεῶν
2844 5692 3140 5763 νομοθετεῖ,
3187 5694 3313 5767 περὶ
3347 5695 3599 5765 ἀφέσεως.
3631 5697 3722 5753 καὶ
