3962 6190
208 304 298 363 $32

202 423 407 488 lligatus
448 416 520 471 ab
567 413 672 469 illis
704 418 825 468 est:
866 407 1134 478 urbesque
1167 403 1284 473 ejus
1309 407 1569 471 ceperunt
1604 398 1775 451 Israc-

212 515 323 568 litte.
363 506 651 579 Congressi
704 503 867 559 etiam
906 515 1027 556 cum
1071 497 1150 568 Og
1194 510 1321 566 rege
1360 494 1553 554 Basan.
1592 489 1777 545 iisdem

212 605 370 672 ipsum
427 599 586 655 malis
630 593 950 654 affecerunt,
992 588 1143 660 queis
1183 586 1325 642 Seon
1371 583 1678 646 affecerant,
1718 593 1782 634 ac

213 670 397 749 terram
419 689 687 756 urbesque
715 684 835 753 ejus
862 694 1050 737 omnes
1072 683 1349 748 ceperunt.
1377 673 1534 729 Mittit
1561 687 1652 726 rex
1689 670 1782 724 Ba-

213 789 285 841 lac
309 785 373 840 ad
397 783 614 838 Balaam
644 787 821 833 vatem
839 817 854 840 ,
882 782 941 830 ut
968 771 1311 828 malediceret
1333 766 1607 838 populum.
1642 764 1782 817 Deus

211 888 373 931 autem
407 873 560 927 initio
582 869 809 941 quidem
855 863 1193 936 prohibebat.
1224 860 1294 916 Ut
1331 866 1508 913 autem
1555 854 1783 909 instabat

214 968 288 1020 ille
305 962 443 1033 apud
482 972 680 1024 ratem,
707 951 1207 1023 concessit-quidem
1237 958 1294 1003 ut
1319 949 1440 1008 iret.
1472 943 1565 1001 sed
1594 959 1697 998 non
1728 951 1783 997 ut

212 1055 543 1112 malediceret
577 1069 590 1101 :
625 1049 719 1103 sed
757 1045 1021 1102 convertit
1041 1039 1454 1098 maledictiones
1484 1037 1535 1090 in
1562 1034 1781 1090 benedi-

212 1148 429 1202 ctionem
461 1145 560 1211 (a).
599 1138 714 1193 Non
741 1135 882 1206 quod
906 1132 1177 1204 quidpiam
1216 1136 1433 1200 possent
1455 1125 1783 1181 maledictio-

212 1252 302 1292 nes
340 1235 521 1297 ratis,
550 1231 646 1286 sed
691 1229 812 1298 quia
850 1225 1089 1280 miseriis
1123 1221 1344 1277 affectus
1381 1228 1497 1274 erat
1535 1217 1779 1287 populus,

213 1327 501 1383 crediturus
524 1330 643 1379 erat
668 1320 809 1375 illius
837 1313 1317 1378 maledictionibtts,
1336 1310 1546 1379 illieqnc
1568 1316 1785 1376 propter

213 1418 564 1475 infirmitatem
601 1428 756 1469 suam
798 1407 1133 1465 damnandus
1171 1413 1307 1459 erat.
1351 1401 1448 1456 llic
1480 1400 1545 1455 de
1571 1399 1784 1454 Christo

215 1510 526 1565 vaticinatur
566 1506 752 1559 dicens
777 1519 791 1557 :
829 1502 1033 1555 Orietur
1058 1496 1203 1552 stella
1232 1511 1295 1548 ex
1318 1491 1508 1554 Jacob,
1536 1502 1579 1545 et
1615 1498 1784 1558 surget

214 1606 347 1657 homo
377 1617 441 1656 ea:
468 1598 633 1652 Israel
660 1593 843 1666 (Nunt.
874 1590 967 1646 24.
1002 1591 1115 1659 l7).
1148 1586 1378 1656 Spiritus
1401 1583 1541 1639 enim
1575 1582 1666 1635 Dei
1691 1580 1786 1633 fuit

206 1697 260 1751 in
286 1705 422 1749 rate.
452 1692 526 1747 Ut
551 1704 679 1744 vero
713 1688 843 1741 abiit
873 1684 1110 1745 Balaam,
1143 1679 1473 1735 fornicamur
1502 1675 1591 1729 lilii
1625 1671 1781 1726 Israel

214 1803 321 1841 eum
365 1785 583 1839 filiabus
625 1779 796 1843 Moab,
839 1784 896 1833 et
940 1773 1217 1830 initiantur
1263 1768 1610 1836 Beelphegor.
1636 1762 1785 1817 Tunc

215 1878 441 1948 percipit
466 1876 694 1946 Moyses,
722 1879 780 1926 ut
810 1868 1173 1937 unusquisque
1205 1863 1417 1918 fratrem
1444 1874 1596 1914 suum
1631 1857 1784 1909 idolis

215 1970 524 2024 seuientem
575 1963 874 2020 interficiat.
904 1961 1056 2016 Tunc
1098 1958 1325 2013 Pltiuees
1368 1953 1508 2008 filius
1548 1950 1783 2005 Eleazari

204 2059 437 2115 confodit
466 2056 716 2111 Zambrin
749 2053 1057 2114 Israelitam,
1086 2057 1140 2102 et
1167 2045 1359 2102 Chasbi
1393 2041 1782 2097 Madianitidetn

221 2167 329 2204 tum
349 2152 440 2204 illo
466 2168 480 2200 :
512 2147 580 2200 Et
606 2153 890 2216 reputatuut
916 2151 986 2196 est
1016 2140 1091 2195 illi
1114 2138 1181 2191 ad
1196 2136 1448 2208 justitiam
1466 2132 1634 2205 (Psal.
1662 2131 1782 2185 103.

221 2244 325 2315 3|).
355 2243 505 2298 Tunc
534 2248 891 2303 numerantur
916 2235 1008 2290 ﬁlii
1039 2231 1200 2289 Israel
1220 2246 1250 2284 a
1280 2227 1537 2299 viges’mo
1562 2241 1704 2279 anno
1733 2232 1788 2278 et

206 2353 381 2407 supra,
408 2346 463 2390 et
489 2332 688 2388 inventi
712 2339 837 2385 sunt
855 2324 1090 2383 sexcenti
1118 2332 1173 2379 et
1200 2330 1309 2377 tres
1334 2319 1479 2374 mille
1503 2326 1555 2373 et
1574 2315 1786 2384 triginta

214 2430 321 2484 \‘il'i.
368 2428 575 2483 Levita:
612 2434 791 2478 autem
833 2429 943 2474 tres
991 2426 1044 2472 et
1079 2413 1261 2484 viginti
1291 2410 1436 2466 mille
1461 2424 1491 2463 a
1523 2422 1706 2463 mense
1733 2412 1790 2459 ct

202 2538 357 2590 supra
418 2520 518 2575 llic
556 2531 752 2572 census
786 2513 837 2567 itt
872 2508 1107 2567 Arabotlt
1138 2505 1290 2562 Moab
1321 2504 1487 2558 lactus
1518 2508 1602 2556 est
1641 2509 1788 2554 trans

210 2614 516 2669 Jortlanem.
555 2608 736 2678 Neque
776 2607 828 2659 in
876 2604 981 2657 illis
1009 2609 1125 2657 erat
1161 2597 1422 2669 quiSpiam
1463 2609 1527 2648 ex
1560 2594 1622 2646 iis
1652 2606 1787 2660 quos

200 2709 610 2758 eamncntverat
642 2699 786 2768 prius
815 2695 1026 2766 Moyses
1056 2692 1108 2746 in
1129 2690 1344 2744 deserto
1371 2686 1518 2749 Sina,
1552 2681 1788 2750 exceptis

208 2796 325 2849 ili-su
367 2796 486 2849 lilio
521 2791 668 2845 Nave
691 2830 706 2851 ,
737 2785 1042 2843 etChalebo
1082 2783 1191 2837 lilio
1222 2779 1486 2849 Jephone.
1516 2773 1791 2830 Accedunt

209 2888 447 2954 quaedam
494 2884 619 2937 lilia:
656 2878 882 2949 Salpaad
927 2892 997 2933 ex
1040 2876 1179 2930 tribu
1224 2872 1470 2926 Manasse
1521 2874 1787 2936 rogantes,

211 2995 321 3031 eum
353 2986 510 3046 pater
532 2990 717 3029 eorum
746 2970 868 3025 filiis
894 2967 1146 3023 masculis
1169 2963 1330 3018 orbus
1357 2968 1599 3014 mortuus
1627 2962 1787 3022 esset,

213 3083 263 3121 ut
291 3069 353 3123 ad
385 3087 448 3120 se
481 3065 751 3119 hereditas
789 3061 989 3115 veniret
1019 3067 1176 3126 atque
1208 3053 1493 3124 possessio.
1533 3045 1791 3116 Pra‘cepit

216 3163 346 3215 Dens
372 3172 434 3213 ut
473 3158 579 3213 illa:
608 3156 935 3224 accipereut.
972 3151 1040 3206 Et
1070 3151 1113 3204 si
1148 3149 1267 3218 quis
1306 3147 1423 3200 sine
1457 3143 1566 3197 lilio
1593 3142 1788 3208 obiret,

205 3253 485 3306 mandarit
515 3258 574 3302 nt
602 3248 707 3301 lilia
735 3255 877 3301 esset
905 3244 1060 3297 heres
1092 3258 1106 3306 ;
1137 3242 1180 3295 si
1220 3256 1318 3294 nec
1345 3238 1506 3290 filiam
1534 3234 1788 3295 haberet,

214 3344 416 3406 frater;
447 3343 493 3395 si
510 3340 738 3395 fratrem
766 3353 869 3390 non
893 3336 1131 3396 haberet,
1155 3332 1319 3402 patris
1348 3330 1527 3383 frater.
1551 3324 1794 3380 Ostendit

216 3436 349 3489 Deus
370 3432 545 3501 Moysi
572 3447 638 3485 ex
654 3439 834 3485 monte
854 3427 999 3481 Navo
1019 3424 1089 3496 (ὁ)
1113 3434 1306 3479 terram
1331 3416 1718 3489 promissionis,
1741 3422 1795 3468 et

215 3544 263 3579 in
279 3527 395 3597 ejus
414 3526 593 3580 locum
612 3522 716 3576 dux
741 3517 1078 3575 constituitur
1102 3514 1258 3571 Jesns
1286 3512 1423 3565 filius
1451 3509 1617 3563 Nave.
1647 3506 1796 3560 Tunc

217 3616 521 3687 praecipitur
540 3615 659 3669 filiis
678 3610 836 3667 Israel
854 3611 919 3664 de
936 3606 1276 3668 holocaustis.
1292 3604 1359 3658 de
1375 3601 1645 3657 sacrificiis
1675 3615 1798 3670 quo-

217 3709 535 3776 tidianis,dc
552 3708 656 3761 illis
675 3720 791 3775 qua:
818 3704 868 3758 in
897 3701 1135 3764 sabbato,
1161 3698 1228 3753 de
1251 3697 1353 3752 illis
1377 3712 1495 3765 qua:
1512 3695 1561 3749 in
1584 3708 1800 3748 nemne-

215 3804 313 3857 niis
334 3843 351 3867 ,
378 3801 453 3856 tle
480 3800 544 3853 iis
580 3814 698 3869 qua:
728 3797 779 3851 in
812 3793 1004 3864 pascha
1030 3833 1045 3855 ,
1076 3790 1143 3845 de
1171 3791 1236 3844 iis
1261 3804 1378 3859 qua:
1406 3788 1456 3839 in
1482 3786 1570 3840 die
1595 3783 1798 3838 hebdo-

218 3896 517 3956 madarum,
544 3891 611 3945 de
643 3890 707 3943 iis
727 3904 842 3959 qum
865 3886 1094 3955 septimo
1133 3897 1337 3937 mense.
1369 3878 1613 3947 Pra-eipit
1640 3876 1799 3930 etiam

217 3985 280 4037 de
308 3985 497 4041 rotis';
542 3981 592 4032 id
620 3988 735 4041 est,
765 3978 831 4030 dc
858 3978 921 4029 iis
941 3990 1060 4044 quso
1087 3971 1348 4042 quispiam
1381 3966 1649 4021 offerenda
1676 3980 1801 4017 con-

220 4074 925 4130 stituerit..'l‘uncarmantur
949 4064 1227 4118 duodecim
1256 4061 1403 4115 inille
1426 4058 1521 4111 viri
1553 4072 1616 4111 ex
1643 4054 1807 4107 Israe-

224 4167 327 4218 htis
351 4172 547 4218 contra
577 4158 924 4221 Iladianitas,
954 4164 1009 4210 et
1038 4154 1266 4208 l’hinees
1295 4166 1414 4204 cum
1443 4147 1577 4209 illis.
1606 4144 1806 4199 interfi-

221 4262 477 4325 cinutqne
499 4266 594 4309 eos
624 4262 678 4306 et
704 4250 935 4320 quinque
961 4261 1112 4316 reges
1134 4243 1381 4305 Madiam,
1408 4250 1460 4294 et
1482 4238 1693 4293 Balaam
1719 4253 1809 4289 va-

225 4359 348 4403 tem.
383 4347 456 4401 Et
486 4342 747 4415 primitias
771 4339 1079 4394 obtulerunt
1108 4336 1214 4390 Deo
1243 4335 1310 4388 de
1336 4331 1522 4401 Spoliis
1544 4370 1559 4394 ,
1586 4340 1807 4383 caatcra-

225 4457 325 4508 que
356 4440 506 4493 inter
536 4449 596 4491 se
635 4434 953 4488 diviserunt.
986 4427 1313 4484 Accedentcs
1345 4423 1512 4479 tribus
1542 4421 1727 4476 Ruben
1758 4428 1810 4475 et

225 4530 362 4592 Cad.
416 4537 482 4585 ct
521 4526 741 4582 dimidia
787 4523 959 4578 trilms
999 4520 1263 4586 Manassc,
1301 4519 1603 4589 petebanta
1632 4515 1814 4585 Moyse

228 4624 535 4693 regionem,
570 4633 690 4688 qua:
721 4625 806 4671 est
843 4625 990 4670 trans
1013 4598 1322 4668 Iordanem.
1359 4609 1452 4663 lllc
1490 4622 1618 4663 vero
1644 4607 1812 4670 dedit,

226 4731 349 4769 cum
380 4714 535 4785 prius
559 4711 637 4766 illi
668 4707 1039 4780 promisissent
1077 4720 1137 4760 se
1165 4720 1288 4759 cum
1313 4702 1531 4772 reliquis
1561 4700 1817 4755 Israelitis

230 4815 568 4876 pugnaturos
599 4815 754 4867 esse,
790 4796 1187 4866 Iordanemque
1219 4810 1341 4849 cum
1375 4792 1538 4847 armis
1564 4790 1819 4846 transitu.

232 4913 345 4963 ros,
380 4904 447 4948 ut
482 4892 743 4949 bellarent
775 4907 874 4962 pro
902 4888 1154 4944 fratribus
1181 4886 1310 4941 suis.
1336 4883 1433 4939 llic
1462 4883 1818 4938 narrationem

234 4989 369 5042 texit
411 4985 623 5056 Moyses
666 4984 875 5037 itineris
914 4982 982 5033 ah
1019 4979 1281 5049 Egypto,
1311 4977 1479 5029 donec
1505 4982 1762 5029 venerunt
1791 4988 1823 5027 c

236 5093 462 5147 regione
501 5075 738 5132 Iericho.
794 5073 1056 5128 Jubentnr
1109 5072 1183 5125 illi
1240 5069 1597 5124 exterminare
1643 5066 1822 5121 omnia

238 5172 382 5224 idola
411 5168 672 5239 gentium.
696 5165 955 5237 Loquitur
972 5165 1134 5219 etiam
1157 5162 1262 5217 illis
1284 5160 1352 5216 de
1379 5159 1622 5215 terminis
1643 5167 1824 5225 terras,

241 5266 333 5314 ubi
381 5263 642 5332 incipiant
682 5268 742 5316 et
780 5258 871 5314 ubi
908 5257 1173 5313 desinant.
1214 5253 1459 5323 Praecipit
1490 5252 1651 5309 etiam
1685 5254 1826 5307 circa

243 5359 472 5418 terram,
498 5366 659 5423 quam
696 5350 910 5407 Levius
943 5349 1190 5418 accipere
1222 5344 1533 5415 oportebat,
1563 5352 1619 5399 et
1642 5342 1710 5398 de
1732 5357 1825 5398 sex

310 5488 389 5550 (a)
423 5483 1047 5556 lluc_recidi_t__illnd‘qt_i_gg
1086 5482 1155 5556 ait
1192 5480 1298 5556 ipse
1332 5492 1563 5556 sermone
1605 5492 1734 5553 nono
1777 5480 1828 5528 in

310 5494 389 5550 (a)
426 5494 529 5556 iiut:
559 5494 741 5538 recidit
763 5494 890 5536 illud
915 5494 1047 5547 quoa
1086 5494 1155 5532 att
1192 5497 1204 5529 ι
1243 5494 1298 5529 se
1332 5494 1563 5529 sermone
1605 5494 1734 5529 nono
1777 5494 1827 5528 tn

247 5548 790 5659 Egrnufstﬂgfggéy,
824 5550 919 5597 col.
954 5544 1074 5600 528.
1101 5545 1183 5593 τὸν
1210 5494 1413 5604 Βαλαὰμ
1435 5542 1678 5603 ἠνάγκασὲ
1710 5555 1827 5589 ποτε

252 5646 989 5733 η(πῖιιῖῖίιῖᾆτιῖἶξᾞυαήηι,
1018 5665 1286 5733 secundum
1315 5662 1609 5733 llebraicam
1642 5661 1828 5713 verita-

252 5726 391 5783 teni:
417 5731 529 5781 \‘ide
559 5726 730 5782 influe
756 5726 991 5793 Syuopsis
1022 5726 1410 5780 Deuteronomii.

1210 283 1542 347 'SYNOPSIS
1579 278 1991 340 SCRIPTUR/E
2027 277 2295 333 SACRAE.

3364 287 3466 341 ὒῖί

1890 395 2107 450 urbibus
2135 397 2346 467 relugii,
2376 399 2443 453 ita
2476 409 2529 455 ut
2558 402 2598 456 is
2631 402 2718 471 qui
2748 411 2942 472 prmter
2970 403 3291 457 t'oluntatent
3324 405 3464 458 θριιὶ-

1886 485 2074 550 disset,
2096 487 2219 542 illuc
2239 488 2571 559 confugeret,
2597 503 2649 545 et
2671 492 2786 545 sine
2815 492 3054 560 periculo
3083 502 3225 548 esset
3256 493 3325 549 ibi
3358 511 3472 550 ma.

1889 592 2043 642 nens,
2075 576 2248 633 donec
2286 590 2588 636 moreretur
2624 582 2878 636 sacerdos
2922 597 3168 652 magnus.
3197 582 3252 637 Si
3288 596 3466 640 autem

1887 678 2035 723 extra
2060 672 2312 727 terminos
2339 672 2491 728 urbis
2511 683 2817 743 caperetur,
2842 685 2895 729 et
2921 674 3189 730 occideret
3225 690 3346 729 eum
3372 690 3469 730 co-

1887 772 2079 830 gnatus
2115 764 2276 817 occisi
2303 805 2318 830 ,
2355 764 2441 818 hic
2467 780 2571 817 non
2599 764 2754 819 daret
2780 780 2984 835 poenas.
3016 766 3084 820 Et
3106 780 3268 835 pauca
3292 765 3469 836 loqui-

1891 862 1974 907 tur
1997 854 2064 906 de
2090 853 2295 924 legibus
2321 856 2460 909 circa
2484 856 2678 910 cardes.
2707 857 2980 912 Accedunt
3005 856 3270 926 principes
3299 856 3469 911 tribus

1888 944 2126 999 Manasse
2147 945 2386 1001 dicentes
2421 946 2586 1018 Moysi
2615 966 2628 1001 :
2656 946 2914 1013 Quoniam
2956 948 3124 1001 visum
3161 956 3241 1001 est
3267 957 3320 1001 ut
3345 946 3467 1000 lilia:

1889 1036 2113 1107 Salpaad
2142 1038 2445 1107 acciperent
2473 1037 2824 1092 hereditatem
2842 1083 2856 1104 ,
2886 1038 2930 1093 si
2951 1038 3229 1108 contigerit
3252 1052 3343 1092 eas
3364 1053 3465 1090 nu-

1890 1128 2016 1184 bere
2047 1129 2163 1183 viro
2188 1145 2250 1184 ex
2292 1130 2457 1183 altera
2491 1128 2653 1196 tribtt,
2682 1129 2805 1198 quid
2835 1129 2921 1183 lict
2943 1130 2967 1181 2
2989 1144 3105 1184 sors
3132 1128 3271 1183 enim
3299 1128 3466 1181 triluts

1890 1230 2085 1275 nostra:
2128 1220 2293 1274 exibit
2328 1219 2380 1274 itt
2427 1220 2573 1275 illam
2602 1221 2818 1275 tribum.
2848 1219 2997 1276 Tunc
3035 1219 3286 1290 prmccpit
3313 1218 3463 1287 Moy-

1889 1326 1996 1375 ses,
2039 1318 2095 1364 ut
2138 1311 2218 1365 vir
2255 1311 2483 1380 quisque
2522 1328 2584 1366 ex
2617 1326 2712 1364 sua
2751 1311 2889 1364 tribu
2929 1325 3148 1365 uxorem
3178 1311 3462 1378 acciperet,

1891 1420 1958 1457 ne
1987 1403 2403 1459 transferrentur
2434 1404 2758 1459 hereditates
2777 1418 2807 1456 a
2838 1403 2975 1457 tribu
3001 1402 3054 1456 in
3081 1402 3297 1456 tribum.

2332 1529 2567 1570 εςΝοιιειε
2593 1527 2989 1569 ιιευτειιοκοιιιι

1959 1629 2118 1696 Quasi
2151 1628 2456 1682 summatim
2489 1628 2667 1697 priora
2695 1626 2871 1679 omnia
2923 1633 3102 1679 narrat
3138 1622 3344 1694 Moyses
3367 1663 3381 1684 ,
3411 1629 3468 1675 ιιι

1889 1720 1993 1775 illis
2025 1721 2076 1772 in
2106 1718 2417 1773 memoriam
2448 1724 2661 1772 revocet
2685 1726 2732 1770 et
2766 1716 2854 1769 Dei
2887 1715 3161 1780 beneficia,
3189 1724 3242 1768 et
3275 1714 3465 1784 nequi-

1891 1811 2015 1865 tiatn
2049 1811 2305 1879 ipsorum.
2356 1803 2679 1861 Adbortatio
2708 1820 2776 1859 ne
2807 1800 2952 1859 idola
2977 1803 3181 1857 colant.
3246 1803 3342 1858 llic
3375 1803 3462 1873 ja-

1889 1912 1971 1956 cet
1996 1901 2123 1955 illttd
2153 1919 2168 1954 :
2200 1895 2319 1955 Non
2338 1900 2574 1953 adorabis
2592 1897 2785 1959 stellas,
2812 1912 2937 1963 quas
2953 1894 3256 1963 dispensavit
3288 1891 3465 1945 Domie

1891 2010 1985 2047 nus
2024 1992 2164 2047 Deus
2219 2000 2333 2045 tuus
2380 1990 2609 2045 omnibus
2661 1988 2888 2059 gentibus
2916 2001 3031 2058 qua:
3078 1985 3167 2039 sub
3201 1985 3322 2037 ca'lo
3348 1991 3466 2037 sunt

1895 2086 1912 2156 (
1948 2083 2096 2137 Deut.
2120 2084 2173 2139 4.
2218 2082 2285 2139 i9
2314 2081 2334 2154 )
2364 2082 2464 2152 (a).
2494 2081 2626 2136 Illud
2658 2096 2802 2145 vero,
2831 2077 3166 2148 Dispensarit,
3211 2075 3458 2143 intelligo,

1892 2198 1996 2237 non
2026 2177 2167 2253 quod
2193 2178 2306 2248 ipse
2327 2176 2547 2247 jusserit
2567 2193 2580 2229 :
2603 2174 2740 2227 absit
2759 2190 2789 2235 λ
2804 2170 2896 2226 sed
2923 2168 3365 2241 quemadmodum
3392 2168 3467 2220 ait

1891 2273 2078 2327 beatus
2128 2269 2321 2325 Paulus
2350 2283 2364 2319 :
2405 2265 2635 2320 Tradidit
2680 2264 2794 2318 illos
2823 2261 2955 2315 Deus
2983 2262 3034 2313 in
3062 2261 3328 2330 reprobum
3352 2273 3468 2309 sen-

1890 2381 2001 2418 sum
2029 2363 2048 2433 (
2080 2361 2229 2416 Rom.
2281 2362 2329 2415 l.
2357 2358 2428 2414 28
2473 2356 2512 2429 ),
2550 2372 2653 2410 non
2684 2353 2824 2424 quod
2851 2349 3129 2406 tradiderit
3161 2390 3175 2413 ,
3207 2346 3299 2403 sed
3328 2345 3466 2417 quod

1893 2457 2014 2510 illos
2052 2496 2067 2520 ,
2097 2455 2184 2524 qui
2218 2455 2285 2507 ita
2318 2452 2516 2506 vellent
2551 2458 2603 2504 et
2623 2448 2739 2503 sine
2760 2462 2853 2516 spe
2879 2442 3240 2499 conversionis
3265 2451 3464 2506 essent,

1891 2548 2175 2603 dimiserit.
2221 2545 2312 2600 Sic
2347 2552 2402 2599 et
2445 2543 2547 2597 hoc
2574 2541 2692 2595 loco
2717 2580 2732 2604 ,
2766 2536 3083 2607 Dispensavit
3116 2536 3250 2603 illis,
3281 2532 3331 2587 id
3362 2541 3464 2596 εει,

1892 2655 2011 2694 cum
2035 2651 2270 2692 errorem
2296 2629 2957 2704 delegissent,resipiscere
2978 2623 3465 2689 nolentes,dimisit.

1895 2730 1991 2784 llic
2018 2727 2284 2798 paululum
2316 2738 2631 2795 progressus
2676 2722 2746 2776 ait
2784 2737 2797 2775 :
2845 2719 3020 2774 Testor
3047 2716 3181 2772 vobis
3217 2716 3393 2769 etclam
3422 2723 3470 2767 et

1894 2834 2098 2884 terram,
2128 2834 2212 2874 vos
2242 2820 2487 2888 perituros
2513 2832 2637 2881 csse,
2665 2814 2710 2867 si
2733 2810 3062 2866 abscesseritis
3081 2827 3113 2863 ιι
3147 2806 3289 2876 Deo(
3317 2806 3464 2859 Deut.

1895 2913 1951 2967 4.
1981 2910 2071 2983 26)
2096 2910 2191 2980 (b).
2226 2907 2427 2963 Deinde
2467 2903 2699 2959 ostendit
2722 2904 2887 2957 Deum
2919 2900 3047 2955 nulli
3087 2907 3228 2953 tanta
3257 2894 3469 2965 praesti-

1898 3006 2027 3060 tisse
2054 3006 2189 3058 bona
2217 3011 2412 3072 quanta
2447 2999 2571 3054 illis.
2607 2998 2674 3053 Et
2702 2994 3022 3051 determinat
3051 3000 3159 3045 tres
3202 2988 3364 3042 nrbes
3402 2984 3470 3038 ad

1895 3096 2182 3152 Jordanem
2214 3108 2309 3163 pro
2337 3091 2559 3162 refugio.
2594 3088 2782 3143 Adhuc
2807 3100 2901 3143 eos
2930 3084 2995 3139 de
3022 3081 3255 3152 pristinis
3282 3078 3470 3132 admo-

1899 3174 1991 3242 net
2014 3227 2030 3253 ,
2073 3186 2253 3255 aitque
2296 3200 2310 3236 :
2354 3180 2481 3253 Liga
2514 3197 2572 3234 ea
2599 3181 2649 3233 in
2678 3176 2905 3231 nianibus
2933 3173 3031 3227 tuis
3053 3212 3066 3234 ,
3094 3180 3140 3225 et
3172 3171 3223 3223 in
3251 3167 3472 3239 postibus

1895 3279 2099 3341 scribes,
2129 3286 2176 3331 et
2204 3274 2402 3327 docebis
2442 3273 2605 3347 ﬁliuni
2633 3279 2773 3322 tuum
2801 3266 2820 3337 (
2856 3265 3003 3320 Deut.
3047 3263 3099 3318 6.
3142 3262 3195 3317 8.
3224 3262 3258 3315 9
3302 3260 3342 3328 ).
3371 3257 3471 3312 Ubi

1897 3371 2029 3425 dixit
2055 3377 2231 3423 autem
2259 3379 2376 3435 qua:
2403 3362 2538 3416 mala
2563 3362 2626 3414 iis
2654 3368 2909 3414 eventura
2934 3355 3060 3417 sint,
3086 3351 3135 3406 si
3169 3366 3273 3404 non
3311 3348 3471 3403 obsc—

1898 3470 2163 3531 quantur,
2210 3456 2340 3526 ipsis
2390 3452 2634 3506 fiduciam
2686 3449 2856 3513 indit,
2902 3460 2976 3501 ne
3007 3440 3471 3498 hostes'metuaut.

1904 3552 2110 3606 Rursus
2139 3548 2314 3618 priora
2348 3546 2399 3597 iu
2432 3540 2744 3597 memoriam
2769 3546 3002 3593 revocat.
3026 3534 3124 3589 llic
3145 3533 3285 3602 jacet
3312 3528 3435 3584 illud
3460 3544 3473 3581 :

1911 3644 2123 3701 Attende
2155 3642 2240 3696 tibi
2267 3640 2287 3714 (
2317 3638 2454 3693 Ibid.
2487 3653 2535 3691 υ.
2571 3636 2636 3690 l3
2666 3634 2706 3705 ),
2735 3631 2876 3703 quod
2926 3629 3054 3699 ipsis
3094 3625 3398 3695 frequenter
3423 3620 3475 3674 in

1903 3740 2251 3810 sequentibus
2292 3736 2484 3806 repetit
2513 3752 2526 3787 :
2559 3741 2843 3799 monetque
2869 3739 2937 3779 ne
2963 3720 3209 3776 victorias
3252 3712 3481 3786 propria:

1905 3804 2084 3887 \‘lt‘lltli
2136 3804 2442 3884 adscribam
2465 3869 2479 3892 ,
2507 3824 2600 3879 sed
2650 3823 2741 3876 Dei
2776 3818 2977 3889 gratiae.
3025 3814 3120 3868 llic
3140 3812 3282 3879 jacet
3310 3804 3433 3861 illud
3463 3821 3478 3857 :

1909 3925 2046 3979 Deus
2072 3923 2202 3990 ignis
2221 3934 2514 3973 consumens
2552 3923 2621 3967 est
2643 3912 2819 3982 (Deut.
2849 3906 2987 3962 4.2l
3011 3922 3025 3969 ;
3064 3901 3218 3956 Hebr.
3248 3898 3332 3953 12.
3360 3895 3478 3964 29).

1908 4016 2048 4088 quod
2080 3989 2275 4069 Paulus
2301 4014 2353 4064 in
2404 4007 2636 4079 Ep‘sola
2677 4004 2742 4057 ad
2775 4002 3026 4056 llcbra‘os
3068 3993 3245 4065 posuit
3296 3989 3485 4044 Horta-

1913 4122 1998 4161 tur
2023 4117 2203 4160 autem
2250 4103 2302 4155 in
2347 4100 2451 4153 hoc
2487 4100 2602 4167 ipso
2630 4096 2745 4147 loco
2772 4092 2978 4161 Moyses
3009 4101 3076 4139 ne.
3112 4099 3171 4137 se
3206 4079 3482 4135 extollant.

1917 4197 2035 4251 Non
2069 4195 2199 4249 enim
2222 4200 2423 4263 prapter
2440 4186 2692 4258 justitiam
2724 4191 2882 4245 tuam,
2907 4175 3096 4246 inquit,
3126 4168 3305 4228 Israel.
3328 4177 3487 4221 exter-

1914 4286 2235 4342 minabuntur
2270 4292 2436 4353 gentes
2465 4320 2480 4342 ,
2528 4275 2615 4330 sed
2659 4281 2862 4343 propter
2910 4270 3139 4336 ipsorum
3183 4261 3487 4331 impietatem

1920 4380 2091 4450 (Deut.
2128 4367 2181 4431 9.
2217 4374 2292 4440 Si).
2326 4374 2381 4424 ln
2412 4367 2724 4422 memoriam
2753 4369 2930 4415 autem
2961 4355 3091 4424 ipsis
3120 4358 3334 4407 revocat
3358 4361 3493 4402 con-

1918 4438 2098 4524 flatum
2143 4438 2389 4518 vitulum.
2433 4459 2529 4512 llic
2556 4455 2749 4525 legitur
2775 4449 2902 4505 illud
2929 4465 2942 4501 :
2972 4441 3325 4499 Circumcidite
3349 4438 3493 4490 duric

1920 4561 2040 4613 (iuni
2072 4556 2237 4611 cordis
2279 4550 2445 4612 vestri,
2476 4557 2521 4601 et
2560 4544 2797 4600 cervicem
2831 4547 3045 4594 vestram
3079 4550 3142 4589 ne
3179 4527 3493 4586 induraturi-

1922 4653 1983 4705 tis
2015 4646 2200 4721 (Deut.
2249 4643 2335 4698 10.
2367 4640 2475 4711 i6).
2504 4635 2708 4692 Laudat
2740 4643 2933 4687 terram
2980 4620 3367 4696 promis>ionis.
3400 4617 3499 4672 llic

1918 4709 2059 4812 jacet
2083 4736 2209 4793 illud
2246 4732 2413 4790 :Cum
2438 4709 2722 4784 comederis
2754 4731 2798 4777 et
2826 4719 3005 4776 biberis
3028 4724 3075 4770 et
3097 4720 3351 4769 saturatas
3380 4709 3494 4812 [ue-

1924 4797 2017 4899 ἓίε,
2045 4829 2249 4885 attende
2278 4823 2406 4896 aut
2434 4821 2588 4877 Deut.
2608 4818 2657 4874 6.
2694 4815 2782 4871 η.
2816 4814 2884 4868 ts
2911 4812 2930 4880 )
2955 4827 2969 4861 ε
2992 4804 3333 4899 prmdicitqtte
3360 4797 3501 4899 male.

1927 4890 2033 4979 non
2078 4890 2519 4988 obsequentibus,
2547 4920 2599 4965 et
2629 4910 2764 4962 bona
2808 4904 2853 4958 si
2892 4896 3208 4954 obedierint.
3257 4890 3507 4958 Prweipt

1931 5025 1988 5069 ut
2020 5018 2071 5068 ιιι
2103 4985 2286 5067 monte
2309 5005 2523 5064 Garizin
2570 5000 2725 5054 devnr
2771 4988 3068 5049 benedictio
3098 5028 3114 5055 ,
3143 4994 3197 5040 et
3236 4985 3286 5037 in
3327 4990 3504 5035 tuente

1930 5106 2097 5164 Gcbal
2129 5098 2448 5157 maledictio.
2477 5094 2637 5149 anet
2667 5086 2865 5142 destrui
2908 5081 3046 5136 idola
3070 5089 3124 5133 et
3146 5091 3332 5133 eorum
3363 5072 3501 5126 loca.

1934 5162 2183 5267 l’rzecipit
2224 5208 2292 5247 ne
2323 5189 2516 5258 ubique
2558 5178 2817 5237 sacrificia
2866 5175 2974 5229 Deo
3021 5169 3283 5231 offerant,
3315 5162 3408 5220 sed
3460 5163 3511 5212 in

1934 5290 2054 5345 loco
2083 5265 2240 5358 quem
2285 5282 2399 5351 ipse
2425 5275 2666 5346 elegerit.
2693 5269 2770 5324 Ne
2797 5266 3113 5322 mittuleutur
3167 5270 3380 5331 gentes,
3418 5265 3515 5306 nec

1936 5342 2166 5450 cuipiam
2190 5342 2562 5441 obtemperent
2584 5360 2829 5419 suadenti
2855 5368 2913 5413 ut
2929 5355 3068 5412 idola
3097 5353 3293 5411 colant.
3308 5342 3514 5401 etiamsi

1938 5580 1959 5626 ι
1999 5510 2075 5574 (a)
2109 5515 2219 5581 Haec
2241 5517 2337 5555 non
2357 5500 2418 5552 ad
2442 5499 2645 5551 verbum
2686 5492 2968 5547 referuntur
2990 5497 3045 5538 ut
3065 5486 3307 5537 habentur
3330 5479 3377 5527 in
3397 5483 3521 5525 neu-

1961 5582 2228 5625 cronomro.

1961 5582 2228 5625 οτοιιοηιιο.

2024 5655 2074 5717 li)
2105 5661 2214 5703 iure
2236 5664 2332 5717 non
2371 5648 2443 5717 ad_
2475 5646 2666 5717 literato
2707 5642 2779 5693 sic
2802 5639 3042 5691 habentur
3065 5633 3114 5680 iu
3157 5625 3370 5676 Editlonc
3396 5628 3522 5681 txx.

2053 5710 2340 5780 cornpcndio
2362 5710 2652 5763 referuntur.
