  <div class='ocr_page' id='page_1' title='image "/cluster/home/n/w/nwhite01/storage/ocr_20150623/56/hvd.32044048208490/331.png"; bbox 0 0 3962 6190; ppageno 0'>
   <div class='ocr_carea' id='block_1_1' title="bbox 555 265 662 321">
    <p class='ocr_par' dir='ltr' id='par_1_1' title="bbox 555 265 662 321">
     <span class='ocr_line' id='line_1_1' title="bbox 555 265 662 321; baseline 0.009 -2"><span class='ocrx_word' id='word_1_1' title='bbox 555 265 662 321; x_wconf 68' lang='lat'><strong>335</strong></span> 
     </span>
    </p>
   </div>
   <div class='ocr_carea' id='block_1_2' title="bbox 556 372 2138 449">
    <p class='ocr_par' dir='ltr' id='par_1_2' title="bbox 556 372 2138 449">
     <span class='ocr_line' id='line_1_2' title="bbox 556 372 2138 449; baseline -0.004 -16"><span class='ocrx_word' id='word_1_2' title='bbox 556 380 704 449; x_wconf 79' lang='lat' dir='ltr'><strong>signa</strong></span> <span class='ocrx_word' id='word_1_3' title='bbox 732 377 938 443; x_wconf 98' lang='lat' dir='ltr'><strong>fecerit,</strong></span> <span class='ocrx_word' id='word_1_4' title='bbox 969 392 1072 430; x_wconf 89' lang='lat' dir='ltr'><strong>non</strong></span> <span class='ocrx_word' id='word_1_5' title='bbox 1105 376 1296 440; x_wconf 83' lang='lat' dir='ltr'><strong>amico,</strong></span> <span class='ocrx_word' id='word_1_6' title='bbox 1330 389 1434 428; x_wconf 90' lang='lat' dir='ltr'><strong>nou</strong></span> <span class='ocrx_word' id='word_1_7' title='bbox 1458 375 1546 428; x_wconf 89' lang='lat' dir='ltr'><strong>alii</strong></span> <span class='ocrx_word' id='word_1_8' title='bbox 1574 375 1827 444; x_wconf 80' lang='lat' dir='ltr'><strong>cuipiam,</strong></span> <span class='ocrx_word' id='word_1_9' title='bbox 1858 372 1952 427; x_wconf 90' lang='lat' dir='ltr'><strong>sed</strong></span> <span class='ocrx_word' id='word_1_10' title='bbox 1978 383 2035 426; x_wconf 89' lang='lat' dir='ltr'><strong>ut</strong></span> <span class='ocrx_word' id='word_1_11' title='bbox 2063 374 2138 425; x_wconf 86' lang='lat' dir='ltr'><strong>la-</strong></span> 
     </span>
    </p>
   </div>
   <div class='ocr_carea' id='block_1_3' title="bbox 562 463 2141 537">
    <p class='ocr_par' dir='ltr' id='par_1_3' title="bbox 562 463 2141 537">
     <span class='ocr_line' id='line_1_3' title="bbox 562 463 2141 537; baseline -0.003 -15"><span class='ocrx_word' id='word_1_12' title='bbox 562 469 771 537; x_wconf 75' lang='lat' dir='ltr'><strong>pidibus</strong></span> <span class='ocrx_word' id='word_1_13' title='bbox 797 468 1019 521; x_wconf 89' lang='lat' dir='ltr'><strong>obruant</strong></span> <span class='ocrx_word' id='word_1_14' title='bbox 1055 466 1360 518; x_wconf 71' lang='lat' dir='ltr'><strong>hortantem</strong></span> <span class='ocrx_word' id='word_1_15' title='bbox 1387 504 1402 525; x_wconf 88' lang='lat'><strong>,</strong></span> <span class='ocrx_word' id='word_1_16' title='bbox 1451 466 1564 518; x_wconf 88' lang='lat' dir='ltr'><strong>sive</strong></span> <span class='ocrx_word' id='word_1_17' title='bbox 1610 465 1772 517; x_wconf 88' lang='lat' dir='ltr'><strong>frater</strong></span> <span class='ocrx_word' id='word_1_18' title='bbox 1821 463 1999 526; x_wconf 86' lang='lat' dir='ltr'><strong>fuerit,</strong></span> <span class='ocrx_word' id='word_1_19' title='bbox 2027 463 2141 517; x_wconf 81' lang='lat' dir='ltr'><strong>sive</strong></span> 
     </span>
    </p>
   </div>
   <div class='ocr_carea' id='block_1_4' title="bbox 558 553 2138 617">
    <p class='ocr_par' dir='ltr' id='par_1_4' title="bbox 558 553 2138 617">
     <span class='ocr_line' id='line_1_4' title="bbox 558 553 2138 617; baseline -0.003 -6"><span class='ocrx_word' id='word_1_20' title='bbox 558 561 717 611; x_wconf 89' lang='lat' dir='ltr'><strong>etiam</strong></span> <span class='ocrx_word' id='word_1_21' title='bbox 751 557 878 609; x_wconf 83' lang='lat' dir='ltr'><strong>urbs</strong></span> <span class='ocrx_word' id='word_1_22' title='bbox 909 555 1044 608; x_wconf 88' lang='lat' dir='ltr'><strong>idola</strong></span> <span class='ocrx_word' id='word_1_23' title='bbox 1073 555 1299 608; x_wconf 91' lang='lat' dir='ltr'><strong>coluerit</strong></span> <span class='ocrx_word' id='word_1_24' title='bbox 1325 593 1340 617; x_wconf 90' lang='lat'><strong>,</strong></span> <span class='ocrx_word' id='word_1_25' title='bbox 1372 569 1488 608; x_wconf 92' lang='lat' dir='ltr'><strong>eam</strong></span> <span class='ocrx_word' id='word_1_26' title='bbox 1518 554 1881 608; x_wconf 77' lang='lat' dir='ltr'><strong>internecione</strong></span> <span class='ocrx_word' id='word_1_27' title='bbox 1905 553 2138 607; x_wconf 84' lang='lat' dir='ltr'><strong>deleant.</strong></span> 
     </span>
    </p>
   </div>
   <div class='ocr_carea' id='block_1_5' title="bbox 560 644 2139 715">
    <p class='ocr_par' dir='ltr' id='par_1_5' title="bbox 560 644 2139 715">
     <span class='ocr_line' id='line_1_5' title="bbox 560 644 2139 715; baseline -0.002 -14"><span class='ocrx_word' id='word_1_28' title='bbox 560 648 738 701; x_wconf 80' lang='lat' dir='ltr'><strong>Monet</strong></span> <span class='ocrx_word' id='word_1_29' title='bbox 769 661 887 715; x_wconf 81' lang='lat' dir='ltr'><strong>qmc</strong></span> <span class='ocrx_word' id='word_1_30' title='bbox 917 645 1244 700; x_wconf 79' lang='lat' dir='ltr'><strong>comedenda</strong></span> <span class='ocrx_word' id='word_1_31' title='bbox 1271 685 1286 710; x_wconf 94' lang='lat'><strong>,</strong></span> <span class='ocrx_word' id='word_1_32' title='bbox 1313 661 1432 714; x_wconf 78' lang='lat' dir='ltr'><strong>quae</strong></span> <span class='ocrx_word' id='word_1_33' title='bbox 1462 645 1756 714; x_wconf 88' lang='lat' dir='ltr'><strong>respuenda</strong></span> <span class='ocrx_word' id='word_1_34' title='bbox 1787 645 1911 699; x_wconf 91' lang='lat' dir='ltr'><strong>sint.</strong></span> <span class='ocrx_word' id='word_1_35' title='bbox 1944 644 2139 714; x_wconf 81' lang='lat' dir='ltr'><strong>Legem</strong></span> 
     </span>
    </p>
   </div>
   <div class='ocr_carea' id='block_1_6' title="bbox 559 735 2138 800">
    <p class='ocr_par' dir='ltr' id='par_1_6' title="bbox 559 735 2138 800">
     <span class='ocr_line' id='line_1_6' title="bbox 559 735 2138 800; baseline -0.001 -9"><span class='ocrx_word' id='word_1_36' title='bbox 559 739 650 791; x_wconf 87' lang='lat' dir='ltr'><strong>dat</strong></span> <span class='ocrx_word' id='word_1_37' title='bbox 678 737 746 791; x_wconf 89' lang='lat' dir='ltr'><strong>de</strong></span> <span class='ocrx_word' id='word_1_38' title='bbox 774 737 1087 791; x_wconf 70' lang='lat' dir='ltr'><strong>remissione</strong></span> <span class='ocrx_word' id='word_1_39' title='bbox 1111 735 1436 800; x_wconf 71' lang='lat' dir='ltr'><strong>debitorum,</strong></span> <span class='ocrx_word' id='word_1_40' title='bbox 1459 735 1527 789; x_wconf 90' lang='lat' dir='ltr'><strong>de</strong></span> <span class='ocrx_word' id='word_1_41' title='bbox 1549 735 1864 790; x_wconf 84' lang='lat' dir='ltr'><strong>remissione</strong></span> <span class='ocrx_word' id='word_1_42' title='bbox 1889 747 1942 790; x_wconf 90' lang='lat' dir='ltr'><strong>et</strong></span> <span class='ocrx_word' id='word_1_43' title='bbox 1974 735 2138 790; x_wconf 88' lang='lat' dir='ltr'><strong>liber-</strong></span> 
     </span>
    </p>
   </div>
   <div class='ocr_carea' id='block_1_7' title="bbox 559 828 2140 900">
    <p class='ocr_par' dir='ltr' id='par_1_7' title="bbox 559 828 2140 900">
     <span class='ocr_line' id='line_1_7' title="bbox 559 828 2140 900; baseline -0.001 -16"><span class='ocrx_word' id='word_1_44' title='bbox 559 840 664 884; x_wconf 89' lang='lat' dir='ltr'><strong>tate</strong></span> <span class='ocrx_word' id='word_1_45' title='bbox 692 845 991 893; x_wconf 87' lang='lat' dir='ltr'><strong>servorum,</strong></span> <span class='ocrx_word' id='word_1_46' title='bbox 1019 829 1086 884; x_wconf 91' lang='lat' dir='ltr'><strong>de</strong></span> <span class='ocrx_word' id='word_1_47' title='bbox 1116 830 1482 900; x_wconf 85' lang='lat' dir='ltr'><strong>primogenitis</strong></span> <span class='ocrx_word' id='word_1_48' title='bbox 1503 872 1517 893; x_wconf 88' lang='lat'><strong>,</strong></span> <span class='ocrx_word' id='word_1_49' title='bbox 1543 829 1608 884; x_wconf 91' lang='lat' dir='ltr'><strong>de</strong></span> <span class='ocrx_word' id='word_1_50' title='bbox 1639 829 1910 899; x_wconf 78' lang='lat' dir='ltr'><strong>paschale.</strong></span> <span class='ocrx_word' id='word_1_51' title='bbox 1945 828 2140 898; x_wconf 84' lang='lat' dir='ltr'><strong>Hicja-</strong></span> 
     </span>
    </p>
   </div>
   <div class='ocr_carea' id='block_1_8' title="bbox 560 919 2144 991">
    <p class='ocr_par' dir='ltr' id='par_1_8' title="bbox 560 919 2144 991">
     <span class='ocr_line' id='line_1_8' title="bbox 560 919 2144 991; baseline -0.002 -14"><span class='ocrx_word' id='word_1_52' title='bbox 560 933 646 977; x_wconf 92' lang='lat' dir='ltr'><strong>cet</strong></span> <span class='ocrx_word' id='word_1_53' title='bbox 692 923 820 977; x_wconf 91' lang='lat' dir='ltr'><strong>illud</strong></span> <span class='ocrx_word' id='word_1_54' title='bbox 856 941 868 975; x_wconf 92' lang='lat'>:</span> <span class='ocrx_word' id='word_1_55' title='bbox 905 941 923 973; x_wconf 79' lang='grc' dir='ltr'><strong>ι</strong></span> <span class='ocrx_word' id='word_1_56' title='bbox 958 921 1073 976; x_wconf 84' lang='grc' dir='ltr'><strong>Νοη</strong></span> <span class='ocrx_word' id='word_1_57' title='bbox 1105 923 1306 991; x_wconf 88' lang='lat' dir='ltr'><strong>poteris</strong></span> <span class='ocrx_word' id='word_1_58' title='bbox 1349 921 1541 990; x_wconf 81' lang='lat' dir='ltr'><strong>pascha</strong></span> <span class='ocrx_word' id='word_1_59' title='bbox 1570 919 1745 974; x_wconf 88' lang='lat' dir='ltr'><strong>facere</strong></span> <span class='ocrx_word' id='word_1_60' title='bbox 1784 921 1835 974; x_wconf 93' lang='lat' dir='ltr'><strong>iu</strong></span> <span class='ocrx_word' id='word_1_61' title='bbox 1880 920 1986 974; x_wconf 91' lang='lat' dir='ltr'><strong>ulla</strong></span> <span class='ocrx_word' id='word_1_62' title='bbox 2013 920 2144 975; x_wconf 74' lang='lat' dir='ltr'><strong>civi—</strong></span> 
     </span>
    </p>
   </div>
   <div class='ocr_carea' id='block_1_9' title="bbox 559 1013 2137 1086">
    <p class='ocr_par' dir='ltr' id='par_1_9' title="bbox 559 1013 2137 1086">
     <span class='ocr_line' id='line_1_9' title="bbox 559 1013 2137 1086; baseline -0.004 -17"><span class='ocrx_word' id='word_1_63' title='bbox 559 1024 688 1082; x_wconf 84' lang='lat' dir='ltr'><strong>tate,</strong></span> <span class='ocrx_word' id='word_1_64' title='bbox 716 1031 874 1086; x_wconf 91' lang='lat' dir='ltr'><strong>quam</strong></span> <span class='ocrx_word' id='word_1_65' title='bbox 907 1015 1163 1069; x_wconf 85' lang='lat' dir='ltr'><strong>Dominus</strong></span> <span class='ocrx_word' id='word_1_66' title='bbox 1193 1015 1336 1069; x_wconf 87' lang='lat' dir='ltr'><strong>Deus</strong></span> <span class='ocrx_word' id='word_1_67' title='bbox 1364 1026 1486 1068; x_wconf 90' lang='lat' dir='ltr'><strong>tuus</strong></span> <span class='ocrx_word' id='word_1_68' title='bbox 1517 1014 1607 1069; x_wconf 88' lang='lat' dir='ltr'><strong>dat</strong></span> <span class='ocrx_word' id='word_1_69' title='bbox 1639 1014 1730 1068; x_wconf 89' lang='lat' dir='ltr'><strong>tibi</strong></span> <span class='ocrx_word' id='word_1_70' title='bbox 1757 1055 1772 1080; x_wconf 93' lang='lat'><strong>,</strong></span> <span class='ocrx_word' id='word_1_71' title='bbox 1804 1013 1897 1068; x_wconf 85' lang='lat' dir='ltr'><strong>sed</strong></span> <span class='ocrx_word' id='word_1_72' title='bbox 1921 1014 1973 1068; x_wconf 90' lang='lat' dir='ltr'><strong>in</strong></span> <span class='ocrx_word' id='word_1_73' title='bbox 2001 1013 2137 1078; x_wconf 89' lang='lat' dir='ltr'><strong>loco,</strong></span> 
     </span>
    </p>
   </div>
   <div class='ocr_carea' id='block_1_10' title="bbox 556 1101 2144 1177">
    <p class='ocr_par' dir='ltr' id='par_1_10' title="bbox 556 1101 2144 1177">
     <span class='ocr_line' id='line_1_10' title="bbox 556 1101 2144 1177; baseline -0.001 -18"><span class='ocrx_word' id='word_1_74' title='bbox 556 1124 713 1177; x_wconf 88' lang='lat' dir='ltr'><strong>quem</strong></span> <span class='ocrx_word' id='word_1_75' title='bbox 745 1108 967 1177; x_wconf 88' lang='lat' dir='ltr'><strong>elegerit</strong></span> <span class='ocrx_word' id='word_1_76' title='bbox 999 1107 1254 1160; x_wconf 84' lang='lat' dir='ltr'><strong>Dominus</strong></span> <span class='ocrx_word' id='word_1_77' title='bbox 1284 1107 1423 1160; x_wconf 87' lang='lat' dir='ltr'><strong>Deus</strong></span> <span class='ocrx_word' id='word_1_78' title='bbox 1451 1115 1570 1160; x_wconf 91' lang='lat' dir='ltr'><strong>tuus</strong></span> <span class='ocrx_word' id='word_1_79' title='bbox 1599 1124 1618 1157; x_wconf 69' lang='grc' dir='ltr'><strong>ι</strong></span> <span class='ocrx_word' id='word_1_80' title='bbox 1654 1103 1926 1174; x_wconf 67' lang='lat' dir='ltr'><strong>(Deutdti.</strong></span> <span class='ocrx_word' id='word_1_81' title='bbox 1951 1101 2042 1176; x_wconf 83' lang='lat'><strong>5).</strong></span> <span class='ocrx_word' id='word_1_82' title='bbox 2068 1103 2144 1158; x_wconf 91' lang='lat' dir='ltr'><strong>De</strong></span> 
     </span>
    </p>
   </div>
   <div class='ocr_carea' id='block_1_11' title="bbox 559 1197 2146 1269">
    <p class='ocr_par' dir='ltr' id='par_1_11' title="bbox 559 1197 2146 1269">
     <span class='ocr_line' id='line_1_11' title="bbox 559 1197 2146 1269; baseline 0 -17"><span class='ocrx_word' id='word_1_83' title='bbox 559 1200 1001 1268; x_wconf 83' lang='lat' dir='ltr'><strong>lu-bdomadilms,</strong></span> <span class='ocrx_word' id='word_1_84' title='bbox 1030 1200 1096 1254; x_wconf 88' lang='lat' dir='ltr'><strong>de</strong></span> <span class='ocrx_word' id='word_1_85' title='bbox 1124 1199 1476 1269; x_wconf 86' lang='lat' dir='ltr'><strong>sccnopegiis.</strong></span> <span class='ocrx_word' id='word_1_86' title='bbox 1501 1197 1568 1255; x_wconf 88' lang='lat' dir='ltr'><strong>de</strong></span> <span class='ocrx_word' id='word_1_87' title='bbox 1592 1198 1881 1267; x_wconf 87' lang='lat' dir='ltr'><strong>judicibus,</strong></span> <span class='ocrx_word' id='word_1_88' title='bbox 1909 1199 1976 1253; x_wconf 91' lang='lat' dir='ltr'><strong>de</strong></span> <span class='ocrx_word' id='word_1_89' title='bbox 2006 1199 2146 1269; x_wconf 39' lang='lat' dir='ltr'><strong>regis</strong></span> 
     </span>
    </p>
   </div>
   <div class='ocr_carea' id='block_1_12' title="bbox 558 1292 2143 1363">
    <p class='ocr_par' dir='ltr' id='par_1_12' title="bbox 558 1292 2143 1363">
     <span class='ocr_line' id='line_1_12' title="bbox 558 1292 2143 1363; baseline -0.002 -15"><span class='ocrx_word' id='word_1_90' title='bbox 558 1293 662 1348; x_wconf 89' lang='lat' dir='ltr'><strong>bus</strong></span> <span class='ocrx_word' id='word_1_91' title='bbox 686 1336 700 1358; x_wconf 94' lang='lat'><strong>,</strong></span> <span class='ocrx_word' id='word_1_92' title='bbox 729 1295 771 1347; x_wconf 87' lang='lat' dir='ltr'><strong>si</strong></span> <span class='ocrx_word' id='word_1_93' title='bbox 799 1293 1012 1363; x_wconf 86' lang='lat' dir='ltr'><strong>quando</strong></span> <span class='ocrx_word' id='word_1_94' title='bbox 1063 1293 1261 1347; x_wconf 91' lang='lat' dir='ltr'><strong>vellent</strong></span> <span class='ocrx_word' id='word_1_95' title='bbox 1315 1293 1415 1347; x_wconf 86' lang='lat' dir='ltr'><strong>sibi</strong></span> <span class='ocrx_word' id='word_1_96' title='bbox 1461 1306 1640 1363; x_wconf 85' lang='lat' dir='ltr'><strong>regem</strong></span> <span class='ocrx_word' id='word_1_97' title='bbox 1671 1292 1901 1361; x_wconf 86' lang='lat' dir='ltr'><strong>aliquem</strong></span> <span class='ocrx_word' id='word_1_98' title='bbox 1939 1292 2143 1347; x_wconf 76' lang='lat' dir='ltr'><strong>consti-</strong></span> 
     </span>
    </p>
   </div>
   <div class='ocr_carea' id='block_1_13' title="bbox 561 1381 2141 1454">
    <p class='ocr_par' dir='ltr' id='par_1_13' title="bbox 561 1381 2141 1454">
     <span class='ocr_line' id='line_1_13' title="bbox 561 1381 2141 1454; baseline 0 -18"><span class='ocrx_word' id='word_1_99' title='bbox 561 1394 731 1440; x_wconf 90' lang='lat' dir='ltr'><strong>tuerc.</strong></span> <span class='ocrx_word' id='word_1_100' title='bbox 785 1386 859 1439; x_wconf 89' lang='lat' dir='ltr'><strong>De</strong></span> <span class='ocrx_word' id='word_1_101' title='bbox 914 1383 1114 1438; x_wconf 86' lang='lat' dir='ltr'><strong>Levitis</strong></span> <span class='ocrx_word' id='word_1_102' title='bbox 1139 1424 1153 1446; x_wconf 89' lang='lat'><strong>,</strong></span> <span class='ocrx_word' id='word_1_103' title='bbox 1184 1383 1358 1454; x_wconf 86' lang='lat' dir='ltr'><strong>deque</strong></span> <span class='ocrx_word' id='word_1_104' title='bbox 1399 1384 1464 1437; x_wconf 91' lang='lat' dir='ltr'><strong>iis</strong></span> <span class='ocrx_word' id='word_1_105' title='bbox 1493 1398 1611 1453; x_wconf 65' lang='lat' dir='ltr'><strong>qua:</strong></span> <span class='ocrx_word' id='word_1_106' title='bbox 1655 1383 1898 1451; x_wconf 87' lang='lat' dir='ltr'><strong>accipere</strong></span> <span class='ocrx_word' id='word_1_107' title='bbox 1925 1381 2141 1437; x_wconf 89' lang='lat' dir='ltr'><strong>debent.</strong></span> 
     </span>
    </p>
   </div>
   <div class='ocr_carea' id='block_1_14' title="bbox 559 1468 2146 1546">
    <p class='ocr_par' dir='ltr' id='par_1_14' title="bbox 559 1468 2146 1546">
     <span class='ocr_line' id='line_1_14' title="bbox 559 1468 2146 1546; baseline -0.002 -16"><span class='ocrx_word' id='word_1_108' title='bbox 559 1477 709 1544; x_wconf 91' lang='lat' dir='ltr'><strong>Quod</strong></span> <span class='ocrx_word' id='word_1_109' title='bbox 739 1493 841 1530; x_wconf 87' lang='lat' dir='ltr'><strong>non</strong></span> <span class='ocrx_word' id='word_1_110' title='bbox 870 1487 1113 1546; x_wconf 84' lang='lat' dir='ltr'><strong>oporteat</strong></span> <span class='ocrx_word' id='word_1_111' title='bbox 1137 1476 1242 1530; x_wconf 91' lang='lat' dir='ltr'><strong>illis</strong></span> <span class='ocrx_word' id='word_1_112' title='bbox 1270 1476 1366 1543; x_wconf 89' lang='lat' dir='ltr'><strong>uti,</strong></span> <span class='ocrx_word' id='word_1_113' title='bbox 1399 1475 1487 1546; x_wconf 88' lang='lat' dir='ltr'><strong>qui</strong></span> <span class='ocrx_word' id='word_1_114' title='bbox 1517 1468 1836 1540; x_wconf 68' lang='lat' dir='ltr'><strong>catharistm,</strong></span> <span class='ocrx_word' id='word_1_115' title='bbox 1869 1489 1962 1528; x_wconf 91' lang='lat' dir='ltr'><strong>seu</strong></span> <span class='ocrx_word' id='word_1_116' title='bbox 1993 1487 2146 1527; x_wconf 85' lang='lat' dir='ltr'><strong>mun-</strong></span> 
     </span>
    </p>
   </div>
   <div class='ocr_carea' id='block_1_15' title="bbox 562 1566 2146 1637">
    <p class='ocr_par' dir='ltr' id='par_1_15' title="bbox 562 1566 2146 1637">
     <span class='ocr_line' id='line_1_15' title="bbox 562 1566 2146 1637; baseline 0 -18"><span class='ocrx_word' id='word_1_117' title='bbox 562 1570 776 1621; x_wconf 84' lang='lat' dir='ltr'><strong>datores</strong></span> <span class='ocrx_word' id='word_1_118' title='bbox 807 1576 1066 1622; x_wconf 75' lang='lat' dir='ltr'><strong>vocantur</strong></span> <span class='ocrx_word' id='word_1_119' title='bbox 1094 1566 1194 1637; x_wconf 80' lang='grc' dir='ltr'>(ιι),</span> <span class='ocrx_word' id='word_1_120' title='bbox 1241 1583 1344 1621; x_wconf 89' lang='lat' dir='ltr'><strong>non</strong></span> <span class='ocrx_word' id='word_1_121' title='bbox 1393 1566 1832 1628; x_wconf 87' lang='lat' dir='ltr'><strong>incantatoribus,</strong></span> <span class='ocrx_word' id='word_1_122' title='bbox 1862 1581 1970 1619; x_wconf 90' lang='lat' dir='ltr'><strong>non</strong></span> <span class='ocrx_word' id='word_1_123' title='bbox 2012 1566 2146 1620; x_wconf 88' lang='lat' dir='ltr'><strong>divi-</strong></span> 
     </span>
    </p>
   </div>
   <div class='ocr_carea' id='block_1_16' title="bbox 566 1657 2147 1726">
    <p class='ocr_par' dir='ltr' id='par_1_16' title="bbox 566 1657 2147 1726">
     <span class='ocr_line' id='line_1_16' title="bbox 566 1657 2147 1726; baseline -0.001 -14"><span class='ocrx_word' id='word_1_124' title='bbox 566 1659 889 1722; x_wconf 82' lang='lat' dir='ltr'><strong>nationibus,</strong></span> <span class='ocrx_word' id='word_1_125' title='bbox 911 1676 1014 1712; x_wconf 90' lang='lat' dir='ltr'><strong>non</strong></span> <span class='ocrx_word' id='word_1_126' title='bbox 1043 1659 1329 1724; x_wconf 82' lang='lat' dir='ltr'><strong>ominibus,</strong></span> <span class='ocrx_word' id='word_1_127' title='bbox 1363 1666 1455 1711; x_wconf 85' lang='lat' dir='ltr'><strong>aut</strong></span> <span class='ocrx_word' id='word_1_128' title='bbox 1492 1657 1772 1712; x_wconf 83' lang='lat' dir='ltr'><strong>similibus.</strong></span> <span class='ocrx_word' id='word_1_129' title='bbox 1802 1657 1897 1711; x_wconf 90' lang='lat' dir='ltr'><strong>Hic</strong></span> <span class='ocrx_word' id='word_1_130' title='bbox 1916 1657 2057 1726; x_wconf 90' lang='lat' dir='ltr'><strong>jacet</strong></span> <span class='ocrx_word' id='word_1_131' title='bbox 2084 1657 2147 1711; x_wconf 86' lang='lat' dir='ltr'><strong>il-</strong></span> 
     </span>
    </p>
   </div>
   <div class='ocr_carea' id='block_1_17' title="bbox 560 1737 2142 1820">
    <p class='ocr_par' dir='ltr' id='par_1_17' title="bbox 560 1737 2142 1820">
     <span class='ocr_line' id='line_1_17' title="bbox 560 1737 2142 1820; baseline -0.001 -16"><span class='ocrx_word' id='word_1_132' title='bbox 560 1737 678 1804; x_wconf 87' lang='lat' dir='ltr'><strong>lud:</strong></span> <span class='ocrx_word' id='word_1_133' title='bbox 705 1749 1009 1820; x_wconf 73' lang='lat' dir='ltr'><strong>Pt-Opltclmn</strong></span> <span class='ocrx_word' id='word_1_134' title='bbox 1035 1749 1170 1802; x_wconf 75' lang='lat' dir='ltr'><strong>vobis</strong></span> <span class='ocrx_word' id='word_1_135' title='bbox 1197 1750 1451 1803; x_wconf 82' lang='lat' dir='ltr'><strong>suscitabit</strong></span> <span class='ocrx_word' id='word_1_136' title='bbox 1477 1748 1630 1810; x_wconf 72' lang='lat' dir='ltr'><strong>Deus,</strong></span> <span class='ocrx_word' id='word_1_137' title='bbox 1651 1758 1704 1802; x_wconf 88' lang='lat' dir='ltr'><strong>ut</strong></span> <span class='ocrx_word' id='word_1_138' title='bbox 1724 1765 1814 1820; x_wconf 75' lang='lat' dir='ltr'><strong>ego</strong></span> <span class='ocrx_word' id='word_1_139' title='bbox 1836 1765 1945 1803; x_wconf 76' lang='lat' dir='ltr'><strong>sum</strong></span> <span class='ocrx_word' id='word_1_140' title='bbox 1964 1747 2142 1818; x_wconf 85' lang='lat' dir='ltr'><strong>(Deut.</strong></span> 
     </span>
    </p>
   </div>
   <div class='ocr_carea' id='block_1_18' title="bbox 561 1840 2148 1912">
    <p class='ocr_par' dir='ltr' id='par_1_18' title="bbox 561 1840 2148 1912">
     <span class='ocr_line' id='line_1_18' title="bbox 561 1840 2148 1912; baseline 0 -16"><span class='ocrx_word' id='word_1_141' title='bbox 561 1840 648 1896; x_wconf 87' lang='grc'><strong>18.</strong></span> <span class='ocrx_word' id='word_1_142' title='bbox 687 1843 751 1898; x_wconf 82' lang='lat' dir='ltr'><strong>l5</strong></span> <span class='ocrx_word' id='word_1_143' title='bbox 777 1843 817 1912; x_wconf 87' lang='lat'><strong>).</strong></span> <span class='ocrx_word' id='word_1_144' title='bbox 858 1843 1036 1912; x_wconf 91' lang='lat' dir='ltr'><strong>Deque</strong></span> <span class='ocrx_word' id='word_1_145' title='bbox 1063 1842 1283 1896; x_wconf 89' lang='lat' dir='ltr'><strong>urbibus</strong></span> <span class='ocrx_word' id='word_1_146' title='bbox 1310 1842 1495 1912; x_wconf 86' lang='lat' dir='ltr'><strong>refugii</strong></span> <span class='ocrx_word' id='word_1_147' title='bbox 1542 1842 1862 1912; x_wconf 68' lang='lat' dir='ltr'><strong>prmcipitur.</strong></span> <span class='ocrx_word' id='word_1_148' title='bbox 1894 1841 1991 1897; x_wconf 87' lang='lat' dir='ltr'><strong>Hic</strong></span> <span class='ocrx_word' id='word_1_149' title='bbox 2019 1842 2148 1912; x_wconf 84' lang='lat' dir='ltr'><strong>legi-</strong></span> 
     </span>
    </p>
   </div>
   <div class='ocr_carea' id='block_1_19' title="bbox 562 1932 2148 1988">
    <p class='ocr_par' dir='ltr' id='par_1_19' title="bbox 562 1932 2148 1988">
     <span class='ocr_line' id='line_1_19' title="bbox 562 1932 2148 1988; baseline -0.001 0"><span class='ocrx_word' id='word_1_150' title='bbox 562 1945 648 1988; x_wconf 89' lang='lat' dir='ltr'><strong>tttr</strong></span> <span class='ocrx_word' id='word_1_151' title='bbox 675 1933 798 1987; x_wconf 91' lang='lat' dir='ltr'><strong>illud</strong></span> <span class='ocrx_word' id='word_1_152' title='bbox 832 1951 845 1986; x_wconf 90' lang='lat'><strong>:</strong></span> <span class='ocrx_word' id='word_1_153' title='bbox 890 1932 956 1986; x_wconf 90' lang='lat' dir='ltr'><strong>In</strong></span> <span class='ocrx_word' id='word_1_154' title='bbox 988 1950 1075 1988; x_wconf 87' lang='lat' dir='ltr'><strong>ore</strong></span> <span class='ocrx_word' id='word_1_155' title='bbox 1119 1933 1334 1986; x_wconf 86' lang='lat' dir='ltr'><strong>duorum</strong></span> <span class='ocrx_word' id='word_1_156' title='bbox 1384 1933 1580 1988; x_wconf 78' lang='lat' dir='ltr'><strong>testium</strong></span> <span class='ocrx_word' id='word_1_157' title='bbox 1621 1933 1698 1987; x_wconf 74' lang='lat' dir='ltr'><strong>vel</strong></span> <span class='ocrx_word' id='word_1_158' title='bbox 1726 1933 1874 1985; x_wconf 87' lang='lat' dir='ltr'><strong>trium</strong></span> <span class='ocrx_word' id='word_1_159' title='bbox 1902 1942 2148 1987; x_wconf 76' lang='lat' dir='ltr'><strong>statuetur</strong></span> 
     </span>
    </p>
   </div>
   <div class='ocr_carea' id='block_1_20' title="bbox 561 2023 2148 2098">
    <p class='ocr_par' dir='ltr' id='par_1_20' title="bbox 561 2023 2148 2098">
     <span class='ocr_line' id='line_1_20' title="bbox 561 2023 2148 2098; baseline 0.001 -21"><span class='ocrx_word' id='word_1_160' title='bbox 561 2042 707 2078; x_wconf 78' lang='lat' dir='ltr'><strong>omne</strong></span> <span class='ocrx_word' id='word_1_161' title='bbox 735 2025 937 2077; x_wconf 75' lang='lat' dir='ltr'><strong>uerbum</strong></span> <span class='ocrx_word' id='word_1_162' title='bbox 957 2024 975 2095; x_wconf 92' lang='lat'><strong>(</strong></span> <span class='ocrx_word' id='word_1_163' title='bbox 998 2023 1153 2077; x_wconf 87' lang='lat' dir='ltr'><strong>.Ioan.</strong></span> <span class='ocrx_word' id='word_1_164' title='bbox 1190 2025 1242 2079; x_wconf 93' lang='grc'><strong>1.</strong></span> <span class='ocrx_word' id='word_1_165' title='bbox 1267 2026 1374 2090; x_wconf 73' lang='grc'><strong>45;</strong></span> <span class='ocrx_word' id='word_1_166' title='bbox 1417 2025 1570 2078; x_wconf 93' lang='lat' dir='ltr'><strong>Deut.</strong></span> <span class='ocrx_word' id='word_1_167' title='bbox 1610 2025 1694 2080; x_wconf 88' lang='grc'><strong>19.</strong></span> <span class='ocrx_word' id='word_1_168' title='bbox 1725 2024 1832 2098; x_wconf 82' lang='grc'><strong>15).</strong></span> <span class='ocrx_word' id='word_1_169' title='bbox 1863 2026 1928 2081; x_wconf 84' lang='grc' dir='ltr'>Ει</span> <span class='ocrx_word' id='word_1_170' title='bbox 1953 2025 2020 2080; x_wconf 89' lang='lat' dir='ltr'><strong>de</strong></span> <span class='ocrx_word' id='word_1_171' title='bbox 2047 2023 2148 2080; x_wconf 81' lang='lat' dir='ltr'><strong>fal-</strong></span> 
     </span>
    </p>
   </div>
   <div class='ocr_carea' id='block_1_21' title="bbox 562 2115 2149 2186">
    <p class='ocr_par' dir='ltr' id='par_1_21' title="bbox 562 2115 2149 2186">
     <span class='ocr_line' id='line_1_21' title="bbox 562 2115 2149 2186; baseline 0.001 -16"><span class='ocrx_word' id='word_1_172' title='bbox 562 2119 635 2170; x_wconf 54' lang='lat' dir='ltr'><strong>sis</strong></span> <span class='ocrx_word' id='word_1_173' title='bbox 663 2117 913 2182; x_wconf 63' lang='lat' dir='ltr'><strong>lCrllilllS,</strong></span> <span class='ocrx_word' id='word_1_174' title='bbox 944 2116 1068 2186; x_wconf 92' lang='lat' dir='ltr'><strong>quid</strong></span> <span class='ocrx_word' id='word_1_175' title='bbox 1112 2117 1182 2171; x_wconf 91' lang='lat' dir='ltr'><strong>illi</strong></span> <span class='ocrx_word' id='word_1_176' title='bbox 1214 2117 1319 2186; x_wconf 90' lang='lat' dir='ltr'><strong>pati</strong></span> <span class='ocrx_word' id='word_1_177' title='bbox 1348 2117 1597 2172; x_wconf 91' lang='lat' dir='ltr'><strong>debeant.</strong></span> <span class='ocrx_word' id='word_1_178' title='bbox 1633 2115 1866 2171; x_wconf 91' lang='lat' dir='ltr'><strong>Instante</strong></span> <span class='ocrx_word' id='word_1_179' title='bbox 1906 2117 2044 2172; x_wconf 89' lang='lat' dir='ltr'><strong>bello</strong></span> <span class='ocrx_word' id='word_1_180' title='bbox 2067 2117 2149 2172; x_wconf 92' lang='lat' dir='ltr'><strong>di-</strong></span> 
     </span>
    </p>
   </div>
   <div class='ocr_carea' id='block_1_22' title="bbox 561 2206 2147 2279">
    <p class='ocr_par' dir='ltr' id='par_1_22' title="bbox 561 2206 2147 2279">
     <span class='ocr_line' id='line_1_22' title="bbox 561 2206 2147 2279; baseline 0.002 -19"><span class='ocrx_word' id='word_1_181' title='bbox 561 2211 632 2261; x_wconf 86' lang='lat' dir='ltr'><strong>cit</strong></span> <span class='ocrx_word' id='word_1_182' title='bbox 661 2224 816 2277; x_wconf 90' lang='lat' dir='ltr'><strong>quem</strong></span> <span class='ocrx_word' id='word_1_183' title='bbox 859 2209 1106 2262; x_wconf 91' lang='lat' dir='ltr'><strong>emittere</strong></span> <span class='ocrx_word' id='word_1_184' title='bbox 1159 2218 1441 2276; x_wconf 88' lang='lat' dir='ltr'><strong>oporteat,</strong></span> <span class='ocrx_word' id='word_1_185' title='bbox 1472 2223 1573 2262; x_wconf 89' lang='lat' dir='ltr'><strong>nec</strong></span> <span class='ocrx_word' id='word_1_186' title='bbox 1613 2206 1754 2262; x_wconf 89' lang='lat' dir='ltr'><strong>ferre</strong></span> <span class='ocrx_word' id='word_1_187' title='bbox 1782 2218 1835 2261; x_wconf 89' lang='lat' dir='ltr'><strong>ut</strong></span> <span class='ocrx_word' id='word_1_188' title='bbox 1861 2223 1981 2263; x_wconf 89' lang='lat' dir='ltr'><strong>cum</strong></span> <span class='ocrx_word' id='word_1_189' title='bbox 2018 2210 2147 2279; x_wconf 90' lang='lat' dir='ltr'><strong>ipsis</strong></span> 
     </span>
    </p>
   </div>
   <div class='ocr_carea' id='block_1_23' title="bbox 560 2299 2146 2373">
    <p class='ocr_par' dir='ltr' id='par_1_23' title="bbox 560 2299 2146 2373">
     <span class='ocr_line' id='line_1_23' title="bbox 560 2299 2146 2373; baseline 0.002 -19"><span class='ocrx_word' id='word_1_190' title='bbox 560 2312 779 2373; x_wconf 81' lang='lat' dir='ltr'><strong>pugnet.</strong></span> <span class='ocrx_word' id='word_1_191' title='bbox 806 2302 1060 2356; x_wconf 89' lang='lat' dir='ltr'><strong>llortatur</strong></span> <span class='ocrx_word' id='word_1_192' title='bbox 1085 2317 1152 2356; x_wconf 90' lang='lat' dir='ltr'><strong>ne</strong></span> <span class='ocrx_word' id='word_1_193' title='bbox 1179 2300 1502 2354; x_wconf 84' lang='lat' dir='ltr'><strong>interficiant</strong></span> <span class='ocrx_word' id='word_1_194' title='bbox 1532 2299 1716 2356; x_wconf 89' lang='lat' dir='ltr'><strong>hostes</strong></span> <span class='ocrx_word' id='word_1_195' title='bbox 1746 2300 1797 2355; x_wconf 89' lang='lat' dir='ltr'><strong>in</strong></span> <span class='ocrx_word' id='word_1_196' title='bbox 1828 2316 2011 2356; x_wconf 90' lang='lat' dir='ltr'><strong>eorum</strong></span> <span class='ocrx_word' id='word_1_197' title='bbox 2036 2317 2146 2357; x_wconf 85' lang='lat' dir='ltr'><strong>ma-</strong></span> 
     </span>
    </p>
   </div>
   <div class='ocr_carea' id='block_1_24' title="bbox 563 2386 2148 2465">
    <p class='ocr_par' dir='ltr' id='par_1_24' title="bbox 563 2386 2148 2465">
     <span class='ocr_line' id='line_1_24' title="bbox 563 2386 2148 2465; baseline 0.001 -15"><span class='ocrx_word' id='word_1_198' title='bbox 563 2410 666 2450; x_wconf 89' lang='lat' dir='ltr'><strong>nus</strong></span> <span class='ocrx_word' id='word_1_199' title='bbox 704 2394 1001 2461; x_wconf 82' lang='lat' dir='ltr'><strong>cadentes,</strong></span> <span class='ocrx_word' id='word_1_200' title='bbox 1027 2396 1267 2465; x_wconf 77' lang='lat' dir='ltr'><strong>exceptis</strong></span> <span class='ocrx_word' id='word_1_201' title='bbox 1313 2405 1516 2465; x_wconf 85' lang='lat' dir='ltr'><strong>septem</strong></span> <span class='ocrx_word' id='word_1_202' title='bbox 1571 2395 1837 2465; x_wconf 80' lang='lat' dir='ltr'><strong>gentibus.</strong></span> <span class='ocrx_word' id='word_1_203' title='bbox 1882 2386 1949 2449; x_wconf 86' lang='lat' dir='ltr'><strong>Et</strong></span> <span class='ocrx_word' id='word_1_204' title='bbox 1989 2395 2148 2451; x_wconf 89' lang='lat' dir='ltr'><strong>urbes</strong></span> 
     </span>
    </p>
   </div>
   <div class='ocr_carea' id='block_1_25' title="bbox 561 2487 2149 2558">
    <p class='ocr_par' dir='ltr' id='par_1_25' title="bbox 561 2487 2149 2558">
     <span class='ocr_line' id='line_1_25' title="bbox 561 2487 2149 2558; baseline 0.004 -20"><span class='ocrx_word' id='word_1_205' title='bbox 561 2488 775 2558; x_wconf 80' lang='lat' dir='ltr'><strong>quidem</strong></span> <span class='ocrx_word' id='word_1_206' title='bbox 800 2503 1013 2555; x_wconf 85' lang='lat' dir='ltr'><strong>omnes,</strong></span> <span class='ocrx_word' id='word_1_207' title='bbox 1045 2487 1238 2557; x_wconf 79' lang='lat' dir='ltr'><strong>inquit,</strong></span> <span class='ocrx_word' id='word_1_208' title='bbox 1272 2503 1392 2541; x_wconf 89' lang='lat' dir='ltr'><strong>cum</strong></span> <span class='ocrx_word' id='word_1_209' title='bbox 1423 2487 1693 2557; x_wconf 84' lang='lat' dir='ltr'><strong>ceperitis,</strong></span> <span class='ocrx_word' id='word_1_210' title='bbox 1717 2487 1933 2557; x_wconf 91' lang='lat' dir='ltr'><strong>diripitc</strong></span> <span class='ocrx_word' id='word_1_211' title='bbox 1956 2529 1971 2553; x_wconf 90' lang='lat'><strong>,</strong></span> <span class='ocrx_word' id='word_1_212' title='bbox 2003 2503 2149 2544; x_wconf 88' lang='lat' dir='ltr'><strong>mas-</strong></span> 
     </span>
    </p>
   </div>
   <div class='ocr_carea' id='block_1_26' title="bbox 560 2581 2147 2652">
    <p class='ocr_par' dir='ltr' id='par_1_26' title="bbox 560 2581 2147 2652">
     <span class='ocr_line' id='line_1_26' title="bbox 560 2581 2147 2652; baseline 0.003 -19"><span class='ocrx_word' id='word_1_213' title='bbox 560 2581 817 2650; x_wconf 84' lang='lat' dir='ltr'><strong>culosque</strong></span> <span class='ocrx_word' id='word_1_214' title='bbox 841 2589 1044 2636; x_wconf 91' lang='lat' dir='ltr'><strong>tantum</strong></span> <span class='ocrx_word' id='word_1_215' title='bbox 1074 2581 1320 2638; x_wconf 89' lang='lat' dir='ltr'><strong>occidite.</strong></span> <span class='ocrx_word' id='word_1_216' title='bbox 1364 2581 1436 2635; x_wconf 75' lang='lat' dir='ltr'><strong>Ex</strong></span> <span class='ocrx_word' id='word_1_217' title='bbox 1469 2582 1552 2636; x_wconf 89' lang='lat' dir='ltr'><strong>his</strong></span> <span class='ocrx_word' id='word_1_218' title='bbox 1578 2596 1708 2637; x_wconf 86' lang='lat' dir='ltr'><strong>vero</strong></span> <span class='ocrx_word' id='word_1_219' title='bbox 1734 2622 1748 2647; x_wconf 87' lang='lat'><strong>,</strong></span> <span class='ocrx_word' id='word_1_220' title='bbox 1785 2598 2006 2652; x_wconf 88' lang='lat' dir='ltr'><strong>quorum</strong></span> <span class='ocrx_word' id='word_1_221' title='bbox 2037 2592 2147 2637; x_wconf 89' lang='lat' dir='ltr'><strong>ter-</strong></span> 
     </span>
    </p>
   </div>
   <div class='ocr_carea' id='block_1_27' title="bbox 562 2671 2151 2741">
    <p class='ocr_par' dir='ltr' id='par_1_27' title="bbox 562 2671 2151 2741">
     <span class='ocr_line' id='line_1_27' title="bbox 562 2671 2151 2741; baseline 0.002 -16"><span class='ocrx_word' id='word_1_222' title='bbox 562 2687 673 2725; x_wconf 87' lang='lat' dir='ltr'><strong>ram</strong></span> <span class='ocrx_word' id='word_1_223' title='bbox 707 2673 987 2741; x_wconf 85' lang='lat' dir='ltr'><strong>possidetis</strong></span> <span class='ocrx_word' id='word_1_224' title='bbox 1016 2712 1032 2738; x_wconf 93' lang='lat'><strong>,</strong></span> <span class='ocrx_word' id='word_1_225' title='bbox 1064 2673 1333 2726; x_wconf 88' lang='lat' dir='ltr'><strong>neminem</strong></span> <span class='ocrx_word' id='word_1_226' title='bbox 1361 2673 1537 2728; x_wconf 83' lang='lat' dir='ltr'><strong>vivere</strong></span> <span class='ocrx_word' id='word_1_227' title='bbox 1563 2672 1860 2728; x_wconf 88' lang='lat' dir='ltr'><strong>concedite.</strong></span> <span class='ocrx_word' id='word_1_228' title='bbox 1889 2671 2151 2728; x_wconf 86' lang='lat' dir='ltr'><strong>Fructife-</strong></span> 
     </span>
    </p>
   </div>
   <div class='ocr_carea' id='block_1_28' title="bbox 564 2763 2148 2834">
    <p class='ocr_par' dir='ltr' id='par_1_28' title="bbox 564 2763 2148 2834">
     <span class='ocr_line' id='line_1_28' title="bbox 564 2763 2148 2834; baseline 0.003 -20"><span class='ocrx_word' id='word_1_229' title='bbox 564 2776 652 2816; x_wconf 90' lang='lat' dir='ltr'><strong>ras</strong></span> <span class='ocrx_word' id='word_1_230' title='bbox 695 2763 916 2816; x_wconf 83' lang='lat' dir='ltr'><strong>arbores</strong></span> <span class='ocrx_word' id='word_1_231' title='bbox 962 2777 1030 2816; x_wconf 91' lang='lat' dir='ltr'><strong>ne</strong></span> <span class='ocrx_word' id='word_1_232' title='bbox 1069 2763 1259 2817; x_wconf 61' lang='lat' dir='ltr'><strong>caedite</strong></span> <span class='ocrx_word' id='word_1_233' title='bbox 1288 2805 1302 2826; x_wconf 87' lang='lat'><strong>,</strong></span> <span class='ocrx_word' id='word_1_234' title='bbox 1330 2764 1537 2834; x_wconf 89' lang='lat' dir='ltr'><strong>inquit,</strong></span> <span class='ocrx_word' id='word_1_235' title='bbox 1561 2763 1626 2818; x_wconf 90' lang='lat' dir='ltr'><strong>ad</strong></span> <span class='ocrx_word' id='word_1_236' title='bbox 1659 2765 1926 2834; x_wconf 86' lang='lat' dir='ltr'><strong>figendum</strong></span> <span class='ocrx_word' id='word_1_237' title='bbox 1954 2763 2148 2820; x_wconf 83' lang='lat' dir='ltr'><strong>vallum</strong></span> 
     </span>
    </p>
   </div>
   <div class='ocr_carea' id='block_1_29' title="bbox 567 2854 2151 2929">
    <p class='ocr_par' dir='ltr' id='par_1_29' title="bbox 567 2854 2151 2929">
     <span class='ocr_line' id='line_1_29' title="bbox 567 2854 2151 2929; baseline 0.004 -22"><span class='ocrx_word' id='word_1_238' title='bbox 567 2855 619 2907; x_wconf 91' lang='lat' dir='ltr'><strong>in</strong></span> <span class='ocrx_word' id='word_1_239' title='bbox 668 2854 958 2910; x_wconf 81' lang='lat' dir='ltr'><strong>obsidione.</strong></span> <span class='ocrx_word' id='word_1_240' title='bbox 1017 2854 1072 2910; x_wconf 92' lang='lat' dir='ltr'><strong>Si</strong></span> <span class='ocrx_word' id='word_1_241' title='bbox 1101 2856 1218 2925; x_wconf 87' lang='lat' dir='ltr'><strong>quis</strong></span> <span class='ocrx_word' id='word_1_242' title='bbox 1247 2857 1458 2912; x_wconf 85' lang='lat' dir='ltr'><strong>occisus</strong></span> <span class='ocrx_word' id='word_1_243' title='bbox 1499 2859 1816 2928; x_wconf 86' lang='lat' dir='ltr'><strong>reperiatur,</strong></span> <span class='ocrx_word' id='word_1_244' title='bbox 1847 2874 1946 2912; x_wconf 90' lang='lat' dir='ltr'><strong>nec</strong></span> <span class='ocrx_word' id='word_1_245' title='bbox 1988 2871 2151 2929; x_wconf 84' lang='lat' dir='ltr'><strong>appa-</strong></span> 
     </span>
    </p>
   </div>
   <div class='ocr_carea' id='block_1_30' title="bbox 563 2946 2150 3018">
    <p class='ocr_par' dir='ltr' id='par_1_30' title="bbox 563 2946 2150 3018">
     <span class='ocr_line' id='line_1_30' title="bbox 563 2946 2150 3018; baseline 0.003 -19"><span class='ocrx_word' id='word_1_246' title='bbox 563 2955 678 2999; x_wconf 91' lang='lat' dir='ltr'><strong>reat</strong></span> <span class='ocrx_word' id='word_1_247' title='bbox 724 2946 768 3000; x_wconf 91' lang='lat' dir='ltr'><strong>is</strong></span> <span class='ocrx_word' id='word_1_248' title='bbox 799 2946 888 3016; x_wconf 90' lang='lat' dir='ltr'><strong>qui</strong></span> <span class='ocrx_word' id='word_1_249' title='bbox 940 2946 1229 3013; x_wconf 82' lang='lat' dir='ltr'><strong>interfecit,</strong></span> <span class='ocrx_word' id='word_1_250' title='bbox 1261 2948 1387 3017; x_wconf 88' lang='lat' dir='ltr'><strong>quid</strong></span> <span class='ocrx_word' id='word_1_251' title='bbox 1419 2947 1718 3003; x_wconf 85' lang='lat' dir='ltr'><strong>faciendum</strong></span> <span class='ocrx_word' id='word_1_252' title='bbox 1759 2947 1828 3002; x_wconf 88' lang='lat' dir='ltr'><strong>sit</strong></span> <span class='ocrx_word' id='word_1_253' title='bbox 1885 2948 2000 3018; x_wconf 86' lang='lat' dir='ltr'><strong>lege</strong></span> <span class='ocrx_word' id='word_1_254' title='bbox 2038 2958 2150 3003; x_wconf 85' lang='lat' dir='ltr'><strong>sta-</strong></span> 
     </span>
    </p>
   </div>
   <div class='ocr_carea' id='block_1_31' title="bbox 566 3038 2122 3108">
    <p class='ocr_par' dir='ltr' id='par_1_31' title="bbox 566 3038 2122 3108">
     <span class='ocr_line' id='line_1_31' title="bbox 566 3038 2122 3108; baseline 0.002 -18"><span class='ocrx_word' id='word_1_255' title='bbox 566 3039 682 3090; x_wconf 91' lang='lat' dir='ltr'><strong>tnit.</strong></span> <span class='ocrx_word' id='word_1_256' title='bbox 734 3038 788 3093; x_wconf 89' lang='lat' dir='ltr'><strong>Si</strong></span> <span class='ocrx_word' id='word_1_257' title='bbox 846 3039 968 3108; x_wconf 87' lang='lat' dir='ltr'><strong>quis</strong></span> <span class='ocrx_word' id='word_1_258' title='bbox 1023 3038 1156 3094; x_wconf 81' lang='lat' dir='ltr'><strong>duas</strong></span> <span class='ocrx_word' id='word_1_259' title='bbox 1187 3038 1387 3094; x_wconf 86' lang='lat' dir='ltr'><strong>habens</strong></span> <span class='ocrx_word' id='word_1_260' title='bbox 1443 3055 1659 3106; x_wconf 79' lang='lat' dir='ltr'><strong>uxores,</strong></span> <span class='ocrx_word' id='word_1_261' title='bbox 1717 3040 1875 3093; x_wconf 91' lang='lat' dir='ltr'><strong>aliam</strong></span> <span class='ocrx_word' id='word_1_262' title='bbox 1929 3039 2122 3106; x_wconf 91' lang='lat' dir='ltr'><strong>oderit,</strong></span> 
     </span>
    </p>
   </div>
   <div class='ocr_carea' id='block_1_32' title="bbox 561 3129 2149 3201">
    <p class='ocr_par' dir='ltr' id='par_1_32' title="bbox 561 3129 2149 3201">
     <span class='ocr_line' id='line_1_32' title="bbox 561 3129 2149 3201; baseline 0.002 -20"><span class='ocrx_word' id='word_1_263' title='bbox 561 3130 718 3183; x_wconf 87' lang='lat' dir='ltr'><strong>aliam</strong></span> <span class='ocrx_word' id='word_1_264' title='bbox 766 3129 1044 3196; x_wconf 82' lang='lat' dir='ltr'><strong>dilexerit,</strong></span> <span class='ocrx_word' id='word_1_265' title='bbox 1097 3131 1488 3201; x_wconf 87' lang='lat' dir='ltr'><strong>contigeritque</strong></span> <span class='ocrx_word' id='word_1_266' title='bbox 1538 3139 1593 3183; x_wconf 93' lang='lat' dir='ltr'><strong>ut</strong></span> <span class='ocrx_word' id='word_1_267' title='bbox 1631 3145 1834 3200; x_wconf 71' lang='lat' dir='ltr'><strong>perosa:</strong></span> <span class='ocrx_word' id='word_1_268' title='bbox 1886 3129 2024 3184; x_wconf 85' lang='lat' dir='ltr'><strong>filius</strong></span> <span class='ocrx_word' id='word_1_269' title='bbox 2078 3129 2149 3184; x_wconf 87' lang='lat' dir='ltr'><strong>sit</strong></span> 
     </span>
    </p>
   </div>
   <div class='ocr_carea' id='block_1_33' title="bbox 564 3221 2146 3292">
    <p class='ocr_par' dir='ltr' id='par_1_33' title="bbox 564 3221 2146 3292">
     <span class='ocr_line' id='line_1_33' title="bbox 564 3221 2146 3292; baseline 0 -18"><span class='ocrx_word' id='word_1_270' title='bbox 564 3222 950 3290; x_wconf 88' lang='lat' dir='ltr'><strong>primogenitus</strong></span> <span class='ocrx_word' id='word_1_271' title='bbox 983 3241 996 3277; x_wconf 91' lang='lat'>:</span> <span class='ocrx_word' id='word_1_272' title='bbox 1030 3238 1096 3278; x_wconf 91' lang='lat' dir='ltr'><strong>ne</strong></span> <span class='ocrx_word' id='word_1_273' title='bbox 1120 3223 1193 3276; x_wconf 93' lang='lat' dir='ltr'><strong>illi</strong></span> <span class='ocrx_word' id='word_1_274' title='bbox 1223 3222 1535 3292; x_wconf 61' lang='lat' dir='ltr'><strong>praeferatur</strong></span> <span class='ocrx_word' id='word_1_275' title='bbox 1555 3221 1600 3275; x_wconf 89' lang='lat' dir='ltr'><strong>is</strong></span> <span class='ocrx_word' id='word_1_276' title='bbox 1629 3222 1718 3292; x_wconf 89' lang='lat' dir='ltr'><strong>qui</strong></span> <span class='ocrx_word' id='word_1_277' title='bbox 1744 3237 1807 3275; x_wconf 77' lang='lat' dir='ltr'><strong>ex</strong></span> <span class='ocrx_word' id='word_1_278' title='bbox 1839 3221 2032 3276; x_wconf 90' lang='lat' dir='ltr'><strong>dilecta</strong></span> <span class='ocrx_word' id='word_1_279' title='bbox 2053 3236 2146 3274; x_wconf 83' lang='lat' dir='ltr'><strong>na-</strong></span> 
     </span>
    </p>
   </div>
   <div class='ocr_carea' id='block_1_34' title="bbox 563 3313 2149 3386">
    <p class='ocr_par' dir='ltr' id='par_1_34' title="bbox 563 3313 2149 3386">
     <span class='ocr_line' id='line_1_34' title="bbox 563 3313 2149 3386; baseline -0.002 -17"><span class='ocrx_word' id='word_1_280' title='bbox 563 3325 649 3369; x_wconf 93' lang='lat' dir='ltr'><strong>tus</strong></span> <span class='ocrx_word' id='word_1_281' title='bbox 674 3324 776 3370; x_wconf 80' lang='lat' dir='ltr'><strong>est.</strong></span> <span class='ocrx_word' id='word_1_282' title='bbox 815 3317 886 3372; x_wconf 89' lang='lat' dir='ltr'><strong>De</strong></span> <span class='ocrx_word' id='word_1_283' title='bbox 915 3317 1023 3370; x_wconf 89' lang='lat' dir='ltr'><strong>lilio</strong></span> <span class='ocrx_word' id='word_1_284' title='bbox 1055 3317 1462 3386; x_wconf 88' lang='lat' dir='ltr'><strong>iuobscquente.</strong></span> <span class='ocrx_word' id='word_1_285' title='bbox 1496 3316 1593 3370; x_wconf 86' lang='lat' dir='ltr'><strong>llic</strong></span> <span class='ocrx_word' id='word_1_286' title='bbox 1611 3317 1754 3385; x_wconf 86' lang='lat' dir='ltr'><strong>jacet</strong></span> <span class='ocrx_word' id='word_1_287' title='bbox 1783 3314 1909 3370; x_wconf 89' lang='lat' dir='ltr'><strong>illud</strong></span> <span class='ocrx_word' id='word_1_288' title='bbox 1940 3333 1953 3368; x_wconf 90' lang='lat'><strong>:</strong></span> <span class='ocrx_word' id='word_1_289' title='bbox 1984 3313 2149 3368; x_wconf 80' lang='lat' dir='ltr'><strong>Male-</strong></span> 
     </span>
    </p>
   </div>
   <div class='ocr_carea' id='block_1_35' title="bbox 563 3405 2147 3478">
    <p class='ocr_par' dir='ltr' id='par_1_35' title="bbox 563 3405 2147 3478">
     <span class='ocr_line' id='line_1_35' title="bbox 563 3405 2147 3478; baseline 0.001 -20"><span class='ocrx_word' id='word_1_290' title='bbox 563 3408 727 3460; x_wconf 74' lang='lat' dir='ltr'><strong>dictus</strong></span> <span class='ocrx_word' id='word_1_291' title='bbox 756 3407 919 3460; x_wconf 74' lang='lat' dir='ltr'><strong>omnis</strong></span> <span class='ocrx_word' id='word_1_292' title='bbox 946 3407 1032 3473; x_wconf 87' lang='lat' dir='ltr'><strong>qui</strong></span> <span class='ocrx_word' id='word_1_293' title='bbox 1059 3408 1236 3475; x_wconf 78' lang='lat' dir='ltr'><strong>pendet</strong></span> <span class='ocrx_word' id='word_1_294' title='bbox 1262 3409 1314 3460; x_wconf 87' lang='lat' dir='ltr'><strong>in</strong></span> <span class='ocrx_word' id='word_1_295' title='bbox 1351 3407 1488 3476; x_wconf 85' lang='lat' dir='ltr'><strong>tigno</strong></span> <span class='ocrx_word' id='word_1_296' title='bbox 1519 3407 1693 3478; x_wconf 79' lang='lat' dir='ltr'><strong>(Deut.</strong></span> <span class='ocrx_word' id='word_1_297' title='bbox 1721 3408 1811 3460; x_wconf 75' lang='grc'><strong>21.</strong></span> <span class='ocrx_word' id='word_1_298' title='bbox 1843 3407 1914 3459; x_wconf 66' lang='grc' dir='ltr'>ἓό</span> <span class='ocrx_word' id='word_1_299' title='bbox 1939 3408 1978 3476; x_wconf 88' lang='grc'><strong>).</strong></span> <span class='ocrx_word' id='word_1_300' title='bbox 2015 3405 2147 3472; x_wconf 87' lang='lat' dir='ltr'><strong>Quia</strong></span> 
     </span>
    </p>
   </div>
   <div class='ocr_carea' id='block_1_36' title="bbox 567 3497 2148 3569">
    <p class='ocr_par' dir='ltr' id='par_1_36' title="bbox 567 3497 2148 3569">
     <span class='ocr_line' id='line_1_36' title="bbox 567 3497 2148 3569; baseline -0.001 -18"><span class='ocrx_word' id='word_1_301' title='bbox 567 3515 696 3569; x_wconf 86' lang='lat' dir='ltr'><strong>ergo</strong></span> <span class='ocrx_word' id='word_1_302' title='bbox 724 3498 1028 3553; x_wconf 89' lang='lat' dir='ltr'><strong>maledictio</strong></span> <span class='ocrx_word' id='word_1_303' title='bbox 1059 3498 1265 3567; x_wconf 88' lang='lat' dir='ltr'><strong>prolata</strong></span> <span class='ocrx_word' id='word_1_304' title='bbox 1290 3498 1481 3552; x_wconf 81' lang='lat' dir='ltr'><strong>eratin</strong></span> <span class='ocrx_word' id='word_1_305' title='bbox 1503 3512 1596 3552; x_wconf 88' lang='lat' dir='ltr'><strong>eos</strong></span> <span class='ocrx_word' id='word_1_306' title='bbox 1620 3497 1709 3567; x_wconf 91' lang='lat' dir='ltr'><strong>qui</strong></span> <span class='ocrx_word' id='word_1_307' title='bbox 1736 3513 1840 3551; x_wconf 90' lang='lat' dir='ltr'><strong>non</strong></span> <span class='ocrx_word' id='word_1_308' title='bbox 1869 3505 2148 3551; x_wconf 80' lang='lat' dir='ltr'><strong>servarent</strong></span> 
     </span>
    </p>
   </div>
   <div class='ocr_carea' id='block_1_37' title="bbox 563 3589 2146 3660">
    <p class='ocr_par' dir='ltr' id='par_1_37' title="bbox 563 3589 2146 3660">
     <span class='ocr_line' id='line_1_37' title="bbox 563 3589 2146 3660; baseline -0.003 -14"><span class='ocrx_word' id='word_1_309' title='bbox 563 3593 732 3660; x_wconf 82' lang='lat' dir='ltr'><strong>legem</strong></span> <span class='ocrx_word' id='word_1_310' title='bbox 761 3633 776 3658; x_wconf 93' lang='lat'><strong>,</strong></span> <span class='ocrx_word' id='word_1_311' title='bbox 829 3590 1133 3643; x_wconf 65' lang='lat' dir='ltr'><strong>Maledicta:</strong></span> <span class='ocrx_word' id='word_1_312' title='bbox 1162 3591 1324 3644; x_wconf 76' lang='lat' dir='ltr'><strong>omnis</strong></span> <span class='ocrx_word' id='word_1_313' title='bbox 1363 3590 1448 3658; x_wconf 84' lang='lat' dir='ltr'><strong>qui</strong></span> <span class='ocrx_word' id='word_1_314' title='bbox 1494 3606 1595 3643; x_wconf 87' lang='lat' dir='ltr'><strong>non</strong></span> <span class='ocrx_word' id='word_1_315' title='bbox 1641 3599 1806 3643; x_wconf 80' lang='lat' dir='ltr'><strong>manet</strong></span> <span class='ocrx_word' id='word_1_316' title='bbox 1834 3590 1887 3641; x_wconf 90' lang='lat' dir='ltr'><strong>in</strong></span> <span class='ocrx_word' id='word_1_317' title='bbox 1916 3589 2146 3642; x_wconf 75' lang='lat' dir='ltr'><strong>omnibus</strong></span> 
     </span>
    </p>
   </div>
   <div class='ocr_carea' id='block_1_38' title="bbox 560 3676 2143 3756">
    <p class='ocr_par' dir='ltr' id='par_1_38' title="bbox 560 3676 2143 3756">
     <span class='ocr_line' id='line_1_38' title="bbox 560 3676 2143 3756; baseline -0.003 -16"><span class='ocrx_word' id='word_1_318' title='bbox 560 3687 762 3756; x_wconf 74' lang='lat' dir='ltr'><strong>scriptis</strong></span> <span class='ocrx_word' id='word_1_319' title='bbox 800 3686 852 3738; x_wconf 90' lang='lat' dir='ltr'><strong>in</strong></span> <span class='ocrx_word' id='word_1_320' title='bbox 882 3687 976 3738; x_wconf 80' lang='lat' dir='ltr'><strong>hoc</strong></span> <span class='ocrx_word' id='word_1_321' title='bbox 1000 3684 1127 3738; x_wconf 88' lang='lat' dir='ltr'><strong>libro</strong></span> <span class='ocrx_word' id='word_1_322' title='bbox 1147 3684 1224 3754; x_wconf 87' lang='lat' dir='ltr'><strong>(b)</strong></span> <span class='ocrx_word' id='word_1_323' title='bbox 1253 3685 1269 3752; x_wconf 98' lang='lat'><strong>(</strong></span> <span class='ocrx_word' id='word_1_324' title='bbox 1300 3682 1414 3738; x_wconf 82' lang='lat' dir='ltr'><strong>Gul.</strong></span> <span class='ocrx_word' id='word_1_325' title='bbox 1447 3683 1499 3738; x_wconf 81' lang='grc'><strong>5.</strong></span> <span class='ocrx_word' id='word_1_326' title='bbox 1530 3683 1597 3737; x_wconf 78' lang='grc'><strong>15</strong></span> <span class='ocrx_word' id='word_1_327' title='bbox 1653 3699 1668 3748; x_wconf 89' lang='lat'><strong>;</strong></span> <span class='ocrx_word' id='word_1_328' title='bbox 1696 3681 1847 3736; x_wconf 85' lang='lat' dir='ltr'><strong>Deut.</strong></span> <span class='ocrx_word' id='word_1_329' title='bbox 1883 3676 1972 3736; x_wconf 68' lang='lat'><strong>97.</strong></span> <span class='ocrx_word' id='word_1_330' title='bbox 2003 3679 2096 3752; x_wconf 70' lang='grc'><strong>96)</strong></span> <span class='ocrx_word' id='word_1_331' title='bbox 2128 3698 2143 3748; x_wconf 89' lang='lat'><strong>;</strong></span> 
     </span>
    </p>
   </div>
   <div class='ocr_carea' id='block_1_39' title="bbox 561 3773 2146 3848">
    <p class='ocr_par' dir='ltr' id='par_1_39' title="bbox 561 3773 2146 3848">
     <span class='ocr_line' id='line_1_39' title="bbox 561 3773 2146 3848; baseline -0.002 -17"><span class='ocrx_word' id='word_1_332' title='bbox 561 3778 628 3833; x_wconf 90' lang='lat' dir='ltr'><strong>de</strong></span> <span class='ocrx_word' id='word_1_333' title='bbox 657 3779 772 3846; x_wconf 79' lang='lat' dir='ltr'><strong>lege</strong></span> <span class='ocrx_word' id='word_1_334' title='bbox 796 3777 1030 3848; x_wconf 89' lang='lat' dir='ltr'><strong>loquitur</strong></span> <span class='ocrx_word' id='word_1_335' title='bbox 1050 3775 1281 3847; x_wconf 81' lang='lat' dir='ltr'><strong>Moyses,</strong></span> <span class='ocrx_word' id='word_1_336' title='bbox 1306 3791 1402 3830; x_wconf 89' lang='lat' dir='ltr'><strong>nec</strong></span> <span class='ocrx_word' id='word_1_337' title='bbox 1422 3785 1632 3846; x_wconf 88' lang='lat' dir='ltr'><strong>poterat</strong></span> <span class='ocrx_word' id='word_1_338' title='bbox 1658 3774 1904 3829; x_wconf 89' lang='lat' dir='ltr'><strong>Christus</strong></span> <span class='ocrx_word' id='word_1_339' title='bbox 1933 3775 1985 3827; x_wconf 92' lang='lat' dir='ltr'><strong>in</strong></span> <span class='ocrx_word' id='word_1_340' title='bbox 2009 3773 2146 3828; x_wconf 83' lang='lat' dir='ltr'><strong>hanc</strong></span> 
     </span>
    </p>
   </div>
   <div class='ocr_carea' id='block_1_40' title="bbox 564 3866 2143 3938">
    <p class='ocr_par' dir='ltr' id='par_1_40' title="bbox 564 3866 2143 3938">
     <span class='ocr_line' id='line_1_40' title="bbox 564 3866 2143 3938; baseline -0.005 -12"><span class='ocrx_word' id='word_1_341' title='bbox 564 3873 839 3926; x_wconf 87' lang='lat' dir='ltr'><strong>incurrere</strong></span> <span class='ocrx_word' id='word_1_342' title='bbox 869 3869 1342 3924; x_wconf 73' lang='lat' dir='ltr'><strong>malcdimionem:</strong></span> <span class='ocrx_word' id='word_1_343' title='bbox 1377 3867 1618 3938; x_wconf 84' lang='lat' dir='ltr'><strong>implevit</strong></span> <span class='ocrx_word' id='word_1_344' title='bbox 1657 3881 1886 3936; x_wconf 88' lang='lat' dir='ltr'><strong>namque</strong></span> <span class='ocrx_word' id='word_1_345' title='bbox 1932 3866 2099 3935; x_wconf 84' lang='lat' dir='ltr'><strong>legem</strong></span> <span class='ocrx_word' id='word_1_346' title='bbox 2128 3905 2143 3931; x_wconf 88' lang='lat'><strong>,</strong></span> 
     </span>
    </p>
   </div>
   <div class='ocr_carea' id='block_1_41' title="bbox 563 3957 2146 4025">
    <p class='ocr_par' dir='ltr' id='par_1_41' title="bbox 563 3957 2146 4025">
     <span class='ocr_line' id='line_1_41' title="bbox 563 3957 2146 4025; baseline -0.006 -7"><span class='ocrx_word' id='word_1_347' title='bbox 563 3963 994 4018; x_wconf 86' lang='lat' dir='ltr'><strong>maledictioncm</strong></span> <span class='ocrx_word' id='word_1_348' title='bbox 1022 3959 1399 4016; x_wconf 89' lang='lat' dir='ltr'><strong>maledictioue</strong></span> <span class='ocrx_word' id='word_1_349' title='bbox 1433 3957 1814 4022; x_wconf 77' lang='lat' dir='ltr'><strong>commutavit,</strong></span> <span class='ocrx_word' id='word_1_350' title='bbox 1852 3969 2146 4025; x_wconf 86' lang='lat' dir='ltr'><strong>suspensus</strong></span> 
     </span>
    </p>
   </div>
   <div class='ocr_carea' id='block_1_42' title="bbox 563 4047 2142 4127">
    <p class='ocr_par' dir='ltr' id='par_1_42' title="bbox 563 4047 2142 4127">
     <span class='ocr_line' id='line_1_42' title="bbox 563 4047 2142 4127; baseline -0.007 -18"><span class='ocrx_word' id='word_1_351' title='bbox 563 4057 616 4110; x_wconf 91' lang='lat' dir='ltr'><strong>in</strong></span> <span class='ocrx_word' id='word_1_352' title='bbox 642 4056 803 4127; x_wconf 81' lang='lat' dir='ltr'><strong>ligno.</strong></span> <span class='ocrx_word' id='word_1_353' title='bbox 834 4053 987 4122; x_wconf 83' lang='lat' dir='ltr'><strong>Quod</strong></span> <span class='ocrx_word' id='word_1_354' title='bbox 1030 4067 1135 4107; x_wconf 91' lang='lat' dir='ltr'><strong>non</strong></span> <span class='ocrx_word' id='word_1_355' title='bbox 1167 4057 1417 4122; x_wconf 84' lang='lat' dir='ltr'><strong>Oportcat</strong></span> <span class='ocrx_word' id='word_1_356' title='bbox 1462 4047 1625 4104; x_wconf 89' lang='lat' dir='ltr'><strong>etiam</strong></span> <span class='ocrx_word' id='word_1_357' title='bbox 1675 4047 1875 4101; x_wconf 90' lang='lat' dir='ltr'><strong>inimici</strong></span> <span class='ocrx_word' id='word_1_358' title='bbox 1902 4047 2142 4116; x_wconf 89' lang='lat' dir='ltr'><strong>jumenta</strong></span> 
     </span>
    </p>
   </div>
   <div class='ocr_carea' id='block_1_43' title="bbox 562 4139 2145 4218">
    <p class='ocr_par' dir='ltr' id='par_1_43' title="bbox 562 4139 2145 4218">
     <span class='ocr_line' id='line_1_43' title="bbox 562 4139 2145 4218; baseline -0.007 -15"><span class='ocrx_word' id='word_1_359' title='bbox 562 4149 862 4218; x_wconf 88' lang='lat' dir='ltr'><strong>despicere.</strong></span> <span class='ocrx_word' id='word_1_360' title='bbox 896 4146 1010 4201; x_wconf 81' lang='lat' dir='ltr'><strong>Alia</strong></span> <span class='ocrx_word' id='word_1_361' title='bbox 1042 4159 1256 4216; x_wconf 91' lang='lat' dir='ltr'><strong>quoque</strong></span> <span class='ocrx_word' id='word_1_362' title='bbox 1284 4142 1600 4205; x_wconf 90' lang='lat' dir='ltr'><strong>constituit,</strong></span> <span class='ocrx_word' id='word_1_363' title='bbox 1643 4139 1786 4195; x_wconf 91' lang='lat' dir='ltr'><strong>etde</strong></span> <span class='ocrx_word' id='word_1_364' title='bbox 1822 4139 2145 4209; x_wconf 86' lang='lat' dir='ltr'><strong>nuptialibus</strong></span> 
     </span>
    </p>
   </div>
   <div class='ocr_carea' id='block_1_44' title="bbox 563 4231 2148 4310">
    <p class='ocr_par' dir='ltr' id='par_1_44' title="bbox 563 4231 2148 4310">
     <span class='ocr_line' id='line_1_44' title="bbox 563 4231 2148 4310; baseline -0.008 -15"><span class='ocrx_word' id='word_1_365' title='bbox 563 4241 768 4310; x_wconf 75' lang='lat' dir='ltr'><strong>legibus</strong></span> <span class='ocrx_word' id='word_1_366' title='bbox 795 4239 1066 4303; x_wconf 81' lang='lat' dir='ltr'><strong>edisserit,</strong></span> <span class='ocrx_word' id='word_1_367' title='bbox 1093 4250 1384 4306; x_wconf 77' lang='lat' dir='ltr'><strong>pmnasque</strong></span> <span class='ocrx_word' id='word_1_368' title='bbox 1410 4232 1688 4288; x_wconf 89' lang='lat' dir='ltr'><strong>constituit</strong></span> <span class='ocrx_word' id='word_1_369' title='bbox 1714 4242 1898 4286; x_wconf 88' lang='lat' dir='ltr'><strong>contra</strong></span> <span class='ocrx_word' id='word_1_370' title='bbox 1927 4231 2148 4284; x_wconf 86' lang='lat' dir='ltr'><strong>violato-</strong></span> 
     </span>
    </p>
   </div>
   <div class='ocr_carea' id='block_1_45' title="bbox 563 4321 2144 4401">
    <p class='ocr_par' dir='ltr' id='par_1_45' title="bbox 563 4321 2144 4401">
     <span class='ocr_line' id='line_1_45' title="bbox 563 4321 2144 4401; baseline -0.007 -15"><span class='ocrx_word' id='word_1_371' title='bbox 563 4348 650 4386; x_wconf 87' lang='lat' dir='ltr'><strong>res</strong></span> <span class='ocrx_word' id='word_1_372' title='bbox 682 4333 967 4401; x_wconf 84' lang='lat' dir='ltr'><strong>virgiuum.</strong></span> <span class='ocrx_word' id='word_1_373' title='bbox 997 4330 1144 4398; x_wconf 86' lang='lat' dir='ltr'><strong>Quos</strong></span> <span class='ocrx_word' id='word_1_374' title='bbox 1186 4327 1470 4398; x_wconf 77' lang='lat' dir='ltr'><strong>Prohibent</strong></span> <span class='ocrx_word' id='word_1_375' title='bbox 1497 4325 1565 4379; x_wconf 89' lang='lat' dir='ltr'><strong>ab</strong></span> <span class='ocrx_word' id='word_1_376' title='bbox 1610 4324 1854 4393; x_wconf 87' lang='lat' dir='ltr'><strong>ingressu</strong></span> <span class='ocrx_word' id='word_1_377' title='bbox 1889 4322 1939 4376; x_wconf 92' lang='lat' dir='ltr'><strong>in</strong></span> <span class='ocrx_word' id='word_1_378' title='bbox 1971 4321 2144 4376; x_wconf 61' lang='lat' dir='ltr'><strong>ecclee</strong></span> 
     </span>
    </p>
   </div>
   <div class='ocr_carea' id='block_1_46' title="bbox 563 4415 2146 4490">
    <p class='ocr_par' dir='ltr' id='par_1_46' title="bbox 563 4415 2146 4490">
     <span class='ocr_line' id='line_1_46' title="bbox 563 4415 2146 4490; baseline -0.006 -13"><span class='ocrx_word' id='word_1_379' title='bbox 563 4427 697 4477; x_wconf 84' lang='lat' dir='ltr'><strong>siam</strong></span> <span class='ocrx_word' id='word_1_380' title='bbox 727 4439 741 4484; x_wconf 87' lang='lat'><strong>;</strong></span> <span class='ocrx_word' id='word_1_381' title='bbox 769 4425 837 4476; x_wconf 88' lang='lat' dir='ltr'><strong>de</strong></span> <span class='ocrx_word' id='word_1_382' title='bbox 883 4424 1003 4476; x_wconf 84' lang='lat' dir='ltr'><strong>aliis</strong></span> <span class='ocrx_word' id='word_1_383' title='bbox 1055 4435 1269 4490; x_wconf 88' lang='lat' dir='ltr'><strong>quoque</strong></span> <span class='ocrx_word' id='word_1_384' title='bbox 1302 4421 1445 4490; x_wconf 81' lang='lat' dir='ltr'><strong>leges</strong></span> <span class='ocrx_word' id='word_1_385' title='bbox 1473 4417 1597 4481; x_wconf 87' lang='lat' dir='ltr'><strong>fert,</strong></span> <span class='ocrx_word' id='word_1_386' title='bbox 1631 4415 1803 4487; x_wconf 89' lang='lat' dir='ltr'><strong>deque</strong></span> <span class='ocrx_word' id='word_1_387' title='bbox 1847 4426 1956 4470; x_wconf 88' lang='lat' dir='ltr'><strong>non</strong></span> <span class='ocrx_word' id='word_1_388' title='bbox 2001 4415 2146 4468; x_wconf 42' lang='lat' dir='ltr'><strong>accis</strong></span> 
     </span>
    </p>
   </div>
   <div class='ocr_carea' id='block_1_47' title="bbox 564 4507 2144 4584">
    <p class='ocr_par' dir='ltr' id='par_1_47' title="bbox 564 4507 2144 4584">
     <span class='ocr_line' id='line_1_47' title="bbox 564 4507 2144 4584; baseline -0.004 -17"><span class='ocrx_word' id='word_1_389' title='bbox 564 4515 762 4584; x_wconf 82' lang='lat' dir='ltr'><strong>piendo</strong></span> <span class='ocrx_word' id='word_1_390' title='bbox 812 4513 1040 4566; x_wconf 66' lang='lat' dir='ltr'><strong>foenore.</strong></span> <span class='ocrx_word' id='word_1_391' title='bbox 1090 4512 1202 4566; x_wconf 85' lang='lat' dir='ltr'><strong>Non</strong></span> <span class='ocrx_word' id='word_1_392' title='bbox 1230 4512 1586 4566; x_wconf 85' lang='lat' dir='ltr'><strong>cunctandum</strong></span> <span class='ocrx_word' id='word_1_393' title='bbox 1613 4524 1733 4565; x_wconf 90' lang='lat' dir='ltr'><strong>esse</strong></span> <span class='ocrx_word' id='word_1_394' title='bbox 1770 4509 1836 4564; x_wconf 91' lang='lat' dir='ltr'><strong>ad</strong></span> <span class='ocrx_word' id='word_1_395' title='bbox 1874 4507 2144 4564; x_wconf 89' lang='lat' dir='ltr'><strong>reddenda</strong></span> 
     </span>
    </p>
   </div>
   <div class='ocr_carea' id='block_1_48' title="bbox 569 4602 2147 4675">
    <p class='ocr_par' dir='ltr' id='par_1_48' title="bbox 569 4602 2147 4675">
     <span class='ocr_line' id='line_1_48' title="bbox 569 4602 2147 4675; baseline -0.004 -15"><span class='ocrx_word' id='word_1_396' title='bbox 569 4619 693 4662; x_wconf 89' lang='lat' dir='ltr'><strong>vota</strong></span> <span class='ocrx_word' id='word_1_397' title='bbox 725 4623 741 4672; x_wconf 88' lang='lat'><strong>;</strong></span> <span class='ocrx_word' id='word_1_398' title='bbox 778 4605 871 4660; x_wconf 90' lang='lat' dir='ltr'><strong>sed</strong></span> <span class='ocrx_word' id='word_1_399' title='bbox 903 4604 1046 4675; x_wconf 91' lang='lat' dir='ltr'><strong>quod</strong></span> <span class='ocrx_word' id='word_1_400' title='bbox 1071 4605 1190 4673; x_wconf 88' lang='lat' dir='ltr'><strong>quis</strong></span> <span class='ocrx_word' id='word_1_401' title='bbox 1216 4604 1442 4670; x_wconf 89' lang='lat' dir='ltr'><strong>voverit,</strong></span> <span class='ocrx_word' id='word_1_402' title='bbox 1465 4604 1643 4658; x_wconf 88' lang='lat' dir='ltr'><strong>statim</strong></span> <span class='ocrx_word' id='word_1_403' title='bbox 1672 4602 1861 4656; x_wconf 85' lang='lat' dir='ltr'><strong>solvat.</strong></span> <span class='ocrx_word' id='word_1_404' title='bbox 1911 4602 1988 4656; x_wconf 87' lang='lat' dir='ltr'><strong>De</strong></span> <span class='ocrx_word' id='word_1_405' title='bbox 2031 4617 2147 4656; x_wconf 85' lang='lat' dir='ltr'><strong>mtt-</strong></span> 
     </span>
    </p>
   </div>
   <div class='ocr_carea' id='block_1_49' title="bbox 571 4693 2148 4772">
    <p class='ocr_par' dir='ltr' id='par_1_49' title="bbox 571 4693 2148 4772">
     <span class='ocr_line' id='line_1_49' title="bbox 571 4693 2148 4772; baseline -0.006 -15"><span class='ocrx_word' id='word_1_406' title='bbox 571 4703 703 4757; x_wconf 88' lang='lat' dir='ltr'><strong>lierc</strong></span> <span class='ocrx_word' id='word_1_407' title='bbox 725 4715 843 4772; x_wconf 75' lang='lat' dir='ltr'><strong>qua:</strong></span> <span class='ocrx_word' id='word_1_408' title='bbox 871 4697 1078 4768; x_wconf 87' lang='lat' dir='ltr'><strong>accepit</strong></span> <span class='ocrx_word' id='word_1_409' title='bbox 1104 4695 1339 4749; x_wconf 90' lang='lat' dir='ltr'><strong>libellum</strong></span> <span class='ocrx_word' id='word_1_410' title='bbox 1373 4693 1601 4764; x_wconf 80' lang='lat' dir='ltr'><strong>repudii,</strong></span> <span class='ocrx_word' id='word_1_411' title='bbox 1631 4693 1698 4748; x_wconf 89' lang='lat' dir='ltr'><strong>de</strong></span> <span class='ocrx_word' id='word_1_412' title='bbox 1729 4693 2056 4764; x_wconf 76' lang='lat' dir='ltr'><strong>pignoribus,</strong></span> <span class='ocrx_word' id='word_1_413' title='bbox 2080 4693 2148 4748; x_wconf 89' lang='lat' dir='ltr'><strong>de</strong></span> 
     </span>
    </p>
   </div>
   <div class='ocr_carea' id='block_1_50' title="bbox 526 4823 2146 4899">
    <p class='ocr_par' dir='ltr' id='par_1_50' title="bbox 526 4823 2146 4899">
     <span class='ocr_line' id='line_1_50' title="bbox 526 4823 2146 4899; baseline -0.008 -12"><span class='ocrx_word' id='word_1_414' title='bbox 526 4827 540 4860; x_wconf 86' lang='lat'><em>‘</em></span> <span class='ocrx_word' id='word_1_415' title='bbox 622 4837 696 4899; x_wconf 75' lang='grc' dir='ltr'><strong>(τι)</strong></span> <span class='ocrx_word' id='word_1_416' title='bbox 718 4836 779 4899; x_wconf 78' lang='grc' dir='ltr'>Ιιι</span> <span class='ocrx_word' id='word_1_417' title='bbox 796 4831 1171 4899; x_wconf 69' lang='lat' dir='ltr'><strong>Deutcrqnomio</strong></span> <span class='ocrx_word' id='word_1_418' title='bbox 1191 4826 1373 4892; x_wconf 84' lang='lat' dir='ltr'><strong>legitur</strong></span> <span class='ocrx_word' id='word_1_419' title='bbox 1395 4841 1439 4899; x_wconf 64' lang='lat' dir='ltr'><strong>c.</strong></span> <span class='ocrx_word' id='word_1_420' title='bbox 1463 4826 1548 4899; x_wconf 49' lang='lat' dir='ltr'><strong>ig,</strong></span> <span class='ocrx_word' id='word_1_421' title='bbox 1576 4840 1622 4875; x_wconf 86' lang='lat' dir='ltr'><strong>v.</strong></span> <span class='ocrx_word' id='word_1_422' title='bbox 1650 4824 1710 4899; x_wconf 74' lang='lat' dir='ltr'><strong>ip</strong></span> <span class='ocrx_word' id='word_1_423' title='bbox 1729 4838 1741 4874; x_wconf 94' lang='lat'>:</span> <span class='ocrx_word' id='word_1_424' title='bbox 1762 4833 1854 4899; x_wconf 76' lang='lat' dir='ltr'><strong>Nec</strong></span> <span class='ocrx_word' id='word_1_425' title='bbox 1877 4823 2146 4877; x_wconf 73' lang='lat' dir='ltr'><strong>inveniatur</strong></span> 
     </span>
    </p>
   </div>
   <div class='ocr_carea' id='block_1_51' title="bbox 558 4886 2142 4960">
    <p class='ocr_par' dir='ltr' id='par_1_51' title="bbox 558 4886 2142 4960">
     <span class='ocr_line' id='line_1_51' title="bbox 558 4886 2142 4960; baseline -0.006 -13"><span class='ocrx_word' id='word_1_426' title='bbox 558 4899 607 4947; x_wconf 87' lang='lat' dir='ltr'><strong>in</strong></span> <span class='ocrx_word' id='word_1_427' title='bbox 627 4886 780 4960; x_wconf 72' lang='lat' dir='ltr'><strong>te&#39;qui</strong></span> <span class='ocrx_word' id='word_1_428' title='bbox 800 4899 968 4946; x_wconf 74' lang='lat' dir='ltr'><strong>lustret</strong></span> <span class='ocrx_word' id='word_1_429' title='bbox 985 4893 1155 4960; x_wconf 74' lang='lat' dir='ltr'><strong>ﬁtimn_</strong></span> <span class='ocrx_word' id='word_1_430' title='bbox 1173 4886 1330 4960; x_wconf 62' lang='lat' dir='ltr'><strong>statim,</strong></span> <span class='ocrx_word' id='word_1_431' title='bbox 1355 4895 1436 4939; x_wconf 80' lang='lat' dir='ltr'><strong>aut</strong></span> <span class='ocrx_word' id='word_1_432' title='bbox 1457 4887 1628 4960; x_wconf 61' lang='lat' dir='ltr'><strong>ﬁliuni,</strong></span> <span class='ocrx_word' id='word_1_433' title='bbox 1655 4886 1836 4960; x_wconf 63' lang='lat' dir='ltr'><strong>ducens</strong></span> <span class='ocrx_word' id='word_1_434' title='bbox 1855 4900 1942 4950; x_wconf 83' lang='lat' dir='ltr'><strong>per</strong></span> <span class='ocrx_word' id='word_1_435' title='bbox 1963 4899 2142 4960; x_wconf 71' lang='lat' dir='ltr'><strong>ignem.</strong></span> 
     </span>
    </p>
   </div>
   <div class='ocr_carea' id='block_1_52' title="bbox 627 4948 2147 5020">
    <p class='ocr_par' dir='ltr' id='par_1_52' title="bbox 627 4948 2147 5020">
     <span class='ocr_line' id='line_1_52' title="bbox 627 4948 2147 5020; baseline -0.005 -14"><span class='ocrx_word' id='word_1_436' title='bbox 627 4959 698 5019; x_wconf 88' lang='lat' dir='ltr'><strong>(b)</strong></span> <span class='ocrx_word' id='word_1_437' title='bbox 715 4948 832 5008; x_wconf 64' lang='lat' dir='ltr'><strong>&#39;ttzee</strong></span> <span class='ocrx_word' id='word_1_438' title='bbox 855 4967 908 5008; x_wconf 89' lang='lat' dir='ltr'><strong>et</strong></span> <span class='ocrx_word' id='word_1_439' title='bbox 931 4948 1198 5020; x_wconf 65' lang='lat' dir='ltr'><strong>ex&#39;plicatio</strong></span> <span class='ocrx_word' id='word_1_440' title='bbox 1212 4948 1519 5020; x_wconf 77' lang='lat' dir='ltr'><strong>subsequens</strong></span> <span class='ocrx_word' id='word_1_441' title='bbox 1535 4951 1775 5020; x_wconf 62' lang='lat' dir='ltr'><strong>habentur</strong></span> <span class='ocrx_word' id='word_1_442' title='bbox 1793 4948 2147 5020; x_wconf 61' lang='lat' dir='ltr'><strong>@o&#39;mmentario</strong></span> 
     </span>
    </p>
   </div>
   <div class='ocr_carea' id='block_1_53' title="bbox 561 5011 2144 5082">
    <p class='ocr_par' dir='ltr' id='par_1_53' title="bbox 561 5011 2144 5082">
     <span class='ocr_line' id='line_1_53' title="bbox 561 5011 2144 5082; baseline -0.005 -17"><span class='ocrx_word' id='word_1_443' title='bbox 561 5011 878 5082; x_wconf 65' lang='lat' dir='ltr'><strong>Chrysostomi</strong></span> <span class='ocrx_word' id='word_1_444' title='bbox 905 5021 953 5067; x_wconf 92' lang='lat' dir='ltr'><strong>in</strong></span> <span class='ocrx_word' id='word_1_445' title='bbox 976 5011 1118 5082; x_wconf 63' lang='lat' dir='ltr'><strong>Epist.</strong></span> <span class='ocrx_word' id='word_1_446' title='bbox 1143 5017 1206 5082; x_wconf 85' lang='lat' dir='ltr'><strong>ad</strong></span> <span class='ocrx_word' id='word_1_447' title='bbox 1224 5011 1408 5082; x_wconf 74' lang='lat' dir='ltr'><strong>Galatas</strong></span> <span class='ocrx_word' id='word_1_448' title='bbox 1430 5011 1606 5062; x_wconf 82' lang='lat' dir='ltr'><strong>Tom.V</strong></span> <span class='ocrx_word' id='word_1_449' title='bbox 1623 5011 1845 5082; x_wconf 65' lang='lat' dir='ltr'><strong>t-tditionis</strong></span> <span class='ocrx_word' id='word_1_450' title='bbox 1867 5018 2144 5073; x_wconf 80' lang='lat' dir='ltr'><strong>postrctna-,</strong></span> 
     </span>
    </p>
   </div>
   <div class='ocr_carea' id='block_1_54' title="bbox 559 5073 2147 5142">
    <p class='ocr_par' dir='ltr' id='par_1_54' title="bbox 559 5073 2147 5142">
     <span class='ocr_line' id='line_1_54' title="bbox 559 5073 2147 5142; baseline -0.005 -14"><span class='ocrx_word' id='word_1_451' title='bbox 559 5073 892 5142; x_wconf 67' lang='lat' dir='ltr'><strong>sml&#39;plurihus</strong></span> <span class='ocrx_word' id='word_1_452' title='bbox 916 5073 1161 5130; x_wconf 69' lang='lat' dir='ltr'><strong>enuntiata</strong></span> <span class='ocrx_word' id='word_1_453' title='bbox 1182 5078 1350 5142; x_wconf 80' lang='lat' dir='ltr'><strong>iisdem</strong></span> <span class='ocrx_word' id='word_1_454' title='bbox 1375 5087 1509 5138; x_wconf 69' lang='lat' dir='ltr'><strong>saepe</strong></span> <span class='ocrx_word' id='word_1_455' title='bbox 1527 5073 1712 5142; x_wconf 70' lang='lat' dir='ltr'><strong>verbis.</strong></span> <span class='ocrx_word' id='word_1_456' title='bbox 1729 5083 1942 5142; x_wconf 61' lang='lat' dir='ltr'><strong>puerum</strong></span> <span class='ocrx_word' id='word_1_457' title='bbox 1971 5084 2147 5142; x_wconf 71' lang='lat' dir='ltr'><strong>sensus</strong></span> 
     </span>
    </p>
   </div>
   <div class='ocr_carea' id='block_1_55' title="bbox 563 5132 2148 5205">
    <p class='ocr_par' dir='ltr' id='par_1_55' title="bbox 563 5132 2148 5205">
     <span class='ocr_line' id='line_1_55' title="bbox 563 5132 2148 5205; baseline -0.006 -15"><span class='ocrx_word' id='word_1_458' title='bbox 563 5143 639 5190; x_wconf 89' lang='lat' dir='ltr'><strong>hic</strong></span> <span class='ocrx_word' id='word_1_459' title='bbox 659 5132 771 5205; x_wconf 60' lang='lat' dir='ltr'><strong>est;</strong></span> <span class='ocrx_word' id='word_1_460' title='bbox 799 5139 1014 5205; x_wconf 71' lang='lat' dir='ltr'><strong>Christus</strong></span> <span class='ocrx_word' id='word_1_461' title='bbox 1036 5154 1124 5190; x_wconf 84' lang='lat' dir='ltr'><strong>nos</strong></span> <span class='ocrx_word' id='word_1_462' title='bbox 1144 5140 1356 5205; x_wconf 69' lang='lat' dir='ltr'><strong>redemit</strong></span> <span class='ocrx_word' id='word_1_463' title='bbox 1385 5151 1411 5186; x_wconf 86' lang='lat' dir='ltr'><strong>a</strong></span> <span class='ocrx_word' id='word_1_464' title='bbox 1437 5132 1703 5205; x_wconf 64' lang='lat' dir='ltr'><strong>maledicto</strong></span> <span class='ocrx_word' id='word_1_465' title='bbox 1729 5135 1872 5205; x_wconf 71' lang='lat' dir='ltr'><strong>legis,</strong></span> <span class='ocrx_word' id='word_1_466' title='bbox 1897 5147 1923 5205; x_wconf 67' lang='grc' dir='ltr'><strong>ει</strong></span> <span class='ocrx_word' id='word_1_467' title='bbox 1948 5132 2148 5182; x_wconf 73' lang='grc' dir='ltr'>ιιιιιὶρόὶο</span> 
     </span>
    </p>
   </div>
   <div class='ocr_carea' id='block_1_56' title="bbox 562 5195 2147 5259">
    <p class='ocr_par' dir='ltr' id='par_1_56' title="bbox 562 5195 2147 5259">
     <span class='ocr_line' id='line_1_56' title="bbox 562 5195 2147 5259; baseline -0.005 -7"><span class='ocrx_word' id='word_1_468' title='bbox 562 5213 640 5254; x_wconf 80' lang='lat' dir='ltr'><strong>ctu</strong></span> <span class='ocrx_word' id='word_1_469' title='bbox 663 5199 849 5251; x_wconf 85' lang='lat' dir='ltr'><strong>scilicet</strong></span> <span class='ocrx_word' id='word_1_470' title='bbox 869 5198 954 5248; x_wconf 92' lang='lat' dir='ltr'><strong>illo</strong></span> <span class='ocrx_word' id='word_1_471' title='bbox 978 5207 1118 5250; x_wconf 87' lang='lat' dir='ltr'><strong>Deut.</strong></span> <span class='ocrx_word' id='word_1_472' title='bbox 1141 5201 1222 5259; x_wconf 75' lang='lat'><strong>27,</strong></span> <span class='ocrx_word' id='word_1_473' title='bbox 1245 5201 1324 5256; x_wconf 79' lang='lat'><strong>28,</strong></span> <span class='ocrx_word' id='word_1_474' title='bbox 1351 5197 1632 5250; x_wconf 75' lang='lat' dir='ltr'><strong>Maledicttts</strong></span> <span class='ocrx_word' id='word_1_475' title='bbox 1655 5195 1807 5246; x_wconf 72' lang='lat' dir='ltr'><strong>anatis</strong></span> <span class='ocrx_word' id='word_1_476' title='bbox 1827 5195 1908 5259; x_wconf 73' lang='lat' dir='ltr'><strong>qui</strong></span> <span class='ocrx_word' id='word_1_477' title='bbox 1931 5208 2023 5243; x_wconf 83' lang='lat' dir='ltr'><strong>non</strong></span> <span class='ocrx_word' id='word_1_478' title='bbox 2046 5207 2147 5244; x_wconf 86' lang='lat' dir='ltr'><strong>ma-</strong></span> 
     </span>
    </p>
   </div>
   <div class='ocr_carea' id='block_1_57' title="bbox 562 5253 2146 5323">
    <p class='ocr_par' dir='ltr' id='par_1_57' title="bbox 562 5253 2146 5323">
     <span class='ocr_line' id='line_1_57' title="bbox 562 5253 2146 5323; baseline -0.005 -11"><span class='ocrx_word' id='word_1_479' title='bbox 562 5253 639 5314; x_wconf 63' lang='lat' dir='ltr'><strong>net</strong></span> <span class='ocrx_word' id='word_1_480' title='bbox 657 5263 707 5314; x_wconf 84' lang='lat' dir='ltr'><strong>in</strong></span> <span class='ocrx_word' id='word_1_481' title='bbox 730 5261 945 5311; x_wconf 81' lang='lat' dir='ltr'><strong>omnibus</strong></span> <span class='ocrx_word' id='word_1_482' title='bbox 962 5261 1156 5322; x_wconf 79' lang='lat' dir='ltr'><strong>seriptis</strong></span> <span class='ocrx_word' id='word_1_483' title='bbox 1178 5253 1228 5310; x_wconf 82' lang='lat' dir='ltr'><strong>in</strong></span> <span class='ocrx_word' id='word_1_484' title='bbox 1250 5253 1337 5310; x_wconf 78' lang='lat' dir='ltr'><strong>hoc</strong></span> <span class='ocrx_word' id='word_1_485' title='bbox 1359 5259 1521 5311; x_wconf 87' lang='lat' dir='ltr'><strong>libro:</strong></span> <span class='ocrx_word' id='word_1_486' title='bbox 1549 5261 1661 5323; x_wconf 80' lang='lat' dir='ltr'><strong>quia</strong></span> <span class='ocrx_word' id='word_1_487' title='bbox 1685 5260 1790 5320; x_wconf 69' lang='lat' dir='ltr'><strong>ipse</strong></span> <span class='ocrx_word' id='word_1_488' title='bbox 1827 5253 1854 5306; x_wconf 67' lang='grc' dir='ltr'>τι</span> <span class='ocrx_word' id='word_1_489' title='bbox 1889 5253 2146 5323; x_wconf 66' lang='lat' dir='ltr'><strong>legesera-</strong></span> 
     </span>
    </p>
   </div>
   <div class='ocr_carea' id='block_1_58' title="bbox 560 5316 2146 5384">
    <p class='ocr_par' dir='ltr' id='par_1_58' title="bbox 560 5316 2146 5384">
     <span class='ocr_line' id='line_1_58' title="bbox 560 5316 2146 5384; baseline -0.006 -10"><span class='ocrx_word' id='word_1_490' title='bbox 560 5328 714 5375; x_wconf 75' lang='lat' dir='ltr'><strong>vanda</strong></span> <span class='ocrx_word' id='word_1_491' title='bbox 737 5336 826 5384; x_wconf 83' lang='lat' dir='ltr'><strong>nos</strong></span> <span class='ocrx_word' id='word_1_492' title='bbox 837 5325 1028 5384; x_wconf 80' lang='lat' dir='ltr'><strong>exemit</strong></span> <span class='ocrx_word' id='word_1_493' title='bbox 1037 5316 1125 5384; x_wconf 56' lang='lat' dir='ltr'><strong>{et</strong></span> <span class='ocrx_word' id='word_1_494' title='bbox 1139 5336 1234 5384; x_wconf 84' lang='lat' dir='ltr'><strong>quo</strong></span> <span class='ocrx_word' id='word_1_495' title='bbox 1240 5330 1383 5384; x_wconf 79' lang='lat' dir='ltr'><strong>pacto</strong></span> <span class='ocrx_word' id='word_1_496' title='bbox 1406 5316 1624 5384; x_wconf 76' lang='lat' dir='ltr'><strong>exemit?</strong></span> <span class='ocrx_word' id='word_1_497' title='bbox 1644 5316 1913 5384; x_wconf 61' lang='lat' dir='ltr'><strong>Suspensus</strong></span> <span class='ocrx_word' id='word_1_498' title='bbox 1932 5316 1976 5384; x_wconf 74' lang='lat' dir='ltr'><strong>in</strong></span> <span class='ocrx_word' id='word_1_499' title='bbox 1997 5316 2146 5384; x_wconf 74' lang='lat' dir='ltr'><strong>ligno,</strong></span> 
     </span>
    </p>
   </div>
   <div class='ocr_carea' id='block_1_59' title="bbox 563 5379 2147 5444">
    <p class='ocr_par' dir='ltr' id='par_1_59' title="bbox 563 5379 2147 5444">
     <span class='ocr_line' id='line_1_59' title="bbox 563 5379 2147 5444; baseline -0.004 -8"><span class='ocrx_word' id='word_1_500' title='bbox 563 5401 607 5437; x_wconf 89' lang='lat' dir='ltr'><strong>et</strong></span> <span class='ocrx_word' id='word_1_501' title='bbox 637 5392 706 5440; x_wconf 85' lang='lat' dir='ltr'><strong>sic</strong></span> <span class='ocrx_word' id='word_1_502' title='bbox 728 5383 855 5436; x_wconf 84' lang='lat' dir='ltr'><strong>aliud</strong></span> <span class='ocrx_word' id='word_1_503' title='bbox 874 5379 1180 5432; x_wconf 77' lang='lat' dir='ltr'><strong>maledictum</strong></span> <span class='ocrx_word' id='word_1_504' title='bbox 1203 5379 1285 5431; x_wconf 78' lang='lat' dir='ltr'><strong>ille</strong></span> <span class='ocrx_word' id='word_1_505' title='bbox 1307 5384 1471 5440; x_wconf 81' lang='lat' dir='ltr'><strong>subiit,</strong></span> <span class='ocrx_word' id='word_1_506' title='bbox 1497 5382 1611 5432; x_wconf 89' lang='lat' dir='ltr'><strong>illud</strong></span> <span class='ocrx_word' id='word_1_507' title='bbox 1627 5379 1842 5444; x_wconf 74' lang='lat' dir='ltr'><strong>nempe,</strong></span> <span class='ocrx_word' id='word_1_508' title='bbox 1870 5379 2147 5430; x_wconf 76' lang='lat' dir='ltr'><strong>Maledicttts</strong></span> 
     </span>
    </p>
   </div>
   <div class='ocr_carea' id='block_1_60' title="bbox 559 5443 2147 5512">
    <p class='ocr_par' dir='ltr' id='par_1_60' title="bbox 559 5443 2147 5512">
     <span class='ocr_line' id='line_1_60' title="bbox 559 5443 2147 5512; baseline -0.006 -13"><span class='ocrx_word' id='word_1_509' title='bbox 559 5451 713 5502; x_wconf 78' lang='lat' dir='ltr'><strong>euntis</strong></span> <span class='ocrx_word' id='word_1_510' title='bbox 737 5447 818 5512; x_wconf 86' lang='lat' dir='ltr'><strong>qui</strong></span> <span class='ocrx_word' id='word_1_511' title='bbox 841 5445 1013 5512; x_wconf 67' lang='lat' dir='ltr'><strong>pendet</strong></span> <span class='ocrx_word' id='word_1_512' title='bbox 1033 5444 1083 5494; x_wconf 88' lang='lat' dir='ltr'><strong>in</strong></span> <span class='ocrx_word' id='word_1_513' title='bbox 1106 5444 1267 5506; x_wconf 73' lang='lat' dir='ltr'><strong>tigno;</strong></span> <span class='ocrx_word' id='word_1_514' title='bbox 1290 5445 1372 5506; x_wconf 86' lang='lat' dir='ltr'><strong>qui</strong></span> <span class='ocrx_word' id='word_1_515' title='bbox 1397 5451 1559 5492; x_wconf 84' lang='lat' dir='ltr'><strong>tamen</strong></span> <span class='ocrx_word' id='word_1_516' title='bbox 1589 5443 1705 5512; x_wconf 77' lang='lat' dir='ltr'><strong>illud</strong></span> <span class='ocrx_word' id='word_1_517' title='bbox 1733 5443 1825 5512; x_wconf 82' lang='lat' dir='ltr'><strong>non</strong></span> <span class='ocrx_word' id='word_1_518' title='bbox 1859 5450 2108 5512; x_wconf 84' lang='lat' dir='ltr'><strong>meruerat</strong></span> <span class='ocrx_word' id='word_1_519' title='bbox 2133 5454 2147 5489; x_wconf 85' lang='lat'><strong>:</strong></span> 
     </span>
    </p>
   </div>
   <div class='ocr_carea' id='block_1_61' title="bbox 562 5505 2152 5574">
    <p class='ocr_par' dir='ltr' id='par_1_61' title="bbox 562 5505 2152 5574">
     <span class='ocr_line' id='line_1_61' title="bbox 562 5505 2152 5574; baseline -0.006 -14"><span class='ocrx_word' id='word_1_520' title='bbox 562 5526 672 5574; x_wconf 86' lang='lat' dir='ltr'><strong>nam</strong></span> <span class='ocrx_word' id='word_1_521' title='bbox 695 5505 859 5574; x_wconf 70' lang='lat' dir='ltr'><strong>legem</strong></span> <span class='ocrx_word' id='word_1_522' title='bbox 878 5506 1183 5574; x_wconf 78' lang='lat' dir='ltr'><strong>impleverat;</strong></span> <span class='ocrx_word' id='word_1_523' title='bbox 1203 5505 1319 5574; x_wconf 75' lang='lat' dir='ltr'><strong>cum</strong></span> <span class='ocrx_word' id='word_1_524' title='bbox 1333 5512 1498 5574; x_wconf 78' lang='lat' dir='ltr'><strong>autem</strong></span> <span class='ocrx_word' id='word_1_525' title='bbox 1523 5519 1611 5574; x_wconf 69' lang='lat' dir='ltr'><strong>nos</strong></span> <span class='ocrx_word' id='word_1_526' title='bbox 1629 5507 1744 5574; x_wconf 80' lang='lat' dir='ltr'><strong>_ej_us</strong></span> <span class='ocrx_word' id='word_1_527' title='bbox 1762 5505 1907 5574; x_wconf 79' lang='lat' dir='ltr'><strong>jussis</strong></span> <span class='ocrx_word' id='word_1_528' title='bbox 1921 5510 2152 5574; x_wconf 62' lang='lat' dir='ltr'><strong>[terentes</strong></span> 
     </span>
    </p>
   </div>
   <div class='ocr_carea' id='block_1_62' title="bbox 563 5565 2152 5635">
    <p class='ocr_par' dir='ltr' id='par_1_62' title="bbox 563 5565 2152 5635">
     <span class='ocr_line' id='line_1_62' title="bbox 563 5565 2152 5635; baseline -0.005 -14"><span class='ocrx_word' id='word_1_529' title='bbox 563 5573 726 5635; x_wconf 75' lang='lat' dir='ltr'><strong>legem</strong></span> <span class='ocrx_word' id='word_1_530' title='bbox 752 5565 849 5623; x_wconf 69' lang='lat' dir='ltr'><strong>non</strong></span> <span class='ocrx_word' id='word_1_531' title='bbox 873 5565 1171 5635; x_wconf 74' lang='lat' dir='ltr'><strong>impleamus,</strong></span> <span class='ocrx_word' id='word_1_532' title='bbox 1196 5567 1501 5635; x_wconf 76' lang='lat' dir='ltr'><strong>maledictum</strong></span> <span class='ocrx_word' id='word_1_533' title='bbox 1527 5567 1642 5615; x_wconf 91' lang='lat' dir='ltr'><strong>illud</strong></span> <span class='ocrx_word' id='word_1_534' title='bbox 1668 5565 1826 5635; x_wconf 64' lang='lat' dir='ltr'><strong>legis,</strong></span> <span class='ocrx_word' id='word_1_535' title='bbox 1840 5565 1965 5627; x_wconf 89' lang='lat' dir='ltr'><strong>quod</strong></span> <span class='ocrx_word' id='word_1_536' title='bbox 1991 5569 2038 5614; x_wconf 86' lang='lat' dir='ltr'><strong>iu</strong></span> <span class='ocrx_word' id='word_1_537' title='bbox 2065 5576 2152 5613; x_wconf 85' lang='lat' dir='ltr'><strong>nos</strong></span> 
     </span>
    </p>
   </div>
   <div class='ocr_carea' id='block_1_63' title="bbox 561 5629 2152 5691">
    <p class='ocr_par' dir='ltr' id='par_1_63' title="bbox 561 5629 2152 5691">
     <span class='ocr_line' id='line_1_63' title="bbox 561 5629 2152 5691; baseline -0.006 -8"><span class='ocrx_word' id='word_1_538' title='bbox 561 5629 740 5685; x_wconf 62' lang='lat' dir='ltr'><strong>uidere</strong></span> <span class='ocrx_word' id='word_1_539' title='bbox 757 5629 1011 5691; x_wconf 77' lang='lat' dir='ltr'><strong>debuerat,</strong></span> <span class='ocrx_word' id='word_1_540' title='bbox 1025 5630 1118 5682; x_wconf 88' lang='lat' dir='ltr'><strong>alio</strong></span> <span class='ocrx_word' id='word_1_541' title='bbox 1134 5629 1388 5680; x_wconf 71' lang='lat' dir='ltr'><strong>malediao</strong></span> <span class='ocrx_word' id='word_1_542' title='bbox 1404 5629 1507 5689; x_wconf 83' lang='lat' dir='ltr'><strong>ipse</strong></span> <span class='ocrx_word' id='word_1_543' title='bbox 1524 5641 1804 5691; x_wconf 68' lang='lat' dir='ltr'><strong>cornipensav</strong></span> <span class='ocrx_word' id='word_1_544' title='bbox 1816 5629 1869 5684; x_wconf 87' lang='lat' dir='ltr'><strong>it,</strong></span> <span class='ocrx_word' id='word_1_545' title='bbox 1885 5640 2152 5691; x_wconf 71' lang='lat' dir='ltr'><strong>StISpensus</strong></span> 
     </span>
    </p>
   </div>
   <div class='ocr_carea' id='block_1_64' title="bbox 563 5687 2144 5761">
    <p class='ocr_par' dir='ltr' id='par_1_64' title="bbox 563 5687 2144 5761">
     <span class='ocr_line' id='line_1_64' title="bbox 563 5687 2144 5761; baseline -0.006 -16"><span class='ocrx_word' id='word_1_546' title='bbox 563 5697 612 5746; x_wconf 86' lang='lat' dir='ltr'><strong>in</strong></span> <span class='ocrx_word' id='word_1_547' title='bbox 634 5698 786 5758; x_wconf 63' lang='lat' dir='ltr'><strong>ligno,</strong></span> <span class='ocrx_word' id='word_1_548' title='bbox 808 5705 950 5761; x_wconf 84' lang='lat' dir='ltr'><strong>atque</strong></span> <span class='ocrx_word' id='word_1_549' title='bbox 971 5687 1034 5745; x_wconf 80' lang='lat' dir='ltr'><strong>ita</strong></span> <span class='ocrx_word' id='word_1_550' title='bbox 1055 5687 1441 5745; x_wconf 71' lang='lat' dir='ltr'><strong>mult-dictionem</strong></span> <span class='ocrx_word' id='word_1_551' title='bbox 1465 5687 1796 5738; x_wconf 75' lang='lat' dir='ltr'><strong>ttialedictiOtte</strong></span> <span class='ocrx_word' id='word_1_552' title='bbox 1819 5687 2144 5738; x_wconf 85' lang='lat' dir='ltr'><strong>commutavit.</strong></span> 
     </span>
    </p>
   </div>
   <div class='ocr_carea' id='block_1_65' title="bbox 1303 246 3732 332">
    <p class='ocr_par' dir='ltr' id='par_1_65' title="bbox 1303 246 3732 332">
     <span class='ocr_line' id='line_1_65' title="bbox 1303 246 3732 332; baseline 0.002 -17"><span class='ocrx_word' id='word_1_553' title='bbox 1303 261 1358 315; x_wconf 87' lang='lat' dir='ltr'><strong>S.</strong></span> <span class='ocrx_word' id='word_1_554' title='bbox 1386 251 1662 313; x_wconf 71' lang='lat' dir='ltr'><strong>.lOANNlS</strong></span> <span class='ocrx_word' id='word_1_555' title='bbox 1701 247 2163 312; x_wconf 68' lang='lat' dir='ltr'><strong>CIIRYSOSTOMI</strong></span> <span class='ocrx_word' id='word_1_556' title='bbox 2202 246 2514 314; x_wconf 70' lang='lat' dir='ltr'><strong>ARClllEP.</strong></span> <span class='ocrx_word' id='word_1_557' title='bbox 2556 246 3084 317; x_wconf 69' lang='lat' dir='ltr'><strong>CONSTANTINOP.</strong></span> <span class='ocrx_word' id='word_1_558' title='bbox 3659 270 3732 332; x_wconf 63' lang='lat'><strong>333</strong></span> 
     </span>
    </p>
   </div>
   <div class='ocr_carea' id='block_1_66' title="bbox 2255 372 3723 455">
    <p class='ocr_par' dir='ltr' id='par_1_66' title="bbox 2255 372 3723 455">
     <span class='ocr_line' id='line_1_66' title="bbox 2255 372 3723 455; baseline 0.01 -28"><span class='ocrx_word' id='word_1_559' title='bbox 2255 372 2416 440; x_wconf 89' lang='lat' dir='ltr'><strong>furto,</strong></span> <span class='ocrx_word' id='word_1_560' title='bbox 2436 376 2505 432; x_wconf 91' lang='lat' dir='ltr'><strong>de</strong></span> <span class='ocrx_word' id='word_1_561' title='bbox 2545 379 2794 435; x_wconf 89' lang='lat' dir='ltr'><strong>mercede</strong></span> <span class='ocrx_word' id='word_1_562' title='bbox 2821 381 3162 446; x_wconf 87' lang='lat' dir='ltr'><strong>mercenarii,</strong></span> <span class='ocrx_word' id='word_1_563' title='bbox 3190 381 3254 436; x_wconf 90' lang='lat' dir='ltr'><strong>de</strong></span> <span class='ocrx_word' id='word_1_564' title='bbox 3275 383 3456 452; x_wconf 88' lang='lat' dir='ltr'><strong>pupillo</strong></span> <span class='ocrx_word' id='word_1_565' title='bbox 3477 425 3492 451; x_wconf 93' lang='lat'><strong>,</strong></span> <span class='ocrx_word' id='word_1_566' title='bbox 3512 386 3568 440; x_wconf 88' lang='lat' dir='ltr'><strong>de</strong></span> <span class='ocrx_word' id='word_1_567' title='bbox 3589 390 3723 455; x_wconf 69' lang='lat' dir='ltr'><strong>vitim,</strong></span> 
     </span>
    </p>
   </div>
   <div class='ocr_carea' id='block_1_67' title="bbox 2251 466 3740 546">
    <p class='ocr_par' dir='ltr' id='par_1_67' title="bbox 2251 466 3740 546">
     <span class='ocr_line' id='line_1_67' title="bbox 2251 466 3740 546; baseline 0.011 -26"><span class='ocrx_word' id='word_1_568' title='bbox 2251 466 2320 522; x_wconf 90' lang='lat' dir='ltr'><strong>de</strong></span> <span class='ocrx_word' id='word_1_569' title='bbox 2351 468 2720 540; x_wconf 86' lang='lat' dir='ltr'><strong>relinquendis</strong></span> <span class='ocrx_word' id='word_1_570' title='bbox 2763 474 2927 543; x_wconf 89' lang='lat' dir='ltr'><strong>spicis</strong></span> <span class='ocrx_word' id='word_1_571' title='bbox 2969 485 3025 528; x_wconf 91' lang='lat' dir='ltr'><strong>et</strong></span> <span class='ocrx_word' id='word_1_572' title='bbox 3073 474 3190 529; x_wconf 88' lang='lat' dir='ltr'><strong>uvis</strong></span> <span class='ocrx_word' id='word_1_573' title='bbox 3220 485 3310 544; x_wconf 87' lang='lat' dir='ltr'><strong>pro</strong></span> <span class='ocrx_word' id='word_1_574' title='bbox 3348 479 3643 546; x_wconf 82' lang='lat' dir='ltr'><strong>pauperibus.</strong></span> <span class='ocrx_word' id='word_1_575' title='bbox 3670 483 3740 538; x_wconf 84' lang='lat' dir='ltr'><strong>llic</strong></span> 
     </span>
    </p>
   </div>
   <div class='ocr_carea' id='block_1_68' title="bbox 2245 560 3740 644">
    <p class='ocr_par' dir='ltr' id='par_1_68' title="bbox 2245 560 3740 644">
     <span class='ocr_line' id='line_1_68' title="bbox 2245 560 3740 644; baseline 0.013 -33"><span class='ocrx_word' id='word_1_576' title='bbox 2245 560 2423 627; x_wconf 85' lang='lat' dir='ltr'><strong>jacet,</strong></span> <span class='ocrx_word' id='word_1_577' title='bbox 2471 563 2611 630; x_wconf 87' lang='lat' dir='ltr'><strong>quod</strong></span> <span class='ocrx_word' id='word_1_578' title='bbox 2656 580 2761 617; x_wconf 90' lang='lat' dir='ltr'><strong>non</strong></span> <span class='ocrx_word' id='word_1_579' title='bbox 2794 564 2990 620; x_wconf 85' lang='lat' dir='ltr'><strong>debeat</strong></span> <span class='ocrx_word' id='word_1_580' title='bbox 3035 577 3134 636; x_wconf 89' lang='lat' dir='ltr'><strong>pro</strong></span> <span class='ocrx_word' id='word_1_581' title='bbox 3179 567 3443 636; x_wconf 88' lang='lat' dir='ltr'><strong>iniquitate</strong></span> <span class='ocrx_word' id='word_1_582' title='bbox 3464 571 3611 641; x_wconf 83' lang='lat' dir='ltr'><strong>aliqua</strong></span> <span class='ocrx_word' id='word_1_583' title='bbox 3634 577 3740 644; x_wconf 79' lang='lat' dir='ltr'><strong>plus-</strong></span> 
     </span>
    </p>
   </div>
   <div class='ocr_carea' id='block_1_69' title="bbox 2249 655 3741 730">
    <p class='ocr_par' dir='ltr' id='par_1_69' title="bbox 2249 655 3741 730">
     <span class='ocr_line' id='line_1_69' title="bbox 2249 655 3741 730; baseline 0.011 -26"><span class='ocrx_word' id='word_1_584' title='bbox 2249 666 2408 719; x_wconf 89' lang='lat' dir='ltr'><strong>quam</strong></span> <span class='ocrx_word' id='word_1_585' title='bbox 2437 655 2787 726; x_wconf 86' lang='lat' dir='ltr'><strong>quadraginta</strong></span> <span class='ocrx_word' id='word_1_586' title='bbox 2817 657 2997 727; x_wconf 81' lang='lat' dir='ltr'><strong>plagas</strong></span> <span class='ocrx_word' id='word_1_587' title='bbox 3035 660 3154 728; x_wconf 90' lang='lat' dir='ltr'><strong>quis</strong></span> <span class='ocrx_word' id='word_1_588' title='bbox 3183 661 3432 730; x_wconf 82' lang='lat' dir='ltr'><strong>accipere.</strong></span> <span class='ocrx_word' id='word_1_589' title='bbox 3463 663 3530 718; x_wconf 89' lang='lat' dir='ltr'><strong>De</strong></span> <span class='ocrx_word' id='word_1_590' title='bbox 3555 680 3644 720; x_wconf 85' lang='lat' dir='ltr'><strong>non</strong></span> <span class='ocrx_word' id='word_1_591' title='bbox 3659 670 3741 721; x_wconf 42' lang='lat' dir='ltr'><strong>allis</strong></span> 
     </span>
    </p>
   </div>
   <div class='ocr_carea' id='block_1_70' title="bbox 2248 743 3743 815">
    <p class='ocr_par' dir='ltr' id='par_1_70' title="bbox 2248 743 3743 815">
     <span class='ocr_line' id='line_1_70' title="bbox 2248 743 3743 815; baseline 0.013 -20"><span class='ocrx_word' id='word_1_592' title='bbox 2248 743 2426 811; x_wconf 64' lang='lat' dir='ltr'><strong>gando</strong></span> <span class='ocrx_word' id='word_1_593' title='bbox 2473 757 2569 798; x_wconf 90' lang='lat' dir='ltr'><strong>ore</strong></span> <span class='ocrx_word' id='word_1_594' title='bbox 2623 746 2779 801; x_wconf 86' lang='lat' dir='ltr'><strong>bovis</strong></span> <span class='ocrx_word' id='word_1_595' title='bbox 2819 748 3149 814; x_wconf 87' lang='lat' dir='ltr'><strong>triturantis,</strong></span> <span class='ocrx_word' id='word_1_596' title='bbox 3177 750 3242 805; x_wconf 91' lang='lat' dir='ltr'><strong>de</strong></span> <span class='ocrx_word' id='word_1_597' title='bbox 3289 753 3568 810; x_wconf 82' lang='lat' dir='ltr'><strong>suscitando</strong></span> <span class='ocrx_word' id='word_1_598' title='bbox 3589 760 3743 815; x_wconf 75' lang='lat' dir='ltr'><strong>semine</strong></span> 
     </span>
    </p>
   </div>
   <div class='ocr_carea' id='block_1_71' title="bbox 2250 834 3744 921">
    <p class='ocr_par' dir='ltr' id='par_1_71' title="bbox 2250 834 3744 921">
     <span class='ocr_line' id='line_1_71' title="bbox 2250 834 3744 921; baseline 0.013 -35"><span class='ocrx_word' id='word_1_599' title='bbox 2250 834 2397 888; x_wconf 86' lang='lat' dir='ltr'><strong>fratri</strong></span> <span class='ocrx_word' id='word_1_600' title='bbox 2425 840 2513 906; x_wconf 87' lang='lat' dir='ltr'><strong>qui</strong></span> <span class='ocrx_word' id='word_1_601' title='bbox 2537 836 2820 894; x_wconf 89' lang='lat' dir='ltr'><strong>defunctus</strong></span> <span class='ocrx_word' id='word_1_602' title='bbox 2839 881 2854 906; x_wconf 92' lang='lat'><strong>,</strong></span> <span class='ocrx_word' id='word_1_603' title='bbox 2879 840 2945 896; x_wconf 88' lang='lat' dir='ltr'><strong>ab</strong></span> <span class='ocrx_word' id='word_1_604' title='bbox 2965 857 3031 897; x_wconf 91' lang='lat' dir='ltr'><strong>eo</strong></span> <span class='ocrx_word' id='word_1_605' title='bbox 3058 844 3147 912; x_wconf 88' lang='lat' dir='ltr'><strong>qui</strong></span> <span class='ocrx_word' id='word_1_606' title='bbox 3177 854 3438 914; x_wconf 83' lang='lat' dir='ltr'><strong>superstes</strong></span> <span class='ocrx_word' id='word_1_607' title='bbox 3461 859 3534 902; x_wconf 85' lang='lat' dir='ltr'><strong>est</strong></span> <span class='ocrx_word' id='word_1_608' title='bbox 3555 867 3568 903; x_wconf 91' lang='lat'><strong>:</strong></span> <span class='ocrx_word' id='word_1_609' title='bbox 3587 861 3632 905; x_wconf 89' lang='lat' dir='ltr'><strong>et</strong></span> <span class='ocrx_word' id='word_1_610' title='bbox 3653 855 3744 921; x_wconf 83' lang='lat' dir='ltr'><strong>quid</strong></span> 
     </span>
    </p>
   </div>
   <div class='ocr_carea' id='block_1_72' title="bbox 2250 931 3746 1009">
    <p class='ocr_par' dir='ltr' id='par_1_72' title="bbox 2250 931 3746 1009">
     <span class='ocr_line' id='line_1_72' title="bbox 2250 931 3746 1009; baseline 0.014 -30"><span class='ocrx_word' id='word_1_611' title='bbox 2250 941 2506 996; x_wconf 85' lang='lat' dir='ltr'><strong>passurus</strong></span> <span class='ocrx_word' id='word_1_612' title='bbox 2533 931 2710 1000; x_wconf 77' lang='lat' dir='ltr'><strong>sitqui</strong></span> <span class='ocrx_word' id='word_1_613' title='bbox 2743 933 2973 988; x_wconf 87' lang='lat' dir='ltr'><strong>noluerit</strong></span> <span class='ocrx_word' id='word_1_614' title='bbox 2999 936 3275 991; x_wconf 80' lang='lat' dir='ltr'><strong>suscitare.</strong></span> <span class='ocrx_word' id='word_1_615' title='bbox 3295 938 3368 992; x_wconf 88' lang='lat' dir='ltr'><strong>De</strong></span> <span class='ocrx_word' id='word_1_616' title='bbox 3387 940 3686 1009; x_wconf 86' lang='lat' dir='ltr'><strong>ponderibus,</strong></span> <span class='ocrx_word' id='word_1_617' title='bbox 3699 945 3746 1000; x_wconf 80' lang='lat' dir='ltr'><strong>de</strong></span> 
     </span>
    </p>
   </div>
   <div class='ocr_carea' id='block_1_73' title="bbox 2250 1021 3744 1101">
    <p class='ocr_par' dir='ltr' id='par_1_73' title="bbox 2250 1021 3744 1101">
     <span class='ocr_line' id='line_1_73' title="bbox 2250 1021 3744 1101; baseline 0.007 -27"><span class='ocrx_word' id='word_1_618' title='bbox 2250 1021 2541 1075; x_wconf 83' lang='lat' dir='ltr'><strong>mensuris.</strong></span> <span class='ocrx_word' id='word_1_619' title='bbox 2585 1023 2660 1077; x_wconf 89' lang='lat' dir='ltr'><strong>De</strong></span> <span class='ocrx_word' id='word_1_620' title='bbox 2706 1026 3117 1080; x_wconf 81' lang='lat' dir='ltr'><strong>extetminando</strong></span> <span class='ocrx_word' id='word_1_621' title='bbox 3141 1027 3408 1085; x_wconf 82' lang='lat' dir='ltr'><strong>Amaleco.</strong></span> <span class='ocrx_word' id='word_1_622' title='bbox 3447 1031 3516 1085; x_wconf 86' lang='lat' dir='ltr'><strong>De</strong></span> <span class='ocrx_word' id='word_1_623' title='bbox 3539 1034 3744 1101; x_wconf 71' lang='lat' dir='ltr'><strong>primitiis,</strong></span> 
     </span>
    </p>
   </div>
   <div class='ocr_carea' id='block_1_74' title="bbox 2250 1112 3747 1189">
    <p class='ocr_par' dir='ltr' id='par_1_74' title="bbox 2250 1112 3747 1189">
     <span class='ocr_line' id='line_1_74' title="bbox 2250 1112 3747 1189; baseline 0.009 -23"><span class='ocrx_word' id='word_1_624' title='bbox 2250 1112 2318 1167; x_wconf 91' lang='lat' dir='ltr'><strong>de</strong></span> <span class='ocrx_word' id='word_1_625' title='bbox 2348 1113 2685 1170; x_wconf 87' lang='lat' dir='ltr'><strong>humanitate</strong></span> <span class='ocrx_word' id='word_1_626' title='bbox 2715 1132 2836 1186; x_wconf 87' lang='lat' dir='ltr'><strong>erga</strong></span> <span class='ocrx_word' id='word_1_627' title='bbox 2865 1117 3054 1174; x_wconf 82' lang='lat' dir='ltr'><strong>viduas</strong></span> <span class='ocrx_word' id='word_1_628' title='bbox 3079 1128 3135 1174; x_wconf 86' lang='lat' dir='ltr'><strong>et</strong></span> <span class='ocrx_word' id='word_1_629' title='bbox 3164 1121 3407 1189; x_wconf 86' lang='lat' dir='ltr'><strong>pupillos.</strong></span> <span class='ocrx_word' id='word_1_630' title='bbox 3433 1123 3556 1178; x_wconf 83' lang='lat' dir='ltr'><strong>Hinc</strong></span> <span class='ocrx_word' id='word_1_631' title='bbox 3585 1123 3747 1180; x_wconf 87' lang='lat' dir='ltr'><strong>demum</strong></span> 
     </span>
    </p>
   </div>
   <div class='ocr_carea' id='block_1_75' title="bbox 2252 1205 3749 1280">
    <p class='ocr_par' dir='ltr' id='par_1_75' title="bbox 2252 1205 3749 1280">
     <span class='ocr_line' id='line_1_75' title="bbox 2252 1205 3749 1280; baseline 0.008 -21"><span class='ocrx_word' id='word_1_632' title='bbox 2252 1205 2509 1277; x_wconf 90' lang='lat' dir='ltr'><strong>incipiunt</strong></span> <span class='ocrx_word' id='word_1_633' title='bbox 2536 1207 2936 1265; x_wconf 89' lang='lat' dir='ltr'><strong>maledictiones</strong></span> <span class='ocrx_word' id='word_1_634' title='bbox 2965 1220 3021 1266; x_wconf 88' lang='lat' dir='ltr'><strong>et</strong></span> <span class='ocrx_word' id='word_1_635' title='bbox 3046 1211 3470 1280; x_wconf 86' lang='lat' dir='ltr'><strong>benedictiones;</strong></span> <span class='ocrx_word' id='word_1_636' title='bbox 3495 1213 3586 1270; x_wconf 75' lang='lat' dir='ltr'><strong>illa:</strong></span> <span class='ocrx_word' id='word_1_637' title='bbox 3611 1215 3749 1271; x_wconf 80' lang='lat' dir='ltr'><strong>inulte-</strong></span> 
     </span>
    </p>
   </div>
   <div class='ocr_carea' id='block_1_76' title="bbox 2250 1297 3751 1375">
    <p class='ocr_par' dir='ltr' id='par_1_76' title="bbox 2250 1297 3751 1375">
     <span class='ocr_line' id='line_1_76' title="bbox 2250 1297 3751 1375; baseline 0.007 -24"><span class='ocrx_word' id='word_1_638' title='bbox 2250 1297 2538 1365; x_wconf 89' lang='lat' dir='ltr'><strong>dicntibus,</strong></span> <span class='ocrx_word' id='word_1_639' title='bbox 2567 1299 2650 1355; x_wconf 74' lang='lat' dir='ltr'><strong>ha:</strong></span> <span class='ocrx_word' id='word_1_640' title='bbox 2678 1301 3186 1372; x_wconf 85' lang='lat' dir='ltr'><strong>obtemperantibus.</strong></span> <span class='ocrx_word' id='word_1_641' title='bbox 3203 1305 3528 1375; x_wconf 84' lang='lat' dir='ltr'><strong>Longumque</strong></span> <span class='ocrx_word' id='word_1_642' title='bbox 3545 1308 3652 1361; x_wconf 78' lang='lat' dir='ltr'><strong>texit</strong></span> <span class='ocrx_word' id='word_1_643' title='bbox 3672 1323 3751 1362; x_wconf 63' lang='lat' dir='ltr'><strong>sera</strong></span> 
     </span>
    </p>
   </div>
   <div class='ocr_carea' id='block_1_77' title="bbox 2250 1391 3752 1467">
    <p class='ocr_par' dir='ltr' id='par_1_77' title="bbox 2250 1391 3752 1467">
     <span class='ocr_line' id='line_1_77' title="bbox 2250 1391 3752 1467; baseline 0.005 -21"><span class='ocrx_word' id='word_1_644' title='bbox 2250 1405 2464 1446; x_wconf 76' lang='lat' dir='ltr'><strong>monent</strong></span> <span class='ocrx_word' id='word_1_645' title='bbox 2495 1391 2562 1447; x_wconf 89' lang='lat' dir='ltr'><strong>de</strong></span> <span class='ocrx_word' id='word_1_646' title='bbox 2614 1393 2768 1446; x_wconf 89' lang='lat' dir='ltr'><strong>malis</strong></span> <span class='ocrx_word' id='word_1_647' title='bbox 2823 1394 2967 1463; x_wconf 86' lang='lat' dir='ltr'><strong>ipsos</strong></span> <span class='ocrx_word' id='word_1_648' title='bbox 3004 1395 3283 1450; x_wconf 82' lang='lat' dir='ltr'><strong>invasuris.</strong></span> <span class='ocrx_word' id='word_1_649' title='bbox 3329 1396 3436 1452; x_wconf 84' lang='lat' dir='ltr'><strong>Hoc</strong></span> <span class='ocrx_word' id='word_1_650' title='bbox 3473 1399 3658 1467; x_wconf 80' lang='lat' dir='ltr'><strong>contigit</strong></span> <span class='ocrx_word' id='word_1_651' title='bbox 3682 1401 3752 1454; x_wconf 81' lang='lat' dir='ltr'><strong>sub</strong></span> 
     </span>
    </p>
   </div>
   <div class='ocr_carea' id='block_1_78' title="bbox 2251 1481 3752 1560">
    <p class='ocr_par' dir='ltr' id='par_1_78' title="bbox 2251 1481 3752 1560">
     <span class='ocr_line' id='line_1_78' title="bbox 2251 1481 3752 1560; baseline 0.008 -26"><span class='ocrx_word' id='word_1_652' title='bbox 2251 1481 2487 1552; x_wconf 81' lang='lat' dir='ltr'><strong>Assyriis</strong></span> <span class='ocrx_word' id='word_1_653' title='bbox 2516 1491 2570 1537; x_wconf 87' lang='lat' dir='ltr'><strong>et</strong></span> <span class='ocrx_word' id='word_1_654' title='bbox 2596 1483 2920 1556; x_wconf 86' lang='lat' dir='ltr'><strong>Babyloniis.</strong></span> <span class='ocrx_word' id='word_1_655' title='bbox 2955 1485 3084 1540; x_wconf 90' lang='lat' dir='ltr'><strong>Illud</strong></span> <span class='ocrx_word' id='word_1_656' title='bbox 3113 1498 3312 1554; x_wconf 78' lang='lat' dir='ltr'><strong>autem,</strong></span> <span class='ocrx_word' id='word_1_657' title='bbox 3340 1490 3470 1558; x_wconf 86' lang='lat' dir='ltr'><strong>quod</strong></span> <span class='ocrx_word' id='word_1_658' title='bbox 3493 1491 3571 1543; x_wconf 89' lang='lat' dir='ltr'><strong>lilii</strong></span> <span class='ocrx_word' id='word_1_659' title='bbox 3594 1504 3752 1560; x_wconf 82' lang='lat' dir='ltr'><strong>quoque</strong></span> 
     </span>
    </p>
   </div>
   <div class='ocr_carea' id='block_1_79' title="bbox 2251 1573 3753 1651">
    <p class='ocr_par' dir='ltr' id='par_1_79' title="bbox 2251 1573 3753 1651">
     <span class='ocr_line' id='line_1_79' title="bbox 2251 1573 3753 1651; baseline 0.004 -24"><span class='ocrx_word' id='word_1_660' title='bbox 2251 1573 2360 1627; x_wconf 87' lang='lat' dir='ltr'><strong>sint</strong></span> <span class='ocrx_word' id='word_1_661' title='bbox 2397 1574 2754 1640; x_wconf 88' lang='lat' dir='ltr'><strong>comedendi,</strong></span> <span class='ocrx_word' id='word_1_662' title='bbox 2788 1577 2840 1629; x_wconf 92' lang='lat' dir='ltr'><strong>in</strong></span> <span class='ocrx_word' id='word_1_663' title='bbox 2889 1577 3260 1633; x_wconf 84' lang='lat' dir='ltr'><strong>obsidionibus</strong></span> <span class='ocrx_word' id='word_1_664' title='bbox 3307 1580 3534 1649; x_wconf 83' lang='lat' dir='ltr'><strong>contigit.</strong></span> <span class='ocrx_word' id='word_1_665' title='bbox 3577 1582 3639 1636; x_wconf 83' lang='lat' dir='ltr'><strong>De</strong></span> <span class='ocrx_word' id='word_1_666' title='bbox 3671 1583 3753 1651; x_wconf 83' lang='lat' dir='ltr'><strong>ipso</strong></span> 
     </span>
    </p>
   </div>
   <div class='ocr_carea' id='block_1_80' title="bbox 2253 1665 3755 1742">
    <p class='ocr_par' dir='ltr' id='par_1_80' title="bbox 2253 1665 3755 1742">
     <span class='ocr_line' id='line_1_80' title="bbox 2253 1665 3755 1742; baseline 0.005 -23"><span class='ocrx_word' id='word_1_667' title='bbox 2253 1679 2468 1735; x_wconf 83' lang='lat' dir='ltr'><strong>quoque</strong></span> <span class='ocrx_word' id='word_1_668' title='bbox 2495 1665 2711 1721; x_wconf 87' lang='lat' dir='ltr'><strong>Christo</strong></span> <span class='ocrx_word' id='word_1_669' title='bbox 2743 1668 2834 1723; x_wconf 87' lang='lat' dir='ltr'><strong>hic</strong></span> <span class='ocrx_word' id='word_1_670' title='bbox 2878 1670 3141 1724; x_wconf 88' lang='lat' dir='ltr'><strong>meminit.</strong></span> <span class='ocrx_word' id='word_1_671' title='bbox 3191 1669 3326 1737; x_wconf 86' lang='lat' dir='ltr'><strong>Erit,</strong></span> <span class='ocrx_word' id='word_1_672' title='bbox 3377 1672 3549 1742; x_wconf 84' lang='lat' dir='ltr'><strong>inquit,</strong></span> <span class='ocrx_word' id='word_1_673' title='bbox 3577 1675 3659 1726; x_wconf 70' lang='lat' dir='ltr'><strong>vita</strong></span> <span class='ocrx_word' id='word_1_674' title='bbox 3693 1688 3755 1726; x_wconf 78' lang='lat' dir='ltr'><strong>tua</strong></span> 
     </span>
    </p>
   </div>
   <div class='ocr_carea' id='block_1_81' title="bbox 2253 1756 3756 1832">
    <p class='ocr_par' dir='ltr' id='par_1_81' title="bbox 2253 1756 3756 1832">
     <span class='ocr_line' id='line_1_81' title="bbox 2253 1756 3756 1832; baseline 0.005 -23"><span class='ocrx_word' id='word_1_675' title='bbox 2253 1756 2476 1827; x_wconf 75' lang='lat' dir='ltr'><strong>pendens</strong></span> <span class='ocrx_word' id='word_1_676' title='bbox 2503 1769 2620 1811; x_wconf 86' lang='lat' dir='ltr'><strong>ante</strong></span> <span class='ocrx_word' id='word_1_677' title='bbox 2648 1759 2819 1813; x_wconf 78' lang='lat' dir='ltr'><strong>oculos</strong></span> <span class='ocrx_word' id='word_1_678' title='bbox 2850 1761 3000 1830; x_wconf 77' lang='lat' dir='ltr'><strong>tuos(</strong></span> <span class='ocrx_word' id='word_1_679' title='bbox 3035 1760 3187 1814; x_wconf 78' lang='lat' dir='ltr'><strong>Deut.</strong></span> <span class='ocrx_word' id='word_1_680' title='bbox 3219 1761 3308 1816; x_wconf 72' lang='lat'><strong>28.</strong></span> <span class='ocrx_word' id='word_1_681' title='bbox 3353 1763 3418 1817; x_wconf 84' lang='grc'>66</span> <span class='ocrx_word' id='word_1_682' title='bbox 3449 1764 3483 1832; x_wconf 93' lang='grc'><strong>).</strong></span> <span class='ocrx_word' id='word_1_683' title='bbox 3536 1763 3615 1817; x_wconf 88' lang='lat' dir='ltr'><strong>llic</strong></span> <span class='ocrx_word' id='word_1_684' title='bbox 3655 1765 3756 1832; x_wconf 85' lang='lat' dir='ltr'><strong>jacet</strong></span> 
     </span>
    </p>
   </div>
   <div class='ocr_carea' id='block_1_82' title="bbox 2253 1847 3756 1924">
    <p class='ocr_par' dir='ltr' id='par_1_82' title="bbox 2253 1847 3756 1924">
     <span class='ocr_line' id='line_1_82' title="bbox 2253 1847 3756 1924; baseline 0.005 -22"><span class='ocrx_word' id='word_1_685' title='bbox 2253 1847 2379 1902; x_wconf 90' lang='lat' dir='ltr'><strong>illud</strong></span> <span class='ocrx_word' id='word_1_686' title='bbox 2404 1865 2418 1901; x_wconf 90' lang='lat'><strong>:</strong></span> <span class='ocrx_word' id='word_1_687' title='bbox 2450 1847 2536 1902; x_wconf 86' lang='lat' dir='ltr'><strong>Ne</strong></span> <span class='ocrx_word' id='word_1_688' title='bbox 2558 1865 2660 1919; x_wconf 84' lang='lat' dir='ltr'><strong>qua</strong></span> <span class='ocrx_word' id='word_1_689' title='bbox 2687 1850 2837 1904; x_wconf 78' lang='lat' dir='ltr'><strong>rudia:</strong></span> <span class='ocrx_word' id='word_1_690' title='bbox 2859 1852 3218 1906; x_wconf 64' lang='lat' dir='ltr'><strong>amaritudinis</strong></span> <span class='ocrx_word' id='word_1_691' title='bbox 3241 1851 3401 1922; x_wconf 77' lang='lat' dir='ltr'><strong>(Ibid.</strong></span> <span class='ocrx_word' id='word_1_692' title='bbox 3429 1853 3514 1909; x_wconf 68' lang='lat'><strong>29.</strong></span> <span class='ocrx_word' id='word_1_693' title='bbox 3537 1854 3632 1922; x_wconf 79' lang='grc'><strong>18).</strong></span> <span class='ocrx_word' id='word_1_694' title='bbox 3652 1856 3756 1924; x_wconf 70' lang='lat' dir='ltr'><strong>quad</strong></span> 
     </span>
    </p>
   </div>
   <div class='ocr_carea' id='block_1_83' title="bbox 2253 1940 3755 2018">
    <p class='ocr_par' dir='ltr' id='par_1_83' title="bbox 2253 1940 3755 2018">
     <span class='ocr_line' id='line_1_83' title="bbox 2253 1940 3755 2018; baseline 0.002 -22"><span class='ocrx_word' id='word_1_695' title='bbox 2253 1940 2450 1996; x_wconf 80' lang='lat' dir='ltr'><strong>Paulus</strong></span> <span class='ocrx_word' id='word_1_696' title='bbox 2477 1952 2864 1998; x_wconf 85' lang='lat' dir='ltr'><strong>commemorat</strong></span> <span class='ocrx_word' id='word_1_697' title='bbox 2886 1945 2936 1998; x_wconf 90' lang='lat' dir='ltr'><strong>in</strong></span> <span class='ocrx_word' id='word_1_698' title='bbox 2969 1945 3206 2014; x_wconf 83' lang='lat' dir='ltr'><strong>Epistola</strong></span> <span class='ocrx_word' id='word_1_699' title='bbox 3238 1945 3302 2000; x_wconf 82' lang='lat' dir='ltr'><strong>ad</strong></span> <span class='ocrx_word' id='word_1_700' title='bbox 3340 1946 3573 2001; x_wconf 64' lang='lat' dir='ltr'><strong>Helirmos</strong></span> <span class='ocrx_word' id='word_1_701' title='bbox 3603 1947 3755 2018; x_wconf 71' lang='lat' dir='ltr'><strong>(Hebr.</strong></span> 
     </span>
    </p>
   </div>
   <div class='ocr_carea' id='block_1_84' title="bbox 2256 2028 3757 2106">
    <p class='ocr_par' dir='ltr' id='par_1_84' title="bbox 2256 2028 3757 2106">
     <span class='ocr_line' id='line_1_84' title="bbox 2256 2028 3757 2106; baseline 0.004 -18"><span class='ocrx_word' id='word_1_702' title='bbox 2256 2033 2344 2088; x_wconf 69' lang='grc'><strong>12.</strong></span> <span class='ocrx_word' id='word_1_703' title='bbox 2375 2028 2444 2090; x_wconf 83' lang='grc'><strong>15</strong></span> <span class='ocrx_word' id='word_1_704' title='bbox 2471 2033 2511 2104; x_wconf 90' lang='grc'><strong>).</strong></span> <span class='ocrx_word' id='word_1_705' title='bbox 2553 2035 2650 2090; x_wconf 85' lang='lat' dir='ltr'><strong>llic</strong></span> <span class='ocrx_word' id='word_1_706' title='bbox 2680 2037 2876 2106; x_wconf 77' lang='lat' dir='ltr'><strong>legitur</strong></span> <span class='ocrx_word' id='word_1_707' title='bbox 2921 2037 3052 2092; x_wconf 90' lang='lat' dir='ltr'><strong>illud</strong></span> <span class='ocrx_word' id='word_1_708' title='bbox 3081 2057 3092 2091; x_wconf 94' lang='lat'>:</span> <span class='ocrx_word' id='word_1_709' title='bbox 3129 2056 3148 2090; x_wconf 77' lang='grc' dir='ltr'><strong>ι</strong></span> <span class='ocrx_word' id='word_1_710' title='bbox 3182 2039 3395 2094; x_wconf 84' lang='lat' dir='ltr'><strong>Occulta</strong></span> <span class='ocrx_word' id='word_1_711' title='bbox 3424 2041 3620 2094; x_wconf 86' lang='lat' dir='ltr'><strong>Domino</strong></span> <span class='ocrx_word' id='word_1_712' title='bbox 3646 2041 3757 2105; x_wconf 82' lang='lat' dir='ltr'><strong>Deo,</strong></span> 
     </span>
    </p>
   </div>
   <div class='ocr_carea' id='block_1_85' title="bbox 2253 2129 3756 2201">
    <p class='ocr_par' dir='ltr' id='par_1_85' title="bbox 2253 2129 3756 2201">
     <span class='ocr_line' id='line_1_85' title="bbox 2253 2129 3756 2201; baseline 0.002 -20"><span class='ocrx_word' id='word_1_713' title='bbox 2253 2129 2533 2183; x_wconf 83' lang='lat' dir='ltr'><strong>manifesta</strong></span> <span class='ocrx_word' id='word_1_714' title='bbox 2564 2145 2692 2184; x_wconf 86' lang='lat' dir='ltr'><strong>vero</strong></span> <span class='ocrx_word' id='word_1_715' title='bbox 2721 2129 2871 2185; x_wconf 84' lang='lat' dir='ltr'><strong>vobis</strong></span> <span class='ocrx_word' id='word_1_716' title='bbox 2900 2139 2953 2184; x_wconf 93' lang='lat' dir='ltr'><strong>et</strong></span> <span class='ocrx_word' id='word_1_717' title='bbox 2981 2130 3106 2186; x_wconf 73' lang='lat' dir='ltr'><strong>filiis</strong></span> <span class='ocrx_word' id='word_1_718' title='bbox 3134 2133 3348 2194; x_wconf 86' lang='lat' dir='ltr'><strong>vestris.</strong></span> <span class='ocrx_word' id='word_1_719' title='bbox 3375 2132 3496 2201; x_wconf 87' lang='lat' dir='ltr'><strong>Quia</strong></span> <span class='ocrx_word' id='word_1_720' title='bbox 3519 2133 3756 2187; x_wconf 86' lang='lat' dir='ltr'><strong>mandatum</strong></span> 
     </span>
    </p>
   </div>
   <div class='ocr_carea' id='block_1_86' title="bbox 2254 2218 3756 2289">
    <p class='ocr_par' dir='ltr' id='par_1_86' title="bbox 2254 2218 3756 2289">
     <span class='ocr_line' id='line_1_86' title="bbox 2254 2218 3756 2289; baseline 0.002 -17"><span class='ocrx_word' id='word_1_721' title='bbox 2254 2218 2390 2287; x_wconf 87' lang='lat' dir='ltr'><strong>ejus,</strong></span> <span class='ocrx_word' id='word_1_722' title='bbox 2425 2220 2609 2287; x_wconf 82' lang='lat' dir='ltr'><strong>inquit,</strong></span> <span class='ocrx_word' id='word_1_723' title='bbox 2638 2239 2743 2276; x_wconf 87' lang='lat' dir='ltr'><strong>non</strong></span> <span class='ocrx_word' id='word_1_724' title='bbox 2769 2223 2872 2278; x_wconf 88' lang='lat' dir='ltr'><strong>erit</strong></span> <span class='ocrx_word' id='word_1_725' title='bbox 2905 2222 3152 2278; x_wconf 87' lang='lat' dir='ltr'><strong>sublime.</strong></span> <span class='ocrx_word' id='word_1_726' title='bbox 3187 2223 3304 2279; x_wconf 87' lang='lat' dir='ltr'><strong>Non</strong></span> <span class='ocrx_word' id='word_1_727' title='bbox 3327 2225 3377 2280; x_wconf 93' lang='lat' dir='ltr'><strong>in</strong></span> <span class='ocrx_word' id='word_1_728' title='bbox 3401 2225 3538 2289; x_wconf 76' lang='lat' dir='ltr'><strong>ca-lo,</strong></span> <span class='ocrx_word' id='word_1_729' title='bbox 3566 2235 3614 2278; x_wconf 89' lang='grc' dir='ltr'><strong>ιιι</strong></span> <span class='ocrx_word' id='word_1_730' title='bbox 3636 2225 3756 2284; x_wconf 81' lang='lat' dir='ltr'><strong>diras,</strong></span> 
     </span>
    </p>
   </div>
   <div class='ocr_carea' id='block_1_87' title="bbox 2253 2309 3760 2385">
    <p class='ocr_par' dir='ltr' id='par_1_87' title="bbox 2253 2309 3760 2385">
     <span class='ocr_line' id='line_1_87' title="bbox 2253 2309 3760 2385; baseline 0.001 -21"><span class='ocrx_word' id='word_1_731' title='bbox 2253 2309 2383 2377; x_wconf 87' lang='lat' dir='ltr'><strong>Quis</strong></span> <span class='ocrx_word' id='word_1_732' title='bbox 2403 2313 2656 2368; x_wconf 89' lang='lat' dir='ltr'><strong>ascendet</strong></span> <span class='ocrx_word' id='word_1_733' title='bbox 2673 2315 2723 2367; x_wconf 92' lang='lat' dir='ltr'><strong>in</strong></span> <span class='ocrx_word' id='word_1_734' title='bbox 2748 2315 2937 2369; x_wconf 68' lang='lat' dir='ltr'><strong>castum</strong></span> <span class='ocrx_word' id='word_1_735' title='bbox 2953 2315 2976 2366; x_wconf 87' lang='lat'><strong>?</strong></span> <span class='ocrx_word' id='word_1_736' title='bbox 2994 2331 3164 2385; x_wconf 89' lang='lat' dir='ltr'><strong>neque</strong></span> <span class='ocrx_word' id='word_1_737' title='bbox 3196 2316 3331 2371; x_wconf 88' lang='lat' dir='ltr'><strong>ultra</strong></span> <span class='ocrx_word' id='word_1_738' title='bbox 3357 2331 3513 2378; x_wconf 87' lang='lat' dir='ltr'><strong>mare,</strong></span> <span class='ocrx_word' id='word_1_739' title='bbox 3539 2317 3617 2370; x_wconf 86' lang='lat' dir='ltr'><strong>sed</strong></span> <span class='ocrx_word' id='word_1_740' title='bbox 3640 2330 3760 2385; x_wconf 75' lang='lat' dir='ltr'><strong>prope</strong></span> 
     </span>
    </p>
   </div>
   <div class='ocr_carea' id='block_1_88' title="bbox 2254 2403 3758 2479">
    <p class='ocr_par' dir='ltr' id='par_1_88' title="bbox 2254 2403 3758 2479">
     <span class='ocr_line' id='line_1_88' title="bbox 2254 2403 3758 2479; baseline 0.005 -22"><span class='ocrx_word' id='word_1_741' title='bbox 2254 2411 2307 2458; x_wconf 90' lang='lat' dir='ltr'><strong>te</strong></span> <span class='ocrx_word' id='word_1_742' title='bbox 2335 2403 2555 2458; x_wconf 88' lang='lat' dir='ltr'><strong>verbum</strong></span> <span class='ocrx_word' id='word_1_743' title='bbox 2581 2412 2682 2468; x_wconf 90' lang='lat' dir='ltr'><strong>est,</strong></span> <span class='ocrx_word' id='word_1_744' title='bbox 2715 2405 2765 2460; x_wconf 90' lang='lat' dir='ltr'><strong>in</strong></span> <span class='ocrx_word' id='word_1_745' title='bbox 2793 2421 2885 2460; x_wconf 89' lang='lat' dir='ltr'><strong>ore</strong></span> <span class='ocrx_word' id='word_1_746' title='bbox 2907 2417 3032 2460; x_wconf 66' lang='lat' dir='ltr'><strong>tuo»</strong></span> <span class='ocrx_word' id='word_1_747' title='bbox 3068 2406 3250 2479; x_wconf 83' lang='lat' dir='ltr'><strong>(Deut.</strong></span> <span class='ocrx_word' id='word_1_748' title='bbox 3279 2407 3465 2463; x_wconf 69' lang='lat'><strong>29.99.</strong></span> <span class='ocrx_word' id='word_1_749' title='bbox 3492 2409 3571 2462; x_wconf 80' lang='grc'><strong>50.</strong></span> <span class='ocrx_word' id='word_1_750' title='bbox 3597 2409 3666 2461; x_wconf 85' lang='lat' dir='ltr'><strong>lt.</strong></span> <span class='ocrx_word' id='word_1_751' title='bbox 3684 2405 3758 2465; x_wconf 69' lang='lat' dir='ltr'><strong>l3;</strong></span> 
     </span>
    </p>
   </div>
   <div class='ocr_carea' id='block_1_89' title="bbox 2255 2495 3759 2570">
    <p class='ocr_par' dir='ltr' id='par_1_89' title="bbox 2255 2495 3759 2570">
     <span class='ocr_line' id='line_1_89' title="bbox 2255 2495 3759 2570; baseline -0.001 -20"><span class='ocrx_word' id='word_1_752' title='bbox 2255 2495 2406 2550; x_wconf 83' lang='lat' dir='ltr'><strong>Rom.</strong></span> <span class='ocrx_word' id='word_1_753' title='bbox 2436 2496 2522 2551; x_wconf 82' lang='grc'><strong>10.</strong></span> <span class='ocrx_word' id='word_1_754' title='bbox 2553 2495 2629 2568; x_wconf 84' lang='grc'><strong>6).</strong></span> <span class='ocrx_word' id='word_1_755' title='bbox 2659 2497 2784 2552; x_wconf 62' lang='grc' dir='ltr'><strong>Πειξο</strong></span> <span class='ocrx_word' id='word_1_756' title='bbox 2813 2497 2882 2553; x_wconf 91' lang='lat' dir='ltr'><strong>de</strong></span> <span class='ocrx_word' id='word_1_757' title='bbox 2916 2499 3068 2570; x_wconf 87' lang='lat' dir='ltr'><strong>legali</strong></span> <span class='ocrx_word' id='word_1_758' title='bbox 3108 2501 3361 2555; x_wconf 90' lang='lat' dir='ltr'><strong>mandato</strong></span> <span class='ocrx_word' id='word_1_759' title='bbox 3386 2501 3536 2563; x_wconf 89' lang='lat' dir='ltr'><strong>dicta,</strong></span> <span class='ocrx_word' id='word_1_760' title='bbox 3565 2500 3622 2553; x_wconf 89' lang='lat' dir='ltr'><strong>ad</strong></span> <span class='ocrx_word' id='word_1_761' title='bbox 3645 2499 3759 2550; x_wconf 78' lang='lat' dir='ltr'><strong>ﬁdctll</strong></span> 
     </span>
    </p>
   </div>
   <div class='ocr_carea' id='block_1_90' title="bbox 2256 2585 3760 2657">
    <p class='ocr_par' dir='ltr' id='par_1_90' title="bbox 2256 2585 3760 2657">
     <span class='ocr_line' id='line_1_90' title="bbox 2256 2585 3760 2657; baseline 0.001 -19"><span class='ocrx_word' id='word_1_762' title='bbox 2256 2587 2310 2640; x_wconf 90' lang='lat' dir='ltr'><strong>in</strong></span> <span class='ocrx_word' id='word_1_763' title='bbox 2339 2585 2609 2642; x_wconf 87' lang='lat' dir='ltr'><strong>Christum</strong></span> <span class='ocrx_word' id='word_1_764' title='bbox 2643 2588 2804 2644; x_wconf 73' lang='lat' dir='ltr'><strong>traxit</strong></span> <span class='ocrx_word' id='word_1_765' title='bbox 2833 2589 3052 2644; x_wconf 79' lang='lat' dir='ltr'><strong>Paulits.</strong></span> <span class='ocrx_word' id='word_1_766' title='bbox 3084 2589 3256 2645; x_wconf 73' lang='lat' dir='ltr'><strong>Testes</strong></span> <span class='ocrx_word' id='word_1_767' title='bbox 3280 2605 3395 2646; x_wconf 84' lang='lat' dir='ltr'><strong>voco</strong></span> <span class='ocrx_word' id='word_1_768' title='bbox 3423 2589 3548 2645; x_wconf 68' lang='lat' dir='ltr'><strong>vobis</strong></span> <span class='ocrx_word' id='word_1_769' title='bbox 3566 2633 3579 2654; x_wconf 87' lang='lat'><strong>,</strong></span> <span class='ocrx_word' id='word_1_770' title='bbox 3606 2591 3760 2657; x_wconf 78' lang='lat' dir='ltr'><strong>inquit,</strong></span> 
     </span>
    </p>
   </div>
   <div class='ocr_carea' id='block_1_91' title="bbox 2254 2681 3759 2756">
    <p class='ocr_par' dir='ltr' id='par_1_91' title="bbox 2254 2681 3759 2756">
     <span class='ocr_line' id='line_1_91' title="bbox 2254 2681 3759 2756; baseline 0.001 -24"><span class='ocrx_word' id='word_1_771' title='bbox 2254 2681 2434 2733; x_wconf 79' lang='lat' dir='ltr'><strong>ca&#39;lum</strong></span> <span class='ocrx_word' id='word_1_772' title='bbox 2463 2690 2510 2733; x_wconf 87' lang='lat' dir='ltr'><strong>et</strong></span> <span class='ocrx_word' id='word_1_773' title='bbox 2557 2690 2742 2735; x_wconf 81' lang='lat' dir='ltr'><strong>(errant</strong></span> <span class='ocrx_word' id='word_1_774' title='bbox 2769 2712 2784 2747; x_wconf 59' lang='grc' dir='ltr'><strong>ι</strong></span> <span class='ocrx_word' id='word_1_775' title='bbox 2818 2692 2871 2734; x_wconf 85' lang='lat' dir='ltr'><strong>ut</strong></span> <span class='ocrx_word' id='word_1_776' title='bbox 2901 2684 3125 2752; x_wconf 77' lang='lat' dir='ltr'><strong>diligatis</strong></span> <span class='ocrx_word' id='word_1_777' title='bbox 3159 2682 3317 2738; x_wconf 77' lang='lat' dir='ltr'><strong>Deum</strong></span> <span class='ocrx_word' id='word_1_778' title='bbox 3366 2683 3385 2756; x_wconf 88' lang='lat'><strong>(</strong></span> <span class='ocrx_word' id='word_1_779' title='bbox 3413 2683 3548 2736; x_wconf 81' lang='lat' dir='ltr'><strong>Deut.</strong></span> <span class='ocrx_word' id='word_1_780' title='bbox 3574 2681 3759 2748; x_wconf 74' lang='lat'><strong>50.19).</strong></span> 
     </span>
    </p>
   </div>
   <div class='ocr_carea' id='block_1_92' title="bbox 2255 2770 3763 2844">
    <p class='ocr_par' dir='ltr' id='par_1_92' title="bbox 2255 2770 3763 2844">
     <span class='ocr_line' id='line_1_92' title="bbox 2255 2770 3763 2844; baseline 0.001 -19"><span class='ocrx_word' id='word_1_781' title='bbox 2255 2771 2403 2826; x_wconf 86' lang='lat' dir='ltr'><strong>Tunc</strong></span> <span class='ocrx_word' id='word_1_782' title='bbox 2440 2781 2594 2826; x_wconf 85' lang='lat' dir='ltr'><strong>vocat</strong></span> <span class='ocrx_word' id='word_1_783' title='bbox 2619 2772 2801 2828; x_wconf 76' lang='lat' dir='ltr'><strong>Jesutn</strong></span> <span class='ocrx_word' id='word_1_784' title='bbox 2851 2770 3012 2827; x_wconf 87' lang='lat' dir='ltr'><strong>filium</strong></span> <span class='ocrx_word' id='word_1_785' title='bbox 3056 2773 3239 2840; x_wconf 83' lang='lat' dir='ltr'><strong>Nave,</strong></span> <span class='ocrx_word' id='word_1_786' title='bbox 3272 2785 3322 2830; x_wconf 92' lang='lat' dir='ltr'><strong>ct</strong></span> <span class='ocrx_word' id='word_1_787' title='bbox 3349 2776 3492 2844; x_wconf 85' lang='lat' dir='ltr'><strong>jubet</strong></span> <span class='ocrx_word' id='word_1_788' title='bbox 3515 2775 3763 2840; x_wconf 69' lang='lat' dir='ltr'><strong>duceretu-</strong></span> 
     </span>
    </p>
   </div>
   <div class='ocr_carea' id='block_1_93' title="bbox 2256 2863 3763 2933">
    <p class='ocr_par' dir='ltr' id='par_1_93' title="bbox 2256 2863 3763 2933">
     <span class='ocr_line' id='line_1_93' title="bbox 2256 2863 3763 2933; baseline -0.003 -19"><span class='ocrx_word' id='word_1_789' title='bbox 2256 2864 2460 2933; x_wconf 88' lang='lat' dir='ltr'><strong>pnlum,</strong></span> <span class='ocrx_word' id='word_1_790' title='bbox 2490 2879 2588 2918; x_wconf 89' lang='lat' dir='ltr'><strong>nec</strong></span> <span class='ocrx_word' id='word_1_791' title='bbox 2618 2863 2800 2918; x_wconf 77' lang='lat' dir='ltr'><strong>hostes</strong></span> <span class='ocrx_word' id='word_1_792' title='bbox 2823 2863 3128 2926; x_wconf 87' lang='lat' dir='ltr'><strong>formidare.</strong></span> <span class='ocrx_word' id='word_1_793' title='bbox 3160 2881 3283 2920; x_wconf 93' lang='lat' dir='ltr'><strong>cum</strong></span> <span class='ocrx_word' id='word_1_794' title='bbox 3315 2867 3470 2920; x_wconf 89' lang='lat' dir='ltr'><strong>Deum</strong></span> <span class='ocrx_word' id='word_1_795' title='bbox 3492 2865 3684 2918; x_wconf 86' lang='lat' dir='ltr'><strong>habeant</strong></span> <span class='ocrx_word' id='word_1_796' title='bbox 3700 2881 3763 2913; x_wconf 87' lang='lat' dir='ltr'><strong>au-</strong></span> 
     </span>
    </p>
   </div>
   <div class='ocr_carea' id='block_1_94' title="bbox 2255 2956 3764 3028">
    <p class='ocr_par' dir='ltr' id='par_1_94' title="bbox 2255 2956 3764 3028">
     <span class='ocr_line' id='line_1_94' title="bbox 2255 2956 3764 3028; baseline -0.002 -18"><span class='ocrx_word' id='word_1_797' title='bbox 2255 2958 2578 3011; x_wconf 80' lang='lat' dir='ltr'><strong>xiliatorcm.</strong></span> <span class='ocrx_word' id='word_1_798' title='bbox 2609 2956 2962 3027; x_wconf 72' lang='lat' dir='ltr'><strong>Prmcipitquc</strong></span> <span class='ocrx_word' id='word_1_799' title='bbox 2993 2969 3050 3011; x_wconf 89' lang='lat' dir='ltr'><strong>ut</strong></span> <span class='ocrx_word' id='word_1_800' title='bbox 3083 2960 3134 3011; x_wconf 92' lang='lat' dir='ltr'><strong>in</strong></span> <span class='ocrx_word' id='word_1_801' title='bbox 3165 2960 3490 3028; x_wconf 77' lang='lat' dir='ltr'><strong>scenOpegiis</strong></span> <span class='ocrx_word' id='word_1_802' title='bbox 3511 2959 3592 3012; x_wconf 90' lang='lat' dir='ltr'><strong>toti</strong></span> <span class='ocrx_word' id='word_1_803' title='bbox 3621 2959 3764 3025; x_wconf 68' lang='lat' dir='ltr'><strong>ptuiqu</strong></span> 
     </span>
    </p>
   </div>
   <div class='ocr_carea' id='block_1_95' title="bbox 2257 3039 3762 3120">
    <p class='ocr_par' dir='ltr' id='par_1_95' title="bbox 2257 3039 3762 3120">
     <span class='ocr_line' id='line_1_95' title="bbox 2257 3039 3762 3120; baseline -0.002 -18"><span class='ocrx_word' id='word_1_804' title='bbox 2257 3048 2337 3102; x_wconf 78' lang='lat' dir='ltr'><strong>lex</strong></span> <span class='ocrx_word' id='word_1_805' title='bbox 2371 3049 2594 3118; x_wconf 76' lang='lat' dir='ltr'><strong>legatur.</strong></span> <span class='ocrx_word' id='word_1_806' title='bbox 2631 3039 2877 3104; x_wconf 61' lang='lat' dir='ltr'><strong>Pra‘dicit</strong></span> <span class='ocrx_word' id='word_1_807' title='bbox 2910 3051 3074 3120; x_wconf 70' lang='lat' dir='ltr'><strong>Moysi</strong></span> <span class='ocrx_word' id='word_1_808' title='bbox 3108 3051 3270 3118; x_wconf 85' lang='lat' dir='ltr'><strong>Deus,</strong></span> <span class='ocrx_word' id='word_1_809' title='bbox 3296 3054 3411 3120; x_wconf 82' lang='lat' dir='ltr'><strong>pst</strong></span> <span class='ocrx_word' id='word_1_810' title='bbox 3451 3051 3555 3119; x_wconf 81' lang='lat' dir='ltr'><strong>ejus</strong></span> <span class='ocrx_word' id='word_1_811' title='bbox 3592 3060 3762 3101; x_wconf 81' lang='lat' dir='ltr'><strong>mortem</strong></span> 
     </span>
    </p>
   </div>
   <div class='ocr_carea' id='block_1_96' title="bbox 2267 3139 3763 3213">
    <p class='ocr_par' dir='ltr' id='par_1_96' title="bbox 2267 3139 3763 3213">
     <span class='ocr_line' id='line_1_96' title="bbox 2267 3139 3763 3213; baseline -0.001 -22"><span class='ocrx_word' id='word_1_812' title='bbox 2267 3139 2519 3209; x_wconf 86' lang='lat' dir='ltr'><strong>populum</strong></span> <span class='ocrx_word' id='word_1_813' title='bbox 2549 3141 2708 3194; x_wconf 85' lang='lat' dir='ltr'><strong>idolis</strong></span> <span class='ocrx_word' id='word_1_814' title='bbox 2740 3142 3062 3195; x_wconf 86' lang='lat' dir='ltr'><strong>serviturum</strong></span> <span class='ocrx_word' id='word_1_815' title='bbox 3087 3153 3138 3196; x_wconf 90' lang='lat' dir='ltr'><strong>et</strong></span> <span class='ocrx_word' id='word_1_816' title='bbox 3166 3143 3490 3213; x_wconf 85' lang='lat' dir='ltr'><strong>puniendum</strong></span> <span class='ocrx_word' id='word_1_817' title='bbox 3521 3140 3634 3195; x_wconf 86' lang='lat' dir='ltr'><strong>fore.</strong></span> <span class='ocrx_word' id='word_1_818' title='bbox 3653 3139 3763 3198; x_wconf 67' lang='lat' dir='ltr'><strong>Esto,</strong></span> 
     </span>
    </p>
   </div>
   <div class='ocr_carea' id='block_1_97' title="bbox 2257 3233 3764 3306">
    <p class='ocr_par' dir='ltr' id='par_1_97' title="bbox 2257 3233 3764 3306">
     <span class='ocr_line' id='line_1_97' title="bbox 2257 3233 3764 3306; baseline -0.001 -18"><span class='ocrx_word' id='word_1_819' title='bbox 2257 3235 2446 3303; x_wconf 83' lang='lat' dir='ltr'><strong>inquit,</strong></span> <span class='ocrx_word' id='word_1_820' title='bbox 2480 3235 2578 3289; x_wconf 90' lang='lat' dir='ltr'><strong>hoc</strong></span> <span class='ocrx_word' id='word_1_821' title='bbox 2609 3236 2897 3301; x_wconf 88' lang='lat' dir='ltr'><strong>canticum,</strong></span> <span class='ocrx_word' id='word_1_822' title='bbox 2919 3236 3058 3305; x_wconf 90' lang='lat' dir='ltr'><strong>quod</strong></span> <span class='ocrx_word' id='word_1_823' title='bbox 3083 3246 3272 3290; x_wconf 85' lang='lat' dir='ltr'><strong>contra</strong></span> <span class='ocrx_word' id='word_1_824' title='bbox 3303 3239 3440 3306; x_wconf 84' lang='lat' dir='ltr'><strong>ipsos</strong></span> <span class='ocrx_word' id='word_1_825' title='bbox 3472 3233 3764 3290; x_wconf 83' lang='lat' dir='ltr'><strong>testimonium</strong></span> 
     </span>
    </p>
   </div>
   <div class='ocr_carea' id='block_1_98' title="bbox 2255 3323 3765 3396">
    <p class='ocr_par' dir='ltr' id='par_1_98' title="bbox 2255 3323 3765 3396">
     <span class='ocr_line' id='line_1_98' title="bbox 2255 3323 3765 3396; baseline -0.005 -18"><span class='ocrx_word' id='word_1_826' title='bbox 2255 3325 2412 3380; x_wconf 87' lang='lat' dir='ltr'><strong>ferat.</strong></span> <span class='ocrx_word' id='word_1_827' title='bbox 2440 3325 2554 3380; x_wconf 86' lang='lat' dir='ltr'><strong>Non</strong></span> <span class='ocrx_word' id='word_1_828' title='bbox 2583 3327 2726 3380; x_wconf 89' lang='lat' dir='ltr'><strong>enim</strong></span> <span class='ocrx_word' id='word_1_829' title='bbox 2758 3343 3008 3396; x_wconf 87' lang='lat' dir='ltr'><strong>umquam</strong></span> <span class='ocrx_word' id='word_1_830' title='bbox 3037 3327 3154 3394; x_wconf 88' lang='lat' dir='ltr'><strong>ejus</strong></span> <span class='ocrx_word' id='word_1_831' title='bbox 3183 3328 3571 3381; x_wconf 77' lang='lat' dir='ltr'><strong>nlilivisccntur.</strong></span> <span class='ocrx_word' id='word_1_832' title='bbox 3598 3323 3765 3378; x_wconf 59' lang='lat' dir='ltr'><strong>Etsrria</strong></span> 
     </span>
    </p>
   </div>
   <div class='ocr_carea' id='block_1_99' title="bbox 2257 3405 3766 3489">
    <p class='ocr_par' dir='ltr' id='par_1_99' title="bbox 2257 3405 3766 3489">
     <span class='ocr_line' id='line_1_99' title="bbox 2257 3405 3766 3489; baseline -0.006 -17"><span class='ocrx_word' id='word_1_833' title='bbox 2257 3419 2364 3488; x_wconf 87' lang='lat' dir='ltr'><strong>psit</strong></span> <span class='ocrx_word' id='word_1_834' title='bbox 2391 3419 2600 3489; x_wconf 80' lang='lat' dir='ltr'><strong>Moyses</strong></span> <span class='ocrx_word' id='word_1_835' title='bbox 2643 3420 2906 3472; x_wconf 82' lang='lat' dir='ltr'><strong>canticum</strong></span> <span class='ocrx_word' id='word_1_836' title='bbox 2935 3460 2948 3484; x_wconf 95' lang='lat'><strong>,</strong></span> <span class='ocrx_word' id='word_1_837' title='bbox 2995 3432 3047 3472; x_wconf 85' lang='lat' dir='ltr'><strong>et</strong></span> <span class='ocrx_word' id='word_1_838' title='bbox 3081 3420 3334 3487; x_wconf 69' lang='lat' dir='ltr'><strong>prmdixit</strong></span> <span class='ocrx_word' id='word_1_839' title='bbox 3373 3421 3448 3474; x_wconf 86' lang='lat' dir='ltr'><strong>eis</strong></span> <span class='ocrx_word' id='word_1_840' title='bbox 3487 3417 3606 3487; x_wconf 83' lang='lat' dir='ltr'><strong>quod</strong></span> <span class='ocrx_word' id='word_1_841' title='bbox 3635 3405 3766 3480; x_wconf 79' lang='lat' dir='ltr'><strong>inique</strong></span> 
     </span>
    </p>
   </div>
   <div class='ocr_carea' id='block_1_100' title="bbox 2253 3506 3764 3582">
    <p class='ocr_par' dir='ltr' id='par_1_100' title="bbox 2253 3506 3764 3582">
     <span class='ocr_line' id='line_1_100' title="bbox 2253 3506 3764 3582; baseline -0.004 -19"><span class='ocrx_word' id='word_1_842' title='bbox 2253 3510 2361 3564; x_wconf 86' lang='lat' dir='ltr'><strong>sint</strong></span> <span class='ocrx_word' id='word_1_843' title='bbox 2390 3515 2579 3565; x_wconf 89' lang='lat' dir='ltr'><strong>acturi.</strong></span> <span class='ocrx_word' id='word_1_844' title='bbox 2627 3511 2721 3565; x_wconf 89' lang='lat' dir='ltr'><strong>llic</strong></span> <span class='ocrx_word' id='word_1_845' title='bbox 2747 3511 2937 3582; x_wconf 88' lang='lat' dir='ltr'><strong>legitur</strong></span> <span class='ocrx_word' id='word_1_846' title='bbox 2970 3527 2982 3565; x_wconf 82' lang='lat' dir='ltr'><strong>t</strong></span> <span class='ocrx_word' id='word_1_847' title='bbox 3030 3531 3047 3562; x_wconf 84' lang='grc' dir='ltr'><strong>ι</strong></span> <span class='ocrx_word' id='word_1_848' title='bbox 3083 3506 3186 3582; x_wconf 90' lang='lat' dir='ltr'><strong>Ipsi</strong></span> <span class='ocrx_word' id='word_1_849' title='bbox 3236 3529 3323 3566; x_wconf 91' lang='lat' dir='ltr'><strong>mc</strong></span> <span class='ocrx_word' id='word_1_850' title='bbox 3350 3512 3411 3566; x_wconf 89' lang='lat' dir='ltr'><strong>ad</strong></span> <span class='ocrx_word' id='word_1_851' title='bbox 3445 3509 3764 3566; x_wconf 75' lang='lat' dir='ltr'><strong>:ctuulatiuneut</strong></span> 
     </span>
    </p>
   </div>
   <div class='ocr_carea' id='block_1_101' title="bbox 2256 3603 3765 3675">
    <p class='ocr_par' dir='ltr' id='par_1_101' title="bbox 2256 3603 3765 3675">
     <span class='ocr_line' id='line_1_101' title="bbox 2256 3603 3765 3675; baseline -0.006 -19"><span class='ocrx_word' id='word_1_852' title='bbox 2256 3613 2687 3672; x_wconf 87' lang='lat' dir='ltr'><strong>provocavcrunt</strong></span> <span class='ocrx_word' id='word_1_853' title='bbox 2716 3605 2766 3657; x_wconf 90' lang='lat' dir='ltr'><strong>in</strong></span> <span class='ocrx_word' id='word_1_854' title='bbox 2801 3621 2905 3658; x_wconf 89' lang='lat' dir='ltr'><strong>non</strong></span> <span class='ocrx_word' id='word_1_855' title='bbox 2939 3605 3049 3658; x_wconf 87' lang='lat' dir='ltr'><strong>Deo</strong></span> <span class='ocrx_word' id='word_1_856' title='bbox 3075 3647 3089 3670; x_wconf 93' lang='lat'><strong>,</strong></span> <span class='ocrx_word' id='word_1_857' title='bbox 3117 3612 3172 3660; x_wconf 89' lang='lat' dir='ltr'><strong>et</strong></span> <span class='ocrx_word' id='word_1_858' title='bbox 3197 3621 3299 3675; x_wconf 82' lang='lat' dir='ltr'><strong>ego</strong></span> <span class='ocrx_word' id='word_1_859' title='bbox 3337 3605 3399 3658; x_wconf 90' lang='lat' dir='ltr'><strong>ad</strong></span> <span class='ocrx_word' id='word_1_860' title='bbox 3442 3603 3765 3657; x_wconf 82' lang='lat' dir='ltr'><strong>a-mulatioucm</strong></span> 
     </span>
    </p>
   </div>
   <div class='ocr_carea' id='block_1_102' title="bbox 2252 3691 3766 3768">
    <p class='ocr_par' dir='ltr' id='par_1_102' title="bbox 2252 3691 3766 3768">
     <span class='ocr_line' id='line_1_102' title="bbox 2252 3691 3766 3768; baseline -0.003 -20"><span class='ocrx_word' id='word_1_861' title='bbox 2252 3696 2555 3766; x_wconf 83' lang='lat' dir='ltr'><strong>provocabo</strong></span> <span class='ocrx_word' id='word_1_862' title='bbox 2585 3710 2678 3750; x_wconf 89' lang='lat' dir='ltr'><strong>eos</strong></span> <span class='ocrx_word' id='word_1_863' title='bbox 2709 3697 2758 3750; x_wconf 90' lang='lat' dir='ltr'><strong>in</strong></span> <span class='ocrx_word' id='word_1_864' title='bbox 2787 3707 2891 3752; x_wconf 87' lang='lat' dir='ltr'><strong>non</strong></span> <span class='ocrx_word' id='word_1_865' title='bbox 2920 3707 3077 3767; x_wconf 88' lang='lat' dir='ltr'><strong>gente</strong></span> <span class='ocrx_word' id='word_1_866' title='bbox 3123 3715 3142 3749; x_wconf 74' lang='grc' dir='ltr'><strong>ι</strong></span> <span class='ocrx_word' id='word_1_867' title='bbox 3184 3699 3203 3768; x_wconf 92' lang='grc'>(</span> <span class='ocrx_word' id='word_1_868' title='bbox 3234 3695 3390 3752; x_wconf 85' lang='lat' dir='ltr'><strong>Deut.</strong></span> <span class='ocrx_word' id='word_1_869' title='bbox 3417 3696 3497 3750; x_wconf 73' lang='lat' dir='ltr'><strong>Si.</strong></span> <span class='ocrx_word' id='word_1_870' title='bbox 3526 3692 3622 3764; x_wconf 62' lang='lat' dir='ltr'><strong>Si).</strong></span> <span class='ocrx_word' id='word_1_871' title='bbox 3646 3691 3766 3746; x_wconf 66' lang='lat' dir='ltr'><strong>Jul&#39;eo</strong></span> 
     </span>
    </p>
   </div>
   <div class='ocr_carea' id='block_1_103' title="bbox 2256 3783 3763 3856">
    <p class='ocr_par' dir='ltr' id='par_1_103' title="bbox 2256 3783 3763 3856">
     <span class='ocr_line' id='line_1_103' title="bbox 2256 3783 3763 3856; baseline -0.003 -18"><span class='ocrx_word' id='word_1_872' title='bbox 2256 3797 2341 3840; x_wconf 88' lang='lat' dir='ltr'><strong>ttlr</strong></span> <span class='ocrx_word' id='word_1_873' title='bbox 2374 3786 2583 3856; x_wconf 83' lang='lat' dir='ltr'><strong>Moyses</strong></span> <span class='ocrx_word' id='word_1_874' title='bbox 2610 3787 2904 3842; x_wconf 88' lang='lat' dir='ltr'><strong>ascendere</strong></span> <span class='ocrx_word' id='word_1_875' title='bbox 2941 3788 2991 3840; x_wconf 91' lang='lat' dir='ltr'><strong>in</strong></span> <span class='ocrx_word' id='word_1_876' title='bbox 3019 3797 3258 3842; x_wconf 88' lang='lat' dir='ltr'><strong>montem</strong></span> <span class='ocrx_word' id='word_1_877' title='bbox 3291 3788 3518 3847; x_wconf 76' lang='lat' dir='ltr'><strong>Abarim,</strong></span> <span class='ocrx_word' id='word_1_878' title='bbox 3548 3784 3624 3854; x_wconf 86' lang='lat' dir='ltr'><strong>qui</strong></span> <span class='ocrx_word' id='word_1_879' title='bbox 3644 3783 3763 3836; x_wconf 79' lang='lat' dir='ltr'><strong>etiam</strong></span> 
     </span>
    </p>
   </div>
   <div class='ocr_carea' id='block_1_104' title="bbox 2252 3875 3765 3948">
    <p class='ocr_par' dir='ltr' id='par_1_104' title="bbox 2252 3875 3765 3948">
     <span class='ocr_line' id='line_1_104' title="bbox 2252 3875 3765 3948; baseline -0.004 -17"><span class='ocrx_word' id='word_1_880' title='bbox 2252 3877 2433 3931; x_wconf 82' lang='lat' dir='ltr'><strong>Nabus</strong></span> <span class='ocrx_word' id='word_1_881' title='bbox 2463 3879 2772 3939; x_wconf 83' lang='lat' dir='ltr'><strong>vocabatur.</strong></span> <span class='ocrx_word' id='word_1_882' title='bbox 2805 3888 2859 3933; x_wconf 89' lang='lat' dir='ltr'><strong>ct</strong></span> <span class='ocrx_word' id='word_1_883' title='bbox 2881 3879 3066 3933; x_wconf 86' lang='lat' dir='ltr'><strong>videre</strong></span> <span class='ocrx_word' id='word_1_884' title='bbox 3095 3889 3297 3934; x_wconf 90' lang='lat' dir='ltr'><strong>terram</strong></span> <span class='ocrx_word' id='word_1_885' title='bbox 3335 3875 3698 3948; x_wconf 76' lang='lat' dir='ltr'><strong>plomissionis:</strong></span> <span class='ocrx_word' id='word_1_886' title='bbox 3728 3878 3765 3921; x_wconf 73' lang='lat' dir='ltr'><strong>et</strong></span> 
     </span>
    </p>
   </div>
   <div class='ocr_carea' id='block_1_105' title="bbox 2253 3971 3763 4040">
    <p class='ocr_par' dir='ltr' id='par_1_105' title="bbox 2253 3971 3763 4040">
     <span class='ocr_line' id='line_1_105' title="bbox 2253 3971 3763 4040; baseline -0.005 -18"><span class='ocrx_word' id='word_1_887' title='bbox 2253 3979 2534 4039; x_wconf 86' lang='lat' dir='ltr'><strong>postquam</strong></span> <span class='ocrx_word' id='word_1_888' title='bbox 2566 3971 2801 4040; x_wconf 79' lang='lat' dir='ltr'><strong>singulas</strong></span> <span class='ocrx_word' id='word_1_889' title='bbox 2832 3971 3000 4024; x_wconf 87' lang='lat' dir='ltr'><strong>trilms</strong></span> <span class='ocrx_word' id='word_1_890' title='bbox 3029 3971 3395 4026; x_wconf 78' lang='lat' dir='ltr'><strong>benedixisset</strong></span> <span class='ocrx_word' id='word_1_891' title='bbox 3417 4012 3431 4036; x_wconf 96' lang='lat'><strong>,</strong></span> <span class='ocrx_word' id='word_1_892' title='bbox 3455 3978 3662 4023; x_wconf 90' lang='lat' dir='ltr'><strong>mortuus</strong></span> <span class='ocrx_word' id='word_1_893' title='bbox 3683 3974 3763 4015; x_wconf 78' lang='lat' dir='ltr'><strong>est:</strong></span> 
     </span>
    </p>
   </div>
   <div class='ocr_carea' id='block_1_106' title="bbox 2253 4055 3760 4131">
    <p class='ocr_par' dir='ltr' id='par_1_106' title="bbox 2253 4055 3760 4131">
     <span class='ocr_line' id='line_1_106' title="bbox 2253 4055 3760 4131; baseline -0.008 -15"><span class='ocrx_word' id='word_1_894' title='bbox 2253 4077 2520 4131; x_wconf 77' lang='lat' dir='ltr'><strong>nemoque</strong></span> <span class='ocrx_word' id='word_1_895' title='bbox 2551 4063 3034 4131; x_wconf 66' lang='lat' dir='ltr'><strong>mn&#39;it‘sepulcrum</strong></span> <span class='ocrx_word' id='word_1_896' title='bbox 3059 4063 3176 4131; x_wconf 92' lang='lat' dir='ltr'><strong>ejus</strong></span> <span class='ocrx_word' id='word_1_897' title='bbox 3202 4065 3266 4117; x_wconf 88' lang='lat' dir='ltr'><strong>ad</strong></span> <span class='ocrx_word' id='word_1_898' title='bbox 3299 4066 3431 4116; x_wconf 87' lang='lat' dir='ltr'><strong>hanc</strong></span> <span class='ocrx_word' id='word_1_899' title='bbox 3450 4055 3760 4130; x_wconf 74' lang='lat' dir='ltr'><strong>nsquedieiu&#39;.</strong></span> 
     </span>
    </p>
   </div>
   <div class='ocr_carea' id='block_1_107' title="bbox 2254 4155 3765 4226">
    <p class='ocr_par' dir='ltr' id='par_1_107' title="bbox 2254 4155 3765 4226">
     <span class='ocr_line' id='line_1_107' title="bbox 2254 4155 3765 4226; baseline -0.007 -18"><span class='ocrx_word' id='word_1_900' title='bbox 2254 4155 2367 4209; x_wconf 87' lang='lat' dir='ltr'><strong>lluc</strong></span> <span class='ocrx_word' id='word_1_901' title='bbox 2393 4155 2644 4208; x_wconf 87' lang='lat' dir='ltr'><strong>desinunt</strong></span> <span class='ocrx_word' id='word_1_902' title='bbox 2665 4158 2899 4225; x_wconf 80' lang='lat' dir='ltr'><strong>quinque</strong></span> <span class='ocrx_word' id='word_1_903' title='bbox 2925 4156 3040 4208; x_wconf 87' lang='lat' dir='ltr'><strong>libri</strong></span> <span class='ocrx_word' id='word_1_904' title='bbox 3073 4155 3273 4226; x_wconf 78' lang='lat' dir='ltr'><strong>Moysis</strong></span> <span class='ocrx_word' id='word_1_905' title='bbox 3297 4199 3308 4218; x_wconf 87' lang='lat'><strong>,</strong></span> <span class='ocrx_word' id='word_1_906' title='bbox 3339 4171 3468 4226; x_wconf 89' lang='lat' dir='ltr'><strong>quos</strong></span> <span class='ocrx_word' id='word_1_907' title='bbox 3493 4155 3620 4207; x_wconf 91' lang='lat' dir='ltr'><strong>solos</strong></span> <span class='ocrx_word' id='word_1_908' title='bbox 3649 4161 3765 4202; x_wconf 78' lang='lat' dir='ltr'><strong>accc-</strong></span> 
     </span>
    </p>
   </div>
   <div class='ocr_carea' id='block_1_108' title="bbox 2253 4245 3240 4317">
    <p class='ocr_par' dir='ltr' id='par_1_108' title="bbox 2253 4245 3240 4317">
     <span class='ocr_line' id='line_1_108' title="bbox 2253 4245 3240 4317; baseline -0.002 -17"><span class='ocrx_word' id='word_1_909' title='bbox 2253 4256 2444 4317; x_wconf 86' lang='lat' dir='ltr'><strong>pcrunt</strong></span> <span class='ocrx_word' id='word_1_910' title='bbox 2469 4245 2906 4315; x_wconf 77' lang='lat' dir='ltr'><strong>atlmiscruntque</strong></span> <span class='ocrx_word' id='word_1_911' title='bbox 2943 4245 3240 4301; x_wconf 71' lang='lat' dir='ltr'><strong>Satnaritm.</strong></span> 
     </span>
    </p>
   </div>
   <div class='ocr_carea' id='block_1_109' title="bbox 2593 4366 3483 4414">
    <p class='ocr_par' dir='ltr' id='par_1_109' title="bbox 2593 4366 3483 4414">
     <span class='ocr_line' id='line_1_109' title="bbox 2593 4366 3483 4414; baseline -0.002 -3"><span class='ocrx_word' id='word_1_912' title='bbox 2593 4371 2827 4413; x_wconf 63' lang='lat' dir='ltr'><strong>svsorsxs</strong></span> <span class='ocrx_word' id='word_1_913' title='bbox 2854 4368 2986 4412; x_wconf 79' lang='lat' dir='ltr'><strong>Lutm</strong></span> <span class='ocrx_word' id='word_1_914' title='bbox 3017 4366 3137 4412; x_wconf 66' lang='lat' dir='ltr'><strong>issu</strong></span> <span class='ocrx_word' id='word_1_915' title='bbox 3173 4367 3297 4414; x_wconf 78' lang='lat' dir='ltr'><strong>PtLll</strong></span> <span class='ocrx_word' id='word_1_916' title='bbox 3329 4366 3483 4411; x_wconf 57' lang='lat' dir='ltr'><strong>save.</strong></span> 
     </span>
    </p>
   </div>
   <div class='ocr_carea' id='block_1_110' title="bbox 2321 4487 3765 4564">
    <p class='ocr_par' dir='ltr' id='par_1_110' title="bbox 2321 4487 3765 4564">
     <span class='ocr_line' id='line_1_110' title="bbox 2321 4487 3765 4564; baseline -0.012 -16"><span class='ocrx_word' id='word_1_917' title='bbox 2321 4491 2546 4548; x_wconf 83' lang='lat' dir='ltr'><strong>anetur</strong></span> <span class='ocrx_word' id='word_1_918' title='bbox 2566 4493 2722 4548; x_wconf 84' lang='lat' dir='ltr'><strong>Jesus</strong></span> <span class='ocrx_word' id='word_1_919' title='bbox 2749 4494 3037 4564; x_wconf 74' lang='lat' dir='ltr'><strong>prcecipere</strong></span> <span class='ocrx_word' id='word_1_920' title='bbox 3075 4493 3292 4563; x_wconf 85' lang='lat' dir='ltr'><strong>populo,</strong></span> <span class='ocrx_word' id='word_1_921' title='bbox 3327 4500 3382 4545; x_wconf 91' lang='grc' dir='ltr'><strong>ιιι</strong></span> <span class='ocrx_word' id='word_1_922' title='bbox 3408 4491 3499 4560; x_wconf 83' lang='lat' dir='ltr'><strong>legi</strong></span> <span class='ocrx_word' id='word_1_923' title='bbox 3528 4487 3605 4542; x_wconf 86' lang='lat' dir='ltr'><strong>Dei</strong></span> <span class='ocrx_word' id='word_1_924' title='bbox 3635 4493 3765 4536; x_wconf 86' lang='lat' dir='ltr'><strong>atten-</strong></span> 
     </span>
    </p>
   </div>
   <div class='ocr_carea' id='block_1_111' title="bbox 2251 4575 3763 4655">
    <p class='ocr_par' dir='ltr' id='par_1_111' title="bbox 2251 4575 3763 4655">
     <span class='ocr_line' id='line_1_111' title="bbox 2251 4575 3763 4655; baseline -0.007 -17"><span class='ocrx_word' id='word_1_925' title='bbox 2251 4585 2359 4638; x_wconf 81' lang='lat' dir='ltr'><strong>dat.</strong></span> <span class='ocrx_word' id='word_1_926' title='bbox 2388 4581 2541 4639; x_wconf 80' lang='lat' dir='ltr'><strong>Mittit</strong></span> <span class='ocrx_word' id='word_1_927' title='bbox 2566 4585 2952 4653; x_wconf 77' lang='lat' dir='ltr'><strong>exploratores,</strong></span> <span class='ocrx_word' id='word_1_928' title='bbox 2980 4586 3067 4655; x_wconf 88' lang='lat' dir='ltr'><strong>qtti</strong></span> <span class='ocrx_word' id='word_1_929' title='bbox 3099 4587 3300 4638; x_wconf 88' lang='lat' dir='ltr'><strong>intrant</strong></span> <span class='ocrx_word' id='word_1_930' title='bbox 3331 4585 3380 4637; x_wconf 90' lang='lat' dir='ltr'><strong>in</strong></span> <span class='ocrx_word' id='word_1_931' title='bbox 3417 4582 3627 4637; x_wconf 80' lang='lat' dir='ltr'><strong>Jcriclto.</strong></span> <span class='ocrx_word' id='word_1_932' title='bbox 3666 4575 3763 4628; x_wconf 86' lang='lat' dir='ltr'><strong>Cum</strong></span> 
     </span>
    </p>
   </div>
   <div class='ocr_carea' id='block_1_112' title="bbox 2252 4663 3764 4747">
    <p class='ocr_par' dir='ltr' id='par_1_112' title="bbox 2252 4663 3764 4747">
     <span class='ocr_line' id='line_1_112' title="bbox 2252 4663 3764 4747; baseline -0.008 -15"><span class='ocrx_word' id='word_1_933' title='bbox 2252 4677 2302 4732; x_wconf 88' lang='lat' dir='ltr'><strong>id</strong></span> <span class='ocrx_word' id='word_1_934' title='bbox 2317 4677 2551 4731; x_wconf 85' lang='lat' dir='ltr'><strong>audisset</strong></span> <span class='ocrx_word' id='word_1_935' title='bbox 2566 4690 2659 4731; x_wconf 84' lang='lat' dir='ltr'><strong>rex</strong></span> <span class='ocrx_word' id='word_1_936' title='bbox 2681 4676 2844 4741; x_wconf 82' lang='lat' dir='ltr'><strong>urbis,</strong></span> <span class='ocrx_word' id='word_1_937' title='bbox 2867 4678 3006 4731; x_wconf 84' lang='lat' dir='ltr'><strong>misit</strong></span> <span class='ocrx_word' id='word_1_938' title='bbox 3026 4678 3112 4747; x_wconf 88' lang='lat' dir='ltr'><strong>qui</strong></span> <span class='ocrx_word' id='word_1_939' title='bbox 3131 4678 3272 4731; x_wconf 83' lang='lat' dir='ltr'><strong>viros</strong></span> <span class='ocrx_word' id='word_1_940' title='bbox 3291 4677 3637 4745; x_wconf 83' lang='lat' dir='ltr'><strong>requirerenta</strong></span> <span class='ocrx_word' id='word_1_941' title='bbox 3653 4663 3764 4720; x_wconf 74' lang='lat' dir='ltr'><strong>Raab</strong></span> 
     </span>
    </p>
   </div>
   <div class='ocr_carea' id='block_1_113' title="bbox 2253 4760 3763 4839">
    <p class='ocr_par' dir='ltr' id='par_1_113' title="bbox 2253 4760 3763 4839">
     <span class='ocr_line' id='line_1_113' title="bbox 2253 4760 3763 4839; baseline -0.014 -15"><span class='ocrx_word' id='word_1_942' title='bbox 2253 4769 2555 4834; x_wconf 88' lang='lat' dir='ltr'><strong>tnerctrice,</strong></span> <span class='ocrx_word' id='word_1_943' title='bbox 2583 4785 2700 4839; x_wconf 69' lang='grc' dir='ltr'>ιιιιειι</span> <span class='ocrx_word' id='word_1_944' title='bbox 2727 4770 2870 4838; x_wconf 89' lang='lat' dir='ltr'><strong>ipsos</strong></span> <span class='ocrx_word' id='word_1_945' title='bbox 2891 4779 3218 4839; x_wconf 78' lang='lat' dir='ltr'><strong>susceperat.</strong></span> <span class='ocrx_word' id='word_1_946' title='bbox 3263 4767 3352 4820; x_wconf 92' lang='lat' dir='ltr'><strong>Illa</strong></span> <span class='ocrx_word' id='word_1_947' title='bbox 3388 4780 3507 4819; x_wconf 86' lang='lat' dir='ltr'><strong>vero</strong></span> <span class='ocrx_word' id='word_1_948' title='bbox 3525 4760 3763 4829; x_wconf 73' lang='lat' dir='ltr'><strong>explonuo-</strong></span> 
     </span>
    </p>
   </div>
   <div class='ocr_carea' id='block_1_114' title="bbox 2249 4853 3761 4930">
    <p class='ocr_par' dir='ltr' id='par_1_114' title="bbox 2249 4853 3761 4930">
     <span class='ocr_line' id='line_1_114' title="bbox 2249 4853 3761 4930; baseline -0.009 -12"><span class='ocrx_word' id='word_1_949' title='bbox 2249 4877 2340 4918; x_wconf 85' lang='lat' dir='ltr'><strong>res</strong></span> <span class='ocrx_word' id='word_1_950' title='bbox 2365 4863 2665 4916; x_wconf 87' lang='lat' dir='ltr'><strong>occultavit.</strong></span> <span class='ocrx_word' id='word_1_951' title='bbox 2691 4862 2900 4930; x_wconf 72' lang='lat' dir='ltr'><strong>Proque</strong></span> <span class='ocrx_word' id='word_1_952' title='bbox 2928 4862 3011 4914; x_wconf 90' lang='lat' dir='ltr'><strong>illa</strong></span> <span class='ocrx_word' id='word_1_953' title='bbox 3043 4861 3208 4930; x_wconf 86' lang='lat' dir='ltr'><strong>gratia</strong></span> <span class='ocrx_word' id='word_1_954' title='bbox 3252 4859 3400 4928; x_wconf 86' lang='lat' dir='ltr'><strong>petiit</strong></span> <span class='ocrx_word' id='word_1_955' title='bbox 3432 4870 3522 4927; x_wconf 87' lang='lat' dir='ltr'><strong>pro</strong></span> <span class='ocrx_word' id='word_1_956' title='bbox 3543 4853 3674 4906; x_wconf 90' lang='lat' dir='ltr'><strong>domo</strong></span> <span class='ocrx_word' id='word_1_957' title='bbox 3693 4858 3761 4897; x_wconf 62' lang='lat' dir='ltr'><strong>sua</strong></span> 
     </span>
    </p>
   </div>
   <div class='ocr_carea' id='block_1_115' title="bbox 2251 4934 3763 5023">
    <p class='ocr_par' dir='ltr' id='par_1_115' title="bbox 2251 4934 3763 5023">
     <span class='ocr_line' id='line_1_115' title="bbox 2251 4934 3763 5023; baseline -0.017 -11"><span class='ocrx_word' id='word_1_958' title='bbox 2251 4959 2497 5021; x_wconf 84' lang='lat' dir='ltr'><strong>salutem,</strong></span> <span class='ocrx_word' id='word_1_959' title='bbox 2527 4971 2649 5010; x_wconf 86' lang='lat' dir='ltr'><strong>eum</strong></span> <span class='ocrx_word' id='word_1_960' title='bbox 2700 4953 2826 5009; x_wconf 84' lang='lat' dir='ltr'><strong>urbs</strong></span> <span class='ocrx_word' id='word_1_961' title='bbox 2866 4963 3019 5023; x_wconf 85' lang='lat' dir='ltr'><strong>capta</strong></span> <span class='ocrx_word' id='word_1_962' title='bbox 3061 4955 3216 5007; x_wconf 77' lang='lat' dir='ltr'><strong>foret.</strong></span> <span class='ocrx_word' id='word_1_963' title='bbox 3275 4952 3350 5005; x_wconf 89' lang='lat' dir='ltr'><strong>Illi</strong></span> <span class='ocrx_word' id='word_1_964' title='bbox 3406 4951 3681 5002; x_wconf 85' lang='lat' dir='ltr'><strong>annuerunt.</strong></span> <span class='ocrx_word' id='word_1_965' title='bbox 3715 4934 3763 4987; x_wconf 86' lang='grc' dir='ltr'><strong>Ει</strong></span> 
     </span>
    </p>
   </div>
   <div class='ocr_carea' id='block_1_116' title="bbox 2251 5033 3758 5115">
    <p class='ocr_par' dir='ltr' id='par_1_116' title="bbox 2251 5033 3758 5115">
     <span class='ocr_line' id='line_1_116' title="bbox 2251 5033 3758 5115; baseline -0.013 -12"><span class='ocrx_word' id='word_1_966' title='bbox 2251 5066 2372 5104; x_wconf 91' lang='lat' dir='ltr'><strong>cum</strong></span> <span class='ocrx_word' id='word_1_967' title='bbox 2419 5049 2832 5108; x_wconf 79' lang='lat' dir='ltr'><strong>discessissent,</strong></span> <span class='ocrx_word' id='word_1_968' title='bbox 2887 5061 3006 5115; x_wconf 56' lang='lat' dir='ltr'><strong>quae</strong></span> <span class='ocrx_word' id='word_1_969' title='bbox 3049 5055 3196 5113; x_wconf 83' lang='lat' dir='ltr'><strong>gesta</strong></span> <span class='ocrx_word' id='word_1_970' title='bbox 3237 5048 3390 5096; x_wconf 87' lang='lat' dir='ltr'><strong>crant</strong></span> <span class='ocrx_word' id='word_1_971' title='bbox 3435 5033 3758 5115; x_wconf 68' lang='lat' dir='ltr'><strong>renuntiarunt-</strong></span> 
     </span>
    </p>
   </div>
   <div class='ocr_carea' id='block_1_117' title="bbox 2253 5113 3758 5208">
    <p class='ocr_par' dir='ltr' id='par_1_117' title="bbox 2253 5113 3758 5208">
     <span class='ocr_line' id='line_1_117' title="bbox 2253 5113 3758 5208; baseline -0.014 -14"><span class='ocrx_word' id='word_1_972' title='bbox 2253 5140 2496 5208; x_wconf 73' lang='lat' dir='ltr'><strong>Przecipit</strong></span> <span class='ocrx_word' id='word_1_973' title='bbox 2522 5139 2717 5208; x_wconf 87' lang='lat' dir='ltr'><strong>populo</strong></span> <span class='ocrx_word' id='word_1_974' title='bbox 2744 5146 2798 5190; x_wconf 94' lang='grc' dir='ltr'><strong>ιιι</strong></span> <span class='ocrx_word' id='word_1_975' title='bbox 2840 5113 3125 5190; x_wconf 77' lang='lat' dir='ltr'><strong>Jordanctn</strong></span> <span class='ocrx_word' id='word_1_976' title='bbox 3167 5135 3417 5194; x_wconf 82' lang='lat' dir='ltr'><strong>transeat,</strong></span> <span class='ocrx_word' id='word_1_977' title='bbox 3439 5137 3490 5182; x_wconf 91' lang='lat' dir='ltr'><strong>et</strong></span> <span class='ocrx_word' id='word_1_978' title='bbox 3523 5125 3644 5178; x_wconf 86' lang='lat' dir='ltr'><strong>sicco</strong></span> <span class='ocrx_word' id='word_1_979' title='bbox 3662 5113 3758 5185; x_wconf 56' lang='lat' dir='ltr'><strong>prtlc</strong></span> 
     </span>
    </p>
   </div>
   <div class='ocr_carea' id='block_1_118' title="bbox 2254 5214 3751 5300">
    <p class='ocr_par' dir='ltr' id='par_1_118' title="bbox 2254 5214 3751 5300">
     <span class='ocr_line' id='line_1_118' title="bbox 2254 5214 3751 5300; baseline -0.019 -12"><span class='ocrx_word' id='word_1_980' title='bbox 2254 5235 2597 5298; x_wconf 85' lang='lat' dir='ltr'><strong>transierunt,</strong></span> <span class='ocrx_word' id='word_1_981' title='bbox 2624 5231 2924 5300; x_wconf 87' lang='lat' dir='ltr'><strong>lapidesque</strong></span> <span class='ocrx_word' id='word_1_982' title='bbox 2940 5226 3216 5281; x_wconf 87' lang='lat' dir='ltr'><strong>duodecim</strong></span> <span class='ocrx_word' id='word_1_983' title='bbox 3235 5226 3285 5278; x_wconf 90' lang='lat' dir='ltr'><strong>in</strong></span> <span class='ocrx_word' id='word_1_984' title='bbox 3301 5221 3482 5277; x_wconf 70' lang='lat' dir='ltr'><strong>castris</strong></span> <span class='ocrx_word' id='word_1_985' title='bbox 3499 5214 3751 5272; x_wconf 63' lang='lat' dir='ltr'><strong>statuerunt</strong></span> 
     </span>
    </p>
   </div>
   <div class='ocr_carea' id='block_1_119' title="bbox 2254 5306 3754 5394">
    <p class='ocr_par' dir='ltr' id='par_1_119' title="bbox 2254 5306 3754 5394">
     <span class='ocr_line' id='line_1_119' title="bbox 2254 5306 3754 5394; baseline -0.015 -10"><span class='ocrx_word' id='word_1_986' title='bbox 2254 5330 2364 5384; x_wconf 87' lang='lat' dir='ltr'><strong>Hoc</strong></span> <span class='ocrx_word' id='word_1_987' title='bbox 2404 5329 2583 5381; x_wconf 89' lang='lat' dir='ltr'><strong>audito</strong></span> <span class='ocrx_word' id='word_1_988' title='bbox 2621 5339 2772 5394; x_wconf 87' lang='lat' dir='ltr'><strong>rcges</strong></span> <span class='ocrx_word' id='word_1_989' title='bbox 2799 5322 3224 5378; x_wconf 64' lang='lat' dir='ltr'><strong>Amorrbazorum</strong></span> <span class='ocrx_word' id='word_1_990' title='bbox 3252 5319 3340 5389; x_wconf 88' lang='lat' dir='ltr'><strong>qui</strong></span> <span class='ocrx_word' id='word_1_991' title='bbox 3370 5326 3508 5370; x_wconf 77' lang='lat' dir='ltr'><strong>trans</strong></span> <span class='ocrx_word' id='word_1_992' title='bbox 3530 5306 3754 5365; x_wconf 71' lang='lat' dir='ltr'><strong>Jordant&#39;ﬂl</strong></span> 
     </span>
    </p>
   </div>
   <div class='ocr_carea' id='block_1_120' title="bbox 2314 5465 3753 5561">
    <p class='ocr_par' dir='ltr' id='par_1_120' title="bbox 2314 5465 3753 5561">
     <span class='ocr_line' id='line_1_120' title="bbox 2314 5465 3753 5561; baseline -0.014 -19"><span class='ocrx_word' id='word_1_993' title='bbox 2314 5496 2331 5527; x_wconf 84' lang='grc'>¹</span> <span class='ocrx_word' id='word_1_994' title='bbox 2354 5492 2408 5542; x_wconf 81' lang='lat' dir='ltr'><strong>In</strong></span> <span class='ocrx_word' id='word_1_995' title='bbox 2431 5485 3201 5561; x_wconf 41' lang='lat' dir='ltr'><strong>Coislitt‘iapo.‘lieuteronotni’um</strong></span> <span class='ocrx_word' id='word_1_996' title='bbox 3229 5477 3294 5551; x_wconf 67' lang='lat' dir='ltr'><strong>ita</strong></span> <span class='ocrx_word' id='word_1_997' title='bbox 3317 5470 3500 5561; x_wconf 51' lang='lat' dir='ltr'><strong>desiuit2</strong></span> 
     </span>
    </p>
   </div>
   <div class='ocr_carea' id='block_1_121' title="bbox 2252 5527 3752 5622">
    <p class='ocr_par' dir='ltr' id='par_1_121' title="bbox 2252 5527 3752 5622">
     <span class='ocr_line' id='line_1_121' title="bbox 2252 5527 3752 5622; baseline 0.005 -16"><span class='ocrx_word' id='word_1_998' title='bbox 2252 5527 2462 5610; x_wconf 67' lang='grc' dir='ltr'><strong>Μωὲσῆξ</strong></span> <span class='ocrx_word' id='word_1_999' title='bbox 2492 5551 2695 5599; x_wconf 78' lang='grc' dir='ltr'><strong>ἀνελθεῖν</strong></span> <span class='ocrx_word' id='word_1_1000' title='bbox 2720 5551 2783 5602; x_wconf 84' lang='grc' dir='ltr'><strong>εἰς</strong></span> <span class='ocrx_word' id='word_1_1001' title='bbox 2807 5548 2861 5594; x_wconf 88' lang='grc' dir='ltr'><strong>τὸ</strong></span> <span class='ocrx_word' id='word_1_1002' title='bbox 2882 5547 2988 5618; x_wconf 61' lang='grc' dir='ltr'><strong>ὀρρς</strong></span> <span class='ocrx_word' id='word_1_1003' title='bbox 3017 5545 3072 5591; x_wconf 86' lang='grc' dir='ltr'><strong>τὸ</strong></span> <span class='ocrx_word' id='word_1_1004' title='bbox 3117 5542 3351 5618; x_wconf 47' lang='lat' dir='ltr'><strong>facilemf-</strong></span> <span class='ocrx_word' id='word_1_1005' title='bbox 3383 5527 3752 5622; x_wconf 52' lang='grc' dir='ltr'><strong>ξὲαἷτῗῗῖῗέζῖξ</strong></span> 
     </span>
    </p>
   </div>
   <div class='ocr_carea' id='block_1_122' title="bbox 2283 5594 3754 5670">
    <p class='ocr_par' dir='ltr' id='par_1_122' title="bbox 2283 5594 3754 5670">
     <span class='ocr_line' id='line_1_122' title="bbox 2283 5594 3754 5670; baseline -0.02 -6"><span class='ocrx_word' id='word_1_1006' title='bbox 2283 5594 2478 5670; x_wconf 43' lang='lat' dir='ltr'><strong>36:th</strong></span> <span class='ocrx_word' id='word_1_1007' title='bbox 2503 5613 2597 5660; x_wconf 77' lang='grc' dir='ltr'>εἶδε</span> <span class='ocrx_word' id='word_1_1008' title='bbox 2614 5614 2698 5666; x_wconf 73' lang='grc' dir='ltr'><strong>τὴν</strong></span> <span class='ocrx_word' id='word_1_1009' title='bbox 2719 5594 2805 5670; x_wconf 57' lang='grc' dir='ltr'><strong>γ’ῖξν</strong></span> <span class='ocrx_word' id='word_1_1010' title='bbox 2832 5594 2922 5661; x_wconf 66' lang='grc' dir='ltr'><strong>τῆξ</strong></span> <span class='ocrx_word' id='word_1_1011' title='bbox 2943 5594 3240 5670; x_wconf 31' lang='grc' dir='ltr'><strong>ἐπιαγγεῇιζαιςξ</strong></span> <span class='ocrx_word' id='word_1_1012' title='bbox 3259 5602 3337 5647; x_wconf 74' lang='grc' dir='ltr'><strong>καὶ</strong></span> <span class='ocrx_word' id='word_1_1013' title='bbox 3360 5594 3528 5656; x_wconf 70' lang='grc' dir='ltr'><strong>εὐλογεῖ</strong></span> <span class='ocrx_word' id='word_1_1014' title='bbox 3549 5602 3639 5638; x_wconf 81' lang='grc' dir='ltr'>τους</span> <span class='ocrx_word' id='word_1_1015' title='bbox 3654 5594 3754 5628; x_wconf 72' lang='grc' dir='ltr'><strong>νιονὶ</strong></span> 
     </span>
    </p>
   </div>
   <div class='ocr_carea' id='block_1_123' title="bbox 2279 5665 3386 5734">
    <p class='ocr_par' dir='ltr' id='par_1_123' title="bbox 2279 5665 3386 5734">
     <span class='ocr_line' id='line_1_123' title="bbox 2279 5665 3386 5734; baseline -0.017 -9"><span class='ocrx_word' id='word_1_1016' title='bbox 2279 5665 2471 5734; x_wconf 52' lang='lat' dir='ltr'><strong>laceri),</strong></span> <span class='ocrx_word' id='word_1_1017' title='bbox 2499 5675 2578 5720; x_wconf 79' lang='grc' dir='ltr'><strong>καὶ</strong></span> <span class='ocrx_word' id='word_1_1018' title='bbox 2602 5665 2793 5733; x_wconf 49' lang='lat' dir='ltr'><strong>nis-its</strong></span> <span class='ocrx_word' id='word_1_1019' title='bbox 2818 5671 3027 5725; x_wconf 55' lang='lat'><strong>31:00:17,;</strong></span> <span class='ocrx_word' id='word_1_1020' title='bbox 3049 5665 3128 5712; x_wconf 63' lang='grc' dir='ltr'><strong>καὶ</strong></span> <span class='ocrx_word' id='word_1_1021' title='bbox 3151 5665 3386 5711; x_wconf 57' lang='grc' dir='ltr'><strong>θάπτωσιν</strong></span> 
     </span>
    </p>
   </div>
  </div>
