4090 6216
402 198 513 257 355

405 307 718 379 ἐλευθερίας
740 311 848 365 τῶν
869 312 1248 381 δουλευόντων,
1282 318 1405 388 περὶ
1448 318 1826 390 πρωτοτόκων,
1849 319 1979 390 περὶ

404 396 502 452 τοῦ
532 397 737 469 πάσχα.
773 401 1035 457 Ἐνταῦθα
1065 406 1241 458 κεῖται
1269 403 1350 472 τὸ,
1375 407 1457 459 Οὐ
1493 406 1736 474 δυνήσῃ
1771 404 1840 459 τὸ
1869 404 1979 458 πά-

404 504 531 559 σχα
551 490 746 544 ποιεῖν
769 504 796 532 ι
815 492 887 545 ἐν·
905 493 1151 564 οὐδεμιᾷ
1181 494 1300 549 τῶν
1325 498 1555 552 πόλεων
1585 492 1674 551 ὧν
1709 498 1923 566 Κύριος
1944 499 1978 552 ὀ

405 580 556 644 Θεός
584 593 701 635 σου
729 581 943 637 δίδωσι
977 600 1094 650 σοι,
1134 586 1270 641 ἀλλ’
1296 588 1384 653 είς
1418 587 1527 641 τὸν
1561 589 1748 643 τόπον
1790 587 1863 642 ὃν
1901 588 1979 642 ἂν

398 670 722 738 ἐκλέξηται
750 674 967 741 Κύριος
999 678 1033 730 ό
1061 679 1206 744 Θεός
1234 692 1372 731 σου.
1399 679 1532 749 Περὶ
1559 679 1658 749 τῆς
1686 679 1793 733 τῶν
1823 679 1979 733 ἐϐδοο

395 761 607 831 μάδων,
655 765 783 835 περὶ
824 765 928 837 τῆς
969 767 1080 821 τῶν
1133 771 1535 840 σκηνοπηγιῶν,
1582 772 1708 842 περὶ
1749 772 1973 845 κριτῶν,

398 854 529 925 περὶ
557 853 841 924 βασιλέων,
872 857 928 910 εί
954 875 1084 913 ποτε
1110 858 1315 915 ἔλθοιεν
1339 864 1419 927 είς
1439 863 1732 934 ἐπιθυμίαν
1762 863 1859 917 τοῦ
1886 865 1977 936 βα-

396 938 644 994 σιλεῦσαί
676 957 820 997 τινα.
853 944 987 1017 Περὶ
1019 947 1281 1014 Λευῖτῶν,
1308 950 1403 1004 καὶ
1435 943 1512 1004 ὧν
1532 950 1804 1022 ὀφείλουσι
1835 952 1974 1025 λαμ-

393 1031 600 1088 ϐἀνειν.
625 1036 759 1107 Περὶ
775 1036 871 1091 τοῦ
896 1039 971 1110 μὴ
987 1039 1096 1094 δεῖν
1115 1044 1227 1107 τοῖς
1245 1042 1557 1114 λεγομένοις
1578 1044 1929 1117 καθαρισταῖς
1941 1047 1970 1087 δ

397 1126 715 1196 κεχρῆσθαι,
736 1129 769 1200 ἦ
787 1130 1077 1196 ἐπαοιδοῖς,
1100 1132 1134 1205 ἢ
1159 1135 1491 1208 μαντείαιςῆ
1515 1136 1784 1209 κληδόσιν,
1803 1138 1835 1209 ἢ
1857 1141 1970 1203 τοῖς

392 1216 676 1282 τοιούτοις.
708 1220 971 1277 Ἐνταῦθα
1000 1225 1176 1278 κεῖται
1195 1226 1278 1292 τὸ,
1307 1228 1629 1298 Προφήτην
1654 1229 1796 1299 ὑμῖν
1821 1231 1967 1285 ἁνα-

386 1307 610 1376 στήσει
655 1314 691 1363 ό
731 1313 876 1377 Θειλς
902 1315 982 1381 ὡς
1011 1315 1136 1386 ἐμέ.
1176 1318 1285 1372 Kal
1321 1320 1451 1390 περὶ
1485 1319 1595 1373 τῶν
1632 1321 1969 1393 φυγαδευτη-

392 1397 526 1467 ρίων
582 1401 789 1456 πόλεων
832 1403 1191 1464 διατάττεται.
1245 1410 1508 1465 Ἐνταῦθα
1575 1415 1772 1477 κεῖται,
1834 1413 1964 1469 Ἐπὶ

384 1495 687 1565 στόματος
726 1497 836 1553 δύο
884 1502 1201 1570 μαρτύρων
1246 1502 1344 1557 καί
1389 1504 1566 1573 τριῶν
1600 1505 1964 1573 σταθήσεται

384 1587 515 1641 πᾶν
529 1588 713 1659 ῥῆμα.
746 1592 855 1645 Καὶ
884 1594 1012 1662 περὶ
1040 1595 1147 1648 τῶν
1169 1594 1776 1669 ψευδομαρτυρούντων,
1805 1599 1859 1652 τί
1883 1600 1966 1653 δεῖ

390 1679 618 1748 πάσχειν
640 1680 859 1745 αὐτούς.
899 1683 1249 1748 Ἐπιστάντος
1283 1684 1540 1757 πολέμου,
1571 1685 1715 1756 λέγει
1744 1686 1863 1740 τίνα
1882 1686 1965 1740 δεῖ

387 1769 713 1841 ἐκπέμπειν,
772 1774 868 1826 καὶ
921 1772 995 1845 μὴ
1060 1774 1277 1845 ἀφιέναι
1334 1778 1703 1849 συμπολεμεῖν
1751 1779 1957 1844 αὐτοῖς.

383 1861 652 1931 Παραινεῖ
689 1866 762 1935 μὴ
799 1865 1137 1937 ἀναιρεῖσθαι
1165 1868 1290 1931 τοὺς
1312 1868 1600 1940 πολεμίους
1623 1870 1956 1924 ὑποπίπτον-

385 1969 504 2014 τας,
533 1953 676 2023 πλὴν
699 1953 808 2007 τῶν
830 1956 969 2009 ἐτττά
992 1956 1180 2014 ἐθνῶν.
1218 1959 1326 2012 Kal
1352 1958 1452 2023 τὰς
1483 1959 1585 2030 μέν
1614 1961 1799 2025 πόλεις
1814 1963 1956 2017 ἀπά-

390 2057 507 2102 σας.
533 2041 753 2095 ἐπειδὰν
775 2042 955 2113 ἐλητε,
982 2045 1135 2115 φησὶ,
1168 2045 1481 2111 σκυλεύετε,
1504 2049 1572 2103 τὰ
1591 2051 1792 2123 ἄρρενα
1820 2052 1955 2123 μόνα

387 2131 753 2202 ἀναιροῦντες.
793 2135 887 2189 Ἐκ
916 2135 973 2189 δέ
1003 2136 1227 2201 τούτων,
1259 2133 1336 2193 ὧν
1356 2139 1455 2211 τὴν
1475 2140 1580 2211 γῆν
1608 2142 1956 2215 κληρονομεῖ-

385 2239 465 2283 τε,
504 2224 709 2293 μηδένα
746 2225 1063 2300 ζωγρήσητε
1095 2232 1418 2301 ἐμπνέοντα.
1454 2235 1794 2307 Καρποφόρα
1823 2237 1951 2302 ξύλα

383 2313 461 2382 μὴ
484 2313 725 2384 τέμνετε,
751 2317 934 2387 φησὶν,
957 2319 1039 2381 είς
1054 2319 1116 2372 τὸ
1134 2320 1304 2390 πῆξαι
1329 2322 1545 2395 χάρακα
1567 2323 1626 2378 ἐν
1646 2326 1946 2399 πολιορκία.

382 2401 450 2455 Et
486 2420 569 2467 τις
608 2404 799 2478 εὑρεθῇ
832 2409 1248 2480 πεφονευμένος,
1280 2415 1309 2467 ό
1338 2414 1395 2468 δὲ
1424 2416 1686 2483 φονεύσας
1715 2418 1790 2489 μὴ
1826 2420 1952 2488 φαί-

378 2509 555 2556 νοιτο,
602 2496 879 2566 νομοθετεῖ
922 2500 975 2554 τί
1020 2501 1103 2556 δεῖ
1149 2503 1413 2572 γίνεσθαι.
1468 2506 1595 2561 Ἐὰν
1637 2508 1695 2562 δέ
1736 2526 1820 2574 τις
1856 2510 1949 2565 δύο

376 2585 516 2655 ἔχων
562 2591 843 2656 γυναῖκας,
897 2593 993 2664 τὴν
1039 2594 1137 2665 μὲν
1178 2598 1404 2669 μισήσῃ,
1452 2599 1717 2673 ἀγαπήσῃ
1761 2602 1947 2674 δὲτὴν

374 2674 591 2748 ἐτέραν,
629 2679 723 2732 καὶ
757 2681 938 2753 συμϐῇ
970 2681 1061 2736 τὸν
1084 2683 1183 2755 τῆς
1217 2687 1548 2759 μισουμένης
1581 2685 1718 2745 εἶναι
1740 2693 1947 2764 πρωτό-

371 2785 548 2828 τοκον.
595 2768 670 2841 μὴ
715 2772 1085 2843 προτιμείσθω
1127 2775 1291 2830 αὐτοῦ
1334 2779 1363 2831 ό
1416 2780 1514 2850 τῆς
1559 2782 1940 2855 ἡγαπημένης.

374 2860 507 2931 Περὶ
544 2861 661 2914 υἱοῦ
706 2862 985 2928 ἀπειθοῦς.
1034 2864 1296 2921 Ἐνταῦθα
1325 2871 1519 2934 κεῖται,
1556 2873 1942 2944 Ἐπικατάρα-

374 2967 475 3017 τος
503 2952 621 3018 πᾶς
655 2955 689 3007 ό
726 2957 1091 3023 κρεμάμενος
1112 2957 1208 3011 ἐπὶ
1230 2958 1437 3022 ξύλου.
1475 2963 1627 3017 Ἐπεὶ
1653 2961 1746 3019 σῦν
1768 2966 1943 3023 ἔκειτο

369 3044 584 3116 κατάρα
615 3047 725 3109 τοῖς
759 3047 832 3118 μὴ
859 3047 1189 3117 φυλάσσουσι
1218 3050 1309 3105 τὸν
1338 3053 1519 3124 νόμον,
1561 3056 1942 3128 Ἐπικατάρα-

368 3151 470 3203 τος
505 3134 617 3203 πᾶς
650 3137 719 3203 ὃς
756 3139 867 3192 οὐκ
905 3140 1140 3209 ἐμμένει
1180 3142 1330 3197 πᾶσι
1367 3143 1490 3211 τοῖς
1516 3150 1939 3219 γεγραμμένοις

365 3227 437 3281 ἐν
471 3227 549 3293 τῷ
574 3229 792 3296 ,ϐιϐλίῳ
829 3230 1035 3295 τούτῳ·
1070 3234 1197 3302 περὶ
1228 3233 1321 3287 τοῦ
1364 3235 1527 3306 νόμου
1560 3237 1732 3308 λέγων
1769 3242 1936 3295 Μωῦ⁶

372 3318 486 3389 σῆς·
534 3320 628 3374 καὶ
668 3318 766 3391 τὴν
812 3323 1053 3394 κατάραν
1079 3324 1295 3395 ἐκείνην
1330 3325 1430 3379 οὐκ
1460 3327 1585 3399 ἐνῆν
1626 3330 1810 3385 λαϐεῖν
1845 3332 1936 3387 τὸν

368 3409 616 3481 Χριστόν·
647 3412 929 3485 ἐπλήρωσε
958 3414 1066 3487 γὰρ
1094 3415 1184 3468 τὸν
1210 3416 1391 3486 νόμον,
1416 3420 1661 3492 κατάραν
1690 3425 1936 3497 κατάρας

364 3502 729 3574 ἀντηλλάξατο
751 3506 1079 3575 κρεμασθεὶς
1107 3506 1199 3560 ἐπὶ
1228 3507 1407 3575 ξύλου.
1435 3512 1570 3583 Περὶ
1602 3512 1696 3567 τοῦ
1723 3517 1797 3586 μὴ
1824 3516 1935 3572 δεῖν

365 3595 507 3667 μηδὲ
561 3595 668 3650 τῶν
720 3597 926 3669 ἐχθρῶν
978 3599 1046 3653 τά
1095 3600 1264 3669 ἀλογα
1321 3606 1586 3677 παρορᾷν.
1635 3608 1730 3662 καὶ
1773 3608 1935 3681 ἕτερα

363 3688 660 3761 νομοθετεῖ,
693 3691 785 3745 καὶ
824 3693 952 3764 περὶ
989 3694 1241 3765 γαμικῶν
1267 3694 1570 3766 διαλέγεται
1597 3701 1798 3771 νόμων,
1837 3705 1933 3759 καὶ

361 3782 628 3853 τιμωρίας
653 3782 831 3855 τίθησι
860 3784 1003 3839 κατά
1027 3785 1135 3839 τῶν
1161 3787 1487 3856 ὑϐριζόντων
1515 3792 1594 3856 είς
1610 3794 1930 3866 παρθένους.

361 3872 526 3936 Τίνας
578 3873 775 3928 κωλύει
815 3875 890 3947 μὴ
932 3877 1158 3931 εἰσιέναι
1185 3877 1265 3941 είς
1297 3879 1611 3951 ἐκκλησίαν,
1659 3884 1752 3937 καὶ⁷
1803 3885 1931 3957 περὶ

360 3963 563 4034 ἐτέρων
617 3965 911 4036 νομοθετεῖ,
961 3967 1055 4021 καὶ
1102 3968 1228 4039 περὶ
1276 3967 1371 4022 τοῦ
1418 3970 1492 4042 μὴ
1531 3972 1716 4028 λαϐεῖν
1751 3976 1926 4031 τόκον.

358 4055 499 4126 Περὶ
524 4055 616 4109 τοῦ
649 4055 723 4127 μὴ
755 4054 1022 4129 χρονίζειν
1054 4060 1110 4112 ἐν
1138 4060 1258 4123 ταῖς
1285 4060 1393 4114 τῶν
1421 4062 1594 4134 εὐχῶν
1621 4065 1929 4135 ἁποδόσεσι,

357 4145 473 4200 ἀλλ’
499 4148 635 4219 ὅπερ
662 4148 727 4203 ἀν
752 4167 835 4213 τις
854 4148 1096 4222 εὔξηται,
1124 4151 1325 4216 εὐθέως
1346 4154 1648 4209 ἀποτελεῖν.
1679 4157 1814 4228 Περὶ
1831 4158 1931 4227 τῆς

357 4239 614 4308 γυναικὸς
644 4240 742 4312 τῆς
769 4240 1151 4313 λαμϐανούσης
1190 4242 1392 4314 βιϐλίον
1420 4246 1774 4313 ἀποστασίου,
1802 4249 1929 4319 περὶ⁴

354 4331 645 4402 ἐνεχύρων,
672 4332 801 4403 περὶ
829 4333 1054 4405 κλοπῆς,
1082 4336 1210 4409 περὶ
1242 4335 1436 4407 μισθοῦ
1469 4338 1763 4409 μισθωτοῦ,
1792 4340 1929 4412 περὶ

351 4420 621 4499 όρφανοῦ,
690 4424 817 4497 περὶ
875 4426 1083 4498 χήρας,
1144 4429 1272 4500 περὶ
1337 4429 1432 4484 τοῦ
1495 4430 1925 4502 καταλιμπάνειν

351 4514 730 4584 σταχυολογεῖν
759 4515 854 4570 καὶ
883 4517 1200 4588 ραγολογεῖν
1224 4521 1336 4584 τοῖς
1371 4521 1614 4594 πένησιν.
1663 4523 1924 4579 Ἐνταῦθα

349 4607 523 4659 κεῖται
562 4606 697 4687 περ)ι
725 4606 819 4660 τοῦ
857 4607 930 4679 μὴ
970 4608 1078 4663 δεῖν
1129 4608 1288 4664 πλέον
1329 4610 1479 4685 [558]
1516 4614 1923 4686 τεσσαράκοντα

345 4696 645 4767 λαμϐάνειν
669 4697 759 4751 τὸν
791 4698 1189 4771 ἐγκαλούμενον
1221 4702 1349 4773 περὶ
1378 4702 1589 4767 ἀδικίας
1616 4706 1779 4768 τινός.
1813 4706 1921 4759 Καὶ

345 4789 476 4859 περὶ
523 4788 617 4843 τοῦ
662 4788 736 4860 μὴ
785 4790 984 4861 φιμοῦν
1029 4790 1156 4862 βοῦν
1204 4792 1465 4857 ἀλοῶντα,
1508 4795 1604 4849 καὶ⁸
1654 4796 1782 4867 περὶ
1822 4796 1918 4851 τοῦ

344 4879 580 4952 ἐγείρειν
613 4881 832 4952 σπέρμα
860 4881 939 4952 τῷ
970 4882 1225 4937 τεθνεῶτι
1262 4882 1475 4954 ἀδελφῷ
1510 4885 1600 4939 τὸν
1635 4886 1920 4942 ὑπολειπό-

345 4990 526 5043 μενον,
561 4974 656 5028 καὶ
685 4974 739 5026 τί
768 4975 1014 5030 πείσεται
1054 4977 1102 5030 εί
1144 4976 1219 5047 μὴ
1251 4975 1491 5046 βούλοιτο
1524 4980 1750 5050 ἐγεῖραι.
1782 4981 1919 5052 Περὶ

343 5061 620 5133 σταθμῶν,
659 5063 788 5137 περὶ
839 5066 1247 5137 μέτρωναῐῖερὶ
1282 5066 1376 5121 τοῦ
1414 5066 1789 5141 ἐξολοθρεῦσαι
1827 5071 1918 5125 τὸν

354 5153 623 5227 Ἀμαληκ.
647 5157 783 5229 Περὶ
810 5158 1095 5230 ἀπαρχῶν,
1126 5160 1256 5231 περὶ
1282 5158 1689 5231 φιλανθρωπίας
1714 5161 1813 5231 τῆς
1837 5162 1917 5226 είς

403 5430 509 5500 fin
532 5431 905 5500 Bibllislegjlnr
924 5436 980 5484 οὗ
1004 5436 1184 5500 δυνήσῃ
1210 5436 1350 5489 θῦσαι
1373 5438 1428 5487 τὸ
1450 5440 1633 5500 πάσχα.

408 5457 428 5461 ν
460 5457 509 5480 ιιι
538 5457 707 5482 mqus
724 5457 904 5494 ιεκιιυῐ
924 5457 980 5484 συ
1004 5457 1184 5500 ουνησῃ
1210 5457 1350 5489 υυσαι
1373 5457 1428 5487 το
1450 5457 1518 5489 πα
1585 5457 1633 5489 α.

398 5491 427 5532 ι
447 5492 564 5566 Illac
579 5496 761 5566 συπρα
785 5495 1173 5566 Βριιιετοηοιηίο
1208 5500 1451 5566 habeam!-
1473 5457 1685 5566 c.78,_v.
1710 5500 1787 5566 10,
1823 5502 1912 5566 οὐχ

338 5553 641 5632 ξῦρεθῆσεται
684 5557 731 5626 ἐξ
770 5558 847 5632 σοὶ
876 5561 1220 5632 περικαθαίρων
1251 5563 1334 5609 τὸν
1374 5562 1475 5632 υἱον
1502 5553 1667 5632 αὐτοῦ,
1701 5553 1785 5632 καί
1825 5553 1910 5622 τὴίδ

329 5616 565 5680 θυγατέρα
587 5616 732 5666 αὐτοῦ
761 5621 808 5667 ἐν
837 5616 962 5684 πυρί,
989 5635 1081 5670 una
1106 5616 1220 5671 {oce
1247 5622 1478 5686 exprimit
1500 5616 1816 5686 καθαρισταῖς.

1460 204 1796 262 εγΝοΡειε
1834 166 2260 265 εειιὶετυιιιε
2297 207 2573 268 suam.
3551 210 3657 275 εει

2093 322 2268 394 χήρας
2286 325 2381 380 καὶ
2401 325 2689 398 ὀρφανούς.
2726 326 3000 384 Ἐντεῦθεν
3021 328 3202 385 λοιπδν
3219 331 3275 385 αί
3299 329 3532 403 κατάραι
3559 331 3656 387 καὶ

2086 413 2346 485 εὐλογίαι,
2386 420 2444 472 αῖ
2490 419 2586 491 μὲν
2637 421 3060 494 παρακούουσιν,
3094 424 3152 477 αί
3195 422 3252 477 δέ
3291 423 3650 497 πειθομένοις.

2085 506 2194 560 Καὶ
2228 508 2437 579 μακρὸν
2456 510 2729 566 ἀποτείνει
2749 512 2905 582 λόγον
2941 514 3069 585 περὶ
3093 512 3202 568 τῶν
3230 498 3527 585 μελλόντων
3555 517 3653 570 αύ-
3697 544 3711 555 ι

2082 599 2211 662 τοὺς
2240 600 2573 673 διαδέχεσθαι
2592 604 2797 659 κακῶν.
2821 605 2992 660 Τοῦτο
3017 604 3215 678 συνέϐη
3238 606 3332 659 ἐπὶ
3353 607 3647 679 Ἀσσυρίων

2083 687 2181 741 καὶ
2216 689 2590 748 Βαϐυλωνίων.
2624 693 2699 747 Τὸ
2727 693 2784 749 δέ
2812 694 2940 758 τοὺς
2979 695 3131 759 υἱοὺς
3163 697 3378 764 φαγεῖν,
3410 697 3468 749 ἐν
3500 696 3652 750 πολι·
3716 729 3720 733 -

2080 781 2295 852 ορκίαις
2337 782 2520 857 ἐξέϐη.
2572 784 2677 839 Καὶ
2722 771 2887 840 αὑτοῦ
2934 786 3206 858 μέμνηται
3247 786 3481 841 ἐνταῦθα
3523 787 3651 859 περὶ

2080 871 2176 924 τοῦ
2212 874 2469 944 Χριστοῦ.
2498 877 2728 944 ΙἜσται,
2750 877 2933 949 φησὶν,
2969 878 3007 945 ἡ
3031 876 3141 945 ζωή
3172 893 3288 933 σου
3317 877 3648 949 κρεμαμένη

2079 964 2193 1032 πρὸ
2230 967 2553 1038 ὀφθαλμῶν
2597 985 2732 1025 σου.
2771 970 3035 1027 Ἐνταῦθα
3077 975 3274 1038 κεῖται,
3305 972 3400 1037 Μή
3414 989 3505 1038 τις
3516 967 3648 1039 pm:

2077 1059 2337 1127 πικρίας,
2368 1054 2429 1115 οὗ
2468 1061 2562 1114 καὶ
2596 1063 2626 1116 ό
2653 1063 2863 1128 Παῦλος
2897 1064 3300 1135 ἐμνημόνευσεν
3326 1064 3383 1118 ἒν
3413 1064 3479 1133 τῇ
3510 1058 3647 1133 πρὸς

2089 1147 2390 1219 Ἐϐραίους.
2428 1150 2689 1208 Ἐνταῦθα
2727 1157 2925 1217 κεῖται,
2959 1155 3038 1211 Τὰ
3072 1155 3306 1225 κρυπτὰ
3342 1154 3534 1223 Κυρίῳ
3564 1152 3647 1218 τῷ

2078 1240 2219 1309 Θεῷ,
2253 1245 2325 1297 τὰ
2362 1243 2432 1298 δὲ
2466 1246 2694 1315 φανερὰ
2733 1246 2876 1317 ὑμῖν
2911 1249 3010 1303 καὶ
3041 1247 3166 1314 τοῖς
3197 1247 3426 1314 τέκνοις
3457 1246 3643 1316 ὑμῶν.

2077 1331 2204 1389 Ὀτι
2225 1335 2261 1403 ἠ
2287 1336 2506 1407 ἐντολὴ
2526 1339 2732 1400 αὐτοῦ,
2747 1339 2963 1410 φησὶνθ,
2981 1340 3088 1394 οὐκ
3101 1337 3271 1394 ἔσται
3289 1337 3640 1408 ὑπέρογκος.

2078 1427 2198 1480 οὐκ
2218 1426 2288 1481 ἐν
2312 1429 2392 1495 τῷ
2419 1428 2671 1498 οὐρανῷ,
2694 1432 2793 1485 ἵνα
2820 1433 3014 1500 εἴπῃς,
3043 1431 3145 1499 Τίς
3168 1430 3531 1499 ἀναϐήσεται
3555 1431 3643 1492 εἰς

2070 1518 2178 1572 τὸν
2211 1521 2510 1587 οὐρανόνς
2552 1522 2695 1577 οὐδὲ
2729 1523 2918 1591 πέραν
2954 1521 3063 1591 τῆς
3103 1521 3444 1589 θαλάσσης,
3501 1517 3641 1574 ἀλλ’

2070 1609 2251 1679 We
2288 1626 2404 1665 σου
2445 1613 2513 1667 τὸ
2555 1611 2718 1683 ῥῆμά
2758 1614 2927 1668 ἐστιν
2967 1615 3037 1668 ἐν
3079 1612 3158 1679 τῷ
3202 1613 3453 1682 στόματι
3500 1626 3637 1665 σου.

2070 1702 2254 1756 Ταῦτα
2284 1703 2412 1775 περὶ
2439 1704 2536 1775 τῆς
2558 1703 2789 1775 νομικῆς
2817 1704 3036 1775 ἐντολῆς
3081 1705 3344 1777 εἰρημένα
3390 1703 3640 1757 εἵλκυσεν

2068 1792 2149 1856 είς
2178 1792 2275 1864 τὴν
2303 1794 2485 1848 πίστιν
2506 1793 2607 1865 τὴν
2634 1795 2713 1858 είς
2741 1792 2975 1864 Χριστὸν
3005 1795 3034 1847 ό
3056 1793 3287 1857 Παῦλος·
3319 1792 3637 1862 Διαμαρτύ-

2059 1899 2240 1952 ρομαι
2265 1884 2427 1954 ὑμῖν,
2451 1885 2605 1955 φησὶ,
2629 1885 2737 1939 τὸν
2768 1884 3031 1953 οὐρανόν
3057 1883 3154 1938 καὶ
3183 1883 3298 1951 τὴν
3317 1883 3453 1953 γῆν,
3483 1882 3637 1936 ὥστε

2065 1971 2307 2041 ἀγαπᾷν
2334 1976 2442 2028 τόν
2462 1976 2628 2029 Θεόν.
2657 1974 2788 2028 Τότε
2818 1974 2970 2028 καλεῖ
2996 1976 3089 2029 τὸν
3121 1971 3326 2045 Ἰησοῦν
3349 1973 3439 2026 τὸν
3458 1972 3634 2042 Ναυῆ,

2065 2062 2160 2114 καὶ
2197 2062 2496 2117 ἐντέλλεται
2526 2064 2774 2135 ἡγεῖσθαι
2803 2063 2899 2118 τοῦ
2934 2063 3086 2129 λαοῦ,
3113 2064 3207 2118 καὶ
3240 2063 3314 2135 μὴ
3353 2062 3635 2133 φοϐεῖσθαι

2063 2153 2188 2216 τοὺς
2217 2153 2529 2224 πολεμίους,
2551 2154 2682 2207 Θεὸν
2715 2154 2935 2226 ἔχοντας
2965 2154 3176 2226 βοηθόν.
3217 2152 3321 2208 Καὶ
3358 2156 3638 2225 παραινεῖ,

2061 2242 2203 2297 ὥστε
2239 2246 2298 2300 ἐν
2327 2248 2449 2310 ταῖς
2491 2251 2883 2319 σκηνοπηγίαις
2912 2248 3076 2303 παντὶ
3098 2245 3178 2318 τῷ
3212 2245 3323 2318 λαῷ
3349 2247 3442 2301 τὸν
3471 2246 3633 2316 νόμον

2061 2335 2548 2405 ἀναγινώσκεσθαι.
2595 2339 2856 2411 Προλέγει
2910 2338 2989 2412 τῷ
3036 2342 3242 2412 Μωῦσῇ
3287 2341 3317 2394 ό
3364 2338 3516 2402 Θεὸς,
3548 2338 3632 2392 ὅτι

2062 2428 2201 2499 μετά
2249 2428 2478 2483 θάνατον
2533 2430 2700 2485 αὐτοῦ
2751 2433 2780 2484 ό
2831 2432 2958 2498 λαὸς
3023 2430 3489 2503 εἱδωλολατρήσει,
3534 2428 3631 2485 καὶ

2057 2518 2473 2589 κολασθήσεται.
2496 2522 2679 2576 Ἔστω
2706 2516 2820 2591 οῦν,
2852 2524 3039 2595 φησιν,
3061 2526 3096 2595 ἡ
3131 2523 3244 2596 ᾠδὴ
3283 2521 3424 2594 αὕτη
3462 2539 3629 2576 κατα-

2059 2610 2408 2683 μαρτυροῦσα
2439 2613 2637 2670 αὐτῶν.
2685 2616 2761 2669 Οὐ
2807 2616 2916 2688 γάρ
2965 2632 3096 2669 vim:
3143 2614 3396 2686 λήσονται
3434 2613 3624 2682 αὐτῆς.

2054 2703 2165 2757 Καὶ
2196 2702 2400 2775 ἔγραψε
2422 2705 2661 2777 Μωῦσῆς
2686 2706 2785 2778 τὴν
2810 2706 2975 2779 ᾠδὴν,
3006 2706 3102 2761 καὶ
3133 2707 3392 2778 προεῖπεν
3419 2705 3625 2771 αὐτοῖς,

2053 2798 2132 2852 ὅτι
2154 2797 2532 2869 ἀνομήσουσιν.
2574 2800 2833 2854 Ἐνταῦθα
2858 2801 3053 2855 κεῖται·
3083 2799 3261 2854 Αὐτοὶ
3293 2795 3625 2866 παρεδήλω-

2051 2889 2174 2944 σάν
2190 2908 2266 2961 με
2287 2891 2380 2945 ἐπ’
2399 2893 2472 2947 οὐ
2504 2893 2646 2959 Θεῷ,
2677 2892 2840 2962 κάγὼ
2861 2889 3267 2960 παραζηλώσω
3283 2890 3506 2955 αὐτοὺς
3528 2890 3623 2944 ἐπ’

2050 2981 2162 3035 οὐκ
2192 2981 2368 3036 ἔθνει.
2419 2981 2710 3036 Κελεύεται
2751 2980 2996 3053 Μωῦσῆς
3024 2980 3265 3035 ἀνελθεῖν
3297 2980 3376 3043 είς
3407 2979 3470 3033 τὸ
3498 2979 3626 3049 ὅρος

2047 3069 2110 3125 τὸ
2146 3072 2424 3145 Ἀϐαρεὶμ,
2451 3073 2481 3127 ὃ
2507 3075 2602 3127 καὶ
2631 3073 2811 3127 Ναϐαὶ
2847 3073 3087 3142 ἐλέγετο,
3116 3070 3211 3126 καὶ
3241 3069 3366 3124 ἰδεῖν
3393 3069 3491 3140 τὴν
3519 3068 3625 3139 γῆν

2048 3164 2397 3234 ἐπαγγελίας·
2432 3166 2528 3219 καὶ
2563 3165 2864 3237 εὐλογήσας
2896 3163 3134 3235 ἐκάστην
3175 3160 3367 3232 φυλὴν,
3412 3159 3622 3213 ἐτελεύ-

2045 3269 2201 3324 τησε·
2238 3254 2332 3309 καὶ
2359 3256 2459 3308 οὐκ
2491 3251 2630 3308 εἶδεν
2660 3253 2835 3318 οὐδεὶς
2863 3252 2961 3322 τὴν
2993 3250 3173 3320 ταφὴν
3204 3247 3368 3303 αὐτοῦ
3395 3247 3498 3310 ἕως
3523 3247 3620 3318 τῆς

2043 3343 2258 3416 ἡμέρας
2287 3344 2513 3415 ταύτης.
2547 3343 2812 3399 Ἐνταῦθα
2835 3341 3225 3411 ἐτελειώθησαν
3253 3341 3323 3395 τὰ
3350 3341 3508 3394 πέντε
3538 3339 3619 3410 βι-

2044 3432 2169 3489 ϐλία
2191 3435 2492 3500 Μωῦσέως,
2524 3434 2561 3491 ἃ
2588 3435 2726 3506 μόνα
2753 3433 3001 3502 ἐδέξαντο
3022 3433 3072 3486 οί
3094 3431 3420 3504 Σαμαρῖται.

2331 3637 2594 3706 Σύνοψις
2626 3634 2735 3690 τοῦ
2767 3634 2964 3703 Ἰησοῦ
2995 3634 3103 3690 τοῦ
3138 3630 3333 3703 Ναυῆ.

2110 3806 2409 3862 Κελεύεται
2438 3806 2465 3846 δ
2499 3805 2705 3878 Ἰησοῦς
2740 3805 3045 3860 διατάττειν
3070 3804 3149 3876 τῷ
3175 3803 3313 3876 λαῷ,
3338 3802 3418 3875 τῷ
3443 3819 3503 3856 τε
3528 3802 3615 3858 νόο

2044 3915 2129 3969 μῳ
2173 3896 2268 3951 τοῦ
2310 3896 2447 3950 Θεοῦ
2481 3896 2792 3967 προσέχειν.
2824 3896 3040 3966 Πέμπει
3077 3894 3473 3956 κατασκόπους·
3503 3895 3615 3947 είσ-

2039 3987 2201 4059 ’ἦλθον
2227 3990 2307 4051 εἰς
2337 3988 2437 4060 τὴν
2475 3984 2699 4057 Ἱεριχὼ.
2747 3985 3009 4049 Ἀκούσας
3046 3987 3075 4039 ό
3110 3983 3361 4055 βασιλεὺς
3387 3983 3487 4053 τῆς
3509 3983 3610 4036 πό·-

2036 4077 2193 4146 λεως,
2242 4078 2475 4148 ἔπεμψε,
2518 4076 2697 4148 ζητῶν
2745 4078 2872 4141 τοὺς
2915 4076 3114 4147 ἄνδρας
3150 4074 3303 4146 παρά
3337 4074 3505 4127 Ῥαὰϐ
3540 4075 3608 4143 τῇ

2039 4163 2212 4243 πόρνῃ
2238 4173 2304 4242 τῇ
2336 4168 2727 4240 ὑποδεξαμένῃ.
2777 4168 2842 4221 Ἠ
2878 4166 2936 4219 δέ
2967 4164 3169 4236 ἔκρυψε
3198 4165 3323 4228 τοὺς
3342 4164 3612 4219 κατασκό-

2036 4280 2190 4328 πους.
2222 4262 2331 4315 Καὶ
2364 4260 2485 4315 ἀντὶ
2509 4258 2712 4330 ταύτης
2739 4259 2839 4330 τῆς
2865 4258 3083 4331 χάριτος
3110 4256 3277 4327 ᾔτησε
3307 4254 3404 4325 τὴν
3432 4271 3610 4324 σωτη-

2037 4352 2158 4424 ρίαν
2203 4351 2302 4421 τῆς
2348 4349 2525 4413 οἰκίας
2558 4348 2747 4418 αὐτῆς,
2786 4349 2914 4401 ὅταν
2959 4348 2993 4417 ὴ
3038 4344 3190 4408 πόλις
3221 4344 3418 4415 ληφθῇ·
3454 4344 3503 4397 οί
3548 4342 3606 4396 δέ

2033 4441 2348 4498 ἐπένευσαν.
2385 4440 2495 4496 Καὶ
2514 4439 2833 4505 ἀπελθόντες
2859 4438 3196 4510 ἀπήγγειλαν
3219 4436 3286 4491 τὰ
3316 4437 3600 4506 γενόμενα.

2033 4528 2407 4600 Παραγγέλλει
2441 4528 2517 4601 τῷ
2540 4527 2678 4600 λαῷ,
2713 4527 2854 4582 ὥστε
2889 4527 3138 4599 διαϐῆναι
3173 4525 3265 4619 τὸν
3312 4525 3602 4619 Ἰορδάγην,

2032 4621 2126 4675 καὶ
2166 4620 2426 4691 διέϐησαν
2468 4619 2565 4673 ιτιι
2595 4619 2790 4690 ξηρᾶς,
2831 4618 2923 4671 καὶ
2960 4615 3140 4679 λίθους
3170 4613 3404 4685 ἔστησαν
3443 4613 3500 4666 ἐν
3535 4615 3601 4683 τῇ

2033 4710 2419 4783 στρατοπεδείᾳ
2461 4710 2686 4766 δώδεκα.
2741 4708 3096 4773 ’Λκούσαντες
3140 4708 3187 4760 οἱ
3233 4704 3469 4775 βασιλεῖς
3496 4703 3605 4757 τῶν

2040 4804 2382 4878 Ἀμορραίων
2414 4802 2564 4875 [559]
2589 4804 2637 4856 οί
2673 4803 2846 4873 πέραν
2873 4800 2968 4854 τοῦ
3003 4798 3290 4871 Ἰορδάνου,
3314 4796 3407 4850 καὶ
3434 4796 3483 4848 οἱ
3510 4794 3603 4863 βα-

2030 4898 2197 4963 σιλεῖς
2227 4897 2326 4965 τῆς
2351 4896 2623 4964 Φοινίκης,
2649 4895 2730 4947 ὅτι
2759 4892 2847 4946 διὰ
2870 4892 3040 4961 ξηρᾶς
3066 4888 3322 4959 διέϐησαν
3350 4888 3442 4941 τὸν
3480 4889 3606 4959 Ἰορ-

2025 4985 2210 5055 δάνην,
2233 4984 2634 5053 κατετάκησαν,
2653 4982 2747 5035 καὶ
2770 4979 3207 5050 κατεπλάγησαν.
3233 4977 3365 5031 Τότε
3397 4977 3601 5049 Ἰησοῦς

2027 5076 2388 5148 προσταχθεὶς
2437 5074 2731 5145 μαχαίραις
2779 5072 3060 5142 πετρίναις
3102 5070 3417 5142 περιτέμνει
3474 5072 3600 5134 τοὺς

2038 5167 2344 5232 Ἰουδαίους.
2417 5166 2572 5219 Ἐπεὶ
2626 5164 3031 5236 τεσσαράκοντα
3100 5161 3195 5233 ἐτη
3258 5163 3600 5232 ἀνέστραπτο

2037 5259 2252 5331 Ἰσραὴλ
2306 5261 2364 5312 ἐν
2404 5259 2470 5329 τῇ
2527 5257 2739 5329 ἐρήμῳ,
2786 5255 2882 5310 καὶ
2923 5255 3010 5310 διὰ
3042 5254 3199 5310 τοῦτο
3239 5254 3597 5328 ἀπερίτμητοι

2088 5506 2110 5567 ς
2134 5502 2256 5567 μσς
2275 5500 2522 5567 ορόσηιιιτ
2545 5513 2606 5567 (τι
2629 5514 2734 5567 cap.
2759 5500 2838 5560 50,
2861 5500 3015 5567 νηιιλ.
3071 5563 3083 5567 _
3123 5562 3133 5567 _
3231 5558 3266 5567 __
3360 5552 3384 5565 ‘
3496 5553 3513 5567 ι
3544 5550 3571 5567 ο

2085 5563 2110 5602 ιι
2134 5564 2282 5613 Liber
2307 5563 2458 5612 Iosue
2484 5564 2531 5610 in
2559 5553 2872 5624 Lugdunen'si
2893 5565 2963 5613 sic
2988 5562 3159 5623 incipit
3183 5575 3194 5609 :
3231 5553 3413 5615 Ἰησοῦς
3434 5553 3587 5602 καλεῖ.

1918 5642 1923 5645 ·
2023 5642 2102 5674 ται
2125 5627 2179 5674 τὸ
2203 5624 2404 5691 βιϐλίον.
2426 5623 2696 5673 Κελεύεται.

3738 6114 4021 6158 Δ
