3962 6190
231 272 323 328 537

225 390 383 445 erant,
413 391 469 438 et
487 398 644 455 rcges
674 385 977 456 Plimnices,
1006 404 1100 446 eos
1133 391 1276 448 sicco
1319 395 1452 464 pede
1495 398 1805 453 lrausivissc

221 470 525 538 .hirdanetn,
566 478 830 542 exterriti,
876 482 1215 552 perculsique
1245 495 1387 539 sunt.
1447 486 1598 543 Tunc
1647 489 1806 546 Jesus

217 563 390 631 jussus
415 565 604 618 cultris
639 567 862 636 lapideis
885 571 1219 628 circumcidit
1246 575 1480 631 Jatdwos.
1509 579 1640 647 Quia
1671 597 1802 651 qua-

218 654 449 722 draginta
477 657 631 710 annis
663 669 906 713 versatus
933 661 1105 716 fuerat
1128 660 1296 721 Israel
1326 667 1376 720 in
1403 668 1639 736 deserto,
1665 673 1805 729 ideo-

222 759 317 811 que
339 746 492 800 multi
522 763 708 803 eorum
740 751 1076 822 bellatorum,
1108 758 1197 826 qui
1223 759 1485 829 obierant,
1519 765 1801 821 incircum-

217 836 301 889 cisi
350 847 506 892 erant
526 838 604 909 (a)
630 857 646 905 ;
673 856 773 911 pro
797 843 903 898 illis
926 845 1203 902 substituit
1240 850 1382 906 Deus
1409 853 1548 909 filios
1571 870 1794 922 eorum,

215 945 338 998 quos
361 929 521 987 Jesns
537 934 1040 1008 circumcidit,qnod
1070 942 1166 1011 ipsi
1193 942 1547 1000 illCil‘CUlllCisl
1574 950 1800 1002 mansis-

213 1030 323 1075 sent
350 1021 402 1074 111
431 1023 538 1076 via.
571 1024 613 1078 Τ
620 1041 719 1081 11110
749 1026 872 1082 fecit
895 1030 1112 1098 pascha.
1142 1032 1208 1086 Et
1242 1050 1272 1087 a
1301 1034 1388 1090 die
1415 1051 1516 1104 qua
1536 1040 1791 1095 comede-

213 1122 328 1166 runt
371 1128 560 1184 azyma
588 1132 652 1170 ex
691 1115 957 1173 frumento
988 1128 1142 1176 terra:
1166 1123 1328 1191 illius,
1353 1124 1552 1182 defecit
1579 1144 1794 1184 manna.

209 1201 427 1257 Jubetur
453 1204 609 1259 Jcsus
639 1207 849 1263 solvere
873 1211 1291 1268 calceamentum
1321 1230 1496 1282 suum,
1521 1228 1574 1272 et
1597 1220 1793 1276 0110111-

209 1311 260 1350 re
279 1295 500 1350 Jericho
520 1313 642 1354 cum
671 1300 808 1356 tubis
835 1312 884 1357 et
909 1319 1030 1358 arca
1056 1316 1261 1375 septem
1287 1309 1491 1365 diebus.
1519 1311 1636 1378 Quo
1667 1329 1791 1384 per-

206 1398 341 1453 acto,
373 1404 469 1457 per
508 1404 568 1444 sc
604 1393 739 1446 muri
770 1394 1095 1450 ceciderunt.
1144 1397 1480 1456 Manifestum
1504 1403 1680 1474 itaque
1710 1415 1793 1460 est

201 1477 300 1545 jam
328 1486 461 1533 tunc
493 1490 728 1549 emptum
750 1498 870 1538 esse
895 1485 1029 1540 Solvi
1069 1487 1350 1543 sabbatum
1377 1509 1392 1544 :
1421 1491 1792 1564 undecumque

204 1569 336 1622 enim
368 1570 578 1624 initium
603 1575 722 1642 quis
758 1574 937 1642 ducat,
971 1593 1193 1634 necesse
1222 1589 1306 1635 est
1335 1582 1614 1638 Sabbatnm
1653 1585 1788 1641 inci-

201 1661 321 1716 dere
350 1662 405 1716 in
425 1674 634 1733 septem
663 1665 782 1720 illos
806 1667 940 1723 dies.
969 1669 1121 1726 Tunc
1142 1684 1388 1730 servatur
1412 1677 1622 1746 quidem
1642 1678 1789 1736 Raab

201 1766 311 1806 cum
353 1755 675 1824 cognatione
701 1772 794 1811 sua
815 1801 830 1823 ,
854 1768 908 1814 et
933 1759 1136 1816 habitat
1165 1763 1216 1817 in
1245 1764 1412 1820 Israel
1431 1808 1444 1832 ,
1483 1768 1788 1826 incenditur

198 1853 370 1899 autem
397 1845 547 1911 urbs,
577 1857 631 1902 et
650 1849 988 1907 anathemate
1015 1855 1306 1922 percutitur
1347 1875 1360 1910 :
1411 1858 1786 1930 maledixitque

198 1934 343 1991 Jesus
367 1937 414 1990 ei
447 1938 535 2006 qui
561 1939 700 1992 illam
724 1941 1089 1998 reanliticaret.
1121 1945 1348 2002 Furatus
1374 1958 1539 2004 estex
1559 1952 1786 2006 anathe-

200 2035 334 2080 mate
365 2025 565 2094 Achar,
593 2037 644 2083 et
663 2030 889 2085 vincitur
924 2034 1154 2102 populus
1192 2051 1473 2108 aggressus
1503 2041 1662 2099 aliam
1698 2060 1786 2097 ur-

201 2115 337 2171 bem.
368 2118 531 2172 Deum
566 2130 811 2188 precatur
838 2122 995 2177 Jesus
1027 2142 1040 2178 :
1070 2125 1222 2195 jubet
1249 2127 1386 2184 Deus
1411 2131 1522 2186 tolli
1551 2134 1780 2190 anathe-

204 2221 299 2260 ma.
329 2207 699 2276 Deprehensus
735 2220 820 2266 est
847 2212 1024 2294 Achar
1047 2255 1062 2281 ,
1093 2215 1287 2271 furtum
1315 2217 1616 2289 detectum,
1650 2224 1782 2294 lapi-

197 2295 345 2349 datur
367 2297 546 2352 Achar
572 2314 693 2354 eum
727 2301 850 2356 ﬁliis
871 2290 926 2358 et
951 2304 1178 2361 filiabus.
1213 2307 1469 2378 Pugnavit
1488 2311 1645 2374 Jesus
1669 2290 1782 2372 cer-

197 2388 389 2443 tamine
415 2398 473 2444 et
491 2391 632 2460 cepit
655 2391 872 2458 Gazam,
904 2395 1275 2467 incenditque:
1304 2415 1366 2454 ac
1382 2402 1698 2460 ceciderunt
1725 2408 1779 2462 in

190 2477 270 2532 illa
295 2477 586 2535 duodecim
624 2483 785 2538 millia
813 2501 826 2549 ;
855 2501 1139 2558 regemque
1194 2489 1338 2548 urbis
1384 2496 1780 2564 suspenderunt

188 2568 235 2622 in
262 2570 434 2640 ligno.
481 2570 818 2630 Conveniunt
844 2576 909 2630 ad
937 2575 1314 2635 debellandum
1344 2582 1595 2640 lsraelcm
1625 2604 1778 2658 reges

185 2663 626 2720 Amorrhazorum
655 2677 708 2722 et
732 2667 1157 2726 Chananazorum
1187 2688 1249 2728 ac
1276 2676 1488 2746 reliqui.
1518 2677 1773 2736 jEdilieat

182 2753 329 2808 Jesus
359 2756 530 2811 altare
547 2773 610 2812 ex
631 2758 893 2828 lapidibus
917 2762 1154 2832 integris,
1179 2763 1286 2820 illic
1306 2765 1773 2826 Deuteronomium

181 2849 365 2902 scribit
396 2864 410 2901 :
446 2848 770 2921 dimidiaque
797 2868 920 2922 pars
957 2857 1135 2925 pepuli
1167 2867 1274 2913 stat
1319 2874 1483 2930 pr0pc
1537 2873 1774 2920 montem

179 2938 366 3006 Cebal,
397 2940 620 2996 dimidia
649 2953 825 3000 autem
857 2962 1022 3017 prope
1048 2959 1286 3006 montem
1308 2953 1542 3009 Garizin.
1573 2956 1773 3014 Dehinc

177 3048 287 3100 qua:
305 3043 467 3103 gesta
490 3044 616 3088 sunt
639 3035 781 3090 circa
810 3037 1152 3095 Gabaonitas.
1197 3042 1258 3096 111
1289 3045 1430 3099 0111111
1459 3061 1523 3101 ex
1559 3047 1770 3104 Israeli-

179 3133 342 3178 tarum
369 3124 520 3178 fama
554 3127 938 3196 perterrefacti,
962 3131 1156 3186 auditis
1179 3133 1240 3188 iis
1269 3152 1387 3204 quae
1407 3136 1516 3205 jam
1540 3139 1591 3193 in
1617 3140 1772 3196 bellis

177 3219 434 3283 111-11010το
461 3231 765 3289 gesserant,
792 3222 936 3291 ipsos
956 3224 1152 3280 adeunt
1171 3230 1397 3284 vetustis
1411 3230 1585 3288 induti
1609 3235 1770 3288 vesti-

176 3310 387 3375 mentis,
423 3325 594 3378 panes
643 3312 823 3368 aridos
878 3314 1135 3381 ferentes,
1166 3319 1508 3391 sandaliaque
1562 3334 1764 3392 vetera,

175 3401 483 3470 populoque
529 3399 714 3456 dicunt
757 3418 816 3458 se
861 3419 927 3460 ex
973 3415 1111 3460 terra
1144 3407 1424 3480 longinqua
1453 3414 1658 3480 venire,
1689 3417 1765 3472 si-

173 3506 444 3561 gnumque
472 3493 655 3561 procul
687 3504 1010 3550 remotarum
1037 3498 1244 3554 sedium
1272 3517 1390 3557 esse
1412 3505 1722 3562 vestimenta
1744 3552 1759 3573 ,

170 3593 326 3647 panes
347 3589 410 3635 et
439 3582 677 3638 sandalia
703 3603 716 3638 :
745 3600 867 3638 nam
900 3587 950 3641 in
970 3587 1125 3659 longa
1148 3590 1227 3645 via
1253 3590 1367 3649 haec
1386 3593 1576 3651 detrita
1600 3597 1764 3657 fuisse

167 3673 421 3728 dicebant
453 3689 466 3726 :
502 3676 685 3730 venire
727 3686 903 3733 autem
945 3695 1005 3734 se
1029 3680 1096 3735 ad
1127 3694 1277 3752 pacta
1319 3701 1612 3758 pacemque
1640 3706 1760 3746 cum

169 3763 292 3830 ipsis
323 3765 590 3819 iucunda.
621 3765 696 3821 1111
743 3777 924 3824 autem
959 3771 1068 3826 Deo
1114 3787 1221 3828 non
1265 3777 1528 3842 consulto,
1560 3779 1761 3837 hedera

165 3854 423 3909 inierunt.
482 3855 553 3912 Ut
599 3872 726 3912 vero
779 3871 1148 3931 cognoverunt
1193 3879 1252 3920 se
1292 3864 1544 3937 deceptos
1574 3869 1757 3938 fuisse,

166 3946 392 4016 illosque
427 3961 535 4001 non
588 3950 794 4018 procul,
827 3952 921 4006 sed
972 3969 1134 4023 prope
1181 3954 1442 4024 habitare,
1472 3975 1595 4015 cum
1649 3977 1754 4017 non

162 4051 388 4103 possent
447 4039 920 4112 illos.oppngnare
969 4053 1154 4098 contra
1197 4047 1524 4117 juramenta,
1571 4067 1757 4109 servos

162 4129 304 4197 ipsos
357 4132 758 4187 constituerunt
789 4134 1060 4204 lignarios,
1091 4146 1146 4192 ct
1189 4154 1340 4208 aqua:
1388 4141 1616 4211 bajulos.
1662 4144 1758 4199 Hic

157 4224 365 4278 exitum
405 4223 571 4278 habet
601 4225 872 4294 praedictio
916 4227 1039 4283 No.1:
1071 4230 1221 4299 (Gen.
1252 4231 1306 4285 9.
1337 4231 1453 4304 25),
1485 4250 1640 4304 quam
1673 4235 1757 4290 di-

160 4315 270 4369 xit:
304 4315 563 4371 Chanaan
590 4335 714 4385 puer
737 4335 906 4373 servus
933 4320 1007 4392 (ὸ)
1042 4340 1055 4375 :
1087 4337 1150 4377 ex
1182 4324 1272 4378 illo
1304 4341 1534 4396 namque
1567 4326 1620 4382 hi
1649 4329 1753 4384 orti

159 4407 335 4462 luere.
390 4407 613 4463 Audivit
661 4411 998 4467 Adonibezec
1049 4430 1141 4469 rex
1194 4415 1488 4472 Jerusalem
1544 4430 1750 4490 captam

155 4500 318 4556 fuisse
365 4500 587 4557 Jericho
613 4515 667 4556 et
688 4503 903 4569 Gazam,
927 4505 1356 4578 Cabaonitasque
1381 4512 1746 4582 transfugisse,

149 4608 207 4646 ac
231 4595 441 4648 bellum
473 4594 602 4663 ipsis
625 4595 800 4650 intulit
827 4597 944 4650 aliis
971 4597 1069 4652 sibi
1101 4598 1363 4667 adjunctis
1389 4603 1620 4673 regibus.
1672 4604 1748 4660 Illi

150 4700 277 4740 vero
298 4686 372 4740 ad
399 4687 658 4741 auxilium
687 4688 785 4743 sibi
815 4687 1090 4744 ferendum
1117 4689 1297 4746 Jesutu
1338 4702 1613 4768 vocarunt.
1647 4694 1750 4749 Ve-

204 4821 283 4894 (u)
306 4831 390 4872 Jo.
416 4821 799 4894 Chrysostomus,
824 4825 905 4894 qui
931 4838 1063 4894 saepe
1088 4839 1196 4874 cum
1216 4827 1743 4894 Judazisconcertabat,

204 4839 283 4894 (ιι)
306 4839 390 4872 .10.
416 4839 799 4896 Lnrysoswmus,
824 4839 905 4934 qm
931 4839 1063 4896 saepe
1088 4839 1196 4874 cum
1216 4839 1393 4878 Judzets
1413 4839 1743 4902 concertabat,

146 4895 368 4966 esset.“
388 4898 514 4966 3:550
529 4887 820 4966 11199911·ξο
836 4885 1585 4966 ,_9:r=9"a_299_“saeratae”?
1609 4905 1636 4965 θ
1658 4907 1744 4966 ve:

147 4947 357 5011 toribus
388 4945 484 4994 illis
523 4948 780 5011 observata
809 4945 960 5011 lesSe,
1000 4957 1178 5011 quanta
1221 4945 1467 5001 dicebant“
1482 4955 1632 5002 Judaei
1669 4956 1744 5004 sui

143 5009 407 5068 temporis,
431 5021 566 5068 saepe
590 5010 792 5068 indicat;
814 5010 891 5057 hic
909 5009 1071 5058 autem
1096 5013 1163 5060 ait
1183 5013 1542 5063 incircumclsos
1562 5017 1745 5066 abiisse

143 5066 270 5124 illos',
289 5071 385 5131 qui
409 5071 465 5136 in_
478 5066 682 5120 deserto
706 5066 881 5136 mortui
905 5070 1128 5136 fuerant,
1144 5080 1196 5120 et
1231 5087 1341 5122 mox
1378 5078 1547 5136 prohat
1568 5078 1742 5127 sabba-

143 5136 243 5176 tum
284 5145 390 5179 non
423 5133 734 5196 observatum
769 5131 947 5196 fuisse,
971 5135 1163 5195 quando
1193 5131 1389 5196 septeni
1421 5135 1596 5187 diebus
1633 5151 1742 5188 cum

138 5203 248 5260 arca
283 5204 456 5241 muros
491 5195 689 5260 lericho
717 5195 1017 5260 circuihant;
1054 5195 1264 5244 necesse
1299 5201 1480 5260 qttlppe
1501 5197 1669 5260 fuisse
1694 5202 1740 5250 in

140 5251 232 5299 illis
255 5260 458 5320 septem
476 5255 656 5305 diebus
678 5257 901 5320 incidere
913 5251 1189 5320 sabbatum.
1214 5260 1288 5320 Sic
1317 5251 1464 5320 supra
1488 5258 1740 5310 Continen-

139 5316 263 5362 Lario
302 5316 355 5362 iu
399 5315 567 5376 lsaiam
607 5319 672 5366 de
705 5316 951 5366 sacrificiis
973 5319 1149 5376 arguit,
1177 5325 1227 5366 et
1245 5315 1511 5370 Comment.
1539 5323 1586 5369 in
1612 5323 1738 5370 Psal-

139 5351 262 5362 ..ην
302 5351 355 5362 ...
399 5351 567 5364 .....-...
607 5351 672 5366 ..υ
705 5351 951 5366 πωπω...
973 5351 1016 5365 ...
1043 5351 1132 5365 η...
1177 5351 1227 5366 υ.
1539 5351 1586 5369 ...
1612 5351 1738 5370 ω...-

137 5389 240 5424 eus
263 5377 337 5423 de
369 5377 452 5426 hac
473 5374 579 5442 ipsa
594 5391 646 5427 re
659 5379 889 5442 loquens,
909 5351 1184 5442 bzecbabet
1211 5392 1222 5427 :
1246 5351 1433 5442 ξουριειη
1455 5389 1612 5432 autem
1636 5383 1739 5434 die-

135 5450 242 5483 rum
260 5440 617 5505 οημιιξενωίαιη
633 5439 741 5489 ante
763 5441 894 5505 nobis
904 5439 1038 5505 solvit
1061 5439 1321 5505 sabbatum.
1343 5451 1440 5492 non
1462 5445 1590 5493 0111111
1611 5447 1737 5505 ejus-

134 5497 270 5566 modi
298 5499 422 5560 legis
445 5510 691 5566 print-cpta
711 5500 1043 5566 principaliter
1067 5502 1183 5566 data
1201 5509 1328 5553 sunt.
1353 5512 1465 5563 Quze
1489 5506 1566 5555 hic
1587 5497 1735 5566 longe

131 5557 323 5630 (lanius
351 5557 665 5625 Explicantur
686 5557 834 5611 :‘Jum
857 5557 1000 5624 tunc,
1023 5565 1214 5628 inquit,
1238 5557 1445 5630 cozptitm
1480 5581 1581 5619 esse
1619 5557 1736 5620 solvi

131 5621 412 5671 unauana.

195 5681 274 5751 (ρ)
303 5682 433 5751 Fide
474 5685 816 5751 (μιῇ-(1111111115
829 5699 978 5751 supra
1003 5688 1048 5735 iu
1065 5685 1276 5751 Synopsl
1298 5687 1346 5738 in
1359 5694 1582 5742 Genesim
1607 5697 1729 5745 circa

128 5744 536 5796 “edictionem
562 5748 797 5796 Chanaaui
827 5750 870 5796 iu
893 5744 1163 5798 (nummulis
1194 5744 1501 5817 conpletam.
1527 5771 1534 5778 '

461 5840 732 5900 Parnm“
782 5843 896 5903 Cn.
950 5844 1100 5906 LVI.

1315 284 1640 343 SYNOPSIS
1677 286 2085 351 SCRIPTURE
2124 297 2393 357 SACRAZ.

3388 327 3496 382 333

1918 405 1994 459 nit
2039 416 2215 464 autem
2267 413 2376 480 ille,
2408 415 2694 487 przelioque
2738 423 3022 480 commisiso
3067 427 3120 484 in
3152 428 3326 501 fugam
3381 435 3500 492 illos

1916 501 2076 555 vertit
2106 519 2120 555 :
2146 517 2208 556 ac
2233 504 2300 559 de
2327 508 2460 562 czelo
2491 509 2543 563 in
2571 511 2692 566 illos
2715 516 2917 583 grando
2945 517 3138 578 decidit
3165 539 3178 586 ;
3210 525 3498 598 pluresque

1912 592 2114 659 grando
2134 596 2348 659 occidit,
2379 615 2538 668 quam
2567 603 2657 658 lilii
2688 604 2846 661 Israel
2882 609 3078 678 gladio.
3140 592 3291 671 Tunc
3346 592 3499 676 stetit

1911 684 1989 737 sol
2020 695 2205 740 contra
2247 687 2467 746 Gabaon
2505 701 2558 748 et
2604 695 2727 750 luna
2767 710 2952 756 contra
2988 707 3282 764 convallem
3312 712 3494 779 Elom;

1910 782 2186 847 totumque
2215 778 2548 840 inimicorum
2580 789 2831 856 populum
2864 791 3134 851 interfecit
3156 798 3332 869 Iesus,
3366 778 3492 859 nec¥

1908 869 2262 960 nonquinque
2292 889 2463 945 reges.
2491 873 2643 948 Cepit
2665 891 2842 937 autem
2873 883 3124 942 Macelam
3156 897 3210 945 et
3229 891 3488 960 Lobnam,

1908 957 2134 1026 Lachis,
2157 960 2404 1033 Odolam,
2437 968 2776 1028 Chebronem
2807 985 2860 1030 et
2891 976 3082 1046 Dabir,
3113 991 3175 1037 et
3199 997 3409 1042 montes
3437 957 3491 1044 et

1905 1049 2196 1118 planitiem.
2229 1055 2611 1115 Convenerunt
2636 1063 2724 1118 alii
2747 1080 2902 1136 reges
2923 1070 3071 1125 multi
3091 1087 3211 1128 cum
3234 1080 3487 1134 exerciti-

1904 1141 2003 1196 bus
2035 1146 2277 1214 magnis:
2311 1147 2487 1204 ethos
2516 1157 3138 1221 quoqueocciditlesus.
3171 1165 3372 1222 Horum
3403 1170 3489 1225 hic

1903 1236 2115 1290 nomina
2147 1249 2518 1308 recensentur,
2546 1253 2599 1298 et
2637 1247 2818 1313 urbes,
2843 1265 3224 1326 numerusque.
3266 1260 3490 1318 Jubetur

1898 1327 2055 1383 Jcsus
2113 1339 2308 1387 terram
2360 1335 2570 1392 tradere
2618 1338 2914 1398 lsraelitis:
2946 1361 3007 1398 ac
3032 1347 3486 1424 describiturqua:

1901 1420 2071 1476 tribus
2097 1432 2271 1478 sortes
2303 1429 2626 1497 acceperint,
2651 1439 2703 1485 et
2730 1433 2853 1502 quid
2876 1435 3076 1494 Levitis
3097 1439 3277 1496 datum
3305 1420 3477 1502 fuerit.

1899 1511 2138 1568 llemittit
2185 1515 2342 1572 Iesus
2397 1521 2589 1575 tribum
2621 1522 2808 1580 Ruben
2848 1535 2906 1582 et
2947 1527 3059 1584 Gad
3100 1531 3484 1606 dimidiamque

1898 1605 2090 1660 tribum
2120 1607 2361 1665 Manasse
2383 1609 2434 1664 in
2461 1623 2634 1668 sortes
2654 1630 2797 1677 suas.
2815 1633 2950 1687 quas
2971 1635 3284 1694 acceperant
3307 1605 3480 1685 adhuc

1896 1696 2110 1752 vivente
2139 1698 2340 1770 Moyse.
2383 1701 2483 1769 Qui
2509 1712 2689 1760 autem
2715 1706 2984 1778 abierunt,
3015 1727 3163 1769 aram
3195 1717 3261 1772 ad
3290 1718 3482 1776 Iorda-

1895 1805 2014 1843 nem
2053 1791 2404 1848 aedificarunt.
2437 1794 2548 1851 Hoc
2585 1796 2716 1852 alias
2748 1799 2916 1855 tribus
2946 1806 3288 1871 perturbavit.
3320 1810 3480 1866 Puta-

1891 1879 2020 1935 bant
2045 1883 2187 1937 enim
2207 1884 2326 1940 illos
2352 1885 2452 1941 hoc
2474 1885 2786 1945 defectionis
2801 1907 2964 1948 causa
2987 1893 3198 1955 fecisse.
3223 1900 3480 1960 Miseruot

1889 1973 1979 2042 qui
2029 1974 2173 2044 ipsos
2226 1977 2720 2047 reprehenderent:
2762 1983 2835 2038 illi
2867 2001 2993 2040 vero
3029 2002 3150 2044 sese
3192 2005 3474 2063 purgantes

1887 2065 2156 2133 dixerunt,
2196 2081 2255 2122 se
2296 2084 2400 2123 non
2427 2069 2742 2129 defectionis
2769 2089 2928 2130 causa
2957 2093 3104 2132 aram
3137 2083 3466 2150 aedificasse;

1886 2155 1981 2211 sed
2013 2172 2080 2212 ne
2106 2159 2302 2228 posteri
2331 2160 2518 2226 vestri,
2554 2163 2796 2234 inquiunt
2820 2208 2833 2231 ,
2862 2166 3001 2223 ﬁlios
3031 2179 3244 2228 nostros
3268 2176 3471 2232 alienos

1886 2249 2116 2304 habeant
2138 2265 2167 2304 a
2189 2265 2282 2306 sua
2306 2254 2642 2323 cognatione,
2667 2271 2732 2312 eo
2758 2259 2903 2328 quod
2931 2260 3178 2318 Iordanis
3208 2265 3344 2322 inter
3359 2285 3467 2324 mc-

1883 2343 2029 2398 dium
2057 2361 2243 2401 eorum
2270 2347 2436 2414 ﬂuat;
2469 2349 2562 2404 sed
2592 2359 2649 2406 ut
2672 2351 2740 2406 sit
2761 2367 2855 2407 ara
2883 2354 2935 2408 in
2959 2357 3342 2428 testimonium,
3373 2377 3470 2417 nec

1885 2438 2089 2507 possint
2126 2439 2309 2497 dicere
2347 2441 2438 2496 lilii
2475 2445 2635 2500 vestri
2664 2447 2946 2516 nepotibus
2981 2452 3196 2519 nostris,
3221 2453 3346 2508 Non.
3383 2466 3467 2510 est

1883 2530 2035 2586 vobis
2056 2533 2229 2602 portio
2247 2535 2488 2602 Domini;
2516 2537 2699 2608 sicque
2721 2553 3098 2609 persuaserunt
3123 2545 3338 2617 reliquis
3369 2550 3464 2603 tri-

1883 2621 2056 2677 bubus
2081 2639 2148 2679 ne
2175 2625 2274 2680 sibi
2307 2627 2500 2682 bellum
2531 2628 2805 2686 inferrent.
2835 2632 2983 2689 Tunc
3003 2647 3262 2693 convocat
3284 2639 3458 2695 Israe-

1881 2712 1998 2767 litas
2028 2713 2214 2780 Jesus,
2256 2716 2489 2788 ipsrsque
2516 2720 2567 2774 in
2595 2723 2904 2777 memoriam
2935 2736 3150 2782 revocat
3178 2729 3267 2784 Dei
3297 2731 3454 2787 11011οο

1879 2805 2018 2872 licia,
2051 2805 2292 2864 hortatur
2312 2819 2368 2865 ut
2396 2811 2565 2882 legem
2591 2813 2876 2870 observent
2903 2858 2918 2880 ,
2949 2819 3292 2892 prtedicitque
3322 2825 3461 2880 mala

1877 2910 1994 2964 qme
2034 2897 2154 2953 illos
2176 2910 2461 2969 exceptura
2483 2913 2627 2970 sunt,
2679 2906 2781 2960 nisi
2821 2909 2961 2963 illam
3018 2913 3385 2977 custodierint.
3410 2928 3464 2972 et

1877 2998 2117 3045 mortuus
2135 3001 2236 3046 est.
2263 2992 2483 3049 Moritur
2509 3005 2563 3052 et
2584 2997 2805 3054 Eleazar
2833 3002 3103 3068 sacerdos,
3127 3006 3251 3061 etin
3284 3008 3460 3064 locum

1873 3080 1991 3150 ejus
2035 3083 2390 3140 sacerdotium
2418 3087 2625 3144 obtinet
2651 3090 2879 3148 Pliinees
2908 3093 3046 3150 filius
3083 3097 3220 3167 ejus.
3278 3100 3341 3153 Et
3367 3101 3458 3156 filii

1875 3171 2038 3228 Israel
2095 3173 2233 3229 idola
2284 3177 2610 3247 coluerunt,
2665 3183 2952 3254 traditique
2998 3196 3122 3242 sunt
3167 3189 3219 3243 in
3262 3206 3454 3247 manus

1873 3264 2082 3336 IEglom
2114 3268 2252 3337 regis
2299 3269 2452 3326 Moab
2485 3271 2582 3343 (a),
2617 3274 2703 3344 qui
2737 3274 2790 3330 in
2841 3275 2962 3332 illos
3005 3277 3288 3350 imperium
3312 3281 3454 3338 obti-

1873 3359 1986 3414 nuit
2015 3361 2169 3415 annis
2191 3362 2508 3419 octodecim.

2403 3495 2641 3537 SYNOI‘SIS
2678 3499 2919 3540 JUDlCUl.

1941 3591 2036 3647 llic
2057 3603 2302 3648 narratur
2330 3609 2462 3664 quas
2488 3594 2649 3651 urbes
2675 3598 2936 3667 ceperint,
2960 3615 3201 3671 quasque
3229 3601 3328 3657 sibi
3362 3602 3455 3657 tri-

1866 3681 2100 3737 butarias
2155 3682 2381 3739 fecerint
2433 3684 2710 3742 lsraelitaa.
2755 3687 2887 3743 Nam
2911 3690 3051 3746 circa
3082 3691 3208 3746 belli
3240 3692 3450 3748 labores

1863 3773 2118 3838 emolliti,
2149 3775 2463 3844 transgressi
2493 3784 2620 3832 sunt
2649 3778 2954 3834 mandatum
3003 3779 3132 3848 Dei,
3164 3797 3271 3853 quo
3294 3782 3450 3852 jube-

1862 3863 2056 3918 bantur
2079 3880 2265 3920 omnes
2313 3866 2677 3924 internecione
2702 3868 2902 3926 delere.
2956 3871 3114 3927 Venit
3157 3874 3378 3944 angelus
3419 3891 3449 3929 a

1863 3956 2088 4011 Domino
2127 3956 2193 4012 ad
2241 3958 2542 4025 lsraelitas,
2565 3960 2655 4030 qui
2689 3961 2900 4016 illorum
2954 3965 3447 4034 prtevaricatiOnem

1861 4046 2151 4118 redarguit.
2182 4047 2315 4103 Cum
2339 4049 2480 4103 enim
2513 4051 2837 4120 oportuisset
2865 4053 2982 4107 illos
3004 4054 3219 4119 delere,
3250 4056 3445 4122 inquit,

1861 4153 1956 4194 vos
1983 4137 2183 4194 foedera
2205 4155 2325 4194 eum
2359 4140 2491 4210 ipsis
2513 4141 2705 4198 iniistis
2733 4160 2745 4196 :
2781 4143 2900 4198 ideo
2939 4161 3044 4200 non
3071 4148 3449 4202 exterminahit

1858 4231 2002 4287 Deus
2027 4232 2260 4302 reliquas
2277 4242 2482 4302 gentes.
2513 4232 2606 4288 llis
2636 4234 2831 4289 auditis
2867 4236 2940 4290 illi
2965 4236 3227 4292 fleverunt
3252 4240 3444 4292 unani-

1859 4324 2037 4389 miter,
2066 4324 2319 4393 locusque
2349 4335 2567 4379 vocatus
2604 4335 2687 4380 est
2732 4326 2934 4383 Fletus.
2993 4328 3060 4382 Et
3110 4329 3443 4398 prtevarieati

1856 4423 1999 4481 sunt,
2020 4430 2083 4470 ac
2103 4415 2450 4471 tradebantur
2471 4417 2732 4483 hostibus,
2757 4429 2855 4474 eta
2877 4420 3133 4478 servitute
3150 4419 3442 4476 liberaban-

1858 4517 1962 4573 tur,
1995 4522 2315 4577 rursumqne
2343 4508 2529 4564 iisdem
2570 4510 2622 4564 in
2653 4511 2803 4565 malis
2835 4512 3269 4582 perseverabant.
3303 4514 3440 4569 Tra-

1852 4600 1946 4655 diti
1977 4611 2099 4655 sunt
2119 4599 2332 4655 Chusah
2352 4599 2553 4657 Sathon
2575 4603 2686 4674 regi
2712 4602 2879 4677 Syria:
2899 4607 3052 4660 annis
3080 4615 3222 4674 octo,
3247 4617 3302 4662 et
3328 4609 3438 4662 eri-

1853 4691 1966 4762 puit
1990 4706 2086 4746 eos
2113 4693 2365 4748 Dominus
2395 4709 2490 4763 per
2515 4693 2801 4751 Cothoniel
2823 4695 3081 4766 judicem.
3140 4697 3208 4752 Et
3256 4698 3435 4754 traditi

1850 4793 1975 4838 sunt
1997 4784 2183 4852 Eglom
2204 4785 2316 4854 regi
2341 4785 2516 4852 Moab,
2539 4797 2593 4843 et
2628 4788 2994 4843 clamaverunt
3027 4788 3094 4843 ad
3127 4789 3432 4855 Dominum,

1849 4888 1904 4931 et
1929 4878 2202 4933 suscitavit
2227 4879 2331 4934 illis
2352 4879 2488 4946 Aod,
2517 4881 2607 4950 qui
2635 4881 2760 4935 dolo
2786 4881 2979 4935 occidit
3001 4881 3186 4952 Eglom
3211 4891 3266 4937 et
3287 4883 3432 4938 Moa-

1847 4968 2002 5025 bitas.
2037 4968 2161 5025 Post
2189 4969 2330 5025 hunc
2356 4971 2536 5041 p0puli
2559 4971 2724 5040 judex
2751 4970 2846 5026 fuit
2867 4972 3142 5042 Somegar,
3163 4983 3217 5029 et
3244 4985 3430 5044 pustea
3488 5055 3494 5064 ι

1849 5061 2054 5116 Debora
2083 5063 2275 5118 mulier
2301 5063 2655 5133 prophetissa.
2687 5066 2817 5119 Cum
2845 5075 3020 5120 autem
3045 5068 3156 5138 regi
3177 5069 3427 5126 Chanaan

1845 5153 2108 5208 servirent
2134 5154 2406 5220 Israelitze,
2435 5155 2690 5210 Baracutn
2722 5157 2874 5225 jubet
2903 5157 3106 5214 Debora
3140 5176 3200 5216 se
3239 5161 3425 5221 ducent

1845 5245 1966 5299 belli
1994 5247 2252 5314 praebere.
2284 5245 2375 5301 Ille
2403 5247 2590 5311 noluit,
2624 5247 2725 5303 nisi
2746 5257 2800 5303 et
2825 5250 2908 5304 illa
2931 5265 3052 5305 cum
3082 5253 3197 5324 ipso
3215 5256 3420 5311 exiret:

1842 5337 2109 5406 exivitque
2137 5337 2344 5392 tnuiier.
2369 5336 2667 5395 Commi~so
2691 5342 2895 5412 praelio,
2923 5342 3167 5414 fugerunt
3193 5345 3423 5402 hostes:

1843 5425 2054 5496 duxque
2079 5426 2242 5482 Jabisi
2268 5427 2445 5483 Sisara
2475 5431 2738 5486 accedens
2777 5433 2842 5487 ad
2899 5437 3182 5505 quamdam
3232 5439 3423 5493 mulie-

1907 5569 1986 5652 (α).
2003 5577 2112 5620 Haec
2131 5572 2326 5652 quaelde
2351 5573 2638 5652 [Eglomhic
2652 5575 2901 5652 leguntur,
2928 5593 2990 5652 es
3012 5580 3168 5652 capite
3190 5582 3419 5652 sequenti

1839 5629 1934 5706 huc
1963 5629 2290 5694 transsutnpta
2320 5629 2829 5706 sun't'_in_textu_i.xx,
2855 5629 2948 5706 nec
2971 5629 3210 5706 trahentur
3251 5629 3296 5706 111
3323 5649 3418 5690 110-

1837 5693 1972 5766 111ῳο
1998 5706 2009 5741 :
2045 5707 2162 5766 quae
2180 5693 2321 5757 perro
2339 5699 2620 5766 _de_.£glom
2647 5701 2722 5748 hic
2751 5693 3424 5766 1111101ξῄ1011118(1100010111,

1839 5755 2012 5804 eadem
2048 5755 2279 5820 tidititme,
2306 5755 2523 5824 pluribus
2543 5755 2792 5811 narrantur
2817 5763 2862 5809 111
2887 5761 3009 5811 libro
3039 5759 3288 5812 Judicu.u.

2975 5867 3047 5924 et
