3966 6192
459 257 564 318 359

460 392 572 430 rem
602 373 803 430 Jaélem
837 370 1029 424 dictam
1051 407 1064 429 ,
1100 363 1311 434 petebat
1340 363 1406 417 ab
1436 362 1521 415 illa
1553 368 1740 430 potum
1777 378 1790 414 :
1819 358 1904 412 illa
1934 371 2029 427 pro

460 480 594 535 aqua
617 465 699 518 Iac
727 463 797 516 illi
829 458 994 513 dedit.
1019 455 1088 512 Ut
1121 463 1296 509 autem
1323 461 1444 522 post
1472 460 1654 521 potum
1687 447 2033 513 obdormivit,

460 562 730 622 arreptum
755 556 959 603 vectem
987 545 1178 612 mulier
1212 559 1309 614 per
1339 552 1574 611 tempora
1602 541 1716 610 ejus
1747 539 2031 594 transfixit.

459 643 549 698 Sic
578 649 816 695 mortuus
845 646 928 692 est
955 635 1132 692 Sisara
1158 651 1172 687 :
1201 633 1577 704 ingressusque
1618 631 1785 685 Barac
1808 629 1938 685 vidit
1973 628 2031 684 il-

452 733 568 786 lum
613 737 905 785 mortuum.
960 726 1110 781 Tunc
1158 723 1421 779 canticum
1471 720 1788 791 triumphale
1841 719 2038 775 cecinit

463 821 688 876 Debora.
709 819 913 874 Rursus
933 817 1210 873 traduntur
1236 814 1485 870 Israelitae
1502 814 1554 869 in
1581 828 1770 867 manus
1787 812 2034 876 Mediam;

458 928 582 968 nam
613 911 915 980 frequenter
941 909 1104 964 Deum
1137 907 1433 963 irritabant.
1456 905 1602 959 Tunc
1628 902 1863 960 Gedeoni
1894 904 2037 960 visne

458 1013 541 1058 est
583 1002 822 1074 angelus,
854 1000 943 1070 qui
974 1000 1122 1054 illum
1149 998 1213 1051 ad
1241 997 1436 1055 bellum
1472 994 1778 1052 concitavit.
1831 993 2034 1050 Dehinc

458 1093 698 1164 principii
717 1093 792 1148 illi
814 1092 1067 1147 Dominus
1096 1099 1153 1145 ut
1173 1088 1470 1143 immolaret
1496 1086 1716 1142 vitulum
1737 1085 2034 1155 saginatum

460 1185 624 1251 patris
671 1183 774 1248 Sui,
804 1191 859 1238 et
894 1181 1110 1237 ali‘erret
1153 1180 1520 1235 holocaustum
1545 1219 1559 1243 ,
1587 1179 1864 1248 Baalisqne
1887 1193 2034 1234 aram

456 1278 776 1332 destrueret.
815 1273 998 1329 Paruit
1039 1273 1153 1338 ille,
1172 1281 1224 1327 ct
1275 1273 1469 1326 obtulit
1509 1271 1872 1326 holocaustum
1901 1270 2030 1326 Deo.

457 1367 786 1440 Signumque
817 1369 950 1439 petit
974 1368 1190 1425 Gedcon
1221 1367 1310 1437 qui
1339 1378 1390 1424 et
1413 1365 1657 1422 .Icrobeal
1686 1375 1902 1421 vocatus
1926 1374 2031 1432 est,

460 1462 512 1514 in
537 1460 736 1516 vellere
759 1459 979 1514 editum.
1006 1458 1334 1527 .Iubeturque
1358 1467 1522 1513 totum
1541 1457 1815 1512 dimittere
1829 1459 2035 1514 excrci-

459 1560 593 1615 tum,
618 1559 994 1620 trecentosque
1013 1559 1213 1604 tantum
1239 1550 1489 1604 retinere.
1534 1548 1590 1602 Id
1613 1548 1754 1618 quod
1778 1548 1865 1604 ille
1886 1548 2030 1615 fecit,

458 1656 512 1699 et
537 1659 852 1714 congressus
873 1658 994 1698 cum
1021 1642 1350 1712 lampadibus
1370 1651 1424 1696 et
1455 1640 1594 1696 tubis
1609 1682 1630 1709 ,
1660 1642 1842 1696 hostes
1855 1642 2034 1711 pretii-

458 1735 618 1804 gavit.
641 1734 792 1790 Tunc
815 1733 974 1789 occisi
996 1742 1118 1788 sunt
1143 1731 1283 1788 Oreb
1299 1733 1476 1787 etZeb
1493 1733 1754 1803 principes
1781 1733 2032 1801 Madiam,

458 1842 511 1885 et
539 1830 711 1886 Zebee
735 1840 790 1886 et
815 1831 1064 1886 Salmana
1093 1846 1266 1902 reges.
1306 1831 1529 1888 Gedeon
1556 1833 1789 1888 moriens
1815 1832 2032 1902 reliquit

459 1919 598 1976 ﬁlios
617 1924 964 1993 sepluaginta,
989 1933 1042 1977 et
1063 1937 1128 1978 ex
1155 1924 1447 1979 concubina
1465 1940 1628 1978 unum
1644 1924 2029 1979 Abimelecum.

459 2012 556 2068 llic
590 2015 780 2070 occisis
819 2016 1146 2086 septuaginta
1187 2015 1473 2084 fratribus,
1503 2032 1724 2087 regnum
1765 2016 2027 2072 obtinuit:

458 2120 556 2159 nec
575 2105 740 2161 multo
756 2107 940 2178 elapso
958 2115 1196 2178 tempore
1215 2108 1484 2164 fratricidii
1501 2123 1686 2179 peltas
1704 2109 1868 2165 dedit.
1897 2108 2034 2165 Cum

457 2195 598 2250 enim
624 2197 675 2252 in
703 2197 884 2266 praelia
913 2199 1227 2254 accessisset
1249 2199 1316 2254 ad
1345 2199 1624 2268 quamdam
1649 2200 1857 2267 urbem,
1891 2200 2032 2272 frag-

457 2295 638 2342 mento
674 2287 828 2342 mola:
871 2297 1030 2358 caput
1057 2289 1174 2359 ejus
1213 2305 1242 2344 a
1276 2291 1497 2348 muliere
1543 2289 1872 2347 confractum
1923 2303 2028 2360 est,

458 2379 649 2450 illeque
667 2381 828 2435 vitam
847 2382 1045 2437 amisit.
1074 2381 1200 2438 Post
1240 2383 1512 2439 Abiinelce
1536 2383 1791 2453 judicavit
1825 2384 2030 2451 Thala,

457 2481 576 2541 post
602 2472 821 2528 Thalam
847 2473 979 2529 Jair.
1009 2475 1075 2530 Et
1096 2475 1431 2530 irritaverunt
1455 2476 1620 2531 Deum
1649 2476 1742 2531 lilii
1773 2477 1952 2541 Israel,
1974 2485 2030 2532 et

458 2564 633 2618 traditi
662 2574 786 2620 sunt
814 2566 865 2620 in
890 2581 1076 2621 manus
1101 2567 1354 2622 Ammon.
1407 2567 1558 2622 Tunc
1577 2567 1824 2638 Jephtlne
1851 2582 2029 2623 mere-

455 2654 602 2708 tricis
629 2653 791 2709 filium
817 2665 871 2709 et
899 2670 928 2710 a
955 2655 1115 2710 domo
1142 2665 1360 2726 paterna
1387 2672 1482 2726 per
1532 2657 1727 2714 fratres
1773 2657 2028 2727 ejectum,

457 2742 645 2802 ducem
676 2745 800 2800 belli
827 2755 1010 2800 contra
1038 2746 1174 2802 Iilios
1205 2749 1431 2804 Ammon
1473 2763 1591 2804 esse
1617 2758 1806 2818 regant
1835 2749 2030 2818 princi-

458 2847 551 2903 pes
578 2835 755 2904 populi
776 2876 790 2899 ,
819 2834 1024 2906 ipsique
1049 2837 1326 2906 imperium
1359 2838 1596 2894 tradunt.
1633 2839 1723 2894 lile
1747 2840 2028 2910 obtempe-

457 2927 611 2994 ravit,
639 2943 702 2983 ac
743 2927 930 2997 legatis
960 2929 1027 2983 ad
1057 2945 1234 3000 regem
1279 2931 1506 2986 ﬁliorum
1551 2933 1777 2987 Ammon
1829 2932 2028 2998 missis,

455 3032 574 3072 eum
605 3019 734 3073 nihil
759 3019 1034 3086 suasisset,
1063 3029 1221 3076 vovet
1245 3035 1303 3076 se
1332 3022 1440 3076 Deo
1483 3021 1883 3078 immolatarum
1905 3037 2027 3078 eum

455 3109 542 3178 qui
571 3111 770 3179 primus
801 3111 900 3181 ipsi
923 3121 1242 3176 occurreret,
1272 3112 1317 3166 si
1343 3113 1544 3169 rediret
1571 3129 1639 3169 ex
1669 3113 1814 3169 bello
1838 3131 1852 3168 :
1876 3128 2032 3168 com-

457 3202 620 3257 misso
645 3202 830 3272 praclio
857 3216 980 3258 cum
1010 3203 1222 3258 vicisset
1242 3202 1441 3268 hostes,
1476 3203 1634 3258 filiam
1664 3219 1814 3259 suam
1842 3204 2032 3259 immo-

457 3289 530 3345 lat
556 3307 568 3344 :
596 3292 707 3360 ipsa
733 3293 873 3347 enim
907 3295 1051 3362 prior
1075 3295 1307 3348 occurrit
1333 3295 1428 3349 illi.
1457 3295 1663 3350 Rursus
1688 3296 2030 3350 irritaverunt

458 3383 620 3438 Deum
641 3383 730 3437 lilii
752 3385 946 3451 Israel,
974 3395 1030 3441 et
1051 3386 1227 3440 traditi
1255 3396 1379 3441 sunt
1419 3388 1470 3442 in
1495 3401 1682 3441 manus
1705 3387 2028 3457 alienigena-

457 3490 598 3529 rum.
624 3473 772 3528 Tunc
811 3475 1045 3529 nascitur
1087 3474 1348 3546 Sampson
1373 3519 1386 3542 ,
1430 3486 1484 3531 et
1529 3478 1641 3531 visa
1695 3478 1918 3531 muliere
1974 3477 2025 3531 in

455 3566 810 3632 'l'hamnatha,
843 3567 958 3636 ejus
979 3582 1161 3622 amore
1185 3579 1370 3636 captus
1390 3576 1489 3630 est,
1515 3569 1787 3638 ipsamque
1809 3583 2028 3624 uxorem

456 3659 653 3714 ducere
684 3659 916 3715 volebat.
946 3661 1201 3717 Parentes
1233 3671 1407 3717 autem
1436 3663 1607 3732 primo
1647 3661 2025 3732 impediebant,

457 3753 596 3822 quod
630 3753 715 3807 illa
744 3753 1036 3825 alienigena
1063 3761 1208 3810 esset
1235 3773 1254 3810 ;
1280 3767 1334 3809 ut
1370 3765 1546 3810 autem
1573 3753 1816 3810 viderunt
1859 3757 2027 3826 ipsum

457 3844 765 3908 instantem,
792 3861 897 3900 non
922 3846 1057 3900 ultra
1074 3848 1639 3922 probibuerunt.Cum
1664 3846 2026 3903 abiretautem

455 3935 521 3991 de
549 3936 636 3991 illa
665 3937 1084 4008 colloquuturus,
1117 3939 1351 3994 occurrit
1379 3940 1459 3994 illi
1484 3939 1569 3994 leo
1592 3954 1747 4011 quem
1785 3940 2028 3996 manibus

455 4027 568 4084 suis
592 4027 803 4084 occidit.
856 4029 989 4083 Cum
1033 4037 1208 4084 autem
1236 4030 1434 4099 nuptias
1464 4030 1794 4086 celebrandae
1825 4039 2024 4098 essent,

453 4131 665 4174 rursum
695 4119 993 4191 profectus,
1024 4119 1166 4176 videt
1204 4119 1378 4175 favum
1412 4121 1585 4176 mellis
1626 4122 1676 4176 in
1703 4136 1796 4176 ore
1821 4121 2026 4190 leonis,

453 4227 611 4281 quem
640 4212 942 4275 occiderat,
975 4222 1027 4266 et
1061 4221 1339 4282 acceptum
1367 4213 1618 4276 comedit,
1649 4212 1899 4282 deditque
1936 4227 2029 4284 pa-

454 4303 692 4359 rentibus
713 4313 767 4358 et
792 4305 1098 4360 concivibus
1125 4305 1234 4360 suis
1264 4321 1276 4356 :
1309 4314 1466 4374 atque
1503 4305 1726 4374 aenigma
1759 4305 2030 4374 proposuit

456 4393 592 4463 ipsis
611 4393 792 4448 dicens
825 4411 839 4449 :
881 4395 962 4448 Ea:
995 4411 1081 4448 ere
1109 4395 1411 4450 comedentis
1439 4410 1664 4466 egressus
1683 4405 1754 4448 est
1778 4393 1916 4449 cibus
1936 4437 1950 4460 ,
1978 4394 2027 4450 id

455 4493 556 4548 est,
586 4499 653 4539 ex
682 4498 775 4538 ore
796 4486 997 4550 leonis;
1029 4495 1076 4539 et
1103 4501 1166 4539 ea:
1187 4496 1386 4540 austero
1415 4503 1506 4556 pro
1548 4485 1881 4540 amaritudine
1913 4485 2027 4539 dul-

454 4575 577 4629 cedo
601 4574 748 4646 (Iud.
782 4575 865 4630 η.
906 4576 1017 4644 14).
1041 4575 1391 4646 Promisitque
1409 4590 1468 4631 se
1494 4576 1739 4631 daturum
1781 4578 1829 4632 ei
1857 4579 1944 4648 qui
1977 4576 2028 4632 id

457 4671 896 4738 interpretaretur
937 4667 1149 4738 triginta
1182 4667 1465 4734 sindonas,
1496 4676 1550 4723 et
1576 4669 1786 4738 triginta
1825 4669 2025 4734 stolas;

456 4763 536 4816 sin
579 4776 685 4816 non
726 4769 968 4831 possent,
1000 4759 1098 4814 sibi
1127 4759 1452 4813 tantumdem
1483 4759 1687 4814 darent.
1731 4757 1800 4815 Ut
1852 4769 2027 4814 autem

456 4854 530 4907 illi
556 4852 850 4919 haerebant,
879 4861 934 4908 et
962 4851 1377 4922 explicationem
1403 4865 1506 4905 non
1526 4850 1882 4920 reperiebant,
1900 4865 2031 4906 uxo-

457 4944 501 4997 ri
531 4943 646 5011 ejus
670 4944 975 4998 comminuti
1011 4952 1134 4999 sunt
1163 4950 1414 5008 mortem,
1442 4941 1541 4996 nisi
1581 4939 1648 4996 ab
1678 4941 1768 4995 illo
1795 4942 2031 5012 explica-

457 5035 657 5088 tionem
677 5033 968 5103 mnigmatis
989 5034 1281 5097 edisceret;
1312 5047 1432 5089 cum
1456 5031 1728 5087 didicisset
1755 5032 1864 5098 illa,
1897 5032 2027 5102 ipsis

457 5123 788 5178 annuntiavit
818 5139 833 5177 :
861 5132 916 5179 et
943 5139 1062 5178 cum
1113 5125 1257 5178 illam
1305 5123 1712 5194 explicationem
1741 5123 2020 5190 dixissent,

456 5219 676 5289 pignora
705 5225 1043 5284 acceperunt.
1090 5214 1396 5285 Indignatus
1435 5223 1517 5270 est
1550 5215 1831 5286 Sampson.
1876 5215 2033 5269 Pater

454 5320 632 5366 autem
686 5322 898 5379 sponsa:
947 5317 1227 5370 metuens,
1280 5309 1420 5364 illam
1473 5309 1715 5380 pronubo
1774 5323 1871 5363 suo
1938 5307 2036 5364 de-

454 5403 595 5460 dit‘:
624 5401 682 5456 Id
705 5399 852 5473 quod
877 5400 1042 5470 magis
1066 5398 1413 5468 Sampsonem
1441 5401 1865 5468 eontristavit,et
1884 5415 2032 5454 arre-

513 5523 530 5552 ί
567 5515 1008 5598 θερειιςιςὶηω.ιξνὶ
1027 5519 1122 5598 τῶΥ
1142 5518 1289 5598 φίλῳ
1303 5517 1664 5598 fumauit“,
1689 5518 1829 5598 cujus
1849 5530 2030 5598 nomen

453 5579 652 5644 tacetur
670 5579 722 5630 in
747 5579 989 5644 Hegaplis
1012 5579 1191 5629 nostris
1209 5581 1280 5644 15,
1303 5581 1350 5639 2,
1373 5581 1542 5644 ἑνὶτῷν
1562 5579 1846 5644 συνεταίρων
1864 5579 2030 5644 αὐτοῦ.

457 5643 703 5692 Incertum
735 5656 793 5691 an
823 5642 1198 5703 Chrysosbmus
1229 5643 1278 5690 in
1314 5642 1588 5703 exemplari
1612 5656 1702 5691 suo
1724 5641 2036 5704 νὺμφαγωγόν

455 5703 707 5766 habuerit,
747 5716 811 5754 ex
849 5705 1015 5768 aliquo
1061 5707 1336 5770 interprete
1374 5704 1714 5768 desumptum,
1757 5703 1876 5753 num
1914 5715 2037 5753 vero

1165 258 1224 309 Β.
1263 250 1473 307 ΙΟᾹΝΝ
1479 249 1539 305 IS
1577 244 2022 303 CHRYSOSTOM

2136 241 2401 299 RCIIIEP.
2441 239 2972 300 CONSTANTINOP.
3555 258 3634 313 δια

2143 358 2247 426 ptis
2273 356 2522 428 vulpibus
2549 359 2818 425 trecentis,
2846 357 3269 430 Iampadibusque
3287 375 3313 414 a
3335 370 3464 435 tergo
3487 384 3636 428 eorum

2142 450 2400 516 accensis,
2419 451 2596 505 emisit
2623 451 2674 506 in
2703 465 2922 521 campos
2967 451 3363 521 alienigenarum
3386 473 3399 507 :
3425 469 3474 512 ut
3500 471 3640 517 autem

2141 552 2470 614 campestres
2507 558 2692 600 eorum
2728 557 2932 600 messes
2971 543 3219 609 incendit,
3255 546 3323 601 illi
3367 561 3546 618 sponsa:
3569 552 3646 608 do-

2143 650 2287 691 mum
2331 651 2450 693 cum
2490 637 2601 708 ipsa
2628 651 2821 707 sponsa
2852 647 2904 694 et
2929 647 3081 708 patre
3129 638 3241 709 ejus
3281 641 3647 700 combusserunt.

2140 729 2327 800 Neque
2353 729 2456 785 hoc
2499 729 2639 786 facto
2667 730 2870 786 sedavit
2909 732 3042 786 iram
3071 731 3344 800 Sampson,
3389 735 3472 789 sed
3511 737 3652 802 adhuc

2141 824 2476 894 Oppugnabat
2523 839 2635 880 eos.
2685 824 2762 880 Illi
2789 841 2916 880 vero
2965 827 3217 882 instructa
3247 829 3654 888 contralsraclcm

2140 919 2275 984 acie,
2298 917 2646 987 Sampsonem
2675 919 2941 988 petebant;
2972 917 3118 974 illum
3142 933 3266 976 vero
3284 921 3492 977 vinctum
3521 925 3655 981 hosti-

2139 1009 2238 1065 bus
2270 1009 2597 1066 tradidertmt
2625 1010 2891 1066 lsraelitaa.
2952 1011 3153 1066 It‘ractis
3180 1013 3266 1069 ille
3305 1015 3527 1081 vinculis,
3553 1032 3649 1072 cum

2142 1095 2438 1150 invenisset
2463 1095 2732 1152 maxillam
2761 1096 2918 1160 asini,
2947 1096 3090 1151 mille
3125 1111 3242 1152 cum
3271 1097 3352 1152 illa
3384 1103 3514 1156 viros
3535 1104 3656 1158 occi-

2139 1186 2235 1241 dit.
2258 1185 2497 1256 Cumque
2523 1187 2610 1242 sili
2646 1187 2990 1259 afﬂigeretnr,
3027 1198 3272 1259 precatus
3299 1201 3377 1245 est
3418 1193 3586 1262 Deum,
3615 1206 3660 1251 et

2139 1277 2300 1331 exivit
2324 1291 2456 1346 aqua
2487 1293 2552 1333 ex
2582 1279 2873 1341 maxilla,ct
2916 1279 3068 1334 bibit.
3111 1279 3234 1334 Inde
3271 1284 3408 1336 venit
3431 1284 3490 1338 ad
3514 1301 3659 1342 mere-

2139 1369 2324 1423 tricem
2351 1370 2626 1425 mulierem
2658 1371 2708 1423 in
2731 1367 2946 1435 Gazam,
2972 1371 3250 1442 ipsumque
3275 1373 3445 1428 hostes
3467 1375 3662 1430 circum-

2138 1460 2395 1516 dederunt
2431 1478 2444 1514 :
2475 1461 2562 1516 ille
2587 1477 2713 1516 vero
2735 1461 2906 1516 media
2927 1471 3083 1518 nocte
3103 1462 3322 1518 eductas
3348 1464 3482 1521 urbis
3516 1477 3666 1537 portas

2139 1552 2418 1622 imponens
2465 1551 2700 1607 humeris
2727 1554 2861 1618 suis,
2893 1553 3044 1608 abiit.
3106 1555 3385 1609 Adamavit
3434 1566 3542 1626 post
3574 1559 3670 1614 btet:

2137 1644 2412 1699 mulierem
2438 1633 2720 1714 quamdam
2762 1644 2991 1700 Samson
3021 1644 3254 1700 Daidam
3288 1647 3490 1703 nomine
3526 1649 3670 1720 (a),et

2137 1737 2342 1803 accepit
2380 1750 2495 1789 eam
2525 1735 2579 1789 in
2609 1751 2848 1790 uxorem.
2897 1735 3030 1791 Huic
3076 1738 3440 1806 promiserunt
3477 1746 3670 1809 satrapa

2135 1825 2548 1896 alienigenarum
2587 1826 2730 1881 mille
2758 1834 2809 1880 et
2838 1833 3052 1880 centum
3077 1838 3362 1896 argenteos
3381 1870 3396 1894 ,
3427 1829 3469 1882 si
3496 1829 3556 1883 ab
3579 1831 3673 1899 ipso

2135 1918 2418 1984 edisceret,
2449 1931 2554 1988 quo
2601 1927 2756 1988 pacto
2798 1929 3100 1988 expugnatur
3151 1919 3320 1975 facilis
3379 1920 3522 1976 foret.
3561 1920 3677 1974 Cum

2135 2019 2311 2066 autem
2335 2011 2420 2064 illa
2452 2009 2504 2064 id
2533 2010 2773 2066 ediscere
2800 2018 3105 2076 conaretur,
3132 2011 3307 2080 primo
3331 2011 3530 2080 quidem
3558 2012 3675 2065 illam

2133 2100 2431 2171 decipiebat
2461 2116 2474 2152 :
2501 2099 2733 2162 demum,
2761 2113 2883 2153 cum
2936 2100 3246 2169 importune
3291 2101 3380 2154 illa
3423 2101 3676 2165 insisteret,

2133 2194 2410 2249 veritatem
2441 2191 2538 2262 ipsi
2567 2191 2882 2256 enuntiavit,
2916 2207 3109 2262 nempe
3136 2206 3200 2248 se
3223 2233 3238 2256 ,
3271 2193 3318 2247 si
3352 2192 3466 2261 quis
3491 2192 3579 2246 sibi
3601 2206 3678 2246 ca-

2133 2286 2290 2358 pillos
2309 2285 2559 2350 auferret,
2586 2283 2853 2339 infirmum
2883 2297 3194 2338 evasurum.
3229 2282 3321 2336 IIIa
3352 2282 3571 2337 evocatis
3603 2295 3679 2334 sa-

2136 2379 2318 2448 trapis,
2346 2394 2465 2434 cum
2491 2377 2638 2432 illum
2665 2375 2736 2431 ad
2765 2389 3013 2430 somoum
3060 2375 3342 2430 inductum
3379 2373 3572 2429 tonderi
3607 2387 3685 2427 cu-

2133 2480 2337 2537 rassct,
2396 2470 2659 2526 infirmum
2726 2468 2976 2524 reddidit.
3041 2467 3228 2537 Ipsum
3296 2480 3424 2522 vero
3497 2475 3680 2533 captum

2131 2564 2447 2634 alienigena:
2494 2571 2860 2624 excmcarunt,
2890 2571 2944 2616 et
2971 2559 3279 2630 injecerunt
3320 2559 3376 2613 in
3425 2570 3684 2612 carcerem.

2132 2655 2214 2711 Illi
2238 2670 2362 2710 vero
2390 2652 2730 2719 laetabantur,
2753 2660 2810 2707 et
2836 2651 3134 2706 eduxerunt
3156 2664 3284 2706 eum
3305 2663 3372 2704 ex
3399 2661 3615 2709 carcere,
3641 2652 3687 2698 ut

2131 2749 2233 2820 ipsi
2260 2747 2562 2802 iiiudcrent.
2592 2745 2850 2815 Sampson
2883 2755 3060 2798 autem
3091 2742 3296 2797 acerbe
3331 2739 3686 2812 ingemiscens.

2131 2857 2251 2898 eum
2281 2840 2564 2895 Dominum
2589 2846 2829 2908 rogasset
2849 2844 2904 2889 ut
2933 2835 3031 2888 sibi
3058 2833 3206 2889 vires
3231 2832 3441 2888 indcrct
3458 2873 3471 2896 ,
3491 2829 3696 2898 arreptis

2131 2933 2394 2990 columnis
2421 2932 2613 2987 domus
2640 2931 2808 2999 iisque
2834 2931 3136 2991 concussis,
3161 2926 3386 2982 domum
3412 2921 3628 2979 decussit
3645 2920 3690 2974 in

2131 3037 2371 3097 satrapas
2391 3066 2410 3092 ,
2439 3025 2500 3079 in
2519 3024 2749 3093 scipsum
2775 3029 2831 3076 et
2869 3020 2921 3074 in
2949 3019 3112 3074 alium
3156 3019 3415 3089 pupulum
3459 3015 3662 3070 multum
3680 3053 3695 3076 ,

2132 3119 2418 3191 pluresque
2441 3125 2565 3170 tunc
2587 3114 2779 3168 mortui
2804 3120 2929 3167 sunt
2954 3126 3111 3182 quam
3134 3111 3272 3180 ipse
3297 3109 3486 3164 vivens
3510 3102 3700 3161 occide-

2133 3220 2234 3267 rat.
2263 3208 2465 3265 Deinde
2507 3206 2703 3308 bellnm
2745 3212 2959 3307 movent
2997 3203 3085 3274 qui
3115 3202 3377 3308 anteibit
3417 3201 3523 3254 Dan
3548 3203 3704 3308 erant,
3913 3227 3915 3308 ‘

2131 3305 2444 3372 Laisamque
2465 3297 2710 3369 capiunt,
2725 3295 2900 3367 etipsi
2914 3311 3104 3352 nomen
3125 3295 3456 3351 indiderunt
3481 3310 3497 3347 :
3523 3298 3706 3346 statch

2131 3405 2360 3466 runtqne
2387 3393 2456 3448 ibi
2483 3390 2724 3462 sculptile
2752 3387 3053 3444 colendum.
3084 3385 3193 3442 Vir
3225 3387 3438 3450 Levita,
3457 3397 3570 3438 cum
3595 3394 3708 3435 eon-

2132 3488 2324 3542 cubina
2363 3485 2478 3555 ejus
2509 3485 2640 3538 irata
2667 3480 3018 3536 abscessisset
3062 3480 3114 3532 in
3155 3479 3387 3535 domum
3414 3473 3578 3548 patris
3603 3470 3714 3533 sui,

2131 3578 2400 3652 profectus
2430 3582 2591 3631 estut
2617 3574 2762 3628 illam
2792 3585 2971 3626 secum
2997 3569 3334 3633 reduceret;
3368 3581 3490 3622 cum
3515 3569 3710 3629 accepta

2133 3671 2226 3727 illa.
2248 3668 2479 3734 rediret,
2505 3665 2707 3735 iterque
2729 3670 2938 3734 ageret,
2970 3661 3198 3716 divertit
3228 3662 3282 3714 in
3329 3659 3511 3714 Gabaa
3537 3652 3710 3720 Benja-

2133 3759 2422 3831 min,apud
2445 3773 2627 3814 senem
2655 3754 2961 3827 quemdam.
2981 3753 3080 3820 Qui
3102 3757 3164 3806 in
3195 3752 3389 3808 Gabaa
3437 3755 3588 3803 erant
3627 3745 3718 3798 cir-

2132 3852 2444 3910 eumdantes
2477 3849 2694 3904 domum
2715 3889 2728 3911 ,
2760 3845 3010 3917 petebant
3035 3843 3353 3914 ltOSpitcm,
3385 3849 3443 3894 ut
3468 3845 3721 3894 contume-

2133 3947 2256 4001 liam
2287 3945 2383 4015 ipsi
2415 3941 2692 3998 iuferrcnt.
2736 3939 2908 3994 Senex
2941 3945 3167 4008 paratus
3209 3945 3343 3991 erat
3369 3934 3502 4004 ipsis
3531 3927 3724 3985 tradere

2133 4040 2293 4095 filiam
2327 4052 2477 4092 suam
2510 4035 2792 4105 virginem.
2825 4031 2905 4086 Illi
2930 4039 3158 4100 accepta
3189 4029 3524 4091 concubina,
3560 4023 3726 4077 illuse-

2133 4140 2257 4187 runt
2282 4129 2328 4184 ei
2349 4143 2442 4198 per
2470 4138 2631 4182 totam
2654 4136 2885 4181 noctem.
2910 4125 3218 4193 Appetcnte
3236 4126 3387 4187 luce,
3409 4121 3499 4175 illa
3527 4117 3726 4173 dimissa

2131 4222 2394 4278 abierunt.
2450 4219 2541 4274 Illa
2569 4207 2786 4273 veroex
2819 4213 3032 4270 inducta
3073 4213 3182 4267 sibi
3219 4213 3510 4276 molestia,
3535 4223 3648 4264 cum
3669 4203 3728 4258 ad

2132 4314 2370 4380 do‘mum,
2395 4327 2500 4382 quo
2519 4311 2808 4365 diverterat
2827 4309 2908 4361 vir
2936 4307 3072 4377 ejus,
3090 4307 3475 4376 pervenisset,
3505 4301 3735 4371 exspira-

2131 4408 2229 4461 vit.
2256 4404 2348 4460 Ille
2381 4415 2628 4472 egressus
2651 4441 2666 4464 ,
2693 4415 2814 4453 cum
2859 4408 3122 4453 mortuam
3151 4397 3498 4462 invenisset,
3522 4391 3738 4448 cadaver

2133 4499 2187 4554 in
2217 4495 2497 4552 duodecim
2528 4503 2706 4565 partes
2729 4492 2927 4559 divisit,
2959 4491 3220 4560 misitque
3255 4490 3564 4546 duodecim
3587 4483 3744 4540 tribuo

2131 4591 2250 4648 bus.
2282 4589 2500 4643 Factum
2530 4585 2745 4654 indigne
2771 4583 3006 4639 tulerunt
3035 4582 3336 4649 Israelita,
3363 4590 3422 4638 et
3442 4577 3635 4635 armati
3661 4585 3742 4644 pe-

2135 4684 2315 4738 tebant
2339 4695 2438 4736 eos
2459 4679 2556 4750 qui
2579 4678 2788 4733 mulieri
2823 4676 3213 4732 contumeliam
3251 4675 3534 4732 fecerant.
3565 4670 3635 4728 Ut
3658 4682 3747 4722 au-

2136 4787 2242 4832 tem
2302 4772 2614 4842 Bcnjamitae
2675 4771 2795 4825 illos
2842 4769 3054 4824 tradere
3117 4777 3449 4824 renuerunt
3479 4808 3495 4832 ,
3559 4761 3746 4818 bellum

2135 4873 2438 4922 moverunt.
2466 4864 2532 4919 Et
2558 4862 2730 4933 primo
2758 4861 2880 4915 victi
2907 4868 3062 4925 sunt,
3087 4859 3357 4913 secundo
3385 4856 3644 4913 similiter
3667 4868 3682 4905 :
3705 4849 3754 4903 in

2136 4960 2292 5016 tertio
2319 4966 2496 5013 autem
2522 4968 2809 5025 congressu
2837 4960 3002 5008 totam
3043 4949 3260 5006 tribum
3291 4948 3598 5018 Benjamin
3641 4957 3755 5013 per-

2137 5058 2437 5114 cusserunt,
2486 5055 2680 5119 prmtcr
2731 5053 3016 5099 Sescentos
3037 5083 3062 5108 ,.
3079 5041 3171 5112 qui
3210 5041 3593 5112 aufugerant.
3633 5034 3759 5091 Cum

2137 5156 2314 5201 autem
2341 5140 2632 5214 periculum
2669 5145 2812 5194 esset
2840 5150 2908 5190 ne
2947 5143 3059 5190 tota.
3077 5133 3266 5187 tribus
3311 5134 3537 5204 periret
3568 5130 3757 5200 (neque

2139 5261 2246 5322 ipse
2272 5267 2361 5318 pro
2385 5251 2673 5322 σρχεταίρῳ,
2707 5246 2903 5322 scilicet
2935 5256 3000 5293 ex
3040 5253 3270 5322 autne-r9
3557 5243 3766 5322 illorum,

2139 5309 2222 5384 qui
2243 5309 2928 5384 sponsalibusioterfilerapt,
2942 5309 3296 5384 ίηξμξᾳζωχᾷγ
3319 5309 3708 5384 appellaverit.

2199 5367 2352 5444 (a)'I.n
2375 5385 2516 5429 textu
2545 5382 2704 5424 Grteco
2739 5371 3012 5444 (ioisliaiani
3033 5367 3190 5444 ,ί
3214 5367 3448 5444 legitur,

2137 5424 2540 5500 δαέἱλίνῆῖιῗὲέεᾏῴν
2563 5445 2728 5493 ωλιδες.
2752 5435 2916 5500 Nescio
2933 5432 3046 5495 quid
3062 5431 3155 5477 ιυια
3179 5424 3446 5500 voc‘auun'
3465 5424 3562 5490 sit;
3586 5424 3768 5500 videtur

2137 5492 2403 5568 bicipatrize
2423 5492 2596 5550 nomen
2619 5492 2817 5570 apponi:
2835 5492 3016 5570 Verti‘m
3032 5501 3241 5570 Samson
3254 5493 3388 5570 ἐκιῇ
3397 5492 3773 5570 λεδηιηςξες.

2137 5551 2508 5618 filamiamabat,
2531 5551 2724 5622 quze'in
2762 5556 3012 5622 Ais-orchi,
3038 5552 3134 5622 vel,
3159 5561 3226 5622 ut
3254 5553 3492 5617 Vulgata
3533 5551 3704 5622 habet,
3727 5551 3776 5622 iit

2138 5617 2264 5681 valle
2287 5625 2466 5677 sorecb
2489 5617 2761 5684 habitabat;
2787 5617 3016 5681 nullaque
3048 5617 3124 5666 ltic
3163 5617 3503 5667 observatur
3529 5617 3780 5664 nentiam

2141 5691 2362 5742 atliuitas.
