4090 6216
385 231 487 291 τιι

388 350 680 424 εχὼρησαν
727 348 905 416 αὐτοῖς
945 332 1250 415 ἐξελθοῦσιν
1290 350 1609 423 ἀφαρπάσαι
1652 349 1973 422 παρθένους,

392 436 495 489 οὐκ
526 436 746 491 είδότων
778 434 884 489 τῶν
916 434 1143 503 γονέων.

868 548 1136 618 Σύνοψις
1164 547 1276 618 τῆς
1314 548 1501 604 Ῥούθ.

477 666 537 722 Ἥ
585 663 869 737 Νοεμμὴν,
919 665 1280 729 ἀποθανόντος
1327 665 1465 736 αὐτῇ
1507 665 1602 718 τοῦ
1640 664 1851 736 ἀνδρὸς,
1888 665 1981 719 καὶ

392 750 502 803 τῶν
532 748 688 813 υἱῶν,
732 749 828 803 καὶ
866 747 958 802 τοῦ
1007 748 1165 820 λιμοῦ
1211 747 1530 813 παυθέντος,
1564 748 1630 801 δι’
1667 747 1729 801 ὃν
1766 748 1860 801 καὶ
1900 749 1980 811 είς

394 832 493 904 τὴν
523 832 803 888 Μωαϐῖτιν
831 830 1174 903 κατῴκησεν,
1207 823 1423 903 ἔρχεται
1450 834 1529 894 εἰς
1557 829 1655 902 τὴν
1697 830 1978 893 Ἰουδαίαν,

392 918 489 970 καὶ
537 918 571 988 ἡ
621 916 719 989 μὲν
764 916 862 988 μία
904 917 1076 988 αὐτῆς
1118 916 1302 985 νύμφη
1345 915 1571 987 ἐπείσθη
1612 917 1791 986 μεῖναι
1822 916 1881 968 ἐν
1912 918 1978 986 τῇ

396 1000 720 1055 Μωαϐίτιδι·
765 1003 799 1073 ἡ
839 1000 896 1054 δὲ
935 1000 1091 1072 ἄλλη,
1195 1000 1363 1070 ὄνομα
1392 998 1568 1063 Ῥοὺθ,
1598 998 1768 1052 πολλά
1803 1014 1982 1068 παρα-

396 1082 659 1156 καλούσῃ,
690 1083 834 1136 ὥστε
865 1085 1069 1155 μεῖναι,
1107 1084 1207 1137 οὐκ
1244 1081 1406 1148 είξεν,
1434 1081 1571 1136 ἀλλά
1594 1080 1983 1152 συνηκολούθη-

394 1182 478 1221 σε.
512 1168 620 1221 Καὶ
659 1170 915 1238 γαμεῖται
947 1166 1024 1237 τῷ
1058 1166 1229 1231 Βοὼζ,
1260 1166 1637 1237 ἀγχιστεύοντι
1672 1165 1767 1236 τὴν
1806 1165 1983 1235 Νοεμ-

401 1251 529 1321 μὴν,
557 1252 651 1303 καὶ
683 1250 855 1303 τίκτει
888 1250 982 1304 τὸν
1014 1249 1191 1320 Ὀϐὴδ,
1219 1252 1247 1302 6
1276 1250 1333 1303 δέ
1379 1249 1539 1320 ὐϐὴδ
1565 1249 1657 1302 τὸν
1704 1248 1919 1315 Ἰεσσαὶ,
1951 1249 1981 1300 6

396 1332 453 1386 δὲ
495 1335 696 1387 Ἰεσσαὶ
726 1333 889 1387 Δαυῒδ
907 1333 999 1387 τὸν
1028 1331 1273 1403 βασιλέα.

718 1453 986 1522 Σύνοψις
1024 1449 1130 1506 τοῦ
1162 1414 1671 1520 Τετραϐασιλείοι).

484 1572 716 1625 Ἐλκανᾶ
746 1573 1007 1639 γυναῖκας
1029 1571 1166 1642 ἔχων
1190 1569 1305 1633 δύο,
1328 1569 1433 1623 ἀπὸ
1459 1567 1560 1639 τῆς
1591 1567 1715 1639 μιᾶς
1743 1565 1842 1620 οὑκ
1867 1559 1979 1635 εἶχε

402 1657 621 1720 παῖδας.
655 1656 743 1719 '0;
775 1656 832 1709 δέ
860 1655 1058 1724 ἀνῆλθε
1085 1655 1244 1708 θῦσαι
1271 1654 1327 1707 ἐν
1358 1651 1580 1725 Σηλὼμ,
1617 1649 1982 1721 προσεύχεται

397 1741 435 1810 ἡ
466 1740 623 1810 γυνὴ,
669 1739 764 1792 καὶ
794 1738 967 1791 τίκτει
1012 1736 1105 1791 τὸν
1136 1736 1413 1808 Σαμουὴλ,
1451 1736 1546 1789 καὶ
1571 1734 1786 1788 δίδωσιν
1823 1732 1982 1786 αὐτὸν

399 1826 481 1887 εἰς
508 1824 598 1877 τὸν
621 1819 767 1876 οἷκον
795 1820 1001 1893 Κυρίου
1027 1820 1309 1891 διηνεκῶς,
1334 1818 1519 1883 καθὼς
1553 1816 1756 1890 ηὔξατο
1790 1815 1918 1889 πρὶν
1946 1815 1980 1886 ἡ

400 1907 685 1960 συλλαϐεῖν
728 1905 911 1960 αὐτόν.
942 1901 1050 1958 Ἦν
1091 1904 1147 1958 δέ
1185 1903 1364 1976 ἱερεὺς
1401 1903 1523 1956 τότε
1555 1903 1584 1955 6
1617 1898 1786 1953 Ἡλεί.
1832 1900 1894 1952 Οί
1925 1897 1984 1951 δὲ

403 1992 510 2046 υἱοὶ
562 1991 710 2045 Ἠλεὶ
762 1990 917 2056 Ὀφνὶ
963 1990 1058 2044 καὶ
1102 1987 1306 2051 Φινεὲς,
1356 1987 1533 2058 λοιμοὶ
1581 1984 1676 2038 καὶ
1721 1981 1984 2055 μοχθηροὶ

402 2077 530 2141 νέοι,
566 2074 1071 2146 μεταλαμϐάνοντες
1108 2074 1173 2126 ἐκ
1200 2070 1309 2124 τῶν
1338 2068 1561 2132 θυσιῶν,
1593 2067 1725 2140 πρὶν
1754 2065 1786 2137 ἢ
1817 2082 1984 2137 προσ-

400 2160 682 2232 ενεχθῆναι
723 2157 861 2230 Θεῷ.
921 2158 980 2211 'U
1024 2156 1081 2210 δὲ
1123 2155 1271 2209 Ἠλεὶ
1318 2154 1579 2225 εύλόγησε
1618 2152 1719 2222 τὴν
1761 2150 1981 2215 Ἄνναν,

402 2250 497 2303 καὶ
522 2247 679 2319 ἔσχεν
711 2246 791 2301 ἐτι
820 2248 969 2316 τρεῖς
999 2245 1166 2310 υίοὺς,
1193 2241 1393 2296 καὶδύο
1417 2239 1744 2311 θυγατέρας,
1768 2238 1983 2292 κα“ιΣα-

405 2337 574 2409 μονὴ)
624 2334 870 2392 ἐπεδίδου
916 2333 1054 2405 πρὸς
1085 2331 1309 2405 ἀρετήν.
1367 2329 1425 2382 '0
1457 2328 1515 2382 δέ
1572 2328 1719 2382 Ἠλεὶ
1743 2325 1984 2391 ἀκούσας

403 2429 510 2483 τῶν
538 2427 746 2482 παίδων
765 2427 835 2480 τά
863 2424 1192 2496 τολμήματα
1226 2420 1351 2493 (καὶ
1377 2419 1484 2490 γὰρ
1514 2419 1608 2472 καὶ
1641 2416 1983 2489 ἐμοιχῶντο),

405 2517 563 2594 [544]
579 2517 878 2588 ἐπετίμησε
900 2514 1044 2585 λόγῳ
1068 2530 1082 2545 ο
1107 2512 1157 2565 οί
1175 2511 1233 2565 δὲ
1257 2511 1359 2563 οὐκ
1375 2505 1544 2575 εἶξαν.
1577 2505 1984 2578 Προφητεύεται

402 2592 485 2680 τῷ
525 2606 672 2659 Ἧιλεὶ
698 2606 727 2658 6
774 2602 994 2673 ὄλεθρος
1022 2600 1123 2669 τῆς
1153 2598 1330 2660 οἰκίας
1363 2594 1530 2649 αὑτοῦ
1575 2595 1673 2648 καὶ
1710 2592 1820 2648 τῶν
1854 2592 1986 2647 υίῶν

404 2695 494 2748 διὰ
518 2696 618 2764 τὴν
644 2691 927 2763 ’ἁμαρτίαν
946 2688 1055 2741 τῶν
1085 2687 1242 2741 νέων.
1269 2683 1531 2757 Δηλοῦται
1571 2683 1627 2737 δέ
1651 2682 1746 2737 καὶ
1772 2681 1851 2754 τῷ
1878 2682 1985 2735 Σα-

412 2783 584 2856 μουὴλ
606 2783 640 2853 ἡ
662 2778 1037 2850 ἀπαραίτητος
1066 2774 1204 2847 ὀργὴ
1226 2773 1320 2827 τοῦ
1356 2772 1514 2834 Θεοῦ,
1541 2772 1634 2825 καὶ
1654 2769 1987 2840 ἀπαγγέλλει

407 2871 503 2926 καί¹
531 2868 693 2931 αὐτὸς
726 2866 802 2937 τῷ
837 2864 1007 2920 Ἠλεί.
1053 2860 1458 2933 Συμϐἀλλουσιν
1502 2861 1550 2913 οί
1588 2859 1876 2928 ἀλλόφυλοι
1908 2857 1987 2929 τῷ

409 2956 647 3030 Ἰσραὴλ,
673 2956 769 3010 καὶ
795 2952 1086 3025 τρέπουσιν
1103 2948 1265 3004 αὐτόν
1295 2950 1376 3012 εἰς
1393 2947 1573 3019 φυγὴν
1598 2947 1738 3018 μετά
1767 2947 1865 3000 τοῦ
1885 2963 1990 2999 πα-

407 3046 586 3112 τάξαι.
632 3042 798 3109 Ὠςδὲ
833 3042 926 3096 καὶ
953 3041 1051 3113 τὴν
1082 3037 1314 3093 κιϐωτὸν
1356 3035 1628 3109 ἐξήγαγον
1676 3037 1780 3090 υἱοὶ
1818 3037 1985 3102 Ἠλεὶ,

408 3132 554 3193 οὗτοι
578 3136 676 3208 μὲν
711 3133 1001 3189 πίπτουσιν
1029 3132 1089 3183 ἐν
1120 3126 1198 3198 τῷ
1230 3126 1455 3197 πολέμῳ
1497 3125 1634 3197 μετά
1670 3126 1764 3179 καὶ¹
1786 3125 1989 3197 ἐτέρων

409 3206 642 3289 πολλῶν,
696 3222 797 3294 τὴν
845 3219 902 3274 δὲ
950 3214 1180 3272 κιϐωτὸν
1232 3211 1603 3284 λαμϐάνουσιν
1640 3214 1690 3266 οί
1716 3206 1986 3284 πολέμιοι.

408 3312 583 3370 *Ηλθέ
611 3325 694 3376 τις
713 3306 886 3363 ταῦτα
907 3302 1266 3373 ἀπαγγέλλων
1294 3300 1373 3372 τῷ
1407 3300 1555 3354 Ἠλεί
1575 3318 1590 3333 ο
1617 3301 1645 3354 6
1669 3300 1725 3355 δὲ
1746 3318 1991 3355 καταπε-

413 3403 522 3458 σὼν
548 3405 612 3456 ἐκ
638 3399 733 3454 τοῦ
760 3397 950 3467 δίφρου
980 3384 1174 3446 ἀὑτοῦ
1210 3388 1501 3462 συνετρίϐη
1551 3389 1647 3444 καὶ
1682 3389 1954 3444 ἀπέθανεν
1973 3409 1988 3423 ο

411 3476 651 3547 ἀπέθανε
675 3487 733 3541 δὲ
750 3486 845 3540 καὶ
862 3485 896 3555 ἡ
911 3480 1103 3535 τούτου
1126 3479 1335 3551 νύμφη,
1357 3478 1524 3550 ἡνίκα
1548 3477 1722 3531 ταῦτα
1738 3478 1987 3550 ἡκουσεν.

413 3580 756 3650 Είσὴνεγκαν
800 3575 849 3628 οί
880 3568 1166 3640 ἀλλόφυλοι
1190 3569 1289 3638 τὴν
1334 3566 1566 3622 κιϐωτὸν
1610 3567 1692 3630 είς
1721 3566 1813 3620 τὸν
1844 3563 1993 3623 οἷκον

413 3666 634 3737 Δαγὼν
651 3668 680 3719 6
698 3663 756 3717 δέ
773 3661 1042 3717 κατέπεσε
1068 3657 1340 3728 δεύτερον,
1366 3657 1461 3709 καὶ
1489 3654 1799 3729 συνετρίϐη,
1826 3657 1994 3711 Ἐπα-

413 3756 695 3830 τάχθησαν
731 3751 799 3805 δὲ
829 3750 925 3804 καὶ
976 3748 1027 3801 οἱ
1076 3745 1266 3816 ἀνδρες
1312 3745 1393 3809 είς
1439 3745 1538 3809 τὰς
1583 3745 1747 3816 ἔδρας
1788 3744 1990 3800 αὐτῶν.

412 3843 594 3902 Ἷισαν
624 3844 681 3898 δέ
707 3843 755 3897 οί
791 3837 1032 3905 Ἀζώτιοι
1061 3831 1222 3895 οὗτοι.
1245 3835 1338 3889 καὶ
1369 3833 1473 3906 μῦς
1497 3835 1818 3909 ἀνέδωκενὴ
1842 3835 1996 3909 χώρα

416 3937 614 3993 αὐτῶν.
651 3930 1062 4010 ξΑποστέλλουσι
1090 3926 1189 3999 τὴν
1214 3925 1444 3980 κιϐωτὸν
1468 3927 1549 3991 εἰς
1575 3925 1678 3979 Γέθ
1694 3941 1709 3957 ο
1741 3926 1791 3980 οί
1817 3924 1874 3980 δέ
1900 3926 1995 3980 καὶ

416 4026 570 4083 αὐτοὶ
599 4022 931 4094 ἐπλήγησαν.
958 4018 1273 4089 Πέμπουσιν
1295 4014 1462 4086 αὐτὴν
1488 4016 1569 4080 είς
1596 4014 1912 4071 Ἀσκαλῶνα
1944 4020 1993 4081 ⁸,

416 4117 577 4170 κάκεῖ
601 4111 792 4183 γέγονε
827 4108 1076 4170 θάνατος.
1127 4102 1631 4174 Συμϐουλευθέντες
1657 4103 1715 4156 δέ
1754 4105 1860 4158 ὑπὸ
1888 4104 1997 4159 τῶν

421 4205 666 4275 μάντεων
722 4197 901 4254 αὐτῶν
932 4235 947 4262 ,
993 4190 1238 4247 ποιοῦσιν
1265 4190 1427 4262 ἕδρας
1471 4193 1716 4263 χρυσᾶς,
1750 4192 1845 4246 καὶ
1896 4192 2001 4264 μῦς

419 4288 671 4366 χρυσοῦς,
706 4288 804 4343 καὶ
832 4282 1108 4345 ἐπιθέντες
1142 4280 1342 4366 αὐτοὺς
1381 4279 1567 4351 ἀμάξῃ
1606 4280 1742 4351 μετά
1781 4280 1881 4351 τῆς
1914 4298 2003 4334 κι-

418 4361 594 4434 ϐωτοῦ
627 4373 929 4440 ύπέζευξαν
961 4371 1125 4442 βόας,
1145 4361 1219 4422 ὧν
1257 4366 1328 4421 τά
1353 4367 1520 4422 τέκνα
1557 4367 1890 4422 ἀπέκλεισαν
1921 4369 2001 4433 είς

418 4465 681 4520 οἰκίσκον.
726 4462 792 4514 Αί
824 4462 881 4514 δὲ
930 4460 1094 4533 ὀρθὴν
1147 4456 1524 4529 ἐπορεύθησαν
1558 4456 1639 4519 είς
1690 4454 1998 4528 Βεθσαμῦς.

421 4553 676 4624 Δέχονται
698 4548 868 4620 αὐτὴν
896 4550 945 4601 οί
969 4547 1160 4618 ἄνδρες
1180 4548 1400 4610 ἐκεῖνοι,
1425 4544 1521 4596 καὶ
1549 4541 1734 4597 θύουσι
1750 4542 1830 4615 τῷ
1857 4543 1998 4616 Θεῷ,

421 4640 673 4714 ὁρώντων
696 4635 804 4691 τῶν
842 4633 1138 4708 σατραπῶν
1179 4631 1288 4686 τῶν
1321 4629 1655 4700 ἀλλοφύλων.
1698 4629 1786 4694 '0;
1806 4629 1865 4684 δὲ
1900 4630 2001 4684 οὐκ

421 4730 729 4802 ⁴ί·,σμένισαν
751 4727 805 4791 ι),
828 4723 1127 4788 τουτέστιν,
1150 4720 1211 4774 οὐ
1238 4720 1615 4791 συνεχάρησαν
1638 4718 1688 4771 οί
1717 4719 1824 4770 υίοὶ
1849 4716 2004 4789 Ἰεχο-

422 4822 558 4884 νίου,
614 4817 825 4889 γίνεται
851 4813 1034 4885 πληγὴ
1073 4809 1286 4884 μεγάλη
1319 4809 1377 4862 ἐν
1403 4806 1482 4878 τῷ
1529 4805 1681 4878 λαῷ·
1717 4806 1812 4860 καὶ
1838 4806 2004 4879 φοση-

425 4909 608 4971 θέντες
634 4907 683 4959 οἱ
707 4905 814 4959 ἀπὸ
830 4901 1137 4974 Βεθσαμῦς,
1169 4896 1592 4955 ἀποστέλλουσιν
1619 4893 1679 4961 ἐξ
1701 4895 1879 4950 αὐτῶν
1903 4897 2004 4968 τὴν

425 4997 657 5054 κιϐωτὸν
684 4997 763 5061 είς
794 4996 886 5049 τὸν
937 4988 1092 5048 οἷκον
1126 4989 1442 5064 Ἀμιναδάϐ.
1498 4988 1632 5042 Τότε
1659 4988 2004 5061 ἐπέστρεψαν

426 5085 564 5159 πρὸς
592 5086 684 5137 τὸν
704 5084 836 5138 Θεὸν
865 5086 915 5137 οἱ
942 5082 1295 5155 Ἰσραηλῖται,
1322 5080 1417 5133 καὶ
1434 5077 1781 5149 ἐπολέμησαν
1808 5078 2006 5142 αὐτοὺς

424 5175 476 5227 οί
503 5170 808 5241 ἀλλόφυλοι,
841 5171 935 5224 καὶ
953 5170 1287 5241 ἡττήθησαν,
1306 5164 1399 5221 τοῦ
1423 5165 1676 5238 Σαμουὴλ
1708 5164 2004 5237 εὐξαμένου

427 5261 571 5336 ὑπὲρ
604 5257 803 5325 αὐτῶν,
831 5258 927 5312 καὶ
955 5257 1145 5311 ἔλαϐον
1174 5256 1306 5328 παρ’
1330 5253 1510 5308 αὐτῶν
1544 5252 1647 5318 τὰς
1676 5253 1860 5318 πόλεις
1882 5295 1896 5320 ,
1941 5252 2008 5318 ἀς

436 5438 515 5549 in:
544 5467 599 5549 ξι)
624 5466 770 5549 (ἶοῑρ[.
815 5463 1079 5514 Βαϐυλῶνα
1119 5462 1201 5511 hic
1240 5461 1383 5523 lapsu
1406 5452 1642 5521 graphico
1678 5455 1892 5522 positum
1918 5457 2010 5510 fuit

429 5544 519 5594 pro
550 5531 849 5580 Ἀσκαλῶνα.

492 5591 522 5632 δ
550 5593 636 5641 Illa
676 5603 801 5640 voce
836 5592 1046 5639 utuntur
1066 5585 1187 5639 LXX
1221 5586 1545 5647 interpretes,
1572 5597 1717 5646 quam
1739 5583 1896 5647 prope
1920 5596 2000 5632 ex-

431 5654 583 5716 plieat
624 5653 1000 5721 Chryspslomus
1022 5663 1112 5715 per
1136 5644 1482 5713 συνεχάρησαν,
1523 5644 1842 5712 εοήθναιιὶίαιὶ
1881 5651 2009 5708 sunt,

432 5715 512 5765 \el
536 5726 633 5766 una
643 5716 789 5766 arma
807 5719 931 5766 sum.

1058 230 1117 289 S.
1158 230 1442 290 JOANNIS
1480 221 1975 290 CHRYSOSTOMI
2011 222 2336 286 ARCHIEP.
2377 218 2929 286 CONSTANTINOP.

2069 346 2229 420 ἐἶχον
2256 346 2456 401 αὐτῶν.
2495 345 2581 408 '0;
2612 341 2670 395 δὲ
2690 330 2929 410 ἐγήρασε
2960 326 3233 402 Σαμουὴλ,
3263 326 3313 379 οί
3340 320 3533 420 δέΔυὶδι
3563 318 3661 420 αῦῖ

3529 198 3662 253 ⁸⁵7»ἢῖ

2081 407 2175 490 τοῦ
2212 435 2313 488 οὐκ
2335 431 2659 504 ἐπορεύοντο
2694 407 2751 480 ἐν
2780 407 2850 496 τῇ
2873 420 2979 492 ὁδῷ
3004 417 3193 479 αὐτοῦ,
3218 410 3577 482 συναχθέντες
3608 407 3659 460 οί

2082 523 2325 578 Ἰουδαῖοι
2358 497 2569 575 αἰτοῦσι
2606 514 2849 589 βασιλέα.
2877 508 3152 579 Ἤλγησεν
3176 502 3272 557 ἐπὶ
3297 499 3472 589 τούτῳ
3493 497 3661 589 6‘23-

2084 608 2276 681 μουὴλ,
2310 606 2404 662 καί
2431 584 2777 677 φησιν-αύτῷ
2799 601 2826 653 6
2856 597 3012 660 Θεός·
3052 596 3135 647 Οὐ
3157 590 3234 681 σέ
3258 584 3663 681 6601268106fo-

2080 670 2374 761 σιν-,αλλ’
2564 670 2890 746 Τοῦτοήοῦν
2926 680 3391 764 διαμαρτύρομαι
3431 670 3663 738 αὐτοῖς,

2079 786 2148 840 τὸ
2166 760 2451 853 δικαίωμα
2475 781 2583 836 τοῦ
2602 774 2914 845 βασιλέως
2932 790 2946 804 '
2974 769 3274 831 τουτέστιν,
3301 760 3438 853 ὅσης
3455 760 3665 853 ὀφείλει

2082 873 2212 944 παρ’
2259 847 2438 926 αὐτῶν
2483 867 2772 940 τυγχάνειν
2818 858 3122 933 θεραπείας
3179 850 3582 925 διεμαρτύρατο
3633 847 3665 900 6

2082 937 2363 1032 Σαμουήλο
2393 959 2442 1012 οί
2466 956 2521 1011 δέ
2555 937 2836 1010 ἐπέκειντο
2872 947 3169 1009 αἰτοῦντες.
3219 941 3525 995 Ἀπώλοντο
3548 949 3570 976 ε
3605 937 3663 989 αἱ

2081 1026 2192 1102 ὄνοι
2225 1026 2355 1110 Κέὶς
2386 1044 2481 1123 τοῦ
2523 1042 2729 1115 πατρὸς
2772 1035 2943 1092 Σαούλ
2962 1053 2977 1068 ο
3013 1030 3258 1104 ἔπεμψεν
3296 1026 3462 1083 αὑτὸν
3490 1028 3519 1080 6
3550 1039 3665 1121 παῖ

2082 1135 2185 1207 τὴρ
2223 1109 2883 1205 ἐπιζητήσονταπαύτας.
2935 1123 3022 1186 Ὧς
3069 1120 3126 1173 δέ
3162 1119 3261 1189 ούχ
3290 1114 3536 1187 εὕρισκε,
3564 1109 3663 1185 τοῦ

2083 1199 2383 1274 ἀκολούθου.
2424 1199 2575 1288 αὐτῷ
2624 1209 3149 1285 συμϐουλεύσαντος,
3180 1204 3489 1274 εἰσέρχεται
3526 1199 3665 1269 πρὸς

2081 1311 2172 1362 τὸν
2197 1306 2452 1379 Σαμουὴλ
2498 1285 2791 1377 ἐρωτήσων
2813 1299 2960 1371 κπερὶ
2988 1294 3176 1351 αὐτοῦ.
3218 1290 3477 1362 Γνωρίζει
3500 1285 3666 1342 αὑτὸν

2081 1399 2110 1450 6
2142 1376 2386 1466 956;"th
2405 1376 2660 1464 Σαμουὴλ
2690 1391 2887 1459 λέγων,
2922 1388 3004 1441 ὅτι
3045 1381 3249 1437 Τοῦτον
3280 1381 3468 1451 χρῖσον
3505 1376 3663 1447 βασι-

2082 1485 2200 1541 λέα.
2229 1463 2545 1556 Προσῆλθεν
2581 1482 2609 1534 6
2632 1478 2805 1534 Σαοὺλ
2849 1474 3069 1548 ἐρωτῶν
3109 1470 3202 1525 τὸν
3253 1465 3525 1539 Σαμουὴλ,
3557 1463 3663 1519 ποῦ

2083 1571 2168 1642 είη
2198 1574 2225 1626 6
2259 1552 2474 1643 βλέπων
2494 1566 2689 1625 ’.οὕτω
2713 1564 2824 1637 γάρ
2851 1562 3080 1618 ἐκάλουν
3107 1559 3236 1621 τοὺς
3260 1557 3565 1628 προφήτας.
3602 1552 3664 1604 ὐ

2082 1661 2139 1715 δέ
2163 1642 2288 1732 ἐφη,
2321 1657 2481 1712 αὑτὸν
2520 1651 2684 1721 εἶναι,
2739 1653 2834 1707 καὶ
2868 1646 3158 1719 ἀναγαγὼν
3184 1644 3346 1700 αὐτὸν
3394 1643 3474 1707 είς
3505 1642 3670 1710 Βαμᾶ

2087 1728 2282 1821 (θυσία
2310 1745 2422 1818 γάρ
2442 1740 2511 1817 ἦν
2536 1744 2615 1814 τῷ
2654 1740 2828 1813 λαῷ),
2877 1740 2972 1793 καὶ
2998 1735 3275 1799 ἑστιάσας,
3307 1731 3412 1785 ὑπὸ
3465 1730 3565 1800 τὴν
3587 1728 3667 1781 ἐῶ

2085 1832 2360 1890 κατελθὼν
2394 1834 2512 1905 μετ’
2545 1828 2711 1898 αὐτοῦ
2739 1826 2997 1898 κατέχεεν
3026 1821 3191 1879 αὐτοῦ
3226 1821 3319 1875 τὸν
3349 1817 3520 1889 φακὸν
3566 1815 3667 1869 τοῦ

2085 1922 2286 1986 ἐλαίου,
2318 1921 2413 1976 καὶ
2443 1917 2820 1988 καταφιλήσας
2835 1912 2998 1968 αὐτὸν
3025 1906 3179 1965 εἶπεν
3208 1907 3377 1977 αὐτῷ,
3411 1907 3494 1960 ὅτι
3528 1905 3666 1973 ’Ᾱρο

2085 2008 2197 2077 ξεις
2214 2008 2308 2064 τοῦ
2338 2006 2490 2073 λαοῦ,
2519 2006 2614 2062 καὶ⁵
2640 2002 2844 2077 σημεῖά
2864 2018 2987 2056 τινα
3006 2000 3131 2063 δοὺς
3148 1994 3453 2067 ἐξέπεμψεν
3478 1992 3666 2056 αὐτὸν,

2084 2100 2180 2155 καὶ
2209 2098 2614 2173 προεφήτευσεν
2643 2096 2672 2148 6
2693 2091 2886 2146 Σαούλ.
2934 2087 3087 2163 [565]
3123 2086 3334 2173 Ἐρωτᾷ
3368 2083 3460 2139 τὸν
3492 2080 3667 2135 Σαοὺλ

2084 2188 2113 2242 6
2139 2167 2342 2252 οἰκεῖος
2358 2167 2548 2249 αύτοῦ,
2572 2181 2674 2237 ποῦ
2694 2179 2935 2252 ἀπῆλθεν
2959 2191 2976 2210 ⁸
3006 2178 3036 2230 6
3067 2172 3125 2230 δέ
3150 2169 3325 2229 εἶπεν
3362 2171 3455 2234 Et;
3482 2167 3670 2238 ἐπιζή-

2084 2293 2241 2347 τησιν
2258 2265 2373 2328 τῶν
2395 2273 2553 2328 δνων.
2575 2270 2875 2337 Συνάγεται
2901 2267 2931 2320 6
2952 2263 3080 2327 λαὸς
3106 2262 3187 2325 είς
3207 2259 3488 2329 Μασσηφᾶ
3503 2272 3518 2288 ·
3546 2273 3665 2327 χει-

2091 2364 2385 2435 ροτονεῖται
2412 2359 2604 2415 Σαούλ.
2640 2355 3031 2413 Ἐπανίσταται
3057 2352 3086 2404 6
3134 2345 3482 2421 Ἀμμανιτῶν
3515 2344 3669 2415 βασι-

2087 2432 2212 2515 λεὺς
2236 2453 2349 2515 τοῖς
2369 2447 2723 2511 Γαλααδίταις
2742 2461 2756 2475 ο
2784 2440 3177 2516 πρεσϐεύονται
3205 2437 3341 2509 πρὸς
3358 2436 3448 2489 τὸν
3470 2432 3666 2487 Σαούλ·

2088 2539 2258 2594 ἐλθὼν
2299 2538 2675 2610 συνεμάχησεν
2704 2534 2908 2597 αὐτοῖς,
2959 2529 3054 2583 καὶ
3083 2523 3198 2581 εἷλε
3225 2525 3352 2589 τοὺς
3378 2520 3670 2594 πολεμίους

2089 2630 2233 2684 κατὰ
2263 2629 2483 2701 κράτος.
2516 2621 2863 2696 Εύωχοῦνται
2913 2621 2970 2674 ἐν
3000 2614 3320 2685 Γαλγάλοις.
3367 2611 3479 2666 Καὶ
3525 2611 3669 2683 δημι

2088 2719 2282 2791 ηγορεῖ
2304 2699 2444 2789 πρὸς
2467 2714 2557 2768 τὸν
2588 2712 2716 2767 λαὸν
2736 2712 2764 2764 6
2792 2704 3202 2779 Σαμουὴλ.Τότε
3227 2701 3396 2767 λέγει’
3420 2699 3674 2767 Μόσχον

2086 2788 2251 2873 τινός
2277 2806 2519 2875 εἷληφα,
2566 2802 2599 2872 ἢ
2642 2801 2786 2855 ὄνον
2812 2797 2976 2863 τινὸς
3003 2796 3257 2863 εἴληφας
3288 2788 3675 2861 Παραγγείλας

2089 2898 2145 2953 δὲ
2168 2896 2350 2960 αὐτοῖς
2373 2892 2669 2949 ὑπακούειν
2695 2888 2773 2961 τῷ
2818 2885 2959 2958 Θεῷ,
3008 2883 3247 2956 εὔχεται,
3301 2882 3395 2935 καὶ
3429 2879 3585 2942 ὑετὸς
3611 2879 3675 2932 ἐν

2089 2984 2271 3057 ἡμέρᾳ
2296 2979 2558 3055 θερισμοῦ
2585 2978 2817 3048 γίνεται.
2855 2970 3129 3045 Ἐφοϐἡθη
3154 2971 3183 3024 ό
3208 2968 3358 3032 λαὸς,
3393 2968 3488 3021 καὶ
3520 2965 3673 3036 ὡμο-

2089 3054 2324 3143 λόγησσν
2354 3054 2733 3141 ἡμαρτηκέναι
2762 3063 3085 3135 αἰτήσαντες
3116 3056 3360 3130 βασιλέα.
3400 3056 3458 3108 '0
3486 3054 3541 3107 δέ
3566 3055 3673 3107 Σα-

2094 3139 2265 3232 μουὴλ
2294 3139 2462 3214 πάλιν
2476 3139 2751 3224 παραινεῖ,
2777 3149 2918 3204 ὥστε
2944 3145 3262 3202 ἀκολουθεῖν
3281 3146 3394 3206 τοίς
3415 3141 3508 3194 τοῦ
3533 3139 3672 3193 Θεοῦ

2091 3227 2535 3321 προστάγμασιν.
2561 3241 2768 3296 Κόπτει
2809 3238 2935 3301 τοὺς
2972 3231 3304 3303 ἀλλοφύλους
3337 3232 3366 3283 6
3387 3227 3578 3282 Σαούλ.
3608 3228 3675 3280 Οἱ

2091 3317 2151 3394 δέ
2171 3334 2597 3408 παροξυνθέντες
2622 3326 3073 3401 ἐπιστρατεύουσι
3096 3321 3235 3394 μετά
3252 3317 3501 3382 πλείονος
3516 3317 3678 3370 δι.νά-

2094 3405 2268 3499 μεως.
2290 3421 2587 3491 Φεύγουσιν
2616 3419 2671 3473 οἱ
2697 3414 3053 3488 Ἰσραηλῖται,
3081 3406 3553 3480 καταλιμπάνεται
3578 3405 3674 3476 μόο

2093 3492 2182 3579 νος
2207 3516 2235 3568 6
2256 3511 2450 3567 Σαούλ.
2488 3507 2777 3581 Ἀναφέρει
2802 3502 3167 3560 ὁλοκαύτωσιν
3199 3496 3279 3568 τῷ
3306 3494 3447 3567 Θεῷ,
3483 3492 3558 3565 μὴ
3586 3509 3678 3545 πε⁴

2096 3602 2344 3676 ριμείνας
2374 3599 2468 3654 τὸν
2497 3594 2748 3670 Σαμουὴλ
2770 3635 2786 3660 ,
2822 3591 3136 3664 περιμεῖναι
3172 3587 3230 3641 δὲ
3270 3584 3419 3655 αὐτῷ
3460 3597 3681 3653 παρηγ-

2094 3670 2300 3762 γέλκει.
2341 3689 2602 3760 Ἔρχεται
2649 3686 2678 3739 6
2732 3680 3009 3753 Σαμουὴλ,
3061 3674 3405 3762 δυσχεραίνει
3438 3670 3575 3744 πρὸς
3615 3670 3680 3723 τὸ

2096 3758 2339 3852 γεγονὸς,
2374 3758 2590 3832 ἀπειλεῖ
2621 3771 2774 3843 αὐτῷ
2798 3767 3095 3824 κατάλυσιν
3126 3763 3240 3852 τῆς
3270 3759 3545 3832 βασιλείας
3583 3758 3681 3811 αὒ-

2097 3844 2191 3923 τοῦ
2218 3884 2231 3898 ·
2264 3869 2343 3931 είς
2363 3864 2473 3937 γὰρ
2497 3864 2683 3934 ἕτερον
2709 3858 2880 3930 αὐτὴν
2922 3849 3335 3927 μετατίθεσθαι·
3390 3849 3485 3903 τὸν
3518 3844 3683 3901 Δαυῒδ

2099 3956 2224 4028 ἔφη.
2248 3933 2578 4025 Καθημένου
2597 3933 2700 4002 τοῦ
2724 3945 2899 4001 Σαοὺλ
2930 3946 2992 3996 ἐν
3018 3940 3096 4014 τῷ
3129 3938 3321 4012 βουνῷ,
3354 3936 3452 3991 καλ⁵
3485 3933 3682 4000 ἐξακοα

2096 4022 2229 4100 ’σίων
2256 4042 2372 4115 μετ’
2396 4022 2583 4106 αὐτοῦ,
2613 4036 2788 4108 λάθρα
2832 4030 3088 4087 Ἰωνάθαν
3127 4031 3157 4083 6
3199 4028 3315 4091 υἱὸς
3340 4023 3506 4080 αὑτοῦ
3544 4022 3684 4093 μετά

2097 4133 2194 4190 τοῦ
2230 4133 2361 4188 ἰδίου
2391 4128 2579 4192 παιδὸς
2609 4122 2849 4181 ἐπελθὼν
2870 4125 2983 4186 τοῖς
3001 4119 3235 4191 ἐχθροῖς,
3268 4115 3484 4186 ἀναιρεῖ
3504 4125 3682 4175 τινας.

2113 4222 2259 4278 Ἰδὼν
2289 4220 2345 4274 δέ
2369 4218 2596 4290 ἀντικρὺ
2623 4217 2652 4269 6
2683 4200 2876 4277 Σαοὺλ,
2907 4211 3003 4264 καὶ
3029 4204 3457 4278 τεταραγμένοις
3486 4202 3684 4254 ἐπιπε-

2102 4311 2232 4377 σὼν,
2262 4310 2392 4381 νικᾷ
2420 4288 2561 4360 κατά
2614 4303 2837 4375 κράτος,
2892 4299 2989 4352 καὶ
3043 4296 3249 4367 ὥρκισε
3286 4291 3493 4365 μηδένα
3537 4288 3688 4352 τινὸς

2100 4375 2399 4470 γεύσασθαι
2427 4395 2532 4458 ἐως
2566 4392 2827 4462 ἑσπέρας.
2863 4388 2922 4441 ὐ
2956 4384 3213 4440 Ἰωνάθαν
3245 4381 3346 4435 οὐκ
3370 4375 3688 4439 ἐπακούσας

2102 4463 2367 4558 ἐγεύσατο
2394 4481 2628 4554 μέλιτος.
2653 4476 3023 4550 Προσέρχεται
3048 4474 3075 4526 6
3104 4469 3278 4524 Σαοὺλ
3302 4466 3574 4538 ἐρωτῆσαι
3596 4463 3689 4516 τὸν

2102 4555 2256 4640 Θεὸν,
2283 4576 2331 4628 εί
2357 4573 2466 4627 δέοι
2503 4567 2787 4632 ἐπιδιῶξαι
2806 4564 2980 4619 ὀπίσω
3005 4562 3115 4616 τῶν
3145 4557 3378 4632 ἐχθρῶν.
3408 4557 3524 4608 Οὐκ
3546 4555 3690 4608 ἀπο-

2102 4666 2346 4738 κρίνεται
2379 4659 2528 4731 αὐτῷ
2569 4660 2599 4713 ὁ
2629 4655 2785 4720 Θεός.
2831 4652 3074 4723 Συνῆκεν
3124 4649 3429 4738 ἁμάρτημα
3467 4641 3692 4738 γεγενῆ-

2105 4730 2228 4809 σθαι
2249 4755 2306 4806 ἐν
2335 4749 2411 4821 τῷ
2441 4730 2574 4817 λαῷ.
2623 4745 2710 4807 '0;
2746 4744 2802 4797 δὲ
2831 4739 3114 4811 ἀνεδείχθη
3158 4733 3439 4796 ἰωνάθαν,
3471 4730 3692 4800 ἕτοιμος

2104 4839 2172 4915 ἦν
2195 4839 2354 4894 αὑτὸν
2384 4817 2622 4891 ἀνελεῖν.
2661 4832 2721 4884 ὐ
2752 4831 2809 4884 δὲ
2826 4829 2966 4892 λαὸς
2991 4825 3227 4894 ἐξείλετο
3260 4821 3424 4876 αὑτὸν
3443 4817 3555 4873 τῶν
3576 4834 3694 4887 χει-

2110 4904 2218 5004 ρῶν
2247 4925 2435 4982 αὑτοῦ.
2464 4919 2842 4994 Παραγγέλλει
2862 4920 2891 4972 6
2920 4913 3183 4987 Σαμουὴλ
3210 4910 3289 4981 τῷ
3317 4907 3512 4972 Σαοὺλ,
3546 4904 3693 4958 ὥστε

2107 4993 2566 5087 καταπολεμῆσαι
2624 5011 2715 5064 τὸν
2786 5003 3036 5077 Ἀμαλὴκ
3058 5042 3074 5068 ,
3136 5001 3232 5056 καὶ
3292 4993 3696 5068 ἀναθεματίσαι

2108 5110 2308 5172 πάντα,
2343 5084 2695 5178 καὶήμηδενὸς
2724 5094 3037 5167 φείσασθαι.
3072 5095 3130 5148 '0
3157 5092 3212 5145 δέ
3238 5089 3578 5162 παρήκουσε,
3597 5084 3697 5137 καὶ

2110 5196 2535 5270 περιεποιήσατο
2570 5189 2660 5244 τὸν
2710 5184 2881 5252 Ἀγάγ
2932 5183 3025 5236 τὸν
3077 5178 3299 5251 βασιλέα
3346 5175 3562 5238 αὐτῶν,
3600 5170 3696 5225 καὶ

2111 5261 2359 5358 ποίμνια,
2385 5261 2481 5337 καὶ
2509 5277 2781 5354 βουκόλια.
2829 5270 3031 5327 Ἐλθὼν
3057 5267 3196 5324 εἶδεν
3223 5269 3251 5322 6
3282 5262 3557 5337 Σαμουὴλ,
3584 5261 3696 5331 ὼρ-

2110 5350 2297 5446 γίσθη,
2322 5350 2418 5427 καί
2447 5350 2648 5441 φησιν⁵
2687 5366 2770 5420 Οὐ
2803 5362 2960 5417 θέλει
2996 5358 3213 5446 Κύριος
3252 5350 3697 5446 ὁλοκαυτώσεις

2112 5435 2213 5534 ἇιρι
2248 5435 2487 5528 ὸὺσίαξ,
2512 5435 2613 5525 ’ὡς
2645 5455 2711 5510 τὸ
2750 5450 3012 5509 ἀκοῦσαι
3052 5445 3163 5516 τῆς
3201 5442 3411 5515 φωνῆς
3473 5435 3694 5495 αὑτοῦ·

2178 5645 2201 5674 ⁸
2233 5640 2525 5697 Ἀπὼλοντο,
2546 5638 2616 5688 sic
2638 5638 2688 5687 in
2725 5637 2868 5685 textu
2903 5629 3002 5679 τῶν
3037 5629 3111 5690 0⁸,
3149 5624 3198 5676 id
3242 5627 3343 5685 εει,
3388 5617 3697 5680 narrabam,

2114 5702 2380 5770 deperdita:
2403 5705 2556 5753 eram.
