3962 6190
228 312 233 317 ’
316 328 413 384 Sil

312 439 453 495 enim
484 438 557 495 illi
584 440 832 497 mulieres
862 441 1150 513 habebant,
1182 446 1381 518 ﬁliique
1403 448 1890 521 lsraeljuraverant

312 546 369 585 se
397 530 533 585 tilias
569 546 694 586 suas
720 548 825 587 non
854 534 983 604 ipsis
1012 535 1064 589 in
1087 552 1282 593 uxores
1307 538 1525 596 daturos
1562 542 1729 613 esse),
1753 545 1887 600 occi-

312 622 382 677 sis
409 621 513 678 illis
538 623 627 693 qui
648 639 771 679 eum
795 626 927 696 ipsis
974 629 1173 685 bellum
1216 645 1323 686 non
1377 643 1658 704 gesserant
1701 646 1887 692 contra

312 712 656 782 Benjamitas,
679 715 890 771 illorum
909 718 1049 773 ﬁlias
1070 720 1303 791 virgines
1324 724 1738 796 quadringentas
1759 726 1890 797 ipsis

312 803 615 859 dederunt:
641 823 761 861 cum
790 816 968 864 autem
998 811 1199 867 residui
1249 825 1428 870 essent
1464 816 1555 886 qui
1586 833 1693 873 non
1727 817 1889 874 habe-

310 906 428 950 rent
476 911 670 951 uxores
694 937 708 955 .
739 897 865 952 dum
892 899 1083 955 festum
1117 901 1501 972 celebraretur,
1531 909 1888 975 permiserunt

308 989 384 1044 eis
414 999 471 1045 ut
499 991 732 1061 virgines
752 1002 1019 1062 raperent,
1048 993 1229 1051 insciis
1255 998 1581 1065 parentibus.

800 1116 1034 1159 SYNOPSIS
1062 1120 1197 1161 ιιιιιι
1226 1122 1388 1162 ιιυτιι.

338 1184 352 1196 ’
372 1211 653 1267 Noemmin
675 1254 691 1280 ,
719 1213 836 1268 viro
862 1228 963 1269 suo
986 1214 1214 1286 ﬁliisque
1242 1218 1466 1275 mortuis
1486 1261 1501 1286 ,
1532 1230 1773 1276 cessante
1803 1221 1883 1278 fa-

304 1316 387 1354 me
407 1342 422 1366 ,
456 1301 527 1356 ob
554 1317 711 1372 quam
740 1302 795 1357 in
826 1303 1163 1361 Moabitidem
1202 1309 1673 1381 transmigraverat
1693 1353 1708 1379 ,
1738 1314 1885 1368 venit

304 1393 353 1445 in
373 1392 637 1460 ledaeam,
661 1394 879 1466 ejusque
899 1396 1064 1452 altera
1095 1414 1280 1467 nurus,
1303 1400 1415 1471 ipsa
1435 1401 1712 1469 suadente,
1736 1420 1885 1460 man-

299 1483 367 1536 sit
392 1484 446 1537 in
478 1482 797 1551 Moabitide;
825 1486 990 1542 altera
1019 1503 1182 1558 vero,
1210 1491 1296 1544 cui
1335 1506 1529 1547 nomen
1567 1493 1749 1561 Ruth,
1782 1495 1881 1565 ipsi

298 1575 481 1629 multis
522 1574 751 1630 hortanti
792 1585 849 1631 ut
888 1588 1160 1646 maneret,
1198 1595 1303 1636 non
1341 1582 1757 1655 obtemperavit,
1785 1587 1880 1642 sed

297 1676 526 1735 sequuta
564 1675 649 1721 est
688 1667 855 1723 illam.
897 1668 1187 1741 Nupsitque
1214 1672 1422 1740 Boozo,
1452 1677 1540 1746 qui
1569 1675 1743 1732 aflinis
1768 1687 1882 1733 erat

294 1756 597 1824 Noentmin,
624 1768 679 1815 et
703 1761 909 1832 peperit
932 1760 1101 1831 Obed,
1125 1762 1274 1821 Obed
1301 1773 1479 1822 autem
1504 1765 1689 1836 lassae,
1714 1769 1879 1827 Jessre

300 1849 467 1903 David
495 1864 699 1921 regem.

523 1978 763 2021 SYNOPSIS
790 1982 1036 2032 QUA'I‘UOB
1062 1984 1322 2027 LIBRORUI
1352 1987 1648 2029 REGNORUI.

367 2073 564 2128 Eleana
604 2091 795 2132 uxores
837 2076 1037 2134 habens
1066 2079 1198 2136 duas
1218 2123 1232 2147 ,
1262 2096 1327 2137 ex
1356 2082 1522 2138 altera
1552 2098 1656 2139 non
1690 2098 1875 2140 susce-

298 2173 448 2231 perat
481 2164 696 2221 liberos.
730 2165 798 2222 Ut
831 2177 1007 2224 autem
1049 2171 1287 2227 ascendit
1323 2173 1671 2229 sacrilieatum
1703 2176 1753 2230 in
1779 2175 1876 2232 Se-

296 2255 422 2319 lom,
454 2267 705 2324 precatur
730 2258 818 2314 illa
846 2260 1057 2326 mulier,
1084 2272 1137 2317 et
1166 2263 1302 2333 parit
1327 2264 1648 2334 Samuelem,
1677 2267 1876 2337 ipsum-

289 2361 394 2415 que
439 2346 590 2403 dedit
624 2349 693 2403 ad
738 2349 953 2406 domum
998 2352 1206 2408 Domini
1253 2365 1545 2427 perpetuo,
1576 2367 1632 2413 ut
1660 2366 1876 2415 voverat

287 2445 578 2506 antequam
606 2438 750 2494 illum
772 2442 1094 2512 conciperet.
1119 2442 1266 2499 Tunc
1287 2454 1461 2500 autem
1484 2448 1733 2503 sacerdos
1760 2459 1875 2506 erat

288 2528 388 2583 Eli.
424 2527 540 2583 Filii
580 2539 755 2586 autem
795 2532 910 2597 Eli,
951 2531 1125 2604 Ophni
1164 2544 1219 2591 et
1254 2536 1515 2605 Phinees,
1548 2540 1790 2596 scelerati
1820 2550 1872 2598 et

286 2618 519 2688 improbi
559 2620 785 2690 juvenes
809 2634 991 2692 erant,
1020 2627 1110 2697 qui
1138 2626 1205 2683 de
1232 2629 1455 2684 victimis
1488 2640 1666 2701 partes
1690 2646 1869 2689 sume-

283 2712 415 2766 bant
454 2722 739 2784 antequam
779 2715 1095 2773 olferrentur
1121 2719 1246 2774 Deo.
1280 2721 1359 2776 Eli
1387 2730 1575 2800 autem.
1601 2723 1872 2781 benedixit

283 2802 496 2857 Annam
518 2845 533 2869 ,
565 2820 683 2874 quae
712 2814 821 2861 tres
845 2807 1017 2863 adhuc
1050 2808 1183 2865 ﬁlios
1213 2809 1430 2876 habuit,
1458 2820 1512 2868 et
1536 2811 1668 2868 duas
1696 2813 1865 2881 ﬁlias,

278 2893 609 2965 Samuelque
650 2897 702 2950 in
740 2897 933 2954 virtute
979 2900 1309 2970 proﬁciebat.
1353 2901 1435 2957 Eli
1479 2918 1637 2974 porro
1675 2905 1868 2960 auditis

280 2983 519 3039 ﬁliorum
546 2985 866 3042 facinoribus
887 2986 906 3059 (
927 2988 1327 3046 mmchabantur
1348 2992 1489 3048 enim
1507 2993 1550 3063 ),
1580 2995 1869 3065 increpavit

276 3090 377 3130 eos
401 3074 607 3144 verbo;
638 3077 713 3131 illi
744 3093 871 3134 vero
914 3095 1018 3135 non
1059 3082 1514 3152 oblemperarunt.
1557 3085 1867 3143 Prmdieitur

279 3165 363 3219 Eli
393 3166 662 3235 pernicies
683 3167 872 3224 domus
898 3185 1006 3225 sua:
1031 3180 1085 3226 et
1114 3171 1342 3228 ﬁliorum
1374 3174 1443 3230 ob
1479 3186 1751 3246 peccatum
1773 3180 1862 3248 ju—

273 3273 502 3312 venum.
531 3258 765 3315 Samueli
800 3276 1009 3331 quoque
1046 3262 1388 3320 denuntiatur
1424 3266 1754 3336 inexpiabilis
1787 3268 1864 3324 ira

272 3348 418 3413 Dei;
456 3348 508 3403 id
552 3351 652 3419 ipsi
695 3351 908 3407 Samuel
947 3354 1240 3409 denuntiat.
1287 3357 1526 3428 Pugnant
1554 3360 1863 3431 alienigenae.

264 3453 396 3494 cum
425 3438 644 3507 Israele,
666 3457 820 3512 quem
847 3457 1041 3498 caesum
1066 3445 1115 3499 in
1140 3447 1315 3518 fugam
1338 3458 1567 3504 vertunt.
1596 3449 1660 3506 Ut
1685 3461 1861 3507 autem

263 3545 456 3585 aream
482 3531 784 3588 eduxerunt
820 3534 912 3589 ﬁlii
953 3535 1068 3603 Eli,
1096 3536 1194 3606 ipsi
1224 3538 1420 3594 eadunt
1460 3540 1514 3595 in
1558 3539 1699 3596 bello
1740 3558 1860 3598 cum

264 3622 394 3675 aliis
422 3622 606 3677 multis
626 3664 642 3688 ,
670 3638 846 3679 aream
884 3641 1012 3681 vero
1055 3629 1269 3697 capiunt
1308 3629 1508 3687 hostes.
1536 3633 1689 3689 Venit
1718 3635 1861 3704 quis-

267 3714 416 3781 piam
446 3715 537 3785 qui
577 3714 692 3771 haec
728 3720 1054 3773 renuntiaret
1093 3719 1208 3785 Eli;
1238 3721 1328 3776 ille
1355 3737 1485 3778 vero
1513 3739 1579 3779 ex
1611 3724 1738 3781 sella
1765 3726 1861 3782 de-

267 3806 461 3874 lapsus
486 3810 701 3861 attritus
734 3815 816 3862 est
853 3816 909 3863 et
932 3808 1063 3864 obiit
1090 3828 1104 3864 :
1135 3820 1338 3866 mortua
1381 3828 1589 3884 quoque
1625 3824 1707 3871 est
1745 3816 1858 3885 ejus

270 3911 445 3950 nurus
470 3912 593 3952 cum
625 3897 741 3952 hare
766 3899 984 3955 audivit.
1019 3901 1310 3958 lntulcrunt
1337 3903 1648 3976 alienigenae
1675 3922 1854 3963 arcam

273 3985 331 4037 in
358 3985 574 4041 domum
603 3987 848 4058 Dagonis,
875 3990 967 4060 qui
992 3990 1241 4061 delapsus
1266 4001 1348 4046 est
1372 3994 1452 4048 bis
1479 4005 1532 4049 et
1556 3996 1857 4054 confractus

277 4075 395 4128 fuit.
429 4076 670 4132 Percussi
711 4090 833 4133 sunt
860 4081 1017 4135 etiam
1050 4081 1146 4135 viri
1186 4082 1239 4136 in
1281 4083 1573 4153 podicibus.
1606 4087 1664 4141 lli
1698 4104 1855 4156 porro

282 4178 433 4222 erant
457 4170 624 4224 Azotii
645 4211 659 4234 ,
692 4180 745 4226 et
773 4187 950 4227 mures
978 4174 1195 4244 protulit
1228 4174 1436 4229 illorum
1471 4191 1613 4247 ager.
1645 4178 1855 4236 Mittunt

282 4273 453 4313 arcam
484 4261 535 4315 in
562 4260 699 4317 Geth
724 4279 739 4327 ;
770 4263 820 4317 hi
846 4279 1054 4335 quoque
1085 4266 1248 4336 plagis
1276 4266 1447 4321 allecti
1473 4277 1612 4324 sunt.
1643 4270 1855 4329 Mittunt

285 4364 488 4425 qutiqiie
517 4351 657 4406 illam
689 4353 1043 4411 Ascalonem:
1071 4365 1125 4411 et
1151 4356 1258 4413 illic
1283 4372 1492 4429 quoque
1524 4376 1669 4417 mors
1699 4378 1853 4432 gras-

283 4448 447 4495 satur.
474 4442 879 4501 Consulentibus
913 4457 1089 4502 autem
1130 4450 1340 4505 illorum
1371 4452 1605 4517 vatibus,
1637 4455 1852 4523 podices

281 4544 493 4598 aureos,
524 4550 807 4606 maresque
838 4553 1027 4592 aureos
1055 4539 1304 4608 conﬂant,
1336 4551 1389 4596 et
1415 4543 1651 4612 plaustro
1677 4546 1849 4616 impo-

279 4624 406 4678 sitos
430 4641 546 4681 cum
574 4643 719 4695 arca,
748 4644 934 4685 vaccas
969 4631 1174 4701 jugant,
1201 4648 1423 4703 quarum
1451 4634 1641 4691 vitulos
1668 4637 1718 4692 in
1749 4637 1850 4693 do-

280 4719 515 4773 muncula
543 4721 884 4777 concludunt.
911 4723 1017 4777 Illae
1044 4739 1171 4779 vero
1197 4734 1335 4780 recta
1365 4726 1445 4780 via
1478 4739 1850 4797 processerunt

280 4808 331 4863 in
362 4811 683 4885 Bethsamys.
714 4815 995 4886 Excipiunt
1025 4817 1167 4871 illam
1197 4818 1293 4872 viri
1321 4818 1461 4874 illius
1491 4820 1623 4884 loci,
1654 4831 1707 4876 et
1741 4822 1849 4877 Deo

276 4903 599 4971 sacriﬁcant,
641 4904 939 4960 videntibus
978 4907 1389 4977 alienigenarum
1433 4911 1675 4979 satrapis.
1713 4908 1846 4967 Cum

277 5005 400 5046 vero
425 5011 525 5050 non
557 4995 760 5065 placide
788 4998 1112 5066 exciperent,
1136 4999 1186 5052 id
1210 5007 1309 5065 cst,
1334 5014 1439 5054 non
1472 5016 1573 5053 una
1605 5002 1847 5056 laetaren-

277 5091 360 5138 tur
382 5087 467 5141 ﬁlii
491 5087 784 5154 Jechouirc,
818 5090 966 5159 plaga
997 5105 1185 5159 magna
1218 5091 1467 5160 populum
1499 5091 1697 5146 invadit
1724 5093 1798 5163 (α)
1827 5112 1842 5148 :

273 5190 335 5229 ac
359 5189 651 5235 metuentes
678 5179 752 5246 ii,
783 5180 873 5250 qui
914 5180 1232 5251 Bethsamyn
1269 5180 1599 5246 incolebant,
1628 5184 1843 5238 mittunt

274 5285 440 5325 arcam
470 5273 522 5326 in
551 5271 770 5327 domum
798 5272 1114 5327 Aminatlab.
1146 5272 1295 5326 Tunc
1334 5272 1579 5326 conversi
1622 5282 1741 5328 sunt
1774 5275 1840 5330 ad

276 5357 431 5415 Deum
458 5362 708 5419 lsraclitm
726 5405 740 5428 ,
768 5371 822 5417 et
853 5361 1178 5433 alienigenas
1205 5362 1303 5418 sibi
1333 5362 1526 5417 bellum
1553 5362 1841 5420 inferentes

275 5454 560 5523 proﬂigant,
589 5454 839 5510 Samuele
867 5470 962 5524 pro
999 5454 1126 5524 ipsis
1150 5463 1358 5521 orante,
1387 5463 1442 5508 et
1464 5464 1716 5523 ceperunt
1745 5472 1836 5511 ur-

332 5563 401 5623 (a)
423 5572 532 5622 Quae
549 5563 777 5612 dicuntur
798 5562 862 5612 de
878 5562 987 5613 ﬁliis
1007 5563 1269 5622 Jechonize,
1287 5575 1384 5611 non
1406 5570 1516 5612 sunt
1533 5563 1580 5612 in
1604 5564 1839 5613 llehraieo

275 5628 435 5695 textu;
457 5626 544 5695 sed
579 5625 689 5695 inec
726 5623 879 5695 plaga
904 5624 1222 5695 tgethsatuitas
1253 5633 1459 5695 spectat,
1496 5627 1577 5695 qui
1612 5626 1837 5674 sacriﬁcia

275 5682 468 5757 (pridem.
491 5682 783 5757 etvictimas
804 5682 1114 5757 obtulerunt;
1136 5686 1222 5737 sed
1249 5682 1462 5749 percussu
1500 5682 1660 5737 tamen
1701 5695 1832 5745 sunt,

276 5759 326 5797 ca
345 5748 468 5809 quod
490 5744 713 5797 ridisaent
737 5760 900 5797 urcmn
927 5746 1129 5801 Domini.

1394 336 1725 395 SYNUPSIS
1760 337 2170 403 SCRIPTURAZ
2208 348 2481 406 SACRE.

3469 363 3591 421 3:33.

1992 457 2119 524 bes,
2154 476 2286 530 quas
2334 463 2434 518 sibi
2477 464 2822 522 abstulerant.
2862 467 2995 524 Cum
3042 485 3167 526 vero
3207 476 3574 533 consenuisset

1991 546 2236 616 Samuel,
2272 551 2467 623 ﬁliique
2505 554 2622 625 ejus
2661 572 2766 611 non
2810 559 3142 617 ambularent
3170 563 3222 617 in
3253 564 3331 619 via
3365 567 3565 637 ipsins',

1990 645 2293 713 congregati
2316 644 2484 701 Judazi
2513 663 2690 718 regem
2717 659 2921 718 petunt.
2944 651 3135 709 Dolore
3156 652 3255 711 hac
3273 656 3341 712 de
3360 673 3419 714 re
3439 658 3569 716 atie-

1990 739 2106 786 ctus
2128 743 2212 788 est
2234 734 2467 803 Samuel,
2495 739 2675 810 aitque
2704 741 2782 797 illi
2819 742 2962 799 Deus
2994 762 3009 799 :
3040 744 3159 800 Non
3189 755 3236 802 te
3261 758 3573 822 cautmtpse-

1990 833 2107 877 runt
2125 865 2140 890 ,
2169 826 2255 879 sed
2279 844 2373 882 nte.
2405 828 2519 882 Hoc
2553 831 2716 900 itaque
2743 834 2981 902 testiﬁcor
3016 836 3175 906 ipsis,
3202 839 3294 908 jus
3331 834 3462 911 regis
3488 841 3572 913 (Ι.

1990 912 2117 983 Reg.
2149 916 2201 971 8.
2230 917 2283 970 7.
2310 917 2370 986 9)
2400 936 2412 972 :
2445 919 2494 975 id
2520 929 2633 987 est,
2662 932 2918 992 quantum
2956 926 3023 982 ab
3055 926 3183 997 ipsis
3211 912 3585 990 ministerium.

1988 1004 2232 1074 accipere
2256 1023 2348 1062 rex
2373 1009 2579 1065 debeat.
2610 1010 2823 1069 Samuel
2850 1015 3159 1072 testiﬁcatus
3185 1028 3267 1073 est
3295 1038 3308 1074 :
3340 1021 3415 1076 illi
3440 1037 3568 1078 vero

1991 1106 2230 1163 petentes
2257 1097 2555 1157 instabant.
2578 1101 2876 1171 Deperdita:
2902 1116 3054 1162 erant
3089 1107 3253 1164 asina;
3286 1109 3378 1168 Kis
3403 1114 3567 1180 patris

1987 1185 2113 1242 Saﬁl
2145 1206 2158 1242 :
2188 1189 2331 1245 misit
2370 1191 2514 1246 illum
2556 1203 2736 1263 pater,
2773 1197 2862 1266 qui
2900 1198 3014 1255 illas
3054 1201 3412 1270 perquireret.
3428 1201 3563 1258 Cum

1987 1287 2163 1334 autem
2192 1295 2296 1337 non
2326 1282 2621 1350 inveniret,
2648 1287 2959 1343 consulente
2986 1290 3180 1348 famulo
3205 1307 3303 1347 suo
3330 1292 3440 1347 adit
3460 1293 3563 1350 Sa-

1987 1370 2243 1438 muelem,
2272 1373 2635 1430 sciscitaturus
2661 1375 2730 1433 de
2759 1392 2819 1433 re
2851 1379 2957 1434 illa.
2990 1378 3165 1450 Ipsum
3200 1383 3397 1439 indicat
3422 1386 3585 1441 Deus.

1983 1457 2215 1518 Samueli
2249 1461 2432 1518 dicens
2461 1481 2474 1517 :
2507 1463 2656 1521 Hunc
2692 1468 2887 1540 iuunge
2927 1485 3127 1542 regem.
3166 1474 3403 1530 Accessit
3430 1476 3586 1541 Saiil.

1984 1548 2283 1606 Samuelem
2326 1552 2695 1626 interrogans,
2735 1558 2824 1613 ubi
2863 1569 3004 1616 esset
3044 1562 3266 1629 videns;
3303 1566 3380 1620 sic
3416 1569 3581 1626 enim.

1984 1642 2270 1712 prophetas
2316 1645 2592 1700 vocabant.
2634 1646 2727 1703 ille
2768 1664 2896 1705 vero
2940 1653 3248 1723 reSpondit,
3288 1670 3347 1711 se
3388 1656 3575 1727 ipsum.

1982 1746 2120 1797 esse,
2145 1743 2199 1788 et
2217 1732 2497 1790 adductum
2521 1736 2667 1792 illum
2689 1738 2740 1792 in
2767 1738 2945 1807 Bama,
2972 1743 3395 1801 ubisacriﬁcinm
3418 1748 3575 1818 apud;

1981 1823 2232 1893 populum
2267 1834 2413 1892 erat,
2442 1828 2684 1883 convivio
2721 1831 2957 1900 excepit,
2992 1839 3048 1888 et
3083 1833 3421 1894 illucescente
3457 1853 3559 1897 att-

1981 1928 2100 1968 rora
2125 1955 2139 1979 ,
2172 1916 2385 1985 quando
2409 1932 2529 1973 cum
2568 1918 2658 1973 illo
2694 1919 3088 1991 descendebat,
3114 1923 3301 1980 effudit
3330 1927 3380 1980 in
3409 1927 3557 1984 illum

1979 2003 2281 2061 lenticulam
2319 2008 2459 2075 olei,
2501 2009 2779 2082 ipsumque
2819 2012 3060 2069 osculans
3097 2013 3174 2070 sic
3208 2014 3397 2071 effatus
3426 2028 3508 2073 est
3541 2038 3554 2073 :

1980 2092 2270 2165 Imperabis
2298 2097 2492 2168 popqu
2512 2140 2526 2165 ,
2553 2108 2607 2155 et
2643 2101 2810 2170 signis
2845 2102 3156 2172 quibusdam
3187 2104 3352 2172 datis,
3381 2109 3556 2165 emisit

1977 2186 2162 2253 illum,
2194 2196 2247 2243 et
2286 2189 2617 2260 prophetavit
2655 2191 2800 2247 Saiil.
2851 2192 3145 2266 interrogat
3187 2194 3398 2252 Saﬁlem
3438 2198 3555 2267 ejus

1978 2278 2377 2349 propinquus‘,
2425 2297 2652 2353 quonam
2697 2284 2950 2352 abiisset;
2990 2287 3079 2357 qui
3120 2289 3429 2360 respondit,
3470 2291 3551 2347 Ad

1976 2368 2415 2438 perquisitionem
2464 2374 2755 2429 asinarnm.
2810 2376 3175 2449 Congregatur
3225 2382 3448 2452 populus
3500 2384 3551 2439 iu

1976 2458 2249 2532 Massepha
2284 2479 2420 2519 :rex
2450 2467 2789 2523 constituitur
2825 2469 2972 2527 Saiil.
3014 2472 3217 2527 Bellum
3252 2485 3431 2531 movet
3461 2492 3559 2537 rex

1975 2554 2392 2611 Ammanitarum
2419 2567 2602 2613 contra
2630 2559 2930 2618 Galaaditas
2959 2580 2973 2616 :
3004 2563 3076 2619 illi
3106 2564 3306 2636 legatos
3341 2567 3557 2629 mittunt

1973 2645 2038 2699 ad
2059 2645 2184 2701 Saiil
2208 2648 2329 2720 :qui
2353 2649 2510 2704 m0tis
2526 2651 2715 2706 castris
2739 2652 2974 2722 pra-lium
2997 2669 3118 2710 cum
3138 2656 3242 2712 illis
3263 2658 3550 2722 commisit,

1974 2746 2028 2790 et
2057 2736 2237 2793 hostes
2272 2742 2489 2796 omnino
2527 2741 2842 2813 proﬂigavit.
2867 2744 3178 2801 Couvivium
3203 2748 3470 2803 celebrant
3499 2752 3552 2802 in

1972 2825 2226 2898 Galgalis.
2247 2828 2602 2887 Concionatur
2627 2834 2823 2904 pupulo
2848 2835 3079 2891 Samuel.
3103 2836 3252 2892 Tunc
3278 2838 3410 2893 dixit
3434 2856 3447 2892 :
3471 2839 3551 2892 An

1970 2917 2182 2973 vitulum
2226 2922 2548 2991 cuiuspiam,
2587 2939 2654 2978 au
2696 2925 2891 2979 asinum
2936 2927 3219 2998 cujuspiam
3262 2931 3432 2998 accepi
3472 2929 3547 2999 (l.

1972 3011 2097 3081 Reg.
2138 3012 2225 3068 12.
2260 3013 2358 3086 5)?
2400 3014 2646 3072 Hortalus
2693 3017 2811 3073 illos
2851 3028 2906 3073 ut
2945 3018 3054 3073 Deo
3091 3021 3545 3090 obsequerentur.

1968 3114 2248 3174 precatur,
2289 3117 2342 3162 et
2379 3108 2552 3178 pluvia
2587 3109 2637 3163 in
2682 3109 2767 3164 die
2810 3110 3001 3164 messis
3036 3110 3314 3166 delabitur.
3351 3110 3551 3165 Timuit

1970 3197 2214 3265 populus,
2237 3197 2618 3269 confessusque
2637 3207 2718 3252 cst
2741 3213 2799 3253 se
2820 3214 3069 3269 peccasse
3092 3200 3321 3268 petendo
3343 3215 3547 3268 regem.

1967 3292 2179 3346 Samuel
2219 3298 2394 3346 autem
2429 3304 2613 3345 rursus
2652 3290 2912 3356 hortatur,
2939 3300 2996 3344 ut
3039 3291 3131 3345 Dei
3165 3300 3425 3360 percepta
3455 3306 3544 3344 se-

1967 3391 2212 3453 quantur.
2245 3381 2582 3453 Alienigenas
2602 3379 2757 3436 credit
2782 3380 2931 3436 Saiil.
2957 3380 3034 3434 llli
3062 3390 3236 3435 autem
3264 3380 3543 3451 indignati,

1966 3474 2161 3541 bellum
2203 3472 2563 3545 redintegrant
2600 3488 2720 3527 cum
2763 3472 3049 3542 majoribus
3085 3472 3272 3542 eopi‘s.
3316 3471 3545 3543 Fugiunt

1967 3565 2213 3621 Israelita:
2233 3604 2249 3629 ,
2284 3565 2429 3620 solus
2459 3564 2774 3635 relinquitur
2802 3564 2949 3619 Saiil.
2979 3562 3146 3620 Ollert
3175 3562 3540 3618 holocansnnn

1967 3658 2075 3713 Deo
2117 3674 2221 3712 non
2260 3666 2566 3727 exspectato
2602 3656 2883 3722 Samuele,
2914 3657 3005 3727 qui
3034 3666 3088 3710 ut
3118 3671 3177 3712 se
3212 3665 3545 3725 exspectaret

1963 3756 2307 3820 prmceperat.
2337 3748 2493 3804 Venit
2518 3748 2769 3814 Samuel,
2804 3748 3016 3819 indigne
3057 3747 3159 3802 fert
3197 3746 3247 3801 id
3278 3747 3417 3816 quod
3444 3763 3540 3817 ge-

1961 3850 2100 3894 stum
2131 3850 2264 3906 erat,
2298 3840 2528 3894 minatur
2556 3839 2655 3909 ipsi
2693 3839 2838 3908 regni
2868 3838 3269 3892 dissolutionem
3296 3854 3310 3903 ;
3340 3839 3392 3893 in
3420 3838 3544 3893 alte.

1962 3947 2077 3986 rum
2120 3932 2314 4001 quippe
2358 3929 2779 3985 transferendum
2820 3942 2972 3994 esse;
3014 3928 3266 3985 Davidcm
3307 3929 3539 3991 dici-bat.

1959 4022 2089 4078 Cum
2115 4022 2329 4077 sederet
2356 4021 2481 4077 Satil
2512 4021 2564 4075 in
2593 4021 2727 4075 colle
2755 4035 2874 4074 cum
2912 4021 3175 4075 sexcentis
3209 4018 3335 4075 viris
3355 4062 3371 4087 ,
3401 4020 3538 4074 clam

1957 4113 2221 4170 Jonathan
2250 4114 2388 4168 illius
2409 4113 2524 4185 ejus
2542 4129 2661 4169 cum
2684 4106 2877 4166 famqu
2897 4128 2995 4166 suo
3023 4113 3227 4167 irruens
3254 4113 3305 4165 in
3331 4112 3539 4179 hostes,

1957 4204 2212 4276 quosdam
2242 4205 2453 4260 occidit.
2488 4204 2542 4258 Id
2571 4218 2690 4258 cum
2718 4202 2924 4257 videret
2959 4201 3083 4258 Saiil
3106 4244 3120 4269 ,
3154 4201 3263 4275 jam
3296 4203 3537 4263 turbatus

1956 4298 2175 4353 adortus
2200 4298 2389 4360 vincit.
2418 4306 2615 4352 etcum
2641 4294 2944 4365 juramento
2970 4294 3135 4353 edixit
3172 4312 3238 4350 ne
3271 4293 3535 4365 quispiam

1957 4404 2123 4459 usque
2147 4388 2213 4443 ad
2238 4403 2512 4457 vesperam
2537 4385 2731 4457 aliquid
2765 4394 3019 4456 gustaret.
3049 4385 3312 4440 lmathan
3336 4402 3454 4441 cum
3479 4386 3532 4443 id

1957 4497 2062 4536 non
2097 4480 2369 4544 audisset,
2407 4479 2475 4534 de
2507 4478 2666 4533 melle
2698 4477 2946 4549 gustavit.
2980 4475 3198 4531 Accedit
3221 4476 3347 4530 Suitl
3372 4477 3536 4529 inter-

1955 4584 2233 4642 rogaturus
2270 4572 2431 4625 Deum
2470 4586 2592 4624 num
2627 4577 2897 4639 oporteret
2933 4568 3114 4624 hostes
3151 4568 3375 4638 insequi.
3417 4566 3532 4622 Non

1954 4662 2241 4734 respondet
2262 4662 2359 4732 ipsi
2384 4662 2541 4717 Deus.
2568 4660 2933 4730 Intellexitque
2954 4660 3042 4715 ille
3068 4669 3336 4729 peccatum
3358 4660 3410 4725 in
3432 4675 3531 4728 po-

1956 4757 2079 4826 pulo
2107 4756 2301 4811 factum
2330 4770 2469 4809 esse.
2512 4753 2582 4808 Ut
2623 4763 2799 4810 autem
2842 4750 3206 4821 deprehensus
3247 4760 3329 4806 est
3363 4749 3529 4805 Jona-

1953 4852 2103 4915 than,
2128 4836 2345 4920 paratus
2373 4857 2489 4903 erat
2513 4846 2578 4901 ad
2606 4844 2952 4903 occidendum
2982 4846 3147 4900 illum.
3171 4843 3274 4900 Sed
3306 4844 3529 4915 populus

1952 4943 2147 4998 exemit
2170 4957 2290 4997 eum
2319 4940 2384 4995 de
2423 4940 2663 4993 manibus
2687 4940 2820 5008 ejus.
2853 4936 3097 5006 Praecipit
3119 4936 3334 4992 Samuel
3358 4937 3535 5007 Sauli,

1952 5044 2010 5090 ut
2035 5034 2264 5088 debellet
2292 5030 2631 5093 Amalecitas,
2656 5030 2833 5083 omnia
2862 5028 3068 5098 perdat,
3096 5037 3150 5083 et
3179 5029 3377 5084 nemini
3408 5044 3531 5100 par-

1949 5136 2052 5181 cat.
2087 5126 2182 5182 llle
2218 5139 2343 5179 vero
2382 5139 2486 5178 non
2533 5121 3120 5191 paruit,,servavitqne
3163 5123 3307 5193 Agag
3348 5136 3527 5192 regem

1948 5234 2155 5284 eorum,
2180 5225 2234 5271 et
2260 5229 2466 5286 greges,
2496 5222 2550 5268 et
2581 5222 2837 5266 armenta.
2872 5211 3102 5270 Veniens
3130 5210 3342 5269 Samuel
3375 5213 3527 5276 vidit,

1948 5311 2114 5365 iratus
2148 5296 2229 5361 est
2252 5347 2267 5373 ,
2294 5312 2348 5359 et
2378 5304 2451 5357 ait
2482 5321 2493 5356 :
2526 5302 2643 5356 Non
2682 5312 2784 5355 tam
2821 5303 2928 5357 vult
2964 5301 3105 5358 Deus
3144 5302 3436 5357 holocausta
3480 5313 3528 5355 et

1944 5399 2224 5467 sacriﬁcia,
2253 5410 2402 5463 quant
2432 5403 2485 5448 ut
2519 5392 2753 5446 audiatur
2788 5408 2884 5446 vox
2922 5394 3029 5464 ejus
3054 5409 3074 5447 :
3102 5409 3213 5447 ecce
3240 5393 3372 5446 enim
3407 5392 3527 5453 abe-

1945 5493 2134 5548 dientia
2179 5489 2355 5543 melior
2393 5496 2466 5542 est
2547 5503 2697 5557 quam
2734 5487 2933 5542 victima
2959 5488 3047 5556 (1.
3094 5486 3221 5558 Reg.
3267 5485 3350 5539 15.
3394 5486 3525 5554 ‘22).

2007 5627 2022 5658 ι
2050 5623 2157 5673 Vox
2184 5621 2413 5672 Hebraiea
2438 5627 2515 5669 est
2534 5624 2639 5676 ΤΠ,
2655 5632 2799 5682 quam
2822 5617 2994 5681 Aquila
3014 5622 3259 5677 ιιηάδιλῃς
3283 5617 3453 5673 vertit,
3481 5616 3525 5666 id

1944 5696 2035 5743 est,
2063 5692 2280 5747 patruus,
2304 5690 2358 5733 ut
2382 5683 2527 5752 habet
2552 5694 2698 5740 et'am
2722 5688 2942 5752 Vulgata.
2957 5685 3193 5748 losepbus
3213 5683 3387 5749 itabat,
3416 5698 3519 5747 tu“.

1945 5744 2163 5815 patruus,
2187 5753 2269 5798 aut
2287 5744 2564 5803 avunculus.
