3962 6190
444 350 543 405 Ξὸὄ

443 471 666 526 llinatur
689 468 846 522 etiam
873 471 998 516 tunc
1028 451 1375 512 auferendum
1402 448 1471 504 ab
1509 445 1601 501 illo
1627 456 1748 498 esse
1773 450 2018 509 regnum.

446 562 575 618 Saﬁl
602 569 779 615 autem
807 554 914 607 vim
954 542 1218 605 inferebat
1256 542 1356 614 ipsi
1383 548 1442 596 ut
1469 548 1651 593 secum
1681 533 1906 588 veniret.
1931 526 2028 581 ille

446 668 575 709 vero
620 646 813 705 noluit.
842 644 1066 699 Domum
1092 637 1144 693 vi
1169 643 1392 691 coactus
1421 624 1684 685 ascendit.
1727 623 2029 690 Pusteaqae

446 745 560 813 ipse
588 736 841 801 Samuel,
885 746 1008 789 cum
1042 728 1294 802 iussisset
1326 721 1521 813 adduci
1547 714 1614 775 ad
1645 719 1818 789 ipsum
1848 716 2027 784 Agag,

447 810 558 890 suis
603 828 847 887 manibus
874 826 1048 896 ipsum
1082 819 1299 876 occidit.
1346 815 1427 871 Ex
1456 810 1548 870 illo
1574 820 1752 866 autem
1790 816 2031 874 tempore

452 941 557 982 non
579 918 708 978 vidit
737 918 955 978 Sahlcm
979 928 1152 985 usque
1177 910 1245 967 ad
1271 909 1413 965 diem
1443 903 1631 962 martis
1659 900 1774 973 ejus
1790 934 1808 964 ,
1834 897 1927 954 sed
1946 896 2031 951 lu-

448 1020 605 1092 gebat
632 1018 830 1088 ipsum.
860 1010 1062 1069 Deinde
1090 1007 1318 1064 mittitur
1339 1001 1555 1065 Samuel
1578 1000 1770 1092 aDeo,
1801 1004 1860 1051 ut
1886 996 2036 1092 inut»

451 1086 603 1183 geret
649 1086 937 1171 Davidcm,
993 1110 1049 1159 et
1098 1112 1225 1157 cum
1268 1094 1544 1159 venisset,
1590 1086 2036 1183 inunxit.l1‘unc

452 1172 710 1274 corripuit
730 1196 949 1257 Satilem
974 1192 1192 1267 spiritus
1219 1189 1425 1255 malus,
1455 1196 1510 1242 et
1549 1184 1819 1274 adducunt
1846 1179 1900 1235 ei

456 1262 626 1350 videm
649 1335 664 1360 ,
693 1292 783 1363 qui
815 1262 1060 1361 psalleret
1082 1326 1095 1352 ,
1140 1290 1194 1338 et
1214 1275 1692 1347 scdaretspiritnm
1719 1271 1936 1328 malum.
1967 1262 2037 1324 Ut

453 1393 630 1441 autem
663 1382 860 1438 bellum
886 1376 1064 1433 intulit
1083 1370 1295 1430 Goliath
1314 1412 1330 1438 ,
1370 1381 1494 1425 cum
1521 1376 1712 1423 omnes
1742 1366 1887 1418 metu
1917 1372 2037 1431 per.

453 1477 585 1532 culsi
619 1480 837 1536 essent,
888 1464 1114 1524 mittitur
1140 1460 1303 1519 David
1330 1460 1597 1515 visitatum
1648 1454 1841 1510 fratres
1869 1463 2036 1506 suos:

456 1579 618 1639 utque
646 1563 790 1620 venit
812 1558 1068 1616 adcaslra
1086 1599 1101 1623 ,
1128 1556 1484 1625 percontatur
1519 1548 1652 1618 quid
1681 1543 1917 1602 muneris
1952 1539 2039 1596 Ih—

457 1633 633 1714 ιιιιῖιιιιι
652 1655 722 1711 sit
747 1654 793 1710 ei
822 1651 909 1723 qui
934 1647 1218 1705 occidisset
1245 1640 1391 1698 hunc
1410 1639 1781 1709 alienigenam.
1810 1633 1888 1690 un
1914 1644 2048 1688 vero

458 1747 725 1811 dicebant,
754 1742 889 1800 Fiiia
927 1740 1073 1811 regis
1100 1735 1312 1794 dabitur
1338 1734 1388 1790 ei
1413 1730 1467 1787 in
1510 1731 1753 1786 uxorem.
1781 1724 1928 1782 Adiit
1948 1723 2043 1779 ille

457 1840 670 1897 Saulem
690 1879 704 1902 ,
729 1850 788 1892 se
812 1830 1214 1891 interfecturum
1230 1826 1378 1881 illum
1400 1822 1665 1895 pollicitus
1687 1824 1787 1875 est.
1809 1814 1901 1872 Ille
1917 1828 2045 1870 vero

460 1946 566 1985 non
594 1924 862 1984 credebat.
914 1922 1139 1979 Demum
1193 1917 1395 1974 dimisit
1442 1913 1614 1971 armis
1649 1910 1934 1977 nudatum,
1979 1920 2045 1962 co

461 2019 603 2091 quod
632 2033 740 2074 non
776 2022 959 2087 posset
988 2026 1136 2069 arma
1161 2019 1394 2082 gestare.
1440 2005 1602 2062 David
1630 2004 1829 2060 emisso
1871 1998 2047 2070 lapide

465 2086 517 2168 in
546 2086 950 2179 frontemieius,
993 2100 1282 2176 prostravit
1325 2098 1498 2170 ipsqu
1523 2138 1539 2163 ,
1582 2106 1636 2152 et
1666 2094 1836 2166 ipsius
1872 2086 2049 2163 gladio

464 2214 624 2276 caput
666 2200 784 2274 eius
822 2208 1138 2270 amputans,
1178 2191 1490 2265 splendidus
1534 2204 1601 2245 ex
1646 2186 1832 2259 prndio
1868 2182 2045 2239 rediit.

468 2298 563 2353 lllo
590 2302 878 2365 conspecto
911 2286 1178 2348 Jenathan
1229 2285 1410 2341 animo
1464 2281 1565 2355 ipsi
1590 2279 1872 2348 colligatus
1918 2283 2001 2331 eSt
2032 2291 2047 2328 :

468 2364 860 2457 admodumqae
886 2380 1037 2440 illum
1079 2379 1366 2453 diligebat,
1408 2376 1652 2444 donaque
1692 2368 1792 2442 ipsi
1836 2364 2048 2423 obtulit.

468 2479 594 2536 Saﬁl
633 2493 759 2534 vero
802 2472 1072 2531 invidebat
1112 2473 1198 2538 ei,
1238 2468 1304 2527 eu'
1342 2466 1483 2539 quod
1534 2462 1760 2520 choreas
1791 2461 2053 2534 agitantes

472 2570 660 2642 puellc
703 2568 963 2623 dixissent
992 2580 1007 2619 :
1044 2561 1300 2619 Percussit
1327 2557 1458 2615 Sail
1487 2557 1543 2611 in
1569 2553 1791 2642 millibus
1811 2594 1826 2616 ,
1868 2562 1917 2605 et
1934 2548 2055 2642 ADaf

470 2639 556 2715 ira
600 2661 655 2715 in
692 2658 861 2714 decem
908 2651 1166 2727 nti!it‘bus(
1190 2655 1245 2708 1.
1278 2648 1407 2722 Reg.
1444 2646 1532 2704 18.
1556 2645 1648 2719 7).
1674 2641 1878 2701 Extulit
1921 2639 2054 2697 Salii

474 2753 678 2807 hastam
704 2758 887 2806 contra
910 2740 1164 2802 Davidem
1187 2752 1245 2798 ut
1271 2740 1541 2798 occideret
1562 2752 1685 2795 eum
1710 2733 1791 2810 (a)
1821 2752 1834 2789 :
1854 2733 1946 2789 ille
1962 2748 2058 2787 ve-

476 2859 535 2896 ro
561 2841 781 2911 aufugit.
808 2836 944 2895 Cum
969 2846 1147 2893 autem
1175 2833 1338 2889 David
1359 2832 1533 2888 clarus
1551 2829 1901 2899 omnibusque
1928 2838 2058 2897 pro.

477 2938 631 2991 batus
658 2943 836 2999 esset,
867 2930 1037 3002 magis
1062 2928 1404 2985 mordebatur
1428 2922 1593 2990 Sani;
1623 2934 1850 2994 cumque
1880 2920 2056 2989 ipsum

477 3025 701 3099 perdere
729 3024 915 3093 vellet,
943 3022 1208 3094 pollicitus
1235 3028 1318 3075 est
1342 3017 1393 3075 ei
1418 3012 1582 3072 filiam
1609 3030 1780 3079 suam,
1808 3013 1853 3068 si
1877 3025 1940 3068 ex
1964 3011 2061 3067 lio-

476 3120 647 3174 szibus
667 3127 880 3173 centum
909 3114 1206 3171 occideret:
1226 3126 1350 3169 cum
1379 3119 1554 3167 autem
1580 3105 1878 3171 occidisset,
1895 3119 2061 3177 gener

478 3211 618 3281 regis
637 3209 867 3266 edicitur
894 3202 989 3279 (b).
1014 3204 1239 3276 Alioque
1266 3205 1495 3259 instante
1522 3199 1900 3267 bello,rursum
1920 3212 2060 3268 prae-

482 3305 623 3358 clare
651 3314 708 3357 se
732 3302 930 3372 gessit:
952 3296 1080 3355 Saiil
1109 3312 1238 3353 vero
1259 3294 1427 3351 multo
1452 3293 1624 3364 magis
1648 3290 2064 3360 exasperabatur

481 3397 533 3449 in
554 3392 970 3462 illum,dleitque
988 3390 1094 3444 filio
1107 3402 1203 3443 suo
1217 3387 1501 3451 Jonathan,
1516 3398 1575 3441 se
1596 3382 1741 3439 illum
1762 3379 2063 3437 interﬁcere

483 3486 641 3541 velle.
663 3483 757 3539 Ille
779 3498 905 3539 vero
932 3481 1113 3537 Davidi
1142 3495 1256 3536 rem
1284 3479 1514 3551 aperuit,
1541 3475 1893 3547 praecepitque
1908 3479 1971 3525 ut
1996 3470 2065 3525 la-

484 3589 638 3634 teret.
663 3577 761 3634 Ubi
794 3590 919 3631 vero
948 3583 1149 3646 patrem
1180 3574 1500 3645 placaverat,
1521 3566 1772 3627 Davidem
1797 3562 1863 3621 ad
1887 3562 2062 3638 ipsum

482 3668 872 3725 addueitﬂello
891 3677 1065 3723 autem
1097 3680 1280 3723 rursus
1310 3666 1559 3725 instante,
1577 3668 1795 3716 strenue
1816 3671 1874 3712 se
1898 3655 2065 3727 gessit

484 3760 674 3826 David,
692 3775 1008 3832 rursumque
1035 3774 1067 3816 a
1092 3758 1250 3816 Saﬁle
1278 3755 1481 3826 aufugit
1502 3754 1718 3808 volente
1740 3765 1862 3806 eum
1881 3748 2064 3804 lancea

484 3853 789 3911 confodere.
820 3852 1016 3911 Uxoris
1059 3852 1286 3908 consilio
1315 3849 1461 3904 illinc
1502 3846 1723 3918 aufugit.
1751 3844 1909 3900 Mittit
1935 3843 2065 3900 Salii

484 3947 577 4017 qui
609 3946 753 4002 illum
786 3942 1337 4016 comprehenderent;
1375 3938 1664 4010 respondet
1693 3935 1781 3992 illa
1809 3944 2065 4008 a‘grotum

486 4056 631 4096 csse.
661 4038 788 4096 Sail]
820 4038 967 4095 illum
995 4035 1262 4106 aufugisse
1298 4046 1524 4104 gnarus,
1567 4030 1727 4084 tiliam
1757 4029 2066 4098 redarguit:

487 4138 647 4200 atque
685 4145 805 4185 cum
833 4127 1183 4199 comperisset
1226 4124 1441 4180 ubinam
1485 4132 1625 4178 esset
1656 4120 1820 4176 David
1848 4162 1864 4188 ,
1908 4120 2071 4174 mittit

489 4223 578 4293 qui
607 4222 753 4277 illum
775 4227 987 4291 captum
1018 4218 1361 4273 adducerent.
1379 4213 1512 4271 Cum
1540 4221 1717 4269 autem
1746 4212 1783 4267 ii
1812 4212 1898 4281 qui
1922 4210 2068 4265 missi

492 4316 704 4367 inerant
745 4328 848 4367 non
879 4310 1151 4373 redirent,
1199 4308 1293 4364 sed
1323 4316 1602 4362 manentes
1645 4301 2026 4375 prophetarent
2053 4342 2068 4369 ,

488 4406 601 4474 ipse
628 4417 841 4473 quoque
883 4394 1033 4456 abiit.
1068 4399 1148 4454 Ad
1176 4398 1439 4454 Jenathan
1488 4393 1617 4451 adiit
1640 4394 1843 4461 David,
1889 4403 1944 4448 et
1988 4408 2075 4448 rc-

493 4494 703 4549 nuntiat
745 4494 794 4546 ei
824 4492 1044 4547 Sanlem
1072 4505 1223 4545 suam
1271 4490 1565 4545 machinari
1592 4502 1796 4543 necem.
1831 4486 1982 4555 Quod
2029 4486 2075 4540 si

389 4642 393 4647 ,
494 4587 625 4641 velis
644 4626 660 4652 ,
682 4585 882 4654 inquit,
911 4583 965 4637 in
983 4583 1211 4637 crastina
1242 4568 1330 4637 die
1349 4583 1587 4637 ediscere
1606 4621 1621 4645 ,
1652 4589 1893 4651 tempore
1917 4592 2076 4649 pran-

494 4678 568 4731 dii
597 4676 781 4732 abero.
821 4675 876 4730 Si
906 4682 1057 4746 pater
1084 4680 1207 4728 tuus
1236 4671 1493 4726 absentiae
1535 4684 1754 4726 causam
1784 4677 1960 4740 petat,
1990 4667 2077 4723 die

496 4785 601 4835 me,
626 4784 747 4825 cum
774 4766 1094 4824 sacrilicium
1115 4771 1266 4820 esset
1291 4763 1344 4818 in
1367 4763 1518 4829 urbe,
1547 4760 1776 4816 abeundi
1807 4758 2073 4815 licentiam

490 4861 732 4931 petiisse.
760 4858 817 4915 id
836 4859 881 4916 si
908 4858 999 4914 ille
1018 4855 1227 4930 placide
1248 4855 1465 4921 tulerit,
1490 4853 1622 4908 nihil
1646 4852 1770 4908 mali
1796 4851 2074 4922 suspicor:

493 4953 575 5008 sin
602 4965 743 5022 :egre
771 4949 980 5017 tulerit,
1012 4951 1229 5021 planum
1256 4956 1340 5004 est
1355 4945 1485 5002 mihi
1513 4946 1770 5001 ultionem
1790 4952 1843 5001 et
1859 4942 2078 4999 insidias

498 5046 696 5116 parari.
727 5043 840 5100 [loc
864 5042 990 5098 facit
1031 5042 1330 5108 Jonathan;
1360 5038 1489 5097 Sani
1515 5046 1693 5094 autem
1737 5052 1906 5108 usque
1943 5035 2079 5091 adeo

495 5138 664 5191 iratus
687 5142 804 5201 est,
831 5142 890 5189 ut
916 5143 1138 5189 conatus
1164 5133 1235 5190 sit
1283 5133 1450 5188 lilium
1478 5144 1631 5188 suum
1677 5129 1941 5185 occidere.
1988 5127 2080 5184 llic

499 5246 627 5285 vero
649 5228 717 5284 de
755 5241 942 5283 mensa
970 5227 1250 5292 resiliens,
1302 5226 1355 5281 in
1383 5238 1631 5297 campum
1660 5222 1860 5288 exivit,
1903 5229 1961 5276 et
1987 5234 2077 5274 sa-

560 5410 632 5522 (a?
658 5417 766 5460 Haec
786 5409 850 5461 de
873 5409 1008 5484 hasta
1030 5409 1081 5484 in
1100 5406 1325 5459 Davidem
1347 5419 1375 5456 a
1396 5402 1537 5457 Saﬁle
1551 5402 1763 5454 immissa
1786 5413 1881 5451 non
1902 5400 2080 5474 haben-

560 5490 576 5522 r
626 5487 702 5522 ioc
749 5473 854 5522 loco
881 5486 928 5521 m
966 5471 1181 5521 editione
1202 5475 1312 5518 LXX
1334 5468 1526 5522 vulgata
1551 5480 1566 5522 ;
1596 5466 1686 5515 sed
1711 5464 1834 5513 haud
1856 5463 2008 5512 dubie
2032 5476 2079 5511 in

498 5463 577 5522 tur
608 5463 702 5523 hoc
749 5473 854 5522 loco
881 5473 928 5521 in
966 5471 1181 5521 Editioue
1202 5475 1312 5518 LXX
1334 5468 1526 5531 vulgata
1551 5480 1566 5528 ;
1596 5466 1686 5531 sed
1711 5464 1834 5531 haud
1856 5463 2008 5531 dubie
2032 5466 2079 5511 in

499 5535 767 5599 exemplari
793 5533 1116 5599 Chrysostomi
1152 5546 1217 5582 ex
1251 5525 1465 5581 ulition'e
1498 5525 1608 5576 LXX
1631 5525 1882 5599 hexaplari
1911 5525 2082 5587 adjun-

479 5606 569 5644 ‘rin
595 5590 805 5657 fuerant,
830 5590 999 5647 ut'alia
1019 5594 1184 5645 mlta.
1281 5654 1289 5657 _
1338 5654 1347 5657 _
1583 5651 1593 5657 _
1787 5590 1792 5603 '

562 5665 631 5723 (bl
657 5649 1005 5727 licentiaque
1021 5658 1240 5727 instante
1272 5651 1682 5727 ῥειιοιρνωειᾳτε
1714 5649 1943 5727 se'gcssit
1978 5652 2087 5727 (aut

500 5715 710 5784 meum
732 5715 990 5777 σύστάνέος
1014 5724 1193 5784 ἑτέρον,
1222 5719 1361 5784 πάὶμιν
1383 5715 1665 5784 εὐδοκιμεῖ),
1692 5715 1873 5764 omissa
1892 5721 2007 5764 sunt
2031 5716 2090 5765 itt-

504 5787 592 5832 hd.
621 5776 741 5833 LXX
770 5786 920 5844 vulg.,
949 5776 1036 5832 sed
1074 5776 1122 5828 in
1146 5776 1398 5839 hexaplari
1434 5776 1741 5838 legebantur.

1216 336 1272 391 S.
1312 326 1587 389 JOANNIS
1620 312 2093 381 CﬂliYSOSTOMl
2133 311 2449 368 ARClllEP.
2489 310 3016 368 CUNSTANTLVOP.

3574 312 3660 368 311

2132 431 2294 502 gitlas
2318 430 2534 495 emisit;
2562 440 2679 486 erat
2705 430 2848 485 enim
2875 430 2978 484 hoc
2995 425 3334 484 constitutum
3361 427 3554 495 signum
3583 444 3595 480 :
3619 440 3666 481 et

2130 540 2415 585 accurrens
2445 532 2565 596 post
2602 536 2818 580 servum
2843 536 2998 579 suum
3023 564 3039 590 ,
3067 522 3192 577 dum
3220 520 3377 576 David
3408 537 3470 577 eo
3494 524 3540 578 iu
3566 525 3667 579 loco

2132 622 2369 686 latebat,
2400 620 2475 674 ait
2504 638 2518 674 :
2547 619 2664 674 Cito
2714 628 2976 687 propera.
3018 629 3087 671 ne
3125 614 3386 670 cuneteris
3411 656 3427 680 ,
3452 615 3563 685 quia
3599 632 3672 671 sa-

2133 717 2262 787 gitta
2289 714 2396 769 illic
2424 719 2508 767 est
2547 710 2785 782 procula
2822 714 2899 764 te.
2941 706 3202 763 intellexit
3222 705 3384 761 David
3423 704 3541 776 quid
3575 705 3674 762 haec

2136 804 2608 877 significarent,et
2653 814 2775 856 cum
2821 810 3009 855 servus
3029 798 3367 862 recessisset,
3394 794 3494 852 ruit
3513 795 3562 853 in
3583 812 3678 852 am-

2137 900 2350 971 plexum
2378 896 2643 952 Jonatban
2677 901 2732 949 et
2757 893 2904 949 ﬂevit
2932 910 2946 948 :
2977 891 3069 947 ille
3108 904 3235 947 vero
3260 889 3439 961 fugere
3473 890 3615 961 jussit
3635 902 3681 946 et
3786 958 3793 963 .

2139 1002 2414 1063 pactorum
2462 987 2755 1063 recordari.
2791 984 2919 1042 [iure
2952 998 3115 1056 porro
3157 992 3311 1038 erant
3356 997 3424 1037 ne
3461 998 3680 1051 umquam

2140 1079 2558 1138 misericordiam
2589 1087 2862 1135 amoveret
2890 1093 2958 1134 ex
2972 1076 3143 1132 dumo
3167 1075 3429 1130 Jonathan
3444 1116 3459 1141 ,
3488 1075 3591 1130 sive
3614 1077 3680 1129 vi-

2141 1176 2349 1241 ventis,
2376 1175 2494 1229 sive
2526 1172 2741 1230 murtui.
2770 1172 2929 1228 Venit
2957 1169 3124 1225 David
3148 1167 3216 1224 ad
3246 1166 3512 1223 Abimelec
3532 1180 3686 1224 sacer-

2139 1268 2341 1325 dotem.
2369 1266 2522 1322 Tuuc
2561 1279 2728 1336 panes
2767 1261 3149 1337 propositionis
3193 1258 3465 1316 comedit:
3506 1259 3686 1329 accepit

2141 1375 2353 1433 quoque
2378 1358 2615 1431 gladium
2640 1355 3087 1422 Goliathi,dieens
3110 1369 3169 1409 se
3189 1369 3218 1406 a
3246 1366 3371 1422 rege
3389 1350 3559 1421 aliquo
3580 1350 3687 1404 mis-

2142 1467 2259 1509 sum
2282 1466 2401 1507 cum
2428 1450 2720 1521 diligentia.
2749 1448 2817 1507 Et
2846 1446 2992 1502 venit
3014 1444 3141 1500 inde
3165 1442 3232 1498 ad
3257 1442 3500 1507 Auchus.
3520 1441 3688 1496 deinde

2145 1546 2198 1601 in
2221 1544 2444 1602 Odolam
2472 1543 2511 1609 ί,
2540 1551 2596 1599 et
2616 1539 2955 1597 commendat
2986 1537 3101 1607 regi
3128 1535 3281 1591 Moab
3309 1534 3515 1590 domum
3542 1547 3687 1587 suam.

2138 1634 2277 1692 Cum
2303 1646 2484 1693 autem
2523 1634 2653 1690 Saiil
2684 1639 3103 1702 conquereretur
3144 1626 3287 1698 apud
3338 1641 3514 1682 servos
3555 1639 3689 1687 suos,

2147 1728 2290 1799 quod
2331 1742 2491 1783 nemo
2536 1726 2654 1797 eius
2701 1723 2871 1778 vicem
2921 1721 3149 1787 doleret,
3193 1733 3295 1774 nec
3327 1715 3568 1772 Doridem
3609 1714 3691 1768 sibi

2150 1818 2432 1883 traderet,
2467 1818 2607 1872 Doec
2633 1816 2916 1881 Idumaeas,
2960 1812 3051 1883 qui
3099 1824 3338 1882 prtesens
3383 1816 3493 1864 erat
3514 1804 3694 1877 quando

2149 1910 2316 1967 David
2342 1910 2407 1965 ad
2427 1907 2757 1964 sacerdotem
2800 1905 2977 1973 venit,
3007 1900 3344 1958 annuntiavit
3369 1898 3441 1954 illi
3463 1896 3588 1967 quod
3609 1895 3696 1951 fac-

2152 2013 2263 2060 tum
2293 2011 2428 2057 erat.
2476 2000 2568 2057 llle
2597 1997 2780 2055 accitis
2807 1995 3208 2063 sacerdotibus,
3238 2008 3359 2049 cum
3400 1991 3433 2045 ii
3454 1990 3537 2061 qui
3581 2004 3695 2059 prato

2153 2107 2333 2154 sentes
2354 2104 2509 2152 erant
2536 2090 2742 2150 nollent
2768 2091 2888 2148 illos
2908 2089 3155 2146 occidere
3171 2129 3187 2152 ,
3225 2086 3453 2142 Doécum
3481 2080 3528 2138 id
3551 2081 3694 2152 jubet,

2154 2192 2244 2264 qui
2297 2188 2495 2248 occidit
2538 2196 2803 2244 trecentos
2841 2179 3229 2257 quinquaginta
3282 2180 3423 2235 viros
3462 2184 3700 2248 portantes

2155 2282 2377 2356 Ephud,
2401 2291 2457 2338 et
2488 2279 2635 2337 Nuha
2680 2294 2867 2336 eorum
2916 2277 3102 2332 urbem
3130 2272 3356 2331 delevit.
3382 2269 3504 2328 ihec
3548 2267 3698 2324 Davidi

2157 2371 2477 2431 renuntiavit
2504 2388 2642 2427 unus
2667 2385 2733 2428 ex
2761 2368 2883 2424 ﬁliis
2911 2365 3233 2431 sacerdotis,
3262 2366 3350 2436 qui
3378 2360 3701 2420 carniﬁcinam

2158 2475 2420 2524 evaserat.
2448 2461 2545 2518 Ille
2567 2478 2695 2517 vero
2721 2460 2909 2517 dolens
2925 2502 2942 2527 ,
2966 2458 3312 2529 superstitem
3340 2453 3483 2510 illum
3517 2450 3637 2521 apud
3654 2464 3703 2504 se

2158 2558 2390 2616 servavit
2409 2601 2422 2625 ,
2447 2568 2502 2613 et
2525 2555 2695 2614 Cilam
2721 2562 3080 2627 oppugnatam
3110 2548 3379 2606 liberavit.
3402 2546 3528 2602 Cum
3550 2543 3702 2601 audis-

2159 2663 2243 2709 set
2265 2660 2441 2707 autem
2464 2649 2676 2706 Sahlcm
2706 2643 2773 2703 ad
2812 2662 2871 2703 se
2899 2645 3082 2700 venire
3105 2686 3121 2708 ,
3145 2642 3281 2697 exiit
3310 2638 3432 2695 inde
3468 2639 3517 2692 in
3548 2636 3702 2689 deser-

2160 2755 2271 2802 tum
2300 2742 2457 2815 Zipb.
2484 2740 2637 2811 Quod
2660 2754 2778 2795 cum
2808 2736 3063 2793 audiisset
3083 2733 3211 2791 Saul
3230 2775 3244 2799 ,
3272 2731 3338 2788 ad
3370 2730 3509 2786 illum
3551 2740 3703 2799 perre-

2162 2839 2259 2894 xit.
2288 2838 2422 2892 Dum
2449 2845 2626 2891 autem
2657 2832 2807 2887 illum
2847 2831 3245 2899 insequeretur,
3290 2823 3466 2879 audito
3509 2819 3705 2874 hostium

2163 2931 2412 2996 incursu,
2454 2922 2673 2983 recedit.
2706 2920 2906 2979 Deinde
2944 2933 3065 2976 cum
3106 2935 3175 2973 ex
3210 2912 3448 2972 hostibus
3469 2909 3705 2973 rediisset,

2165 3021 2311 3076 illum
2339 3020 2518 3075 denuo
2545 3015 2883 3088 perquirebat
2903 3055 2918 3080 ,
2962 3022 3016 3068 et
3044 3010 3325 3082 ingressus
3348 3016 3429 3064 est
3452 3005 3502 3060 in
3528 3001 3707 3075 spelun-

2163 3128 2278 3169 cam
2297 3154 2312 3180 ,
2345 3111 2398 3165 in
2425 3125 2528 3182 qua
2569 3106 2734 3164 David
2762 3105 3012 3170 sedebat,
3043 3113 3098 3159 et
3123 3118 3250 3159 cum
3281 3101 3369 3156 illo
3395 3100 3487 3154 viri
3521 3093 3709 3152 interius

2164 3205 2347 3276 positi.
2378 3201 2618 3273 Cumque
2642 3215 2830 3256 omnes
2865 3199 3211 3253 hortarentur
3241 3210 3363 3251 cum
3394 3201 3451 3248 ut
3484 3188 3711 3246 occideret

2166 3274 2419 3365 Saulem,
2468 3310 2574 3350 non
2624 3290 3049 3363 obtemperavit,
3110 3303 3296 3357 neque
3350 3281 3629 3340 volentibus
3671 3274 3713 3329 id

2167 3390 2457 3447 concessit.
2487 3386 2556 3444 Ut
2579 3396 2756 3442 autem
2780 3383 2945 3439 exivit
2970 3382 3057 3436 ille
3083 3396 3145 3436 ex
3174 3379 3459 3459 spelunca,
3485 3373 3565 3429 hic
3585 3372 3715 3427 etiam

2168 3490 2424 3554 sequutus
2446 3487 2563 3547 est,
2596 3484 2651 3534 et
2679 3476 2917 3533 clamans
2942 3473 3011 3528 ad
3039 3474 3219 3537 illum,
3265 3471 3430 3542 ipsius
3466 3464 3713 3536 nequitiam

2168 3573 2495 3644 ctjustitiam
2516 3585 2667 3626 suam
2691 3567 2905 3624 Saﬁlem
2935 3563 3135 3621 docuit.
3166 3563 3275 3619 llle
3294 3576 3422 3618 vero
3439 3558 3717 3628 lacrimatas

2170 3643 2272 3721 est.
2300 3664 2452 3721 Tunc
2498 3671 2742 3718 mortuus
2768 3670 2852 3716 est
2896 3654 3139 3714 Samuel.
3184 3654 3353 3709 Mittit
3378 3650 3467 3723 qui
3502 3664 3530 3704 a
3551 3643 3717 3702 Nabale

2170 3758 2310 3813 dona
2350 3761 2594 3826 peterent
2645 3768 2745 3824 pro
2774 3748 3013 3807 custodia
3056 3761 3161 3818 qua
3212 3750 3522 3801 servaverat
3561 3750 3719 3821 greges

2173 3851 2357 3922 ipsius.
2385 3847 2479 3903 Ille
2506 3860 2634 3902 vero
2661 3859 2765 3899 non
2791 3841 2949 3898 modo
2975 3855 3083 3896 non
3108 3837 3297 3905 dedit,
3324 3836 3419 3893 sed
3446 3835 3590 3889 etiam
3613 3844 3718 3885 cou-

2174 3942 2392 3999 tumelia
2438 3941 2611 4011 ipsum
2641 3935 2819 3992 atlccit
2855 3950 2949 4005 per
2973 3933 3176 4003 legatos
3203 3944 3359 3985 suos.
3391 3926 3483 3983 ille
3516 3928 3718 3979 armatus

2174 4033 2459 4091 incedebat
2482 4040 2539 4087 ut
2562 4028 2812 4102 perderet
2834 4042 2979 4082 eum.
3006 4023 3131 4079 llmc
3152 4021 3344 4077 didicit
3369 4016 3575 4088 Ahigaia
3610 4023 3717 4065 uxor

2176 4129 2351 4197 illius,
2379 4135 2435 4183 et
2454 4124 2690 4192 acceptis
2710 4118 3019 4176 muneribus
3043 4115 3283 4170 occurrit
3318 4110 3501 4168 Davidi
3516 4149 3531 4174 ,
3552 4103 3716 4162 multa-

2176 4236 2281 4292 que
2309 4194 2561 4291 precata,
2581 4216 2837 4285 impetum
2867 4210 2983 4282 ejus
3010 4205 3278 4264 cohibuit.
3304 4205 3623 4292 Μαι-ωοᾳυῖ
3636 4194 3719 4292 Na-

2177 4285 2326 4380 bale,
2350 4309 2571 4381 Abigaia
2599 4307 2715 4377 ejus
2740 4320 2875 4358 uxor
2899 4300 3147 4373 efﬁcitur.
3174 4296 3313 4353 Cum
3334 4285 3716 4381 audiissetbaul.

2177 4420 2282 4476 quo
2306 4378 2363 4458 in
2392 4378 2509 4458 loco
2538 4408 2678 4455 esset
2723 4394 2887 4451 David
2907 4435 2922 4461 ,
2953 4392 3099 4448 venit
3117 4404 3309 4445 rursus
3332 4386 3399 4441 ad
3427 4401 3562 4440 euut.
3608 4378 3718 4432 Dor-

2181 4496 2377 4550 tniente
2405 4503 2582 4548 autem
2620 4489 2779 4546 Saule
2803 4502 2922 4543 cum
2952 4494 3063 4540 toto
3110 4482 3350 4538 exercitu
3380 4492 3508 4542 suo,
3543 4468 3719 4528 advenit

2182 4587 2348 4643 David
2372 4601 2494 4641 cum
2536 4583 2741 4639 Abessa
2776 4598 2790 4635 :
2835 4591 3062 4648 cumque
3104 4574 3192 4629 hic
3224 4573 3439 4642 juberet
3475 4561 3719 4648 confodere

2182 4678 2452 4734 inimicum
2472 4717 2489 4741 ,
2520 4689 2626 4728 non
2653 4671 2813 4727 cessit
2841 4670 2950 4734 ille,
2976 4645 3069 4722 sed
3099 4671 3323 4734 accepto
3352 4659 3546 4731 scypho
3565 4652 3643 4724 qui
3665 4645 3718 4700 ad

2181 4778 2341 4842 caput
2365 4769 2482 4838 ejus
2508 4774 2656 4830 erat,
2689 4771 2743 4819 et
2781 4763 2963 4827 hasta,
2995 4760 3205 4828 longius
3235 4752 3516 4826 processit,
3545 4754 3592 4802 et
3630 4742 3719 4842 cla-

2183 4832 2335 4918 mans
2373 4832 2624 4915 excitavit
2652 4855 2770 4926 ejus
2790 4854 3004 4920 ducem,
3026 4847 3169 4905 etde
3193 4843 3438 4901 socordia
3464 4832 3717 4895 incusabat.

2182 4952 2323 5027 quod
2350 4966 2456 5007 non
2494 4948 2790 5005 cuswdiret
2829 4959 3028 5014 regem.
3076 4937 3426 5007 Ostenditque
3454 4927 3720 5027 hastamuc:

2183 5008 2443 5119 scyphum
2465 5083 2481 5111 ,
2504 5051 2563 5099 et
2602 5042 2810 5097 incusat
2844 5008 3060 5093 saulem
3079 5074 3095 5101 ,
3126 5030 3267 5102 quod
3295 5041 3419 5084 eum
3440 5022 3598 5119 quise
3615 5008 3720 5069 nihil

2184 5114 2396 5197 laeserat
2444 5139 2828 5208 insequeretur.
2876 5130 3026 5185 Tunc
3072 5125 3205 5197 fugit
3249 5118 3414 5177 David
3461 5114 3525 5170 ad
3573 5116 3720 5201 regent

2184 5236 2444 5294 Auchus:
2495 5245 2668 5302 neque
2712 5228 2855 5283 enim
2902 5233 3071 5277 tutum
3126 5231 3247 5273 esse
3299 5210 3511 5284 putabat
3549 5211 3718 5258 versari

2186 5342 2352 5400 prope
2375 5297 2612 5381 Santoni.
2640 5318 2847 5390 Accipit
2875 5312 3039 5371 David
3063 5311 3133 5367 ab
3174 5305 3388 5365 Auchus
3418 5297 3618 5359 secelac
3640 5298 3721 5400 rei

2187 5383 2432 5479 incursus
2459 5415 2688 5474 iaciebat
2733 5383 2790 5469 in
2831 5411 3016 5466 hostes
3039 5447 3054 5473 ,
3084 5400 3481 5473 accipiebath
3504 5383 3719 5462 pecuni”

2187 5529 2241 5575 et
2268 5532 2397 5573 oves
2416 5513 2629 5570 inultas.
2657 5512 2809 5568 Tunc
2833 5513 3222 5579 congregantur
3245 5498 3547 5567 alienigena:
3565 5492 3716 5544 contra

2190 5610 2461 5673 lsraeiem,
2487 5615 2541 5662 et
2559 5604 2685 5662 Sail]
2716 5604 3006 5671 interrogat
3032 5587 3516 5667 cngastrirnytham.
3546 5583 3717 5638 item“

2259 5773 2271 5802 ¹
2299 5769 2410 5830 Alii,
2427 5765 2660 5818 (Mallum.
