4090 6216
468 291 572 319 ενι*

468 310 575 347 6:0

467 404 649 473 φύλων
676 399 1024 467 συνεξελθεῖν,
1046 397 1438 461 ὑποπτεύοντες
1463 395 1626 451 06:66
1650 394 1947 465 προδιδόναι
1968 393 2029 446 τὸ

469 487 868 562 στρατόπεδον),
899 484 1141 556 εὑρίσκει
1160 485 1261 556 τὴν
1282 483 1522 537 Σεκελάκ
1544 482 2031 564 ἐμπεπρησμένην,

465 579 563 631 καὶ
598 576 693 639 :0;
721 576 984 642 γυναῖκας
1006 572 1278 644 οὐδαμοῦ·
1341 571 1666 649 ἀπήχθησαν
1713 569 1820 641 γὰρ
1870 570 2033 637 αἰχμ-

465 664 681 716 άλωτοι.
728 661 1016 733 Ἐρόμενος
1043 660 1101 714 δὲ
1134 660 1227 713 τὸν
1262 658 1413 725 Θεὸν,
1444 661 1492 711 εἰ
1530 658 1638 713 δέοι
1658 682 1663 689 ~
1682 656 2029 722 καταδιῶξαι,

464 748 707 811 εἰπόντος
729 746 809 800 ὅτι
837 746 967 811 δέοι,
1001 745 1311 811 κατεδίωξε.
1352 745 1462 799 K01
1498 743 1684 817 μαθὼν
1729 742 1882 815 παρά
1907 759 2033 796 παι-

462 836 576 888 δίου
597 833 915 902 Αἰγυπτίου,
947 832 1051 887 ποῦ
1083 831 1614 904 στρατοπεδεύονται,
1654 829 1806 903 [548]
1838 830 2034 883 ἐπιπε-

464 921 576 975 σὼν
612 919 968 991 ῥᾳθυμοῦσιν,
1019 918 1287 985 ἐπάταξεν
1320 918 1518 982 06:06;
1541 957 1556 983 ,
1601 918 1696 971 1:01
1746 916 1815 970 :0
1863 914 2034 969 σκῦλα

465 1010 644 1073 ελαϐε,
683 1009 777 1063 3:01
807 1008 1072 1079 διένειμεν
1093 1008 1154 1072 ἐξ
1184 1008 1306 1078 ἴσης
1355 1010 1466 1071 τοῖς
1487 1024 1546 1060 τε
1577 1005 1914 1077 πολεμήσασι
1942 1004 2035 1058 καὶ

463 1100 576 1161 τοῖς
600 1096 958 1168 ἀπομείνασιν
981 1097 1074 1150 601
1090 1095 1197 1150 τῶν
1225 1094 1454 1149 σκευῶν.
1495 1094 1581 1157 '0;
1613 1094 1670 1147 δὲ
1698 1094 1727 1146 6
1772 1092 1909 1164 096;
1943 1091 2035 1145 :66

476 1184 692 1255 Ἰσραὴλ
713 1183 907 1252 γέγονε
923 1182 1155 1253 πόλεμος
1174 1180 1286 1233 τῶν
1306 1179 1634 1249 ἀλλοφύλων,
1658 1179 1846 1232 πίπτει
1864 1179 2035 1231 Σαοὺλ

466 1273 559 1326 καὶ
596 1271 873 1337 Ἰωνάθαν,
906 1271 1001 1324 καὶ
1038 1272 1086 1323 οἰ
1125 1269 1217 1323 δύο
1241 1268 1391 1323 ἄλλοι
1431 1268 1538 1320 υἱοὶ
1563 1266 1726 1321 αὐτοῦ
1746 1282 1760 1297 ο
1810 1266 1906 1319 καὶ
1938 1265 2036 1318 λα-

467 1358 651 1423 ϐόντες
675 1357 836 1412 αὐτὸν
866 1359 916 1410 οί
945 1356 1213 1427 πολέμιοι,
1251 1354 1596 1425 προσέπηξαν
1618 1354 1694 1425 τῷ
1721 1352 1888 1422 τείχει
1913 1352 2037 1405 Βιθ-

466 1445 601 1510 σάν,
656 1448 692 1517 ἦ
734 1447 849 1499 ἐστι
877 1442 1226 1507 Σκυθόπολις.
1282 1442 1556 1506 Ἐλθόντες
1606 1441 1662 1494 δὲ
1698 1442 1747 1494 οἰ
1786 1441 1894 1493 ἀπὸ
1932 1440 2036 1493 Ἰά-

466 1533 566 1606 ϐης
586 1545 634 1601 ι,
653 1532 842 1587 ἔλαϐόν
863 1549 927 1588 τε
951 1529 1106 1586 06:66
1138 1530 1232 1584 1:01
1260 1528 1351 1583 :66
1385 1528 1656 1593 ’ἰωνάθαν,
1690 1527 1784 1581 καὶ
1805 1526 2030 1596 ἔθαψαν.

989 1682 1005 1691 ”
1024 1682 1352 1737 Βασιλειῶν
1393 1682 1474 1747 β’.

540 1793 800 1866 "Ep-15:0!
844 1809 925 1854 ::;
956 1792 1313 1860 ἀπαγγέλλων
1365 1790 1446 1862 τῷ
1470 1788 1655 1854 Δαυῖδ,
1697 1791 1777 1844 ὅτι
1826 1788 2034 1859 ἀνεῖλεν

467 1882 629 1946 06:6;
657 1880 753 1934 :66
788 1878 987 1946 Σαούλ·
1045 1879 1140 1933 1:01
1195 1877 1402 1933 ἀνεῖλεν
1443 1877 1605 1932 06:66
1642 1879 1670 1931 6
1712 1875 1875 1931 A0616
1898 1892 1912 1906 ·
1940 1875 2035 1929 καὶ

466 1942 733 2041 ἐθρήνησε
761 1942 854 2021 :66
886 1965 1059 2019 Σαοὺλ
1100 1965 1194 2019 1:01
1240 1964 1331 2019 :66
1355 1964 1632 2026 Ἰωνάθαν,
1663 1964 1757 2017 καὶ
1794 1963 2034 2034 χρίουσιν

467 2056 629 2111 06:66
662 2057 740 2121 εἰς
773 2054 1015 2126 βασιλέα.
1056 2053 1169 2106 K01
1187 2052 1499 2106 ἀποστέλλει
1532 2052 1667 2123 πρὸς
1706 2052 1832 2113 τοὺς
1866 2050 2033 2114 Ἰαϐἐς

463 2143 698 2210 P01006,
730 2142 967 2197 ἐπαινῶν
996 2142 1195 2205 06:06;
1217 2142 1298 2195 6::
1325 2139 1530 2210 ἔθαψαν
1575 2140 1667 2194 τὸν
1698 2139 1886 2192 Σαούλ.
1924 2138 2035 2191 K01

479 2230 734 2303 Ἀϐεννὴρ
767 2231 796 2283 6
828 2228 1132 2301 στρατηγὸς
1174 2227 1268 2282 τοῦ
1314 2227 1485 2281 Σαοὺλ
1536 2226 1849 2280 ἐϐασίλευσε
1877 2226 1907 2266 δ
1937 2224 2032 2279 τοῦ

478 2317 693 2390 Ἰσραὴλ
723 2318 837 2371 υἱὸν
870 2315 1043 2369 Σαοὺλ
1082 2314 1174 2369 τὸν
1220 2313 1594 2386 Μεμφιϐοσθέ.
1628 2313 1734 2368 Τοῦ
1762 2314 1818 2367 δέ
1864 2312 2033 2367 Ἰούδα

467 2406 784 2462 ἐϐασίλευσε
814 2404 998 2458 Δαυῖδ.
1047 2404 1134 2467 '0;
1173 2403 1230 2457 66
1268 2403 1554 2473 συνέτυχον
1587 2398 1837 2474 ἀλλήλοις
1873 2402 2032 2456 ’ἰωάϐ

466 2499 494 2549 ό
520 2494 614 2549 τοῦ
642 2491 825 2557 Δαυῖδ,
850 2493 946 2547 1:01
977 2492 1240 2562 Ἀϐεννηρ
1267 2493 1295 2545 6
1320 2490 1414 2544 τοῦ
1436 2490 1628 2553 Σαοὺλ,
1655 2490 1751 2544 καὶ
1780 2507 2034 2561 0665090—

463 2583 603 2655 τήθη
653 2582 884 2649 πόλεμος
932 2581 1041 2635 ἀπὸ
1090 2580 1329 2643 παιδίας,
1384 2578 1710 2633 κατεδίωκεν
1758 2579 1955 2650 ’Δσαὴλ
2002 2582 2032 2633 6

466 2672 693 2741 ἀδελφὸς
734 2669 890 2724 Ἷωάϐ
923 2669 1013 2724 τὸν
1052 2669 1312 2740 Ἀϐεννήρ
1332 2683 1345 2696 ·
1387 2668 1480 2721 3:01
1500 2666 1757 2731 πολλάκις
1783 2667 2031 2721 κελεύον-

465 2776 552 2822 τος
596 2758 893 2828 ἀναχωρεῖν
918 2796 934 2821 ,
987 2756 1086 2809 οὐκ
1116 2755 1390 2827 ἠνέσχετο.
1425 2755 1557 2825 Τότε
1613 2755 1829 2827 ἀναιρεῖ
1871 2755 2032 2809 06:66

477 2844 758 2916 166566139,
795 2843 889 2897 καὶ
922 2842 1156 2907 καλέσας
1178 2843 1271 2896 τὸν
1292 2841 1451 2897 Ἰωάϐ
1475 2844 1727 2914 παραινεῖ
1746 2841 2030 2898 καταπαῦ-

467 2949 557 2986 σαι
579 2932 670 2986 τὸν
701 2930 955 3002 0615906.
979 2932 1088 2985 K01
1111 2927 1180 3002 ἦν
1202 2931 1435 3001 πόλεμος
1467 2931 1736 3002 ἀναμέσον
1761 2929 1857 2984 τοῦ
1883 2932 2031 2985 οἰκου

465 3018 637 3074 Σαοὺλ
669 3019 762 3073 καὶ
789 3016 885 3071 τοῦ
911 3019 1060 3072 οίκου
1087 3017 1280 3072 Δαυῖδο
1308 3018 1403 3071 καὶ
1449 3019 1477 3070 6
1529 3018 1627 3089 μὲν
1659 3017 1891 3088 ἠσθένει,
1924 3019 1953 3071 6
1975 3017 2033 3072 δὲ

464 3105 837 3179 ἐκραταιοῦτο.
880 3104 1161 3176 Δαμϐάνει
1212 3105 1313 3177 τὴν
1360 3104 1641 3176 παλλακὴν
1678 3103 1773 3157 τοῦ
1806 3104 1976 3158 Σαοὺλ
2004 3107 2033 3159 6

478 3192 768 3261 Ἀϐεννήρ·
817 3191 1133 3246 ἐνεκάλεσεν
1183 3193 1211 3245 6
1239 3190 1614 3265 Μεμφιϐοσθέ.
1666 3190 1952 3263 Θυμωθεὶς
2003 3191 2033 3244 6

476 3279 735 3352 ’Λϐεννὴρ
772 3280 978 3351 πέμπει
1013 3280 1151 3351 πρὸς
1199 3280 1292 3334 τὸν
1330 3278 1493 3333 Δαυτδ
1520 3320 1535 3345 ,
1566 3279 2033 3351 ἐπαγγελλόμενος

465 3366 679 3420 ἅπαντα
700 3365 792 3419 τὸν
818 3366 946 3419 λαὸν
970 3365 1119 3433 αύτῷ
1147 3364 1507 3437 παραδώσειν.
1541 3365 1652 3418 K01
1695 3365 1914 3420 ἐλθόντα
1936 3365 2033 3417 06-

464 3452 554 3506 :66
600 3452 738 3524 πρὸς
767 3452 949 3518 αὑτὸν,
984 3452 1254 3506 εἱστίασεν
1285 3456 1313 3506 6
1358 3451 1539 3505 Δαυῖδ.
1596 3452 1684 3515 '0;
1712 3451 1769 3504 δὲ
1801 3452 2031 3523 ῆκουσεν

464 3538 626 3594 πόθεν
656 3542 719 3593 ἐκ
738 3539 973 3610 πολέμου
1002 3538 1301 3610 ἐπανῆλθεν
1326 3541 1353 3593 6
1377 3537 1557 3601 Ἰωάϐ,
1599 3538 2031 3609 μεταπεμψάμε-

463 3638 553 3692 νος
582 3627 672 3680 τὸν
687 3625 946 3697 Ἀϐεννὴρ
969 3625 1367 3695 ἐδολοφόνησεν,
1397 3624 1627 3679 ἐκδικῶν
1654 3625 1716 3677 :6
1743 3624 1836 3679 τοῦ
1874 3625 2029 3678 ἀδελ-

464 3713 564 3784 φοῦ
598 3708 757 3784 αἷμα.
786 3711 991 3767 Μαθὼν
1014 3715 1042 3767 6
1063 3711 1225 3765 A0616
1256 3714 1560 3784 καταρᾶται
1590 3713 1683 3767 τὸν
1712 3712 1870 3766 Ἰωάϐ
1889 3751 1904 3777 ,
1937 3714 2031 3767 1:01

464 3802 653 3874 θρηνεῖ
675 3802 767 3854 τὸν
791 3799 1074 3872 Ἀϐεννὴρ,
1102 3799 1196 3853 1:01
1220 3798 1359 3869 95:0
1381 3799 1581 3870 πολλῆς
1612 3799 1805 3854 θάπτει
1828 3800 1929 3871 τῆς
1949 3818 2032 3854 τι-

465 3889 592 3959 μῆς.
639 3887 825 3959 Ῥιχάν
872 3890 966 3941 καὶ
1007 3887 1212 3951 Βανέας
1247 3896 1271 3926 ο
1320 3885 1494 3957 λάθρα
1541 3886 1632 3941 τὸν
1677 3889 2030 3959 Μεμφιϐοσθὲ

461 3975 739 4039 ἀνελόντες
764 3971 928 4048 ἦλθον
954 3974 1090 4045 πρὸς
1124 3973 1215 4028 τὸν
1244 3973 1425 4038 Δαυῖδ,
1467 3974 1543 4039 ὡς
1581 3974 2031 4048 εὐδοκιμήσαντες

458 4062 548 4117 διὰ
572 4062 662 4117 τὸν
706 4063 884 4132 φόνον.
951 4061 1011 4117 ’0
1061 4061 1118 4116 δέ
1154 4062 1350 4125 06:06;
1386 4062 1581 4119 ἀνεῖλε.
1638 4063 1771 4117 Τότε
1821 4064 2031 4134 γίνεται

459 4150 659 4215 παντὸς
695 4151 789 4205 τοῦ
818 4148 947 4203 λαοῦ
989 4146 1242 4221 βασιλεὺς
1283 4149 1313 4202 6
1345 4148 1507 4204 A0616
1527 4190 1543 4215 ,
1575 4152 1669 4205 1:01
1691 4150 1910 4222 ἔρχεται
1951 4154 2031 4216 εἰς

471 4238 824 4311 Ἰερουσαλὴμ
846 4237 983 4309 πρὸς
1007 4237 1097 4290 τὸν
1112 4236 1454 4301 Ἰεϐουσαῖον,
1491 4238 1583 4291 καὶ
1604 4238 1904 4292 κωλύουσιν
1928 4239 2029 4292 αὐ-

458 4325 551 4378 τὸν
579 4325 811 4394 οἰχωλοί
842 4323 1122 4391 εἰσελθεῖν,
1152 4325 1243 4378 καὶ
1270 4324 1535 4396 λαμϐάνει
1563 4324 1662 4396 τὴν
1689 4325 1864 4400 ἄκραν
1888 4366 1904 4391 ,
1935 4328 2030 4379 καὶ

459 4410 809 4481 ᾠκοδόμησεν
838 4410 1014 4480 ἐαυτῷ
1040 4407 1206 4467 οἰκον.
1226 4410 1530 4484 Συνέπραξε
1553 4412 1610 4465 δὲ
1631 4412 1779 4482 αύτῷ
1806 4414 1897 4466 καὶ
1920 4414 2030 4466 Χυ-

460 4497 576 4568 ράμ
606 4499 636 4549 6
666 4495 921 4566 βασιλεὺς
957 4497 1155 4568 Τύρου.
1193 4498 1600 4569 Ἐπανέστησαν
1646 4502 1695 4553 οἰ
1722 4500 2025 4569 ἀλλόφυλοι,

460 4586 553 4637 καὶ
580 4581 809 4648 ἐξελθὼν
837 4583 1136 4653 κατέκοψεν
1162 4586 1357 4648 06:06;
1387 4587 1416 4638 6
1451 4585 1630 4639 A0616.
1676 4587 1763 4651 '0;
1786 4587 1842 4640 66
1868 4588 2027 4643 001:6

456 4670 711 4724 ἐπέθεντο
734 4709 751 4735 ,
801 4668 1067 4723 κωλύεται
1099 4672 1249 4741 παρά
1275 4670 1370 4724 τοῦ
1402 4671 1539 4724 Θεοῦ
1590 4674 1670 4737 εἰς
1705 4675 2027 4745 συνάντησιν

454 4758 637 4822 αὐτοῖς
664 4757 924 4813 ἀνελθεῖν.
949 4757 1089 4811 ’Δλλ⁹
1129 4760 1235 4812 Ἐν
1259 4757 1339 4824 τῷ
1367 4759 1628 4813 ἀκοῦσαί
1664 4777 1767 4828 σε,
1804 4762 1968 4833 φησὶν
1997 4766 2026 4817 6

455 4846 608 4921 {549]
625 4848 777 4912 Θεὸς,
798 4847 914 4916 τὴν
932 4848 1144 4918 φωνὴν
1172 4848 1277 4901 τοῦ
1298 4849 1554 4917 σεισμοῦ
1576 4849 1683 4905 τοῦ
1717 4851 2028 4921 κλαυθμῶ-

452 4951 577 5001 νος,
594 4936 728 4991 τότε
749 4936 1014 5006 πολέμει.
1040 4937 1171 4990 Τότε
1194 4936 1303 5009 γάρ
1326 4937 1708 5008 παραδίδονται
1734 4940 1835 4993 001.
1872 4941 2027 4995 Ἀνά-

450 5037 540 5091 re:
556 5022 653 5092 τὴν
677 5024 905 5077 κιϐωτὸν
929 5026 958 5078 6
988 5024 1170 5087 A0616,
1186 5026 1279 5078 καί¹
1297 5024 1627 5097 ἀποθνήσκει
1647 5024 1800 5092 Ὀζᾶ.
1819 5029 1898 5081 6::
1952 5029 2027 5096 ἐξο

451 5115 623 5165 έτεινε
645 5112 744 5182 τὴν
773 5116 929 5183 χεῖρα
945 5114 1108 5168 αὐτοῦ
1142 5115 1277 5186 πρὸς
1309 5114 1408 5187 τὴν
1432 5115 1679 5171 κιϐωτόν.
1737 5118 1824 5182 '0;
1848 5117 1904 5171 δὲ
1932 5120 2025 5172 άν-

452 5198 669 5269 ήγετοὴ
700 5199 949 5262 κιϐωτὸς.
989 5200 1216 5271 ὠρχεῖτο
1240 5204 1268 5256 6
1292 5202 1473 5268 Δαυῒδ,
1496 5204 1589 5257 καὶ
1617 5204 1966 5276 ἐξουθένησεν
1991 5208 2029 5279 ἡ

450 5285 701 5357 Μελχώλ.
732 5286 866 5338 Τότε
898 5286 1217 5357 βουλόμενος
1244 5291 1271 5341 6
1292 5289 1453 5343 A0616
1489 5292 1838 5363 οἰκοδομῆσαι
1872 5292 2025 5359 ναὸν,

511 5430 537 5458 ⁸
569 5430 741 5489 Ἰἀϐης.
763 5429 889 5478 In”:
933 5429 1097 5487 Ἰαϐές.

446 5553 468 5601 f
512 5492 538 5531 ιι
561 5491 684 5541 Nota
711 5492 914 5543 verbum
941 5491 1205 5555 βασιλεύειν
1226 5492 1385 5544 active
1424 5503 1691 5560 sumptum,
1718 5512 1820 5561 pro.
1852 5511 2025 5562 regem

464 5566 610 5603 acere

506 5618 531 5646 °
557 5616 611 5684 ,ιη
640 5616 759 5685 quil.
782 5614 1170 5685 ’ΒοιηλΒοιανάη
1191 5620 1243 5685 e_t
1277 5616 1476 5685 Ῥηχάϐ.
1502 5619 1700 5672 Coislin.
1740 5620 1902 5685 Ἰχαὰϐ
1941 5622 2027 5671 καὶ

448 5676 644 5731 Βανέας.
660 5676 881 5740 Lugdun.
914 5676 1077 5740 Ῥιχάη
1095 5680 1174 5726 καὶ
1195 5676 1397 5737 Βενέαςῖ
1774 5676 1809 5685 ”
2012 5732 2023 5738 ,

1142 227 1199 340 8..
1230 282 1518 340 ιυΑΝΝιε
1546 279 2033 337 CIIRYSOSTOMI
2075 279 2389 339 ABCIIIEP.
2419 281 2968 343 CONSTANTlNOP.

3605 290 3712 349 356

2140 395 2405 449 κωλύεται
2433 397 2537 451 606
2562 397 2654 451 τοῦ
2676 398 2864 453 Νάθαν
2890 397 2983 453 τοῦ
3018 399 3317 472 προφήτου,
3362 399 3458 455 1:01
3495 401 3714 474 εὔχεται

2140 483 2476 553 εὐχαριστῶν
2518 486 2655 557 πρὸς
2690 488 2781 541 τὸν
2813 487 2946 541 Θεὸν
2973 530 2988 553 ,
3034 488 3375 561 εὐχαριστῶν
3417 490 3556 563 6069
3602 493 3712 547 τῶν

2139 570 2479 639 ἐπαγγελιῶν
2505 565 2580 625 ὧν
2615 574 2865 645 ῆκουσεν.
2905 573 3169 638 Ἐπάταξε
3201 574 3366 629 Δαυῒδ
3390 577 3515 641 :06;
3555 578 3712 632 0110-

2140 657 2338 720 φύλους
2365 659 2459 712 καὶ
2484 660 2575 712 τὸν
2604 660 2777 714 Μωάϐ
2806 661 2898 714 1:01
2928 662 3055 722 :06;
3084 660 3307 733 Σύρους,
3356 663 3449 716 καὶ
3473 663 3542 717 :0
3570 665 3711 719 ὅπλα

2138 741 2207 795 τὰ
2248 746 2444 814 χρυσᾶ,
2474 744 2510 799 ἀ
2542 745 2752 814 ἐλαϐεν,
2782 747 3011 818 ἧνεγκεν
3037 750 3117 810 εἰς
3157 749 3531 821 Ἰερουσαλὴμ,
3565 751 3711 825 άπερ

2141 829 2366 901 ὕστερον
2410 831 2569 885 ἔλαϐε
2617 833 2924 905 Σουσακείμ
2966 833 3217 903 βασιλεὺς
3261 836 3557 903 Αἰγύπτου.
3599 841 3712 894 Καὶ

2141 914 2313 969 00110
2333 918 2646 990 ἀναθέματα
2675 920 2941 992 ἀνέθηκεν
2967 923 2995 975 6
3026 923 3208 976 A0616.
3252 923 3419 988 ’Δξιοί
3436 925 3526 978 τὸν
3552 927 3709 998 Μεμ-

2141 1001 2343 1070 φιϐαάλ
2403 1004 2516 1058 υἱὸν
2578 1006 2832 1061 Ίωνάθαν
2891 1009 3168 1080 τραπέζης
3234 1010 3552 1082 βασιλικῆς,
3614 1015 3712 1067 καὶ
3824 1039 3837 1048 ι

2141 1089 2317 1143 πάντα
2354 1089 2423 1144 τά
2468 1089 2561 1143 τοῦ
2591 1091 2761 1146 Σαοὺλ
2801 1092 3015 1149 δίδωσιν
3040 1094 3205 1165 αὐτῷ.
3247 1097 3357 1151 K01
3389 1098 3598 1152 κελεύει
3630 1100 3712 1171 τῷ

2112 1175 2309 1248 ,Σίϐᾳη
2357 1177 2417 1240 6;
2450 1173 2519 1249 ἦν
2564 1177 2714 1250 αύτῷ
2743 1179 2930 1244 δοῦλος
2963 1182 3261 1254 πατρικὸς,
3308 1184 3579 1240 δουλεύειν
3628 1188 3715 1258 τῷ

2139 1264 2474 1334 Μεμφιϐαάλ
2519 1266 2656 1338 μετὰ
2681 1267 2790 1322 τῶν
2829 1268 3035 1323 τέκνων
3064 1270 3250 1325 αὑτοῦ.
3282 1273 3496 1341 Πέμπει
3525 1274 3581 1328 δέ
3614 1279 3712 1329 3:01

2141 1351 2279 1420 096;
2303 1352 2393 1405 τὸν
2425 1351 2652 1422 βασιλέα
2681 1354 2815 1408 υἰῶν
2857 1354 3081 1427 Ἀμμὼν
3105 1359 3521 1428 παρακαλέσων,
3560 1363 3708 1417 ἐπει-

2139 1434 2204 1519 δή
2235 1434 2484 1507 τεθνήκει
2512 1438 2676 1492 αὑτοῦ
2704 1441 2733 1493 6
2765 1442 2965 1512 πατήρ.
2995 1442 3055 1495 '0
3082 1442 3138 1496 66
3166 1442 3270 1498 ὑπὸ
3299 1445 3407 1500 τῶν
3431 1449 3712 1519 ἀρχόντων

2140 1514 2306 1577 αύτοῦ
2338 1525 2705 1591 ἀναπεισθεὶς,
2729 1527 2982 1599 ἀτιμάζει
3008 1530 3136 1595 :06;
3173 1514 3577 1599 ἀποσταλέντας
3600 1538 3711 1590 61:6

2139 1607 2234 1662 τοῦ
2278 1609 2442 1664 Δαυῖδ
2482 1613 2562 1676 εἰς
2604 1614 2967 1686 παράκλησιν.
3005 1617 3281 1673 Ἐντεῦθεν
3304 1619 3509 1688 γίνεται
3542 1623 3706 1677 πόλε-

2144 1715 2243 1769 μος
2261 1715 2273 1727 ·
2304 1701 2398 1754 1:01
2422 1700 2484 1754 :6
2511 1702 2854 1775 966,096:06
2881 1704 3093 1777 έπεμψε
3119 1707 3210 1761 τὸν
3248 1709 3425 1777 ’ῐωά6,
3458 1706 3577 1766 εἶτα
3603 1709 3707 1784 ἦλ-

2141 1785 2233 1839 θεν
2270 1787 2430 1851 αὐτὸς
2462 1790 2490 1842 6
2523 1788 2718 1857 A0616,
2747 1792 2843 1845 καὶ
2882 1793 3144 1865 τρέπεται
3169 1797 3295 1861 τοὺς
3328 1798 3581 1870 ἐχθρούς.
3623 1802 3709 1856 Τά

2141 1871 2283 1927 κατά
2305 1873 2395 1929 τὸν
2417 1874 2618 1947 Οὐρίαν
2645 1877 2895 1932 ἐντεῦθεν
2928 1881 3022 1933 καὶ
3052 1881 3151 1953 τὴν
3184 1882 3484 1954 Βηρσαϐεέ,
3525 1887 3619 1940 καί
3642 1889 3709 1942 :6

2140 1959 2348 2015 παιδίον
2391 1961 2452 2015 τὸ
2497 1962 2840 2035 τελευτῆσαν.
2889 1966 3026 2020 Μεθ’
3073 1968 3103 2021 6
3144 1968 3384 2024 τίκτεται
3432 1972 3704 2044 Σολομὼν.

2140 2047 2373 2119 Πολεμεῖ
2396 2052 2424 2103 6
2452 2050 2609 2104 ἰωάϐ
2629 2052 2729 2122 τὴν
2753 2052 3016 2120 Ῥαυάθιι,
3049 2056 3142 2107 καὶ
3181 2055 3318 2126 μετά
3344 2056 3406 2111 τὸ
3434 2060 3708 2131 κρατῆσαι

2137 2134 2238 2205 τῆς
2262 2135 2501 2202 πόλεως,
2553 2137 2756 2209 πέμπει
2783 2139 2874 2193 ἐπὶ
2903 2140 2996 2195 τὸν
3026 2140 3217 2208 Δαυῒδ,
3255 2142 3573 2215 βουλόμενος
3607 2149 3707 2219 τὴν

2137 2221 2295 2293 νίκην
2315 2223 2506 2295 ἐκείνῳ
2526 2224 2919 2297 ἐπιγραφῆναι.
2948 2226 3081 2299 Ἐρᾷ
3107 2230 3136 2282 6
3165 2229 3278 2293 υἰδς
3307 2230 3471 2286 Δαυῖδ
3496 2234 3548 2286 Ἀ
3559 2236 3708 2303 μνῶν

2136 2307 2238 2377 τῆς
2283 2308 2516 2381 ἀδελφῆς
2555 2311 2719 2365 αὑτοῦ
2767 2313 2866 2385 τῆς
2910 2313 3140 2386 Θάμαρ,
3182 2315 3275 2369 καί
3318 2321 3707 2391 προσποιηθεὶς

2138 2394 2326 2460 νόσον,
2387 2396 2645 2451 ἐλθοῦσαν
2693 2399 2861 2471 αὐτὴν
2914 2402 2996 2464 εἰς
3051 2402 3339 2472 ἐπίσκεψιν
3398 2405 3704 2478 ἐξύϐρισεν.

2152 2483 2415 2549 ’Δκούσας
2455 2484 2511 2539 66
2551 2486 2581 2538 6
2627 2486 2852 2556 ἀδελφὸς
2892 2489 3063 2559 αὐτῆς
3112 2490 3501 2565 ’Δϐεσσαλὼμ,
3551 2496 3710 2550 καλεῖ

2145 2570 2282 2639 μετά
2308 2570 2484 2625 ταῦτα
2509 2572 2598 2626 τὸν
2629 2573 2851 2643 βασιλέα
2885 2577 2966 2639 εἰς
2993 2575 3235 2630 ἑστίασιν
3252 2592 3267 2608 ⁸
3294 2578 3370 2643 ὡς
3398 2580 3453 2633 δὲ
3484 2582 3583 2635 οῦκ
3610 2578 3708 2653 ἧλ-

2139 2655 2231 2709 θεν
2259 2658 2489 2724 ἐκεῖνος,
2517 2659 2672 2730 ἠξίου
2696 2662 2822 2723 τοὺς
2858 2658 2991 2729 γοῦν
3022 2663 3281 2734 ἀδελφοὺς
3316 2665 3507 2720 ἐλθεῖν.
3552 2668 3712 2723 Ἐπεὶ

2136 2743 2193 2797 δὲ
2215 2739 2396 2814 ἦλθον,
2431 2748 2764 2818 παρήγγειλε
2793 2752 2905 2812 τοῖς
2929 2750 3123 2804 ἐαυτοῦ
3153 2752 3361 2819 00:016,
3382 2755 3475 2807 1:01
3495 2755 3711 2808 ἀνεῖλον

2137 2832 2196 2883 ἐν
2225 2832 2375 2903 αὐτῷ
2406 2832 2484 2904 τῷ
2515 2835 2723 2906 ἀρίστῳ
2764 2834 2854 2890 τὸν
2907 2835 3140 2907 Ἀμνῶν.
3193 2839 3281 2903 '0;
3324 2839 3381 2893 δὲ
3424 2842 3707 2913 ῆκουσενὸ

2137 2917 2321 2981 Δαυῒδ,
2353 2919 2649 2991 ἐπένθησεν
2682 2922 2902 2989 ἰκανῶς,
2932 2924 3027 2978 καὶ
3052 2925 3316 2998 ὠργίζετο
3342 2928 3420 2999 τῷ
3447 2929 3708 2985 Ἀϐεσσα-

2137 3002 2276 3075 λώμ.
2317 3007 2377 3059 'U
2411 3006 2468 3059 66
2510 3008 2719 3080 ἀπέδρα
2738 3010 2891 3077 ’,καὶ
2940 3010 3078 3082 μετὰ
3125 3013 3218 3085 ἐτη
3255 3014 3399 3085 τρία,
3445 3015 3535 3069 6:5
3580 3019 3708 3073 καθ-

2137 3090 2315 3161 υφῆκε
2352 3092 2658 3167 τῆςλόργῆς
2696 3097 2725 3149 6
2769 3095 3056 3167 βασιλεὺς,
3106 3098 3383 3169 σοφίζεται
3425 3103 3583 3158 Ἰωάϐ
3618 3106 3710 3159 6:0

2137 3177 2393 3245 γυναικὸς
2439 3178 2759 3246 Θεκωϊτιδος
2783 3222 2799 3247 ,
2848 3184 2943 3237 1:01
2990 3185 3165 3240 πείθει
3211 3188 3575 3259 ἐπαναγαγεῖν
3614 3193 3708 3246 τὸν

2150 3263 2520 3337 Ἀνϐεσσαλώμ.
2563 3266 2953 3324 Ἐπανελθόντα
2985 3271 3044 3325 δέ
3071 3273 3173 3331 οὐκ
3202 3273 3468 3347 ⁴ἰλθέλησεν
3498 3277 3707 3345 εὐθέως

2140 3352 2265 3406 ίδεῖν
2317 3354 2349 3406 6
2389 3353 2592 3425 πατὴρ,
2643 3356 2759 3411 ἀλλ’
2795 3352 2864 3429 ἦν
2907 3358 3000 3412 δύο
3029 3360 3120 3432 ἐτη
3166 3363 3225 3416 ἐν
3263 3363 3615 3437 Ἰερουσαλὴμ
3646 3368 3707 3434 ἐξ

2136 3438 2309 3508 ὅψεως
2353 3438 2448 3492 τοῦ
2498 3439 2783 3510 βασιλέως,
2838 3443 2971 3498 Τότε
3020 3446 3179 3501 καλεῖ
3218 3449 3311 3504 τὸν
3351 3450 3508 3505 Ἰωάϐ
3527 3467 3541 3482 ·
3588 3455 3617 3506 ό
3647 3452 3707 3507 δὲ

2136 3526 2233 3596 οὐχ
2279 3526 2605 3597 ὑπήκουσεν.
2654 3525 2787 3583 Εἶτα
2816 3531 3112 3604 ἐνέπρησεν
3158 3536 3326 3590 αὑτοῦ
3372 3538 3467 3592 τὸν
3512 3540 3704 3610 ἀγρὸν,

2136 3616 2231 3668 1:01
2269 3614 2440 3679 οὕτως
2482 3617 2846 3687 ἀναγκασθεὶς
2874 3616 3004 3693 ἦλθε
3031 3623 3164 3695 096;
3197 3624 3289 3680 :66
3328 3626 3703 3700 ’Δϐεσσαλὼμ,

2137 3704 2230 3757 1:01
2260 3703 2587 3770 0000:0151;
2633 3706 2727 3759 ὑπ’
2766 3709 2931 3763 αὐτοῦ
2961 3712 3098 3781 πρὸς
3150 3713 3242 3767 :66
3284 3713 3528 3784 βασιλέα,
3576 3735 3707 3771 κατ-

2135 3793 2363 3881 ήλλαξεν
2436 3795 2629 3859 αὐτὸν,
2701 3797 2796 3850 καὶ
2856 3800 3118 3870 εἰσήγαγε
3170 3800 3263 3856 τὸν
3329 3804 3705 3881 ’Δϐεσσα).ώμ.

2150 3879 2401 3952 Ἐποίησε
2423 3881 2480 3935 δὲ
2505 3882 2653 3954 αὐτῷ
2685 3884 2908 3955 ἀρματα
2953 3888 3050 3941 καὶ
3095 3888 3295 3954 ἵππους
3328 3879 3704 3965 ’Λϐεσσαλὼμ,

2138 3968 2232 4021 3:01
2267 3969 2395 4031 :06;
2427 3969 2757 4040 ἐρχομένους
2800 3971 3080 4042 κρίνεσθαι
3135 3976 3272 4045 μετά
3319 3976 3518 4049 πολλῆς
3570 3982 3709 4034 ἀπο-

2135 4053 2423 4125 δεχόμενος
2447 4056 2616 4127 τιμῆς
2634 4096 2650 4123 ,
2680 4057 2867 4128 ἐπῄνει
2918 4060 3016 4129 μέν
3046 4060 3122 4124 ὡς
3149 4060 3331 4117 δίκαια
3354 4064 3530 4133 λέγειν
3557 4066 3708 4138 έχον-

2135 4156 2253 4205 τας,
2287 4140 2425 4195 ἐλέει
2467 4143 2525 4196 δὲ
2567 4143 2643 4207 ὡς
2679 4143 2893 4209 066566;
2926 4145 3077 4210 66:0;
3099 4146 3199 4200 τοῦ
3236 4149 3440 4220 ἀμῦναι
3471 4151 3706 4224 δυναμέ-

2136 4244 2248 4291 νου,
2276 4228 2370 4282 καὶ
2397 4227 2579 4295 ἔλεγε·
2604 4230 2700 4296 Τίς
2729 4231 3095 4299 καταστήσει
3116 4251 3193 4304 με
3229 4236 3441 4307 κριτὴν
3467 4240 3567 4294 ἐπὶ
3596 4240 3707 4308 τῆς

2135 4314 2285 4385 γῆςς
2321 4317 2415 4370 x01
2438 4316 2612 4381 06::6;
2646 4318 2907 4388 ᾠκειοῦτο
2931 4322 3021 4375 τὸν
3050 4322 3197 4377 λαόν.
3238 4309 3707 4387 Ἐπανίσταταιδέ

2148 4402 2501 4475 ’Δϐεσσαλὼμ
2536 4404 2613 4475 τῷ
2645 4407 2807 4461 Δαυϊδ
2827 4426 2841 4440 ·
2872 4410 2901 4462 ὁ
2930 4410 2989 4463 6'5
3020 4411 3259 4477 ἀκούσας
3287 4414 3485 4485 ἔφυγεν
3514 4420 3579 4472 ἐκ
3605 4419 3707 4490 τῆς

2146 4490 2533 4564 Ἰερουσαλὴμ,
2563 4494 2721 4563 ἀφεὶς
2753 4495 2853 4560 :0;
2904 4498 3186 4566 παλλακάς
3218 4503 3381 4556 αὐτοῦ
3415 4507 3473 4558 ἐν
3500 4509 3566 4578 τῇ
3602 4508 3704 4560 06-

2133 4576 2231 4633 λει.
2261 4578 2595 4667 βουλομένου
2626 4580 2721 4634 τοῦ
2744 4582 2865 4637 Ἐθι
2894 4587 3333 4667 συμπορεύεσθαι
3358 4576 3703 4667 αύτῷ,[550]
3754 4626 3773 4639 »

2132 4664 2194 4719 τὸ
2224 4665 2322 4736 μὲν
2356 4666 2571 4737 πρῶτον
2605 4668 2861 4737 ἐκώλυεν..
2902 4673 3024 4726 ἐπεὶ
3066 4664 3124 4728 δὲ
3165 4671 3304 4729 εἰδεν
3332 4664 3702 4750 ἐπικείμενον,

2132 4752 2331 4807 εἴασεν.
2367 4753 2453 4818 '0;
2499 4754 2556 4807 66
2597 4754 2851 4828 διέϐησαν
2892 4758 2985 4813 τὸν
3014 4762 3371 4835 χειμάρρουν,
3405 4769 3704 4835 προσέταξε

2129 4843 2240 4902 τοῖς
2271 4839 2505 4910 ἰερεῦσιν
2538 4843 2877 4914 ἀποστρέψαι
2902 4846 3002 4917 τήν
3030 4848 3260 4904 κιϐωτὸν
3288 4855 3368 4915 εἰς
3402 4853 3503 4924 τήν
3527 4853 3701 4913 πόλιν.

2129 4925 2301 4991 Αὐτὸς
2322 4926 2379 4980 66
2408 4930 2723 5001 περιμένειν
2750 4933 2944 4996 06:06;
2968 4933 3074 5005 ἔφη
3101 4937 3237 5007 πρὸς
3263 4942 3330 5010 τῇ
3360 4939 3536 5014 ἐλαίᾳ,
3567 4944 3622 4997 ετ
3647 4961 3703 4997 τι

2131 5014 2303 5085 ἔχοιεν
2366 5016 2477 5071 τῶν
2551 5018 2644 5073 τοῦ
2725 5020 2984 5091 βασιλέως
3050 5025 3377 5099 ἀπορρήτων
3446 5031 3700 5097 ἐξειπεῖν.

2143 5103 2386 5176 Ἀπαντᾷ
2412 5105 2489 5176 τῷ
2515 5104 2691 5160 ¹Δάυῒδ
2735 5111 2764 5162 6
2804 5111 2993 5167 Χουσί.
3034 5113 3091 5167 '0
3114 5114 3169 5168 δὲ
3195 5116 3512 5172 ἀπέστειλεν
3542 5121 3704 5176 αὐτὸν

2130 5189 2208 5260 τῷ
2252 5192 2531 5263 ’Δχιτόφελ
2562 5196 3134 5270 ἐναντιωθησόμενον,
3181 5202 3241 5266 6;
3288 5199 3356 5275 ἦν
3401 5206 3705 5277 σύμϐουλος

2128 5278 2207 5349 τῷ
2254 5280 2629 5355 Ἀϐεσσαλώμ.
2679 5285 2771 5350 '0;
2811 5286 2868 5340 66
2909 5288 3153 5359 ἀπῆλθεν
3190 5292 3379 5356 αὐτὸς,
3427 5293 3646 5367 ἔρχεται
3671 5298 3707 5353 6

2130 5367 2284 5455 ξιϐἄ,
2319 5370 2413 5422 καὶ
2442 5374 2827 5445 κατηγορήσας
2854 5376 2948 5429 τοῦ
2979 5376 3240 5432 δεσπότου
3279 5380 3445 5435 αὑτοῦ
3474 5385 3705 5455 Μεμφι-

2130 5452 2299 5520 οαάλ,
2331 5456 2407 5520 cu,-
2456 5456 2775 5531 βουλομένω
2822 5462 2987 5516 αὐτοῦ
3037 5464 3392 5535 βασιλεῦσαι,
3435 5452 3708 5542 λαμϐάνει

2196 5682 2224 5722 ὁ
2258 5682 2446 5747 Ῥοὸἀθ,
2472 5688 2520 5736 in
2544 5689 2662 5745 cdjl.
2692 5690 2827 5742 Rom.
2857 5692 3081 5747 '1’06609.
3106 5696 3305 5753 Coislin.
3342 5696 3538 5754 'P0609.
