3966 6192
240 330 328 387 διδ
1293 323 1613 380 εῑκοιιειδ
1651 304 2060 379 seruemus:
2091 325 2362 382 Status.

239 462 318 500 sus
354 443 507 501 David
541 443 607 496 ab
629 439 868 496 exercitu
893 439 1017 510 (non
1046 439 1182 492 enim
1205 438 1444 493 sinebant
1494 439 1665 507 ipsum
1689 453 1778 492 sa-

240 552 384 608 tiapce
419 536 829 604 alienigenarum
861 546 1040 586 secum
1071 531 1123 584 in
1170 529 1406 600 przelium
1453 529 1744 598 procedere
1765 570 1780 594 ,

237 629 538 697 suspicantes
586 638 652 678 ne
703 622 992 678 exercitum
1035 636 1186 674 suum
1237 618 1526 692 proderet),
1585 620 1784 674 invenit

235 719 427 774 Sccclac
467 717 769 778 incensam,
816 713 1148 782 sublatasque
1202 712 1448 766 mulieres
1494 729 1508 768 :
1559 713 1781 781 captivte

237 823 440 878 namque
465 807 703 860 abducta:
733 805 956 860 fuerant.
985 803 1313 873 Interrogata
1333 814 1509 859 autem
1535 805 1645 860 Deo
1664 847 1678 872 ,
1710 821 1777 860 an

235 903 413 972 insequi
443 900 688 962 deberet,
722 899 920 969 illoque
964 897 1318 967 respondente
1342 939 1357 964 ,
1387 897 1603 962 debere,
1637 898 1780 952 inse-

233 1003 458 1063 sequutus
481 992 598 1045 illos
618 1000 721 1045 est.
752 990 948 1044 Etcum
969 988 1238 1043 didicisset
1265 1004 1293 1042 a
1323 1003 1486 1058 puero
1506 988 1775 1059 AZgyptio,

231 1087 420 1140 ubinam
449 1089 966 1146 castrametarentur,
1007 1080 1244 1148 segniter
1277 1089 1495 1149 agentes
1524 1079 1778 1134 invadens

233 1175 464 1245 percussit
487 1173 636 1236 illos,
667 1180 722 1226 et
766 1170 933 1239 spolia
962 1171 1202 1238 accepit,
1230 1178 1282 1223 et
1309 1171 1496 1240 aequali
1525 1179 1670 1225 sorte
1697 1169 1780 1224 di-

230 1269 334 1322 visit
353 1267 450 1320 illis
474 1266 559 1334 qui
593 1271 969 1334 pugnaverant,
1001 1271 1054 1318 et
1082 1262 1188 1316 illis
1210 1261 1299 1332 qui
1323 1263 1374 1315 in
1403 1263 1543 1316 vasis
1569 1276 1778 1316 manse-

229 1367 349 1411 rant.
387 1357 511 1411 Cum
539 1355 880 1409 commissum
908 1362 1084 1408 autem
1127 1353 1370 1423 przelium
1413 1341 1618 1407 fuisset.
1641 1353 1778 1407 inter

228 1447 449 1502 Israelem
478 1455 530 1500 et
555 1445 912 1514 alienigenas,
940 1443 1185 1498 cecidere
1224 1444 1351 1497 Saﬁl
1391 1453 1444 1497 et
1471 1442 1736 1497 .Ionalhan
1758 1484 1772 1509 ,

226 1549 272 1594 et
291 1539 386 1592 duo
411 1537 493 1591 alii
520 1536 610 1590 ﬁlii
633 1537 750 1605 ejus
780 1553 793 1589 :
824 1545 877 1590 et
903 1545 1115 1606 captum
1141 1536 1311 1604 ipsum
1345 1535 1526 1590 hostes
1548 1550 1774 1605 suspen-

226 1630 391 1685 derunt
415 1629 463 1683 in
497 1642 649 1682 muro
687 1627 902 1681 Bithsan
926 1630 944 1692 ,'
981 1642 1100 1697 qua:
1139 1634 1222 1680 est
1248 1625 1612 1697 Scythopolis.
1668 1624 1773 1679 Ve-

226 1725 407 1776 nientes
431 1717 734 1775 autem‘viri
766 1719 833 1774 de
859 1719 1018 1776 Iabes
1037 1760 1053 1788 ,
1083 1727 1405 1789 acceperunt
1442 1733 1562 1774 eum
1590 1727 1642 1774 et
1677 1717 1773 1773 Jo-

227 1812 394 1867 nathan
412 1854 426 1878 ,
458 1819 510 1866 et
536 1811 884 1882 sepelierunt.

697 1939 977 1981 REGNORUII
1017 1940 1170 1980 LIBER
1208 1939 1266 1979 11.

284 2043 420 2099 Venit
445 2043 710 2114 quispiam
737 2043 1056 2097 annuntians
1083 2042 1266 2097 Davidi
1288 2084 1302 2106 ,
1330 2057 1388 2099 se
1416 2042 1626 2098 Saftiem
1674 2057 1772 2098 oc-

222 2135 388 2190 cidisse
413 2155 425 2189 :
447 2145 500 2190 et
521 2134 789 2190 interfecit
816 2135 965 2190 illum
992 2135 1192 2201 David;
1225 2135 1462 2206 lusitque
1482 2137 1694 2192 Saulem
1717 2147 1772 2192 ct

219 2226 450 2282 Jonatban
473 2269 490 2292 ,
517 2236 573 2282 et
608 2227 860 2282 intinctus
887 2237 966 2281 est
998 2227 1049 2281 in
1078 2241 1280 2296 regem.
1323 2227 1480 2281 Mittit
1525 2227 1590 2281 ad
1621 2227 1772 2282 habi-

219 2326 390 2373 tatores
413 2317 570 2375 Jabes
601 2317 804 2374 Galaad
825 2359 841 2382 ,
871 2317 1093 2373 laudans
1115 2318 1233 2373 illos
1257 2318 1400 2388 quod
1431 2319 1771 2388 sepeliissent

215 2407 419 2480 Saulem.
436 2411 500 2464 Et
524 2410 780 2465 Abenner
799 2409 904 2464 dux
927 2410 1099 2466 Saulis
1123 2423 1303 2480 regem
1325 2410 1535 2466 lsraelis
1566 2413 1767 2468 consti-

216 2501 298 2553 tuit
325 2477 742 2570 IIemphibostbe
769 2500 845 2572 (a)
891 2500 1054 2555 ﬁlium
1099 2477 1294 2557 Saulis.
1338 2503 1500 2558 David
1531 2520 1659 2559 vero
1685 2520 1768 2561 re-

215 2592 371 2660 gnavit
417 2593 464 2646 in
497 2592 715 2647 Iudam.
752 2592 819 2648 Ut
867 2603 1044 2648 autem
1096 2604 1444 2650 occurrerunt
1493 2597 1592 2650 sibi
1636 2596 1769 2652 Joab

217 2683 421 2752 Davidis,
449 2695 501 2740 et
529 2686 791 2741 Abenner
815 2685 989 2764 Saulis
1009 2687 1202 2753 duces,
1237 2696 1290 2743 et
1315 2689 1661 2743 commissum
1687 2698 1770 2744 est

212 2773 472 2843 pneliuma
509 2776 834 2846 juventute,
884 2787 1236 2847 persequutus
1267 2787 1350 2833 est
1394 2779 1554 2834 Asaél
1607 2780 1770 2836 frater

210 2864 324 2920 Joab
349 2868 595 2924 Abenner
631 2888 645 2922 :
677 2885 783 2939 quo
809 2883 950 2939 saepe
973 2870 1194 2939 jubente
1223 2878 1280 2924 ut
1322 2871 1633 2936 recederet,
1667 2887 1767 2926 no-

211 2956 291 3012 luit
311 2959 408 3015 ille.
441 2959 584 3017 Tunc
632 2961 826 3016 occidit
853 2976 974 3016 eum
1014 2962 1282 3028 Abenner,
1316 2971 1370 3017 et
1395 2972 1582 3018 vocato
1601 2963 1768 3018 Joabo

211 3049 423 3107 hortatur
450 3063 517 3122 ut_
549 3053 836 3124 proeliandi
887 3053 1045 3109 ﬁnem
1091 3053 1270 3109 faciat.
1301 3055 1614 3126 Bellumque
1651 3065 1770 3111 erat

211 3140 326 3196 inter
349 3143 557 3199 domum
589 3144 772 3198 Saulis
797 3152 850 3198 et
875 3143 1091 3198 domum
1123 3145 1306 3198 David.
1340 3145 1411 3198 Et
1441 3145 1532 3198 ille
1553 3146 1766 3215 quidem

207 3234 478 3304 deﬁciebat,
510 3238 606 3293 hic
634 3251 762 3292 vero
789 3237 1223 3292 conﬁrmabatur.
1251 3237 1612 3292 Concubinam
1633 3238 1767 3294 Saft-

208 3324 263 3379 Iis
294 3327 386 3381 sibi
431 3329 597 3382 sumit
647 3327 900 3383 Abenncr
929 3345 941 3384 :
975 3328 1276 3398 objurgavit
1321 3328 1763 3398 Memphibosthe.

209 3414 350 3472 Iratus
389 3419 648 3474 Abeuner
693 3419 854 3473 mittit
883 3419 948 3473 ad
1004 3419 1290 3486 Davidem,
1343 3421 1660 3490 promittens
1707 3435 1766 3475 se

207 3515 348 3560 totum
379 3509 446 3562 illi
471 3508 734 3579 pupulum
763 3507 1030 3562 daturum.
1061 3508 1372 3563 Venientem
1409 3509 1473 3563 ad
1495 3525 1553 3565 se
1580 3511 1766 3564 convi-

207 3604 281 3654 vio
302 3603 498 3672 excepit
526 3600 724 3656 David.
775 3600 840 3657 Ut
869 3611 1046 3674 autem
1093 3602 1144 3656 id
1174 3601 1378 3656 audivit
1403 3617 1525 3658 cum
1567 3618 1598 3658 e
1623 3603 1764 3658 bello

206 3708 423 3749 reversus
442 3695 703 3761 estJoab,
722 3703 1000 3749 evocatum
1031 3695 1372 3749 Abennerum
1396 3695 1521 3748 dolo
1550 3695 1764 3760 occidit,

205 3792 251 3835 ut
273 3787 568 3856 sanguinem
617 3784 798 3838 fratris
836 3785 916 3840 sui
959 3785 1329 3840 ulcisceretur.
1369 3785 1450 3840 Re
1493 3797 1765 3856 comperta

206 3873 347 3928 David
376 3877 653 3931 maledicit
681 3875 850 3930 Joabo
870 3916 884 3940 ,
914 3886 968 3930 et
993 3875 1136 3945 luget
1162 3876 1500 3930 Abennerum
1523 3918 1538 3944 ,
1561 3891 1622 3932 ac
1646 3892 1764 3931 cum

205 3967 383 4024 honore
409 3970 574 4024 multo
612 3968 823 4037 sepelit.
854 3966 1045 4022 lchaab
1071 3977 1124 4021 et
1159 3967 1362 4022 Banaas
1408 3967 1544 4022 clam
1589 3969 1768 4024 occiso

203 4059 612 4131 Ilemphibosthe
640 4069 900 4116 venerunt
925 4059 991 4114 ad
1024 4059 1187 4115 David
1213 4101 1228 4122 ,
1256 4074 1320 4114 ac
1335 4059 1380 4114 si
1403 4059 1601 4114 cedem
1631 4061 1768 4115 hanc
1843 4069 1848 4074 '

203 4153 432 4220 pra-clare
470 4153 795 4224 gessissent.
851 4150 942 4206 llle
990 4165 1120 4206 vero
1145 4151 1242 4204 hos
1288 4149 1572 4204 interfecit.
1619 4149 1768 4205 Tunc

204 4245 343 4298 totius
367 4245 547 4314 populi
576 4258 673 4298 rex
700 4241 929 4296 efﬁcitur
975 4241 1172 4307 David,
1219 4249 1274 4294 et
1299 4240 1443 4295 venit
1465 4239 1762 4294 Jerusalem

202 4334 256 4385 ad
274 4333 598 4401 Jebusazum,
629 4332 1028 4402 impediuntque
1054 4332 1199 4384 illum
1228 4329 1403 4386 claudi
1431 4345 1498 4384 ne
1523 4330 1764 4396 intraret,

201 4438 646 4502 etcepttareetn,et
667 4425 948 4482 aediﬁcavit
969 4426 1069 4484 sibi
1085 4427 1322 4482 domum.
1357 4422 1487 4476 Cum
1517 4421 1608 4476 illo
1632 4436 1769 4491 quo-

202 4533 289 4588 que
313 4521 480 4576 ftedus
509 4520 746 4576 habebat
774 4517 1004 4590 Chyram
1035 4533 1130 4572 rex
1167 4517 1314 4586 Tyri.
1347 4515 1550 4569 Bellum
1596 4529 1771 4568 move-

202 4622 309 4666 runt
359 4616 713 4684 alienigenae,
773 4619 826 4666 et
867 4625 1116 4680 egressus
1167 4608 1300 4661 fudit
1346 4622 1438 4662 eos
1470 4605 1651 4660 David.
1700 4605 1772 4661 Ut

203 4715 357 4760 autem
385 4723 574 4761 rursus
625 4707 965 4768 invaserunt,
1014 4717 1042 4755 a
1095 4703 1203 4756 Deo
1233 4701 1560 4770 prohibetur,
1609 4717 1674 4755 ne
1717 4701 1769 4755 in

203 4812 462 4853 occursum
490 4798 710 4852 illorum
733 4805 836 4850 cat.
858 4794 961 4849 Sed
987 4793 1109 4847 Cum
1131 4793 1350 4846 audieris
1367 4835 1379 4855 ,
1406 4792 1575 4862 inquit
1609 4792 1766 4858 Dens,

253 4952 316 5012 (α)
340 4952 395 5001 In
418 4950 652 5014 Vulgata,
678 4948 861 5014 ilsboset
864 4950 902 4997 ἰ.
931 4949 1013 4997 ttic
1035 4961 1152 5014 vero
1176 4945 1541 5014 Mentphibostlte
1573 4961 1666 4997 non
1707 4947 1772 5014 la-

205 5007 277 5069 rsu
302 5007 547 5075 ἐι-διιὶῆεό
584 5007 792 5074 positum
840 5010 1378 5075 fuissgvideturznam
1420 5007 1592 5075 eodem
1631 5010 1772 5075 modo

203 5067 408 5136 septum
429 5075 509 5123 bis
531 5067 703 5136 postea
725 5071 1156 5136 occurrit._Verum
1179 5067 1431 5136 exemplar
1454 5069 1771 5136 Chrysostotni

203 5131 382 5196 multum
409 5131 881 5196 variabat,_eratque
921 5133 1002 5181 illo
1025 5139 1249 5196 tempore
1271 5133 1390 5196 mira
1422 5131 1772 5196 exemplarium

202 5193 454 5246 diversitas.
485 5196 628 5245 Multa
652 5191 918 5244 lectionum
940 5191 1212 5243 discrimina
1236 5191 1454 5254 proferre
1480 5193 1526 5239 in
1551 5191 1772 5254 promptu

206 5265 339 5315 esset,
369 5261 586 5307 maxime
609 5270 730 5307 vero
768 5259 815 5305 in
855 5256 1129 5305 nominibus
1152 5253 1373 5316 propriis.
1393 5259 1510 5316 ΔΗτρε
1535 5267 1675 5314 porro
1698 5253 1771 5303 It!-

202 5320 300 5374 ctio,
325 5314 723 5376 Mmrphibosthe,
751 5333 845 5367 non
885 5316 1102 5366 insolens
1138 5314 1289 5364 fuisse
1329 5314 1537 5376 videtur,
1560 5316 1774 5376 quando-

202 5375 740 5447 tptidemATIteodoretus
763 5381 909 5447 etiam
947 5379 1122 5427 eodem
1161 5377 1314 5447 modo
1342 5375 1464 5447 legit
1500 5375 1772 5447 Qua-Istione

202 5446 349 5490 octava
384 5445 435 5492 in
464 5442 737 5492 secundum
775 5439 950 5488 librum
991 5447 1186 5494 Regum.
1217 5445 1269 5487 et
1289 5437 1561 5494 Qua'Stione
1583 5437 1773 5487 tleeima

202 5511 351 5560 Quarta
387 5507 438 5553 in
477 5504 710 5552 eumdem
749 5501 942 5550 librum.
969 5497 1100 5560 Unde
1137 5501 1282 5560 etiam
1315 5497 1547 5548 inferatur
1573 5512 1679 5546 eam
1702 5499 1774 5548 le-

202 5559 396 5614 ctionem
428 5565 482 5613 In
521 5567 630 5626 ejus
667 5561 934 5626 exemplari
968 5559 1345 5626 f_uisse._V_eru[n
1369 5567 1532 5626 autem
1552 5560 1663 5626 ejus
1685 5574 1772 5626 no-

203 5635 304 5672 men
328 5638 435 5675 erat
456 5619 601 5686 tim-'3,
629 5631 766 5688 tmte,
802 5619 1024 5681 I'sbosetlt,
1057 5630 1112 5671 ut
1133 5621 1281 5670 habet
1302 5620 1507 5683 Vulgata
1526 5619 1774 5678 ;librario-

202 5701 294 5738 rum
329 5702 496 5744 autem
535 5695 670 5755 lapsu
712 5694 943 5756 scriptum
967 5693 1070 5755 fuit,
1108 5691 1490 5755 Mcmpln'bostlte,
1518 5692 1644 5754 quod
1670 5700 1774 5742 erat

206 5762 365 5804 tauncn
388 5757 472 5806 lilii
496 5758 733 5807 delusum.

3373 339 3477 396 516

1895 453 2059 491 vocem
2088 441 2316 494 trmtoris
2342 442 2490 510 ﬂetus
2510 443 2546 506 ¹’,
2572 453 2688 497 tunc
2713 445 2945 515 praetium
2974 450 3224 504 committe
3244 450 3322 521 (2.
3347 453 3472 524 Reg.

1887 529 1940 583 5.
1972 529 2088 601 24).
2117 530 2266 586 Tunc
2290 533 2432 586 enim
2456 533 2732 588 tradentur
2764 536 2876 590 tibi.
2912 538 3138 593 Atnovet
3163 556 3340 596 arcam
3369 544 3470 597 Da-

1885 621 2006 688 vid,
2044 631 2098 676 et
2123 623 2348 676 moritur
2372 622 2509 688 Oza,
2541 625 2660 694 quia
2693 626 2934 681 extendit
2979 644 3193 682 manum
3228 648 3375 685 suam
3408 636 3473 688 ad

1884 725 2084 764 arcam.
2107 711 2238 766 Cum
2265 721 2440 769 autem
2465 713 2749 771 duceretur
2771 732 2916 783 arca,
2950 719 3175 773 saltabat
3204 721 3390 789 David,
3420 735 3476 779 et

1883 801 2127 872 despexit
2151 819 2273 858 eum
2306 805 2552 860 Melchol.
2598 807 2746 861 Tunc
2772 825 2892 861 cum
2925 809 3084 864 vellet
3109 811 3270 866 David
3311 814 3474 868 adifi-

1883 907 2007 948 care
2035 895 2310 964 templum,
2341 896 2651 966 prohibetur
2679 914 2708 952 a
2739 897 2945 952 Nathan
2975 901 3263 970 propheta,
3285 915 3337 959 et
3360 921 3474 974 pre-

1881 994 2036 1040 eatur
2063 987 2261 1056 gratias
2289 1003 2451 1057 agens
2484 989 2612 1054 Deo,
2642 991 2858 1058 gratias,
2884 991 3122 1060 inquam,
3156 994 3222 1047 de
3251 998 3475 1064 promis-

1882 1077 2124 1131 sionibus
2145 1093 2277 1148 quas
2305 1079 2526 1134 audivit.
2561 1081 2830 1136 Percussit
2861 1083 3024 1137 David
3059 1085 3388 1156 alienigenas
3417 1100 3474 1142 et

1881 1168 2126 1223 Moabum
2158 1179 2210 1224 et
2236 1170 2420 1240 Syros,
2451 1181 2504 1225 et
2533 1187 2681 1224 arma
2719 1187 2879 1225 aurea
2907 1189 3026 1242 qua:
3057 1178 3298 1245 accepit,
3331 1188 3472 1230 attn-

1881 1258 1942 1312 lit
1969 1259 2379 1331 Jerosolymain,
2409 1277 2526 1330 quae
2570 1261 2783 1316 demum
2829 1263 3045 1318 abstulit
3089 1266 3326 1321 Susacizu
3371 1285 3464 1322 rex

1880 1349 2117 1421 Egypti.
2131 1352 2398 1421 Multaque
2415 1352 2748 1406 anathemata
2764 1356 3094 1410 consecravit
3117 1357 3292 1410 David-
3316 1358 3471 1413 Mem-

1881 1441 2186 1511 phibaalum
2219 1441 2386 1497 ﬁlium
2429 1442 2672 1497 Jonathte
2699 1443 2947 1513 dignatur
2985 1461 3165 1501 mensa
3207 1449 3346 1517 regia
3370 1491 3384 1515 ,
3417 1461 3471 1504 et

1881 1533 2060 1586 omnia
2089 1548 2208 1602 qua:
2239 1533 2303 1587 ad
2335 1532 2547 1588 Sat‘tlem
2580 1535 3027 1603 pertinebantdat
3057 1538 3176 1608 ipsi.
3207 1539 3471 1610 Iubetque

1878 1621 2078 1690 Sibam,
2109 1623 2196 1693 qui
2247 1633 2364 1679 erat
2405 1639 2595 1679 servus
2641 1634 2892 1693 paternus
2918 1668 2931 1690 ,
2977 1627 3348 1697 Memphibaali
3392 1631 3468 1700 (α)

1877 1715 2080 1769 servire
2106 1730 2225 1769 cum
2251 1715 2371 1769 ﬁliis
2394 1716 2524 1770 suis.
2555 1715 2712 1769 Mittit
2737 1725 2913 1771 autem
2944 1717 3008 1771 ad
3038 1735 3214 1790 regem
3240 1721 3466 1776 filiorum

1877 1807 2133 1872 Ammon,
2181 1807 2268 1876 qui
2305 1807 2708 1862 consolarentur
2747 1822 2890 1869 eum,
2915 1809 3034 1878 quia
3080 1821 3322 1864 mortuus
3354 1823 3469 1866 erat

1879 1910 2032 1970 pater
2061 1900 2196 1970 ejus.
2249 1900 2344 1954 Ille
2389 1915 2517 1956 vero
2557 1901 2904 1955 suadentibus
2947 1903 3289 1970 optimatibus
3319 1905 3462 1972 ejus.

1876 1990 2139 2045 dedecore
2165 1988 2222 2044 af
2224 1991 2332 2044 ﬁcit
2359 2005 2454 2045 eos
2477 1991 2564 2060 qui
2593 2006 2620 2042 a
2647 1990 2851 2045 Davide
2877 1991 3022 2045 missi
3052 2001 3202 2046 erant
3226 1993 3291 2046 ad
3316 1994 3463 2047 illum

1875 2081 2277 2136 consolandum.
2303 2079 2443 2136 Hinc
2473 2082 2646 2135 oritur
2685 2082 2880 2135 bellum
2921 2100 2933 2134 :
2961 2090 3017 2136 et
3051 2083 3223 2151 primo
3249 2083 3464 2153 quidem

1877 2175 2039 2228 mittit
2064 2174 2287 2229 Joabum
2317 2192 2330 2228 :
2361 2173 2553 2228 deinde
2584 2174 2728 2228 venit
2754 2174 2868 2242 ipse
2909 2175 3072 2228 David
3094 2217 3108 2241 ,
3138 2184 3192 2230 et
3221 2177 3465 2231 inimicos

1875 2267 2039 2337 fugat.
2073 2267 2206 2320 Hinc
2240 2281 2302 2320 ea
2334 2281 2454 2335 qua:
2497 2265 2562 2319 ad
2592 2265 2772 2321 Uriam
2803 2276 2857 2320 et
2895 2266 2960 2320 ad
2991 2267 3255 2322 Bersabee
3296 2269 3464 2338 pelti-

1874 2369 2024 2423 nent,
2053 2367 2105 2412 et
2133 2357 2196 2412 ad
2225 2357 2484 2412 infantem
2514 2357 2601 2427 qui
2636 2367 2876 2411 mortuus
2905 2366 3004 2412 est.
3041 2359 3338 2429 Pustcaque
3367 2378 3464 2413 ua-

1874 2451 2042 2505 scitur
2067 2449 2340 2505 Salomon.
2370 2448 2651 2519 Oppugnat
2678 2448 2811 2503 Joab
2839 2449 3064 2513 Ravath,
3099 2459 3152 2504 et
3183 2459 3461 2520 postquam

1874 2545 2060 2598 urbem
2091 2543 2401 2612 occupavit,
2450 2543 2610 2595 mittit
2648 2541 2714 2595 ad
2745 2542 2928 2606 David,
2974 2543 3157 2597 volens
3188 2544 3462 2599 victoriam

1875 2635 1972 2706 ipsi
1994 2635 2244 2690 adscribi.
2269 2635 2424 2688 Amat
2451 2633 2588 2689 filius
2615 2634 2774 2688 David
2806 2637 3010 2688 Aumon
3040 2649 3278 2689 sororem
3307 2651 3458 2692 Suam

1875 2727 2130 2790 Thamar,
2162 2734 2214 2781 et
2244 2725 2495 2779 simulato
2535 2726 2752 2788 morbo,
2797 2727 3096 2780 venientem
3130 2727 3270 2780 illam
3299 2727 3364 2780 ad
3404 2743 3463 2782 se

1877 2817 2197 2871 visitandnm
2239 2815 2560 2869 contumelia
2605 2814 2789 2869 afﬁcit.
2833 2815 2944 2883 Qua
2974 2831 3034 2871 re
3077 2818 3253 2871 audita
3300 2819 3464 2873 frater

1875 2909 1991 2978 ejus
2018 2909 2354 2974 Abessalom,
2388 2907 2575 2961 invitat
2601 2918 2784 2977 postea
2815 2924 2994 2978 regem
3021 2909 3085 2964 ad
3114 2911 3414 2964 conxivium
3445 2928 3457 2962 :

1874 3015 2102 3069 cumque
2144 3013 2237 3054 rex
2281 3015 2386 3052 non
2426 2999 2664 3065 veniret,
2707 3007 2858 3067 rogat
2900 2998 3094 3054 fratres
3125 3008 3180 3054 ut
3226 3001 3458 3055 veniant.

1872 3091 2005 3147 Cum
2038 3100 2213 3146 autem
2246 3091 2532 3155 venissent,
2566 3091 2657 3144 illo
2687 3091 2910 3159 jubente
2941 3091 3078 3145 servi
3113 3091 3278 3159 ipsius
3323 3092 3463 3146 inter

1876 3181 2246 3254 prandendum
2287 3181 2596 3236 occiderunt
2630 3185 2949 3235 Amnonem.
2982 3179 3049 3235 Ut
3084 3197 3212 3236 vero
3242 3197 3334 3236 rex
3365 3199 3462 3236 an-

1874 3273 2025 3338 divit,
2056 3271 2279 3326 multum
2317 3270 2468 3338 luxit,
2513 3280 2568 3325 et
2596 3270 2762 3324 iratus
2791 3270 2887 3324 fuit
2917 3271 2969 3324 in
3001 3271 3336 3325 Abessalon).
3370 3273 3462 3327 Ille

1872 3373 2047 3419 autem
2077 3362 2312 3432 aufugit;
2341 3369 2394 3416 et
2448 3371 2567 3431 post
2596 3371 2704 3415 tres
2737 3375 2926 3424 annos,
2955 3375 3077 3415 cum
3108 3361 3287 3416 sedata
3317 3374 3464 3417 esset

1873 3456 1950 3510 ira
1974 3457 2136 3524 regis,
2167 3461 2344 3507 astute
2364 3451 2610 3523 providet
2635 3451 2770 3506 Joab
2783 3469 2884 3523 per
2895 3458 3182 3513 mulierem
3197 3456 3461 3511 Thecoiti—

1872 3548 1994 3603 dem
2014 3589 2028 3612 ,
2053 3547 2348 3616 suadetque
2377 3547 2486 3616 regi
2523 3554 2578 3598 ut
2604 3545 2915 3600 Abessalom
2945 3553 3180 3600 revocet.
3210 3545 3458 3600 Redeun-

1873 3650 1978 3696 tem
2007 3639 2176 3694 noluit
2200 3648 2348 3708 pater
2373 3639 2550 3692 statim
2579 3635 2789 3702 videre;
2812 3636 2906 3692 sed
2929 3635 3138 3691 duobus
3167 3638 3318 3691 annis
3347 3655 3376 3688 ιι
3399 3653 3460 3690 a-

1874 3731 2038 3788 nebat
2076 3734 2127 3785 in
2180 3730 2475 3786 Jerusalem
2520 3738 2672 3784 extra
2717 3737 3059 3797 conspectum
3102 3728 3261 3798 regis.
3311 3728 3462 3782 Tunc

1873 3830 2028 3876 vocat
2061 3820 2319 3884 Joabum;
2356 3819 2445 3874 ille
2487 3834 2615 3874 vero
2656 3835 2761 3872 non
2802 3819 3208 3888 obtemperavit.
3257 3818 3460 3874 Deinde

1878 3914 2022 3968 illius
2062 3927 2247 3981 agrum
2289 3911 2544 3976 incendit,
2576 3919 2631 3964 et
2657 3911 2733 3964 sic
2761 3918 2977 3965 coactus
3006 3911 3148 3964 venit
3177 3911 3242 3964 ad
3287 3911 3460 3965 Abes-

1874 4005 2040 4059 salom
2075 4019 2090 4056 :
2121 4010 2174 4055 et
2202 4001 2269 4055 ab
2301 4001 2390 4054 illo
2417 4000 2612 4053 missus
2633 3999 2699 4053 ad
2729 4015 2930 4069 regem,
2958 4001 3132 4068 ipsum
3158 4016 3278 4053 eum
3309 4009 3460 4068 patre

1874 4092 2266 4157 reconciliavit,
2296 4099 2350 4144 et
2379 4090 2444 4143 ad
2473 4090 2619 4143 illum
2651 4089 2888 4143 adduxit.
2914 4088 3060 4143 Fecit
3081 4098 3256 4142 autem
3291 4089 3462 4142 Abes-

1875 4187 2043 4240 salom
2071 4184 2171 4238 sibi
2212 4197 2401 4237 currus
2428 4190 2480 4236 et
2509 4180 2748 4250 equites,
2782 4189 2836 4234 et
2861 4195 2952 4235 eos
2981 4180 3069 4250 qui
3100 4179 3165 4233 ad
3199 4179 3460 4249 judicium

1875 4274 2206 4330 accedebant
2225 4288 2344 4326 cum
2374 4272 2540 4325 multo
2568 4270 2865 4338 excipiebat
2889 4269 3111 4333 honore,
3136 4279 3188 4323 et
3210 4269 3462 4324 laudabat

1876 4368 2026 4438 quasi
2055 4365 2143 4435 qui
2181 4365 2322 4434 justa
2350 4362 2529 4418 dicere
2567 4371 2814 4439 possent,
2861 4362 3212 4415 miserabatur
3245 4371 3458 4428 autem,

1875 4459 2026 4531 quasi
2057 4471 2216 4512 nemo
2242 4463 2384 4510 esset
2423 4454 2513 4526 qui
2558 4463 2737 4525 posset
2766 4455 2886 4510 illos
2923 4453 3241 4523 defendere,
3277 4471 3341 4510 ac
3371 4456 3458 4511 di-

1941 4626 1957 4657 ι
1973 4625 2052 4671 Hic
2075 4621 2222 4682 longe
2245 4618 2433 4669 variant
2456 4619 2754 4680 interpretes
2775 4632 2790 4696 ς
2816 4619 3052 4696 Hebraeos
3074 4597 3459 4701 habet’z'lp-ns,

1877 4701 2094 4750 ωδεχ-ι
2144 4698 2339 4746 sum-13
2382 4693 2530 4746 ΝΥ
2569 4701 2728 4738 vocem
2766 4687 2980 4738 incessus
3016 4687 3066 4736 in
3108 4687 3342 4750 Capitibus
3361 4706 3462 4742 mo-

1875 4778 2058 4816 rorum.
2086 4760 2258 4823 Aquila
2285 4766 2344 4823 et
2381 4761 2699 4823 Symmachus,
2720 4772 2832 4823 es,”
2871 4769 3097 4823 διᾳϐῄματςς
3138 4773 3172 4808 ιν
3210 4769 3374 4823 ιξᾷᾳλαῖς
3393 4780 3464 4812 τῶν

1878 4809 2114 4900 ξξέυξτιξιζιὲ,
2144 4809 2394 4891 strepitum
2411 4809 2426 4822 ’
2453 4809 2700 4900 ιςςιηςξξιπιδξ
2727 4809 2784 4868 ὺί
2822 4809 3057 4888 capitibus
3086 4809 3343 4881 praesidio:
3361 4809 3461 4871 ubi;

1876 4879 1917 4940 ν
1923 4879 2109 4951 ul'g'ata,
2125 4879 2331 4934 sonitum
2364 4879 2632 4944 gradientis
2683 4879 2732 4929 in
2774 4879 3024 4951 cacumine
3057 4879 3316 4951 pyrormn.
3354 4891 3463 4933 Lxx

1878 4948 1997 5010 lat";
2012 4959 2214 5010 τὴννφδνγῆν
2246 4956 2566 5010 τοὺ-συγκλιιξμοῦ
2597 4954 2668 4990 ἀπὸ
2703 4958 2766 5010 τορ
2795 4949 2927 5010 iam;
2950 4959 3014 4991 τοῦ
3025 4948 3282 5001 κὶεωθμῶνος
3303 4957 3461 5010 vocent

1877 5002 2194 5064 conclusionis
2238 5019 2268 5053 α
2311 5002 2417 5052 Iuco
2458 5002 2612 5064 ﬂetus.
2661 5002 2947 5064 Sedialius,
2995 5013 3050 5051 ut
3100 5013 3368 5053 notavunns
3415 5009 3465 5057 in

1880 5063 2124 5135 ilexaplis,
2149 5067 2240 5116 hoc
2263 5066 2369 5115 Ioeo
2387 5063 2489 5135 pro,
2505 5063 2937 5135 taplttqfoi,_l:labet.
2951 5066 3466 5130 Μοιισμυῡλὶιιιγδυδιυ-

1879 5124 1986 5185 IDUS
2005 5124 2139 5187 vero,
2164 5145 2228 5190 τοῦ
2251 5124 2410 5186 «stop-05:
2435 5133 2515 5190 11ἱῦ
2537 5124 2656 5190 ῨΘΓΟ
2680 5124 3188 5190 Ιεςιίοηθδνμσυσσιισξωῦ,
3211 5124 3464 5190 (Bk-cutura,

1875 5185 2220 5251 ¢,-euwri.v,‘vel
2251 5185 2597 5245 commotionis,
2621 5187 2775 5248 magis
2808 5187 3042 5252 accedunt
3064 5185 3121 5252 ad
3157 5185 3468 5252 signiﬁcatio;

1857 5248 1991 5309 {nem
2015 5248 2144 5306 vocis
2170 5254 2336 5309 max.
2358 5260 2502 5309 quam
2526 5260 2772 5309 “parum.
2795 5248 3123 5300 conclusionis.

1916 5319 1923 5328 "
1944 5322 2018 5382 (α)
2041 5320 2114 5384 sit:
2137 5331 2333 5384 quoque
2366 5315 2491 5380 legit
2520 5318 2870 5384 Theodoretus,
2904 5322 3176 5384 quastione
3215 5324 3467 5384 trigesima

1881 5379 2034 5445 prima
2081 5382 2126 5428 in
2149 5379 2350 5445 :librtun
2390 5379 2657 5445 secundum
2703 5387 2898 5445 negent.
2927 5380 3047 5445 Illud
3079 5391 3245 5431 autem
3271 5379 3464 5442 nomen,

1882 5441 2117 5506 ᾖιιμφισαά),
2144 5441 2316 5491 factum
2345 5447 2421 5490 est
2457 5442 2631 5506 partim
2665 5454 2728 5489 ex
2754 5443 2861 5506 ejus
2884 5444 3099 5506 nomine,
3124 5451 3176 5492 ιιι
3200 5441 3468 5492 habebatur

1877 5502 2006 5567 apud
2029 5510 2136 5567 Lxx
2149 5509 2444 5567 tnterpretes
2456 5502 2517 5567 in,
2534 5502 2657 5567 libro
2665 5503 2882 5553 secundo
2895 5505 3102 5567 Regum,
3117 5517 3298 5567 nempe
3323 5513 3468 5567 Μαιη-

1879 5564 2160 5630 ρΜιιοδιΙιε,
2190 5565 2450 5630 partim_ex
2477 5564 2693 5625 ejusdem
2715 5567 2870 5630 altero
2894 5566 3087 5630 nomine
3110 5565 3235 5630 quod
3262 5565 3466 5630 habetur

1883 5623 2034 5691 primo
2068 5623 2206 5691 lilu'o'
2233 5623 2622 5691 I‘aralipmnen‘on
2660 5639 2764 5691 cap.
2789 5627 2848 5691 ι),
2874 5640 2921 5672 v.
2948 5625 3026 5681 40,
3055 5623 3301 5672 Aleribaal.
3329 5630 3468 5674 Error

1881 5687 2042 5738 autem
2063 5690 2175 5737 ideo
2197 5688 2604 5748 perseveraverit,
2618 5689 2726 5748 quia
2747 5687 2948 5748 primum
2971 5698 3165 5748 nomen,
3189 5691 3468 5748 ,ift‘mpluoo.

1883 5755 2146 5815 attu‘,ltpsn
2173 5746 2398 5812 graphice
2423 5749 2480 5798 ad
2506 5746 2809 5799 IslitvSetbuttt
2834 5746 3104 5796 transierat.
