3962 6190
588 280 690 338 ω

589 397 744 449 cehat
803 409 817 448 :
876 391 1001 459 Qui:
1057 405 1135 443 me
1185 389 1450 479 qonuituet
1502 387 1729 461 jndiccm
1783 399 1937 454 super
1982 391 2169 437 terram

590 487 667 555 (2.
710 484 836 553 Reg.
870 482 956 536 15.
994 479 1092 552 ΔΗ
1120 489 1175 534 et
1193 473 1280 533 sic
1317 478 1569 548 populum
1594 477 1697 534 sibi
1726 473 2047 532 conciliavit.
2080 473 2169 527 ln-

591 577 758 644 surgit
793 572 1106 627 Abessalom
1141 580 1328 625 contra
1356 569 1643 635 Davidem;
1675 584 1778 638 qua
1808 584 1868 625 re
1898 577 2168 639 comperta

589 668 679 724 ille
707 664 837 734 fugit
867 679 931 719 ex
974 662 1306 729 Jerusalem,
1334 661 1569 733 dimissis
1598 662 1653 717 in
1692 661 1822 718 urbe
1859 660 2170 718 concubinis

594 758 725 813 suis.
773 755 893 811 Ethi
953 754 1220 809 volentem
1269 769 1447 810 secum
1502 754 1652 811 abire
1701 754 1872 823 primo
1922 751 2165 819 cohibet,

593 846 785 902 deinde
814 846 902 901 ubi
934 845 1224 901 instantem
1260 844 1425 912 vidit,
1467 843 1519 898 id
1560 843 1817 915 permisit.
1849 841 1951 899 Ubi
1990 850 2169 898 autem

580 936 896 985 torrentem
935 935 1278 1005 trajecerant,
1321 936 1546 1006 imperat
1586 932 1951 990 sacerdotibus
1994 943 2049 986 ut
2077 947 2167 988 re-

592 1028 792 1083 ducant
819 1042 998 1083 aream
1039 1028 1091 1081 in
1122 1026 1328 1082 urbem.
1363 1026 1478 1097 Ipse
1504 1039 1634 1081 vero
1660 1039 1719 1081 se
1741 1033 2170 1095 exspectaturum

596 1134 691 1174 eos
717 1118 846 1174 dicit
872 1119 925 1192 in
956 1119 1072 1174 loco
1104 1116 1371 1174 Olivarum
1405 1116 1506 1189 (α),
1535 1117 1580 1172 si
1607 1116 1731 1187 quid
1762 1115 1991 1172 habeant
2016 1131 2170 1171 arca-

595 1226 786 1264 norum
826 1210 968 1281 regis
1004 1209 1308 1266 dicendum.
1352 1209 1594 1264 Occurrit
1633 1209 1812 1264 Davidi
1848 1207 2033 1265 Chusi.
2078 1210 2170 1267 Illo

595 1314 725 1355 vero
752 1299 897 1355 misit
928 1315 1055 1356 eum
1100 1308 1158 1355 ut
1196 1297 1534 1369 Achitopheli
1574 1298 1891 1364 obsisteret,
1928 1299 2017 1370 qui
2056 1309 2171 1356 erat

594 1391 692 1460 ipsi
735 1390 1047 1446 Abessalom
1072 1406 1102 1445 a
1129 1390 1386 1446 consiliis.
1422 1389 1499 1447 Ut
1536 1400 1713 1446 autem
1753 1390 2016 1446 abscessit
2047 1390 2167 1458 ille,

596 1481 740 1537 venit
784 1479 929 1549 Siba,
973 1482 1064 1553 qui
1105 1491 1354 1539 accusata
1391 1482 1520 1539 hero
1544 1496 1642 1536 suo
1683 1481 2034 1552 Hemphibaal
2071 1480 2168 1555 (ὁ),

593 1573 747 1641 quasi
776 1588 999 1644 regnare
1044 1575 1233 1641 vellet,
1264 1582 1438 1628 totum
1483 1573 1676 1643 accipit
1712 1586 1743 1627 a
1774 1572 1990 1628 Davide.
2021 1572 2174 1630 Tunc

595 1662 772 1720 Semei
800 1664 1071 1720 maledicit
1099 1665 1316 1728 Davidi;
1350 1664 1516 1719 David
1557 1673 1733 1719 autem
1774 1664 2032 1725 Abessam
2073 1678 2169 1719 vo-

588 1756 793 1811 lentem
821 1756 969 1810 illum
998 1756 1242 1812 occidere
1262 1756 1517 1813 cohibuit.
1543 1755 1701 1812 Venit
1717 1754 1882 1813 Chusi
1906 1756 1972 1811 ad
1996 1755 2171 1812 Abes-

599 1846 792 1912 salom,
826 1846 1214 1918 persuadetqne
1244 1849 1318 1902 illi
1333 1864 1398 1904 se
1417 1847 1738 1904 benevolum
1768 1847 1869 1920 ipsi
1892 1847 2168 1904 accedere.

594 1938 1136 2008 (Irtinquecousilium
1157 1940 1450 2011 agitaretur
1473 1939 1540 1996 de
1562 1939 1718 1997 rebus
1745 1940 2011 2010 gerendis,
2040 1940 2169 1996 hor-

588 2029 744 2082 'tatur
763 2030 1076 2087 Abessalon]
1098 2033 1435 2105 Aehitophel,
1462 2043 1520 2089 ut
1535 2049 1657 2090 cum
1679 2032 1986 2093 concubinis
2005 2036 2173 2106 patris

590 2125 676 2180 sui
693 2131 870 2178 coeat.
901 2123 955 2180 ld
983 2124 1072 2181 ille
1101 2125 1228 2182 feeit
1258 2128 1308 2181 in
1333 2127 1531 2184 salario
1550 2127 1761 2192 domus,
1792 2136 1848 2182 ut
1875 2142 2063 2183 omnes
2088 2128 2170 2183 vi-

591 2213 807 2268 derent.
830 2213 990 2269 Addit
1009 2215 1154 2271 aliud
1176 2216 1490 2282 consilium;
1514 2228 1570 2273 ut
1587 2217 1687 2273 sibi
1709 2217 2000 2273 liceatcum
2022 2218 2172 2274 mille

597 2305 724 2358 viris
765 2305 1014 2361 Davidem
1049 2307 1266 2378 aggredi
1294 2315 1349 2364 et
1383 2323 1595 2365 necare.
1628 2309 1696 2366 Ut
1735 2318 1913 2365 autem
1952 2318 2172 2366 vocatus

597 2405 681 2450 est
704 2396 891 2466 Chnsi,
926 2409 983 2454 ut
1002 2401 1289 2457 consilium
1318 2410 1372 2457 et
1400 2402 1513 2473 ipse
1536 2402 1707 2466 daret,
1731 2403 1777 2459 is
1804 2402 2173 2474 Aehitophelis

577 2495 915 2550 sententiam
944 2493 1153 2560 evertit,
1184 2493 1414 2549 suadens
1441 2503 1497 2548 ut
1524 2495 1731 2550 interim
1760 2496 2168 2565 supersederet,

588 2581 688 2636 sed
707 2593 898 2653 postea
925 2599 1043 2639 eum
1072 2601 1264 2655 magno
1285 2595 1538 2655 apparatu
1567 2585 1818 2642 Davidem
1847 2586 2167 2645 adoriretur.

595 2672 795 2744 Illaque
820 2678 1086 2732 sententia
1113 2678 1283 2748 magis
1312 2679 1535 2748 placuit,
1571 2680 1684 2736 Deo
1726 2681 1929 2737 scilicet
1953 2682 2024 2737 ita
2053 2682 2167 2739 dis-

590 2774 871 2833 pensante.
902 2754 1052 2824 Tunc
1081 2769 1225 2824 misit
1251 2770 1434 2836 Chusi,
1467 2779 1521 2826 et
1547 2788 1642 2842 per
1669 2771 1806 2829 ﬁlius
1829 2770 2166 2831 sacerdotum

591 2854 713 2909 hare
754 2855 934 2912 Davidi
974 2858 1252 2916 nuntiavit.
1284 2861 1599 2933 Aehitnphel
1636 2875 1836 2931 autem,
1863 2864 2016 2935 cujus
2040 2881 2167 2921 sen-

598 2946 760 3000 tentia
799 2947 1051 3020 despeeta
1087 2949 1292 3019 fuerat,
1332 2968 1454 3009 sese
1494 2957 1860 3026 strangulavit.
1904 2957 2169 3015 Feruntur

553 3102 557 3107 ’
595 3036 781 3091 Dividi
830 3042 995 3095 multa
1037 3041 1197 3097 dona.
1247 3044 1566 3100 lnstruetum
1616 3055 1792 3105 autem
1838 3048 2168 3119 exercitum,

592 3130 770 3184 emisit
793 3131 980 3188 dicens
1003 3152 1015 3188 :
1045 3132 1245 3190 Parcite
1264 3137 1475 3207 puerulo
1494 3155 1603 3195 meo
1620 3140 1909 3197 Abantem
1930 3142 2008 3214 (2.
2036 3143 2166 3216 Reg.

594 3222 680 3276 ts.
703 3222 780 3294 5).
805 3223 981 3294 Ipsum
1008 3228 1147 3283 enim
1176 3228 1229 3283 iu
1245 3231 1444 3286 bellum
1463 3233 1611 3290 exire
1632 3249 1739 3289 non
1769 3237 2167 3305 permittebant.

594 3313 840 3368 Prndium
868 3320 1236 3385 committitur,
1268 3323 1551 3395 multisque
1568 3326 1883 3384 cadentibus
1909 3330 2170 3386 occiditur

589 3404 754 3457 etiam
800 3405 1132 3474 Abessalom,
1161 3426 1190 3464 a
1231 3425 1384 3467 coma
1426 3414 1602 3470 arbori
1644 3415 1855 3471 cuidam
1895 3419 2166 3490 alligatus.

594 3494 691 3548 illo
709 3496 887 3553 occiso
912 3511 1087 3555 cessat
1108 3502 1323 3558 bellum.
1347 3504 1503 3560 Mittit
1526 3505 1687 3562 Chusi
1711 3507 1844 3565 Joab
1871 3512 1958 3581 qui
1983 3512 2165 3570 Davidi

590 3584 866 3642 victoriam
913 3591 1139 3647 nuntiet.
1186 3593 1304 3661 Quo
1343 3594 1432 3650 ille
1473 3597 1653 3653 audito
1690 3598 1903 3669 lugebat
1949 3613 2168 3674 propter

589 3676 789 3745 tilium,
816 3678 989 3735 donec
1027 3682 1297 3752 ingressus
1326 3684 1463 3742 Joab
1490 3686 1637 3742 illum
1677 3691 1932 3760 mutavit,
1961 3693 2167 3765 ipsique

589 3770 792 3834 suasit,
823 3780 879 3826 ut
916 3772 1039 3828 laeto
1066 3774 1323 3846 hilarique
1349 3778 1494 3833 vultu
1534 3781 1829 3838 exercitum
1870 3784 2163 3857 exciperet.

589 3859 902 3930 Fugientem
948 3863 1199 3922 lsraetem
1243 3883 1337 3923 rex
1379 3869 1702 3938 advoeabet;
1741 3874 1944 3933 Ahessa
1987 3887 2165 3936 autem

590 3950 713 4005 illos
730 3994 749 4021 ,
772 3952 885 4022 jam
914 3954 966 4010 id
994 3956 1049 4010 in
1080 3959 1353 4029 proposito
1377 3960 1663 4031 habentes,
1690 3981 1756 4022 eo
1781 3966 2002 4025 adduxit
2026 3977 2083 4026 ut
2108 3985 2167 4028 se

587 4042 777 4100 Davidi
798 4046 1142 4117 subjicercut.
1168 4049 1300 4106 Cum
1327 4056 1668 4122 pertransiret
1692 4056 2001 4125 Iordanem,
2023 4061 2167 4118 venit
2192 4038 2201 4047 0

588 4135 805 4202 Semei,
853 4152 1007 4193 suum
1058 4141 1320 4198 conﬁtens
1369 4153 1662 4213 peceatum.
1725 4147 1946 4205 Volebat
1988 4159 2166 4207 autem

590 4227 794 4283 Abesse
821 4228 967 4284 illum
1016 4231 1344 4298 interﬁcere,
1393 4234 1444 4290 id
1486 4236 1753 4306 prohibuit
1795 4239 1979 4297 David.
2015 4240 2170 4298 Venit

585 4319 750 4373 etiam
780 4319 1137 4388 Mempbibaal
1164 4324 1437 4393 squalidus
1455 4366 1470 4391 ,
1502 4327 1732 4383 sordidis
1760 4329 1974 4386 indutus
2001 4332 2168 4387 vesti-

592 4408 713 4473 bus,
748 4409 972 4464 densum
1025 4412 1226 4468 habens
1273 4425 1586 4487 mystacem,
1634 4434 1835 4490 ungues
1880 4422 2169 4479 ostendens

590 4499 779 4568 longos
807 4501 846 4565 ¹,
878 4514 998 4569 qua:
1024 4503 1200 4556 omnia
1227 4504 1429 4560 doloris
1455 4508 1601 4577 signa
1647 4522 1828 4576 erant,
1857 4513 1926 4567 ob
1968 4513 2166 4568 bellum

585 4597 773 4643 contra
805 4589 1051 4644 Davidem
1081 4603 1301 4646 mutum.
1331 4595 1688 4668 Interrogabat
1713 4616 1807 4655 rex
1832 4617 1929 4656 cur
1949 4618 2052 4658 non
2078 4619 2170 4661 ve-

595 4680 764 4735 nisset
791 4694 991 4736 secum.
1027 4681 1435 4755 liesponditilie
1460 4701 1518 4742 se
1543 4703 1758 4758 rogasse
1784 4691 1960 4746 Siham
1992 4691 2171 4750 famu-

593 4773 702 4826 lnni
734 4788 913 4841 suum,
937 4782 995 4828 ut
1023 4789 1080 4828 se
1105 4774 1347 4844 jutneuto
1376 4777 1694 4848 imponeret,
1724 4782 1945 4838 claudus
1973 4787 2169 4858 quippe

594 4875 708 4918 erat
750 4865 1102 4937 Memphihaal
1135 4884 1148 4922 :
1178 4866 1325 4922 illum
1368 4884 1495 4924 vero
1535 4871 1789 4929 noluisse.
1833 4874 1982 4932 Tunc
2017 4878 2169 4946 jubet

574 4946 687 5012 .rex
719 4958 863 5012 illum
906 4973 1028 5014 cum
1060 4959 1184 5016 Sibe
1210 4975 1394 5031 agrum
1422 4962 1679 5020 dividere.
1711 4967 1931 5024 Berzelli
1973 4986 2130 5040 porro
2149 5013 2166 5041 ,

589 5048 680 5117 qui
714 5047 836 5105 belli
862 5059 1100 5121 tempore
1122 5052 1284 5110 multa
1314 5054 1412 5124 ipsi
1439 5056 1849 5125 ministraverat,
1874 5075 2052 5116 secum
2073 5062 2171 5117 ad-

588 5139 790 5195 ducere
810 5141 1039 5196 volebat.
1073 5142 1163 5197 Ille
1192 5160 1319 5200 vero
1341 5149 1602 5202 recusavit
1627 5153 1698 5203 ob
1724 5160 2048 5207 senectutem
2076 5169 2091 5207 :
2116 5162 2171 5209 et

593 5242 777 5283 serum
808 5232 1015 5301 accepit
1045 5248 1141 5287 rex
1168 5233 1333 5290 tilium
1363 5235 1531 5307 ipsius
1571 5238 1705 5296 loco.
1736 5240 1885 5296 Tune
1912 5243 2171 5300 scinditur

592 5324 890 5387 exercitus,
925 5340 1153 5398 parsque
1191 5327 1364 5385 Sabee
1405 5345 1466 5386 se
1503 5331 1673 5387 dedit.
1714 5332 1976 5404 Mittitque
2004 5336 2167 5393 David

653 5474 669 5504 ί
697 5470 751 5521 In
791 5470 1007 5540 aditique
1050 5477 1253 5540 nontam
1294 5470 1491 5533 legitur,
1518 5483 1670 5536 neque
1704 5486 1886 5538 ungues
1911 5474 2166 5535 “detexit,

582 5545 743 5596 neque
764 5538 949 5585 curavit
970 5538 1246 5596 mystucetn.

672 5597 723 5653 ιι)
749 5603 857 5644 Haec
879 5607 975 5642 non
1001 5593 1225 5643 videntur
1248 5605 1515 5643 consonare
1537 5607 1647 5643 cum
1670 5602 1806 5647 textu
1845 5597 1988 5648 LXX.

653 5657 723 5716 (ὁ)
742 5658 792 5705 lu
810 5654 1291 5721 crumilarihusaliis
1312 5659 1417 5702 Lxx
1433 5662 1488 5721 et
1500 5657 1558 5721 .in_
1583 5657 2017 5721 rnititmettomana
2042 5658 2166 5721 legi—

589 5724 691 5776 tur,
700 5715 1079 5781 uetiapltibostlte,
1093 5716 1179 5765 sed
1190 5715 1281 5764 alia
1294 5716 1591 5777 exenqilat'ia
1603 5719 1918 5782 .uemphibaal
1929 5715 2161 5772 habuere.

1307 275 1365 332 S.
1397 272 1675 331 JOANNIS
1709 264 2181 329 CllRYSOSTOMl
2211 264 2527 324 ARClllEl’.
2558 268 3089 326 CONS'I'ANTINOP.
3659 286 3732 344 ω

2276 380 2555 437 Amessam
2574 383 2666 451 qui
2689 380 2920 438 debellet
2941 398 3064 439 eum
3088 400 3103 437 :
3125 381 3250 439 Joab
3268 399 3381 441 vero
3399 387 3631 448 Amessam
3646 396 3739 454 dolo

2277 472 2492 538 occidit,
2527 474 2819 544 urbemque
2855 475 2907 530 in
2935 490 3093 547 quam
3130 476 3416 547 confugerat
3446 480 3590 540 Sabce
3622 486 3739 546 obse-

2275 562 2373 619 dit.
2395 563 2495 632 Qui
2521 563 2570 619 in
2588 563 2801 620 civitate
2819 574 2993 633 erant,
3006 565 3255 622 suadente
3276 569 3492 636 muliere,
3511 572 3743 636 abscissam

2274 665 2431 725 caput
2454 656 2626 713 Sahee
2663 656 2831 713 Joabo
2856 673 2921 713 ex
2964 672 3117 713 muro
3161 658 3473 730 proiecerunt
3498 680 3511 718 :
3535 675 3662 735 atque
3692 671 3747 725 ita

2277 744 2418 800 bello
2445 745 2652 802 liberati
2674 756 2817 802 sunt.
2851 746 3043 803 Fames
3068 747 3119 801 in
3146 758 3277 803 terra
3303 748 3497 807 advenit
3517 771 3533 809 ;
3555 755 3611 809 ad
3630 773 3747 825 quam

2276 834 2660 907 proﬂigandam
2701 853 2922 894 necesse
2960 846 3075 895 erat
3106 842 3368 912 quospiam
3395 858 3453 897 ex
3487 843 3635 900 Saulis
3659 862 3748 918 pro-

2274 928 2428 998 genie
2446 928 2581 983 tradi
2598 926 2924 986 Gabaonitis.
2947 929 3096 986 Tunc
3109 930 3518 1001 Mempbihaalum
3536 950 3752 994 conservat

2277 1017 2462 1085 David,
2489 1019 2559 1074 ob
2587 1019 2947 1089 juramentum
2990 1019 3285 1076 Jonathano
3313 1023 3595 1091 prtesutum.
3618 1026 3753 1083 Tradit

2278 1125 2456 1170 autem
2486 1114 2663 1170 Saulis
2705 1114 2847 1169 ﬁlios
2872 1123 2925 1169 et
2949 1122 3202 1185 nepotes,
3227 1114 3501 1186 sepelitque
3531 1117 3700 1174 Sauletn
3717 1130 3755 1175 et

2273 1202 2629 1259 Jonatbanum
2674 1203 2728 1259 in
2767 1203 3012 1274 sepulcro
3055 1202 3167 1259 Cis.
3212 1203 3350 1260 Bella
3387 1215 3647 1262 moventur.
3681 1209 3756 1263 Da-

2276 1295 2452 1351 vidcm
2479 1294 2730 1351 cohibent
2758 1296 2839 1351 sui
2874 1309 2945 1351 ne
2973 1302 3160 1362 exeat,
3212 1310 3278 1350 ne
3319 1296 3445 1351 forte
3484 1298 3755 1368 periclitetur.

2273 1384 2427 1444 Tunc
2469 1386 2600 1442 dicit
2647 1385 2914 1443 decimum
2961 1385 3245 1456 septimum
3298 1385 3565 1441 Psaltnutn.
3606 1388 3759 1444 ltecen-

2275 1487 2461 1533 sentur
2491 1478 2645 1534 fortia
2686 1478 3045 1549 prazclaraque
3088 1486 3235 1550 gesta
3261 1477 3444 1533 ducum
3480 1472 3759 1535 DavidisJu-

2273 1570 2429 1626 betur
2471 1570 2608 1626 Joab
2650 1571 2903 1641 populum
2945 1586 3287 1638 enumerare,
3327 1582 3695 1645 enumeratque:
3722 1582 3762 1629 et

2274 1671 2426 1718 erant
2452 1662 2660 1721 lsraelis
2694 1673 2956 1735 nongenta
2984 1664 3153 1721 millia
3174 1706 3190 1734 ,
3219 1674 3273 1720 et
3296 1664 3437 1721 Judze
3457 1666 3760 1738 quadringenta

2276 1753 2442 1809 millia
2471 1754 2766 1821 hominum,
2791 1757 3027 1811 omnium
3055 1757 3382 1813 bellatorum.
3400 1757 3537 1814 Tunc
3551 1759 3667 1814 venit
3680 1758 3762 1815 Gad

2275 1844 2534 1915 propheta
2581 1845 2853 1916 optionem
2899 1847 2974 1901 illi
3016 1847 3154 1902 dans
3195 1863 3263 1904 ex
3306 1848 3467 1905 tribus
3508 1849 3759 1913 ultionibus,

2273 1951 2430 2007 quam
2458 1938 2642 1995 subire
2681 1939 2885 2004 mallet,
2916 1955 2983 1994 an
3017 1946 3125 1995 tres
3163 1955 3331 1997 annos
3374 1940 3541 2008 famis,
3565 1957 3621 1995 an
3646 1943 3761 1996 trium

2273 2026 2479 2082 dierum
2513 2028 2688 2100 fingam
2716 2030 3033 2086 instantibus
3059 2032 3319 2097 hostibus,
3339 2046 3401 2086 an
3419 2040 3519 2087 tres
3541 2032 3639 2086 dies
3658 2047 3763 2087 mor-

2275 2121 2411 2177 tiferi
2465 2123 2657 2177 morbi.
2712 2123 2804 2179 ille
2855 2139 2980 2180 vero
3030 2133 3140 2180 tres
3193 2124 3310 2180 dies
3357 2123 3589 2178 mortiferi
3635 2123 3763 2176 morbi

2276 2215 2623 2283 praroptavit,
2672 2217 2973 2285 mortuique
3019 2215 3144 2271 sunt
3192 2230 3221 2270 a
3265 2215 3512 2270 matutino
3545 2229 3686 2285 usque
3716 2213 3763 2268 ad

2275 2305 2480 2376 prandii
2535 2317 2743 2377 tempus
2797 2309 3130 2380 septuaginta
3185 2309 3330 2364 mille
3378 2308 3612 2363 homines.
3658 2306 3767 2361 Tunc

2280 2397 2443 2454 David
2468 2398 2604 2453 dixit
2634 2416 2649 2453 :
2694 2399 2825 2454 Ecce
2850 2416 2940 2472 ego
2984 2401 3192 2473 peccavi
3207 2442 3223 2468 ,
3270 2410 3316 2455 et
3343 2417 3429 2471 ego
3466 2409 3619 2471 pastor
3647 2398 3770 2465 iniqu

2272 2490 2352 2561 εσί
2377 2506 2395 2544 -'
2421 2489 2473 2543 λε
2500 2490 2585 2562 qui
2611 2506 2734 2563 great
2755 2500 2892 2558 sunt,
2915 2492 3037 2562 quid
3065 2492 3329 2562 fecerunt!
3348 2490 3631 2546 Fiatmautu
3649 2497 3714 2541 tu
3729 2488 3766 2539 in

2274 2599 2353 2637 me
2379 2592 2425 2639 et
2453 2584 2505 2638 in
2533 2586 2737 2639 domum
2764 2586 2924 2656 patris
2947 2586 3046 2640 mei
3069 2585 3145 2657 (2.
3190 2586 3318 2658 Reg.
3348 2584 3433 2639 24.
3463 2583 3563 2654 l7).
3590 2580 3769 2637 Cessavit

2275 2675 2497 2745 punitio,
2528 2686 2582 2731 et
2602 2677 2817 2745 jnhetur
2843 2676 3006 2732 David
3028 2692 3179 2731 aram
3201 2677 3402 2746 erigere
3425 2675 3475 2729 in
3495 2688 3598 2755 area
3615 2672 3762 2733 Orata,

2272 2774 2328 2820 et
2358 2766 2429 2821 ibi
2468 2766 2789 2830 sacriﬁcare,
2836 2767 2886 2821 id
2916 2767 3056 2838 quod
3097 2767 3195 2823 ille
3235 2767 3358 2822 fecit
3382 2766 3477 2837 (α).
3508 2762 3645 2819 Ornia
3666 2761 3769 2815 ﬁlius

2273 2856 2438 2912 David
2466 2858 2718 2913 convivio
2744 2858 2942 2928 exeipit
2970 2858 3201 2913 .lnabum
3232 2866 3288 2913 et
3312 2855 3636 2916 Abintharetn,
3657 2854 3768 2922 quasi

2271 2961 2607 3021 regnaturus.
2656 2951 2954 3022 ingreditur
2996 2951 3298 3018 Bersabee,
3341 2948 3605 3006 secundum
3635 2943 3770 3000 cousi-

2271 3042 2400 3098 lium
2446 3043 2653 3099 Nathan
2697 3044 2990 3115 prophetae,
3022 3053 3077 3100 et
3106 3044 3160 3099 id
3208 3043 3479 3099 annuntiat
3504 3037 3685 3102 Davidi;
3715 3036 3770 3088 lo-

2270 3143 2469 3205 quente
2512 3134 2599 3189 illa
2642 3132 2911 3206 ingressus
2963 3144 3043 3191 est
3091 3134 3340 3201 Nathan;
3388 3132 3439 3189 id
3488 3127 3773 3187 moliebantur

2271 3226 2477 3282 scilicet
2503 3236 2561 3282 ut
2585 3227 2835 3284 Salomon
2860 3235 3127 3299 regnaret.
3184 3226 3395 3298 Egressi
3435 3232 3548 3281 sunt
3583 3217 3776 3291 imposito

2270 3332 2431 3389 supra
2450 3324 2653 3394 regiam
2663 3320 2865 3378 mulam
2882 3318 3193 3375 Salomone.
3212 3319 3363 3375 Tunc
3378 3316 3566 3373 Nathan
3576 3310 3773 3385 propheta

2270 3418 2326 3465 et
2349 3409 2560 3466 Sadduc
2598 3410 2849 3466 sacerdos
2886 3410 3134 3466 abierunt
3188 3411 3239 3466 in
3285 3409 3448 3476 Gion,
3473 3409 3776 3470 umerumque

2271 3500 2418 3555 illum
2444 3514 2508 3555 ac
2546 3499 2840 3555 dixerunt:
2883 3499 3027 3555 Vivat
3063 3517 3157 3555 rea:
3185 3502 3263 3573 (3.
3296 3501 3421 3572 Reg.
3461 3499 3509 3554 l.
3534 3496 3634 3566 39).
3659 3490 3776 3547 Venit

2269 3589 2532 3646 Jonathan
2582 3593 2722 3647 (ilius
2761 3591 3082 3657 Abiatharis,
3126 3601 3189 3647 et
3233 3590 3467 3663 epulanti
3508 3586 3662 3643 Omite
3694 3583 3777 3636 hac

2271 3682 2550 3737 nuntiavit.
2582 3683 2644 3738 Et
2672 3682 2759 3737 alii
2789 3682 3006 3754 quidem
3047 3681 3329 3753 fugerunt,
3356 3681 3537 3739 Ornias
3561 3690 3668 3733 vero
3683 3686 3779 3727 coo-

2273 3774 2405 3844 fngit
2429 3773 2495 3828 ad
2521 3789 2668 3828 aram
2688 3816 2706 3841 ,
2736 3782 2981 3829 metuens
3009 3773 3380 3830 Salomonem.
3413 3773 3551 3827 Tunc
3573 3764 3717 3824 educit
3735 3759 3780 3815 il-

2270 3868 2379 3919 lum
2404 3865 2548 3932 inde,
2564 3872 2622 3920 et
2640 3845 2856 3920 veniens
2871 3864 3063 3922 Ornias
3082 3865 3329 3921 adoravit
3348 3878 3536 3933 regem.
3555 3858 3779 3916 Morituros

2274 3959 2460 4025 David,
2491 3960 2731 4013 hortatur
2750 3958 3115 4026 Salomonem,
3142 3968 3203 4016 ut
3221 3957 3481 4015 custodiat
3503 3955 3651 4024 legem
3671 3947 3742 4003 Dei
3760 3960 3772 4001 :

2272 4053 2350 4108 sic
2391 4051 2535 4108 enim
2586 4050 2735 4106 illum
2778 4051 3165 4120 promissiones
3206 4065 3329 4106 esse
3380 4049 3777 4113 consequuturttm.

2271 4142 2524 4213 Prtecipit
2547 4143 2711 4199 etiam
2744 4142 2885 4197 circa
2912 4141 3046 4197 Joab
3071 4150 3126 4197 et
3156 4141 3359 4207 Semei,
3393 4149 3451 4195 ut
3475 4138 3587 4192 illos
3607 4130 3781 4186 ulcisca-

2332 4232 2405 4295 (α)
2428 4240 2532 4301 tum.
2560 4231 3323 4301 ἀρείοίι-οος¹θξ.ῐι“8ἀυιιβῑ²είες
3348 4230 3427 4301 qui
3464 4216 3784 4301 lib”..‘_.‘i!‘.“.'.”.if

2271 4285 2483 4365 μυὶηέίρ
2502 4295 2634 4365 ducit
2657 4307 2670 4344 =
2694 4285 3221 4365 adoriaretiufnetzid

2273 4340 3784 4425 in}?‘éic?513i.'.6iuiiﬁliﬁ¥'iaitidisicﬁislia-,esﬁﬁﬂ“?

2272 4408 2425 4489 lectio
2454 4424 2546 4475 est,
2563 4408 2729 4489 qrrit'a.
2763 4408 2996 4489 uelit-alca
3030 4408 3222 4489 rami.
3243 4422 3355 4489 Lux
3372 4408 3782 4489 FAitiottisuw

2277 4469 2968 4556 4donia,s§dte:ti_o.ornia.iu
2978 4469 3786 4556 ναιυειίεξεωίξθξίὲωωξῖίνέἓέἓῗξ

2273 4533 2509 4611 ὗἰὲζὲἱέίὲ
2516 4533 3000 4611 sanesanae;
3010 4533 3272 4611 manu
3281 4533 3364 4604 ait,
3379 4533 3654 4611 binomiqu
3666 4533 3782 4611 {3%st

2273 4597 2532 4662 insana;
2546 4597 2740 4661 verum
2750 4597 2832 4659 ex
2852 4597 3175 4660 similitudine
3193 4597 3449 4658 liter-auum
3462 4612 3497 4659 ’τ
3516 4609 3562 4651 et
3574 4607 3604 4656 ἰ
3622 4597 3783 4662 W'

2272 4659 2727 4741 dimidiatum,
2750 4679 2893 4749 modo
2912 4659 3308 4749 οτηωέᾳεωιωο,
3476 4672 3584 4749 aunt

2272 4723 3584 4805 gum-fumus;suarumsuarum
3603 4723 3787 4805 3931139

2273 4787 2346 4861 FC
2357 4787 2486 4863 eia;
2498 4787 2678 4865 'e'a'pi-o
2684 4787 2958 4865 unum;
2967 4787 3191 4865 mu;ng
3201 4787 3509 4865 animi
3529 4787 3786 4865 νέω-ἰζιξιδιῗεξ

2272 4845 3518 4928 ἐξόπιῖὡᾶᾖᾷἔαῖἁῷξ’ἱῖἑέὸὶίιιῖῑίιῖτῖζὲῑιῐγᾶιᾶἁιῑ.ἶιι
3531 4845 3788 4928 ἰῖφιῆιὲἱέῗ

2271 4912 3788 5012 ἐξαίβέεειὲξὲίξξὶεὶτιξίέ.

2273 4976 2645 5098 c'aputJmmum
2676 4986 2786 5060 libri
2822 4987 2950 5036 tertii
2990 4994 3168 5050 ttegum
3206 4976 3263 5035 et'
3304 4997 3417 5058 pars
3642 4976 3786 5034 ωῐκηῗυ

2271 5062 2423 5099 secun
2455 5061 2486 5097 ο
2522 5047 2646 5097 hbro
2681 5048 2902 5110 adproeta
2923 5045 3132 5107 fuerant,
3155 5046 3286 5110 quod
3310 5059 3363 5097 tn
3383 5027 3785 5110 minuscum

2273 5088 2502 5160 minio
2524 5088 2902 5167 3)ὲέἆᾶῐὶἑῖιῖιῖ
2916 5088 3286 5160 ξίνὸἆῶἧῖίῖἦῖ
3296 5088 3363 5157 in-

2273 5172 2520 5200 Tnnanndu
2559 5172 2641 5200 nni
2666 5170 2982 5200 ριιηεηροηηις
3008 5171 3153 5200 ..ωε-ί
3177 5174 3453 5200 numen-alnu-
3474 5164 3553 5200 fmt
3570 5175 3581 5200 τ
3598 5162 3643 5200 ut
3658 5151 3785 5200 “fit”

2270 5162 3453 5261 taeniaszimuavsra
3472 5162 3784 5261 {iussus

2274 5215 3361 5307 est3{."aata‘ajamu'eguerunt:Et
3385 5215 3441 5277 in
3478 5215 3783 5317 altera

2274 5293 2542 5317 n..:n|:n:naa‘
2587 5305 2705 5317 ..α-..ιι
2728 5306 2774 5317 ..ι
2798 5300 2945 5317 ..Λα-ιι.
2965 5294 3021 5317 1...
3048 5294 3282 5317 ...ιαμ-ιιι...
3325 5296 3561 5317 land-Ana.

2270 5293 2562 5358 Cuisliniant,
2585 5286 2708 5358 quis
2728 5294 2777 5341 in
2798 5300 2945 5356 nexa;
2964 5294 3023 5344 lis
3046 5286 3299 5358 edidimus.
3324 5296 3584 5358 Postrema...
3597 5286 3763 5358 ﬁl:

2274 5341 2492 5423 ante;
2515 5341 2587 5404 sic
2602 5341 2756 5423 habet
2781 5369 2794 5404 :
2822 5341 3181 5423 eiiciam}:
3203 5341 3783 5423 ἱηξαςσᾳαβὶοϋξξᾟ

2271 5399 3782 5488 piamiac‘uyeneﬁiﬁMilesium

2550 5520 3668 5610 ibﬁ'eni'hi'ﬁ‘iﬁiidhé'ﬁnitimae.
3685 5521 3721 5566 ct
3738 5520 3784 5559 αθ

2274 5601 2455 5651 λάωιία
2474 5600 2670 5651 eiusque
2700 5600 2973 5651 turam.
2998 5600 3235 5651 Diodorus
3255 5604 3418 5649 autem
3438 5586 3629 5645 ειεΜο

2274 5610 2455 5673 nemo
2474 5610 2670 5663 quam
2700 5610 2973 5672 tyrtmmae.
2998 5610 3235 5673 moderns
3255 5610 3418 5649 autem
3438 5610 3591 5645 κσκιω

2270 5662 2523 5733 ηατζληὺιό
2545 5662 2814 5733 hceeetzqm
2844 5668 3086 5733 emuwtgtt
3116 5672 3265 5724 usque
3300 5657 3369 5711 ad
3406 5657 3591 5712 moria”

2273 5724 2583 5788 tintititerque
2611 5722 2940 5776 Theodoram}
