4090 6216
550 275 656 333 319
1228 272 1280 327 Β.
1323 268 1604 328 JOANNIS
1641 265 2118 323 ειιῐιγδοετου

2220 264 2352 323 RC1!
2361 264 2491 320 IEP.
2530 264 3083 320 CONSTANTINOP.
3693 264 3804 321 330

545 394 640 446 καὶ
682 391 782 461 τῆς
826 388 1105 461 τραπέζης
1149 386 1444 440 ἀπολαύειν
1499 386 1601 455 τῆς
1658 384 1958 455 βασιλικῆς.
2000 382 2112 437 Καὶ
2221 381 2475 445 τοῦοέκεῖ,
2513 380 2621 433 ίδοὺ
2654 377 2937 450 ἄνθρωπος
2961 376 3056 461 τοῦ
3081 373 3437 461 ΘεοῦΑὲλθὼν,
3471 383 3813 450 προφητεύει

544 458 874 548 ἀποθνήσκει
899 458 1306 548 τεσσαράκοντα
1341 474 1435 544 ἔτη
1469 472 1814 543 βασιλεύσας.
2216 465 2286 548 :6
2310 463 2454 518 κατά
2473 464 2580 548 ,τὸν
2620 462 2853 548 Ἰωσίαν.
2871 461 2985 548 ῖίαὶ
3008 458 3279 548 ἐξηράνθη
3308 463 3341 532 ή
3371 461 3814 548 151910666017-

1106 559 1446 616 Βασιλειῶν
1481 565 1552 628 γ’.
2217 546 2374 611 λέως,
2398 547 2493 601 καὶ
2532 545 2832 628 199671116
2865 544 3268 628 θυσιαστήριον.
3289 544 3677 628 ,Δεηθέντοςδὲ
3704 547 3811 601 τοῦ

1228 272 1280 327 Β.
1323 268 1604 328 JOANNIS
1641 265 2132 323 CIIRYSOSTOMI
2168 262 2491 323 ARCIIIEP.
2530 260 3083 320 CONSTANTINOP.

627 652 864 722 Ἀναιρεϊ
892 649 985 702 16v
1024 649 1243 720 ὐρνίαν
1275 648 1303 699 6
1329 625 1605 715 Σολομῶν,
1638 646 1719 698 ὅτι
1746 644 1846 715 τὴν
1885 642 2115 696 ’Δϐισάκ
2217 633 2500 722 πρβξρήτοιζ
2528 628 2621 682 τοῦ
2652 627 2810 722 θεοξν
2861 626 3140 722 εὖτ-ίανενλξ
3160 625 3430 722 βασιλεύῆ
3466 627 3630 722 111811-

2218 711 2402 765 εκάλει
2451 711 2544 764 τὸν
2592 712 2878 782 προφήτην
2920 709 3238 781 ἐστιαθῆναι
3292 710 3423 781 παρ’
3448 710 3613 781 αὐτῷ.
3658 712 3716 765 '0
3745 713 3811 766 δὲ

2214 796 2314 848 οὐκ
2338 793 2616 864 ἠνέσχετο,
2655 794 2983 866 πρόσταγμα
3030 794 3312 863 φυλάττων
3343 795 3439 848 τοῦ
3474 792 3632 861 Θεοῦ,
3662 796 3811 866 ὅπερ

2216 876 2441 949 ὕστερον
2488 877 2767 947 παραϐὰς,
2809 876 3048 948 ἀνῃρέθη
3086 876 3189 930 ὑπὸ
3221 875 3316 930 τοῦ
3359 877 3592 941 λέοντος.
3632 878 3691 932 '0
3745 879 3809 931 δὲ

541 741 734 811 ⁴ᾔτησε,
778 742 872 792 καὶ
920 739 1011 791 τὸν
1053 737 1314 808 Ἀϐιάθαρ
1368 734 1592 799 ἐξέϐαλε
1638 734 1736 804 τῆς
1795 732 2111 802 ἱερωσύνης.

544 827 652 879 K61
677 824 964 897 ἐπληρώθη
994 828 1026 897 ή
1051 824 1191 878 κατά
1235 823 1327 877 τοῦ
1373 821 1520 875 11151
1548 819 1774 889 ἀπειλή·
1815 820 1873 885 ἐξ
1906 820 2114 872 ἐκείνου

541 911 651 982 γὰρ
689 911 897 982 κατῆγε
930 912 990 964 16
1011 911 1185 979 γένος.
1233 910 1432 962 Ἀνεῖλε
1465 908 1521 961 δέ
1547 912 1640 961 καὶ
1669 907 1761 960 τὸν
1801 905 1957 960 Ίωάϐ
1977 923 1993 939 ο
2023 906 2115 959 τὸν

538 1000 597 1053 δέ
640 998 874 1053 Σαδδοὺκ
902 998 994 1052 τὸν
1028 999 1176 1069 ἱερέα
1211 998 1333 1051 ἀντὶ
1360 996 1452 1049 τοῦ
1494 995 1755 1066 Ἀϐιάθαρ
1784 994 2116 1063 κατέστησεν

545 1088 713 1159 ἱερέα.
739 1085 933 1139 Δίδωσι
963 1085 1021 1138 δὲ
1057 1086 1086 1138 6
1124 1082 1377 1153 Σολομῶν
1417 1082 1746 1153 πρόσταγμα
1772 1080 1862 1151 ’τῷ
1898 1079 2112 1150 Σεμεεὶ,

543 1174 686 1227 ὥστε
718 1174 777 1227 ἐν
813 1176 882 1244 τῇ
913 1173 1066 1226 πόλει
1106 1172 1288 1241 μένειν
1320 1170 1492 1222 διόλου
1514 1186 1527 1200 ·
1555 1170 1604 1221 51
1633 1168 1690 1221 δέ
1719 1185 1847 1222 ποτε
1888 1166 2112 1232 ἐξέλθοι,

542 1261 643 1312 οὐκ
673 1257 982 1330 ἀτιμωρητὶ
1024 1259 1183 1310 τοῦτο
1231 1257 1496 1325 ποιήσειν,
1542 1255 1681 1311 ἀλλά
1721 1255 1949 1309 θανάτου
1980 1256 2113 1309 61:0-

545 1347 842 1419 στήσεσθαι
866 1345 1090 1417 ζημίαν.
1132 1345 1432 1398 Ἀπώλοντο
1457 1344 1605 1416 αὐτῷ
1628 1344 1804 1398 δοῦλοι
1825 1362 1840 1376 ·
1860 1345 1889 1396 6
1920 1343 1975 1397 δὲ
2005 1344 2117 1397 ἐπι-

546 1435 843 1505 λαθόμενος
898 1433 992 1485 τοῦ
1033 1434 1470 1504 προστάγματος,
1501 1430 1688 1503 ἐξῆλθε
1721 1430 1994 1503 ζητήσειν,
2022 1430 2115 1486 καὶ

548 1520 733 1592 μαθὼν
775 1522 804 1572 6
857 1518 1105 1590 Σολομῶν
1143 1519 1350 1572 ἀνεῖλεν
1396 1518 1575 1573 αὐτόν.
1619 1518 1751 1590 [1591
1786 1518 1885 1588 τῆς
1924 1518 2115 1587 σοφίας

544 1607 887 1679 Σολομῶντος
930 1607 1177 1677 διήγησις
1197 1646 1211 1670 ,
1236 1606 1364 1679 1:591
1392 1606 1489 1677 τῆς
1521 1607 1743 1679 είρήνης
1772 1607 1869 1679 τῆς
1904 1607 1990 1661 ἐπ’
2013 1607 2113 1660 66-

543 1695 660 1759 :06,
684 1697 812 1765 1:591
839 1697 937 1764 τῆς
963 1693 1311 1755 πολυτελείας
1337 1695 1434 1762 τῆς
1471 1693 1566 1747 τοῦ
1600 1694 1845 1766 ἀρίστου,
1869 1694 1962 1748 καὶ
1987 1696 2115 1766 1:591

543 1784 804 1856 ἁρμάτων
822 1823 837 1846 ,
869 1784 995 1855 περὶ
1022 1782 1129 1836 τῶν
1159 1783 1341 1836 ἵππων
1360 1824 1376 1849 ,
1428 1784 1557 1855 περὶ
1596 1783 1797 1848 παντὸς
1834 1783 1925 1837 τοῦ
1955 1783 2116 1837 πλού-

542 1889 660 1927 του.
697 1872 850 1924 Αίτεί
897 1870 1150 1940 Σολομῶν
1190 1871 1379 1940 σοφίαν
1427 1870 1578 1941 παρά
1625 1869 1719 1924 τοῦ
1769 1869 1924 1927 Θεοῦ.
1982 1871 2114 1925 Τότε

543 1959 719 2030 κρίνει
762 1961 884 2022 ταῖς
909 1957 1126 2027 γυναιξὶ
1168 1961 1290 2021 ταῖς
1324 1958 1461 2028 ὑπὲρ
1487 1956 1580 2012 τοῦ
1627 1959 1841 2013 παιδίου
1888 1959 2115 2031 προσελ-

495 2072 502 2081 ·
544 2046 769 2111 θούσαις
796 2046 965 2117 αύτῷ.
1004 2046 1173 2100 Πάλιν
1220 2046 1349 2118 1:591
1396 2046 1497 2116 τῆς
1547 2046 1737 2116 σοφίας
1770 2046 2114 2119 Σολομῶντος

543 2138 718 2206 λόγος,
759 2138 889 2209 περὶ
936 2140 1036 2208 τῆς
1089 2136 1435 2202 πολυτελείας
1468 2138 1567 2208 τῆς
1603 2138 1880 2210 τραπέζης
1912 2137 2076 2193 66:06
2097 2178 2113 2204 ,

546 2226 641 2279 καὶ
660 2224 804 2288 τίνες
825 2223 1198 2295 ἐλειτούργουν
1221 2223 1422 2294 ταύτην
1456 2224 1603 2294 αύτῷ
1635 2224 1732 2295 τὴν
1752 2226 2111 2297 λειτουργίαν.

557 2312 896 2367 ’Δποστέλλει
936 2312 1073 2385 πρὸς
1113 2313 1331 2386 Χειράμ
1367 2312 1459 2367 16v
1504 2312 1727 2383 βασιλέα
1760 2311 1961 2384 Τύρου,
1990 2315 2117 2377 τοὺς

544 2400 870 2473 δρυοτόμους
900 2399 1065 2454 αἰτῶν
1110 2400 1201 2453 ἐπὶ
1256 2399 1454 2471 μισθῷ·
1508 2399 1537 2453 δ
1568 2399 1631 2472 δή
1681 2400 1972 2472 παρέσχεν.
1996 2402 2119 2455 -Ἐνο

544 2482 717 2537 ταῦθα
742 2483 989 2552 ,ἔγκειται
1012 2482 1119 2536 τῶν
1147 2483 1529 2555 ἐργαζομένων
1550 2483 1578 2534 6
1616 2482 1866 2553 ἀριθμὸς,
1894 2483 1989 2536 καὶ
2016 2483 2118 2554 τῆς

545 2566 959 2637 έτοιμασθείσης
988 2567 1067 2629 51;
1090 2566 1181 2619 τὸν
1209 2565 1333 2619 ναὸν
1380 2564 1511 2634 ῦλης
1540 2564 1601 2617 :6
1643 2564 1865 2635 πλῆθος.
1900 2562 2032 2619 Εἶτα
2082 2567 2116 2637 ή

545 2649 799 2720 οἰκοδομὴ
844 2648 938 2702 τοῦ
994 2646 1141 2701 ναοῦ.
1177 2646 1409 2717 Εὕχεται
1459 2650 1487 2702 6
1513 2646 1762 2719 Σολομῶν
1790 2649 1847 2701 ἐν
1871 2647 1947 2719 τῷ
1981 2644 2129 2719 ναῷ,

546 2732 641 2784 καὶ
673 2731 811 2797 θύει,
857 2732 951 2785 καὶ
999 2730 1298 2799 ἐγκαινίζει
1343 2732 1434 2785 τὸν
1478 2727 1645 2785 οἷκον.
1698 2730 2130 2800 Ἐπαγγέλλεται

545 2814 727 2883 ἀγαθά
772 2814 920 2884 αύτῷ
948 2815 976 2868 6
1024 2814 1177 2880 Θεὸς,
1209 2813 1303 2868 ἐὰν
1350 2814 1559 2887 φυλάξῃ
1609 2813 1677 2867 16
1723 2814 2117 2886 προστάγματα

548 2899 732 2964 66:06,
764 2898 857 2952 καὶ
881 2898 1090 2951 ἀπειλεῖ
1109 2896 1388 2963 τάναντία,
1425 2897 1519 2951 ἐὰν
1549 2898 1792 2969 παραϐῇ.
1810 2894 1916 2950 Ἦν
1943 2897 1998 2950 δὲ
2022 2897 2120 2950 66-

545 2982 624 3053 τῷ
640 2981 770 3046 ναῦς
803 2981 1021 3053 χρυσίον
1067 2979 1327 3051 φέρουσα.
1372 2980 1451 3034 Τά
1504 2980 1647 3034 κατά
1674 2980 1779 3050 τήν
1804 2980 2118 3051 βασίλισσαν

553 3066 748 3132 Νότου,
776 3065 874 3137 τὴν
904 3064 1165 3119 ἐλθοῦσαν
1202 3064 1430 3118 ἀκοῦσαι
1456 3063 1556 3133 τῆς
1593 3064 1785 3133 σοφίας
1824 3063 2008 3119 66:06.
2038 3065 2119 3118 T6

547 3148 687 3203 κατά
733 3148 819 3202 τὸν
872 3147 1097 3202 πλοῦτον
1152 3145 1316 3200 αὑτοῦ
1364 3146 1455 3199 τὸν
1491 3146 1683 3217 μέγαν,
1731 3145 1799 3200 :6
1845 3149 1971 3217 περὶ
2012 3146 2119 3201 τῶν

546 3232 726 3285 ὅπλων
780 3230 887 3286 τῶν
942 3229 1164 3303 χρυσῶν
1202 3222 1277 3283 ὧν
1323 3228 1566 3299 ἐποίησε,
1604 3228 1675 3282 τά
1717 3229 1845 3301 περὶ
1891 3229 1992 3299 τῆς
2033 3228 2122 3299 βα-

548 3313 750 3377 σιλείας
778 3314 966 3377 αὑτοῦ,
1003 3315 1165 3368 πόθεν
1185 3313 1279 3368 καὶ
1304 3313 1466 3384 μέχρι
1496 3312 1600 3366 ποῦ
1632 3313 1968 3385 παρέτεινεν.
2005 3314 2121 3366 Ἐν-

546 3394 738 3448 τεῦθεν
770 3396 1017 3466 περὶτῆς
1042 3395 1483 3465 είδωλολατρείας
1503 3394 1691 3456 66:06,
1710 3394 1803 3447 καὶ
1833 3395 1929 3463 τῆς
1954 3411 2122 3464 προσ-

549 3478 822 3549 κρούσεως
856 3474 922 3549 ἦς
951 3479 1321 3550 προσέκρουσε
1366 3477 1444 3548 τῷ
1474 3478 1613 3548 Θεῷ.
1660 3476 1939 3531 Ἐντεῦθεν
1962 3478 2120 3531 ἀπει-

547 3561 614 3631 λὴ
631 3561 765 3633 1:96;
796 3562 978 3623 αὑτὸν,
1004 3562 1212 3632 καὶτῆς
1244 3561 1521 3631 βασιλείας
1544 3561 1871 3632 παράλυσις,
1900 3563 2121 3633 εἰρήνης

548 3644 875 3714 ἀφανισμός.
923 3643 1312 3697 Ἐπανίσταται
1352 3642 1461 3714 γὰρ
1514 3642 1663 3713 αύτῷ
1705 3642 1859 3713 Ἀδέρ
1886 3645 1915 3696 6
1962 3644 2121 3697 1606-

552 3728 731 3793 μαῖος,
763 3727 855 3779 καὶ
880 3727 908 3779 6
945 3725 1214 3797 Ἐσδρώμ.
1252 3726 1637 3780 Ἐπανίσταται
1659 3725 1806 3796 αὐτῷ
1829 3725 1921 3779 καὶ
1950 3728 1978 3780 6
1996 3725 2120 3780 606-

550 3808 641 3870 10;
666 3807 830 3862 66:06
869 3808 1169 3880 15906069.
1211 3809 1470 3878 Ἔρχεται
1523 3807 1659 3879 1:96;
1705 3808 1798 3861 τὸν
1842 3807 2120 3879 Ὶεροϐοάμ

480 3932 485 3939 .
564 3890 718 3960 Ἀχιᾶ
749 3894 777 3944 6
808 3893 1110 3963 προφήτης,
1145 3892 1240 3945 καὶ
1259 3891 1471 3945 δίδωσιν
1502 3891 1653 3962 αύτῷ
1676 3891 1964 3964 διαρρῆξαι
1993 3892 2122 3963 ἱμά-

550 3992 663 4029 τιον
694 3972 1011 4046 τελαμῶνας
1053 3986 1079 4015 ι
1122 3975 1274 4039 δέκα,
1325 3974 1652 4046 προμηνύων
1687 3975 1856 4046 αύτῷ,
1888 3977 1970 4030 ὅτι
1996 3977 2123 4031 καθ-

552 4057 661 4122 έξει
688 4057 756 4111 τὰ
787 4057 917 4111 δέκα
974 4057 1244 4129 σκῆπτρα.
1289 4058 1372 4120 Ὠς
1402 4058 1459 4110 δὲ
1496 4058 1686 4130 ἤθελεν
1725 4060 1887 4113 αὐτὸν
1916 4059 2122 4112 ἀνελεῖν

550 4142 580 4192 ὁ
611 4140 880 4212 Σολομῶν,
922 4139 1123 4211 ἔφυγεν
1174 4143 1254 4204 51;
1309 4141 1603 4210 Αἴγυπτον.
1666 4140 1998 4212 Ἐπανῆλθεν
2026 4144 2120 4195 ἀπ’

553 4222 829 4291 Αἰγύπτου
872 4223 1170 4295 15906069.,
1219 4222 1583 4288 ἀποθανόντος
1635 4224 1997 4294 Σολομῶντος.
2064 4224 2121 4279 '0

555 4306 610 4360 δὲ
625 4306 750 4370 166;
777 4305 1086 4377 προσελθὼν
1106 4306 1182 4377 τῷ
1209 4305 1441 4376 Ῥοϐοάμ
1471 4308 1571 4377 υίῷ
1596 4307 1955 4378 Σολόμῶντος.
1970 4305 2120 4377 ἠξίου

558 4389 920 4460 ἐλαφροτέραν
945 4389 1127 4452 αὐτοῖς
1157 4389 1405 4457 γενέσθαι
1438 4390 1537 4460 τήν
1562 4390 1736 4461 ἀρχήν
1768 4389 1869 4460 τῆς
1891 4389 1985 4444 τοῦ
2021 4390 2120 4445 Σο·-

553 4470 844 4539 λομῶντος.
888 4472 945 4523 ὐ
967 4472 1025 4526 δὲ
1064 4472 1167 4525 61:6
1192 4471 1301 4524 τῶν
1332 4472 1643 4542 συντρόφων
1690 4472 1855 4526 66106
1889 4473 2023 4544 νέων
2043 4492 2123 4528 τι-

552 4551 659 4606 νῶν
702 4551 1068 4615 ἀναπεισθεὶς,
1122 4553 1385 4624 ἠπείλησε
1440 4555 1534 4607 καὶ
1583 4553 1887 4626 βαρυτέραν
1939 4557 2123 4621 αὐτοῖς

553 4636 814 4704 ποιήσειν.
867 4634 1056 4688 Ἔνθεν
1089 4635 1498 4705 ἀπεσχίσθησαν
1529 4637 1585 4689 αἱ
1631 4634 1763 4689 δέκα
1790 4637 1973 4705 φυλαὶ,
2029 4642 2124 4694 καὶ

550 4718 901 4773 ἐϐασίλευσαν
932 4719 1014 4787 ἐφ’
1058 4718 1267 4771 ἑαυτῶν
1308 4717 1399 4771 τὸν
1446 4718 1744 4788 Ἱεροϐοάμ.
1782 4721 1892 4772 Καὶ
1942 4720 2123 4790 βουλό-

553 4820 712 4874 μενον
760 4800 1182 4873 ἐπιστρατεῦσαι
1212 4799 1359 4871 αὐτῷ
1400 4799 1490 4853 τὸν
1529 4801 1765 4872 Ῥοϐοάμ
1800 4802 2067 4857 ἐκώλυσεν
2094 4807 2123 4858 6

548 4884 702 4950 Θεός.
735 4888 821 4951 Ὠς
845 4885 901 4939 δὲ
927 4883 1079 4958 [555]
1103 4882 1426 4957 ήρῥώστησε
1468 4884 1530 4937 :6
1572 4884 1782 4937 παιδίον
1818 4886 2118 4957 15906069,

550 4969 757 5038 πέμπει
785 4969 883 5039 τήν
902 4970 1135 5037 γυναῖκα
1164 4965 1330 5020 αὐτοῦ
1372 4966 1507 5037 πρὸς
1545 4967 1700 5036 Ἀχιά
1716 4968 1806 5023 τὸν
1835 4971 2121 5040 προφήτην

551 5050 889 5121 πευσομένην
925 5051 1053 5121 περὶ
1077 5053 1176 5121 τῆς
1216 5050 1393 5104 νόσου.
1439 5051 1498 5103 'O
1526 5049 1584 5102 δέ
1615 5047 1786 5116 εἷπεν,
1809 5052 1891 5105 δτι
1913 5051 2120 5105 ἀποθα-

551 5136 744 5197 νεῖται,
805 5134 898 5186 καὶ
941 5133 1230 5189 ἀπέθανεν,
1275 5134 1488 5204 ’Ἱστησι
1541 5134 1803 5205 δαμάλεις
1849 5138 2057 5207 χρυσᾶς
2092 5139 2121 5191 6

562 5214 863 5287 15906069.,
903 5216 1030 5285 μίαν
1061 5217 1120 5269 ἐν
1152 5217 1372 5288 Βαιθήλ,
1408 5217 1501 5269 1:61
1529 5217 1658 5287 μίαν
1689 5219 1747 5271 ἐν
1767 5218 1893 5285 Δάν,
1935 5218 2023 5273 ἵνα
2045 5219 2121 5290 μὴ

550 5301 911 5356 ἀναϐαίνωσιν
936 5300 1017 5362 51;
1053 5300 1402 5371 Ἰερουσαλὴμ
1446 5302 1474 5354 6
1502 5299 1649 5366 166;.
1681 5300 1909 5366 Θύοντος
1940 5302 1996 5355 δέ
2024 5303 2121 5356 66-

612 5442 637 5470 ι
660 5424 985 5479 Coislinianus
998 5425 1149 5475 codex
1176 5425 1360 5489 ἱμάτιον
1377 5428 1643 5490 τελαμῶνος
1664 5431 2120 5494 mendose.Lugdu-

549 5500 720 5549 nensis
739 5500 1011 5560 τελαμῶνας
1031 5498 1163 5555 δέκα,
1185 5497 1233 5545 in
1258 5495 1452 5560 fascias,
1465 5497 1513 5549 in
1531 5499 1731 5553 lacinias
1741 5502 1919 5553 decem.
1934 5503 2121 5560 ους-πρ

550 5565 784 5629 ῥῂγματα,
809 5552 1030 5629 Ιαζίῃίρε,
1053 5560 1125 5607 sic
1147 5552 1189 5607 δι
1215 5552 1298 5607 0⁷.
1323 5552 1449 5629 Ρυιο
1472 5570 1635 5629 a11_le1_n
1660 5564 1751 5613 hoc
1773 5552 1820 5629 i711
1836 5552 2117 5626 ίεχθῖηριιίέὶ

551 5620 879 5688 ἰῖιιήίεοειοηιὶ
902 5620 1048 5688 161555
1074 5640 1084 5667 :
1113 5633 1219 5668 nam
1246 5629 1299 5670 ul
1329 5625 1472 5688 modo
1490 5623 1728 5688 dicebam,
1754 5627 1872 5676 mira
1902 5620 2008 5677 θεαί
2029 5640 2119 5675 ex-

550 5681 894 5742 emplariorum
922 5681 1217 5733 Biblicorum
1243 5681 1465 5733 variclas.
1506 5693 1515 5701 '

2227 959 2507 1030 15906069.
2548 959 2630 1012 ἔτι
2661 959 2894 1030 ἐπέμενε
2924 962 2990 1030 τῇ
3026 960 3196 1031 κακίᾳ
3242 959 3427 1024 66:06,
3461 962 3557 1013 καὶ
3602 962 3804 1025 ἀῬο-

2216 1040 2361 1112 ϐοάμ
2389 1042 2849 1114 είδωλολάτρησεν
2866 1041 2958 1113 ἐτη
2986 1042 3163 1096 πάντα
3188 1043 3286 1114 τῆς
3309 1042 3584 1112 βασιλείας
3611 1044 3804 1098 66:06.

2229 1123 2426 1178 Ἐλθὼν
2446 1125 2756 1196 Σουσακεὶμ
2772 1136 2795 1164 ο
2818 1124 2977 1178 ἔλαϐε
3002 1124 3128 1189 τοὺς
3156 1124 3483 1196 θησαυρούς.
3500 1126 3654 1181 Μετὰ
3678 1127 3811 1181 τοῦ⁴

2215 1224 2307 1261 τον
2340 1207 2610 1278 βασιλεύει
2649 1209 2836 1273 Ἀϐιᾶς
2866 1211 2895 1263 6
2928 1209 3043 1272 616;
3071 1209 3260 1276 66:06,
3297 1210 3392 1263 καὶ
3433 1211 3571 1279 95:6
3608 1211 3808 1266 τοῦτον

2214 1290 2242 1341 6
2276 1291 2393 1353 616;
2450 1289 2543 1344 τοῦ
2592 1291 2745 1344 Ἀϐιᾶ
2778 1294 2808 1344 6
2852 1291 3007 1345 'Aad.
3060 1291 3216 1345 Μετά
3263 1291 3322 1345 δὲ
3373 1293 3462 1345 τὸν
3516 1293 3807 1364 Ἱεροϐοάμ

2217 1371 2489 1442 βασιλεύει
2513 1375 2542 1427 6
2567 1372 2680 1438 616;
2704 1372 2869 1427 αὑτοῦ
2905 1373 3087 1427 Ἀδάϐ·
3117 1374 3179 1426 δν
3206 1373 3414 1429 ἀνελὼν
3440 1375 3590 1430 Βασᾱ
3610 1376 3805 1430 ἐϐασί-

2215 1455 2394 1520 λευσε,
2431 1457 2523 1510 καὶ
2553 1456 2807 1528 ἐπολέμει
2827 1457 2920 1510 τὸν
2945 1458 3099 1512 ’Δσᾶ.
3145 1459 3202 1513 '0
3223 1458 3279 1511 δὲ
3295 1461 3362 1530 τῇ
3394 1460 3678 1532 συμμαχίᾳ
3702 1462 3805 1516 τοῦ

2215 1537 2389 1609 Σύρου
2420 1538 2586 1611 ’Ἄδερ
2628 1539 2991 1611 χρησάμενος,
3038 1541 3499 1612 ἐπικρατέστερος
3552 1543 3802 1611 γέγονεν.

2228 1621 2315 1685 Ὠς
2336 1621 2392 1674 δὲ
2421 1622 2654 1691 πονηρὸς
2679 1618 2746 1693 ἦν
2770 1625 2799 1676 ὀ
2830 1621 2999 1686 Βασᾶ,
3030 1623 3244 1677 ἀπειλεῖ
3274 1623 3422 1695 αύτῷ
3440 1626 3469 1677 6
3500 1624 3634 1688 Θεὸς
3652 1628 3807 1680 κακά

2218 1702 2474 1773 μεγάλαν
2493 1703 2877 1768 Ἀποθανόντος
2913 1704 2971 1758 δὲ
3004 1704 3170 1758 αὑτοῦ
3215 1706 3563 1761 ἐϐασίλευσεν
3604 1709 3736 1762 Ἐλᾶ
3771 1713 3803 1763 6

2214 1787 2330 1849 616;
2385 1786 2573 1854 66:06,
2612 1787 2672 1841 δν
2720 1786 2922 1840 ἀνελὼν
2964 1789 3179 1861 Ζαμϐρὶ
3220 1784 3298 1854 εἷς
3347 1791 3455 1845 τῶν
3496 1792 3801 1864 ἀρχόντων,

2214 1869 2549 1937 ἐϐασίλευσε,
2611 1871 2705 1924 καὶ
2736 1870 3041 1942 ώλόθρευσε
3091 1873 3182 1926 16v
3235 1869 3384 1928 οἷκον
3414 1875 3583 1930 Βασᾶ.
3619 1877 3708 1940 Ὡς
3738 1876 3803 1929 δέ

2214 1954 2311 2007 καὶ
2350 1953 2566 2026 269691
2611 1953 2882 2008 ἀπέθανεν
2934 1956 3126 2010 ἐαυτὸν
3157 1957 3468 2028 ἐμπρήσας,
3524 1958 3801 2029 βασιλεύει

2228 2036 2444 2109 Ἀμϐρί.
2479 2038 2569 2101 Ὠς
2597 2037 2653 2091 δὲ
2693 2037 2931 2092 ἀπέθανε
2966 2040 3061 2093 καὶ
3086 2032 3261 2108 0610;,
3302 2042 3801 2116 βασιλεύειἋχαάϐ

2215 2124 2244 2176 6
2300 2123 2415 2186 616;
2468 2121 2654 2176 αὐτοῦ.
2706 2122 2988 2177 Βασιλεύει
3044 2125 3073 2177 6
3124 2124 3238 2188 616;
3302 2125 3438 2181 Ἀσᾶ
3505 2128 3797 2198 Ἰωσαφάτ.

2228 2206 2465 2263 Ἀπειλεῖ
2508 2207 2692 2270 Ἠλίας
2712 2209 2742 2261 6
2771 2208 3059 2278 προφήτης
3090 2208 3169 2279 τῷ
3204 2210 3407 2279 ’Δχαάϐ
3432 2210 3534 2282 τήν
3565 2213 3800 2283 γενομέ-

2215 2306 2312 2360 νην
2329 2289 2630 2361 ἀνομϐρίαν
2649 2290 2743 2344 ἐπὶ
2778 2290 2907 2362 τρία
2933 2290 3027 2362 ἐτη
3065 2291 3159 2345 καὶ
3198 2292 3369 2363 μῆνας
3404 2292 3483 2358 ἐξ.
3519 2295 3652 2348 Τότε
3680 2295 3801 2350 616-

2214 2374 2472 2445 τρέφεται
2493 2374 2581 2428 διὰ
2601 2374 2707 2428 τῶν
2741 2374 2991 2446 κοράκων
3018 2376 3047 2430 6
3080 2376 3385 2447 προφήτης.
3429 2378 3697 2433 Ἐνταῦθα
3717 2380 3796 2433 :6

2220 2456 2357 2509 κατά
2382 2456 2479 2527 τὴν
2513 2457 2684 2527 χήραν
2700 2456 2798 2531 τήν
2831 2457 2888 2510 ἐν
2915 2457 3233 2528 Σαρέφθοις,
3265 2458 3335 2512 :6
3368 2460 3509 2515 κατά
3539 2461 3629 2517 τὸν
3653 2479 3802 2533 καμ-

2214 2537 2397 2609 ψάκην
2423 2538 2515 2592 τοῦ
2546 2538 2746 2605 ἐλαίου,
2775 2540 2869 2592 καὶ
2916 2540 3017 2610 τήν
3045 2540 3231 2611 ὑδρίαν
3268 2541 3362 2595 τοῦ
3405 2542 3657 2614 ἀλεύρου,
3696 2545 3797 2600 καὶ

2218 2621 2308 2674 τὸν
2359 2619 2593 2675 θάνατον
2639 2622 2733 2675 τοῦ
2771 2622 3007 2687 παιδίου,
3040 2624 3133 2677 καὶ
3178 2623 3277 2696 τὴν
3305 2625 3370 2678 ἐκ
3413 2625 3507 2681 τοῦ
3561 2626 3797 2682 θανάτου

2219 2704 2457 2774 ἔγερσιν.
2502 2704 2914 2759 Ἀποστέλλεται
2960 2706 3097 2780 1:96;
3135 2707 3226 2760 τὸν
3271 2708 3473 2778 ’Δχαάϐ
3510 2712 3540 2763 6
3584 2710 3795 2777 Ἠλίας,

2219 2787 2314 2840 καὶ
2342 2790 2488 2840 ποιεῖ
2526 2787 2625 2858 τὴν
2665 2787 2877 2853 θυσίαν,
2913 2789 3008 2843 καὶ
3041 2789 3338 2861 καταφέρει
3369 2792 3429 2845 :6
3470 2792 3581 2864 πῦρ
3608 2792 3671 2859 ἐξ
3699 2794 3797 2847 06-

2221 2871 2404 2944 ρανοῦ,
2444 2872 2538 2925 καὶ
2569 2871 2847 2926 ἀναλίσκει
2875 2872 3064 2943 αὐτήν.
3099 2874 3232 2927 Τότε
3263 2874 3442 2931 λαϐὼν
3472 2877 3597 2941 τοὺς
3630 2879 3798 2948 ἱερεῖς

2217 2954 2310 3007 τοῦ
2336 2953 2481 3008 Βαάλ
2511 2954 2811 3022 ἀπέσφαξε.
2857 2955 2989 3009 Τότε
3023 2956 3432 3025 εὐαγγελίζεται
3473 2958 3551 3029 τῷ
3592 2960 3799 3029 ’Δχαάϐ

2218 3038 2308 3091 τὸν
2347 3038 2518 3091 ὑετόν.
2555 3039 2664 3091 K61
2708 3036 2945 3092 ἀνελθὼν
2987 3039 3067 3101 είς
3114 3040 3206 3093 τὸν
3256 3040 3551 3112 Κάρμηλον
3594 3042 3799 3114 ηὔξατο

2232 3120 2436 3185 Ἠλίας,
2488 3120 2582 3175 καὶ
2614 3116 2885 3192 ποιεῖτὴν
2913 3120 3122 3176 θυσίαν·
3169 3122 3279 3177 ἰδοὺ
3320 3124 3493 3187 ὑετός.
3551 3127 3796 3181 Ἀπειλεῖ

2218 3202 2294 3273 τῷ
2333 3203 2488 3274 Ἠλίᾳ
2518 3202 2745 3257 θάνατον
2790 3201 3079 3274 Ἰεζάϐελοή
3108 3206 3242 3278 γυνη
3281 3204 3375 3260 τοῦ
3422 3206 3645 3276 ’Λχαάϐ,
3674 3210 3705 3263 6
3737 3209 3799 3262 δὲ

2219 3285 2436 3357 ἔρχεται
2455 3287 2535 3349 51;
2558 3284 2656 3358 τήν
2683 3284 2910 3363 ἔρημον,
2935 3286 3029 3340 καὶ
3051 3288 3357 3357 κοιμηθεὶς,
3377 3290 3470 3343 καὶ
3494 3290 3796 3363 διεγερθεὶς

2220 3367 2324 3422 61:6
2361 3368 2591 3437 ἀγγέλου
2646 3366 2801 3433 Θεοῦ,
2856 3362 3013 3439 εῦρεν
3046 3370 3345 3441 ἐγκρυφίαν
3395 3362 3666 3443 δλυρίτην,
3701 3376 3799 3429 καὶ

2220 3449 2408 3520 φαγὼν
2453 3449 2635 3514 αὑτὸν,
2679 3449 2977 3519 ἐνίσχυσεν.
3019 3452 3105 3504 Ἐν
3136 3453 3317 3525 ἐκείνῃ
3344 3457 3408 3525 τῇ
3445 3454 3642 3526 βρώσει
3671 3474 3801 3511 τεσ-

2223 3532 2758 3605 σαράκονταήμέρας
2785 3528 2947 3602 ἦλθεν
2968 3534 3047 3596 είς
3074 3534 3298 3605 Χωρήϐ.
3329 3537 3462 3590 Τότε
3486 3536 3651 3607 λέγει·
3679 3539 3795 3593 Κύ-

2224 3631 2327 3684 ριε,
2355 3615 2422 3668 16
2437 3614 2798 3685 θυσιαστήριά
2833 3631 2927 3667 σου
2950 3614 3319 3686 κατέσκαψαν.
3356 3618 3438 3673 Τά
3485 3618 3654 3692 ζεύγη
3686 3622 3796 3675 τῶν

2224 3696 2362 3767 βοῶν
2390 3697 2548 3767 ἀφεὶς
2568 3699 2597 3750 6
2628 3697 2924 3761 Ἐλισσαῖος
2950 3698 3233 3752 ἀκολουθεῖ
3262 3699 3339 3771 τῷ
3374 3701 3548 3773 Ἠλίᾳ.
3585 3705 3798 3759 Ἐντεῦ-

2224 3780 2317 3834 θεν
2335 3781 2394 3834 τδ
2415 3781 2661 3852 διήγημα
2687 3781 2751 3832 16
2780 3780 2922 3833 κατά
2941 3780 3031 3834 τὸν
3051 3781 3347 3852 ἀμπελῶνα
3375 3784 3468 3838 τοῦ
3495 3785 3794 3841 Ναϐουθαῦ

2223 3863 2318 3916 καὶ
2345 3862 2595 3935 ήάπειλὴ
2626 3861 2768 3917 κατά
2804 3861 3039 3930 Ἰεζάϐελ
3060 3864 3153 3917 καὶ
3195 3865 3418 3935 Ἀχαὰϐ,
3447 3867 3540 3920 καὶ
3568 3870 3602 3937 ή
3632 3870 3800 3924 κατά.

2223 3945 2369 4010 νυξις
2420 3944 2512 3998 τοῦ
2580 3945 2802 4016 Ἀχαάϐ.
2858 3944 3086 4016 Ἐπῆλθε
3142 3946 3220 4016 τῷ
3281 3948 3497 4020 Ἰσραὴλ
3549 3952 3579 4003 6
3626 3951 3795 4022 Σύρος

2227 4030 2390 4101 ’Ἄδερ
2434 4027 2571 4097 μετὰ
2623 4027 3011 4102 τριακονταδύο
3060 4028 3348 4099 βασιλέων’
3395 4033 3424 4085 6
3463 4032 3520 4085 δὲ
3576 4035 3796 4105 ἐχειρώ-

2224 4129 2354 4166 σατο
2380 4112 2594 4176 αύτούς.
2625 4112 2731 4165 Καὶ
2756 4111 3008 4183 δεύτερον
3033 4113 3466 4185 ἐπιστρατεύσας
3502 4119 3795 4189 περιέπεσε

2223 4196 2403 4267 πληγῇ
2441 4194 2668 4266 μεγάλῃ.
2714 4194 2799 4256 Ὦς
2824 4194 2882 4248 δέ
2908 4194 3056 4266 ἐώρα
3080 4197 3271 4251 ἑαυτὸν
3299 4199 3358 4252 ὲν
3389 4199 3636 4271 κινδύνῳ,
3661 4203 3794 4272 σχῆ-

2226 4296 2301 4350 μα
2351 4277 2701 4348 περιθέμενος
2733 4278 2984 4343 ἐλεεινὸν,
3016 4278 3232 4350 ἔρχεται
3262 4281 3398 4353 πρὸς
3436 4282 3530 4336 τὸν
3569 4275 3793 4354 ’Δχαάϐ,

2221 4360 2403 4414 δοῦλον
2433 4358 2579 4431 [356]
2613 4359 2803 4412 ἑαυτὸν
2834 4360 3142 4425 ἀποκαλῶν,
3178 4364 3271 4416 καὶ
3313 4365 3612 4435 ἀγαπητῶς
3659 4367 3795 4438 έχων

2225 4443 2495 4514 σωτηρίας
2540 4444 2740 4511 τυχεῖν.
2806 4442 2864 4495 '0
2903 4442 2957 4496 δὲ
2996 4443 3281 4498 ἀνεϐίϐασέ
3310 4463 3368 4499 τε
3417 4447 3580 4501 αὐτὸν
3608 4450 3700 4502 ἐπὶ
3735 4450 3796 4505 16

2223 4526 2395 4595 6.996,
2436 4523 2531 4576 καὶ
2559 4522 2724 4593 τιμῆς
2752 4523 3011 4589 ἀξιώσας,
3037 4525 3341 4598 ἐξέπεμψεν
3364 4530 3445 4593 είς
3472 4531 3572 4600 τὴν
3588 4533 3795 4584 οίκείαν

2222 4607 2348 4677 γῆν.
2374 4607 2631 4678 Ἔρχεται
2659 4607 2688 4657 6
2722 4608 3011 4678 προφήτης
3043 4610 3288 4677 ἐγκαλῶν
3317 4612 3457 4685 ύπέρ
3487 4613 3692 4667 τούτων
3719 4614 3796 4685 τῷ

2224 4690 2449 4760 βασιλεῖ,
2477 4690 2572 4742 καὶ
2596 4688 2821 4743 θάνατον
2858 4690 3117 4747 ἀπειλῶν.
3156 4692 3476 4750 Βουλεύεται
3502 4699 3531 4749 6
3567 4697 3795 4767 ’Δχαάϐ,

2223 4773 2272 4825 51
2303 4771 2410 4826 δέοι
2450 4771 2870 4842 ἐπιστρατεῦσαι
2916 4775 3027 4837 τοῖς
3056 4773 3269 4846 Σύροις·
3321 4777 3415 4831 καὶ
3462 4779 3797 4849 συμϐουλεύ-

2224 4872 2413 4919 σαντος
2450 4854 2544 4907 τοῦ
2589 4854 2857 4924 Ἰωσαφάτ
2884 4854 3150 4926 βασιλέως
3190 4858 3377 4924 Ἰούδα,
3412 4863 3797 4932 μετάπεμπτος

2221 4940 2428 5009 γίνεται
2450 4939 2690 5010 Μιχαίας
2717 4940 2745 4991 6
2774 4940 3075 5011 προφήτης,
3102 4942 3196 4994 καὶ
3226 4942 3522 5013 ἐρωτηθεὶς
3543 4946 3796 5016 προλέγει

2223 5017 2528 5095 συμφορὰς,
2560 5024 2610 5077 εί
2633 5023 3007 5094 πολεμήσειεν.
3057 5024 3365 5095 Ὀργίζεται
3387 5030 3416 5080 ὁ
3457 5029 3684 5098 Ἀχαάϐο
3706 5029 3797 5083 :6-

2223 5125 2344 5162 πτει
2376 5108 2466 5162 τὸν
2517 5107 2755 5177 Μιχαίαν
2794 5107 3046 5172 Σεδεκίας
3087 5110 3116 5161 6
3164 5108 3637 5181 ψευδοπροφήτης.
3685 5112 3791 5163 K5-

2220 5195 2277 5247 λε
2284 5193 2434 5246 ύεται
2449 5191 2652 5264 Ἀχαάϐ
2672 5190 2952 5262 τηρεῖσθαι
2976 5192 3215 5263 Μιχαίαν
3227 5193 3316 5246 τὸν
3329 5194 3797 5266 ψευδοπροφήτην,

2220 5276 2323 5337 ἕως
2353 5274 2418 5327 ἂν
2446 5275 2474 5326 6
2505 5274 2737 5343 πόλεμος
2752 5273 2888 5345 λάϐῃ
2933 5274 3101 5339 τέλος.
3153 5275 3370 5346 Ἐξῆλθε
3409 5277 3797 5347 μαχεσόμενος,

2221 5357 2314 5411 καί
2348 5374 2480 5426 φησι
2502 5356 2579 5427 τῷ
2613 5356 2900 5425 Ἰωσαφάτ·
2943 5357 2997 5408 ’Λ
3009 5357 3293 5429 μείψωμεν
3313 5359 3374 5412 τὸ
3397 5361 3580 5431 σχῆμα
3595 5360 3688 5413 καὶ
3707 5358 3799 5415 τὸν

2224 5440 2532 5512 ἱματισμόν·
2576 5438 2756 5493 λαϐὼν
2801 5439 2912 5507 ἐγὼ
2940 5439 3033 5494 16v
3074 5441 3186 5509 σὺν,
3229 5442 3545 5514 ἁντιδίδωμί
3588 5460 3669 5497 σοι
3706 5443 3798 5500 τὸν

2278 5562 2307 5628 ξι
2329 5564 2420 5628 H15;
2432 5564 2623 5628 idgsunl
2647 5562 2850 5628 9061:6111
2875 5562 3021 5628 verba
3042 5564 3331 5628 ﬁguli-aque
3349 5568 3539 5618 codice.

2282 5626 2306 5655 ⁸
2480 5625 3319 5701 ἱριετιλιίςιεεξουσακίμνὴορριιι[εις
3339 5631 3411 5680 sic
3432 5633 3581 5682 eliam
3602 5629 3796 5701 Lugduc

2124 5730 2131 5741 ,
2224 5691 2391 5736 nensis
2414 5687 2589 5737 codex.
2612 5684 2936 5739 Cotsiinianus
2964 5684 3082 5739 vero
3104 5689 3366 5748 Σουσακήν.
