3966 6192
187 276 280 335 349

187 412 279 457 tur.
303 403 354 449 et
391 382 528 447 circa
565 386 704 442 ﬁlios
746 383 988 447 Bcrzelli,
1022 391 1076 436 ut
1120 380 1240 435 illos
1270 380 1320 434 in
1372 379 1577 432 honore
1616 376 1724 431 lia-

189 490 310 549 beat,
339 494 388 538 et
426 494 619 537 mensae
657 477 820 548 regia:
863 482 1135 530 consortes
1177 471 1351 526 faciat.
1399 469 1725 538 Moriturque

188 586 434 648 postquam
458 584 624 625 annos
643 565 987 638 quadraginta
1014 569 1345 633 regnaverat.

643 712 926 771 REGNOBUII
957 711 1108 750 LIBER
1148 710 1222 748 Ill.

244 836 429 895 Occidit
456 832 668 891 Orniam
696 830 970 897 Salomon,
998 828 1123 899 quia
1152 827 1432 883 Abisacam
1462 827 1721 897 petierat,

184 939 230 986 et
252 928 570 985 Abiatharem
616 922 773 992 ejecit
812 936 876 976 ex
921 919 1240 976 sacerdotio.
1278 917 1604 989 lmpletaque
1642 926 1726 972 est

184 1017 490 1077 comminatio
531 1025 715 1070 contra
758 1012 844 1067 Eli
874 1011 1030 1077 data;
1059 1026 1125 1066 ex
1166 1010 1259 1065 illo
1285 1025 1514 1080 namque
1555 1024 1726 1080 genus

182 1110 383 1165 ducebat
417 1106 691 1162 Abiatbar.
735 1102 935 1159 Occidit
979 1111 1154 1158 autem
1203 1100 1462 1166 Joabum;
1513 1100 1723 1155 Sadduc

181 1210 332 1256 autem
357 1197 623 1253 constituit
643 1195 975 1250 sacerdotem
1007 1208 1106 1263 pro
1126 1192 1437 1260 Abiathare.
1470 1192 1721 1261 Prmcep-

182 1299 276 1345 tum
303 1289 385 1344 dat
409 1287 581 1344 Semei
608 1286 880 1352 Salomon,
912 1293 969 1339 ut
992 1299 1205 1355 semper
1232 1284 1284 1337 iu
1315 1283 1444 1339 urbe
1470 1291 1720 1338 maneat:

181 1383 216 1435 si
241 1389 397 1435 autem
418 1390 566 1434 exeat
588 1364 865 1449 umquam,
892 1377 942 1431 id
968 1391 1073 1431 non
1105 1357 1321 1446 impune
1346 1375 1602 1439 futurum,
1625 1375 1721 1431 sed

180 1484 326 1528 morte
349 1470 702 1528 mulctandum
729 1485 869 1527 esse.
897 1470 1029 1526 Cum
1057 1483 1242 1524 servos
1264 1468 1582 1538 perdidisset
1604 1469 1718 1533 ille,

181 1564 381 1619 mandati
407 1563 599 1618 oblitus
618 1602 632 1629 ,
662 1576 911 1633 egressus
935 1569 1018 1615 est
1047 1568 1100 1614 ut
1131 1568 1396 1630 qumrerct
1415 1572 1429 1608 :
1447 1573 1551 1629 quo
1574 1574 1723 1614 com-

182 1665 311 1725 perto
352 1655 596 1711 Salomon
638 1652 904 1709 interfecit
953 1666 1096 1707 eum.
1147 1650 1219 1705 De
1265 1648 1522 1719 sapientia
1571 1649 1720 1705 Salo-

182 1747 327 1801 monis
351 1746 632 1812 enarratio,
666 1744 734 1800 de
761 1758 892 1814 pace
935 1758 1051 1813 quae
1080 1740 1196 1811 ejus
1222 1750 1461 1810 tempore
1492 1736 1622 1807 fuit,
1653 1738 1720 1794 de

177 1840 531 1910 magtiiﬁcentia
559 1838 791 1909 prandii,
820 1837 887 1891 de
908 1834 1175 1901 curribus,
1199 1832 1266 1888 de
1292 1834 1472 1903 equis;
1488 1830 1556 1887 de
1574 1832 1718 1886 omni

177 1946 343 2000 genere
367 1931 692 1986 divitiarum.
722 1929 859 1985 Petit
886 1926 1140 1984 Salomon
1178 1925 1495 1996 sapientiam
1526 1939 1555 1978 a
1586 1924 1716 1979 Deo.

178 2022 304 2078 Tunc
324 2022 518 2094 judicat
547 2023 617 2078 de
646 2022 855 2079 duabus
894 2018 1207 2077 mulieribus
1233 2034 1352 2089 qua:
1398 2018 1549 2073 illum
1578 2018 1718 2073 circa

178 2112 395 2169 infantem
420 2115 683 2170 adierant.
731 2113 966 2168 Rursum
1010 2111 1381 2191 desapicntia
1422 2110 1720 2166 Salomonis

177 2204 401 2275 loquitur;
426 2206 493 2262 de
527 2205 741 2261 lautitia
773 2219 972 2261 mensae
1017 2203 1169 2273 ejus,
1212 2212 1264 2258 et
1290 2202 1504 2273 quinam
1531 2202 1719 2273 hujus-

176 2298 295 2352 modi
330 2297 496 2353 ofﬁcio
540 2298 915 2370 fungerentur.
960 2296 1120 2351 Mittit
1164 2296 1229 2350 ad
1277 2295 1491 2352 Chiram
1537 2311 1719 2367 regem

178 2389 302 2461 Tyri,
320 2391 557 2462 lignarios
572 2402 767 2464 petens
786 2389 1137 2446 conductitios
1166 2407 1180 2443 :
1210 2388 1296 2444 ille
1317 2404 1445 2443 vero
1472 2389 1716 2459 praebuit.

173 2480 255 2536 llic
271 2483 428 2553 agitur
450 2483 516 2539 de
541 2498 835 2555 operarum
862 2496 1107 2547 numero,
1134 2487 1189 2535 et
1216 2479 1283 2535 de
1310 2480 1545 2534 materia:
1568 2479 1719 2549 copia

171 2572 223 2627 ad
248 2576 640 2632 exstructionem
662 2575 841 2644 templi
874 2581 1051 2644 parata
1077 2590 1090 2627 :
1112 2572 1348 2641 sequitur
1372 2570 1566 2627 deinde
1585 2581 1720 2626 tem-

170 2666 230 2734 pli
254 2668 582 2724 constructio.
621 2668 881 2724 Precatur
922 2666 1173 2723 Salomon
1206 2666 1259 2719 in
1292 2666 1509 2735 templo,
1536 2674 1589 2720 et
1616 2664 1716 2719 im-

165 2757 320 2823 molat,
340 2758 670 2831 domumque
694 2758 924 2814 dedicat.
958 2756 1226 2812 Promittit
1253 2755 1329 2811 illi
1360 2755 1496 2810 bona
1525 2756 1665 2811 Deus
1695 2797 1711 2825 ,

164 2849 200 2901 si
218 2851 503 2908 custodierit
529 2851 791 2907 mandata
824 2851 1009 2922 ipsius,
1030 2858 1085 2905 et
1107 2848 1439 2904 contrarium
1461 2849 1715 2917 minatur,

164 2938 200 2990 si
219 2942 570 3009 praevaricatus
623 2941 804 2998 fuerit.
833 2941 959 2996 Erat
982 2949 1162 2996 autem
1193 2939 1264 2993 illi
1292 2940 1442 2994 navis
1476 2955 1595 3009 qua:
1625 2955 1717 2994 au-

163 3044 261 3085 rum
286 3034 518 3091 vehebat.
547 3035 798 3090 Historia
824 3034 1022 3103 reginae
1064 3033 1267 3099 Austri,
1296 3048 1414 3103 qum
1445 3032 1627 3100 venit,
1661 3042 1719 3089 ut

164 3122 344 3178 audiret
367 3126 695 3197 sapientiam
723 3126 859 3195 ejus.
892 3126 967 3180 De
1011 3124 1314 3194 ingentibus
1352 3122 1468 3193 ejus
1498 3123 1715 3190 divitiis,

165 3213 220 3268 de
242 3217 388 3271 armis
408 3219 585 3275 aureis
628 3232 747 3288 qua:
776 3217 888 3287 ipse
913 3214 1074 3282 fecit;
1107 3213 1174 3270 de
1197 3214 1348 3286 regni
1393 3212 1509 3284 ejus
1533 3214 1717 3269 limiti-

163 3304 262 3362 bus.
288 3308 411 3364 Hinc
432 3311 499 3366 de
549 3309 861 3366 idololatria
906 3308 1025 3378 ejus
1053 3315 1107 3363 et
1148 3307 1215 3362 de
1258 3305 1571 3370 offensione,
1613 3322 1718 3378 qua

162 3394 301 3452 Deum
328 3400 565 3456 offendit.
608 3400 744 3455 Hinc
770 3400 927 3454 minae
947 3398 1204 3454 adversus
1229 3397 1376 3452 illum
1404 3397 1676 3453 intentata:
1699 3438 1716 3465 ,

166 3491 386 3561 regnique
404 3493 519 3563 ejus
547 3492 773 3556 solutio,
805 3505 1012 3562 paxque
1039 3490 1266 3545 sublata.
1305 3488 1548 3545 Rebellat
1574 3490 1717 3546 enim

162 3589 319 3637 centra
362 3583 506 3639 illum
556 3584 712 3640 Ader
754 3583 1039 3648 Idumaeos,
1086 3589 1140 3637 et
1181 3581 1428 3636 Esdrom.
1473 3581 1718 3638 Rebellat

162 3673 298 3729 etiam
323 3686 502 3733 contra
556 3678 713 3733 illum
763 3676 1047 3732 Jeroboam
1085 3689 1271 3731 servus
1300 3673 1439 3745 ejus.
1473 3674 1626 3730 Venit
1651 3674 1718 3730 ad

156 3762 412 3825 leroboam
462 3770 639 3826 Acbia
696 3769 974 3839 propheta,
1007 3767 1201 3839 datque
1240 3766 1317 3821 illi
1368 3765 1717 3822 scindendum

159 3858 505 3917 vestimentum
557 3862 613 3917 in
647 3861 870 3916 lacinias
903 3859 1090 3916 decem
1113 3901 1130 3927 ,
1179 3858 1607 3929 prmsigniﬁcans
1642 3859 1717 3914 illi

155 3946 277 4015 quod
301 3948 482 4006 decem
511 3960 730 4022 sceptra
754 3950 1031 4005 habiturus
1060 3958 1225 4005 esset.
1253 3948 1384 4004 Cum
1417 3963 1577 4018 porro
1603 3949 1718 4004 vel-

158 4037 216 4092 let
234 4038 472 4099 Salomon
498 4045 653 4100 illum
686 4038 950 4113 occidere,
976 4040 1108 4113 fugit
1137 4028 1188 4096 in
1220 4039 1534 4112 Egyptum.
1557 4040 1720 4096 Redit

154 4130 211 4186 3b
231 4131 453 4208 Egypto
495 4136 814 4202 Jeroboam,
870 4142 1081 4189 mortuo
1122 4132 1430 4187 Salomone.
1484 4131 1719 4202 Papulus
1760 4147 1772 4152 ‘

155 4232 305 4280 autem
330 4228 521 4284 adiens
549 4227 799 4283 Roboam
829 4226 995 4281 ﬁlium
1043 4224 1367 4291 Salomonis,
1394 4224 1613 4295 rogabat
1642 4224 1717 4280 lc-

155 4312 280 4372 tiore
304 4316 404 4373 frui
434 4319 692 4390 imperio,
724 4333 882 4389 quam
905 4317 1004 4372 sub
1025 4316 1346 4381 Salomone;
1385 4315 1474 4371 ille
1503 4330 1629 4370 vero
1650 4331 1717 4371 ex

155 4410 353 4464 consilio
367 4411 633 4481 juveuum
662 4409 1015 4481 quorumdam
1040 4450 1056 4475 ,
1099 4409 1188 4479 qui
1220 4423 1338 4464 eum
1364 4407 1481 4479 ipso
1505 4407 1717 4463 educati

154 4494 357 4567 fuerant,
390 4504 634 4558 minatus
660 4511 743 4558 est
767 4516 827 4557 se
852 4501 1093 4571 graviore
1111 4514 1333 4555 usurum
1358 4499 1602 4569 imperio.
1633 4499 1719 4555 ln-

153 4589 205 4644 de
225 4592 398 4649 divisa:
423 4603 557 4649 sunt
587 4593 772 4649 decem
805 4591 999 4658 tribus,
1047 4600 1103 4646 et
1138 4605 1318 4661 regem
1359 4591 1460 4646 sibi
1514 4591 1716 4646 consli-

153 4691 339 4745 luerunt
372 4690 692 4747 Jeroboam.
720 4689 958 4744 Roboam
988 4702 1116 4741 vero
1139 4686 1408 4741 volentem
1433 4694 1617 4740 contra
1650 4684 1717 4739 il-

151 4774 240 4831 lum
259 4796 478 4837 movere
511 4781 718 4838 bellum
749 4780 886 4834 Deus
902 4777 1160 4833 cohibuit.
1187 4775 1322 4831 Cum
1357 4785 1533 4831 autem
1550 4789 1718 4847 πει-οε

153 4875 264 4924 taret
285 4872 421 4927 ﬁlius
452 4872 770 4934 Jeroboam,
799 4871 959 4925 mittit
985 4883 1203 4924 uxorem
1231 4883 1379 4922 suam
1409 4866 1476 4923 ad
1494 4867 1717 4922 Acbiam

149 4962 468 5031 prophetam,
491 4964 566 5019 de
617 4963 808 5018 morbo
850 4962 1273 5017 sciscitaturum:
1304 4959 1394 5015 ille
1428 4974 1556 5014 vero
1584 4960 1720 5014 dixit

149 5062 247 5106 esse
272 5056 624 5118 moriturum,
647 5064 701 5109 et
731 5062 975 5109 mortuus
1000 5061 1081 5107 est
1102 5050 1198 5125 (a).
1223 5049 1716 5106 Statuitleroboam

150 5141 320 5201 vitulas
348 5161 577 5212 aureas,
601 5145 824 5201 alteram
855 5146 905 5199 in
927 5143 1148 5210 Bmthel,
1174 5142 1395 5195 alteram
1420 5140 1470 5195 in
1501 5141 1631 5205 Dan,
1652 5156 1719 5197 ne

150 5235 351 5302 populus
370 5236 705 5292 ascenderet
732 5237 784 5290 in
814 5235 1133 5291 Jerusalem.
1167 5231 1299 5288 Cum
1329 5240 1506 5286 autem
1531 5232 1721 5286 immo-

148 5323 258 5381 laret
286 5329 378 5397 ibi,
411 5346 548 5411 ecce
580 5328 742 5384 homo
770 5329 868 5383 Dei
911 5329 1128 5383 veniens
1158 5324 1441 5396 prophetat
1479 5323 1546 5379 de
1573 5323 1719 5380 Josia

193 5458 258 5523 (a)
283 5468 393 5513 Hec
410 5475 532 5528 qua:
562 5461 629 5511 de
761 5460 943 5511 'tudiue
964 5459 1047 5509 ﬁlii
1069 5457 1340 5509 Jeroboami
1359 5457 1583 5507 dicuntur
1605 5469 1718 5519 per-

193 5531 282 5571 ieut
313 5525 374 5571 ad
415 5530 575 5571 caout
610 5475 847 5571 limini
871 5522 1002 5571 tertii
1026 5529 1235 5571 neeum.
1261 5527 1313 5569 et
1337 5525 1443 5571 nost
1467 5517 1718 5569 vitularum

146 5517 282 5572 tinent
313 5525 374 5573 ad
415 5517 575 5589 caput
610 5517 847 5589 XlVflibri
871 5522 1002 5589 tertii
1026 5525 1443 5589 Regum._et_post
1467 5517 1721 5589 vitulairum

144 5591 377 5647 ἓιιῐζεειτιιιη
409 5579 609 5636 cultum
648 5586 889 5647 habentur
922 5585 975 5633 in
1004 5579 1221 5647 Hebraeo,
1245 5584 1295 5647 in
1315 5579 1553 5647 Vulgatis,
1573 5586 1721 5642 atque

141 5642 452 5761 mitem-dari
472 5648 717 5700 editione;
736 5645 827 5696 Sed
844 5647 893 5695 in
910 5647 1014 5697 aliis
1033 5646 1208 5694 Graecis
1224 5642 1517 5693 editionibus
1530 5642 1721 5693 inversa

1164 260 1518 320 *svaorsrs
1554 223 1961 318 SCRIPTUM:
1999 257 2269 319 saeuae.
2325 263 2329 266 '

3311 271 3418 331 350

1837 392 1981 448 rege.
2010 380 2080 435 Et
2117 384 2331 438 exaruit
2351 384 2492 456 regis
2537 400 2746 451 manus,
2770 394 2823 442 et
2852 394 3003 457 rupta
3033 400 3116 446 est
3136 390 3250 444 ara.
3279 388 3416 443 Pro.

1832 468 1989 537 pheta
2018 480 2195 526 autem
2226 473 2389 529 Deum
2413 485 2687 545 precante,
2718 492 2812 532 rex
2839 492 2998 533 sanus
3020 477 3190 534 factus
3216 490 3316 536 est.
3340 481 3411 536 Et

1832 560 2390 633 rogabat‘prophetam
2423 575 2480 621 ut
2529 567 2834 637 epularetur
2856 567 2996 638 apud
3023 583 3101 624 se.
3148 570 3240 626 llic
3282 588 3411 627 vero

1830 653 2065 722 nolebat,
2101 658 2192 712 Dei
2233 668 2556 729 praeceptum
2584 674 2827 724 servans,
2872 662 3011 731 quod
3050 677 3170 717 cum
3222 674 3408 733 postea

1832 754 2201 818 transgressus
2245 760 2430 819 esset,
2462 753 2673 808 occisus
2724 763 2806 808 est
2836 770 2866 809 a
2913 758 3084 811 leone.
3124 757 3408 812 Jeroboam

1830 845 2005 892 autem
2032 838 2205 895 adhuc
2247 842 2496 897 manebat
2522 843 2574 897 in
2616 844 2890 915 impietate
2913 860 3026 910 sua,
3079 855 3133 902 et
3166 846 3405 902 Boboam

1829 925 1972 981 idola
2003 928 2168 982 coluit
2206 931 2455 985 omnibus
2485 933 2606 987 vita:
2628 947 2741 988 sum
2764 935 2943 989 annis.
2975 935 3210 993 Veniens
3239 936 3407 991 Susa-

1828 1018 1930 1071 cim
1959 1019 2161 1089 accepit
2194 1019 2491 1103 thesauros.
2522 1024 2648 1078 Post
2680 1026 2819 1079 hunc
2850 1036 3033 1096 regnat
3071 1028 3233 1083 Abias
3262 1030 3402 1085 ﬁlius

1827 1109 1963 1178 ejus,
1993 1118 2046 1164 et
2076 1121 2196 1180 post
2219 1110 2360 1168 hunc
2382 1113 2485 1167 Asa
2515 1114 2655 1169 ﬁlius
2670 1104 2982 1172 Abia.‘Post
3002 1118 3283 1174 Jeroboam
3312 1136 3403 1176 re-

1825 1208 1954 1269 gnat
1984 1200 2124 1256 ﬁlius
2144 1202 2262 1272 ejus
2288 1202 2440 1259 Adab
2471 1203 2545 1276 (a)
2573 1222 2587 1259 :
2611 1220 2769 1275 quem
2798 1222 2918 1262 cum
2941 1209 3226 1267 occidisset
3244 1212 3404 1279 Basa,

1826 1291 2067 1361 regnavit
2092 1303 2145 1347 et
2162 1292 2394 1348 bellabat
2420 1302 2602 1349 contra
2620 1296 2749 1350 Asa.
2773 1296 2868 1352 Hic
2894 1298 3092 1354 auxilio
3114 1316 3240 1355 usus
3264 1302 3407 1358 Ader

1826 1380 1946 1455 Syri
1976 1387 2222 1454 superior
2244 1385 2360 1443 fuit.
2410 1388 2562 1463 Quia,
2588 1403 2718 1443 vero
2761 1389 3035 1460 improbus
3077 1403 3191 1448 erat
3233 1395 3403 1460 Basa,

1827 1478 2059 1532 minatur
2086 1478 2185 1549 ipsi
2232 1478 2371 1534 Deus
2403 1481 2538 1535 mala
2571 1476 2952 1552 ingentimlllo
2972 1494 3183 1539 mortuo
3212 1502 3404 1557 regna-

1824 1568 1899 1623 vit
1924 1569 2019 1624 Ela
2041 1569 2181 1625 ﬁlius
2209 1569 2344 1639 ejus,
2375 1586 2533 1640 quem
2559 1586 2679 1626 cum
2710 1574 2995 1629 occidisset
3022 1575 3232 1630 Zambri
3271 1594 3407 1633 unus

1827 1661 2144 1731 principum,
2196 1661 2438 1730 regnavit
2480 1662 2614 1731 ipse,
2667 1671 2722 1718 et
2748 1663 2941 1718 delevit
2985 1669 3201 1721 domum
3232 1667 3404 1723 Bas-.c.

1824 1750 1896 1807 Ut
1936 1763 2114 1807 autem
2142 1751 2353 1807 Zambri
2378 1768 2588 1823 quoque
2615 1766 2854 1809 mortuus
2883 1764 2986 1821 est,
3016 1771 3135 1809 cum
3170 1758 3406 1828 seipsutn

1823 1844 2164 1911 incendisset,
2189 1854 2373 1917 regnat
2391 1846 2596 1900 Ambri.
2614 1846 2746 1902 Cum
2769 1854 2945 1903 autem
2975 1848 3061 1904 hic
3080 1850 3236 1905 etiam
3255 1868 3405 1908 mor-

1824 1944 1945 1991 tuus
1991 1946 2163 2002 esset,
2193 1947 2382 2008 regnat
2411 1937 2626 1995 Acbaab
2662 1939 2803 1994 ﬁlius
2829 1942 2966 2010 ejus.
3014 1941 3224 2011 Regnat
3261 1940 3421 1996 lusa-

1827 2028 1953 2099 pltat
1972 2028 2112 2085 ﬁlius
2140 2031 2282 2085 Asse.
2313 2016 2543 2085 Minatur
2565 2031 2711 2086 Elias
2732 2032 2992 2102 propheta
3018 2033 3269 2088 Achaabo
3304 2041 3410 2093 sic-

1824 2121 2069 2187 citatem,
2092 2136 2214 2191 quae
2242 2136 2339 2191 per
2366 2129 2476 2177 tres
2520 2137 2691 2178 annos
2733 2131 2789 2177 et
2815 2136 2909 2178 sex
2935 2139 3149 2180 menses
3171 2125 3412 2183 duravit.

1822 2210 1975 2267 Tunc
2001 2226 2098 2280 per
2126 2225 2317 2266 corvos
2352 2211 2515 2266 alitur
2563 2212 2842 2283 pmpheta.
2887 2213 2981 2268 llic
3033 2223 3157 2269 sunt
3200 2234 3264 2274 ea
3293 2233 3418 2288 qua:

1824 2302 2092 2375 pertinent
2109 2302 2175 2357 ad
2205 2302 2412 2357 viduam
2434 2301 2881 2372 Sarephthanam,
2905 2319 3023 2374 quae
3042 2305 3107 2359 ad
3135 2309 3415 2380 lecythum

1824 2394 1951 2462 olei,
1976 2403 2030 2449 et
2060 2410 2180 2464 qua:
2212 2392 2281 2449 ad
2304 2394 2545 2465 bydriam
2575 2394 2777 2460 farinae,
2805 2394 2871 2449 ad
2899 2406 3124 2451 mortem
3156 2401 3328 2467 pueri,
3351 2410 3405 2454 et

1823 2487 1888 2543 ad
1901 2488 2299 2543 suscitationem
2324 2504 2387 2542 ex
2416 2500 2611 2543 morte.
2643 2487 2867 2543 Mittitur
2893 2489 2962 2543 ad
2992 2489 3209 2545 Acbaab
3237 2491 3403 2557 Elias,

1823 2590 1879 2635 et
1905 2580 2129 2635 hostiam
2158 2580 2334 2646 offert,
2362 2578 2597 2634 demittit
2627 2580 2804 2650 ignem
2832 2579 2900 2634 de
2923 2580 3076 2644 emlo,
3122 2590 3176 2636 et
3200 2596 3401 2637 consu-

1823 2670 1921 2726 mit
1948 2671 2113 2725 illam.
2146 2669 2298 2726 Tunc
2325 2679 2569 2741 arreptos
2595 2668 2901 2733 sacerdotes
2929 2669 3101 2725 Baulis
3123 2671 3403 2741 jugulavit.

1823 2761 2079 2818 'Acbaabo
2109 2762 2341 2830 pluviam
2371 2761 2712 2831 praanuntiat.
2736 2760 2804 2815 Et
2836 2775 3137 2818 conscenso
3158 2760 3403 2819 Carmelo

1825 2861 2068 2924 precatus
2103 2863 2185 2907 est
2215 2853 2358 2908 Elias
2379 2892 2394 2918 ,
2446 2860 2501 2907 et
2550 2851 2869 2906 sacriﬁcium
2900 2851 3056 2906 oﬁ‘ert
3083 2869 3097 2906 :
3130 2868 3253 2908 ecce
3282 2855 3404 2924 plu-

1824 2948 1928 3002 via.
1959 2944 2186 2999 Minatur
2208 2944 2340 2999 Elim
2365 2951 2590 2998 mortem
2615 2942 2828 2998 Jezabel
2856 2958 2990 2998 uxor
3012 2943 3269 2998 Acbaabi.
3304 2943 3399 3002 Ille

1823 3048 1999 3095 autem
2024 3038 2169 3094 venit
2200 3039 2251 3092 in
2280 3037 2572 3101 desertum,
2602 3047 2654 3093 et
2682 3052 2803 3092 cum
2840 3036 3181 3093 dormivisset
3201 3039 3404 3093 excita-

1824 3139 2015 3201 tusque
2043 3129 2283 3186 essetab
2325 3128 2514 3200 angelo
2571 3128 2665 3184 Dei
2693 3169 2708 3194 ,
2767 3128 2976 3184 invenit
3002 3128 3402 3184 subcineritium

1823 3237 2015 3294 panem
2038 3237 2105 3277 ex
2130 3222 2299 3293 olyra,
2319 3236 2478 3292 quem
2505 3235 2628 3276 cum
2645 3218 2964 3274 comedisset
2984 3218 3264 3275 roboratus
3283 3228 3363 3274 est
3387 3237 3404 3274 :

1823 3330 1945 3370 cum
1976 3313 2067 3368 illo
2095 3313 2217 3369 cibo
2263 3311 2613 3383 quadraginta
2653 3310 2842 3365 diebus
2869 3310 3014 3364 venit
3058 3309 3112 3364 in
3166 3308 3398 3365 Choreb.

1824 3406 1972 3461 Tunc
1996 3405 2069 3459 ait
2093 3422 2106 3459 :
2137 3405 2378 3470 Domine,
2405 3416 2530 3458 aras
2558 3410 2674 3456 tuas
2697 3399 3050 3456 suti'oderunt.
3071 3399 3220 3471 Jugis
3237 3400 3402 3456 bourn

1823 3496 2060 3552 dimissis
2101 3495 2354 3550 Elissazus
2383 3493 2620 3563 sequitur
2662 3491 2860 3546 Eliam.
2892 3490 3026 3546 Hinc
3071 3491 3288 3547 historia
3320 3492 3404 3547 vi-

1825 3604 1941 3645 neae
1979 3587 2239 3643 Nabutha:
2268 3603 2284 3641 :
2320 3596 2374 3641 et
2400 3584 2559 3640 minae
2590 3592 2772 3639 contra
2802 3582 3102 3639 Jezabelem
3128 3590 3183 3638 et
3204 3583 3408 3638 Acbaa-

1825 3682 1948 3736 bum
2000 3697 2015 3736 :
2063 3678 2404 3750 compunctio
2452 3675 2711 3732 Achaabi.
2765 3675 3119 3744 lrruptiouem
3175 3674 3296 3730 fecit
3347 3678 3405 3731 ita

1825 3773 2076 3829 lsraelem
2102 3772 2268 3843 Syrus
2320 3769 2466 3825 Ader
2502 3784 2624 3823 cum
2668 3767 2881 3838 triginta
2909 3766 3119 3821 duobus
3146 3768 3402 3836 regibus:

1824 3863 2046 3921 Achaah
2063 3879 2190 3919 vero
2215 3864 2410 3919 devicit
2447 3877 2560 3918 eos.
2589 3860 2721 3917 Cum
2767 3860 3005 3915 secundo
3033 3860 3181 3915 Ader
3205 3860 3405 3915 bellum

1827 3957 2127 4023 intulisset,
2169 3967 2343 4012 caesus
2392 3949 2786 4021 admoduihque
2831 3950 3139 4021 proﬁigatus
3187 3960 3288 4005 est.
3330 3951 3400 4007 Ut

1824 4059 2002 4104 autem
2027 4062 2085 4102 se
2108 4046 2239 4102 vidit
2264 4047 2316 4100 in
2340 4044 2577 4115 periculo
2613 4043 2836 4106 versari,
2868 4041 3163 4097 miserabili
3188 4041 3405 4097 indutus

1823 4150 1973 4196 veste
2011 4137 2317 4194 Aebaabum
2340 4134 2490 4202 adiit,
2518 4149 2728 4189 servum
2768 4148 2833 4189 se
2852 4146 3068 4198 vocans,
3092 4140 3147 4190 et
3176 4132 3403 4187 salutem
3478 4162 3488 4167 -

1823 4231 2076 4301 consequi
2109 4240 2411 4300 peroptans.
2438 4225 2530 4281 llle
2557 4239 2685 4281 vero
2713 4240 2837 4280 eum
2879 4224 2932 4279 in
2956 4239 3115 4279 curru
3145 4238 3244 4278 suo
3271 4238 3404 4278 con.-

1824 4322 2083 4380 scendere
2108 4319 2287 4391 jussit,
2312 4327 2367 4374 et
2405 4317 2610 4372 honore
2658 4315 2908 4371 affectum
2939 4315 2991 4369 in
3024 4323 3222 4370 terram
3251 4329 3403 4370 suam

1824 4415 2050 4472 remisit.
2072 4412 2232 4469 Venit
2257 4410 2511 4482 prepbeta
2561 4424 2746 4478 regem
2783 4423 2951 4477 super
2972 4406 3056 4463 his
3079 4406 3403 4478 objurgans,

1824 4520 2119 4576 necemque
2160 4502 2432 4557 minitans.
2478 4499 2757 4555 Consultat
2804 4497 3062 4565 Achaab,
3112 4512 3180 4553 an
3215 4496 3407 4554 debeat

1828 4598 1981 4672 Syris
2021 4597 2218 4653 bellum
2265 4595 2499 4651 inferre:
2531 4605 2583 4650 et
2628 4609 2693 4648 ex
2724 4592 2948 4648 consilio
2971 4591 3227 4663 Josapbat
3264 4592 3409 4663 regis

1822 4694 2001 4758 Judae,
2033 4691 2322 4748 accersitur
2360 4688 2607 4744 Miclimas
2636 4685 2913 4757 propheta,
2936 4687 3025 4756 qui
3053 4686 3408 4755 interrogatus

1824 4771 2153 4843 calamitates
2200 4781 2481 4852 prmdicit,
2508 4780 2555 4834 si
2584 4778 2781 4833 bellum
2830 4778 3111 4831 inferatur.
3156 4775 3405 4832 Irascitur

1824 4878 2042 4937 Achaab
2063 4898 2075 4934 :
2097 4877 2374 4933 Mirhaeam
2399 4874 2620 4945 perculit
2642 4872 2892 4929 Sedccias
2918 4868 3403 4939 pseudopmpbeta.

1824 4972 1983 5029 lubet
2020 4968 2237 5025 Acbaab
2289 4967 2492 5023 servari
2522 4964 2794 5019 Micbream
2841 4962 3355 5033 pseudopmphetam
3384 5005 3403 5030 ,

1827 5066 2000 5122 donec
2026 5064 2151 5119 belli
2185 5062 2303 5117 ﬁnis
2329 5068 2491 5116 esset.
2514 5057 2714 5113 Exitad
2738 5072 2967 5129 pugnam
2988 5097 3004 5123 ,
3042 5065 3097 5112 et
3117 5057 3412 5129 Josapbato

1826 5160 1991 5216 dixit:
2014 5158 2276 5213 Mutemus
2304 5153 2538 5208 habitum
2564 5150 2955 5206 etvestimenla
2980 5166 2995 5212 ξ
3019 5151 3279 5220 accipiam
3307 5166 3411 5223 ego

1829 5260 1940 5319 tua,
1969 5258 2023 5305 et
2052 5262 2169 5304 mea
2210 5246 2302 5301 tibi
2346 5243 2513 5298 trado.
2570 5241 2661 5296 llis
2689 5241 2941 5311 peractis,
2967 5257 3087 5296 cum
3120 5244 3407 5312 prmcepis-

1829 5352 1913 5400 set
1937 5358 2029 5398 rex
2059 5340 2228 5412 Syria:
2250 5335 2504 5392 militibus
2520 5333 2651 5401 suis,
2685 5342 2741 5388 ut
2764 5333 2941 5388 missis
2970 5334 3217 5388 omnibus
3243 5348 3406 5387 unum

1891 5501 1962 5611 (σε
1974 5499 2028 5548 In
2040 5504 2148 5546 Lxx
2160 5496 2489 5567 Interpretum
2506 5491 2719 5566 editione
2736 5490 2937 5564 legitur,
2948 5503 3103 5543 Νιϐἆτι.
3114 5489 3410 5597 Haecquippa

1891 5577 1940 5611 m
1961 5574 2020 5610 ua
2041 5559 2241 5608 multum
2280 5558 2524 5606 variabant
2556 5568 2606 5603 tn
2631 5552 2993 5611 exemplaribus
3019 5558 3206 5600 Cretaeis.
3274 5563 3410 5611 erum

1828 5552 2020 5613 nomina
2041 5559 2241 5608 multum
2280 5552 2524 5606 variabant
2556 5556 2606 5603 in
2631 5552 2993 5616 exemplaribus
3019 5552 3206 5600 Graecis.
3222 5552 3411 5616 Verum

1828 5610 2008 5676 nomen
2032 5628 2110 5672 est
2129 5620 2286 5670 Nadab
2304 5617 2568 5668 secundum
2591 5610 2872 5665 Hebraiéam
2907 5618 3159 5665 veritatem
3180 5615 3303 5669 Ἧι.
3324 5610 3411 5660 Sic

1831 5705 1882 5750 et
1905 5693 2025 5745 infra
2046 5694 2140 5758 Ᾱδιρ
2160 5705 2254 5745 rex
2269 5690 2413 5758 syria:
2431 5695 2508 5740 est
2525 5686 2760 5738 Beuadad.
