3962 6190
550 268 648 322 Eii

550 399 736 457 regem
757 379 972 438 Israelis
993 377 1045 432 in
1071 372 1212 430 bello
1236 370 1592 436 adorirentur,
1617 368 1688 422 illi
1711 365 1952 421 videntes
1981 361 2135 417 Josa-

563 452 690 547 phat
718 486 896 543 regem
911 467 1068 530 Juda,
1095 473 1150 520 et
1177 469 1424 534 putantes
1449 474 1570 516 esse
1595 471 1776 528 regem
1801 453 1962 510 Israel
1993 452 2139 523 (nam

564 544 729 625 vestis
759 567 902 634 ipsus
922 557 1174 630 decepit),
1203 552 1664 612 circumsistebant
1697 551 1844 606 illum
1869 589 1884 613 ,
1910 555 1970 601 ut
1995 544 2139 600 occi-

567 659 775 714 derent.
799 651 897 707 Ille
929 665 1059 706 vero
1085 649 1324 704 clamans
1351 661 1381 698 a
1421 643 1662 716 periculo
1687 639 1958 696 eximitur.
1991 636 2143 691 Alius

564 757 742 802 autem
769 741 1073 814 sagittarius
1095 739 1238 795 feriit
1261 736 1592 799 Achaabum,
1616 740 1674 788 et
1700 730 1917 802 sanguis
1954 743 2143 784 mana-

563 839 673 902 bat,
704 849 862 905 quem
883 833 1167 888 abluerunt
1195 829 1432 894 infoute,
1462 836 1519 882 et
1545 823 1855 880 meretrices
1877 836 1937 878 se
1962 819 2146 875 ablue-

565 939 690 984 runt
732 927 784 982 in
806 923 1062 994 sanguine
1091 923 1208 992 ejus
1231 961 1246 987 ,
1273 932 1539 988 canesque
1565 916 1833 970 linxerunt
1855 927 1998 967 eum.
2042 910 2146 965 Rc-

566 1021 749 1093 gnavit
776 1025 896 1089 post
941 1015 1248 1072 Achaabum
1276 1010 1536 1068 Ochozias
1566 1007 1704 1062 filius
1725 1005 1860 1075 ejus.
1884 1002 2016 1071 Quia
2045 1017 2143 1056 au-

561 1123 674 1165 10m
702 1108 959 1179 Josaphat
1006 1110 1208 1160 amicus
1252 1103 1376 1172 ejus
1400 1101 1733 1168 fuit,pu3nas
1774 1095 1950 1159 dedit;
1985 1094 2056 1146 ita
2092 1100 2148 1146 ut

568 1219 730 1276 Opera
745 1204 864 1274 ejus
892 1199 1352 1270 interpellarentur
1378 1189 1479 1264 (α).

1166 1345 1442 1388 πεςκοιῑωι
1470 1345 1543 1383 Π.

639 1471 923 1541 IEgrotans
942 1465 1205 1524 Ochozias
1229 1464 1372 1518 misit
1390 1461 1689 1517 consultum
1708 1459 1943 1522 Baalem,
1973 1464 2148 1510 utrum

568 1572 906 1619 surrecturus
933 1569 1111 1616 esset:
1143 1569 1195 1614 et
1222 1557 1420 1612 nuntiis
1433 1569 1728 1610 occurrens
1755 1553 1897 1608 Elias
1920 1549 2150 1621 prophe-

567 1668 640 1724 ta,
667 1657 825 1728 «jussit
853 1668 1129 1726 regressus
1158 1653 1403 1706 nuntiare
1448 1649 1619 1718 ipsum
1642 1662 1752 1702 non
1781 1655 2148 1700 surrecturum

566 1763 704 1804 esse.
730 1747 862 1802 Cum
884 1736 1164 1799 didicisset
1178 1751 1355 1796 autem
1378 1737 1641 1794 Ochozias
1671 1750 1789 1791 esse
1827 1735 2017 1799 Etiam,
2050 1732 2151 1786 mi-

570 1841 640 1893 sit
669 1837 1176 1908 quiuquagenarium
1203 1834 1378 1903 primo
1427 1840 1484 1887 et
1509 1829 1780 1894 secundo;
1823 1841 1944 1883 cum
1974 1834 2150 1880 autem

569 1943 796 2003 uterque
841 1945 970 1985 cum
1026 1926 1412 1999 quinquaginta
1463 1925 1574 1978 suis
1637 1923 1758 1992 igne
1804 1926 2152 1989 consumptus

573 2026 780 2086 fuisset,
804 2039 932 2078 cum
964 2021 1118 2077 tertio
1138 2019 1355 2089 jubetur
1386 2016 1528 2071 Elias
1579 2012 1932 2076 descendere,
1967 2018 2022 2066 et
2060 2025 2149 2064 re-

571 2132 690 2187 gem
723 2113 909 2169 adiens
937 2112 1070 2166 dixit
1120 2111 1271 2164 illum
1330 2122 1450 2164 esse
1476 2105 1815 2162 moriturum.
1848 2103 1976 2158 Post
2010 2100 2153 2156 hunc

571 2220 759 2279 regnat
783 2207 947 2262 frater
976 2205 1091 2274 ejus
1129 2203 1310 2259 ieram
1345 2221 1360 2256 :
1391 2216 1495 2255 non
1542 2199 1686 2254 enim
1726 2205 1843 2279 erat
1886 2195 1962 2251 illi
1990 2193 2150 2248 lilius.

584 2276 720 2356 Hinc
748 2297 1040 2368 assumptio
1068 2296 1192 2350 Elia:
1223 2295 1274 2348 in
1299 2293 1510 2349 caelum.
1536 2291 1787 2345 Videntes
1808 2276 1897 2342 lilii
1921 2287 2153 2357 prephe-

574 2401 745 2446 tarum
769 2389 1041 2445 Elissceum
1066 2387 1207 2442 sicco
1235 2384 1368 2456 pede
1393 2382 1683 2438 Jordanem
1717 2387 2150 2450 prmtercuntem,

574 2483 824 2539 dixerunt
859 2479 1124 2551 quievisse
1173 2477 1416 2545 spiritum
1450 2474 1580 2528 Elia;
1607 2486 1771 2540 super
1796 2470 1968 2540 ipsum
1998 2510 2014 2534 ,
2062 2484 2153 2523 ro-

573 2584 805 2646 gantque
837 2571 973 2627 mitti
1003 2570 1092 2641 qui
1126 2569 1292 2623 Eliam
1327 2566 1696 2636 perquirerent
1717 2582 1734 2617 :
1767 2563 1855 2617 ille
1905 2561 2156 2633 prohibe-

571 2666 688 2731 bat,
717 2664 1036 2732 demumque
1087 2660 1306 2715 annuit:
1339 2657 1434 2712 sed
1480 2658 1568 2727 qui
1601 2656 1746 2710 missi
1793 2655 2003 2710 fuerant
2049 2668 2156 2709 non

571 2758 914 2810 invenerunt.
952 2754 1132 2822 Aquas
1161 2751 1212 2804 in
1243 2749 1456 2804 Iericho
1481 2763 1638 2804 sanas
1659 2746 1834 2803 reddit
1865 2746 2154 2810 Elissaeas;

577 2862 698 2901 cum
725 2846 932 2901 veniret
957 2844 1009 2898 in
1032 2840 1234 2896 Bmtltel
1263 2881 1279 2907 ,
1312 2840 1564 2910 puerulos
1587 2854 1650 2894 se
1677 2837 1962 2892 irridentes
1990 2835 2158 2890 male-

570 2939 728 3003 dicit,
743 2938 930 3008 illique
948 2936 1016 2990 ab
1037 2934 1174 2989 ursis
1205 2932 1612 2988 interficiuntur.
1638 2931 1747 2986 Rex
1770 2929 1922 2985 Moab
1942 2929 2155 2984 solitum

572 3030 810 3102 pendere
839 3029 1093 3084 tributum
1145 3027 1350 3082 abnuit.
1380 3025 1584 3080 Bellum
1621 3024 1720 3094 ipsi
1765 3021 1928 3078 infert
1975 3021 2157 3077 Iuram

573 3140 671 3181 rex
695 3123 836 3178 Juda‘
850 3131 1123 3190 assumpto
1153 3135 1334 3176 secum
1360 3117 1590 3175 Ochozia
1616 3132 1743 3186 rege
1769 3115 1957 3183 Israel,
1986 3124 2042 3172 et
2070 3131 2160 3172 re-

575 3231 647 3288 ge.
668 3214 840 3271 Edoni
863 3213 972 3288 (lt).
997 3214 1132 3268 Cum
1167 3221 1346 3267 autem
1376 3226 1486 3266 non
1534 3210 1838 3265 invenirent
1862 3223 2054 3279 aquam
2103 3210 2156 3264 in

580 3308 818 3371 deserto,
859 3317 913 3361 et
943 3305 1010 3360 de
1037 3306 1146 3358 vita
1173 3304 1621 3374 periclitarentur,
1654 3302 1968 3358 consulente
1984 3300 2160 3358 Ocho-

575 3401 657 3455 aia
685 3399 905 3455 veniunt
928 3398 992 3453 ad
1040 3399 1340 3453 Elissaeum.
1376 3397 1474 3452 Ille
1502 3411 1632 3452 vero
1674 3395 1920 3451 irascitur
1957 3403 2145 3450 contra

575 3506 756 3562 regem
787 3490 964 3555 Israel,
1003 3504 1103 3544 nec
1124 3504 1181 3543 se
1211 3489 1354 3542 illum
1390 3488 1658 3557 respicere
1681 3487 1821 3542 velle
1859 3485 2014 3551 dixit,
2055 3486 2158 3541 nisi

577 3585 630 3638 in
654 3583 877 3654 gratiam
906 3582 1049 3652 regis
1075 3580 1246 3635 Iudae.
1304 3579 1484 3649 Neque
1529 3589 1730 3634 tantum
1766 3593 2022 3648 aquarum
2067 3592 2160 3635 co-

577 3677 718 3747 piam
744 3671 988 3746 prredicit
1010 3713 1025 3737 ,
1063 3671 1155 3727 sed
1200 3671 1361 3725 etiam
1393 3669 1670 3723 victoriam
1701 3678 1889 3723 contra
1915 3667 2160 3722 Moabiti-

576 3768 717 3829 dem,
754 3765 805 3819 id
836 3761 976 3834 quod
1027 3764 1186 3818 etiam
1211 3760 1434 3817 evenit:
1469 3760 1522 3814 in
1567 3768 1871 3830 tantamque
1899 3758 2160 3816 deductus

576 3867 662 3914 est
689 3856 1046 3912 calamitatem
1093 3871 1190 3910 rex
1236 3853 1628 3919 Moabitarum,
1686 3853 1935 3908 utetiam
1988 3853 2157 3907 lilium

579 3958 842 4006 mactaret
855 3964 1016 4018 supra
1044 3963 1286 4002 murum.
1316 3945 1412 4002 Hic
1435 3946 1610 4016 agitur
1633 3936 1698 4001 de
1729 3946 1974 4012 muliere,
2004 3945 2158 4015 cujus

573 4046 752 4102 oleum
796 4041 1284 4112 superabundavit,
1325 4048 1380 4096 et
1405 4039 1472 4095 de
1497 4038 1848 4104 Sunamitide,
1875 4039 1964 4094 cui
1993 4038 2157 4093 lilium

573 4139 777 4192 salvum
811 4134 1040 4191 reddidit
1100 4133 1372 4198 Elisszeus,
1427 4141 1482 4186 et
1533 4139 1800 4185 mortuum
1854 4130 2150 4185 suscitavit.

575 4228 740 4284 Fame
767 4227 1176 4299 superveniente
1197 4223 1602 4280 amaritudinem
1630 4223 1846 4278 abstulit
1889 4237 1918 4277 a
1947 4221 2152 4288 lebete,

574 4324 707 4378 etin
739 4321 957 4375 nomine
994 4319 1087 4374 Dei
1129 4326 1346 4374 centum
1375 4318 1520 4371 viros
1575 4315 1831 4370 enutrivit
1860 4329 1928 4368 ex
1970 4314 2154 4384 viginti

576 4413 804 4482 panibus
833 4410 1171 4466 hordeaceis.
1217 4410 1388 4479 Lepra
1420 4408 1643 4464 allectus
1670 4415 1752 4462 est
1787 4406 2023 4462 Neeman
2049 4407 2156 4463 dux

576 4505 718 4574 regis
747 4504 935 4569 Syrire,
977 4502 1066 4571 qui
1097 4501 1360 4556 accedens
1397 4500 1463 4555 ad
1493 4515 1672 4569 regem
1703 4499 1862 4553 Israel
1891 4497 2154 4554 medelam

577 4596 820 4668 petebat;
854 4593 944 4648 ille
969 4608 1097 4648 vero
1120 4593 1310 4646 anxius
1326 4591 1481 4647 scidit
1500 4591 1814 4646 vestimenta
1841 4605 1954 4644 sua.
1979 4588 2154 4660 Ipsum

639 4757 712 4819 (η)
736 4755 792 4806 In
811 4761 992 4819 Grteeo,
1017 4760 1126 4802 ίδωιι
1146 4758 1266 4819 δίκην,
1287 4763 1330 4800 τὸ
1353 4757 1562 4819 drawn-irai.
1575 4761 1622 4799 τὰ
1641 4758 1726 4812 ἶρτα
1740 4761 1862 4819 aia-.99..
1885 4754 2025 4799 Εοιδιρ
2048 4763 2154 4819 me-

576 4809 671 4869 lius
696 4809 813 4868 'bcec
848 4809 998 4866 verba
1035 4809 1346 4877 quadrarent,
1373 4812 1615 4873 praemissa
1657 4809 1885 4877 j’iarticula
1924 4813 2151 4877 negandi,

575 4894 638 4932 sint
653 4889 764 4932 t8.“
780 4889 965 4946 ausast
988 4872 1268 4946 ζωιεὶαπήνιερά
1299 4872 1388 4946 tu;
1401 4884 1526 4946 ὠνεῖ»,
1547 4885 1641 4921 non
1661 4872 2154 4946 dedit_pmnas,'qu_a_d

573 4955 722 5007 opera
742 4934 998 5007 ejas'illud
1010 4934 1354 5007 inpedirent;
1365 4934 1491 5005 quod
1528 4934 1824 5007 etin-sonaret
1851 4949 1960 5007 cum
1991 4934 2156 5007 verbis

571 4996 670 5070 illis
692 4996 890 5070 Paralip.
913 5001 988 5051 t9.
1009 5001 1066 5049 2:
1089 4996 1141 5070 15:}
1164 4997 1348 5070 idcirco
1369 4996 1495 5070 iram
1516 4996 1712 5070 quidem
1733 4997 1922 5048 Domini
1943 4999 2157 5049 mereba-

573 5064 644 5114 τίς
660 5077 677 5113 :
694 5065 783 5115 sed
803 5063 924 5112 bdna
940 5075 1087 5124 opera
1107 5063 1295 5124 iuuenta
1316 5066 1421 5107 sunt
1443 5063 1492 5107 in
1515 5065 1578 5124 te:

639 5124 708 5187 (ὁ)
732 5131 844 5174 Haec
881 5120 979 5187 non
1013 5122 1251 5186 quadrant
1282 5123 1377 5187 nisi
1405 5134 1517 5187 cum
1551 5120 1664 5187 Cod.
1693 5120 1834 5187 Cpisl.
1862 5121 1910 5171 in
1930 5134 2028 5187 quo
2051 5124 2153 5173 evi-

573 5181 750 5236 denter
787 5186 1014 5235 mendum
1032 5181 1142 5233 'est.
1171 5191 1278 5232 Nam
1301 5185 1381 5236 qui
1405 5182 1588 5232 bellum
1613 5181 1826 5232 intulere
1849 5181 2155 5234 Moabitarum

572 5249 700 5311 regi,
729 5254 1042 5311 erantAJoram
1064 5258 1160 5311 rex_
1181 5245 1351 5304 Israel,
1376 5260 1401 5294 a
1424 5258 1521 5311 quo
1539 5245 1922 5311 det'ecerat_rex_
1937 5249 2156 5311 Moabita-

572 5306 697 5366 rui'n,
723 5308 946 5371 Josapbat
967 5319 1056 5371 re;
1075 5307 1208 5371 Juda,
1235 5312 1287 5355 et
1307 5320 1399 5354 rex
1425 5306 1580 5354 tidem.
1607 5307 1843 5371 Fortassis
1859 5308 2002 5355 etiam
2025 5308 2072 5355 id
2091 5322 2154 5358 ex

572 5374 810 5422 varietate
835 5367 1201 5430 exemplarium
1224 5373 1556 5430 ortumgzinam
1581 5375 1759 5430 quanta
1797 5367 1876 5417 illa
1911 5377 2059 5427 esset,
2083 5372 2154 5418 vi-

571 5436 706 5484 desis
729 5435 776 5482 in
801 5428 1108 5492 Hexaplisad
1133 5434 1278 5491 caput
1298 5428 1405 5492 XlV
1425 5429 1532 5479 libri
1552 5428 1686 5492 tertii
1710 5437 1908 5489 Regum.
1933 5430 2024 5479 Sed
2049 5445 2154 5480 me-

572 5496 666 5546 lius
687 5495 912 5546 credatur
939 5489 999 5541 ‘ld
1036 5489 1172 5553 lapsu
1194 5489 1435 5552 ’grapbieo
1468 5491 1720 5541 accidisse.
1756 5492 1992 5553 Librarius
2026 5500 2156 5541 enim

568 5552 1225 5622 quispiamprimOJOI-amum
1247 5565 1420 5615 regem
1437 5553 1554 5622 Juda
1572 5566 1658 5622 pro
1671 5565 1794 5622 rege
1810 5552 1961 5622 Israel
1981 5565 2155 5614 posue-

567 5613 646 5668 r'it.
674 5613 855 5668 belude
878 5618 1002 5666 alius
1022 5615 1268 5666 ochoziam
1291 5613 1465 5677 regem
1487 5613 1639 5664 Israel
1659 5627 1745 5676 pro
1761 5613 2014 5678 Josaphato
2032 5629 2154 5679 rege

566 5679 594 5729 ,Ι
601 5683 692 5730 uda
709 5681 1032 5730 substituerit.

601 5683 692 5732 uda
709 5681 1032 5730 substituerit.

1425 251 1698 312 JOANNIS
1733 241 2152 307 CIIRYSOSTOI

2260 241 2443 299 ιῐιεηι
2452 244 2554 302 ΕΡ.
2593 243 3122 308 CONSTANIINOP'.
3720 253 3798 309 333i

2249 361 2476 415 accersit
2502 362 2774 429 Elissaeas,
2793 365 3051 436 jubetque
3078 368 3318 438 immergi
3343 367 3396 422 in
3419 367 3714 424 Iordanem
3734 387 3800 428 sc-

2249 455 2424 524 pties.-
2440 454 2532 510 Ille
2557 472 2684 512 vero
2715 458 2885 526 primo
2905 459 3118 530 quidem
3144 461 3376 532 neglexit
3401 503 3418 527 ,
3444 477 3544 518 nec
3563 462 3802 519 medelam

2252 544 2376 601 inde
2393 548 2648 616 speravit.
2676 548 2897 603 Demum
2924 551 3092 606 servis
3112 551 3224 607 suis
3240 551 3598 619 hortantibus,
3618 553 3808 608 immcr.

2250 637 2392 706 gitur
2417 646 2472 692 et
2493 646 2715 693 curatur
2742 655 2757 693 :
2789 639 3032 710 donaque
3079 641 3338 696 olferebat
3364 643 3609 708 Elissaeo,
3640 645 3726 713 qui
3742 645 3807 699 illa

2258 733 2481 801 respuit.
2511 731 2898 788 Abscedentem
2947 735 3094 789 illum
3128 735 3436 805 insequutus
3476 735 3623 791 Giesi
3651 751 3808 792 servus

2253 823 2481 888 Elisszri,
2513 824 2665 894 quasi
2705 825 2772 880 ab
2800 826 3020 882 Elissaeo
3048 827 3263 894 missus,
3291 843 3322 882 a
3363 828 3600 884 Neeman
3648 831 3810 900 accipit

2253 916 2360 971 duo
2385 917 2579 970 talenta
2605 927 2877 988 argentea,
2901 919 3076 975 etduo
3097 920 3436 976 vestimenta.
3456 922 3538 976 Ad
3557 923 3808 978 Elissaeas:

2255 1025 2384 1064 vero
2413 1025 2678 1077 reversus,
2699 1018 2908 1081 gestum
2931 1012 3201 1069 occultare
3236 1016 3492 1069 teutabat.
3517 1015 3617 1071 Ille
3659 1028 3809 1072 autem

2254 1117 2470 1157 servum
2503 1103 2807 1173 redarguit.
2839 1114 2892 1160 et
2922 1105 2973 1160 in
3008 1121 3218 1176 poenam
3241 1107 3460 1163 immisit
3482 1109 3708 1178 Iepram.
3738 1110 3811 1166 V‘e-

2254 1197 2408 1251 niunt
2438 1195 2526 1249 ﬁlii
2555 1195 2933 1265 prophetarum
2963 1212 3160 1252 cmsum
3183 1199 3326 1268 ligna
3346 1199 3411 1252 ad
3424 1200 3810 1257 aedificandum:

2256 1298 2314 1343 ut
2350 1305 2481 1344 vero
2506 1289 2703 1345 ferrum
2732 1292 2890 1346 unius
2908 1308 2974 1346 ex
3003 1291 3194 1362 capulo
3217 1291 3438 1357 excidit,
3468 1304 3742 1348 exsectum
3765 1296 3811 1348 li-

2254 1394 2416 1449 gnum
2445 1381 2665 1436 immisit
2695 1382 2969 1449 Elissaeus,
3002 1393 3057 1439 et
3083 1384 3278 1440 ferrum
3309 1401 3466 1455 supra
3491 1401 3688 1456 aquam
3709 1387 3813 1441 sub-

2257 1471 2418 1525 latum
2457 1480 2560 1526 est.
2609 1472 2723 1528 Rex
2767 1473 2932 1544 Syria:
2971 1474 3168 1530 bellum
3213 1477 3462 1532 movebat
3506 1479 3560 1530 in
3593 1477 3813 1533 Israelem

2259 1569 2319 1615 ut
2345 1562 2666 1631 prmdixerat
2705 1563 2983 1620 Elissmus.
3027 1566 3104 1620 Re
3127 1575 3440 1637 comperta,
3460 1565 3642 1620 hostis
3680 1569 3815 1623 mittit

2260 1661 2484 1707 turmam
2515 1654 2739 1709 militum
2770 1657 2823 1710 in
2853 1655 3152 1712 Elissatum.
3184 1658 3348 1713 Deum
3373 1671 3598 1730 rogante
3620 1661 3816 1730 prophe-

2257 1752 2309 1799 ta
2329 1785 2344 1810 ,
2377 1746 2619 1801 caecitate
2649 1748 3016 1817 percutiuntur
3041 1749 3074 1803 ii
3101 1751 3192 1820 qui
3233 1760 3516 1817 venerunt,
3558 1762 3615 1806 et
3642 1752 3817 1807 inducit

2257 1853 2352 1895 eos
2378 1841 2430 1895 in
2448 1841 2653 1896 medios
2682 1841 2948 1910 inimicos,
2978 1859 3260 1914 regemque
3287 1845 3430 1915 ipsos
3457 1847 3722 1914 perimere
3746 1861 3818 1898 vo-

2259 1933 2455 1987 lentem
2485 1932 2699 1988 cohibet
2745 1933 3031 2000 Elissazus,
3082 1935 3175 1989 sed
3202 1937 3354 2003 jubet
3400 1936 3671 1991 alimentis
3707 1936 3818 1990 datis

2259 2024 2479 2078 remitti.
2522 2023 2690 2079 Tanta
2721 2027 3131 2095 superveniente
3184 2025 3363 2093 fame,
3417 2035 3480 2082 ut
3519 2038 3683 2097 caput
3710 2029 3819 2081 asini

2258 2115 2639 2187 quinquaginta
2672 2117 2839 2184 siclis,
2873 2127 2926 2173 ct
2953 2127 3139 2189 quarta
3170 2134 3293 2187 pars
3315 2120 3432 2175 cabi
3461 2122 3723 2177 stercoris
3745 2138 3818 2176 co.

2260 2208 2560 2264 Iumbarum
2577 2211 2810 2280 quinque
2829 2210 2976 2266 siclis
2999 2211 3336 2279 venderetur,
3351 2213 3561 2268 accedit
3582 2214 3650 2268 ad
3669 2230 3819 2284 regem

2259 2302 2451 2358 mulier
2472 2302 2695 2356 alteram
2729 2303 3008 2358 mulierem
3050 2303 3316 2369 incusans,
3349 2305 3491 2376 quod
3532 2322 3656 2360 cum
3683 2307 3820 2360 ﬁlium

2261 2408 2415 2448 suum
2441 2407 2624 2449 secum
2648 2393 2991 2458 comedisset,
3023 2397 3469 2466 promisissetque
3501 2412 3564 2452 se
3606 2399 3757 2454 etiam
3779 2399 3823 2450 li-

2262 2486 2390 2542 lium
2421 2501 2576 2541 suum
2603 2487 2655 2541 in
2681 2486 2861 2542 cibum
2891 2487 3232 2558 prwbituram
3255 2502 3393 2553 esse,
3423 2489 3708 2559 promissis
3739 2507 3823 2543 nun

2263 2581 2517 2635 stetisset.
2547 2580 2698 2635 Tunc
2747 2579 2906 2635 scidit
2933 2597 3026 2637 rex
3066 2582 3384 2637 vestimenta
3415 2597 3537 2644 sua,
3599 2584 3823 2652 misitque

2265 2673 2435 2728 virum
2481 2675 2571 2745 qui
2609 2685 2773 2745 caput
2821 2674 3029 2730 Elisszei
3085 2684 3403 2744 amputaret.
3438 2675 3694 2730 Przrdicit
3725 2692 3826 2745 prov

2265 2767 2424 2838 pheta
2454 2768 2504 2822 ei
2534 2769 2624 2838 qui
2660 2783 2718 2824 se
2770 2775 3134 2834 convenerat,
3187 2767 3272 2822 die
3299 2768 3537 2822 crastina
3564 2768 3680 2824 fore
3709 2770 3826 2822 Snlu-

2267 2861 2470 2914 tionem
2496 2861 2689 2915 famis:
2719 2874 2844 2914 cum
2871 2871 3047 2915 autem
3095 2861 3185 2915 ille
3223 2875 3328 2914 non
3357 2861 3630 2926 crederet,
3664 2862 3826 2914 vatici-

2267 2961 2425 3007 natur
2444 2953 2491 3008 ei
2522 2961 2771 3007 mortem.
2806 2951 3028 3023 Leprosi
3067 2961 3300 3022 quatuor
3335 2952 3407 3007 ob
3441 2952 3641 3008 famem
3674 2956 3724 3007 in
3751 2953 3829 3007 de-

2265 3044 2627 3111 sperationem
2647 3043 2882 3109 adducti,
2903 3058 3022 3098 sese
3048 3043 3292 3098 hostibus
3309 3043 3512 3100 dedere
3529 3045 3828 3107 decernunt,

2265 3147 2320 3194 et
2341 3141 2404 3193 ad
2432 3149 2605 3193 castra
2632 3138 2930 3202 venientes,
2960 3137 3045 3191 illa
3081 3137 3296 3207 quidem
3330 3137 3644 3192 hominibus
3665 3153 3826 3201 vacua,

2268 3233 2493 3288 tentoria
2515 3247 2644 3288 vero
2685 3232 2885 3288 divitiis
2913 3232 3070 3302 plena
3099 3233 3435 3286 invenerunt.
3471 3232 3552 3285 Ac
3580 3247 3702 3285 cum
3726 3231 3834 3283 diri-

2266 3333 2506 3402 puissent
2530 3343 2724 3404 quanta
2763 3339 2976 3404 gestare
3011 3338 3274 3402 poterant,
3307 3329 3360 3384 id
3403 3329 3517 3398 regi
3549 3328 3832 3382 nuntiatum

2267 3435 2542 3478 venerunt.
2571 3423 2640 3477 Et
2667 3424 2839 3493 primo
2859 3422 3074 3494 quidem
3099 3437 3192 3476 rex
3213 3420 3392 3474 dolum
3422 3420 3648 3473 subesse
3673 3416 3830 3484 suspi-

2259 3517 2486 3572 cabatur
2529 3517 2753 3570 :missis
2785 3525 2959 3570 autem
3005 3514 3306 3585 equitibus,
3361 3527 3487 3566 cum
3536 3526 3652 3565 rem
3700 3518 3834 3562 certo

2265 3607 2649 3678 comperisset,
2699 3608 2876 3662 emisit
2906 3608 3160 3676 populum
3187 3605 3254 3659 ad
3300 3603 3601 3673 diripienda
3634 3611 3830 3656 castra:

2263 3702 2600 3772 cessavitque
2631 3701 2817 3755 fames.
2850 3699 2949 3764 Qui
2980 3714 3106 3753 vero
3132 3712 3236 3751 non
3269 3694 3575 3751 crediderat
3606 3694 3828 3749 Elissam.

2265 3813 2294 3852 a
2327 3796 2477 3852 turba
2501 3795 2680 3866 populi
2706 3794 3047 3850 conculcatus
3069 3790 3291 3845 interiit.
3319 3788 3568 3844 Prmdicit
3596 3786 3832 3840 Elissmus

2265 3888 2507 3954 mulieri,
2537 3887 2692 3955 cujus
2718 3885 2886 3939 ﬁlium
2929 3899 2958 3936 a
2993 3890 3165 3936 morte
3211 3880 3564 3934 suscitaverat
3586 3919 3602 3943 ,
3642 3888 3829 3946 septem

2265 3996 2527 4035 annorum
2581 3980 2815 4044 famem,
2873 3976 3219 4045 hortaturque
3264 3972 3407 4026 illam
3456 3981 3513 4025 ut
3553 3986 3583 4024 a
3629 3969 3828 4039 regione

2269 4077 2629 4146 lrausmigret.
2677 4073 2966 4142 Postquam
3008 4075 3184 4121 autem
3230 4063 3730 4132 transmigrarent,
3758 4060 3830 4109 la-

2267 4186 2483 4242 mcsque
2509 4167 2771 4232 cessavit,
2800 4177 3014 4220 reversa
3040 4169 3123 4216 est
3161 4172 3448 4229 regemque
3482 4155 3664 4210 adiens
3689 4163 3830 4217 ruga-

2265 4266 2337 4319 vit
2367 4241 2424 4318 ut
2452 4262 2645 4336 przedia
2673 4275 2767 4315 sua
2797 4258 2898 4315 sibi
2927 4255 3351 4310 restituerentur.
3384 4247 3498 4304 Rex
3521 4247 3682 4318 εῖτ-ἰαὶ
3714 4241 3830 4295 mit-

2266 4359 2328 4413 tit
2370 4357 2438 4412 ad
2486 4357 3044 4422 Elisszeum,rogatum
3094 4363 3161 4401 an
3201 4360 3232 4401 e
3277 4343 3467 4398 morbo
3510 4348 3828 4397 surrecturus

2263 4463 2426 4510 esset.
2457 4451 2552 4506 Ille
2578 4457 2757 4504 autem
2783 4446 2966 4501 nuntio
2993 4443 3146 4507 dixit,
3176 4455 3279 4496 non
3307 4448 3667 4494 surrecturum
3690 4447 3821 4495 esse,

2262 4545 2470 4616 ipsique
2511 4541 2670 4598 etiam
2714 4537 2959 4611 prtedixit
2985 4536 3341 4590 lsraelitarum
3374 4531 3678 4600 perniciem.
3703 4524 3827 4580 Cum

2261 4615 2438 4692 autem
2467 4636 2558 4692 ille
2585 4633 2844 4699 obiisset,
2895 4629 3135 4702 regnavit
3183 4629 3233 4682 in
3272 4625 3392 4694 ejus
3437 4625 3610 4678 locum
3655 4615 3822 4673 Aaaél.

2262 4730 2471 4785 Mortuo
2514 4727 2640 4781 item
2688 4723 2906 4780 Joramo
2953 4736 3077 4792 rege
3101 4718 3276 4780 Juda,
3324 4716 3397 4772 illi
3444 4709 3825 4769 succcdittilius

2261 4824 2377 4892 ejus
2425 4819 2707 4876 Ochozias.
2745 4816 2961 4871 Missum
2990 4814 3240 4868 Elissaeas
3269 4824 3432 4864 unum
3461 4824 3525 4864 ex
3571 4804 3682 4859 filiis
3708 4812 3825 4870 pro-

2263 4916 2543 4988 phetarum
2567 4955 2581 4978 ,
2613 4913 2760 4983 jubet
2783 4925 2984 4978 ungere
3011 4906 3145 4962 Jchu
3165 4949 3180 4972 ,
3212 4905 3301 4974 qui
3344 4918 3468 4958 cum
3497 4911 3702 4970 regnum
3728 4905 3818 4946 oc-

2261 5018 2528 5082 cupiisset,
2559 5007 2832 5065 Joramum
2853 5003 3068 5064 occidit,
3092 5009 3145 5055 et
3170 4998 3379 5070 projicit
3407 5012 3530 5050 eum
3560 4996 3606 5048 in
3628 4993 3816 5044 vineam

2261 5079 2555 5164 Nabuthae,
2619 5113 2780 5170 quam
2834 5102 3178 5164 usurpaverat
3230 5100 3380 5161 pater
3430 5086 3645 5143 Jorami.
3693 5079 3804 5170 Cum

2261 5195 2544 5250 occidisset
2562 5166 2719 5246 etiam
2737 5187 3043 5250 Ochoziam,
3066 5182 3279 5239 intravit
3299 5182 3352 5235 in
3373 5180 3635 5236 civitatem
3652 5166 3809 5228 Israel.

2261 5287 2473 5345 Iezabel
2513 5295 2695 5340 autem
2737 5291 2924 5338 ornata
2950 5277 3270 5348 respiciebat
3297 5290 3328 5328 e
3353 5274 3506 5329 turri.
3536 5271 3643 5326 Rex
3667 5275 3808 5319 eunte

2261 5381 2378 5436 chis
2432 5379 2687 5452 praecepit
2729 5385 2788 5430 ut
2832 5374 2974 5429 illam
3019 5369 3437 5442 prmcipitareltl.
3493 5350 3801 5452 Πείθείδμξιὴ

2264 5444 2472 5533 mortua
2524 5444 2627 5531 est:
2673 5469 2880 5527 Occidit
2933 5468 3092 5522 etiam
3138 5461 3275 5519 Jchu
3321 5458 3643 5530 septuaginta
3682 5444 3804 5501 ﬁlios

2263 5570 2496 5627 Achaabi
2517 5610 2532 5634 ,
2563 5569 2796 5637 itemque
2825 5562 3016 5618 fratres
3057 5556 3305 5613 Ochozitc
3332 5595 3348 5621 ,
3377 5548 3664 5609 sacerdotes
3684 5549 3806 5637 qua:

2266 5680 2368 5735 quc
2401 5626 2593 5724 Baulis,
2625 5673 2679 5718 et
2707 5626 2920 5715 Raalem
2953 5654 3222 5712 contrivit.
3252 5649 3406 5704 'I‘unc
3430 5642 3574 5701 Azaél
3596 5626 3806 5694 eiuncidi!
