4090 6216
313 271 413 327 531

1388 263 1722 324 SYNOPSIS
1761 263 2182 326 SCRIPTUM!)
2219 262 2489 326 SACRE.

3463 271 3583 330 ὅδὲ

314 388 466 459 ἐμόν.
496 385 584 450 '0;
605 384 662 438 66
700 384 888 452 γέγονε
911 381 1088 444 τοῦτο,
1111 381 1204 434 καὶ
1224 380 1274 434 οἱ
1307 381 1632 452 στρατιῶται
1671 383 1888 454 ἐντολὴν
1996 385 2241 452 διώξαςό
2271 384 2414 446 Γιεᾷ
2445 385 2474 436 6
2517 385 2644 448 παῖς
2691 383 2783 438 τοῦ
2822 383 3145 449 Ἐλισσαίου,
3189 383 3264 448 ὡς
3292 385 3441 457 παρά
3479 387 3582 440 τοῦι

315 473 629 543 εῖλήφεισαν
665 470 814 539 παρά
841 467 934 520 τοῦ
990 466 1250 536 βασιλέως
1285 466 1378 518 τοῦ
1417 467 1644 530 ἑαυτῶν,
1687 467 1893 530 πάντας

2007 466 2318 522 Ἐλισσαίου
2342 467 2633 537 πεμφθεὶς,
2663 467 2928 537 λαμϐάνει
2959 467 3109 538 παρά
3139 467 3230 519 τοῦ
3253 466 3469 538 Νεεμάν
3493 469 3572 522 6:-

316 557 570 626 ἀφέντες.
609 553 755 622 μόνῳ
779 549 858 620 τῷ
884 549 1094 620 βασιλεῖ
1111 548 1205 600 τοῦ
1257 548 1470 619 Ἰσραήλ
1499 549 1787 603 συνάπτειν
1814 552 1894 613 είς
1996 547 2264 604 τάλαντον
2299 551 2584 622 ἀργυρίου,
2612 551 2820 604 καὶδύο
2857 551 3068 614 στολάς.
3115 549 3313 604 Ἐλθὼν
3347 552 3404 604 δὲ
3441 552 3575 622 πρὸς

318 639 445 692 πόλε
457 653 578 708 μον,
605 636 804 696 ἰδόντος
829 633 919 686 τὸν
971 630 1236 698 Ἰωσαφὰτ
1255 630 1345 684 τὸν
1381 630 1604 708 βασιλέα
1632 631 1724 684 τοῦ
1765 630 1895 684 Ἰού-

2011 631 2315 687 Ἐλισσαῖον
2334 634 2592 704 ἐπειρᾶτο
2616 633 2901 704 κρύπτειν.
2928 634 2986 687 Ὀ
3002 634 3056 686 66
3087 633 3365 704 διήλεγξεν
3394 635 3583 698 αὑτὸν,

317 723 404 786 δα,
433 707 527 774 καὶ
551 718 869 788 νομίσαντες
916 715 1076 768 αὐτὸν
1103 713 1198 766 τοῦ
1239 713 1454 784 Ἰσραήλ
1487 707 1625 767 εἶναι
1670 713 1750 782 (:6
1787 712 1900 784 γὰρ
2000 711 2098 769 καὶ
2128 717 2394 788 τιμωρίαν
2429 717 2585 772 ἐλαϐε
2639 719 2736 788 τήν
2789 717 3014 789 λέπραν.
3043 719 3334 790 Ἔρχονται
3383 719 3432 771 οί
3473 720 3578 771 υἱοὶ

323 804 510 876 σχῆμα
542 801 738 863 αὐτοὺς
763 798 1086 869 ἠπάτησεν),
1123 795 1385 850 ἐκύκλουν
1418 796 1603 861 αὐτὸν,
1631 797 1840 849 ἀνελεῖν
1868 807 1896 837 ι
1998 798 2113 854 τῶν
2146 800 2440 872 προφητῶν
2502 801 2664 870 κόψαι
2704 800 2836 865 ξύλα
2875 801 3011 872 πρὸς
3046 801 3353 871 οἰκοδομήν.
3383 797 3470 864 '0;
3523 801 3580 853 δὲ

322 887 587 948 θέλοντες.
641 883 698 936 Ὀ
718 882 773 936 δὲ
801 879 1128 951 ἀναϐοήσας,
1177 878 1467 949 ἀπηλλάγη
1491 878 1585 932 τοῦ
1629 878 1897 934 κινδύνου.

2002 880 2262 948 ἐξέπεσεν
2281 883 2399 946 ένδς
2426 884 2488 936 τὸ
2515 885 2753 955 σιδήριον
2786 886 2850 936 ἐκ
2879 884 2972 936 τοῦ
3005 882 3244 945 στελεοῦ,
3280 881 3458 954 ῥίπτει
3485 881 3577 946 ξύ-

324 970 548 1039 ’Ἐτερος
577 965 632 1019 δέ
662 982 744 1028 τις
777 963 997 1034 τοξότης
1019 961 1176 1015 ἕδαλε
1203 962 1292 1014 τὸν
1333 960 1552 1031 Ἀχαὰϐ,
1585 962 1678 1014 καὶ
1704 961 1901 1034 κατέῤ-
2002 963 2095 1020 λον
2111 968 2425 1031 ἀποκλάσας
2457 969 2485 1020 6
2527 967 2847 1032 Ἐλισσαῖος,
2876 969 2969 1021 καὶ
2989 968 3382 1038 ὲμετεωρῖζετο
3413 967 3474 1020 :6
3495 984 3581 1019 σι-

327 1050 491 1124 ρειτδ
519 1044 676 1119 αἷμα.
706 1049 882 1118 Ὅπερ
909 1045 1224 1101 ἀπέπλυναν
1263 1047 1320 1097 ἐν
1351 1047 1414 1115 τῇ
1450 1043 1736 1118 κυρήνῃθ.
1759 1045 1900 1118 κρή-

327 1134 436 1206 vn),
467 1133 560 1187 καὶ
604 1133 660 1186 αί
696 1131 888 1204 πόρναι
944 1128 1230 1183 ἐλούσαντο
1276 1129 1332 1180 ἐν
1372 1127 1449 1197 τῷ
1481 1129 1671 1198 αἵματι
1711 1129 1905 1196 αὑτοῦ,

328 1219 423 1271 καὶ
469 1218 517 1268 οἱ
564 1215 724 1278 κύνες
777 1213 985 1279 έλειξαν
1038 1211 1190 1266 αύτό.
1225 1209 1569 1264 Ἐϐασίλευσε
1625 1211 1761 1281 μετὰ
1813 1211 1906 1266 τὸν

343 1299 544 1370 Ἀχαάϐ
578 1298 823 1369 Ὀχοζίας
853 1298 884 1336 ι)
909 1299 936 1350 6
960 1297 1074 1360 υἱὸς
1117 1293 1303 1348 αὑτοῦ.
1346 1294 1432 1358 '0;
1455 1294 1511 1347 66
1547 1295 1697 1363 φίλος
1738 1295 1906 1352 αὑτοῦ

330 1382 552 1451 γέγονεν
590 1379 879 1450 Ἰωσαφὰτ,
934 1378 1102 1432 ἔδωκε
1154 1377 1332 1446 δίκην,
1379 1374 1440 1429 :6
1488 1376 1814 1452 διακοπῆναι
1840 1381 1910 1435 τὰ

333 1467 470 1538 ἔργα
493 1462 678 1520 αὑτοῦ.

893 1541 1225 1598 Βασιλειῶν
1275 1540 1343 1598 δ’.

414 1629 798 1702 ’Ᾱρῤωστήσας
835 1627 1084 1699 Ὀχοζίας
1129 1625 1371 1697 ἐπεμψεν
1407 1624 1682 1699 ἐρωτῆσαι
1727 1631 1785 1683 ἐν
1833 1629 1911 1701 τῷ

335 1713 502 1780 Βάαλ,
539 1717 586 1769 εἰ
606 1717 990 1785 ἀναστήσεται,
1015 1713 1108 1766 καὶ
1138 1713 1454 1782 ἀπαπήσας
1498 1711 1687 1777 Ἠλίας
1720 1716 1747 1767 6
1780 1731 1913 1785 προ-

336 1801 509 1872 φήτης
534 1801 645 1862 τοῖς
665 1797 1037 1858 ἀποσταλεῖσι,
1053 1795 1336 1848 ἐκέλευσεν
1361 1796 1695 1861 ἀπελθόντας
1717 1800 1911 1862 εἰπεῖν,

335 1884 417 1938 ὅτι
447 1883 546 1936 οὐκ
570 1881 954 1951 ἀναστήσεται.
986 1877 1188 1931 Μαθὼν
1213 1877 1270 1929 66
1303 1878 1572 1949 Ὀχοζίας,
1601 1881 1684 1934 ὅτι
1728 1880 1914 1944 Ἠλίας

338 1967 508 2028 ἐστὶν,
523 1963 734 2034 ἔπεμψε
758 1964 853 2016 τὸν
887 1960 1357 2032 πεντηκόνταρχον
1383 1962 1598 2033 πρῶτον
1615 1962 1708 2017 καὶ
1729 1963 1912 2016 δεύτε-

344 2066 455 2123 ρον·
482 2048 557 2111 ὼς
576 2048 633 2100 66
684 2045 1038 2117 ἀνηλώθησαν
1071 2044 1176 2097 ὑπὸ
1199 2045 1292 2100 τοῦ
1324 2046 1491 2118 πυρὸς
1514 2047 1742 2112 ἕκαστος
1779 2047 1916 2118 μετά

342 2133 449 2185 τῶν
481 2131 837 2200 πεντήκοντα,
883 2127 1022 2198 μετά
1059 2126 1154 2181 τοῦ
1203 2129 1388 2200 τρίτου
1419 2129 1695 2184 κελεύεται
1726 2130 1916 2183 κατελ-

345 2213 456 2266 θεῖν
475 2214 504 2266 6
546 2213 747 2277 Ἠλίας,
770 2211 864 2264 καὶ
895 2210 1064 2264 ἐλθὼν
1104 2210 1240 2282 πρὸς
1269 2211 1358 2264 τὸν
1390 2210 1615 2281 βασιλέα
1637 2209 1809 2277 εἶπεν,
1837 2213 1921 2264 ὅτι

343 2298 713 2353 ἀποθανεῖται.
754 2296 908 2350 Μετά
941 2296 1128 2349 τοῦτον
1159 2295 1430 2366 βασιλεύει
1453 2297 1481 2348 6
1503 2295 1726 2366 ἀδελφὸς
1754 2296 1918 2350 αὑτοῦ

355 2379 576 2451 Ἰωράμ·
608 2379 670 2434 ού
697 2379 804 2449 γάρ
835 2373 905 2448 ἦν
931 2378 1078 2448 αύτῴ
1109 2378 1241 2442 υἱός.
1287 2379 1617 2451 Ἐντεῦθενή
1654 2378 1922 2450 ἀνάληψις

341 2461 436 2516 τοῦ
489 2462 673 2514 Ἠλίου
693 2463 774 2525 είς
803 2459 897 2514 τόν
918 2461 1163 2532 οὐρανόν.
1208 2461 1426 2525 Ἰδόντες
1457 2463 1566 2515 υίοὶ
1591 2461 1698 2515 τῶν
1712 2480 1924 2534 προφη-

340 2545 453 2598 τῶν
481 2545 574 2598 τὸν
605 2537 910 2618 ,Ἐλισσαῖον
938 2542 1026 2595 διὰ
1061 2541 1230 2614 ξηρᾶς
1277 2545 1334 2596 ἐν
1373 2543 1452 2614 τῷ
1501 2545 1740 2618 Ἰορδάνῃ
1781 2543 1924 2615 βαδί-

345 2645 534 2692 σαντα,
571 2616 745 2680 εἷπον·
799 2626 1358 2680 Ἐπαναπέπαυταιτὸ
1373 2627 1589 2699 πνεῦμα
1631 2616 1809 2681 Ἡλίου
1835 2628 1922 2681 ἐπ’

345 2711 526 2778 αὑτὸν,
569 2711 663 2765 καὶ
707 2710 948 2776 ἀξιοῦσιν
981 2709 1120 2763 ὥστε
1148 2711 1456 2783 ἐπιπέμψαι
1486 2715 1565 2775 εἰς
1601 2713 1924 2784 ἐπιζήτησιν

346 2795 440 2848 τοῦ
496 2794 697 2846 Ἠλίου·
729 2795 756 2846 6
785 2793 840 2846 66
869 2794 1216 2848 διεκώλυσεν·
1251 2793 1476 2866 ὕστερον
1517 2794 1574 2848 66
1617 2796 1926 2868 συνεχώρη-

352 2894 460 2930 σεν·
497 2878 546 2930 οί
580 2876 636 2929 δὲ
667 2875 995 2940 ἀπελθόντες
1025 2877 1122 2947 ούχ
1152 2871 1330 2947 εὖρον.
1379 2878 1543 2931 Ἰᾶται
1570 2878 1638 2930 τά
1671 2880 1728 2931 ἐν
1767 2878 1926 2949 Ἱερι-

353 2959 433 3030 χὼ
463 2960 647 3014 ὕδατα·
688 2959 1064 3030 ἀπερχόμενος
1113 2962 1192 3024 είς
1226 2960 1450 3032 Βαιθὴλ,
1489 2961 1558 3014 τά
1605 2961 1927 3032 διασύροντα

358 3044 514 3098 αὑτὸν
567 3043 754 3096 παιδία
785 3045 1110 3115 καταρᾶται,
1176 3045 1271 3098 καὶ
1305 3045 1606 3117 ἀναιρεῖται
1655 3047 1760 3100 61:6
1820 3047 1928 3102 τῶν

359 3128 588 3199 ἄρκτων.
630 3128 690 3180 '0
737 3127 912 3181 Μωάϐ
962 3127 1216 3198 βασιλεὺς
1267 3129 1478 3198 ἀπέστη
1513 3130 1608 3184 τοῦ
1636 3130 1811 3184 τελεῖν
1837 3132 1929 3184 τὸν

353 3210 577 3264 εἰωθότα
599 3210 781 3280 φόρον.
821 3212 1233 3280 Ἐπιστρατεύει
1262 3213 1348 3266 ἐπ’
1366 3213 1527 3268 αὐτὸν
1564 3214 1768 3287 Ἰωρὰμ
1792 3216 1819 3268 6
1843 3214 1932 3285 βα-

354 3294 532 3356 σιλεὺς
570 3293 803 3364 Ἰσραήλ,
832 3288 1156 3364 προσλαϐὼν
1180 3295 1274 3348 καὶ
1297 3296 1388 3349 τὸν
1412 3297 1681 3365 Ἰωσαφὰτ
1709 3296 1930 3366 βασιλέα

371 3377 594 3439 Ἰούδαο,
623 3375 720 3428 καὶ
747 3376 836 3428 τὸν
870 3377 1046 3447 Ἐδὼμ
1091 3377 1333 3448 βασιλέα.
1351 3377 1440 3441 Ὧς
1465 3378 1520 3432 δὲ
1546 3380 1643 3450 οὐχ
1675 3379 1931 3452 εὕρισκον

351 3459 496 3533 ὕδωρ
511 3463 571 3514 ἐν
584 3463 648 3530 τῇ
669 3461 694 3511 ἐ
705 3457 878 3530 ρήμῳ,
901 3460 1013 3512 ἀλλ’
1032 3461 1363 3515 ἐκινδύνευον
1379 3459 1530 3534 [555]
1542 3462 1934 3535 διαφθαρῆναι,

352 3543 853 3614 συμϐουλεύσαντος
875 3541 1117 3612 Ὀχοζίου
1149 3544 1397 3614 ἔρχονται
1421 3547 1559 3616 πρὸς
1604 3547 1927 3602 Ἐλισσαῖον.

364 3629 428 3680 Ὀ
453 3626 510 3678 66
533 3623 809 3696 ὀργίζεται
849 3625 984 3694 πρὸς
1023 3626 1114 3678 τὸν
1153 3626 1376 3697 βασιλέα
1417 3629 1654 3700 Ἰσραὴλ,
1687 3631 1780 3683 καὶ
1820 3631 1930 3684 οὐδ’

355 3711 426 3765 ἂν
456 3709 584 3761 ἰδεῖν
614 3707 776 3759 αὑτὸν
804 3706 928 3777 ἔφη,
957 3709 1004 3760 εί
1040 3709 1116 3778 μὴ
1154 3708 1240 3762 διὰ
1272 3710 1363 3762 τὸν
1387 3710 1610 3781 βασιλέα
1652 3715 1930 3768 Ἰούδα.ού

358 3781 600 3865 μόνον’δέ
629 3788 819 3852 ὕδατος
841 3789 1097 3858 ἀφθονίαν
1119 3793 1374 3860 προεῖπεν
1395 3793 1576 3858 αὐτοῖς
1600 3796 1773 3866 ἥξειν,
1799 3794 1937 3851 ἀλλὰ

354 3876 451 3930 καὶ
475 3873 856 3944 τήνκράτησιν
878 3872 977 3941 τῆς
1001 3872 1360 3935 Μωαϐίτιδος,
1393 3875 1688 3946 ῶσπερκαὶ
1717 3879 1932 3947 γέγονε·

357 3960 452 4015 καὶ
503 3960 584 4022 είς
622 3956 892 4026 τοσαύτην
926 3956 1210 4027 συμφορὰν
1241 3952 1404 4027 ἦλθεν
1440 3957 1473 4008 6
1505 3959 1812 4013 Μωαϐιτῶν
1842 3961 1935 4031 βα-

359 4041 560 4105 σιλεὺς,
597 4039 739 4093 ὥστε
763 4039 852 4091 τὸν
884 4039 996 4090 υἱὸν
1019 4039 1182 4091 αὑτοῦ
1227 4037 1429 4108 σφάξαι
1457 4039 1663 4094 ἀνωθεν
1701 4041 1809 4095 ἀπὺ
1841 4043 1935 4096 τοῦ

357 4124 591 4194 τείχους.
636 4121 902 4175 Ἐνταῦθα
936 4119 1147 4193 ήγυνὴ,
1249 4120 1310 4174 :6
1353 4121 1532 4174 ἔλαιον
1563 4123 1936 4194 ἐπερίσσευσε,

361 4210 457 4262 καὶ
486 4209 526 4278 ή
557 4207 899 4277 Σουμανῖτις,
1021 4204 1114 4257 τὸν
1142 4203 1257 4256 υίὸν
1299 4204 1590 4276 ἐχαρίσατο
1622 4205 1936 4277 εὐξάμενος,

360 4292 460 4345 καὶ
497 4289 832 4343 ἀποθανόντα
857 4288 1142 4358 ἀνέστησε.
1189 4286 1365 4357 Λιμοῦ
1399 4287 1692 4357 γενομένου
1726 4291 1826 4359 τήν
1879 4307 1940 4344 τε

361 4373 587 4444 πικρίαν
612 4373 798 4442 ἀφεῖλε
825 4372 922 4443 τήν
935 4373 992 4424 ἐν
1025 4371 1102 4442 τῷ
1134 4371 1323 4442 λέϐητι
1353 4371 1667 4444 γενομένην,
1697 4373 1792 4428 καὶ
1812 4375 1940 4427 ἐκα-

359 4459 456 4513 τὸν
497 4456 694 4528 ἄνδρας
745 4455 968 4526 ἔθρεψεν
1000 4456 1056 4507 ἐν
1095 4455 1318 4524 ὀνόματι
1359 4453 1493 4508 Θεοῦ
1532 4456 1637 4508 ἀπὸ
1689 4457 1946 4528 κριθίνων

363 4541 544 4613 ἀρτων
567 4539 789 4594 εῖκοσιν.
827 4537 1142 4609 Ἐλεπρώθη
1185 4537 1404 4608 Νεεμάν
1440 4539 1469 4591 6
1509 4540 1816 4611 στρατηγὸς
1843 4541 1938 4596 τοῦ

365 4623 628 4694 βασιλέως
648 4622 855 4693 Σύρων·
881 4622 976 4673 καὶ
1003 4620 1180 4674 ἐλθὼν
1205 4620 1344 4692 πρὸς
1369 4620 1460 4674 τὸν
1478 4620 1940 4696 βασιλέαΊσραὴλ

362 4709 546 4779 ἐζήτει
577 4705 892 4777 θεραπείαν·
921 4706 949 4758 6
972 4704 1028 4758 66
1047 4704 1316 4775 διηπόρει,
1347 4705 1438 4757 καὶ
1453 4704 1701 4777 διέρρηξε
1722 4707 1789 4760 τά
1817 4708 1944 4779 ἱμά-

361 4808 456 4845 τια
495 4789 690 4844 αὑτοῦ.
727 4787 1157 4857 Μεταπέμπεται
1204 4788 1364 4840 αὑτὸν
1395 4789 1425 4840 6
1477 4787 1798 4853 Ἐλισσαῖος.
1849 4791 1943 4845 καὶ

361 4873 577 4928 amula:
607 4869 966 4943 βαπτισθῆναι
993 4871 1058 4924 ἐν
1072 4870 1149 4941 τῷ
1179 4870 1415 4944 Ἰορδάνῃ
1453 4871 1695 4941 ἕϐδομον.
1725 4873 1784 4926 Ὀ
1799 4873 1855 4926 66
1882 4873 1944 4927 :6

364 4958 470 5028 μὲν
499 4953 958 5028 πρῶτονῶκνησε,
981 4953 1312 5023 καὶὴπίστει
1333 4953 1751 5024 θεραπευθῆναι·
1781 4955 1941 5009 ὓστε-

365 5056 461 5112 ρον
498 5039 555 5094 66
590 5039 700 5094 ὑπὸ
719 5037 832 5092 τῶν
874 5037 1079 5091 παίδων
1122 5037 1284 5090 αὐτοῦ
1320 5036 1711 5108 παρακληθεὶς,
1747 5038 1944 5108 βαπτί-

363 5127 424 5189 Ca
439 5123 628 5175 ταικαὶ
647 5120 1029 5193 θεραπεύεται,
1055 5122 1151 5173 κα)⁴
1174 5119 1344 5182 ἐδίᾶδυ
1365 5119 1517 5190 δῶρα
1541 5119 1618 5190 τῷ
1633 5121 1939 5192 Ἐλισσαίῳ.

375 5207 445 5258 Ἥ
472 5204 530 5260 δὲ
558 5205 662 5258 οὐκ
689 5204 900 5276 ήθελεν.
926 5204 1016 5267 '0;
1039 5203 1101 5257 δέ
1120 5202 1358 5272 ἀπῆλθεν
1387 5203 1420 5262 6
1440 5201 1746 5274 ἅνθρωπος,
1774 5221 1945 5258 κατα-

427 5345 459 5374 ⁸
489 5345 631 5396 Cois).
662 5344 884 5393 ἀνελθεῖν.

428 5407 460 5446 ὃ
483 5409 680 5457 Coislin.
719 5406 889 5462 Ὀζίας.
919 5403 1145 5454 ﬂendum
1183 5409 1279 5452 est.
1313 5401 1598 5467 Legendum
1633 5401 1868 5466 Ὀχοζίας,
1893 5409 1949 5453 ιιι

362 5469 518 5530 habe:
542 5467 784 5530 Lugdun,
807 5475 860 5516 et
876 5474 939 5530 rut
958 5468 1080 5530 infra
1108 5467 1303 5530 Iegilqy.

432 5532 454 5559 ⁵
479 5529 561 5578 Sic
585 5524 828 5592 Ιζιιεάυῐιη
853 5527 1050 5592 (ἷοίειίιι.
1079 5524 1200 5592 νθτξ)
1247 5526 1430 5592 Ἰγωράμᾼ
1456 5528 1482 5574 6
1506 5524 1730 5592 βασιλεὺς
1772 5524 1952 5592 Ἰούδα,

363 5587 743 5654 προσλαϐῲνίδέ
766 5591 866 5654 ,καὶ
886 5590 970 5636 τὸν
1007 5587 1238 5654 ςρχοζίαν
1265 5587 1463 5654 βασιλέα
1506 5587 1722 5654 Ἰσραήλ,
1749 5588 1829 5634 καὶ
1857 5589 1952 5654 τὸν

607 5649 802 5704 νὶιίεείι
824 5661 933 5716 qm!
953 5648 1018 5699 ad
1060 5647 1494 5712 iiilerpre'mtionem
1539 5647 1753 5698 Latinam
1785 5653 1946 5698 notata

377 5726 492 5764 nm.
562 5725 651 5764 οιτ.

364 5719 492 5767 amt.
519 5719 651 5766 Εοιτ.

2005 1051 2189 1122 δήριον
2217 1050 2309 1103 ἐπὶ
2336 1050 2429 1103 τοῦ
2461 1049 2671 1114 ὓδατος.
2707 1050 2965 1112 Βασιλεὺς
2987 1051 3183 1120 Συρίας
3211 1048 3465 1119 ἐπολέμει
3489 1048 3591 1102 τὸν

2021 1133 2254 1204 Ἰσραήλ,
2289 1133 2644 1204 προλέγοντος
2689 1133 2841 1204 αύτῷ
2887 1135 2978 1186 τοῦ
3018 1128 3336 1186 Ἐλισσαίου.
3379 1131 3583 1185 Μαθὼν

2007 1214 2041 1268 6
2067 1215 2342 1286 πολέμιος,
2397 1216 2604 1285 πέμπει
2640 1217 2956 1286 στράτευμα
2996 1216 3088 1268 ἐπὶ
3125 1215 3217 1269 τὸν
3261 1215 3580 1268 Ἐλισσαῖον.

2011 1300 2324 1370 Εύξαμένου
2350 1300 2408 1354 66
2450 1299 2545 1354 τοῦ
2597 1302 2894 1371 προφήτου,
2930 1299 3253 1368 πλήττονται
3279 1299 3510 1371 ἀορασίᾳ
3535 1301 3587 1353 οἱ

2009 1383 2275 1447 ἐλθόντες,
2312 1384 2626 1452 καὶείσάγει
2656 1384 2853 1446 αὐτοὺς
2882 1385 2960 1446 είς
2997 1385 3190 1455 μέσους
3212 1385 3335 1447 τοὺς
3360 1384 3585 1455 ἐχθροὺς

2011 1466 2210 1526 αὐτῶν,
2243 1467 2336 1519 καὶ
2366 1466 2687 1536 βουλόμενον
2715 1467 2808 1520 τὸν
2849 1466 3070 1537 βασιλέα
3111 1467 3324 1521 ἀνελεῖν
3365 1448 3589 1530 αύτόὺς,

2011 1548 2336 1602 διεκώλυσεν
2387 1551 2416 1602 6
2483 1548 2816 1613 Ἐλισσαῖος·
2873 1546 3224 1616 ἐστιάσαντας
3277 1551 3334 1604 δὲ
3391 1551 3586 1612 αὐτοὺς

2012 1632 2294 1686 ἐκέλευσεν
2347 1631 2644 1702 ἐκπέμψαι.
2677 1631 2850 1704 Λιμοῦ
2897 1633 3291 1698 καταλαϐόντος
3340 1633 3592 1704 ἰσχυροῦ,

2013 1714 2089 1777 ὼς
2116 1712 2355 1784 κεφαλὴν
2381 1713 2503 1767 ὄνου
2552 1716 2892 1786 πεντήκοντα
2940 1714 3154 1779 σίκλων,
3206 1717 3301 1769 καί¹
3332 1718 3586 1788 τέταρτον

2015 1797 2184 1851 κάϐου
2215 1799 2421 1871 κόπρου
2456 1798 2790 1872 περιστερῶν
2813 1799 2972 1852 πέντε
3009 1799 3204 1852 σίκλων
3231 1794 3388 1862 εἶναι,
3417 1813 3595 1867 προσ--

2017 1879 2236 1952 έρχεται
2257 1882 2393 1954 γυνὴ
2415 1883 2493 1954 τῷ
2533 1882 2742 1952 βασιλεῖ
2774 1881 3078 1950 ἐγκαλοῦσα
3116 1881 3278 1952 ἑτέρα
3321 1883 3476 1951 γυνῇ,
3506 1880 3586 1932 ὃτι

2017 1965 2108 2018 τὸν
2131 1965 2244 2018 υίδν
2265 1966 2436 2036 αὐτῆς
2453 1965 2842 2035 καταφαγοῦσα
2873 1967 2989 2035 μετ’
3018 1967 3206 2036 αὐτῆς,
3233 1962 3326 2018 καὶ
3356 1962 3446 2016 τὸν
3462 1963 3590 2016 ῐδιον

2019 2047 2362 2118 ὑποσχομένη
2379 2048 2659 2119 παρέξειν,
2671 2051 2820 2118 ἡγνω
2828 2047 2960 2119 μόνη
2970 2067 3026 2102 σε
3047 2049 3174 2118 περὶ
3189 2049 3285 2114 τὴν
3305 2046 3598 2101 ἀντίδοσιν.-

2019 2131 2152 2183 Τότε
2170 2131 2419 2203 διέρρηξε
2448 2133 2516 2185 τά
2545 2132 2732 2202 ἱμάτια
2770 2132 2934 2184 αὑτοῦ
2969 2133 2998 2185 6
3029 2130 3303 2201 βασιλεὺς,
3333 2131 3426 2184 καὶ
3449 2129 3602 2198 πέμ-

2022 2230 2114 2266 πει
2130 2215 2222 2267 ὲπὶ
2242 2215 2647 2268 τὸνἘλισσαῖον
2675 2213 2898 2284 ἀφελεῖν
2915 2213 3078 2267 αὐτοῦ
3101 2213 3197 2285 τὴν
3212 2213 3474 2285 κεφαλήν.
3495 2212 3595 2266 Λέ-

2020 2313 2106 2365 γει
2129 2299 2455 2369 ὁπροφήτης
2483 2297 2562 2369 τῷ
2587 2281 2892 2352 ἐλθόντιέπ’
2923 2297 3106 2359 αὑτὸν,
3132 2281 3214 2352 ὅτι
3243 2281 3430 2366 αῦριοῖι
3442 2295 3600 2351 ἐσται

2019 2379 2117 2432 τοῦ
2149 2379 2307 2451 λιμοῦ
2339 2383 2372 2450 ἡ
2402 2380 2573 2444 λύσις.
2629 2381 2714 2444 '0;
2740 2380 2797 2434 66
2845 2381 3140 2450 διηπίστει,
3172 2381 3424 2454 προλέγει
3448 2380 3606 2451 αύτῷ

2023 2461 2269 2518 θάνατον.
2297 2464 2502 2534 Λεπροὶ
2523 2464 2786 2534 τέσσαρες
2815 2463 3172 2535 ἀπειρηκότες
3189 2464 3264 2535 τῷ
3297 2463 3463 2534 λιμῷ,
3478 2462 3599 2532 βου-

2022 2545 2266 2601 λεύονται
2293 2546 2625 2618 παραδοῦναι
2653 2548 2879 2610 ἑαυτοὺς
2915 2551 3026 2611 τοῖς
3061 2549 3358 2619 πολεμίοις,
3391 2548 3492 2600 καὶ
3514 2548 3600 2600 ἐλ-

2024 2629 2206 2693 θόντες
2226 2631 2304 2694 είς
2337 2629 2434 2701 τὴν
2477 2629 2848 2702 παρεμϐολὴν,
2893 2630 3193 2702 ἀνθρώπων
3227 2631 3323 2702 μὲν
3353 2633 3506 2684 κενὸν
3539 2629 3604 2682 :6

2022 2712 2223 2784 χωρίον
2255 2706 2431 2784 εὖρον,
2469 2714 2568 2776 τὰς
2593 2713 2650 2765 66
2682 2713 2886 2784 σκηνὰς
2916 2713 3095 2767 αὐτῶν
3126 2713 3351 2784 πλήρεις
3372 2711 3606 2766 πλούτου

2024 2795 2246 2851 πολλοῦ.
2299 2795 2410 2848 Καὶ
2460 2795 2856 2864 διαρπάσαντες
2901 2793 3044 2867 ἅπερ
3087 2793 3346 2864 ἠδύναντο
3393 2793 3600 2865 φέρειν,

2026 2880 2272 2942 ἐλθόντες
2302 2878 2638 2948 ἀπήγγειλαν
2665 2877 2743 2950 τῷ
2768 2878 2991 2948 βασιλεῖ.
3027 2879 3138 2932 Καὶ
3166 2879 3226 2932 :6
3261 2879 3358 2949 μὲν
3385 2877 3606 2950 πρῶτον

2027 2961 2176 3015 δόλον
2206 2960 2558 3014 ὑπώπτευσεν
2585 2954 2722 3014 εἶναι
2758 2960 2817 3014 :6
2842 2963 3072 3032 πρᾶγμα
3099 2962 3126 3014 6
3159 2961 3406 3031 βασιλεύς
3426 2979 3440 2991 ·
3473 2962 3606 3014 ἀπο-

2031 3044 2245 3107 στείλας
2281 3043 2341 3096 δέ
2375 3044 2557 3106 ἱππεῖς
2582 3045 2676 3097 καὶ
2710 3042 2893 3114 μαθὼν
2930 3043 2988 3097 :6
3012 3044 3201 3113 σαφὲς,
3239 3044 3489 3115 ἐπαφῆκε
3513 3043 3615 3097 τὸν

2029 3127 2155 3180 λαὸν
2181 3129 2247 3198 τῇ
2289 3125 2388 3193 τῆς
2425 3125 2776 3197 παρεμϐολῆς
2811 3125 3086 3197 διαρπαγῇ
3109 3143 3121 3156 ·
3153 3127 3246 3179 καὶ
3290 3126 3450 3196 ἐλύθη
3481 3129 3510 3180 6
3536 3125 3612 3179 λι-

2035 3211 2153 3281 μός.
2180 3210 2288 3262 Καὶ
2311 3210 2338 3261 6
2358 3209 2711 3279 διαπιστήσας
2737 3209 2815 3279 τῷ
2854 3207 3139 3280 Ἐλισσαίῳ
3172 3209 3278 3263 ύπδ
3318 3209 3410 3262 τοῦ
3450 3207 3618 3280 ὄχλου

2033 3291 2410 3364 συμπατηθεὶς
2432 3293 2691 3347 ἀπέθανε.
2723 3292 2986 3365 Προλέγει
3023 3295 3090 3364 τῇ
3121 3293 3340 3362 γυναικὶ
3367 3295 3395 3345 ό
3429 3293 3620 3346 Ἐλισο

2033 3379 2204 3440 0060;,
2231 3374 2380 3448 [556]
2407 3369 2474 3447 ἦς
2506 3374 2837 3444 ἐζωοποίησε
2865 3375 2957 3428 τὸν
2995 3375 3126 3439 υίδν,
3158 3376 3390 3446 ἑπταετῆ
3430 3375 3616 3446 λιμὸν,

2032 3460 2126 3514 καὶ
2155 3459 2412 3529 παραινεῖ
2445 3457 2850 3528 μετοικίζεσθαι
2885 3458 2952 3510 ἐκ
2995 3453 3094 3528 τῆς
3140 3457 3324 3530 χώρας
3373 3459 3606 3529 ἐκείνην.

2043 3540 2131 3606 '0;
2157 3541 2212 3594 δέ
2237 3540 2541 3612 μετῴκησε,
2574 3541 2667 3594 καλ⁸
2693 3539 2970 3594 ἐπαύσατο
2997 3541 3025 3593 6
3048 3540 3224 3610 λιμὸς,
3263 3541 3422 3595 πάλιν
3445 3543 3614 3595 ἐπαν-

2031 3623 2180 3694 ῆλθε,
2206 3624 2300 3676 καὶ
2332 3620 2702 3693 προσελθοῦσα
2730 3622 2808 3693 τῷ
2839 3622 3046 3693 βασιλεῖ
3068 3623 3166 3694 τὴν
3186 3622 3294 3676 τῶν
3318 3624 3620 3694 κτημάτων¹

2031 3708 2151 3779 ᾔτει
2179 3706 2515 3760 δεσποτείαν.
2554 3707 2612 3760 Ὀ
2642 3705 2893 3776 βασιλεὺς
2914 3706 3110 3777 Συρίας
3134 3707 3460 3761 ἀποστέλλει.
3478 3706 3618 3777 πρὸς

2032 3791 2125 3843 τὸν
2163 3789 2464 3842 Ἐλισσαῖον
2494 3789 2830 3858 πευσόμενος
2861 3791 2910 3841 εί
2934 3790 3191 3858 φεύξεται
3218 3789 3314 3860 τὴν
3342 3790 3516 3856 νόσον,
3555 3792 3621 3843 ἐν

2034 3867 2071 3946 ᾖ
2101 3871 2403 3939 κατείχετο.
2445 3868 2504 3922 Ὀ
2533 3871 2591 3922 δὲ
2612 3870 2689 3940 τῷ
2711 3870 2915 3923 ἐλθόντι
2946 3868 3118 3935 εἶπεν,
3141 3873 3221 3925 ὅτι
3255 3874 3315 3925 ού
3335 3870 3615 3942 διαφεύξε-

2038 3971 2147 4017 ται,
2172 3954 2267 4006 καὶ
2288 3952 2688 4023 προεφήτευσεν
2712 3953 2858 4024 αύτῷ
2884 3954 2978 4006 καὶ
3006 3953 3102 4024 τήν
3125 3955 3239 4008 τῶν
3269 3956 3623 4027 Ἰσραηλιτῶν

2038 4035 2336 4090 ἀπώλειαν.
2371 4035 2457 4098 '0;
2484 4034 2542 4087 66
2570 4035 2840 4088 ἀπέθανεν
2873 4039 3099 4100 ἐκεῖνος,
3131 4037 3479 4092 ἐϐασίλευσεν.
3501 4039 3625 4092 ἀντ’

2038 4117 2205 4174 αὑτοῦ
2251 4117 2472 4188 Ἀζαήλ.
2515 4117 2603 4180 '0;
2636 4117 2693 4171 66
2733 4118 2831 4171 καὶ
2860 4118 3064 4190 Ἰωρὰμ
3091 4119 3437 4190 ἐτελεύτησεν
3462 4125 3490 4175 6
3520 4121 3620 4191 βα-

2042 4202 2224 4264 σιλεὺς
2261 4199 2452 4264 Ἰούδα,
2494 4199 2798 4270 διαδέχεται
2840 4201 3004 4254 αὑτὸν
3032 4201 3060 4253 6
3097 4201 3210 4264 υίὸς
3251 4202 3413 4256 αὐτοῦ
3471 4205 3627 4273 Ὀχο-

2042 4284 2182 4349 ζίαςο
2213 4283 2441 4355 Πέμψας
2472 4285 2501 4338 ὁ
2537 4283 2838 4348 Ἐλισσαῖος
2865 4285 2970 4338 ’ένα-
2988 4285 3094 4337 τῶν
3119 4284 3250 4337 υἱῶν
3271 4285 3387 4338 τῶν.
3409 4301 3627 4358 προφη-

2039 4369 2170 4435 τῶν,
2216 4367 2469 4420 ἐκέλευσε
2513 4369 2702 4440 χρῖσαι
2751 4365 2873 4432 Ἰοῦ,
2919 4367 3012 4420 καὶ
3058 4367 3382 4439 βασιλεύσας
3435 4372 3464 4424 6
3519 4369 3628 4424 Ἰοῦ

2041 4453 2256 4522 ἀναιρεῖ
2281 4451 2372 4503 τὸν
2415 4451 2636 4521 Ἰωρὰμ,
2682 4451 2774 4503 καὶ
2805 4449 2986 4519 ῥίπτει
3017 4451 3182 4506 αὑτὸν
3209 4453 3290 4515 είς
3325 4452 3416 4507 τὸν
3443 4454 3624 4524 ἀμπε-

2042 4535 2187 4588 λῶνα
2226 4531 2524 4595 Ναϐουθαὶ,
2567 4532 2627 4585 δν
2664 4532 2910 4604 ἥρπασεν
2953 4535 2982 4588 6
3030 4535 3212 4606 πατὴρ
3247 4534 3344 4588 τοῦ
3396 4537 3617 4608 Ἰωράμ.

2056 4620 2142 4683 '0;
2169 4618 2224 4671 66
2250 4615 2424 4672 ἀνεῖλε
2449 4617 2542 4671 καί
2565 4615 2657 4669 τὸν
2669 4617 2936 4687 Ὀχοζίαν,
2959 4619 3207 4690 εἰσῆλθεν
3236 4621 3318 4683 είς
3349 4621 3448 4690 τὴν
3465 4621 3627 4674 πόλιν

2057 4701 2292 4775 Ἰσραήλ.
2325 4699 2387 4753 Ἦ
2409 4700 2466 4753 66
2499 4699 2733 4766 Ἰεζάϐελ
2752 4701 3085 4774 κοσμηθεῖσα
3111 4703 3462 4774 παρέκυπτεν
3485 4705 3629 4758 ἀνω-

2045 4784 2157 4839 θεν.
2196 4785 2256 4837 Ὀ
2283 4782 2340 4837 δὲ
2371 4782 2621 4854 βασιλεὺς
2645 4778 2765 4836 εἶπε
2787 4786 2896 4848 τοῖς
2927 4785 3201 4854 εὐνούχοις
3238 4785 3399 4856 ῥῖψαι
3430 4785 3623 4856 αὐτὴν,

2047 4869 2142 4922 καὶ
2169 4868 2386 4940 ῥιφεῐσα
2407 4866 2699 4921 ἀπέθανεν.
2742 4867 3053 4920 ’Δπέκτεινε
3089 4867 3146 4920 δὲ
3179 4871 3208 4920 6
3241 4867 3350 4920 Ἰοῦ
3373 4868 3466 4921 καὶ
3497 4871 3630 4934 τοὺς

2047 4951 2416 5021 ἐϐδομήκοντα
2469 4949 2617 5011 υἱοὺς
2657 4948 2878 5018 Ἀχαάϐ,
2926 4942 3037 5001 εἷλε
3065 4950 3159 5002 καὶ
3193 4953 3319 5012 τοὺς
3363 4951 3634 5022 ἀδελφοὺς

2062 5034 2327 5104 Ὀχοζίου,
2357 5033 2533 5086 ἀνεῖλε
2556 5031 2614 5084 δὲ
2640 5032 2732 5085 καὶ
2765 5032 2894 5094 τοὺς
2921 5033 3083 5103 ἱερεῖς
3106 5033 3204 5086 τοῦ
3229 5035 3393 5102 Βάαλ,
3418 5039 3511 5092 καὶ
3532 5039 3629 5090 τὸν

2051 5118 2200 5170 Βάαλ
2229 5114 2541 5185 συνέτριψε..
2566 5113 2699 5166 Τότε
2725 5115 2756 5166 6
2794 5113 2993 5186 ’Λζαὴλ
3040 5117 3334 5172 συνέκοπτε
3364 5120 3454 5174 τὸν
3492 5121 3626 5185 Ἱεζ-

2053 5202 2210 5273 ραήλ.
2255 5197 2640 5259 Ἀποθανόντος
2671 5196 2728 5250 δὲ
2777 5195 2870 5250 τοῦ
2916 5197 3038 5263 Ἰοῦ,
3087 5200 3354 5271 βασιλεύει
3394 5205 3630 5275 Ἰωάχαζ

2053 5285 2168 5348 υἱὸς
2195 5280 2390 5336 αύτοῦη.
2416 5280 2497 5332 Τά
2539 5279 2681 5333 κατὰ
2717 5281 2809 5333 τὸν
2853 5281 3006 5346 Ἰωάς
3038 5287 3127 5337 τον
3157 5284 3380 5356 βασιλέα
3432 5288 3626 5349 Ἰούδα..

2053 5371 2146 5422 καὶ
2179 5367 2268 5420 τδν
2321 5364 2476 5435 ἱερέα
2513 5364 2709 5430 Ἰωδαὲ,
2755 5367 2848 5419 καὶ
2886 5367 2983 5438 τὴν
3037 5369 3307 5426 Γοθολίαν.
3347 5371 3631 5440 Παρεδόθη

2051 5453 2165 5512 τοῖς
2213 5448 2425 5520 ἐχθροῖς
2463 5446 2697 5519 Ἰσραήλ,
2733 5449 2827 5504 καὶ
2866 5451 3025 5506 πάλιν
3065 5455 3094 5506 6
3125 5453 3254 5518 Θεὸς
3292 5453 3634 5524 ᾡκτείρησεν,

2053 5532 2269 5596 αύτούς.
2316 5531 2404 5594 '0;
2459 5530 2516 5583 66
2562 5531 2830 5586 ἀπέθανεν
2899 5535 3154 5605 Ἰωάχαζ,
3205 5534 3475 5606 βασιλεύει
3529 5532 3634 5586 τοῦ

2067 5619 2103 5672 Ἰ
2112 5615 2284 5689 σραήλ
2312 5613 2463 5677 Ἰωάς
2483 5617 2511 5667 6
2535 5615 2647 5678 υίὸς
2661 5617 2849 5682 αὑτοῦ,
2871 5620 2964 5672 καὶ
2989 5617 3158 5672 ἐλθὼν
3190 5617 3324 5686 πρὸς
3340 5615 3432 5668 τὸν
3455 5616 3634 5670 Ἐλισ-

2059 5703 2208 5758 σαῖον
2231 5698 2464 5756 ἔκλαιεν.
2508 5699 2566 5754 Ὀ
2619 5700 2674 5755 66
2723 5702 3054 5774 προσέταξεν
3094 5700 3262 5771 αὐτῷ,
3292 5695 3460 5755 πέντε.
3500 5698 3632 5774 βέλη
