3962 6190
538 284 656 339 355

544 399 760 452 Marias
784 396 922 452 illius
945 396 1092 450 Oded
1113 437 1126 462 ,
1167 404 1219 450 ct
1268 398 1458 451 Anami
1483 440 1497 462 ,
1542 395 1837 468 prophet.e.
1869 397 2121 469 Josaphat

540 490 681 543 illius
715 488 831 556 ejus
855 498 1024 542 annos
1053 487 1231 558 viginti
1246 482 1577 556 quinque,et
1596 489 1719 545 iccit
1750 501 1951 545 rectum
1982 507 1995 553 ;
2030 488 2124 546 sed

539 578 745 633 excelsa
764 576 939 633 adhuc
972 588 1145 632 erant.
1177 576 1365 633 Postea
1411 592 1538 634 vero
1577 581 1629 635 in
1653 580 2122 650 reprehensionem

543 670 832 740 iniquitatis
878 668 1101 725 incurrit
1122 711 1136 736 ,
1169 671 1291 741 quia
1323 672 1528 725 amicus
1568 682 1685 727 erat
1711 671 1955 727 Ochozize
1983 675 2122 743 regis

544 761 703 816 Israel
726 798 741 826 ,
768 770 823 816 et
846 760 897 817 in
927 761 1151 832 negotiis
1176 761 1463 831 plurimum
1492 769 1614 817 cum
1643 762 1734 819 illo
1755 765 2122 819 communica-

543 852 648 906 bat.
692 851 803 907 Sub
843 852 946 907 hoc
973 861 1127 907 erant
1152 852 1427 923 propheta:
1471 850 1622 906 Elius
1657 893 1674 918 ,
1725 853 1994 920 Elissaeas,
2028 852 2121 908 Mi-

541 942 718 997 cha-as
746 952 801 998 et
827 942 964 999 Jeltu
997 945 1135 997 libus
1163 944 1351 999 Anemi
1369 985 1382 1008 ,
1407 952 1463 998 et
1486 944 1633 999 Oziel
1659 944 1796 998 iiiius
1821 942 2113 1009 Zacltarim,

539 1047 594 1090 et
639 1035 855 1089 Eliadad
900 1034 1200 1090 tilinsAditc
1243 1048 1307 1090 ex
1358 1035 1598 1090 Marissa.
1631 1035 1809 1091 ieram
1840 1036 1979 1091 ﬁlius
2006 1036 2120 1106 ejus

538 1131 692 1181 :ittliis
720 1135 876 1192 octo,
907 1136 959 1182 et
986 1125 1108 1182 fecit
1152 1127 1368 1181 malum.
1403 1124 1595 1182 Habuit
1618 1128 1759 1182 enim
1805 1134 2023 1182 uxorem
2054 1126 2117 1180 il-

541 1217 663 1271 liam
695 1200 929 1273 chaab.
957 1216 1068 1273 Sub
1094 1218 1197 1271 hoc
1223 1225 1376 1272 erant
1404 1217 1544 1271 Elius
1573 1223 1626 1271 et
1651 1217 1923 1273 Elisszeus.
1948 1216 2124 1273 Oebr-

539 1308 648 1361 aias
675 1308 813 1361 tilias
840 1308 956 1378 ejus
985 1322 1128 1362 anno
1148 1322 1256 1363 uno
1281 1350 1294 1374 ,
1313 1312 1369 1362 et
1411 1307 1534 1363 fecit
1560 1308 1778 1363 malum.
1830 1310 1956 1364 Post
1994 1322 2117 1364 eum

538 1408 708 1453 mater
730 1398 847 1467 ejus
873 1397 1117 1454 Gothuiia
1162 1413 1331 1453 annos
1359 1409 1583 1469 septem.
1613 1398 1738 1455 Joas
1770 1400 1907 1455 tilias
1936 1401 2116 1457 Ochu-

535 1486 636 1543 zite
674 1502 844 1545 annuos
895 1490 1260 1560 quadraginta.
1318 1491 1414 1546 llic
1457 1491 1647 1546 occidit
1692 1491 2120 1559 lachariam,ct

536 1578 559 1633 t'
588 1579 657 1634 cit
680 1588 881 1633 rectum
914 1581 964 1633 in
996 1588 1110 1633 toto
1137 1579 1300 1635 corde
1327 1593 1426 1634 suo
1446 1623 1462 1648 ,
1494 1580 1670 1636 donec
1698 1582 1864 1637 Judaé
1893 1583 1972 1636 vir
1993 1594 2117 1652 pru-

535 1672 668 1726 deus
697 1672 931 1739 viveret,
960 1680 1015 1727 et
1059 1672 1367 1728 institueret
1411 1675 1603 1743 ipsum.
1630 1674 1779 1729 Hunc
1804 1675 2117 1730 occiderunt

539 1766 676 1820 servi
720 1766 889 1830 ipsius
924 1766 978 1819 in
1013 1764 1175 1820 domo
1221 1764 1471 1822 Maéioth.
1501 1766 1609 1821 Sub
1638 1767 1740 1822 hoc
1782 1766 2115 1837 prophetavit

538 1857 827 1912 Zacharias
848 1856 988 1912 [ilius
1009 1856 1192 1913 Jodaé.
1224 1859 1473 1912 Amesias
1504 1857 1642 1911 titius
1672 1858 1786 1928 ejus
1815 1859 1971 1913 annis
2013 1874 2114 1913 no-

538 1947 915 2006 vemdecim.et
944 1947 1065 2002 facit
1088 1958 1289 2003 rectum
1320 1949 1371 2002 in
1400 1949 1693 2018 principio;
1726 1947 1818 2004 sed
1849 1964 1952 2004 non
1980 1950 2117 2005 sicut

541 2039 726 2093 David.
772 2038 962 2093 Adhuc
980 2038 1122 2092 enim
1155 2038 1381 2108 populus
1421 2039 1725 2093 immolabat
1753 2041 1804 2093 in
1851 2040 2112 2107 excelsis,

536 2139 592 2182 et
622 2130 768 2182 lucos
796 2144 900 2182 non
925 2129 1160 2183 abstuiit.
1186 2129 1298 2183 Sub
1327 2128 1427 2182 hoc
1470 2131 1627 2183 etiam
1657 2130 2114 2200 prophetaverunt

538 2217 831 2288 prophetae,
863 2232 1087 2288 quorum
1119 2219 1333 2273 nomina
1355 2219 1553 2288 scripta
1588 2234 1693 2273 non
1718 2228 1863 2276 sunt;
1894 2220 2110 2274 Postea-

536 2324 695 2379 quam
730 2323 859 2364 vero
886 2323 999 2374 eos,
1024 2310 1114 2380 qui
1141 2310 1193 2364 iu
1223 2311 1344 2366 Scir
1369 2306 1678 2366 habitabant
1699 2353 1712 2371 .
1747 2313 2025 2382 percussit,
2058 2311 2112 2366 in

539 2401 843 2469 superbiam
893 2401 1065 2456 elatus
1127 2411 1245 2464 est,
1296 2402 1437 2457 idola
1490 2398 1837 2457 habitantium
1902 2404 1954 2457 in
1994 2401 2116 2458 Scir

538 2495 723 2557 coluit,
757 2503 807 2547 et
838 2494 892 2547 in
938 2507 1126 2547 manus
1152 2493 1382 2548 hostium
1404 2492 1655 2557 traditus,
1699 2502 1981 2562 percussus
2010 2502 2111 2549 est.

541 2584 789 2651 Marias,
816 2584 904 2653 qui
929 2593 982 2637 et
1001 2583 1156 2637 Ozias
1179 2622 1194 2647 ,
1218 2596 1387 2636 annos
1429 2583 1804 2652 quinquaginta
1842 2584 1980 2640 duos
2004 2620 2019 2651 ,
2058 2595 2115 2641 et

539 2676 691 2731 initia
715 2674 856 2746 quod
880 2682 1082 2729 rectum
1105 2684 1220 2727 erat
1241 2671 1361 2727 fecit
1390 2713 1406 2739 ,
1433 2674 1570 2728 sicut
1601 2684 1748 2743 pater
1768 2672 1885 2744 ejus
1911 2691 1926 2728 :
1955 2686 2115 2730 mete-

537 2782 656 2821 rum
700 2766 910 2822 excelsa
959 2778 1063 2819 non
1095 2763 1331 2819 abstulit.
1361 2762 1496 2819 Cum
1534 2778 1791 2834 prospere
1835 2780 1947 2822 rem
1991 2778 2117 2837 age-

538 2868 658 2924 ret,
702 2859 876 2914 elatus
919 2867 1004 2914 est
1050 2858 1270 2921 animo,
1326 2866 1383 2912 et
1450 2858 1614 2913 voluit
1656 2859 1770 2928 ipse
1798 2859 2013 2914 adolere
2060 2862 2113 2915 in

540 2949 741 3019 templo
764 2989 781 3016 ,
832 2948 973 3017 quod
1021 2950 1149 3004 solis
1196 2947 1561 3004 sacerdotibus
1614 2949 1824 3003 licebat.
1865 2948 1989 3004 ideo
2035 2952 2116 3006 le-

541 3056 635 3111 pra
692 3050 974 3109 per'cussus
1021 3050 1139 3101 est.
1195 3050 1472 3111 [mstquam
1511 3039 1783 3105 audisset,
1831 3040 2116 3097 Nontuunt

539 3143 610 3187 est
629 3173 645 3199 ,
679 3131 803 3185 02in
826 3172 840 3194 ,
872 3130 1076 3185 adolere
1104 3131 1322 3186 Domino
1342 3173 1357 3198 ,
1384 3133 1440 3186 id
1464 3134 1597 3204 quod
1624 3134 1746 3190 satis
1778 3133 2120 3189 sacerdotibus

538 3224 653 3279 licet
679 3222 754 3295 (2.
788 3221 966 3276 Parui.
999 3221 1090 3277 96.
1125 3221 1235 3293 18).
1255 3222 1364 3278 Sub
1385 3222 1487 3278 hoc
1509 3234 1623 3278 erat
1643 3223 1805 3279 lsaias
1833 3222 2115 3295 prophetas

536 3314 746 3370 Jotham
776 3312 918 3367 titius
946 3313 1061 3383 ejus
1105 3327 1273 3369 annos
1319 3313 1553 3369 sedecim
1584 3315 1824 3385 regnavit
1849 3355 1863 3379 ,
1893 3323 1950 3370 et
1990 3314 2118 3370 fecit

541 3416 741 3461 rectum
768 3405 907 3460 sicut
933 3416 1082 3474 pater
1111 3406 1274 3475 ipsius
1304 3424 1317 3460 :
1348 3416 1597 3462 caeterum
1622 3407 1828 3462 excelsa
1856 3420 1962 3462 non
1988 3407 2114 3462 abs-

541 3497 677 3551 tulit.
727 3493 837 3552 Sub
865 3495 967 3550 hoc
1007 3504 1125 3550 erat
1165 3494 1347 3550 lsaias.
1391 3494 1570 3550 Acha:
1611 3495 1749 3550 ﬁlius
1785 3497 1901 3565 ejus
1943 3510 2115 3550 annos

538 3589 861 3650 setiecitn,et
893 3588 1015 3642 fecit
1040 3586 1387 3642 malum.Sub
1406 3586 1510 3641 hoc
1534 3596 1688 3641 eram
1706 3585 1866 3641 lsaias
1886 3595 1942 3640 et
1963 3585 2114 3641 Oded

536 3680 838 3752 prophetae.
881 3677 1106 3734 Eaekias
1154 3678 1296 3734 (ilius
1318 3679 1439 3749 ejus
1461 3678 1706 3748 regnavit
1730 3678 1884 3733 annis
1930 3678 2114 3748 viginti

541 3788 754 3837 novem,
790 3780 845 3826 et
883 3770 1010 3827 fecit
1036 3769 1180 3840 quod
1207 3778 1409 3826 rectum
1440 3781 1553 3825 erat
1581 3771 1717 3824 sicut
1747 3769 1910 3824 David
1936 3770 2113 3838 perfe-

544 3877 649 3920 cte.
680 3864 777 3918 llie
801 3862 1019 3918 abstulit
1045 3872 1347 3931 serpentem
1373 3872 1576 3915 uncum
1601 3902 1617 3927 ,
1640 3876 1799 3932 quem
1824 3849 2117 3932 suspende-

536 3966 619 4012 rat
645 3957 839 4012 Muses.
881 3956 992 4012 Sub
1015 3956 1113 4011 hoc
1137 3954 1465 4011 Seuacherih
1498 3964 1552 4009 et
1572 3954 1842 4025 Rapsaces
1868 3958 2071 4028 Assyrii
2097 3997 2114 4023 ,

538 4049 680 4120 quod
712 4049 1170 4120 blasphemasscut
1191 4088 1204 4110 ,
1234 4048 1471 4117 percussi
1501 4054 1656 4113 sunt,
1691 4057 1982 4117 posteaque
2013 4062 2114 4102 una

538 4150 696 4199 nocte
739 4154 988 4212 egressus
1031 4140 1250 4210 angelus
1296 4148 1507 4195 centum
1563 4141 1829 4209 «eleginta
1882 4140 2117 4210 quinque

542 4233 702 4288 millia
734 4232 1009 4285 huutinum
1040 4230 1253 4285 occidit.
1301 4229 1585 4284 Mor-iturus
1613 4229 1871 4284 Ezechias
1894 4230 1961 4284 ad
1988 4244 2118 4300 pro-

539 4324 869 4392 rogatiouem
896 4321 1016 4375 vitzc
1041 4336 1208 4375 annos
1246 4320 1548 4390 quindecim
1589 4319 1813 4388 accepit.
1846 4318 2117 4375 uanasses

542 4415 681 4467 iilius
709 4414 828 4480 ejus
854 4426 1027 4465 annos
1054 4412 1432 4481 quinquaginta
1463 4412 1719 4480 quinque,
1743 4410 1977 4482 fecitque
2003 4427 2117 4465 ma-

541 4507 671 4557 lum.
704 4500 1063 4569 Quoscumque
1111 4501 1398 4555 demolitus
1442 4501 1615 4557 fuerat
1661 4503 1915 4558 Ezechias
1941 4543 1954 4566 ,
2004 4504 2118 4572 ipse

541 4594 810 4659 restituit,
852 4602 905 4648 et
943 4592 1113 4646 factus
1156 4603 1239 4646 est
1271 4592 1421 4649 Iudae
1456 4592 1592 4647 alter
1617 4592 1929 4658 Jeroboam;
1960 4594 2031 4648 ita
2061 4604 2121 4649 ut

541 4687 659 4758 ejus
686 4697 845 4740 causa
874 4683 1014 4739 idem
1039 4698 1196 4753 passa
1223 4683 1292 4737 sit
1327 4683 1623 4738 Jerusalem
1643 4722 1660 4751 ,
1687 4685 1828 4753 quod
1856 4686 2113 4740 Samaria.

541 4780 618 4835 De
633 4777 723 4834 illo
741 4776 938 4832 dictum
957 4774 1039 4831 est
1054 4816 1070 4841 ,
1092 4774 1191 4840 Qui
1213 4789 1418 4842 peccare
1430 4774 1545 4844 fecit
1565 4773 1597 4827 J
1605 4773 1758 4828 udam
1780 4775 1858 4845 (4.
1878 4773 2007 4847 Reg.
2024 4775 2085 4830 2|
2099 4813 2114 4830 .

541 4871 609 4927 ιϐ
628 4871 670 4942 ).
701 4870 825 4925 Ideo
855 4870 1095 4939 captivus
1120 4866 1383 4922 abductus
1422 4874 1506 4920 est
1540 4866 1592 4919 in
1622 4865 1972 4939 Babylonem.
2009 4868 2118 4924 Sed

542 4963 595 5015 in
622 4960 947 5028 captivitate,
981 4969 1038 5012 ut
1067 4959 1119 5011 in
1148 4955 1569 5028 Paralipomeuis
1589 4957 1844 5027 scriptum
1875 4968 1976 5027 est,
2001 4973 2117 5029 pm-

544 5053 799 5106 nitentem
829 5049 1041 5104 reduxit
1082 5050 1222 5104 Deus
1248 5052 1302 5104 in
1324 5048 1641 5117 Jerusalem,
1677 5065 2002 5123 regnumque
2029 5069 2120 5110 re-

544 5139 837 5212 cuperavit.
868 5140 1238 5196 Ptnnitentiam
1271 5143 1445 5211 itaque
1472 5150 1655 5211 agens,
1688 5145 2043 5214 populumque
2065 5156 2125 5199 ut

549 5233 655 5287 lteo
685 5231 910 5285 serviret
946 5230 1146 5286 docens
1172 5262 1186 5296 ,
1229 5231 1378 5287 obiit.
1410 5232 1468 5287 in
1499 5234 1715 5289 civitate
1743 5245 1917 5289 tamen
1959 5235 2119 5290 David

537 5332 648 5379 non
698 5331 784 5378 cst
828 5321 1067 5391 sepultus
1087 5354 1106 5392 ,
1159 5321 1253 5378 sed
1286 5324 1338 5376 in
1366 5322 1524 5380 horto
1562 5339 1660 5380 suo
1682 5363 1698 5389 ,
1729 5324 1780 5379 in
1811 5325 1965 5401 horto
1990 5324 2118 5380 01a.

548 5419 711 5471 Amos
741 5414 880 5470 (ilius
906 5414 1019 5484 ejus
1042 5415 1281 5484 regnavit
1306 5430 1478 5471 annos
1507 5415 1664 5480 duos,
1689 5426 1743 5469 et
1772 5414 1894 5471 fecit
1924 5418 2120 5472 malum

541 5511 675 5567 situt
702 5517 853 5580 pater
879 5506 997 5577 ejus
1024 5506 1292 5562 Manasses
1312 5547 1325 5569 .
1352 5512 1405 5561 et
1439 5504 1752 5561 acciderunt
1780 5505 1951 5579 ipSum
1980 5510 2121 5564 servi

533 5602 679 5669 duo,
717 5598 1063 5667 sepultusque
1087 5606 1170 5649 est
1206 5595 1259 5649 in
1283 5597 1440 5650 horto
1469 5596 1576 5650 Oza
1599 5635 1618 5662 ,
1651 5596 1702 5651 in
1736 5613 1841 5667 quo
1881 5596 2123 5668 sepultus

424 5744 469 5775 ,κ
532 5701 618 5744 est
652 5696 709 5742 et
733 5696 882 5757 pater
922 5685 1107 5758 ipsius.
1154 5682 1329 5741 Josias
1359 5682 1500 5742 illius
1531 5686 1646 5758 ejus
1672 5688 1913 5757 regnavit
1954 5690 2114 5746 annis

1261 284 1315 339 s.
1358 284 1634 339 J0.\.\NIS
1677 284 2148 342 CllltYSOS‘l‘Oitl
2195 284 2509 346 anatnt‘tr.
2552 283 3087 356 CONSTANTINOP.

3643 324 3719 382 356

2236 403 2447 474 triginta
2476 412 2603 461 uno.
2639 402 2787 464 ilunc
2815 414 3041 482 populus
3067 431 3237 486 regem
3264 423 3464 491 creavit.
3491 442 3594 486 cum
3616 449 3724 493 esset

2230 506 2491 549 annorum
2521 502 2663 563 octo,
2693 497 2924 572 fecitque
2950 506 3175 571 rectum,
3198 515 3248 563 et
3274 510 3533 572 ambulavit
3552 520 3594 574 in
3613 531 3721 582 omni

2231 587 2313 639 via
2340 583 2539 652 David,
2568 602 2668 645 nec
2703 588 2987 648 declinavit
3038 594 3104 652 ad
3148 598 3406 660 dexteram
3445 610 3516 664 vel
3540 611 3594 667 ad
3630 614 3723 672 sini-

2228 684 2414 729 stram.
2445 676 2657 734 Etenim
2688 691 2741 735 et
2763 681 2914 740 ludos
2944 682 3168 743 suecidit
3194 731 3209 754 ,
3237 698 3283 745 et
3309 698 3471 751 omnia
3496 701 3723 763 simulam

2228 767 2456 863 susmlit.
2487 767 2618 823 Cum
2647 786 2904 827 annorum
2936 786 3080 831 esset
3106 768 3329 836 sedecim
3350 826 3363 848 ,
3393 782 3544 856 legem
3577 797 3719 863 quasi.

2229 857 2301 911 vit
2324 895 2341 921 ,
2373 858 2427 912 et
2448 871 2587 950 cum
2629 870 2752 947 ante
2790 863 3084 935 neglectam
3117 868 3427 939 invenisset,
3457 877 3548 948 legi
3564 857 3724 950 jussit:

2228 950 2292 1039 ac
2316 946 2511 1039 pascha
2556 944 2867 1019 praedicavit
2905 957 3326 1039 celebravitque,
3354 963 3482 1020 sicut
3507 944 3726 1039 scriptum

2225 1034 2327 1091 est.
2355 1036 2508 1094 Hunc
2528 1042 2724 1096 occidit
2746 1040 2950 1099 Pharao
2979 1036 3190 1103 Nechao
3215 1050 3278 1105 ad
3308 1034 3727 1123 Euphratem-cum

2227 1130 2506 1184 contentio
2551 1131 2691 1187 inter
2736 1134 2854 1190 illos
2881 1145 2995 1190 orta
3018 1149 3181 1193 esset.
3223 1138 3385 1210 Hujus
3411 1154 3618 1216 tempore
3639 1151 3728 1207 iue-

2225 1231 2347 1275 ruut
2375 1221 2647 1293 propheta:
2677 1224 2937 1282 Jeremias
2981 1237 3035 1284 et
3060 1224 3358 1301 Sopitouias
3382 1277 3396 1297 ,
3427 1244 3476 1291 et
3498 1240 3610 1294 Olda
3634 1256 3730 1310 pro-

2227 1311 2458 1380 phetissa
2483 1320 2615 1368 utor
2638 1313 2800 1372 Selie.
2831 1316 3063 1375 Joachaz
3095 1322 3235 1377 (ilius
3258 1325 3369 1394 ejus
3392 1331 3603 1397 regnavit
3620 1348 3729 1387 men-

2223 1417 2309 1457 ses
2334 1402 2445 1459 tres
2470 1446 2483 1468 ,
2528 1413 2583 1459 et
2626 1404 2747 1461 fecit
2792 1408 2989 1463 malum
3012 1453 3027 1477 ,
3058 1421 3109 1465 et
3140 1415 3404 1471 transtulit
3442 1433 3550 1473 eum
3574 1418 3731 1477 Pharao

2223 1490 2455 1550 Necbao.
2483 1492 2595 1549 Suli
2623 1492 2725 1552 hoc
2754 1510 2965 1568 quoque
2992 1500 3119 1556 vixit
3144 1498 3422 1560 Ieremias.
3453 1504 3646 1564 Eliakim
3669 1512 3727 1566 al-

2220 1590 2303 1639 ter
2329 1583 2467 1639 [ilius
2495 1582 2676 1653 Josim,
2704 1590 2791 1657 qui
2822 1600 2874 1642 et
2907 1586 3124 1646 Joakim
3157 1604 3360 1650 mutato
3388 1598 3582 1653 nomine
3603 1599 3732 1654 dictus

2222 1680 2341 1740 est,
2380 1676 2623 1745 regnavit
2664 1681 2818 1733 annis
2847 1676 3134 1749 undecim,
3165 1682 3222 1738 et
3266 1684 3389 1740 fecit
3408 1688 3536 1757 quod
3574 1692 3726 1745 malunt

2222 1774 2358 1822 erat.
2382 1764 2590 1821 Joakim
2622 1769 2710 1839 qui
2752 1780 2805 1824 et
2843 1766 3129 1828 Jecitonias
3149 1818 3162 1841 ,
3196 1774 3346 1833 [ilius
3382 1779 3518 1850 ejus,
3549 1786 3734 1853 regnavit

2222 1871 2436 1912 menses
2462 1864 2592 1923 tres,
2624 1867 2679 1914 et
2708 1861 2826 1916 fecit
2857 1862 2997 1932 quod
3020 1865 3221 1920 malum
3249 1878 3380 1934 erat,
3409 1871 3734 1943 translatusque

2219 1952 2302 2001 cst
2330 1947 2382 2001 in
2411 1947 2753 2021 Babylonem.
2788 1950 3022 2008 Matthan
3055 1952 3192 2011 illius
3236 1957 3371 2028 ejus.
3415 1952 3553 2016 Hunc
3596 1962 3733 2017 Nabu-

2219 2035 2558 2094 chodmtosor
2586 2042 2862 2097 constituit
2890 2057 3070 2115 regem
3097 2088 3111 2112 ,
3142 2056 3195 2101 et
3226 2058 3425 2104 mutato
3451 2053 3636 2108 nomine
3665 2035 3735 2111 Se-

2219 2129 2424 2184 deuiam
2466 2132 2782 2201 appellavit,
2814 2135 3163 2207 regnavitque
3205 2141 3362 2196 annis
3394 2138 3673 2212 duodecim,
3695 2152 3735 2200 et

2219 2220 2344 2276 fecit
2364 2222 2581 2276 malum.
2605 2220 2718 2279 Sub
2739 2223 2839 2280 hoc
2861 2240 3071 2299 quoque
3093 2241 3209 2285 erat
3232 2230 3500 2289 Jeremlas.
3516 2236 3740 2307 [luctuque

2221 2310 2431 2366 duravit
2447 2327 2667 2383 regnum
2689 2314 2845 2382 Juda,
2868 2325 3098 2390 tuncque
3119 2318 3434 2379 subversum
3462 2335 3554 2389 est,
3576 2330 3683 2382 sicut
3698 2328 3738 2382 ei

2219 2416 2437 2470 regnum
2462 2403 2735 2462 Samaria.
2764 2405 2905 2463 Urbs
2925 2422 3153 2482 namque
3174 2422 3333 2484 capta
3367 2424 3465 2482 est,
3493 2424 3542 2470 et
3558 2417 3744 2480 universi

2219 2495 2270 2549 in
2295 2492 2620 2567 Babylonem
2645 2500 2837 2567 captivi
2863 2514 2986 2555 cum
3007 2505 3148 2557 vasis
3166 2504 3385 2560 abducti
3406 2516 3538 2563 sunt.
3552 2504 3739 2579 Suntque

2219 2596 2373 2657 reges
2397 2588 2579 2659 viginti
2609 2602 2745 2644 unus
2766 2630 2780 2655 ,
2822 2604 2926 2645 non
2976 2602 3327 2649 annumerata
3359 2596 3603 2652 Golhoiia.

2286 2676 2509 2732 Nomina
2538 2692 2717 2750 regum
2748 2680 2835 2751 qui
2868 2680 3076 2737 fuerunt
3100 2684 3151 2738 iu
3178 2684 3442 2753 Samaria,
3473 2692 3524 2743 et
3546 2696 3646 2759 qua
3667 2688 3739 2757 ge.

2219 2776 2320 2835 sta,
2355 2772 2443 2841 qui
2486 2772 2617 2847 finis
2644 2774 2899 2844 cujusque
2948 2771 3124 2839 luerit,
3156 2787 3216 2831 et
3245 2786 3375 2847 quot
3423 2780 3565 2834 annis
3594 2776 3744 2846 singuli

2219 2862 2558 2932 regnaveriut
2583 2862 2667 2919 his
2693 2865 2892 2935 accipe.
2922 2862 3212 2922 Jeroboam
3261 2870 3395 2924 illius
3419 2858 3604 2924 Nabath
3626 2869 3743 2924 anuis

2218 2952 2308 3007 94.
2336 2951 2433 3008 Hic
2452 2950 2675 3008 discisso
2696 2963 2859 3024 regno
2884 2957 3180 3011 ascendens
3213 2973 3279 3014 ex
3308 2945 3530 3031 Egypto
3551 3001 3564 3023 ,
3585 2961 3746 3030 primus

2219 3046 2461 3115 rtgnavit
2489 3048 2540 3101 in
2566 3045 2820 3111 Samaria,
2850 3056 2904 3103 et
2924 3049 3047 3104 fecit
3069 3050 3297 3117 malum,
3330 3053 3398 3107 ita
3423 3058 3477 3108 ut
3497 3051 3668 3107 nullum
3687 3050 3745 3105 sl-

2220 3136 2397 3191 milcm
2440 3136 2702 3191 habuerit.
2734 3136 2946 3192 Veritus
3001 3152 3066 3194 ne
3097 3154 3325 3211 regnum
3366 3143 3461 3213 ipsi
3484 3143 3743 3213 eriperetur,

2218 3236 2407 3283 aureas
2439 3227 2655 3283 buculas
2675 3229 2806 3283 duas
2834 3228 2972 3296 fecit,
2997 3241 3049 3285 et
3070 3233 3333 3302 populum
3358 3233 3553 3288 seduxit
3572 3229 3744 3286 dicens:

2223 3317 2296 3373 Hi
2318 3326 2433 3373 sunt
2465 3318 2559 3386 dii,
2586 3320 2671 3389 qui
2691 3321 2967 3375 eduxerunt
2988 3335 3078 3376 nos
3103 3337 3169 3377 ex
3197 3333 3336 3377 terra
3351 3320 3556 3395 ﬁgypti
3578 3322 3620 3393 (i
3648 3320 3745 3390 ﬂrg.

2222 3408 2309 3467 η.
2325 3410 2439 3483 28).
2455 3410 2855 3468 tnstituitenim
2872 3412 3008 3471 festa
3026 3423 3075 3467 et
3104 3416 3419 3471 sacerdotes
3437 3434 3449 3467 :
3478 3414 3540 3468 Et
3563 3412 3636 3467 hic
3656 3424 3747 3482 ραι

2218 3513 2333 3558 cure
2349 3505 2468 3575 fecit
2484 3501 2650 3558 Israel
2673 3504 2748 3574 (2.
2779 3505 2906 3576 Reg.
2933 3504 3019 3561 14.
3052 3506 3131 3577 8).
3157 3507 3343 3578 Ipsum
3364 3523 3578 3580 namque
3601 3515 3750 3561 manes

2218 3604 2401 3665 postea
2447 3607 2599 3664 reges
2643 3596 2829 3651 imitati
2871 3609 3015 3653 sunt.
3044 3592 3216 3669 Hujus
3248 3612 3485 3672 tempore
3525 3597 3750 3673 propheta

2217 3692 2371 3740 erant
2399 3685 2592 3740 Achias
2616 3685 2889 3752 Silonites,
2920 3697 2976 3743 et
3008 3689 3105 3758 qui
3127 3703 3322 3746 contra
3352 3692 3517 3761 ipsum
3543 3687 3749 3759 superat-

2219 3786 2332 3832 tare
2357 3775 2676 3832 vociferatus
2699 3784 2800 3833 est.
2820 3779 3204 3835 Nabathiiiius
3237 3782 3355 3853 ejus
3375 3782 3600 3852 regnavit
3616 3784 3750 3833 cannas

2219 3868 2373 3936 duos,
2395 3876 2448 3923 et
2481 3867 2836 3932 feritmalum,
2867 3884 3036 3940 neque
3060 3871 3202 3926 alius
3230 3881 3299 3927 ex
3339 3884 3528 3942 genere
3553 3871 3655 3940 ejus
3683 3878 3749 3921 re-

2220 3962 2417 4027 gnavit;
2444 3956 2655 4014 Zamhri
2699 3960 2921 4015 alterius
2948 3962 3161 4031 generis
3192 3977 3366 4019 annos
3397 3962 3482 4019 12.
3512 3961 3657 4017 Bassa
3687 3972 3752 4012 rc-

2220 4052 2400 4120 gnavit
2425 4066 2594 4105 annos
2623 4053 2715 4118 24,
2745 4061 2798 4107 et
2823 4050 2947 4107 fecit
2975 4053 3114 4123 quod
3166 4056 3374 4109 malum
3402 4063 3532 4110 erat.
3560 4051 3659 4108 Sub
3674 4042 3750 4102 hoc

2223 4142 2494 4213 propheta:
2546 4152 2699 4198 erant
2751 4145 2912 4210 Elias,
2959 4145 3235 4211 Elisszeus,
3294 4147 3553 4209 Mlcltatas,
3602 4148 3650 4198 et
3683 4138 3751 4209 qui

2221 4234 2470 4289 Achaabo
2498 4235 2564 4289 de
2608 4235 2761 4305 Syria
2788 4241 2844 4290 et
2885 4235 2953 4290 de
2995 4234 3104 4290 tilio
3144 4238 3299 4293 Ader
3335 4233 3675 4308 prophetarit,
3711 4235 3753 4283 ei

2222 4326 2309 4395 qui
2330 4327 2544 4395 proprio
2565 4325 2714 4399 jussu
2759 4327 3085 4392 vulneratus,
3132 4328 3447 4383 Achaabum
3494 4323 3751 4392 redarguit:

2221 4428 2284 4470 ac
2312 4427 2564 4485 praeterea
2595 4430 2832 4470 seorsum
2876 4418 3023 4471 muiti
3056 4418 3441 4488 prophetarum
3483 4418 3588 4472 ΜΗ.
3610 4414 3755 4470 Ocho.

2223 4505 2331 4559 zias
2356 4505 2497 4558 illius
2534 4506 2650 4575 ejus
2677 4508 2835 4562 annis
2864 4507 3101 4569 duobus.
3139 4517 3194 4563 et
3247 4510 3376 4564 fecit
3419 4508 3553 4579 quod
3597 4504 3753 4560 malum

2221 4607 2355 4651 erat.
2377 4596 2488 4651 Sub
2513 4597 2611 4652 hoc
2629 4605 2781 4652 erant
2806 4598 2947 4653 Elias
2968 4606 3021 4654 et
3041 4598 3296 4655 Elisszeus
3330 4618 3345 4654 :
3374 4612 3492 4655 nam
3510 4600 3615 4669 ejus
3630 4595 3756 4664 quino

2223 4687 2574 4756 quagenarios
2626 4688 2744 4757 igne
2790 4690 3050 4756 perutssit
3079 4690 3225 4745 Elias
3274 4691 3329 4745 in
3380 4693 3540 4746 verba
3566 4684 3754 4743 Domini.

2225 4780 2403 4835 Jorant
2432 4780 2571 4834 [ilius
2598 4780 2809 4835 Acltaab
2836 4784 2988 4836 annis
3014 4783 3301 4838 duodecim
3336 4793 3422 4839 :et
3434 4777 3752 4837 fecitmaiuﬂb

2224 4881 2396 4940 neque
2423 4870 2559 4924 ultra
2590 4871 2725 4925 alius
2752 4887 2816 4926 ea
2847 4886 3041 4940 genere
3075 4874 3240 4940 ipsius
3274 4874 3529 4944 regnavit.
3558 4868 3655 4927 Sub
3675 4868 3756 4920 hoc

2226 4962 2371 5017 Elias
2389 4971 2693 5030 assumptus
2723 4970 2805 5015 est
2829 4979 2841 5015 :
2870 4963 3125 5017 Elissarus
3149 4976 3282 5018 vero
3312 4965 3508 5019 mansit
3544 4954 3754 5030 usquead

2224 5054 2504 5111 Jcroboam
2535 5055 2694 5108 illium
2722 5051 2843 5109 Joas
2871 5062 3048 5124 regem
3080 5055 3261 5111 lsracl.
3286 5056 3402 5112 Sub
3432 5056 3529 5110 hoc
3561 5048 3754 5109 erantn-

2227 5144 2281 5200 iii
2312 5146 2711 5216 prophetarum.
2741 5145 2875 5200 .leim
2909 5144 2976 5201 de
3000 5147 3098 5199 alia
3125 5148 3313 5215 stirpe,
3344 5147 3484 5201 ﬁlius
3524 5144 3750 5199 Ramesse.

2226 5234 2381 5294 annis
2405 5238 2496 5293 22.
2512 5238 2607 5293 llic
2626 5238 3285 5306 sustulitgenu‘sAchaabl,
3301 5247 3359 5292 et
3379 5235 3643 5308 prophetas
3654 5225 3749 5286 Ml

2228 5342 2322 5401 per
2337 5330 2555 5385 insidias
2575 5330 2787 5396 occidit,
2805 5338 3138 5400 Statuamqu‘e
3158 5329 3298 5384 illius
3318 5330 3579 5386 contrivit.
3593 5328 3751 5382 Etcum

2228 5424 2281 5478 in
2308 5424 2454 5479 hisce
2476 5421 2688 5477 fecisset
2711 5423 2850 5493 quod
2881 5432 3086 5478 rectum
3114 5430 3245 5484 erat,
3280 5421 3471 5479 habuit
3498 5414 3755 5490 promissio-

2227 5520 2372 5578 nem,
2395 5513 2534 5582 quod
2562 5514 2726 5583 ipsius
2744 5514 2834 5567 lilii
2854 5512 2921 5568 ad
2944 5520 3183 5584 Quartam
3208 5524 3384 5580 usque
3406 5509 3755 5582 generationem

2227 5603 2426 5659 sessuri
2456 5613 2636 5658 essent
2660 5617 2822 5672 super
2853 5600 3122 5659 thronum.
3151 5598 3386 5659 Jbacbaz
3413 5599 3545 5656 titius
3569 5599 3669 5668 ejus
3683 5610 3755 5650 au-

2230 5707 2330 5749 uos
2366 5692 2760 5764 septemdecim,
2790 5691 3019 5769 fecitque
3046 5693 3186 5769 quod
3204 5694 3409 5751 malum
3427 5700 3554 5749 erat.
3576 5691 3761 5750 Jmsr
