4090 6216
504 274 611 333 551

510 388 695 454 Ἱαϐὶτ,
722 386 931 459 ἡμέρας
976 384 1039 445 λ’,
1071 382 1164 437 καὶ
1209 383 1429 453 ἐποίησε
1457 384 1518 437 τὸ
1541 384 1795 455 πονηρόν.
1830 379 2069 450 Μαναὴμ

495 478 658 534 ἄλλον
685 476 893 544 γένους,
924 472 1038 535 υίὸς
1069 470 1261 543 Γαδδὴ,
1291 472 1383 543 ἔτη
1416 480 1485 536 κ’,
1515 472 1610 526 καὶ
1640 472 1860 542 ἐποίησε
1890 470 1950 522 τὸ
1976 485 2070 521 πο-

499 563 817 635 νηρ6ν.Ἑπὶ
845 561 1035 616 τούτου
1077 561 1303 624 Ἡσαΐας
1348 562 1440 615 καί
1480 560 1635 631 Ὠσηέ
1682 556 1820 631 ἦσαν
1866 575 2074 631 προφη-

498 652 765 712 τεύοντες.
791 648 962 701 Φακεέ
988 647 1148 702 άλλου
1177 648 1385 717 γένους,
1420 649 1535 712 υίὸς
1559 647 1850 720 Ῥωμελίου
1880 647 1974 719 ἔτη
2001 654 2066 701 κ’.

500 733 671 801 οὗτος
711 736 911 805 ἔσφαξε
938 736 1029 789 τὸν
1058 736 1314 799 ⁴1>ακείαν,
1342 737 1438 791 καὶ
1480 737 1699 807 ἐποίησε
1731 736 1790 790 τὸ
1818 736 2069 806 πονηρόν.

510 824 632 877 Ἐπὶ
663 823 854 877 τούτου
898 818 1038 893 ἦσαν
1083 823 1311 886 Ἡσαΐας
1353 824 1447 878 καὶ
1480 823 1636 894 Ὠσηὲ
1678 826 1725 878 οί
1778 824 2071 895 προφῆται.

511 910 669 981 Ὠσηὲ
693 910 878 982 ἐτέρου
906 908 1116 978 γένους,
1141 910 1252 973 υίὸς
1282 909 1434 970 Ἦλᾶ,
1465 909 1560 981 ἔτη
1584 909 1647 965 θ’.
1684 905 1849 974 Οὗτος
1875 910 2073 977 ἔσφαξε

497 998 590 1052 τὸν
626 997 823 1058 Φακεέ,
856 996 949 1049 καὶ
977 997 1199 1066 ἐποίησε
1227 996 1288 1050 τὸ
1322 998 1574 1068 πονηρὸν,
1608 997 1747 1069 πλὴν
1793 997 1890 1068 οὐχ
1921 999 1999 1063 ὡς
2024 1000 2074 1053 οί

499 1084 608 1154 πρὸ
633 1082 819 1137 αὑτοῦ.
850 1083 1157 1154 (Ὕστερος)
1207 1083 1365 1152 Ὠσηὲ
1395 1084 1583 1152 γέγονε
1614 1084 1865 1154 βασιλεὺς
1892 1086 2077 1155 Σαμα-

502 1171 670 1244 ρείας.
690 1172 807 1225 Ἐπ’
832 1171 997 1224 αὑτοῦ
1035 1172 1143 1241 γὰρ
1177 1171 1470 1228 πέπαυται.
1514 1174 1606 1224 καὶ
1636 1171 1882 1226 ἀπώλετο
1910 1176 1943 1245 ἡ
1971 1174 2075 1228 Σα-

503 1259 726 1329 μάρεια.
773 1256 924 1329 {56!}
969 1260 1062 1311 καὶ
1106 1257 1287 1311 λοιπὸν
1327 1258 1599 1329 Ἀσσύριοι
1645 1258 1972 1330 κατῴκησαν
2018 1262 2076 1314 ἐν

499 1346 767 1417 αύτῇ.Ἐξ
803 1340 879 1400 ὧν
918 1346 1179 1417 αίρετικοὶ
1211 1346 1545 1416 Σαμαρεῖται
1571 1346 1854 1414 γεγόνασι,
1882 1348 2077 1402 καλού-

504 1452 653 1506 μενοι
684 1435 1021 1489 Σαδουκαῖοι.
1039 1435 1127 1488 Ἐν
1168 1434 1375 1496 τούτοις
1407 1430 1500 1488 οὖν
1529 1436 1625 1488 καὶ
1663 1434 1888 1507 τελευτᾷ
1910 1438 1938 1490 ὁ
1969 1438 2077 1499 πᾶς

504 1522 705 1586 σκοπὸς
731 1521 841 1575 τῶν
868 1521 1088 1592 βιϐλίων
1108 1521 1217 1574 τῶν
1248 1520 1563 1575 Βασιλειῶν.

874 1705 1357 1774 Παραλειπόμενα
1377 1704 1622 1769 βιϐλίον
1646 1703 1715 1759 α’.

574 1859 1025 1930 Παραλειπὸμενα
1076 1857 1341 1918 καλεῖται,
1395 1856 1580 1927 ἐπειδῆ
1633 1856 1801 1911 πολλὰ
1851 1859 1910 1910 ἐν
1960 1859 2079 1923 ταῖς

503 1946 809 2009 Βασιλείαις
832 1944 1266 2017 παραλειφθέντα
1299 1944 1608 2015 περιέχεται
1638 1946 1694 1997 ἐν
1730 1945 1939 2009 τούτοις
1969 1947 2081 2009 τοῖς

504 2033 908 2105 βιϐλίοις.Ἔστι
937 2035 994 2089 δὲ
1022 2035 1080 2089 ἐν
1111 2034 1286 2105 τούτῳ
1309 2034 1387 2103 τῷ
1420 2033 1621 2104 πρώτῳ
1640 2033 1958 2102 γενεαλογία
1977 2052 2080 2088 πα-

505 2121 614 2174 σῶν
647 2120 827 2189 φυλῶν
853 2120 960 2174 ἀπὸ
996 2118 1166 2190 Ἀδὰμ
1185 2119 1290 2184 ἔως
1310 2119 1418 2173 τῶν
1447 2118 1713 2191 βασιλέων
1738 2119 1880 2175 κατὰ
1908 2121 2080 2190 φυλάς

503 2207 599 2262 καὶ
630 2207 769 2262 κατὰ
795 2207 857 2277 δή
868 2223 999 2277 μους
1043 2207 1138 2259 καὶ
1181 2207 1322 2260 κατὰ
1367 2207 1603 2277 πατριὰς
1641 2208 1733 2261 καὶ
1770 2210 1888 2262 κατ’
1913 2205 2078 2262 οἶκον.

503 2293 669 2358 Τίνας
693 2311 751 2347 τε
778 2292 933 2358 ἔταξε
970 2292 1077 2346 τῶν
1105 2292 1344 2347 Λευῖτῶν
1375 2293 1538 2348 Δαυῒδ
1568 2297 1628 2348 ἐν
1659 2295 1840 2359 αὐλοῖς
1868 2296 1960 2349 καὶ
1992 2313 2079 2350 κι-

502 2379 682 2451 νύραι,
728 2379 869 2454 ᾔδειν
896 2379 972 2450 τῷ
1003 2378 1141 2450 Θεῷ,
1170 2379 1265 2432 καὶ
1290 2379 1441 2444 τίνας
1466 2380 1651 2447 ἔταξεν
1681 2382 1740 2434 ἐν
1768 2383 1881 2445 τοῖς
1904 2380 2082 2454 ἔργοις

504 2467 597 2521 τοῦ
629 2466 779 2523 ναοῦ.
820 2466 1093 2538 Πρύτερος
1135 2465 1245 2537 γάρ
1288 2466 1450 2530 αὐτὸς
1478 2466 1569 2521 τὸν
1594 2466 1721 2519 ναὸν
1753 2466 1955 2531 κτίζειν
1981 2468 2083 2539 ἦρ-

507 2555 652 2621 ξατο.
679 2554 790 2609 Καὶ
819 2555 984 2624 ἕτερά
1012 2572 1132 2608 τινα
1154 2553 1505 2624 λεπτομερῶς
1537 2553 1800 2624 βασιλέων
1837 2555 1932 2609 καὶ
1974 2554 2083 2610 τῶν

505 2642 705 2711 γενεῶν
725 2641 1017 2712 διέρχεται.
1048 2638 1143 2704 οἷς
1171 2638 1468 2694 συνακτέον
1492 2640 1587 2693 καὶ
1613 2640 1806 2709 ταῦτα,
1830 2643 1912 2696 ὅτι
1940 2641 2086 2709 γίνεο

506 2744 595 2783 ται
621 2726 756 2797 ὁμοῦ
783 2726 891 2781 τῶν
920 2728 978 2780 ἐν
1008 2727 1360 2797 Ἰερουσαλὴμ
1386 2725 1816 2796 βασιλευσάντων
1852 2727 1960 2781 άπὸ
1987 2727 2082 2782 τοῦ

506 2812 669 2868 Δαυτδ
688 2812 755 2866 τά
783 2812 960 2867 πάντα
995 2808 1088 2883 ἔτη
1120 2811 1245 2867 υοδ’.
1267 2812 1329 2865 οι
1354 2812 1412 2866 δὲ
1442 2811 1679 2883 βασιλεῖς
1705 2812 1905 2878 πάντες
1931 2811 2086 2882 γεγύ-

506 2920 660 2958 νασιν
688 2901 745 2967 ἐξ
762 2901 881 2963 ἔνδς
900 2899 1089 2969 γένους
1112 2899 1207 2952 τοῦ
1233 2897 1415 2965 Δαυτδ,
1448 2899 1541 2953 καὶ
1561 2898 1612 2952 οἶ
1644 2900 1740 2970 μὲν
1762 2900 2085 2971 ἐποιήσαντο

504 2991 566 3044 τὸ
596 2989 771 3053 εὐθές,
812 2986 918 3043 είσὶ
963 2986 1037 3040 θ”
1083 2985 1132 3039 οῖ
1171 2985 1229 3040 δὲ
1258 2985 1320 3039 τὸ
1351 2986 1585 3058 πονηρὸν
1618 2987 1959 3057 ἐποιήσαντο,
1992 2986 2079 3057 ιβ’,

505 3077 676 3148 χωρὶς
699 3074 881 3147 μέντοι
916 3072 1186 3137 Γοθολίας.
1212 3071 1332 3126 Τῶν
1361 3072 1418 3126 δὲ
1448 3074 1505 3125 ἐν
1527 3072 1810 3143 Σαμαρείᾳ
1840 3070 2086 3142 βασιλευ·

508 3163 716 3216 σάντων
729 3161 967 3230 γίνονται
986 3158 1121 3230 ὁμοῦ
1139 3158 1209 3213 τὰ
1227 3158 1407 3214 πάντα
1426 3156 1522 3229 ἔτη
1547 3156 1658 3223 σξθ¹
1676 3160 1769 3213 καί
1790 3158 1996 3231 ἡμέραι
2016 3159 2082 3212 λ’·

506 3249 746 3320 βασιλεῖς
780 3247 877 3318 μὲν
903 3246 966 3316 ιβ’
993 3248 1058 3300 ἐκ
1083 3245 1356 3317 διαφόρων
1380 3243 1525 3300 ὀκτὼ
1550 3245 1752 3314 γενεῶν
1775 3245 2081 3315 γεγόνασινο

505 3336 556 3389 οί
586 3335 643 3388 δὲ
675 3335 873 3398 πάντες
899 3333 1221 3404 ἐποιήσαντο
1243 3331 1306 3386 τδ
1336 3333 1592 3405 πονηρὸν,
1616 3331 1758 3389 κατὰ
1782 3332 1879 3404 τὴν
1907 3334 2086 3406 ἁμαρο

504 3422 626 3476 τίαν
664 3419 967 3492 Ἱεροϐοάμ.

872 3593 1362 3662 Παραιειπόμενα
1383 3591 1628 3656 βιϐλίον
1652 3590 1716 3660 β’.

579 3753 677 3807 Ἓν
707 3753 773 3824 τῇ
799 3750 1023 3823 δευτέρᾳ
1050 3749 1216 3821 βίϐλῳ
1242 3748 1350 3803 τῶν
1381 3747 1875 3820 Παραλειπομὲνων
1902 3749 2082 3820 παρά-

506 3859 690 3911 γονται
719 3839 945 3911 πράξεις
983 3838 1262 3910 βασιλέων.
1293 3838 1413 3892 Είσὶ
1444 3838 1501 3892 δέ
1526 3838 1576 3892 οί
1603 3836 1810 3902 ταύτας
1840 3838 2084 3911 άναγράο

504 3926 703 3997 ψαντες
731 3928 779 3980 οί
814 3925 954 3980 κατὰ
984 3926 1208 3996 καιροὺς
1233 3923 1385 3987 ὄντες
1405 3924 1702 3995 προφῆται.
1720 3924 1890 3997 ’Υπὲρ
1909 3925 1966 3979 δὲ
1988 3925 2081 3980 τοῦ

503 4013 790 4081 γινώσκειν
822 4014 885 4067 ἐκ
919 4013 1116 4084 μέρους
1139 4012 1263 4076 τοὺς
1285 4011 1724 4082 συγγράψαντας,
1749 4013 2082 4083 σημειωτέον

502 4094 658 4164 οὗτος
686 4101 756 4171 (ί.
778 4099 889 4169 δτι)
928 4098 1026 4171 μὲν
1056 4096 1283 4170 πράξεις
1307 4096 1577 4166 ἔγκεινται
1604 4097 1835 4153 ἐνταῦθα
1863 4101 2081 4155 πάντων

502 4187 610 4242 τῶν
653 4188 914 4259 βασιλέων
954 4185 1168 4258 Ἰσραὴλ
1210 4186 1303 4239 καὶ
1349 4184 1546 4239 Ἰούδα*
1579 4185 1696 4255 ῆτοι
1724 4188 1780 4238 αί
1821 4186 2082 4258 παραλει-

505 4278 717 4347 φθεῖσαι
748 4277 846 4348 τῆς
874 4278 1122 4347 ίστορίας
1145 4275 1251 4329 τῶν
1288 4274 1573 4345 βασιλέων.
1602 4275 1666 4327 Οί
1696 4274 1754 4328 δέ
1795 4275 1895 4339 τὰς
1941 4276 2081 4331 ἁπά-

496 4380 605 4424 σας
628 4362 808 4415 αὐτῶν
835 4360 1058 4433 πράξεις
1082 4362 1480 4432 ἱστορήσαντες,
1501 4361 1636 4414 είσὶν
1657 4353 1802 4415 οὗτοι
1822 4377 1837 4393 ·
1862 4362 1933 4416 τὰ
1955 4364 2082 4434 περὶ

496 4447 598 4501 τοῦ
630 4447 790 4500 Δαυτδ
835 4446 1037 4516 ἔγραψε
1082 4447 1354 4518 Σαμουὴλ,
1399 4447 1493 4500 καὶ
1534 4446 1722 4500 Ναθὰν
1754 4448 1850 4502 καὶ
1891 4449 1998 4503 Γὰδ
2031 4452 2080 4504 οί

505 4534 810 4605 προφῆται·
855 4533 924 4586 τά
971 4534 1097 4605 περὶ
1139 4534 1498 4604 Σολομῶντος,
1534 4534 1723 4590 Ναθάν
1767 4537 1861 4591 καὶ
1898 4538 2082 4608 Ἀχίας

506 4621 811 4693 προφῆται·
867 4618 936 4673 τὰ
991 4619 1119 4689 περὶ
1152 4619 1468 4690 Ἱεροϐοὰμ,
1525 4620 1742 4691 Σαμέας
1792 4624 1886 4677 καὶ
1918 4623 2082 4678 Ἀδδὼ

504 4708 779 4781 προφῆται
798 4723 812 4738 °
837 4706 909 4760 τά
939 4711 1067 4779 περὶ
1093 4705 1267 4769 Ἀϐιά,
1284 4705 1447 4760 ’Δδδὼ
1466 4709 1497 4761 ὁ
1524 4710 1829 4779 προφήτης.
1850 4710 1929 4764 Τά
1953 4712 2082 4783 περὶ

516 4796 667 4858 ’Λσὰ,
691 4797 750 4849 ἐν
776 4794 856 4866 τῷ
886 4793 1075 4865 βιϐλίῳ
1095 4792 1267 4861 λόγων
1294 4793 1424 4863 περὶ
1449 4794 1558 4848 τῶν
1580 4793 1843 4865 βασιλέων
1872 4797 2042 4851 ’ἰούδα
2063 4814 2077 4828 ·

505 4883 571 4936 τά
612 4883 740 4955 περὶ
775 4880 1181 4951 Ἰωσαφάτ,’ῐοὺ
1223 4880 1252 4934 δ
1292 4882 1593 4953 προφήτης,
1623 4881 1718 4935 τοῦ
1759 4883 1989 4956 Ἀναμη,
2023 4884 2081 4950 ὃς

506 4968 819 5039 κατέγραψε
847 4968 1048 5039 βιϐλίον
1079 4967 1252 5036 λόγων
1288 4967 1398 5020 τῶν
1435 4967 1697 5037 βασιλέων
1737 4969 1968 5043 Ἰσραήλ.
2001 4971 2083 5026 Τά

505 5055 633 5125 περὶ
673 5055 847 5119 Ἰωάς,
879 5056 970 5109 ἐπὶ
996 5056 1097 5128 τὴν
1123 5055 1340 5125 γραφὴν
1370 5054 1480 5108 τῶν
1520 5055 1802 5125 βασιλέων.
1829 5057 1911 5111 Τὰ
1953 5060 2081 5129 περὶ

518 5143 763 5213 Ἀμεσία.
792 5145 883 5197 ἐπὶ
912 5142 1115 5213 βιϐλίου
1147 5144 1407 5214 βασιλέων
1432 5144 1599 5199 Ἰούδα
1627 5146 1720 5200 καὶ
1749 5146 1979 5218 Ἰσραήλ.
2000 5150 2082 5202 Τά

504 5229 635 5301 περὶ
675 5227 1076 5293 ’οζίου,’1εσίας
1116 5231 1240 5297 (sic)
1290 5232 1319 5285 ὁ
1358 5234 1663 5303 προφήτης.
1695 5233 1776 5286 Τά
1809 5234 1937 5305 περὶ
1973 5236 2080 5289 Ἰω-

505 5321 649 5387 Θὰμ,
693 5318 785 5372 ἐπὶ
827 5317 1028 5389 βιϐλίου
1077 5317 1335 5387 βασιλέων
1374 5320 1544 5374 Ἰούδα
1590 5321 1684 5375 καὶ
1721 5320 1955 5395 Ἰσραήλ.
1999 5324 2081 5378 Τά

504 5407 632 5477 περῖ
652 5403 848 5476 Ἀχαζ,
878 5404 973 5458 ἐπὶ
998 5402 1199 5475 βιϐλίον
1232 5404 1495 5474 βασιλέων
1531 5407 1698 5462 ’ἰούδα
1719 5409 1811 5462 καὶ
1839 5410 2075 5482 Ἰσραήλ.

504 5493 546 5542 1‘
554 5499 583 5545 ἀι,
606 5492 732 5562 περὶ
759 5488 1023 5555 Ἐζεκίου,
1040 5489 1266 5552 Ἡσαΐας
1285 5491 1399 5552 υίὸς
1429 5490 1484 5544 Ἀ
1495 5491 1610 5561 μὼς
1632 5495 1661 5548 δ
1681 5496 1978 5565 προφήτηςο
1998 5495 2081 5549 Τά

506 5578 632 5648 περὶ
656 5580 941 5648 Μανασσῆ,
968 5576 1060 5630 ἐπὶ
1088 5574 1260 5643 λόγων
1288 5577 1398 5628 τῶν
1419 5578 1688 5648 δρώντων.
1708 5581 1789 5634 Τά
1820 5581 1947 5652 περὶ
1975 5583 2078 5635 ἰω-

512 5668 645 5733 είου,
694 5662 785 5722 ἐπὶ
820 5666 1022 5740 βιϐλίου
1065 5662 1329 5737 βασιλέων
1372 5665 1539 5720 Ἰούδα
1580 5668 1672 5721 καὶ
1725 5670 1958 5743 Ἰσραήλ.
1998 5669 2075 5725 Τὰ

1158 268 1218 323 S.
1254 268 1540 323 JOAN‘NIS
1574 263 2054 322 (ZIIRYSOSTOMI
2096 261 2410 323 ARIIIIIIJ’.
2454 266 3001 327 CONSTANTINOP.

3638 270 3750 327 358

2178 382 2306 452 περὶ
2365 383 2639 454 Ἰωακεὶμ.
2688 386 2780 438 ἐπὶ
2852 385 3055 455 βιϐλίου
3131 382 3394 453 βασιλέων
3438 383 3605 438 Ἰούδα
3658 390 3758 441 καὶ

2192 469 2423 541 Ἰσραήλ.
2448 468 2635 524 Ταῦτα
2666 469 2808 524 ἔστιν
2835 472 3017 542 εὑρεῖν
3040 470 3183 525 οὕτω
3213 472 3520 543 τεταγμένα
3554 474 3613 527 ἐν
3642 478 3755 538 τοῖς

2184 557 2683 630 Παραλειπομένοις
2719 560 2826 613 τῶν
2859 560 3143 630 βασιλέων.

2463 712 2612 786 [562]
2656 715 2914 785 Ἔσδρας
2933 717 3179 781 ,ϐιϐλίον
3203 726 3276 772 α’.

2254 841 2488 912 Ἔσδρας
2518 843 2761 898 καλεῖται
2783 845 2845 898 τὸ
2874 845 3096 916 βιϐλίον,
3122 847 3309 918 ἐπειδὴ
3342 846 3504 913 αὐτὸς
3518 847 3759 921 Ἔσδρας

2182 928 2358 999 ἱερεὺς
2394 929 2470 983 ὢν
2501 931 2593 984 καὶ
2620 932 2988 1005 άναγνὼστης,
3018 935 3289 1005 ἐξηγεῖται
3318 935 3414 989 καὶ
3452 937 3759 1007 συγγράφει

2179 1014 2276 1084 τὴν
2318 1015 2573 1071 ἐπάνοδον
2603 1017 2712 1071 τῶν
2748 1019 2877 1074 υίῶν
2921 1021 3136 1092 Ἰσραὴλ
3165 1023 3230 1075 ἐκ
3263 1022 3521 1093 Περσίδος
3553 1025 3635 1086 είς
3659 1024 3762 1094 τὴν

2191 1101 2544 1176 Ἰερουσαλὴμ
2567 1105 2886 1178 γενομένην.
2918 1107 3113 1177 Γέγονε
3141 1108 3199 1162 δέ
3227 1111 3261 1180 ἠ
3285 1109 3542 1172 ἐπάνοδος
3562 1111 3760 1182 προτέ-

2184 1203 2291 1257 ρως
2326 1188 2423 1259 μὲν
2452 1192 2517 1245 ἐκ
2556 1191 2649 1244 τοῦ
2695 1194 3137 1263 προστάγματος,
3168 1194 3357 1248 ἔπειτα
3388 1195 3444 1248 δὲ
3469 1196 3759 1250 κελεύσαν-

2178 1290 2271 1337 τος
2310 1274 2492 1345 Κύρου
2520 1279 2614 1331 καὶ
2638 1279 2862 1348 Δαρείου
2894 1279 3003 1333 τῶν
3036 1280 3296 1351 βασιλέων
3324 1284 3382 1335 ἐν
3406 1285 3551 1353 χειρὶ
3583 1282 3759 1353 Ἰησοῦ

2179 1361 2274 1414 τοῦ
2309 1363 2568 1429 Ἰωσεδὲκ,
2605 1367 2699 1420 καὶ
2729 1368 2933 1438 Ἔσδρα
2980 1371 3072 1423 καὶ
3114 1370 3437 1443 Ζοροϐάϐελ,
3471 1373 3522 1425 οἶ
3561 1373 3759 1443 ἠρισαν

2181 1448 2549 1520 προϐλήμασι.
2584 1453 2832 1525 τεθείσης
2878 1457 3227 1526 ἐπαγγελίας,
3276 1458 3498 1527 αἰτῆσαι
3550 1459 3640 1512 τὸν
3685 1477 3762 1512 νι-

2181 1535 2363 1590 κῶντα
2385 1537 2521 1610 ὅπερ
2544 1539 2640 1593 ἐὰν
2664 1542 2865 1615 θελήσῃ
2888 1545 3039 1616 παρὰ
3064 1547 3156 1600 τοῦ
3179 1547 3442 1618 βασιλέως
3456 1560 3505 1604 ι.
3524 1548 3632 1602 Τοῦ
3647 1549 3761 1601 τοί-

2182 1641 2276 1679 νυν
2318 1627 2437 1692 ἐνὸς
2482 1630 2724 1694 εἰπόντος
2754 1635 2908 1703 νικᾷν
2944 1634 3036 1688 τὸν
3079 1630 3253 1699 οἶνον,
3286 1639 3381 1690 καὶ
3428 1637 3522 1691 τοῦ
3572 1638 3761 1707 ἐτέρου

2182 1713 2424 1777 εἰπόντος
2457 1719 2613 1789 νικᾷν
2644 1719 2733 1772 τὸν
2769 1719 3011 1790 βασιλέα.
3043 1725 3071 1777 ὁ
3099 1723 3400 1795 Ζοροϐάϐελ
3424 1719 3574 1779 εἶπεν
3602 1727 3762 1797 νικᾷν

2182 1800 2283 1866 τάς
2328 1806 2613 1871 γυναῖκας,
2664 1806 2805 1879 ὑπὲρ
2848 1807 2906 1863 δὲ
2956 1812 3131 1865 πάντα
3181 1812 3279 1883 τὴν
3326 1813 3604 1883 ἀλήθειαν.
3649 1815 3763 1868 Καὶ

2184 1891 2370 1964 ἐπειδὴ
2416 1893 2587 1948 ταῦτα
2629 1897 2865 1968 εἰρηκὼς
2894 1900 3164 1972 νενίκηκε,
3192 1902 3286 1956 καὶ
3310 1904 3504 1974 ἤκουσε
3536 1904 3763 1974 αἰτῆσαν

2186 1978 2310 2033 σθαι
2342 1980 2371 2033 ὃ
2403 1980 2670 2052 βούλεται,
2697 1984 2896 2054 ἠξίωσε
2926 1986 3089 2053 αὐτὸς
3119 1988 3384 2061 ἀφεθῆναι
3416 1989 3518 2062 τὴν
3560 1993 3758 2062 αίχμα-

2184 2065 2401 2131 λωσίαν,
2433 2068 2527 2122 καλ⁵
2557 2069 2969 2144 οἰκοδομηθῆναι
2997 2073 3097 2144 τὴν
3135 2074 3506 2147 Ἰερουσαλήμ.
3535 2077 3645 2130 Καὶ
3666 2077 3766 2147 ’τέο

2184 2168 2340 2221 γονεν
2359 2154 2434 2216 ὠς
2461 2152 2679 2225 ἠξίωσε,
2702 2158 2794 2211 καὶ
2824 2159 3020 2231 ἀφείθη
3055 2163 3088 2231 ἡ
3115 2162 3475 2232 αἱχμαλωσία.
3498 2162 3630 2216 Τότε
3654 2163 3767 2236 γάρ

2186 2238 2475 2312 ἐπληρώθη
2516 2244 2612 2295 καὶ
2659 2244 2728 2298 τά
2766 2245 2808 2298 0'
2839 2244 2934 2316 ἔτη
2954 2246 2980 2286 ι»
3007 2247 3106 2317 τῆς
3132 2249 3321 2319 ὀργῆς.
3356 2250 3479 2303 Εἰσὶ
3501 2250 3682 2305 τοίνυν
3712 2253 3764 2305 οἱ

2187 2329 2481 2394 ἀναϐάντες
2503 2332 2609 2385 άπὸ
2629 2331 2730 2402 τῆς
2750 2334 3121 2405 αίχμαλωσίας
3138 2337 3245 2391 ἀπὺ
3284 2337 3455 2392 Ἰούδα
3484 2338 3578 2392 καὶ
3605 2339 3764 2393 Βενιο

2187 2416 2351 2487 αμὶν,
2400 2418 2493 2471 καὶ
2529 2419 2581 2472 οί
2629 2419 2869 2484 Λευῖται,
2898 2421 2990 2476 τὸν
3032 2423 3264 2495 ἀριθμὸν
3299 2425 3560 2497 μυριάδες
3594 2426 3635 2480 δ’
3663 2427 3762 2483 καὶ

2185 2503 2452 2575 δισχίλιοι,
2484 2505 2639 2560 ἵπποι
2665 2507 2761 2571 τλθ,
2793 2508 3007 2579 ἡμίονοι
3033 2508 3168 2581 σμέ,
3202 2510 3437 2583 κάμηλοι
3469 2512 3599 2578 υλε’,
3634 2517 3766 2569 παῖ-

2187 2592 2275 2656 δες
2290 2593 2467 2647 αὐτῶν
2480 2594 2575 2648 καὶ
2591 2595 2873 2650 παιδίσκαι
2892 2598 3064 2664 ,ξτλδ,
3082 2602 3130 2654 οἱ
3151 2600 3366 2673 ᾅδοντες
3381 2607 3447 2667 0',
3462 2602 3573 2656 δνοι
3593 2603 3763 2672 ,ςψκᾏ

2188 2683 2281 2735 καὶ
2307 2683 2356 2735 οί
2388 2682 2486 2752 μὲν
2509 2683 2914 2755 οἰκοδομοῦντες
2933 2682 3071 2759 ἦσαν
3087 2689 3409 2762 Ζοροϐάϐελ,
3433 2692 3528 2747 καὶ
3557 2693 3765 2762 Ἰησοῦς

2187 2771 2217 2823 δ
2249 2768 2339 2823 τοῦ
2372 2771 2634 2833 Ἰωσεδὲκ,
2672 2772 2768 2828 καὶ
2799 2774 3058 2846 Νεεμίας.
3089 2776 3148 2830 ’0
3189 2776 3248 2829 δὲ
3280 2778 3514 2848 Ἔσδρας
3557 2780 3765 2850 εὐφυὴς

2188 2856 2247 2910 ἐν
2271 2855 2350 2927 τῷ
2375 2856 2543 2927 νόμῳ,
2579 2859 2738 2923 αὐτὸς
2770 2862 3135 2933 προσεκόμισε
3183 2862 3273 2917 τὸν
3315 2864 3498 2936 νόμον,
3529 2866 3624 2919 καὶ
3666 2869 3764 2921 ἁν-

2189 2943 2349 3014 ἐγνω.
2373 2946 2467 2999 καὶ
2490 2946 2786 3001 διετύπωσε
2812 2949 2991 3003 πάντα
3011 2948 3080 3003 τὰ
3105 2950 3248 3005 κατὰ
3275 2951 3336 3005 τὸ
3363 2952 3506 3023 ίερὺν
3529 2954 3621 3007 καὶ
3637 2955 3764 3019 τοὺς

2188 3031 2438 3096 Λευίτας.
2475 3032 2644 3098 Αύτδς
2674 3034 2841 3101 ἔδειξε
2883 3034 2974 3089 τὸν
3022 3036 3206 3106 νόμον,
3255 3039 3350 3092 καὶ
3384 3040 3650 3109 πεποίηκε
3678 3042 3767 3094 ἐκ-

2190 3118 2448 3190 ϐληθῆναι
2489 3120 2588 3183 τὰς
2628 3119 2933 3190 άλλογενεῖς
2959 3124 3218 3191 γυναῖκας
3253 3125 3379 3188 τοὺς
3414 3124 3674 3191 λαϐόντας
3704 3132 3766 3183 ἐν

2189 3204 2367 3277 καιρῷ
2412 3206 2512 3277 τῆς
2553 3207 2941 3278 αἰχμαλωσίας.
2973 3210 3082 3263 Καὶ
3124 3210 3373 3276 ἐξέϐαλον
3414 3212 3633 3281 πάντες,
3670 3218 3765 3270 καὶ

2187 3292 2645 3365 ἐκαθαρίσθησαν,
2677 3296 2772 3350 καὶ
2809 3296 3028 3367 ἐποίησε
3072 3296 3133 3350 τὸ
3183 3299 3366 3370 πάσχα
3394 3302 3658 3373 νομίμως,
3687 3303 3767 3367 ὡς

2187 3379 2519 3452 γέγραπται,
2551 3383 2644 3437 καὶ
2666 3382 2763 3455 τὴν
2796 3383 3067 3455 νηστείαν,
3090 3386 3183 3440 καὶ
3213 3384 3356 3440 οὕτω
3384 3387 3680 3445 τελειοῦται
3702 3391 3766 3444 τὸ

2190 3466 2403 3537 πρῶτον
2442 3466 2644 3539 βιϐλίον
2670 3462 2891 3542 Ἕσδρα.

2658 3643 2924 3713 Ἔσδρας
2947 3646 3191 3709 ,βιϐλίον
3221 3645 3287 3719 β’.

2268 3776 2356 3829 Ἐν
2386 3774 2558 3847 τούτῳ
2604 3773 2680 3847 τῷ
2728 3775 2916 3848 βιϐλίῳ
2938 3776 3007 3831 τά
3037 3777 3176 3832 αὐτὰ
3208 3778 3307 3850 μὲν
3338 3780 3418 3852 τῷ
3449 3782 3654 3855 πρώτῳ
3678 3783 3765 3838 λε-

2186 3881 2272 3934 γει
2294 3866 2324 3918 ὀ
2349 3864 2582 3935 Ἔσδρας
2614 3865 2738 3937 περὶ
2769 3864 2869 3935 τῆς
2900 3865 3177 3929 ἐπανόδου,
3203 3868 3374 3937 χωρὶς
3399 3868 3507 3923 τῶν
3529 3871 3768 3943 προϐλη-

2187 3952 2403 4006 θέντων.
2436 3952 2544 4006 Καὶ
2573 3952 2639 4005 τά
2669 3951 2837 4006 πλείω
2862 3952 2921 4004 δὲ
2949 3952 3222 4022 ἐξηγεῖται
3247 3956 3376 4026 περὶ
3399 3955 3637 4026 Νεεμίου
3666 3960 3764 4014 τοῦ

2186 4039 2441 4110 εὐνούχου
2461 4057 2473 4069 ·
2505 4038 2585 4093 ὅτι
2616 4039 2776 4103 αὐτὸς
2801 4038 3000 4108 ἠξίωσε
3041 4040 3169 4112 περὶ
3210 4040 3314 4111 τῆς
3352 4043 3640 4117 οίκοδομῆς
3668 4048 3759 4102 τοῦ

2188 4127 2333 4199 ἱεροῦ
2356 4146 2369 4160 ο
2410 4127 2506 4180 καὶ
2542 4127 2624 4180 ὅτι
2664 4126 2762 4197 μὲν
2795 4127 3028 4197 Ἔσδρας
3062 4129 3425 4197 ἀνεγίνωσκε,
3463 4133 3671 4203 Ἰησοῦς
3704 4136 3763 4191 δὲ

2187 4215 2280 4269 καὶ
2308 4215 2509 4278 Βανέας
2533 4214 2628 4268 καὶ
2655 4213 2928 4285 Σαραϐίας
2955 4209 3094 4285 ἦσαν
3120 4216 3487 4283 συνετίζοντες
3501 4220 3594 4274 τὸν
3611 4221 3761 4278 λαόν.

2186 4304 2296 4357 Καὶ
2331 4305 2360 4357 ὁ
2401 4304 2497 4374 μὲν
2530 4303 2764 4373 Ἔσδρας
2798 4303 3184 4382 ἀναγινώσκων
3218 4306 3507 4363 διέστειλεν
3542 4313 3602 4365 ἐν
3637 4313 3762 4365 ἐπι-

2188 4393 2366 4462 στήμῃ
2402 4389 2634 4460 Κυρίου·
2681 4391 2710 4443 ὁ
2745 4390 2803 4444 δὲ
2848 4390 2976 4455 λαὸς
3006 4392 3205 4462 συνῆκε
3237 4395 3296 4447 ἐν
3324 4398 3390 4467 τῇ
3433 4397 3759 4466 ἀναγνώσει.

2186 4476 2277 4531 καὶ
2295 4477 2514 4548 ἐποίησε
2539 4476 2599 4531 τὺ
2620 4476 2824 4547 πάσχα,
2850 4478 2943 4531 καὶ
2969 4481 3026 4532 ἐν
3045 4480 3123 4550 τῷ
3150 4478 3360 4552 ἑϐδόμῳ
3386 4483 3517 4554 μηνὶ
3537 4486 3761 4559 ἐποίησε

2184 4564 2282 4642 τῂν
2311 4562 2562 4635 νηστείαν
2593 4566 2687 4619 καὶ
2717 4563 2817 4634 τὴν
2857 4566 3248 4637 σκηνοπηγίαν,
3277 4567 3353 4632 ὡς
3396 4569 3712 4642 γέγραπται
3741 4592 3757 4606 ·

2189 4637 2339 4714 Ὅτι,
2370 4652 2553 4722 φησὶν,
2573 4652 2683 4704 οὐκ
2707 4650 3005 4718 ἐποίησαν
3026 4653 3212 4720 οὕτως
3232 4653 3353 4709 ἀπὸ
3377 4637 3763 4729 τῶν-’ἡμερῶν

2198 4736 2392 4806 Ἰησοῦ
2421 4736 2529 4790 τοῦ
2548 4735 2740 4805 Ναυῆ.
2776 4736 3009 4809 Ἔσδρας
3040 4738 3097 4792 δέ
3124 4740 3385 4813 ἑωρακὼς
3409 4744 3761 4815 ἐπιμιγείσας

2186 4828 2448 4895 γυναῖκας
2500 4822 2785 4888 Ἀζωτίους
2826 4825 2939 4887 τοῖς
2983 4823 3284 4897 Ἑϐραίοις,
3328 4827 3511 4884 ἔπεισε
3551 4833 3762 4899 πάντας

2187 4910 2615 4980 ἐπαγγείλασθαι
2658 4910 2941 4980 φυλάττειν
2970 4912 3061 4966 τὸν
3103 4911 3265 4985 νόμον
3306 4916 3401 4970 τοῦ
3443 4917 3602 4976 Θεοῦ.
3649 4923 3760 4975 Καὶ

2187 5001 2408 5067 ἐξέϐαλε
2456 5001 2555 5065 τὰς
2598 5003 2882 5069 γυναῖκας,
2937 4999 3012 5064 ὡς
3059 5003 3376 5075 παράνομον
3422 5007 3618 5077 γάμον,
3665 5011 3762 5064 καὶ

2186 5088 2403 5161 ὤμοσαν
2435 5087 2666 5158 φυλάξαι
2710 5088 2799 5141 τὸν
2840 5087 3022 5158 νόμον.
3059 5090 3167 5143 Καὶ
3198 5091 3369 5157 οὕτως
3399 5095 3759 5162 άγιασθέντες

2187 5177 2279 5231 καὶ
2309 5175 2459 5248 [5651
2506 5174 2931 5246 καθαρισθέντες
2967 5177 3363 5249 εὐφράνθησαν,
3418 5182 3511 5235 καὶ
3547 5184 3759 5256 ἀπῆλθε

2186 5266 2412 5328 ἕκαστος
2437 5265 2517 5327 είς
2545 5264 2636 5317 τδν
2663 5259 2813 5317 οἷκον
2839 5262 3024 5318 αὐτοῦ.
3061 5265 3371 5337 Ἱστορεῖται
3399 5267 3457 5323 δὲ
3487 5271 3759 5327 καὶτοῦτο

2188 5350 2434 5422 περὶτοῦ
2474 5349 2711 5422 Ἔσδρα,
2762 5351 2843 5405 ὅτι
2884 5350 3269 5423 ἀπολλυμένων
3304 5354 3415 5408 τῶν
3454 5355 3675 5427 βιϐλίων
3701 5360 3761 5426 ἐξ

2186 5438 2445 5508 ἀμελείας
2470 5436 2565 5492 τοῦ
2591 5437 2719 5492 λαοῦ
2750 5437 2837 5492 διὰ
2858 5436 2952 5508 τὴν
2976 5439 3330 5510 πολυχρόνιον
3352 5444 3758 5514 αἰχμαλωσίαν,

2248 5618 2273 5645 ³
2297 5614 2408 5678 [Igne
2434 5614 2679 5678 laqtillum
2703 5617 2885 5666 variant
2909 5616 2957 5663 in
2982 5615 3387 5678 Synopxi-allen.

2247 5678 2276 5718 δ
2302 5676 2471 5726 Altera
2495 5676 2731 5742 Synopsis
2754 5678 2977 5733 ἐξήκοντα
3002 5677 3081 5734 ἔτη
3105 5676 3271 5728 liabet.
3297 5679 3437 5729 male.
