3962 6190
246 291 333 346 557
1308 306 1631 364 SYNOPSIS
1667 308 2075 368 SCRIPTUM!)
2115 317 2382 380 SACRzE.

232 421 324 473 teut
371 417 700 486 expugnavit,
733 431 917 472 aurutn
948 427 1002 474 et
1042 434 1164 474 vasa
1211 419 1448 475 abstulit.
1499 422 1783 480 .leroboatn

233 507 356 562 tinus
382 523 490 576 ejus
514 507 668 562 annis
687 508 777 574 ιι,
826 508 1055 580 fecitque
1085 511 1302 565 malum.
1336 512 1622 568 Zacharias
1649 515 1787 570 lilius

230 613 333 666 ejus
359 598 618 652 mensibus
653 615 745 653 sex
767 644 781 666 ,
827 598 1053 670 fecitque
1079 602 1296 656 malum.
1329 602 1594 657 llactcnns
1618 620 1785 673 genus

229 688 346 746 Jcltn
368 705 524 759 usque
544 690 610 744 ad
632 699 876 759 quartam
900 694 1299 762 generationem
1331 694 1560 753 duravit.
1584 695 1782 751 Sellum

227 797 283 838 ex
307 783 398 836 alia
425 780 761 852 stirpe,ﬁlius
777 783 1108 855 Jahi<,regna
1120 785 1194 840 vit
1222 786 1337 841 dies
1368 787 1600 857 triginta,
1623 796 1677 842 et
1699 787 1781 842 fe-

223 872 286 930 cit
306 872 437 944 quod
466 873 666 927 malum
702 883 836 928 erat.
883 874 1123 930 Manaem
1153 893 1220 933 ex
1244 877 1350 932 alio
1376 892 1604 947 genere,
1645 879 1784 934 ﬁlius

222 959 402 1031 ὕδωρ,
427 979 597 1019 annos
639 965 842 1036 viginti,
875 976 927 1019 et
954 965 1078 1021 fecit
1101 967 1244 1037 quod
1272 969 1469 1023 malum
1500 978 1634 1024 erat.
1669 971 1781 1024 Ilu-

221 1058 290 1113 ius
316 1066 545 1124 tempore
576 1057 960 1127 prophetarum
1008 1058 1170 1114 Isaias
1207 1069 1261 1114 et
1287 1060 1443 1116 Osee.
1484 1061 1688 1117 Phaeee
1714 1063 1782 1118 de

228 1147 306 1202 ilia
333 1146 516 1217 stirpe,
548 1147 686 1204 filius
708 1148 986 1213 Romelize,
1017 1165 1187 1205 annos
1228 1151 1434 1221 viginti.
1469 1153 1563 1208 llic
1588 1154 1783 1209 occidit

215 1235 498 1301 I‘halteiani,
531 1247 586 1293 et
623 1238 750 1294 fecit
791 1239 1012 1294 malum.
1045 1241 1155 1296 Sub
1203 1241 1304 1297 hoc
1345 1253 1498 1297 erant
1525 1243 1686 1300 Isaias
1727 1254 1782 1300 et

213 1327 333 1382 Osee
357 1327 646 1398 prophetae.
679 1328 818 1384 Osee
846 1344 912 1384 ex
933 1329 1034 1383 alia
1088 1331 1274 1401 stirpe,
1315 1333 1451 1386 titius
1495 1332 1640 1397 Elas,
1684 1348 1781 1388 an—

212 1435 298 1472 nos
321 1435 524 1474 novem.
547 1419 642 1474 I-lic
655 1420 850 1476 occidit
878 1437 1055 1492 regem
1077 1421 1307 1487 Phacee,
1331 1433 1385 1478 et
1405 1423 1529 1479 fecit
1556 1425 1775 1480 malum:

209 1526 372 1565 verum
417 1526 527 1566 non
556 1513 694 1566 sicut
720 1511 1034 1569 decessores
1072 1514 1209 1583 ejus.
1251 1514 1389 1570 Osee
1420 1517 1636 1571 ultimus
1679 1516 1780 1574 fuit

208 1619 286 1659 rex
313 1602 585 1659 Samariae.
615 1604 670 1659 In
701 1605 845 1659 illum
875 1607 1017 1660 enim
1050 1606 1326 1663 desierunt
1355 1624 1528 1678 reges.
1558 1619 1610 1665 et
1652 1625 1775 1681 per-

207 1700 255 1752 iit
288 1698 542 1764 Samaria,
570 1713 726 1768 quam
761 1698 1015 1768 deinceps
1041 1699 1404 1756 inhabitarunt
1433 1702 1654 1773 Assyrii.
1695 1701 1776 1758 Ex

203 1792 372 1862 quibus
398 1793 502 1846 orti
536 1801 660 1847 sunt
689 1791 928 1846 luerctiei
981 1791 1282 1852 Samarita‘.
1307 1794 1395 1863 qui
1427 1802 1484 1850 et
1533 1793 1772 1852 Saduczei

203 1895 451 1940 vocantur.
469 1883 529 1939 In
548 1884 661 1939 hsce
677 1884 874 1940 desinit
896 1893 1036 1940 totus
1055 1898 1249 1954 scapus
1265 1884 1521 1941 librorum
1538 1885 1761 1958 Regum.

486 2034 913 2083 eanmrousnx,
946 2034 1098 2073 LIBER
1149 2035 1334 2076 entuus
1361 2021 1460 2091 (a).

270 2152 650 2222 Paralipomena
676 2161 953 2217 vocantur,
980 2152 1104 2222 quia
1128 2153 1289 2208 multa
1313 2154 1363 2207 in
1393 2153 1544 2208 libris
1561 2154 1772 2226 Regno-

209 2259 310 2297 rum
355 2243 714 2313 praetermissa
747 2245 798 2298 in
830 2243 979 2299 hisce
1025 2243 1177 2300 libris
1205 2245 1573 2301 continentur.
1606 2247 1771 2303 Habe-

197 2344 272 2387 tnr
294 2342 459 2389 autem
488 2335 544 2388 in
562 2335 735 2404 primo
759 2334 859 2389 hoc
887 2334 1028 2390 libro
1054 2334 1290 2389 omnium
1315 2335 1545 2391 tribuum
1574 2351 1770 2405 genea-

193 2425 312 2494 logia
350 2425 415 2481 ab
456 2425 632 2480 Adam
666 2441 832 2496 usque
857 2425 924 2480 ad
955 2441 1110 2497 reges
1155 2426 1450 2482 secundum
1500 2429 1669 2484 tribus
1712 2439 1768 2486 et

190 2519 394 2587 populos
417 2528 474 2574 et
515 2519 741 2574 familias
790 2529 844 2575 et
873 2518 1084 2575 domos.
1107 2518 1252 2588 Quos
1280 2535 1347 2575 ex
1376 2519 1576 2576 Levitis
1615 2521 1766 2575 insti-

189 2612 332 2666 tuerit
364 2611 536 2666 David
563 2611 630 2666 ad
656 2610 954 2666 canendum
985 2612 1116 2677 Deo,
1142 2619 1199 2667 et
1221 2626 1356 2682 quos
1383 2611 1669 2667 instituerit
1697 2610 1764 2666 ad

185 2705 344 2774 templi
374 2720 570 2774 opera.
602 2704 720 2774 Ipse
749 2719 978 2773 namque
999 2702 1148 2774 prior
1160 2702 1422 2774 templum
1435 2703 1657 2782 fundare
1684 2704 1765 2759 in-

180 2796 322 2864 cepit.
351 2797 466 2851 Alia
503 2811 721 2867 quoque
749 2796 1050 2850 minutatim
1078 2795 1147 2850 de
1191 2796 1410 2867 regibus
1437 2804 1493 2851 et
1532 2811 1759 2868 genera-

180 2888 390 2942 tionibus
411 2887 692 2942 edisserit.
727 2887 930 2952 Quihus
956 2886 1057 2941 hoc
1080 2885 1504 2957 subjungendum
1525 2895 1629 2954 est,
1660 2902 1760 2942 an-

177 2994 265 3033 nos
305 2993 498 3034 omnes
549 2991 738 3034 eorum
784 2979 876 3049 qui
927 2980 980 3034 itt
1038 2978 1336 3034 Jerusalem
1389 2990 1678 3051 regnarunt
1726 2994 1761 3037 ο

183 3070 384 3138 Davide,
409 3083 544 3127 esse
569 3070 996 3142 quadringentos
1024 3072 1356 3142 septuaginta
1385 3083 1630 3144 quatuor.
1647 3073 1757 3130 Re-

172 3180 254 3233 ges
275 3171 450 3222 autem
480 3177 680 3221 omnes
721 3165 931 3219 fuerunt
973 3179 1036 3218 ex
1067 3179 1169 3219 una
1199 3165 1366 3235 stirpe
1408 3165 1622 3221 Davidis
1653 3185 1668 3221 :
1702 3175 1758 3222 et

169 3254 409 3328 quiquod
442 3269 658 3314 rectum
691 3266 810 3312 erat
838 3256 1078 3313 fecerunt
1104 3273 1296 3312 novem
1326 3267 1486 3312 sunt:
1510 3258 1597 3329 qni
1627 3273 1754 3314 vero

170 3345 373 3412 mlum.
404 3347 722 3413 duodecim,
757 3357 981 3418 excepta
1010 3348 1280 3404 Gotholia.
1312 3349 1508 3404 Eurum
1549 3360 1749 3417 autent,

168 3439 310 3506 quiin
340 3441 596 3497 Samaria
640 3449 962 3512 regnarunt,
989 3456 1180 3497 omnes
1218 3443 1342 3496 anni
1387 3451 1511 3497 sunt
1537 3443 1752 3499 ducenti

166 3531 421 3600 sexaginta
470 3547 670 3586 novem
700 3541 755 3586 et
785 3532 996 3602 triginta
1025 3531 1181 3587 dies:
1229 3532 1616 3604 duodecimque
1669 3552 1752 3592 re-

161 3634 246 3685 ges
271 3637 333 3674 ex
357 3633 488 3678 octo
520 3622 746 3677 diversis
767 3622 1022 3692 stirpibus
1061 3623 1272 3678 fuerunt
1303 3641 1319 3690 ;
1361 3642 1548 3682 omnes
1573 3636 1748 3684 autem

162 3709 391 3767 fecerunt
429 3713 664 3779 malum,
703 3713 996 3769 secundum
1043 3723 1315 3784 peccatum
1350 3716 1675 3774 Jeroboami.

453 3865 896 3917 PARALIPOIIENA,
951 3865 1106 3905 LIBER
1143 3865 1424 3907 εεευδυυε.

218 3983 272 4038 In
299 3984 555 4040 secundo
580 3985 718 4039 libro
749 3985 1192 4056 Paralipomenon
1221 3999 1568 4043 recensentur
1599 4000 1745 4059 gusta

155 4091 347 4145 regum.
394 4079 507 4146 Qui
565 4087 745 4133 autem
813 4079 900 4133 illa
969 4079 1407 4149 descripserunt,
1477 4083 1748 4151 propheta:

154 4168 220 4222 illi
246 4167 468 4226 luerunt
496 4170 588 4238 qui
631 4169 857 4225 diversis
887 4168 1036 4226 fuere
1065 4171 1414 4240 temporibus.
1459 4172 1526 4226 Ut
1570 4184 1746 4229 antem

154 4259 449 4329 singulatim
482 4260 690 4315 sciatur
709 4261 923 4330 quinam
953 4261 1067 4317 haec
1095 4263 1428 4332 scripserint,
1450 4264 1743 4319 observan-

150 4349 266 4404 dum
296 4361 384 4406 est
429 4351 526 4405 hic
560 4360 709 4421 gesta
760 4351 942 4406 haberi
993 4353 1230 4408 omnium
1278 4369 1460 4424 regum
1493 4353 1646 4409 Israel
1693 4364 1748 4410 et

149 4440 270 4495 Iuda
295 4460 310 4507 ;
343 4459 409 4497 ea
431 4443 643 4499 scilicet
662 4458 781 4513 qua:
802 4447 1158 4512 praetermissa
1186 4455 1310 4500 sunt
1331 4446 1380 4500 iu
1412 4446 1630 4500 historia
1661 4465 1745 4502 re-

148 4550 279 4595 gum.
313 4536 422 4605 Qui
468 4551 633 4605 porro
677 4536 856 4590 omnia
898 4536 1134 4605 ipsorum
1170 4546 1317 4608 gesta
1347 4537 1746 4608 descripserunt

152 4625 194 4675 hi
221 4635 350 4678 sunt
381 4644 395 4680 :
431 4625 653 4680 Davidis
685 4633 833 4696 gesta
875 4625 1204 4695 scripserunt
1251 4628 1505 4693 Samuel,
1538 4629 1741 4686 Nathan

147 4725 190 4766 et
217 4715 330 4771 Gad
354 4715 646 4788 prOpbetze
674 4733 688 4770 :
721 4703 1044 4781 Salomonis,
1073 4717 1274 4772 Nathau
1301 4729 1354 4773 et
1401 4720 1594 4775 Achias
1617 4737 1741 4790 pro-

148 4805 313 4869 pheta:
345 4826 361 4861 :
389 4808 728 4873 Jeroboatni,
754 4807 975 4863 Semeas
995 4817 1046 4862 et
1063 4809 1214 4862 Addo
1236 4810 1506 4879 propltetm
1529 4826 1542 4864 :
1571 4813 1739 4880 Abite,

150 4897 292 4952 Addo
340 4898 636 4968 prOphela.
681 4902 800 4952 Asa:
826 4909 973 4970 gesta
1006 4899 1267 4954 habentur
1297 4902 1346 4954 in
1377 4893 1512 4955 libro
1539 4919 1742 4959 sermo-

149 5005 262 5044 num
310 4990 383 5045 de
432 4990 653 5062 regibus
691 4989 829 5044 Jutla
865 5008 877 5044 :
923 4989 1193 5059 .Iosaphati
1228 5032 1242 5054 ,
1292 4989 1427 5046 Jehu
1452 4996 1732 5068 propheta,

148 5083 275 5134 titius
321 5083 574 5146 Aname,
623 5083 715 5152 qui
743 5082 956 5149 scripsit
993 5081 1182 5136 librum
1211 5097 1515 5137 sermonum
1560 5100 1738 5152 regum

145 5169 314 5227 Israel.
347 5172 494 5241 Quae
539 5172 669 5227 Joas
712 5172 913 5242 gessit,
945 5171 1110 5226 relata
1157 5180 1284 5226 sunt
1329 5171 1380 5226 in
1423 5173 1740 5242 scripturam

146 5263 486 5333 Regnorum.
517 5263 645 5331 Qua:
689 5264 954 5329 Antasias,
1002 5263 1053 5317 in
1085 5263 1275 5317 librum
1310 5278 1491 5332 regum
1526 5262 1656 5318 Juda
1686 5273 1742 5319 et

144 5355 318 5412 ismel.
354 5359 500 5424 Qua:
518 5356 692 5413 Ozias.
709 5356 923 5426 scripsit
951 5355 1112 5411 Isaias
1138 5355 1417 5426 propheta.
1463 5357 1591 5425 Quze
1617 5356 1740 5412 Joa-

144 5449 307 5508 tham.
343 5450 400 5502 in
434 5448 574 5501 libro
600 5463 783 5516 regunt
814 5446 948 5502 .Iuda
985 5456 1037 5502 ct
1067 5447 1246 5502 Israel.
1276 5447 1405 5516 Qua:
1443 5447 1644 5516 Aehaz,
1686 5449 1737 5504 in

196 5624 269 5676 (at
296 5634 421 5680 «μιν
477 5628 764 5684 sequuntur.
789 5621 850 5668 de
894 5617 1022 5684 libro
1064 5621 1216 5682 primo
1255 5618 1644 5684 Paralipomenon
1669 5622 1736 5670 di-

141 5693 227 5740 m,
250 5685 365 5732 fere
393 5682 639 5731 hatmiitur
678 5686 722 5730 in
764 5684 955 5744 synopsi
997 5682 1073 5731 illa
1095 5721 1107 5740 ,
1133 5694 1242 5744 qua:
1267 5682 1510 5732 Athanasii
1543 5685 1735 5734 nomine

139 5762 254 5809 tam
271 5754 414 5807 aret,
441 5745 538 5795 sed
553 5745 752 5796 Nevius
769 5746 1026 5795 recensita.

3382 343 3483 397 358

1901 426 2034 483 libro
2061 446 2242 502 regum
2264 435 2397 492 Inda
2416 448 2467 493 et
2492 438 2671 498 Israel.
2701 444 2832 512 Quae
2854 447 3125 515 Ezechias,
3163 452 3328 511 Isaias
3345 456 3481 513 Illius

1894 521 2057 575 Amos
2085 527 2361 595 propheta.
2393 530 2522 596 Qua:
2566 534 2834 592 Manasses
2855 581 2870 603 ,
2922 539 2971 593 in
3003 540 3138 596 libso
3165 545 3479 605 viilentitun.

1891 614 2020 680 Qua:
2048 617 2308 684 .losias,in
2338 623 2473 678 libro
2507 642 2689 697 regum
2715 629 2851 685 Juda
2878 642 2931 686 et
2957 632 3141 690 Israel.
3173 639 3303 702 Qtia:
3349 640 3474 693 .Ina-

1892 704 2054 771 chim,
2090 707 2139 760 itt
2173 709 2308 763 libro
2336 729 2518 783 regum
2545 715 2680 771 .Iuda
2711 728 2764 774 et
2793 719 2974 776 Israel.
3005 723 3129 780 lltec
3168 727 3246 781 sic
3293 728 3474 798 dispo.

1889 795 1987 849 sita
2034 797 2375 857 inveniuntur
2403 805 2454 858 in
2489 806 2902 886 Paralipomenis
2944 829 3149 884 regum.

2292 955 2516 1009 ssunas,
2565 959 2714 999 uasa
2745 962 2932 1004 ramus
2961 949 3061 1021 (a).

1963 1069 2158 1125 Esdras
2185 1082 2402 1129 vocatur
2429 1077 2514 1132 hic
2536 1078 2688 1147 liber,
2720 1085 2840 1151 quia
2874 1085 2985 1155 ipse
3014 1087 3210 1147 Esdras
3223 1095 3476 1152 sacerdos

1885 1176 2004 1215 cum
2027 1174 2171 1219 esset
2195 1174 2249 1220 et
2271 1166 2456 1234 lector,
2483 1182 2697 1228 enarrat
2723 1190 2784 1230 ac
2799 1175 3051 1234 describit
3077 1183 3303 1241 reditutn
3336 1189 3467 1244 ﬁlio~

1887 1267 2001 1305 rum
2032 1251 2193 1310 Israel
2219 1271 2285 1311 ex
2313 1257 2534 1315 Perside
2562 1262 2614 1317 in
2643 1263 2962 1324 Jerusalem.
3003 1271 3122 1327 Fuit
3145 1285 3321 1334 autem
3354 1287 3462 1335 rett-

1886 1343 1992 1398 itus
2023 1346 2194 1414 primo
2221 1349 2435 1418 quidem
2461 1367 2525 1406 ex
2549 1353 2702 1439 jussu
2750 1357 2870 1428 Cyri
2901 1370 2955 1415 et
3006 1363 3148 1420 Darii
3190 1383 3375 1439 regum
3422 1375 3466 1427 in

1885 1451 2044 1490 manu
2082 1438 2209 1495 Jesu
2251 1441 2342 1496 ﬁlii
2371 1437 2597 1501 Josedec
2624 1457 2678 1502 et
2706 1449 2892 1505 Esdraa
2912 1461 3070 1522 atque
3101 1437 3465 1527 Zorohabeliv.

1882 1530 1971 1598 qui
2015 1531 2158 1586 circa
2179 1536 2526 1603 quaestionem
2571 1542 2855 1608 quamdam
2887 1547 3303 1617 contendebant,
3335 1552 3469 1609 facta

1883 1625 2236 1690 promissione
2260 1668 2276 1694 ,
2327 1631 2497 1700 utqui
2543 1632 2779 1688 vinceret
2817 1651 2845 1689 a
2877 1653 3002 1708 rege
3026 1640 3281 1712 quidquid
3313 1647 3470 1702 vellet

1887 1723 2111 1781 peteret.
2141 1715 2276 1771 Cum
2322 1735 2458 1774 unus
2492 1737 2619 1792 ergo
2639 1723 2859 1780 dixisset
2891 1727 3078 1785 fortius
3104 1748 3223 1788 esse
3251 1737 3465 1802 vinth'n;

1878 1803 2013 1858 alter
2038 1804 2310 1862 fortiorem
2338 1825 2460 1865 esse
2487 1828 2689 1883 regem,
2723 1815 3017 1874 Zorobabel
3044 1825 3321 1880 contendit
3361 1829 3466 1880 for—

1879 1893 2039 1950 tiores
2061 1912 2183 1953 esse
2212 1900 2485 1967 mulieres,
2511 1905 2894 1977 veritatemque
2915 1924 3074 1980 super
3089 1915 3265 1970 omnia
3283 1920 3466 1975 excel-

1877 1985 2008 2042 lere.
2032 1988 2155 2044 llrec
2175 1993 2294 2060 quia
2319 1993 2567 2064 loquutus
2588 1997 2903 2066 Zorobabel,
2931 2002 3101 2058 victor
3116 2009 3284 2062 evasit
3306 2026 3321 2062 :
3343 2025 3464 2066 cum

1870 2075 2051 2146 jussus
2078 2090 2222 2136 esset
2252 2092 2433 2151 petere
2462 2086 2603 2155 quod
2656 2089 2836 2156 vellet,
2889 2093 3038 2160 petiit
3085 2104 3142 2151 ut
3181 2100 3464 2168 captivitas

1874 2169 2190 2241 solveretur,
2214 2181 2270 2230 et
2295 2174 2591 2234 Jerusalem
2641 2180 3018 2241 :editicaretur.
3063 2188 3240 2259 Atque
3283 2192 3355 2247 ita
3407 2205 3463 2250 ut

1875 2263 2027 2331 petiit
2075 2262 2274 2320 factum
2322 2277 2425 2335 est,
2457 2268 2784 2342 dimissaque
2832 2283 2915 2330 est
2963 2280 3260 2348 captivitas.
3309 2283 3460 2342 'I‘nnc

1871 2353 2012 2408 enim
2042 2357 2298 2426 temporis
2319 2359 2591 2428 adimpleti
2615 2373 2767 2418 erant
2788 2369 3120 2439 septuaginta
3147 2373 3238 2427 ira:
3264 2377 3388 2430 anni
3419 2380 3456 2433 '.

1871 2442 2006 2500 Sunt
2035 2446 2211 2517 itaque
2229 2448 2302 2503 illi
2322 2451 2412 2520 qui
2430 2450 2498 2506 de
2526 2453 2832 2523 captivitate
2858 2459 3212 2516 ascenderunt
3240 2463 3308 2519 de
3322 2465 3455 2522 Juda

1868 2543 1922 2590 et
1961 2535 2261 2606 Benjamin,
2309 2555 2374 2596 ac
2422 2540 2643 2610 Levitw,
2697 2561 2922 2602 numero
2950 2549 3295 2620 quadraginta
3350 2555 3458 2611 duo

1868 2625 2058 2690 millia,
2090 2628 2211 2698 equi
2243 2632 2467 2686 trecenti
2515 2634 2752 2704 triginta,
2803 2639 2931 2693 muli
2977 2639 3188 2696 ducenti
3232 2647 3457 2713 quadra.

1865 2718 2010 2789 ginta
2035 2721 2287 2792 quinque,
2314 2725 2503 2780 cameli
2532 2727 2896 2798 quadringenti
2928 2731 3139 2801 triginta
3178 2739 3412 2807 quinque
3439 2781 3454 2801 .

1863 2811 2002 2867 servi
2032 2828 2216 2868 eorum
2244 2825 2298 2870 et
2325 2817 2535 2872 ancilla:
2561 2829 2766 2888 septem
2795 2821 2956 2875 millia
2995 2827 3214 2879 trecenti
3245 2827 3452 2895 triginta

1861 2914 2108 2975 quatuor,
2141 2917 2390 2964 cantores
2411 2908 2646 2973 ducenti.
2677 2912 2810 2966 asini
2837 2927 2930 2968 sex
2959 2915 3102 2968 mille
3129 2919 3447 2988 septingenti

1861 3003 1915 3050 et
1939 2995 2143 3066 viginti.
2169 2997 2266 3065 Qui
2295 2998 2631 3055 :rdilicabant
2663 3010 2839 3057 autem
2879 3014 3030 3059 erant
3070 3005 3366 3062 Zorohabel
3397 3019 3452 3064 et

1857 3081 2016 3144 Iesus
2047 3087 2186 3144 Illius
2210 3088 2436 3146 .Iosedec
2455 3101 2509 3146 et
2535 3090 2799 3148 Neemias.
2831 3093 3029 3151 Esdras
3056 3113 3183 3152 vero
3210 3114 3331 3154 cum
3361 3116 3448 3155 cs-

1857 3187 1940 3233 set
1967 3179 2018 3234 in
2045 3179 2162 3251 lege
2190 3181 2413 3251 peritus,
2439 3183 2610 3253 legem
2633 3185 2851 3254 protulit
2873 3195 3030 3256 atque
3058 3187 3214 3258 legit,
3246 3191 3452 3246 consu-

1857 3270 2064 3341 tuitque
2088 3280 2278 3327 cuncta
2308 3273 2376 3327 ad
2405 3274 2662 3345 templum
2688 3285 2742 3330 et
2769 3277 2835 3330 ad
2865 3276 3077 3333 chitas
3105 3283 3444 3348 pertinentia.

1855 3360 1974 3430 Ipse
2003 3363 2171 3432 legem
2193 3363 2460 3430 ostendit;
2488 3367 2696 3420 curavit
2715 3367 3044 3438 alienigenas
3065 3385 3258 3426 uxores
3282 3371 3443 3440 ahjici

1852 3453 1921 3507 ab
1951 3453 2033 3517 iis,
2063 3455 2148 3524 qtti
2181 3469 2272 3510 eas
2302 3463 2542 3526 tempore
2564 3457 2883 3527 captivitatis
2908 3458 3188 3514 duxerant.
3217 3461 3444 3532 Abjece—

1854 3554 1976 3599 runt
2001 3557 2178 3602 autem
2205 3563 2415 3612 omnes,
2444 3557 2498 3604 et
2525 3549 2762 3604 mundati
2791 3560 2934 3614 sunt,
2957 3561 3010 3606 et
3039 3553 3324 3608 celebravit
3348 3570 3442 3624 pa~

1853 3640 2002 3700 scha.
2031 3640 2324 3695 secundum
2356 3641 2548 3711 legem.
2582 3650 2640 3696 ut
2661 3644 2915 3711 scriptum
2946 3653 3047 3708 est,
3073 3660 3276 3702 necnon
3295 3647 3442 3718 jeju-

1855 3730 2024 3797 nium,
2050 3742 2103 3786 et
2129 3734 2208 3788 sic
2237 3733 2530 3788 absolvitur
2563 3734 2764 3804 primus
2794 3734 2991 3789 Esdras
3021 3735 3172 3792 liber.

2281 3879 2442 3920 SECUN
2453 3879 2547 3920 Ι)υὸ
2599 3882 2751 3922 LIBER
2789 3883 2990 3923 ESDBE.

1926 3998 1980 4052 In
2010 3997 2109 4053 hoc
2137 3999 2272 4054 libro
2306 3999 2492 4054 eadem
2516 3999 2628 4072 ipsa
2657 4016 2776 4072 qum
2803 4002 2854 4056 in
2883 4002 3052 4069 primo
3082 4003 3209 4060 dicit
3243 4006 3437 4062 Esdras

1852 4088 1918 4144 de
1941 4089 2134 4152 reditu,
2183 4090 2247 4145 iis
2275 4091 2533 4160 exceptis,
2561 4107 2679 4160 qua:
2707 4091 3094 4160 prohlematnm
3128 4111 3273 4148 more
3296 4096 3434 4152 dii-ta

1855 4177 2081 4234 fuerant.
2117 4179 2272 4256 Plura
2296 4195 2424 4234 vero
2449 4180 2516 4235 de
2545 4180 2760 4236 Necmia
2787 4183 3034 4237 eunucho
3064 4193 3262 4249 narrat,
3295 4188 3434 4255 quod

1851 4269 1966 4339 ipse
2010 4271 2190 4340 templi
2218 4269 2626 4326 :edilicationem
2667 4273 2908 4342 petierit;
2950 4284 3004 4328 ct
3031 4275 3299 4344 quomodo
3340 4277 3435 4331 Es-

1849 4361 1974 4416 dras
1989 4362 2200 4432 quidem
2227 4361 2448 4431 legeret,
2482 4363 2636 4418 Iesus
2653 4379 2779 4419 vero
2804 4373 2859 4419 et
2885 4365 3090 4420 Daneas
3109 4377 3161 4420 et
3187 4368 3437 4426 Sarabias

1850 4454 2100 4522 populum
2132 4453 2424 4509 erudirent.
2458 4455 2522 4508 Et
2545 4454 2741 4510 Esdras
2769 4455 2984 4525 quidem
3033 4456 3214 4527 legens
3239 4457 3433 4514 distin-

1849 4545 1926 4599 xit
1949 4545 2000 4598 in
2032 4546 2250 4599 scientia
2292 4545 2500 4600 Domini
2534 4564 2546 4600 :
2582 4547 2808 4620 populus
2838 4558 3013 4604 autem
3048 4549 3310 4607 intellexit
3354 4553 3432 4606 Ir-

1848 4637 2102 4697 ctionem.
2131 4646 2186 4690 et
2213 4637 2504 4692 celebravit
2537 4637 2822 4705 pascha,et
2843 4639 3074 4709 septimo
3095 4656 3279 4696 mense
3312 4641 3436 4697 fecit

1843 4727 2104 4798 jejunium
2134 4738 2184 4783 et
2206 4728 2600 4798 scenopegiam.
2621 4737 2676 4782 ut
2701 4729 2954 4797 scriptum
2983 4738 3064 4783 est
3095 4745 3110 4783 :
3141 4728 3261 4784 Non
3297 4733 3431 4800 ferc-

1847 4829 1966 4872 runt
1999 4819 2068 4872 ad
2094 4819 2226 4872 hunc
2254 4820 2458 4873 modum
2484 4836 2515 4872 a
2538 4820 2712 4874 diebus
2734 4819 2860 4874 .Iesu
2875 4820 2974 4888 ﬁlii
3001 4819 3146 4875 Nave
3165 4821 3242 4892 (2.
3273 4821 3432 4878 Esdr.

1848 4909 1902 4964 8.
1932 4909 2036 4978 l7)
2077 4909 2278 4964 Esdras
2299 4925 2428 4964 vero
2446 4925 2566 4964 eum
2595 4909 2814 4964 vidisset
2832 4910 3042 4965 Azotias
3060 4913 3310 4968 mulieres
3335 4915 3432 4968 lle~

1848 4999 2008 5053 hra’zis
2030 4999 2281 5069 conjugio
2304 4999 2536 5069 junctus,
2571 4999 2820 5052 otnnibus
2845 5001 3107 5070 persuasit
3134 5012 3189 5056 ιιι
3210 5005 3433 5071 promit-

1847 5098 2020 5145 terent
2049 5104 2109 5144 se
2134 5090 2302 5160 legem
2338 5089 2431 5144 Dei
2462 5098 2787 5143 servaturos.
2810 5089 2872 5143 Et
2900 5089 3056 5159 ejecit
3096 5092 3214 5146 illas
3242 5094 3431 5150 mulie-

1847 5196 1970 5246 res,
2006 5191 2274 5251 tamquam
2326 5179 2665 5250 illegitimas,
2695 5189 2749 5235 et
2799 5181 3048 5250 jurarunt
3091 5184 3322 5240 universi
3373 5201 3434 5242 se

1848 5273 2021 5343 legem
2048 5281 2375 5327 servaturos.
2426 5273 2598 5341 Atque
2629 5272 2698 5325 ita
2731 5271 3042 5327 sanetiﬁcati
3083 5283 3137 5328 et
3167 5277 3435 5340 mundati.

1846 5362 2004 5417 hetati
2043 5371 2188 5427 sunt,
2231 5371 2286 5417 et
2331 5360 2573 5417 abierunt
2647 5363 2839 5432 singuli
2886 5363 2937 5418 in
2992 5365 3214 5420 domum
3253 5381 3435 5423 suam.

1910 5502 1922 5531 '
1953 5497 2118 5562 Altera
2141 5499 2378 5562 Syoopsis,
2396 5497 2649 5562 sexaginta
2671 5497 2762 5550 ira!
2784 5498 2920 5559 anni;
2942 5501 3086 5562 male.

1906 5562 1980 5629 (tt)_
1996 5561 2129 5629 llui_c__
2155 5559 2358 5629 Synopsi
2392 5559 2534 5622 primi
2563 5559 2683 5629 libri.
2717 5561 3175 5629 fsdrzeusimilislest
3212 5565 3430 5629 synOpsis

1845 5622 2065 5684 ejusdem
2084 5621 2208 5684 libri,
2225 5621 2477 5684 quaeinter
2499 5636 2646 5682 opera
2660 5622 2905 5684 Athanasii
2931 5623 3190 5684 reperitur:
3210 5622 3293 5676 qui
3317 5621 3432 5669 vero

1844 5680 2024 5751 primus
2046 5683 2202 5751 Esglrae
2226 5680 2353 5732 liber
2376 5684 2455 5751 hic
2476 5680 2666 5740 dicitur,
2693 5692 2770 5732 est
2795 5680 3061 5751 inangata
3081 5681 3272 5742 tertius,
3300 5691 3350 5733 et
3373 5686 3432 5736 ad

1847 5745 2027 5798 calcem
2052 5745 2307 5797 Bibliurum
2332 5747 2516 5809 positus
2539 5755 2678 5796 extra
2693 5747 2964 5794 canonicos.
