3962 6190
543 333 662 392 559

559 449 1013 520 Narraturiautetn
1041 455 1096 500 et
1125 444 1227 499 hoc
1253 445 1320 498 de
1350 443 1540 510 Esdra,
1571 441 1709 512 quod
1737 455 1858 495 cum
1889 439 2007 493 libri
2039 452 2134 507 per

559 543 814 599 incuriam
839 538 1012 610 populi
1035 548 1087 593 et
1115 537 1417 593 diuturnam
1444 536 1800 605 captivitatem
1831 533 2130 604 periissent,

557 634 670 704 ipse
697 636 834 699 illos,
867 647 986 687 cum
1013 631 1094 686 vir
1119 640 1263 687 esset
1283 630 1493 686 honesti
1523 629 1814 694 studiosus,
1844 627 2137 681 industrius

557 737 608 780 et
637 726 806 779 lector
827 767 840 790 ,
865 723 1003 794 apud
1049 739 1108 778 se
1152 724 1330 778 omnia
1357 721 1669 778 custodierit
1687 762 1701 787 ,
1731 735 1792 774 ac
1824 717 2133 789 protulerit,

558 832 618 868 ac
647 831 859 870 rursum
888 815 1137 881 ediderit,
1168 823 1325 883 atque
1351 813 1429 867 sic
1459 812 1622 866 libros
1647 810 1958 865 servaverit.

1137 924 1290 964 LIBER
1327 922 1550 963 ESTIIER.

631 1001 726 1057 llic
753 1001 886 1059 liber
914 1001 1110 1056 Esther
1135 1010 1368 1062 vocatur,
1402 1000 1522 1068 quia
1563 1012 1657 1066 per
1686 995 1961 1050 Esthcram
2002 994 2139 1048 Dens

558 1108 680 1148 mox
712 1093 946 1148 funditus
973 1093 1236 1162 perituros
1262 1091 1474 1146 Judaros
1503 1089 1751 1152 servavit,
1791 1088 1957 1141 Aman
1989 1100 2136 1148 vero,

557 1185 646 1252 qui
697 1183 918 1238 insidias
970 1181 1406 1244 machinabatur,
1470 1178 1751 1247 percussit.
1817 1178 2141 1230 Artaxerxes

558 1275 698 1328 enim
728 1290 822 1327 rex
851 1273 1152 1334 Persarum,
1180 1269 1450 1339 repudiata
1479 1283 1642 1322 uxore
1667 1282 1782 1331 sua,
1805 1267 1960 1320 aliam
1984 1267 2036 1319 in
2059 1281 2141 1319 re.

558 1381 663 1433 gno
687 1380 804 1425 suo.
836 1379 955 1432 qum
983 1365 1216 1417 omnium
1259 1370 1399 1415 esset
1443 1359 1793 1432 pulcherrima
1843 1365 1898 1412 et
1946 1357 2144 1410 formo-

559 1457 788 1519 sissima,
821 1455 918 1508 sibi
945 1453 1192 1523 quaesivit
1222 1467 1472 1514 uxorem;
1503 1459 1553 1504 et
1585 1451 1796 1504 inventa
1819 1456 1899 1503 est
1924 1448 2138 1511 Esther,

560 1547 774 1602 natione
794 1545 1000 1601 Judzea.
1028 1544 1105 1598 Illi
1127 1552 1382 1613 cognatus
1406 1551 1520 1596 erat
1542 1542 1754 1596 nomine
1779 1539 2143 1593 Mardoehzeus

559 1654 620 1693 ex
655 1637 957 1706 captivitate
982 1650 1100 1704 qua:
1131 1634 1229 1688 sub
1257 1633 1476 1687 Sedecia
1503 1631 1638 1686 facta
1669 1630 1840 1686 fuerat
1874 1631 1925 1683 in
1955 1630 2141 1683 eadem

561 1724 794 1796 regione.
819 1726 928 1779 Rex
947 1725 1124 1793 itaque
1147 1739 1266 1778 cum
1297 1723 1573 1777 extulisset
1598 1736 1813 1775 suorum
1837 1720 2139 1790 quemdam,

561 1820 823 1872 Amanum
853 1817 1086 1879 nomine,
1115 1817 1343 1884 jusserat
1379 1813 1524 1867 illum
1551 1812 1618 1866 ab
1639 1811 1884 1866 omnibus
1909 1810 2140 1865 adorari.

561 1909 668 1964 Sed
709 1924 827 1962 cum
871 1906 1235 1962 Mardochzeus
1280 1905 1534 1975 religione
1572 1919 1696 1973 erga
1738 1904 1902 1958 Deum
1943 1910 2140 1969 motus,

561 1999 830 2053 hominem
860 2014 962 2052 non
990 1997 1251 2060 adoraret,
1274 2011 1386 2050 rem
1417 1996 1628 2064 indigne
1650 1996 1766 2050 tulit
1786 1996 1974 2059 Aman,
1997 2010 2146 2048 cum-

561 2106 664 2160 que
704 2089 974 2144 didicisset
1026 2089 1196 2157 ipsum
1233 2103 1354 2142 esse
1394 2086 1634 2142 Judaeum
1659 2129 1673 2150 ,
1724 2086 1832 2156 regi
1868 2085 2144 2139 Artaxerxi

563 2179 844 2248 persuadet
875 2189 932 2232 ut
975 2180 1172 2248 scripto
1213 2177 1396 2246 jubeat
1440 2177 1717 2232 universos
1763 2177 1815 2230 in
1857 2191 2019 2246 regno
2047 2191 2146 2230 suo

560 2270 774 2328 Iudaeos
799 2287 906 2325 uno
930 2271 1016 2325 die
1047 2271 1243 2324 mensis
1261 2269 1560 2325 duodecimi
1591 2270 1798 2339 penitus
1824 2277 1874 2323 et
1907 2267 2146 2323 funditus

564 2362 749 2417 deleri.
783 2361 860 2415 Re
886 2370 1158 2430 comperta
1184 2359 1567 2428 Mardochteus,
1607 2361 1739 2414 luxit
1773 2368 1827 2414 et
1862 2359 2142 2428 jejunavit,

559 2461 717 2524 atque
743 2453 984 2508 Estheraa
1010 2455 1154 2508 misit
1191 2468 1384 2522 rogans
1411 2469 1567 2522 Opem
1605 2454 1785 2508 ferret.
1828 2454 2022 2508 ESther
2051 2455 2148 2508 ita-

559 2560 664 2616 que
687 2546 974 2614 pratmissis
995 2545 1196 2613 jejunio
1224 2555 1280 2599 et
1303 2545 1694 2614 precationibus
1717 2545 1783 2599 ad
1816 2545 2000 2612 Deum,
2025 2561 2145 2600 mn-

561 2636 714 2691 liebri
739 2650 797 2690 se
823 2636 1020 2689 mundo
1043 2635 1247 2688 ornavit
1271 2653 1284 2688 :
1319 2649 1416 2688 nec
1440 2643 1622 2689 vocata
1645 2635 1838 2704 (neque
1863 2636 2004 2689 enim
2031 2644 2148 2691 erat

559 2725 760 2779 licitum
791 2739 896 2778 non
923 2724 1121 2778 vocatis
1147 2723 1296 2778 adire
1325 2723 1552 2793 regem),
1579 2733 1811 2778 attamen
1839 2725 2054 2779 intravit
2077 2726 2144 2780 ad

559 2831 760 2885 regem,
795 2830 898 2868 non
929 2824 1232 2884 exspectata
1277 2817 1532 2883 temporis
1569 2817 1983 2884 opportunitate,
2021 2832 2144 2886 spe-

560 2921 685 2960 rans
723 2906 1081 2975 precationem
1121 2907 1531 2976 opportunitatis
1569 2907 1685 2960 loco
1726 2907 1976 2964 fut-uram.
2013 2909 2150 2962 Cum-

560 3007 735 3054 autem
769 3013 860 3054 rex
889 2999 1222 3053 insolentiam
1264 2999 1384 3053 facti
1417 3001 1717 3064 miraretur,
1750 3000 1836 3054 illa
1865 3001 1919 3055 in
1949 3010 2144 3056 terram

559 3107 672 3162 pra:
707 3098 850 3145 metu
877 3091 1110 3161 collapsa
1136 3101 1236 3146 est.
1271 3093 1338 3145 At
1376 3093 1516 3162 regis
1561 3092 1890 3148 iracundiam
1924 3096 2061 3150 Deus
2093 3095 2144 3150 in

560 3196 774 3236 suavem
805 3181 1052 3235 aï¬‚'ectum
1095 3191 1150 3236 et
1187 3183 1643 3238 mansuetudinem
1690 3185 1934 3251 mutavit,
1977 3187 2046 3240 ita
2086 3196 2144 3240 ut

559 3287 783 3341 surgens
806 3281 1122 3340 prostratam
1159 3273 1301 3326 illam
1332 3275 1576 3341 erigeret,
1611 3283 1665 3329 et
1705 3285 1904 3331 metum
1945 3292 2146 3345 ponere

564 3362 883 3428 hortaretur,
918 3363 1022 3416 imo
1041 3363 1309 3432 optionem
1341 3364 1491 3418 daret
1517 3365 1726 3433 petendi
1757 3366 2006 3436 quidquid
2037 3369 2148 3422 vel-

563 3453 656 3508 let.
689 3453 777 3508 llla
809 3462 867 3506 ut
896 3470 986 3508 rex
1014 3469 1134 3509 cum
1169 3457 1376 3508 Amano
1410 3455 1476 3508 ad
1519 3457 1816 3510 convivium
1851 3472 2005 3512 suum
2049 3473 2144 3514 ve-

563 3544 678 3597 nire
709 3541 1038 3612 dignaretur,
1079 3558 1183 3598 non
1208 3545 1394 3609 semel,
1426 3545 1519 3598 sed
1555 3548 1788 3601 secundo
1814 3563 2024 3617 quoque
2053 3565 2146 3618 pe-

563 3635 660 3688 tiit.
694 3635 862 3690 Aman
887 3651 994 3704 prae
1011 3635 1202 3704 gaudio
1221 3635 1422 3690 effusus
1442 3651 1503 3689 ac
1521 3640 1771 3706 gestiens,
1795 3639 1933 3708 quod
1951 3639 2144 3710 dignus

564 3729 848 3784 haberetur
881 3744 909 3781 a
943 3731 1120 3798 regina
1158 3729 1365 3795 vocari,
1410 3729 1583 3784 adhuc
1623 3731 1850 3800 amplius
1889 3732 2144 3787 adversus

561 3820 954 3876 Mardochmum
981 3821 1282 3891 erigebatur
1310 3838 1324 3875 :
1355 3821 1663 3892 curavitque
1691 3823 1888 3891 lignum
1916 3824 2142 3880 sublime

561 3913 752 3977 excidi,
782 3914 967 3968 volens
993 3915 1044 3967 in
1085 3929 1149 3968 eo
1187 3923 1441 3984 sequente
1466 3914 1552 3969 die
1582 3915 1905 3984 suspendere
1931 3917 2141 3971 Mardo-

561 4005 791 4061 clnemn.
824 4005 934 4060 Rex
964 4021 1092 4060 vero
1123 4005 1260 4059 bona
1288 4005 1514 4074 quadam
1549 4007 1904 4075 providentia,
1933 4016 2139 4061 noctem

563 4099 702 4152 illam
730 4097 879 4152 duxit
907 4098 1223 4161 insomnem,
1256 4107 1310 4152 et
1334 4112 1453 4152 cum
1482 4097 1715 4153 dormire
1744 4100 2005 4169 nequiret,
2025 4100 2140 4169 jus-

554 4189 629 4242 sit
653 4187 752 4241 sibi
779 4189 1192 4242 commentarios
1233 4196 1470 4242 actorum
1501 4201 1714 4243 suorum
1755 4190 1870 4260 legi.
1904 4190 2142 4260 Cumque

565 4278 888 4345 legerentur,
919 4288 1136 4332 ventum
1163 4288 1246 4333 est
1272 4277 1339 4332 ad
1366 4293 1486 4333 eum
1526 4279 1722 4344 locum,
1753 4281 1804 4333 in
1849 4296 1954 4349 quo
2012 4284 2145 4336 scri-

563 4373 704 4431 ptum
727 4377 841 4418 erat
858 4366 1170 4421 beneï¬cium
1194 4369 1351 4437 regia
1372 4368 1702 4424 Mardochmo
1713 4371 1979 4426 collatum.
2001 4373 2140 4428 Duos

560 4454 703 4508 enim
726 4455 998 4509 eunuchos
1046 4458 1157 4525 regi
1201 4458 1550 4524 insidiantes,
1599 4461 1707 4530 regi
1751 4461 2057 4530 prodiderat
2087 4471 2141 4516 et

558 4542 884 4597 convicerat.
912 4542 1007 4596 Hic
1035 4559 1130 4596 rex
1169 4545 1239 4597 ob
1269 4546 1586 4602 Mardoehazi
1611 4549 1843 4604 ofï¬cium
1872 4560 2022 4620 grato
2055 4551 2138 4605 af-

560 4630 728 4685 fectus
751 4630 948 4694 animo,
976 4631 1249 4700 qumrebat
1271 4648 1500 4702 quonam
1527 4636 1670 4688 illum
1695 4637 1897 4694 honore
1919 4655 2014 4708 pro
2037 4640 2139 4696 hoc

559 4719 818 4776 beneï¬cio
839 4720 1082 4775 donaret.
1111 4720 1240 4775 Cum
1269 4733 1447 4778 autem
1478 4741 1634 4780 mane
1654 4728 1718 4780 ad
1745 4743 1866 4782 eum
1895 4731 2139 4799 ingrede-

559 4821 704 4867 retur
727 4813 918 4877 Aman,
946 4813 1134 4882 quaerit
1161 4814 1226 4868 ab
1250 4814 1340 4868 illo
1377 4831 1493 4883 rex,
1520 4833 1748 4886 quonam
1787 4830 1840 4874 et
1867 4823 2009 4890 quali
2036 4823 2136 4878 ho-

559 4915 688 4954 norc
709 4901 898 4969 dignus
927 4903 997 4956 sit
1025 4904 1088 4966 is,
1119 4905 1206 4974 qui
1241 4919 1417 4974 regem
1448 4907 1706 4961 beneï¬cio
1739 4909 2020 4966 allecisset.
2053 4913 2133 4968 Ad

562 4990 661 5043 hoc
690 4992 878 5054 Aman,
905 5007 1024 5047 cum
1051 5007 1111 5048 se
1135 4995 1479 5050 arbitraretur
1503 5011 1624 5052 eum
1652 5014 1791 5067 esse,
1823 5000 1890 5056 de
1910 5019 2016 5072 quo
2043 5020 2133 5059 rex

558 5082 846 5150 quaerebat,
875 5083 1088 5154 dignum
1116 5101 1238 5142 esse
1275 5088 1406 5142 dixit
1445 5090 1530 5159 qui
1571 5093 1834 5148 secundus
1861 5111 1954 5150 rex
1977 5113 2134 5152 voca-

559 5181 721 5225 retur.
747 5171 856 5226 Rex
898 5175 1056 5243 igitur
1084 5177 1472 5235 Mardochaeum
1505 5183 1594 5236 illo
1625 5182 1828 5238 honore
1853 5187 2132 5255 celebrari,

555 5272 610 5317 et
635 5265 803 5317 Aman
834 5274 957 5320 ante
986 5266 1129 5321 illum
1152 5273 1440 5338 procedere
1464 5275 1639 5344 jussit.
1666 5277 1859 5332 Esther
1887 5295 2012 5333 vero
2042 5297 2134 5349 op-

558 5355 931 5424 portunitatem
968 5369 1118 5412 nacta
1164 5377 1260 5430 pro
1301 5363 1496 5420 Judanis
1534 5369 1723 5421 oravit.
1771 5370 1969 5424 Deinde
2011 5389 2131 5428 cum

559 5463 650 5501 rex
675 5462 905 5502 niterore
931 5449 1148 5506 aï¬â€˜ecms
1180 5467 1394 5523 prepter
1422 5458 1692 5530 indignum
1719 5471 1902 5516 contra
1919 5463 2132 5519 Judteos

557 5536 820 5602 edictum,
873 5549 927 5593 et
978 5538 1232 5597 adversus
1288 5547 1545 5601 Amanum
1589 5550 1754 5604 iratus
1793 5567 1968 5620 esset,
2019 5555 2132 5624 ipse

559 5630 749 5716 liman,
781 5646 902 5701 rege
937 5632 1176 5699 absente,
1218 5636 1455 5697 Estherte
1494 5641 1824 5708 supplicavit,
1865 5645 1928 5700 ad
1959 5661 2129 5716 genua

559 5711 696 5772 illitis
727 5725 1076 5788 procumbens
1105 5737 1262 5795 atque
1288 5728 1530 5783 adorans.
1555 5731 1684 5798 Rex,
1714 5748 1833 5789 cum
1862 5711 2128 5805 ingressus

1295 327 1349 383 S.
1390 325 1667 384 JOANNIS
1700 319 2174 380 CHRYSOSTUMI
2212 319 2526 375 ARCHIEP.
2565 319 3094 376 CONSTANTINOP.
3658 331 3736 384 330

2245 437 2450 492 videret
2480 440 2742 493 Amanum
2766 454 2936 509 genua
2960 440 3154 510 regina:
3177 442 3479 513 contingere,
3503 448 3743 516 suspicatus

2242 530 2383 599 quod
2410 530 2749 600 turpitudinis
2773 545 2928 586 causa
2958 531 3010 586 id
3047 530 3272 598 faceret,
3295 533 3438 602 jussit
3461 540 3608 592 Aman
3637 541 3680 596 in
3699 543 3743 596 li-

2242 635 2369 691 gno,
2401 621 2540 693 quod
2583 621 2915 676 Mardochaeo
2955 632 3248 692 paraverat,
3288 627 3552 693 suspendi;
3582 633 3750 702 scripsit

2242 722 2416 767 autem
2435 722 2491 766 ut
2511 712 2675 768 Judzei
2691 714 2900 784 quidem
2914 730 3100 770 omnes
3119 715 3464 772 incolumitate
3484 717 3746 788 fruerentur,

2243 805 2427 860 hostes
2454 820 2583 859 vero
2622 820 2806 860 eorum
2837 807 2903 859 ab
2942 806 3045 862 illis
3085 807 3515 863 interimerentur.
3540 809 3751 869 Numerus

2243 907 2419 951 autem
2449 913 2632 952 eorum
2656 900 2741 968 qui
2772 915 2801 953 a
2830 899 3025 953 Judmis
3045 900 3204 954 occisi
3231 912 3370 965 sunt,
3400 902 3487 955 luit
3505 904 3751 972 quindecim

2246 990 2510 1044 millium:
2556 990 2778 1060 ideoque
2819 990 2935 1045 lâ€˜esti
2979 991 3082 1046 illis
3109 991 3222 1046 dies
3262 991 3402 1046 fuere
3447 992 3552 1046 dies
3583 1005 3753 1064 quartus

2244 1081 2500 1147 decimus,
2535 1092 2588 1135 et
2631 1084 2848 1152 quintus
2877 1082 3114 1137 decimus
3143 1084 3341 1137 mensis
3369 1083 3657 1148 duodecimi,
3691 1089 3754 1155 qui

2245 1182 2463 1226 vocatur
2490 1172 2651 1227 Adar.
2683 1173 2912 1228 Vocatur
2938 1184 3113 1228 autem
3142 1174 3226 1226 illa
3249 1175 3363 1230 dies
3389 1176 3603 1243 ipsorum
3623 1176 3755 1246 lingua

2245 1263 2441 1317 Phura.
2473 1264 2806 1333 Quapropter
2851 1265 2935 1319 illa
2984 1265 3072 1320 die
3114 1265 3282 1321 Juda-i
3319 1267 3563 1320 Amanum
3589 1269 3758 1324 combu-

2247 1363 2389 1417 runt,
2421 1364 2474 1408 et
2500 1355 2693 1408 festum
2716 1356 2854 1408 diem
2882 1365 3044 1427 agunt
3075 1356 3260 1410 salutis
3281 1356 3505 1426 ipsorum
3535 1359 3758 1412 memoria-

2249 1445 2373 1498 lem.
2398 1442 2452 1498 ln
2480 1444 2666 1515 hisque
2698 1446 3010 1500 terminatur
3031 1446 3185 1501 liber.

2847 1555 3001 1593 LIBER
3039 1555 3216 1594 TOBIT.

2318 1627 2475 1682 Tubit
2501 1637 2720 1683 vocatur
2749 1627 2833 1683 hic
2855 1629 3006 1693 liber,
3039 1630 3160 1699 quia
3184 1629 3350 1698 ipsius
3373 1629 3521 1685 Tobit
3545 1630 3760 1688 historiam

2247 1720 2499 1773 continet.
2527 1719 2651 1774 Erat
2674 1729 2848 1774 autem
2870 1720 3026 1775 Tobit
3051 1720 3118 1775 de
3143 1721 3282 1774 tribu
3315 1720 3644 1790 Nephthalim,
3672 1723 3762 1777 luit-

2248 1825 2351 1878 que
2394 1811 2442 1864 in
2486 1811 2843 1882 captivitatem
2885 1811 3165 1876 adductus,
3193 1821 3251 1866 et
3277 1812 3499 1882 degebat
3532 1815 3577 1868 in
3602 1816 3766 1871 civitate

2247 1899 2456 1966 Ninive,
2480 1901 2782 1956 misericors
2802 1917 2865 1956 ac
2889 1901 3187 1972 religiosus.
3223 1903 3430 1957 Etenim
3451 1918 3562 1959 eum
3581 1906 3623 1958 in
3641 1907 3766 1975 capti-

2249 1994 2410 2049 vitate
2433 2003 2596 2062 esset,
2624 2009 2959 2050 eommunem
2987 2011 3175 2065 panem
3201 2011 3271 2052 ex
3291 1997 3527 2067 gentibus
3553 2011 3642 2051 non
3661 2012 3768 2052 com-

2249 2085 2378 2151 edit,
2419 2086 2513 2141 sed
2555 2087 2788 2156 seipsum
2842 2087 3142 2142 custodivit.
3209 2088 3339 2142 Erat
3387 2100 3552 2144 autem
3593 2107 3765 2145 annona

2249 2177 2529 2246 prml'ectus
2558 2178 2695 2247 apud
2740 2194 2917 2248 regem
2963 2179 3369 2243 Enemasarum,
3401 2189 3455 2235 et
3494 2180 3700 2251 deposuit
3729 2182 3765 2236 in

2250 2269 2414 2323 Media
2437 2270 2621 2324 decem
2649 2271 2841 2324 talenta
2867 2271 3004 2340 apud
3033 2270 3346 2326 Gabaelem.
3377 2271 3460 2325 Isti
3489 2288 3629 2341 porro
3651 2272 3767 2326 'l'obit

2249 2361 2478 2416 studium
2506 2369 2617 2415 erat
2644 2361 2932 2432 sepeliendi
2966 2371 3204 2416 mortuos
3227 2378 3295 2416 ex
3319 2362 3526 2416 Iudaeis.
3558 2363 3695 2431 llujus
3713 2363 3766 2416 rei

2249 2453 2412 2521 gratia
2437 2452 2642 2506 delatus
2681 2453 2747 2506 ad
2784 2469 2964 2522 regem
2991 2453 3324 2519 Achirelem,
3366 2454 3482 2524 fuga
3510 2455 3598 2507 sibi
3621 2469 3768 2507 consu-

2254 2543 2370 2596 luit.
2402 2543 2802 2613 Regressusquc
2828 2559 2858 2599 e
2892 2543 3009 2614 fuga
3030 2585 3045 2608 ,
3087 2559 3207 2598 cum
3247 2555 3562 2599 mortuorum
3597 2545 3770 2614 aliquem

2249 2633 2544 2702 sepelisset,
2572 2643 2721 2689 extra
2759 2648 2939 2688 muros
2963 2634 3307 2700 obdormivit,
3333 2646 3388 2690 et
3414 2650 3528 2690 cum
3561 2651 3642 2704 pro
3663 2649 3772 2688 more

2249 2737 2348 2777 suo
2377 2733 2589 2792 apertos
2619 2723 2840 2778 haberet
2865 2724 3003 2779 inter
3028 2724 3401 2780 dormiendmn
3430 2727 3613 2791 oculos,
3639 2739 3772 2794 passe-

2249 2815 2396 2869 ribus
2422 2830 2650 2885 superne
2678 2816 2728 2870 in
2755 2817 2936 2871 oculos
2972 2817 3088 2886 ejus
3112 2829 3327 2874 stercus
3360 2818 3773 2876 emittentibus,al-

2250 2903 2498 2973 buginem
2535 2905 2817 2971 contraxit,
2860 2921 3030 2976 neque
3063 2907 3202 2961 ultra
3245 2908 3477 2962 videbat.
3503 2908 3614 2962 Erat
3639 2918 3772 2960 autem

2250 2993 2535 3048 Ecbatanis
2577 2995 2680 3049 ï¬lia
2711 2996 2957 3065 Raguclis
2985 2999 3197 3067 cognati
3228 2999 3396 3069 ipsius
3423 2997 3570 3056 Sarra
3593 2999 3772 3052 nomine.

2249 3084 2396 3140 Hanc
2415 3085 2624 3140 daemon
2654 3088 2966 3142 Asmudaeus
2985 3103 3088 3142 non
3120 3091 3461 3158 permittebat
3484 3099 3537 3146 ut
3555 3090 3772 3160 quisquam

2251 3193 2469 3233 uxorein
2514 3179 2733 3234 duceret
2767 3181 2916 3250 :jam
2963 3182 3105 3236 enim
3150 3193 3364 3252 septem
3417 3183 3671 3248 occiderat,
3711 3182 3776 3249 qui

2249 3268 2394 3324 illam
2419 3285 2664 3339 Sponsam
2695 3280 3026 3341 acceperant.
3057 3272 3291 3341 Propter
3321 3272 3455 3328 hanc
3481 3287 3665 3327 causam
3685 3286 3774 3324 cum

2249 3360 2594 3416 vehementer
2634 3345 2942 3416 contristata
2995 3372 3156 3429 esset,
3206 3365 3415 3430 oravit;
3461 3363 3680 3434 misitque
3720 3361 3774 3416 illi

2250 3450 2392 3505 Deus
2439 3452 2803 3506 auxiliatorem
2862 3452 3186 3522 Raphaelem
3244 3455 3621 3524 archangelum.
3660 3453 3776 3506 Tohit

2248 3542 2423 3612 igitur,
2451 3558 2570 3597 cum
2596 3543 2704 3596 ï¬lio
2726 3558 2823 3597 suo
2847 3543 3027 3599 Tobias
3053 3546 3374 3615 prteciperet
3406 3561 3470 3600 ne
3495 3545 3586 3601 sibl
3610 3541 3775 3597 aliunde

2249 3648 2488 3698 uxorem,
2518 3650 2673 3703 quam
2696 3651 2766 3688 ex
2797 3636 2940 3690 tribu
2982 3644 3035 3690 et
3080 3639 3404 3706 cognatione
3446 3653 3533 3692 sua
3560 3637 3772 3697 duceret.

2247 3723 2336 3777 dat
2362 3724 2434 3777 illi
2465 3725 2877 3794 chirographum
2905 3727 3089 3781 decem
3119 3729 3464 3793 talentorum,
3491 3725 3775 3798 prmeipitque

2247 3824 2304 3869 ut
2331 3814 2485 3869 abeat
2513 3824 2564 3868 et
2601 3825 2804 3886 repetat
2847 3816 2953 3872 illa.
2997 3817 3162 3872 Filius
3189 3828 3393 3882 autem.
3423 3834 3536 3874 cum
3566 3830 3649 3870 nec
3671 3815 3772 3865 viam

2247 3914 2446 3971 nosset,
2477 3921 2575 3960 nec
2616 3904 2883 3960 hominem
2917 3906 2981 3960 ad
3012 3923 3170 3976 quem
3215 3918 3334 3962 erat
3373 3905 3771 3978 proï¬ciscendum.

2247 4013 2489 4067 egressus
2517 4007 2599 4053 est
2627 4007 2685 4052 ut
2713 3999 2811 4051 via:
2835 3999 2934 4053 sibi
2958 4000 3158 4053 socium
3193 4011 3480 4069 quaereret,
3509 4010 3557 4053 et
3586 3999 3663 4052 Dei
3678 4010 3772 4065 pm-

2247 4091 2475 4145 videntia
2505 4091 2688 4145 incidit
2716 4091 2768 4144 in
2798 4091 3139 4160 Raphaelent,
3173 4094 3268 4163 qui
3304 4093 3528 4147 hominis
3555 4091 3696 4144 forma
3721 4086 3773 4138 lu-

2247 4183 2320 4235 ris
2347 4183 2536 4246 Sub-"ll.
2572 4182 2846 4251 Prelioque
2885 4183 3028 4236 illum
3068 4184 3348 4248 conduxit,
3382 4202 3448 4239 eo
3471 4183 3600 4254 quod
3625 4197 3674 4234 se
3701 4180 3771 4228 vim

2247 4272 2402 4342 hujus
2429 4290 2648 4343 gnarum
2676 4269 2794 4329 esse
2833 4275 3049 4330 diceret.
3087 4276 3397 4332 Comitatus
3433 4280 3596 4344 itaque
3624 4282 3690 4326 est
3725 4271 3769 4319 il-

2245 4366 2351 4420 lum
2373 4366 2721 4436 archangelus
2752 4367 2802 4420 in
2834 4370 3010 4435 specie
3039 4368 3292 4434 hominis,
3323 4371 3412 4440 qui
3445 4370 3641 4423 Marias
3659 4366 3770 4418 diee-

2245 4470 2408 4512 retur.
2433 4458 2563 4512 Cum
2596 4469 2769 4513 autem
2795 4460 2858 4512 ad
2890 4460 3156 4530 Tigridem
3195 4478 3366 4533 usque
3394 4461 3595 4516 ï¬‚uvium
3624 4471 3771 4527 pervc-

2243 4549 2465 4614 nissent,
2491 4548 2700 4604 volebat
2719 4549 2910 4604 Tobias
2938 4552 2987 4604 in
3016 4552 3159 4606 illum
3187 4553 3398 4608 lavandi
3420 4554 3575 4624 gratia
3596 4551 3768 4605 descen-

2243 4641 2389 4706 dere,
2417 4652 2469 4696 et
2493 4660 2612 4697 mox
2638 4645 2793 4711 piscis
2817 4645 2999 4714 ingens
3024 4645 3221 4699 insiluit
3251 4648 3303 4700 in
3335 4643 3766 4717 puerum.Angelus

2242 4750 2368 4788 vero
2409 4738 2675 4805 prmcepit,
2713 4747 2767 4789 ut
2803 4738 2997 4806 piscem
3043 4738 3182 4792 hunc
3218 4739 3628 4810 apprehenderat
3663 4733 3770 4789 etin

2244 4825 2407 4878 frusta
2437 4838 2663 4889 secaret,
2702 4837 2857 4896 atque
2893 4827 3030 4881 illius
3062 4827 3244 4896 hepar,
3275 4846 3372 4885 cor
3398 4841 3449 4885 et
3477 4831 3616 4884 bilem
3640 4825 3765 4878 desiu-

2243 4927 2430 4978 meret,
2462 4927 2516 4971 et
2545 4926 2800 4971 servaret.
2847 4917 3085 4987 Rogaute
3125 4934 3311 4988 postea
3359 4936 3538 4990 puero,
3568 4919 3612 4973 in
3642 4926 3764 4985 quem

2241 5023 2393 5084 usum
2437 5008 2523 5062 illa
2565 5009 2753 5076 forent,
2805 5011 3080 5080 respondit
3111 5028 3126 5066 :
3170 5012 3351 5082 Hepar
3388 5023 3442 5068 et
3477 5028 3562 5068 eor
3595 5011 3763 5064 incensa

2239 5098 2534 5154 daemonem
2582 5099 2839 5170 fugabunt
2868 5119 2879 5155 :
2909 5102 3028 5156 bilis
3063 5119 3188 5156 vero
3213 5104 3490 5157 oculorum
3517 5102 3760 5169 albugtuem

2240 5194 2562 5262 repurgahit.
2606 5193 2773 5264 Hujus
2809 5209 2910 5264 ope
2953 5205 3008 5249 et
3048 5196 3274 5249 consilio
3309 5196 3500 5249 Tobias
3533 5189 3760 5246 ï¬liamlla-

2238 5285 2406 5353 guelis
2433 5286 2645 5339 Sarram
2675 5301 2890 5340 uxorem
2925 5287 3096 5353 duxit,
3127 5302 3243 5341 cum
3286 5287 3381 5341 illo
3415 5287 3582 5342 suftitu
3601 5283 3755 5338 duum-

2239 5393 2360 5433 nem
2389 5379 2637 5447 fugasset,
2662 5381 2748 5450 qui
2778 5381 2828 5434 in
2855 5382 3216 5451 superioribus
3247 5379 3462 5452 Egypti
3490 5378 3691 5450 partibus
3709 5370 3757 5423 ab

2239 5470 2424 5538 angelo
2455 5469 2642 5539 ligatus
2683 5481 2782 5525 est.
2827 5471 2960 5524 Dum
3001 5481 3174 5526 autem
3211 5485 3335 5524 cum
3379 5485 3538 5525 uxore
3569 5467 3756 5525 manere

2239 5558 2452 5624 Tobias,
2497 5561 2736 5616 Azariam
2781 5573 3043 5634 tamquam
3074 5562 3341 5618 hominem
3381 5563 3430 5614 in
3459 5560 3654 5614 Mediam
3679 5552 3755 5604 mi-

2239 5649 2305 5703 sit
2337 5667 2348 5700 :
2378 5664 2606 5721 cumque
2647 5667 2740 5720 per
2771 5653 2914 5706 illum
2959 5653 3142 5708 decem
3173 5651 3370 5705 talenta
3407 5649 3680 5718 recepisset.
3704 5639 3755 5692 Id

2242 5751 2442 5808 patrem
2475 5760 2572 5796 una
2602 5759 2720 5796 cum
2754 5744 2841 5798 illo
2877 5753 2928 5800 et
2969 5761 3130 5800 uxore
3163 5761 3250 5798 sua
3299 5758 3534 5798 reversus
3561 5750 3648 5794 est-
3671 5734 3751 5787 lle-
