4090 6216
507 317 609 375 361

514 433 700 505 μονίου
734 432 791 485 ἐν
813 431 891 502 τῷ
922 430 1226 503 θυμιάματι
1263 431 1458 503 τούτῳ,
1498 433 1591 487 zeal
1632 432 1876 496 δεθέντος
1903 434 1983 497 είς
2012 432 2080 486 τά

512 520 762 589 ἀνώτερα
796 516 937 591 μέρη
963 518 1239 588 Αἰγύπτου
1293 519 1398 574 ὑπὸ
1449 519 1541 573 τοῦ
1575 519 1826 589 ἀγγέλου.
1873 520 2081 583 Μείνας

511 607 571 661 δέ
612 606 749 679 μετά
796 605 898 676 τῆς
951 606 1207 675 γυναικὸς
1258 608 1287 660 6
1339 606 1574 670 Τωϐίας,
1624 605 1941 661 ἀποστέλλει
1988 606 2082 659 τὸν

526 693 801 765 Ἀζαρίαν,
836 693 913 757 ὡς
959 693 1240 766 ἄνθρωπον
1275 694 1437 755 δντα.
1472 694 1553 757 είς
1583 692 1682 765 τὴν
1724 693 1957 764 Μηδίαν,
1988 694 2082 747 zeal

514 784 821 854 ἀπαιτήσας
849 783 1055 846 ἐκεῖνος
1077 783 1146 837 τὰ
1171 782 1302 836 δέκα
1337 782 1572 837 τάλαντα
1607 783 1912 856 ὑπέστρεψε
1945 781 2081 854 μετά

512 871 616 941 τῆς
644 869 898 939 γυναικὸς
914 870 1009 924 zeal
1035 871 1199 924 αὑτοῦ
1214 871 1305 923 τοῦ
1330 870 1560 938 ἀγγέλου
1580 870 1715 942 πρὸς
1732 869 1826 923 τὸν
1849 870 2078 940 πατέρα.

526 958 902 1029 Ὑποστρέψας
931 957 988 1011 δὲ
1012 959 1041 1011 6
1075 960 1221 1021 παῖς,
1266 957 1475 1029 ἐγχρίει
1510 960 1577 1028 τῇ
1606 949 1733 1028 χολῇ
1769 956 1865 1009 τοῦ
1902 955 2085 1026 ἰχθύος

514 1045 643 1109 τοὺς
695 1044 1006 1115 ὀφθαλμοὺς
1060 1043 1154 1098 τοῦ
1206 1043 1430 1115 πατρὸς,
1469 1046 1564 1098 zeal
1604 1042 2001 1097 ἀποπίπτουσιν
2026 1041 2082 1094 al

514 1133 747 1197 λεπίδες,
778 1135 871 1186 καὶ
918 1132 1079 1196 εὐθὺς
1116 1131 1393 1200 ἀνέϐλεψε.
1437 1132 1568 1185 Ὅτε
1615 1132 1712 1201 μὲν
1742 1128 2023 1200 ἐτυφλώθη
2056 1131 2085 1184 6

516 1220 716 1286 Τωϐὶτ,
754 1214 822 1290 ἦν
846 1218 984 1272 ἐτῶν
1022 1224 1104 1288 νην
1124 1259 1140 1281 ,
1170 1219 1257 1272 ὅτε
1294 1216 1351 1270 δὲ
1382 1216 1663 1287 ἀνέϐλεψε,
1707 1213 1776 1288 ἦν
1814 1217 1952 1269 ἐτῶν
1976 1215 2082 1280 Eg’.

516 1307 626 1362 Kal
667 1305 850 1360 λοιπὸν
886 1305 1179 1376 βλέψαντος
1211 1304 1376 1359 αὑτοῦ
1397 1346 1411 1369 ,
1446 1305 1788 1376 ἐφανέρωσεν
1834 1303 2023 1358 ἐαυτὸν
2047 1302 2085 1370 ,ό

517 1393 764 1464 ἄγγελος,
791 1392 873 1446 ὅτι
902 1393 1001 1446 οὑκ
1038 1393 1319 1462 ἄνθρωπος
1346 1388 1434 1463 ἦν,
1461 1391 1595 1445 ἀ)λά
1628 1390 1780 1462 παρά
1817 1389 1911 1444 τοῦ
1948 1388 2083 1443 Θεοῦ

515 1480 794 1548 ἀπεστάλη
823 1481 905 1543 είς
956 1477 1206 1551 βοήθειαν
1253 1478 1430 1532 αὐτῶν
1479 1496 1538 1532 τε
1590 1480 1685 1533 zeal
1732 1479 1827 1548 τῆς
1875 1477 2107 1548 Σάρρας.

515 1566 768 1638 Γηράσας
800 1564 857 1619 δὲ
888 1566 918 1618 ὁ
946 1564 1147 1629 Τωϐὶτ,
1177 1564 1511 1637 παρήγγειλε
1531 1563 1610 1635 τῷ
1644 1563 1745 1635 υίῷ
1775 1562 1940 1617 αὑτοῦ
1964 1564 2085 1616 Τω-

516 1653 630 1724 ϐία,
659 1651 910 1707 ἀπελθεῖν
941 1653 1020 1714 είς
1044 1651 1140 1721 τὴν
1166 1651 1377 1722 Μηδίαν
1400 1650 1487 1705 διὰ
1507 1652 1605 1721 τὴν
1629 1651 1893 1721 ἐσομένην
1918 1667 2087 1704 κατα--

516 1740 751 1811 στροφὴν
779 1739 878 1809 τῆς
900 1738 947 1791 Ν
954 1737 1084 1791 ινενῒ
1124 1739 1263 1792 κατα
1292 1738 1351 1791 τὸ
1385 1738 1538 1810 ρἧα
1566 1739 1720 1791 Ἰωνᾶ
1748 1736 1843 1790 τοῦ
1874 1739 2086 1809 προφή-

513 1845 629 1894 του,
679 1828 771 1881 καὶ
812 1825 1050 1880 ἐκλιπὼν
1080 1826 1317 1880 ἀπέθανε
1361 1824 1498 1878 ἐτῶν
1530 1824 1607 1877 ὣν
1638 1830 1763 1895 ρνε’.
1807 1823 1866 1877 Ὀ
1893 1823 1951 1877 δὲ
1972 1822 2085 1886 υίὸς

514 1914 678 1968 αὑτοῦ
717 1913 910 1978 Τοϐίας
943 1911 1192 1969 ἀπελθὼν
1236 1914 1317 1977 είς
1359 1912 1458 1983 τὴν
1488 1911 1722 1983 Μηδίαν,
1766 1911 1860 1965 zeal
1909 1908 2085 1979 θάψας

512 2002 637 2066 τοὺς
663 1999 957 2071 πενθεροὺς
991 2000 1178 2064 αὑτοῦ,
1217 2001 1311 2054 zeal
1343 1999 1580 2063 ἀκούσας
1624 1998 1752 2069 περὶ
1777 1998 1876 2069 τῆς
1915 2013 2087 2051 κατα-

514 2088 753 2159 στροφῆς
784 2086 990 2148 Νινευϊ.
1047 2087 1287 2142 ἀπέθανε
1323 2087 1419 2141 zeal
1464 2087 1621 2149 αὑτὸς
1654 2083 1734 2157 ρξ’
1805 2083 1941 2140 ἐτῶν
1985 2082 2081 2139 ὥν.

516 2176 628 2230 Kal
649 2177 707 2230 ἐν
737 2175 943 2240 τούτοις
970 2175 1120 2240 τέλος
1144 2174 1257 2246 ἔχει
1281 2175 1375 2229 zeal
1397 2173 1555 2229 τοῦτο
1574 2173 1634 2227 τὸ
1667 2171 1890 2244 βιϐλίον.

1040 2318 1209 2372 Βιϐλί
1212 2334 1285 2372 ον
1319 2316 1557 2372 Ἰουδίθ.

595 2457 781 2512 Ἰουδιθ
812 2456 1056 2512 καλεῖται
1083 2455 1146 2509 τὸ
1175 2455 1398 2525 βιϐλίον,
1425 2455 1611 2526 ἐπειδὴ
1649 2454 2087 2527 πολεμουμένους

514 2548 610 2603 zeal
642 2544 1131 2617 πολιορκουμένους
1161 2543 1267 2596 ὑπὸ
1308 2541 1402 2595 τοῦ
1440 2540 1758 2612 Ὀλοφέρνου
1785 2550 1913 2606 τοὺς
1938 2542 2087 2606 υίοὺς

527 2636 742 2706 Ἰσραὴλ
763 2634 792 2685 6
817 2633 949 2696 Θεὸς
972 2631 1061 2685 διὰ
1087 2632 1185 2699 τῆς
1214 2627 1399 2682 Ἰουδιθ
1427 2629 1550 2692 τοὺς
1577 2628 1677 2699 μὲν
1705 2628 1867 2692 λαοὺς
1892 2628 2083 2691 ἔσωσε,

512 2723 606 2776 τὸν
647 2723 704 2774 δὲ
743 2720 1064 2790 ὐλοφέρνην
1096 2716 1384 2781 ἐπάταξεν.
1427 2715 1492 2770 Ἦ
1538 2716 1597 2770 δὲ
1651 2717 1860 2790 ίστορία
1902 2716 2042 2788 αὕτη
2068 2730 2083 2745 ⁸

516 2807 979 2878 Ναϐουχοδονόσορ
1000 2808 1028 2859 6
1060 2804 1308 2876 βασιλεὺς
1362 2803 1473 2858 τῶν
1517 2803 2089 2876 Ἀσσυρίων,πόλεμον

515 2899 654 2967 ἔχων
682 2896 820 2967 πρὸς
852 2892 1123 2965 Ἀρφάξαδ
1150 2890 1375 2962 βασιλέα
1403 2890 1622 2962 Μήδων,
1657 2890 1826 2961 ᾔτησε
1865 2908 2087 2962 συμμαο

519 2985 641 3056 χίαν
679 2981 832 3055 παρά
876 2980 986 3035 τῶν
1033 2978 1203 3034 ἐθνῶν
1242 2978 1456 3032 πάντων
1506 2977 1611 3040 ἕως
1652 2976 1949 3047 Αἰγύπτου.
1995 2980 2087 3051 Μή

513 3072 821 3127 δεδωκότων
869 3068 926 3123 δὲ
973 3066 1152 3122 αὑτῶν
1170 3109 1186 3133 ,
1233 3065 1347 3119 ἀλλ’
1401 3064 1794 3136 άντειρηκότων
1832 3064 2047 3118 πάντων
2070 3103 2086 3128 ,

519 3157 659 3229 μετά
710 3157 769 3212 τὸ
821 3155 1040 3226 νικῆσαι
1084 3154 1177 3208 zeal
1225 3151 1608 3224 περιγενέσθαι
1658 3149 1753 3205 τοῦ
1795 3149 2086 3223 Ἀρφάξαδ,

516 3245 669 3299 ἔθετο
707 3242 850 3298 κατά
893 3242 1000 3296 τῶν
1035 3241 1110 3313 μή
1136 3240 1444 3294 δεδωκότων
1492 3237 1746 3308 πόλεμον.
1797 3239 1908 3292 Kal
1954 3240 2090 3292 ἀπέ-

519 3331 694 3388 στειλε
734 3330 826 3384 τδν
862 3330 1189 3400 Ὀλοφέρνην
1221 3327 1359 3399 μετά
1405 3327 1684 3398 δυνάμεως
1728 3325 1928 3398 πολλῆς
1971 3328 2088 3380 κατ’

517 3420 716 3476 αὑτῶν.
756 3418 838 3471 Τά
873 3418 970 3489 μέν
993 3411 1086 3469 οὖν
1115 3414 1249 3469 ἀλλα
1281 3414 1462 3467 πάντα
1498 3413 1625 3484 ἔθνη
1664 3412 1855 3476 ἔλαϐε,
1901 3414 1996 3467 zeal
2022 3414 2092 3467 τά

520 3509 712 3563 εἴδωλα
746 3505 925 3561 αὑτῶν
960 3503 1302 3574 συνέτριψεν.
1339 3503 1404 3555 Οί
1429 3502 1486 3557 δὲ
1518 3502 1624 3557 υἱοὶ
1656 3502 1873 3573 Ἰσραὴλ
1916 3503 2093 3573 ἠσφα-

518 3598 735 3653 λίσαντο
766 3598 1010 3659 ἐαυτους,
1047 3595 1139 3648 zeal
1176 3595 1277 3663 οὐχ
1305 3592 1621 3663 ὑπήκουσαν
1657 3591 1736 3662 τῷ
1776 3592 2088 3665 Ὀλοφέρνῃ,

518 3686 642 3740 οὔτε
670 3684 1013 3756 ἐφοϐήθησαν
1034 3679 1199 3737 αὑτοῦ
1217 3680 1317 3751 τὴν
1340 3680 1589 3749 ἀπειλήν.
1625 3679 1684 3731 ὐ
1708 3679 1886 3733 τοίνυν
1916 3681 2094 3750 ἱερεὺς

532 3773 785 3843 Ἰωακεὶμ
812 3770 1015 3840 ἔγραψε
1047 3772 1160 3832 τοῖς
1198 3770 1257 3821 ἐν
1287 3765 1557 3839 Βετυλούᾳ
1580 3766 1781 3837 φράξαι
1813 3767 1908 3837 τὴν
1940 3766 2091 3841 [566]

519 3861 640 3915 ὁδὸν
672 3859 1008 3930 ὐλοφέρνου,
1040 3854 1226 3923 ἐπειδὴ
1251 3852 1461 3907 ἐκεῖθεν
1491 3848 1559 3924 ἦν
1588 3853 1761 3907 αὑτοῦ
1787 3853 1977 3925 ήόδὺς,
2001 3856 2095 3908 zeal

521 3948 783 4020 ἔφραξαν.
837 3947 948 4001 Kal
991 3946 1020 3998 6
1065 3943 1163 4014 μὲν
1218 3941 1543 4012 ὈλοφέΜς
1591 3941 1962 4012 παρετάσσετο
2014 3942 2094 4004 είς

523 4038 776 4109 πόλεμον.
826 4035 1026 4107 Ἀχιὼρ
1053 4033 1111 4087 δὲ
1151 4032 1182 4084 6
1226 4030 1525 4104 ἡγούμενος
1557 4032 1666 4084 τῶν
1705 4030 1837 4084 υίῶν
1872 4030 2095 4102 ’Δμμὼν

525 4125 903 4179 συνεϐούλευσε
921 4121 1000 4193 τῷ
1038 4121 1333 4192 Ὀλοφέρνῃ
1362 4121 1437 4190 μὴ
1457 4116 1713 4188 πολεμεῖν
1727 4117 1789 4171 τὸ
1812 4117 1962 4182 έθνος
1986 4118 2095 4171 τῶν

536 4213 803 4285 Ἑϐραίων
829 4210 917 4266 διὰ
950 4210 1012 4264 τὸ
1040 4206 1435 4280 ὑπερασπίζειν
1462 4205 1640 4260 αὑτῶν
1671 4204 1763 4259 τὸν
1803 4205 1955 4258 Θεόν.
1987 4206 2096 4258 Kal

524 4299 798 4371 ὀργισθεὶς
859 4297 1183 4369 Ὀλοφέρνης
1242 4294 1585 4364 ἀπέστρεψεν
1636 4291 1799 4345 αὑτὸν
1856 4293 1935 4355 είς
2000 4291 2098 4344 Βε-

524 4389 708 4450 τουλᾶ,
737 4386 1037 4457 ἀπειλήσας
1069 4385 1314 4455 ἀναιρεῖν
1343 4380 1507 4434 αὑτὸν
1532 4380 1583 4432 εί
1612 4378 1951 4449 περιγένοιτο
1989 4378 2097 4433 τῶν

538 4474 823 4543 Ἐϐραίων.
873 4474 933 4525 Ὀ
974 4472 1071 4541 μὲν
1096 4467 1191 4524 οὖν
1236 4466 1433 4539 ’Δχιὼρ
1459 4461 1528 4537 ἧν
1562 4465 1797 4519 Βετουλᾶ
1826 4465 2099 4520 ἀναπαυό-

530 4578 709 4633 μενος.
749 4562 808 4613 ’0
843 4559 900 4613 δέ
943 4558 1266 4629 Ὀλοφέρνης
1294 4554 1598 4622 ἐπολιόρκει
1624 4552 1723 4624 τὴν
1756 4552 1927 4614 πόλιν,
1960 4571 2096 4627 προ-

526 4647 847 4703 καταλαϐὼν
878 4647 946 4701 τά
985 4644 1172 4698 ὕδατα.
1214 4644 1355 4713 Ἤδη
1389 4642 1448 4696 δὲ
1483 4638 1579 4694 τοῦ
1607 4638 1738 4692 λαοῦ
1785 4639 2099 4704 ἐκλυθέντος

421 4720 425 4724 ’
524 4736 615 4791 διὰ
643 4736 705 4789 τὸ
726 4734 899 4805 δίψος,
928 4733 1020 4786 καὶ
1062 4730 1362 4802 μελλόντων
1388 4726 1635 4781 ἐκδοῦναι
1667 4726 1766 4797 τὴν
1807 4727 1959 4781 πόλιν
1990 4727 2099 4782 τῶν

525 4826 820 4899 ἀρχόντων,
871 4821 1053 4877 Ἰουδὶθ
1081 4816 1511 4875 ἀποϐαλοῦσατὰ
1536 4818 1635 4888 τῆς
1664 4816 1888 4887 χηρείας
1911 4816 2100 4899 ἱμάτια

527 4898 766 4983 (ἐπένθει
793 4910 902 4983 γὰρ
924 4911 1014 4963 τὸν
1046 4907 1232 4979 ἀνδρα,
1268 4906 1363 4959 zeal
1383 4906 1450 4958 δι’
1476 4903 1598 4957 ὅλου
1622 4901 1958 4974 νηστεύουσα
1983 4898 2097 4974 ἦν),

526 5000 830 5071 ἐκόσμησεν
878 4995 1074 5066 ἑαυτὴν
1101 4996 1177 5059 ὼς
1206 4993 1443 5064 νύμφην,
1491 4991 1587 5044 zeal
1629 4989 1799 5044 πολλά
1850 5007 2101 5061 παρακα-

526 5084 761 5145 λέσασα.
799 5083 940 5139 ὥστε
972 5082 1046 5153 μὴ
1090 5078 1338 5134 ἐκδοῦναι
1368 5077 1467 5149 τὴν
1500 5077 1655 5131 πόλιν
1692 5077 1850 5149 ἄχρις
1880 5079 2100 5149 ήμερῶν

529 5173 596 5236 ε’,
623 5170 845 5243 ἐξῆλθεν
877 5171 1016 5241 αὑτὴ
1048 5169 1185 5241 πρὸς
1218 5168 1310 5221 τὸν
1341 5166 1689 5237 Ὀλοφέρνην,
1725 5165 1820 5219 καὶ
1844 5168 1910 5236 τῇ
1939 5165 2102 5237 σοφίᾳ

528 5258 698 5329 αὐτῆς
727 5258 1058 5326 ἀπατήσασα
1089 5254 1270 5315 αὑτὸν,
1300 5254 1367 5324 τῇ
1395 5254 1554 5324 τρίτῃ
1597 5251 1783 5323 ἡμέρᾳ.
1822 5251 2101 5320 ἀπεκεφά-

529 5345 677 5400 λισεν
728 5344 891 5398 αὑτὸν
940 5342 1030 5415 [τῇ
1072 5342 1234 5414 τρίτῃ
1270 5338 1504 5411 ἡμέραι,
1551 5337 1885 5408 ἀγνοούντων
1941 5355 2104 5410 στρα-

528 5431 738 5487 τιωτῶν
782 5430 978 5493 αὑτοῦ,
1021 5430 1114 5484 zeal
1147 5427 1290 5482 οὕτω
1333 5427 1519 5480 λοιπον
1550 5427 1657 5479 ἀπὸ
1692 5425 1787 5479 τοῦ
1810 5425 2022 5496 τείχους
2052 5426 2102 5477 οί

534 5520 743 5575 πολῖται
790 5517 1107 5589 άφάψαντες
1148 5516 1248 5587 τὴν
1299 5513 1539 5585 κεφαλὴν
1593 5513 1943 5584 Ὀλοφέρνου,
1990 5515 2101 5575 τοῖς

528 5609 694 5663 αὑτοῦ
752 5610 1078 5680 στρατηγοίς
1135 5603 1437 5669 ὑπέδειξαν.
1501 5601 1781 5656 Ἐντεῦθεν
1828 5602 1877 5654 οί
1932 5599 2039 5672 γὰρ
2075 5614 2099 5640 ιι

596 5769 621 5800 ⁸
645 5771 741 5822 I‘ro
758 5772 844 5836 γάρ
866 5774 962 5837 leg.
991 5775 1086 5835 μέν.

1215 315 1275 370 S.
1308 314 1593 372 JOANNIS
1629 313 2085 373 (‘JIRYSOSTUM

2199 310 2467 369 RCHIEP.
2509 308 3056 368 ουΝετΑΝτιΝοΡ.

3654 303 3768 359 362

2201 431 2475 503 Ἀσσύριοι
2522 429 2755 498 ἔφυγον,
2803 430 2853 481 οί
2903 426 2961 481 δὲ
3003 426 3110 478 υίοὶ
3156 418 3378 493 Ἰσραὴλ
3426 418 3767 489 πανταχόθεν

2190 506 2586 588 συνδραμόντες
2618 514 2928 581 κατέκοψαν
2956 513 3084 576 τοὺς
3129 507 3462 580 Ἀσσυρίους.
3491 503 3767 567 Σωθέντες

2187 606 2244 659 δὲ
2277 604 2373 658 zeal
2417 602 2811 662 σκυλεύσαντες
2856 601 2987 662 τοὺς
3035 597 3346 666 πολεμίους,
3385 591 3649 646 δεδώκασι
3688 594 3764 662 τῇ

2190 690 2380 746 Ἰουδὶθ
2416 690 2593 743 πάντα
2624 690 2693 741 τά
2732 686 2824 741 τοῦ
2885 684 3227 756 Ὀλοφέρνου.
3274 680 3423 750 Αὐτὴ
3471 677 3528 731 δέ
3572 676 3761 731 Ἰουδιθ

2190 777 2498 833 ἀπελθοῦσα
2527 777 2607 839 είς
2631 773 2986 848 Ἰερουσαλὴμ
3013 772 3242 842 ἀνέθηκε
3262 768 3435 823 πάντα
3450 764 3529 836 τῷ
3546 764 3763 835 Κυρίῳ,

2190 867 2285 920 zeal
2310 863 2683 936 ἐπιστρέψασα
2711 863 2790 926 είς
2807 862 2898 915 τὸν
2926 855 3072 914 οἷκον
3105 858 3296 926 αὐτῆς,
3326 853 3426 925 τὴν
3456 852 3625 922 αὐτὴν
3647 848 3764 920 εἶχε

2191 955 2444 1023 ἄσκησιν,
2495 951 2590 1005 zeal
2631 950 2896 1019 διέμεινεν
2920 948 3025 1010 ἐως
3054 945 3284 999 θανάτου
3319 942 3485 1012 χήρα,
3537 939 3767 1009 μηδενὸς

2191 1039 2359 1109 αὑτὴν
2387 1038 2656 1109 ίσχύοντος
2685 1039 2871 1089 πείσαι
2899 1033 3036 1106 πρὸς
3064 1031 3242 1101 γάμον
3276 1028 3468 1081 ἐλθεῖν.
3498 1024 3767 1079 ’Δπέθανε

2190 1126 2246 1179 δὲ
2266 1126 2477 1196 ζήσασα
2502 1123 2678 1186 καλῶς
2705 1125 2764 1175 ἐν
2781 1124 2846 1192 τῇ
2876 1118 3072 1192 χηρείᾳ
3099 1115 3270 1184 αὑτῆς
3294 1114 3433 1168 ἐτῶν
3449 1119 3547 1185 ρε’.
3573 1111 3681 1165 Kal
3706 1112 3768 1164 ἐν

2192 1211 2399 1275 τούτοις
2430 1210 2580 1275 τέλος
2610 1209 2720 1280 ἔχει
2743 1207 2806 1261 τδ
2834 1206 3055 1278 βιϐλίον.

2778 1328 2909 1384 Ἰὼϐ
2929 1326 3192 1392 βιϐλίον.

2276 1457 2396 1511 Ἰὼϐ
2428 1457 2670 1511 καλεῖται
2703 1454 2764 1508 τὸ
2800 1450 3001 1523 βιϐλίον
3024 1491 3041 1515 ,
3080 1447 3269 1519 ἐπειδὴ
3301 1447 3400 1518 τὴν
3446 1445 3567 1497 κατ’
3599 1441 3768 1497 αὑτὸν

2195 1543 2435 1615 ίστορίαν
2461 1541 2732 1614 περιέχει,
2774 1538 2892 1603 πῶς
2920 1554 2981 1591 τε
3013 1533 3247 1589 πέπονθε
3298 1529 3616 1601 πειρασθεὶς
3658 1527 3769 1581 ὑπὸ

2191 1630 2286 1685 τοῦ
2333 1629 2579 1685 διαϐόλου
2606 1668 2622 1691 ,
2663 1627 2760 1681 zeal
2804 1625 3033 1696 νικήσας
3070 1621 3230 1674 αὑτὸν
3262 1622 3321 1673 ἐν
3361 1617 3440 1687 τῷ
3471 1617 3769 1685 ὑπομεῖναι

2193 1716 2432 1781 εὑσεϐῶς
2470 1717 2570 1779 τὰς
2599 1711 2978 1784 ἐπενεχθείσας
3006 1707 3154 1779 αύτῷ
3194 1706 3438 1777 πληγάς·
3473 1705 3568 1757 zeal
3602 1702 3769 1756 διπλᾶ

2194 1806 2371 1860 πάντα
2398 1803 2657 1870 ἀπέλαϐε,
2689 1804 2784 1857 zeal
2819 1800 3041 1869 γέγονεν
3068 1797 3399 1865 ἐνδοξότερος
3427 1793 3570 1863 ὑπὲρ
3612 1791 3643 1843 ὃ
3673 1786 3765 1859 ἦν.

2194 1893 2435 1948 Πέπονθε
2461 1892 2518 1946 δὲ
2539 1891 2676 1945 ἐτῶν
2697 1889 2773 1943 ὢν
2796 1895 2859 1954 ο¹,
2893 1885 3126 1956 ἐπέζησε
3158 1884 3216 1938 δὲ
3253 1883 3390 1953 μετὰ
3416 1880 3519 1944 τὰς
3552 1877 3768 1949 πληγὰς

2194 1981 2288 2050 ἐτη
2322 1986 2416 2052 ρον,
2441 1979 2517 2043 ὼς
2546 1975 2683 2032 εἶναι
2707 1976 2776 2030 τά
2802 1974 2982 2029 πάντα
3013 1974 3113 2044 τῆς
3140 1971 3284 2041 ζωῆς
3317 1969 3481 2022 αὑτοῦ
3515 1967 3613 2036 ἐτη
3652 1971 3767 2035 σμ’.

2193 2068 2388 2136 Γέγονε
2430 2067 2488 2121 δὲ
2529 2064 2651 2120 Ἰὼϐ
2693 2065 2798 2137 πρὸ
2841 2062 3159 2124 Μωὺσέως·
3206 2058 3316 2113 ἀπὸ
3362 2058 3473 2128 γὰρ
3516 2055 3771 2127 Ἀϐραὰμ

2195 2158 2442 2227 πέμπτος
2473 2151 2562 2227 ἦν,
2592 2153 2812 2222 ἔγγονος
2872 2148 3062 2205 Ἠσαῦ.
3103 2147 3204 2201 Διά
3231 2146 3288 2199 δὲ
3327 2144 3428 2217 τὴν
3464 2142 3772 2213 γενομένην

2195 2245 2315 2298 κατ’
2343 2242 2507 2297 αὑτοῦ
2539 2241 2753 2312 πληγήν
2791 2235 2954 2309 ἦλθον
2987 2235 3122 2308 πρὸς
3149 2233 3311 2289 αὑτὸν
3337 2232 3479 2303 φίλοι
3512 2245 3771 2301 παρακοι-

2194 2333 2303 2386 λεῖν
2319 2331 2501 2393 αὑτὸν,
2531 2331 2626 2384 zeal
2645 2327 2895 2382 τοσοῦτον
2917 2323 3237 2396 φιλονείκως
3255 2323 3349 2376 zeal
3370 2319 3615 2392 ἀνηλεῶς
3632 2318 3771 2388 πρὸς

2194 2420 2357 2473 αὑτὸν
2383 2416 2696 2486 διετέθησαν
2743 2418 2858 2477 τοίς
2903 2413 3103 2480 λόγοις,
3158 2409 3300 2464 ὥστε
3347 2408 3443 2462 zeal
3491 2404 3769 2477 ἁμαρτίαν

2195 2507 2376 2569 αὑτοῖς
2399 2505 2462 2559 τὸ
2489 2506 2721 2576 πρᾶγμα
2737 2500 3073 2572 λογισθῆναι.
3106 2499 3164 2552 Ὀ
3184 2497 3242 2552 δὲ
3280 2495 3398 2550 Ἰὼϐ
3423 2493 3769 2565 παρεκάλεσε

2192 2593 2285 2646 τὸν
2313 2592 2446 2646 Θεὸν
2465 2591 2606 2662 ὑπὲρ
2629 2588 2830 2652 αὑτιῖιν,
2860 2589 2955 2642 zeal
2982 2584 3334 2656 συνεχωρήθη
3376 2584 3580 2643 αὐτοῖς.
3616 2580 3767 2633 Εἰσὶν

2194 2676 2287 2734 οὖν
2310 2679 2387 2751 τῷ
2426 2678 2545 2732 Ἰὼϐ
2571 2675 2808 2745 διάλογοι
2827 2674 2961 2746 πρὸς
2977 2675 3101 2737 τοὺς
3123 2672 3309 2742 φίλους
3323 2668 3373 2741 η’
3389 2689 3402 2701 ·
3426 2668 3520 2723 τοῦ
3545 2667 3769 2737 Ἐλιφάζ

2194 2767 2333 2840 πρὸς
2375 2765 2537 2820 αὑτὸν
2561 2766 2738 2834 τρεῖς·
2790 2762 2887 2815 τοῦ
2935 2760 3137 2831 Σωφάρ
3168 2756 3303 2829 πρὸς
3324 2756 3488 2810 αὑτὸν
3518 2754 3612 2807 δύο
3631 2770 3644 2783 ⁸
3673 2756 3771 2807 zeal

2195 2854 2286 2909 τοῦ
2318 2852 2519 2908 Βαλδάδ
2542 2853 2714 2923 τρεῖς.
2740 2851 2862 2903 Ἔτι
2888 2848 2947 2902 δέ
2980 2847 3073 2901 zeal
3100 2844 3194 2899 τοῦ
3243 2843 3453 2907 Ἐλιοὺζ
3471 2840 3565 2894 τοῦ
3596 2841 3773 2909 Βαρα-

2196 2944 2321 3014 χιὴλ
2344 2940 2440 2995 τοῦ
2472 2939 2744 3004 Βουζίτου.
2774 2936 2885 2990 Kal
2914 2933 3099 2988 λοιπὸν
3136 2934 3165 2985 6
3212 2929 3414 3001 Κύριος
3445 2924 3770 2998 χρηματίζει

2196 3031 2274 3101 τῷ
2313 3029 2433 3082 Ἰὼϐ
2464 3027 2555 3082 διὰ
2592 3026 2853 3089 λαίλαπος
2882 3023 2978 3078 καὶ
3003 3022 3254 3093 νεφέλης.
3296 3018 3675 3089 Ἀποκρίνεται
3710 3015 3766 3068 δὲ

2197 3117 2294 3172 zeal
2332 3116 2452 3170 Ἰὼϐ
2480 3114 2557 3185 τῷ
2587 3113 2777 3187 Κυρίῳ
2808 3111 2898 3166 διὰ
2935 3110 3108 3180 λόγων
3144 3108 3259 3163 δύο.
3292 3107 3404 3161 Kal
3430 3103 3589 3159 τοῦτο
3617 3103 3768 3167 τέλος

2198 3205 2310 3276 ἔχει
2346 3204 2408 3257 τ’)
2432 3200 2654 3274 βιϐλίον.

2273 3308 2430 3360 Ἔστι
2480 3305 2538 3360 δὲ
2582 3306 2613 3358 6
2669 3302 2871 3367 σκοπὸς
2904 3300 3069 3356 αὑτοῦ
3103 3301 3249 3363 ἄπας
3300 3297 3437 3368 πρὸς
3494 3294 3770 3365 ὑπομονὴν

2199 3392 2596 3464 ἐκκαλούμενος
2628 3389 2779 3463 [567]
2815 3391 2942 3452 τοὺς
2967 3390 3025 3442 ἐν
3057 3389 3379 3460 πειρασμοῖς
3410 3384 3767 3452 περιπίπτον-

2198 3499 2317 3547 τας,
2356 3480 2460 3535 κᾶν
2490 3478 2629 3532 πάνυ
2666 3479 2753 3531 ἐπ’
2789 3474 3040 3546 εὐσεϐείᾳ
3064 3473 3535 3546 μεμαρτύρηνται,
3571 3470 3666 3524 zeal
3696 3468 3770 3541 μὴ

2202 3565 2647 3631 σκανδαλίζεσθαι
2672 3605 2686 3628 ,
2718 3563 2833 3617 ἀλλ’
2862 3563 3182 3630 ἐπιφωνεῖν·
3230 3561 3283 3613 '0
3322 3560 3535 3627 Κύριος
3566 3556 3769 3614 ἔδωκε.

2201 3659 2234 3712 ὀ
2252 3656 2462 3724 Κύριος
2480 3653 2758 3722 ἀφείλετο
2777 3668 2789 3681 ·
2819 3652 2901 3716 ὡς
2924 3647 3003 3715 τῷ
3023 3649 3219 3717 Κυρίῳ
3246 3647 3477 3711 ἔδοξεν,
3496 3645 3652 3699 οὕτω
3672 3642 3768 3695 καί

2200 3742 2466 3814 ἐγένετο·
2499 3741 2592 3807 εἴη
2632 3739 2698 3792 τὸ
2739 3738 2927 3807 ὄνομα
2961 3736 3182 3804 Κυρίου
3215 3731 3627 3802 εὐλογημένοι·
3655 3728 3771 3784 ἀπὸ

2201 3830 2307 3885 τοῦ
2344 3830 2461 3885 νῦν
2496 3829 2596 3884 καὶ
2620 3828 2733 3894 ἕως
2761 3824 2869 3880 τοῦ
2911 3822 3150 3890 αἰῶνος·
3179 3820 3261 3875 ἐτι
3292 3821 3385 3874 zeal
3421 3820 3501 3885 τὸ,
3534 3816 3772 3887 regere-Ec

2200 3916 2462 3984 ἐξῆλθον
2484 3918 2552 3970 ἐκ
2581 3915 2813 3979 κοιλίας
2829 3912 3054 3981 μητρός
3082 3927 3223 3979 μου,
3258 3907 3483 3978 γυμνὸς
3513 3906 3608 3960 καὶ
3632 3906 3772 3957 ἀπε-

2200 4007 2490 4073 λεύσομαι
2514 4002 2669 4057 ἐκεῖ·
2705 4002 2801 4055 zeal
2833 3998 3082 4053 ἐντεῦθεν
3107 3997 3292 4050 λοιπὸν
3317 3992 3608 4065 μανθάνειν
3634 3991 3771 4059 πόση

2204 4094 2303 4164 τῆς
2341 4090 2618 4163 ὑπομονῆς
2659 4091 2697 4161 ή
2737 4087 3004 4157 ὠφέλεια·
3052 4085 3146 4139 zeal
3182 4084 3289 4155 γάρ
3332 4081 3579 4135 ἐντεῦθεν
3620 4081 3775 4132 κάκεῖ

2203 4179 2302 4248 τὴν
2334 4175 2756 4249 μισθαποδοσίαν
2805 4172 3065 4244 λήψονται
3116 4170 3192 4234 ὡς
3229 4167 3370 4223 Ἰὼϐ.
3418 4166 3541 4221 Ἔτι
3576 4166 3633 4219 δὲ
3682 4165 3775 4217 zeal

2206 4264 2458 4336 ἀναδείξῃ
2504 4267 2534 4317 6
2583 4263 2714 4328 Θεὸς
2765 4258 3093 4329 ἀπείραστος
3131 4256 3317 4310 κακῶν
3343 4293 3359 4319 ,
3418 4253 3668 4324 πειράζει
3719 4251 3776 4304 δὲ

2206 4352 2428 4406 οὐδένα·
2458 4348 2913 4421 παραχωροῦντος
2953 4345 3010 4398 δέ
3045 4343 3138 4399 τοῦ
3174 4341 3309 4396 Θεοῦ
3345 4340 3643 4409 πειρασμοὶ
3670 4340 3775 4397 τοῖς

2206 4438 2510 4509 ἀνθρώποις
2531 4435 2635 4489 ὑπὸ
2658 4434 2925 4504 δαιμόνων
2947 4432 3286 4504 ἐπέρχονται,
3311 4428 3398 4483 διά
3430 4428 3531 4498 τὴν
3546 4427 3775 4480 ἑκάστου

2206 4528 2434 4596 δοκιμὴν
2488 4524 2584 4577 zeal
2628 4523 2924 4577 τελείωσιν.
2976 4520 3114 4574 Φασὶ
3156 4519 3214 4572 δὲ
3282 4516 3604 4587 Σολομῶντα
3656 4529 3776 4566 συν-

2206 4614 2485 4684 τεταχέναι
2511 4612 2605 4664 zeal
2631 4610 2790 4664 τοῦτο
2824 4610 2886 4663 τὸ
2913 4608 3137 4679 βιϐλίον,
3168 4608 3216 4659 εί
3247 4605 3321 4677 μὴ
3355 4607 3463 4675 ἄρα
3502 4600 3776 4662 Μωῦσέως

2208 4703 2324 4755 ἐστὶ
2355 4700 2712 4770 σύγγραμμα.
2761 4696 2826 4750 Ἦ
2854 4697 2952 4768 μὲν
2973 4695 3200 4766 περιοχὴ
3231 4691 3326 4745 τοὺ
3363 4689 3568 4760 βιϐλίου
3593 4687 3777 4740 τοῦτον

2209 4791 2318 4862 ἔχει
2363 4790 2455 4843 τὸν
2502 4788 2720 4859 τρόπον.
2784 4788 2851 4839 Ἦ
2900 4786 2956 4839 δέ
3004 4780 3474 4852 άνακεφαλαίωσίς
3521 4780 3667 4831 ἐστιν
3721 4778 3778 4827 ἐν

2207 4880 2437 4941 τούτοις.
2483 4875 2571 4928 Ἐν
2611 4873 2918 4945 προοιμίοις
2949 4873 3066 4942 μὲν,
3114 4870 3191 4933 ὡς
3229 4866 3298 4940 ἦν
3340 4867 3458 4921 Ἰὼϐ
3507 4865 3668 4918 οἰκῶν
3722 4864 3778 4915 ἐν

2209 4964 2362 5036 χώρᾳ
2416 4964 2484 5034 τῇ
2548 4960 2791 5014 Αὑσίτιδι
2828 4976 2843 4991 ·
2906 4954 3025 5011 εἶτα
3084 4955 3358 5028 μαρτυρία
3412 4955 3511 5023 τῆς
3550 4948 3777 5036 Γραφῆς

2211 5033 2347 5122 περῖ
2373 5033 2479 5121 τῆς
2513 5047 2724 5119 ἀγαθῆς
2758 5044 2919 5099 αὑτοῦ
2949 5043 3255 5106 πολιτείας·
3302 5040 3398 5095 καὶ
3427 5041 3509 5093 ὅτι
3546 5033 3685 5108 ἦσαν
3728 5039 3777 5089 οι

2211 5140 2317 5192 υἱοὶ
2352 5135 2501 5208 αὑτῷ
2530 5137 2604 5201 ξ’,
2646 5133 2741 5190 zeal
2772 5133 3069 5203 θυγατέρες
3104 5137 3156 5196 ς’
3184 5146 3201 5163 ·
3245 5130 3340 5183 zeal
3373 5128 3501 5200 περὶ
3546 5124 3776 5197 ἀριθμοῦ

2210 5230 2318 5280 τῶν
2341 5224 2551 5297 κτηνῶν
2580 5221 2764 5277 αὑτοῦ.
2786 5220 2897 5275 Kal
2921 5221 3002 5273 ὅτι
3035 5218 3391 5289 πορευόμενοι
3411 5218 3458 5269 οί
3488 5217 3591 5267 υἱοὶ
3613 5211 3773 5266 αὑτοῦ

2211 5317 2347 5389 πρὸς
2378 5314 2658 5387 ἀλλήλους,
2704 5313 2919 5366 ἐποίουν
2949 5312 3109 5364 πότον
3137 5309 3258 5362 καθ’
3286 5308 3524 5375 ἑκάστην
3569 5303 3775 5375 ἡμέραν

2214 5406 2310 5457 σὺν
2328 5405 2446 5466 ταῖς
2471 5401 2645 5471 τρισὶν
2678 5397 2930 5467 ἀδελφαῖς
2964 5396 3162 5451 αὑτῶν.
3193 5395 3295 5449 Kal
3325 5392 3608 5447 ἐπέστελλε
3659 5389 3775 5443 Ἰὼτ

2213 5490 2309 5545 καὶ
2345 5487 2635 5558 ἐκαθάριζε
2676 5486 2803 5549 τοὺς
2851 5486 3000 5548 υίοὺς
3047 5483 3234 5544 αὑτοῦ,
3283 5480 3606 5553 προσφέρων
3650 5475 3775 5546 ’περὶ⁵

2213 5576 2391 5630 αὑτῶν
2408 5575 2595 5628 θυσίαν
2610 5573 2686 5643 τῷ
2702 5572 2909 5643 Κυρίῳ.
2941 5569 3133 5640 Πρώτη
3160 5567 3434 5640 μαρτυρία
3453 5565 3547 5618 τοῦ
3570 5561 3773 5634 Κυρίου

2216 5665 2343 5732 περὶ
2370 5662 2463 5714 τοῦ
2502 5659 2623 5714 Ἰὼϐ
2652 5660 2786 5731 πρὸς
2821 5659 2912 5711 τὸν
2945 5656 3210 5719 διάϐολον,
3243 5655 3432 5725 πρώτη
3463 5648 3776 5721 φθονολογία

2214 5749 2307 5802 τοῦ
2322 5746 2563 5803 διαϐόλου
2589 5748 2716 5817 περὶ
2738 5744 2856 5799 Ἰὼϐ
2882 5743 3008 5816 πρὸς
3031 5742 3119 5796 τὸν
3132 5742 3351 5815 Κύριον.
3373 5739 3610 5795 Ἔδωκεν
3630 5733 3775 5800 ἐξου-
