3962 6190
221 322 315 379 ὖπί

216 470 397 510 versus
425 469 548 508 vero
582 452 766 509 oculos
791 454 954 523 patris
983 453 1103 509 felle
1142 455 1302 524 piscis
1323 455 1533 519 oblinit,
1564 464 1619 511 et
1645 455 1788 510 deci-

214 547 345 601 dunt
380 561 648 616 squama},
686 553 741 600 et
790 559 913 601 mox
954 546 1124 600 visum
1175 547 1375 616 recepit
1412 561 1596 602 senex.
1632 546 1791 603 Tobit

217 652 373 708 porro
388 653 507 693 cum
526 646 825 693 exczreatus
840 647 918 693 est
933 652 1192 692 annorum
1209 646 1320 693 erat
1342 637 1437 704 58,
1453 653 1573 693 cum
1601 647 1782 694 autem

216 731 377 783 visum
392 729 593 798 recepit
620 744 881 783 annorum
899 728 988 783 66.
1012 728 1146 784 Tum
1160 728 1373 784 demum
1400 743 1523 784 cum
1538 728 1694 784 Tobit
1710 730 1793 784 vi-

214 820 379 885 deret,
396 819 619 890 angelus
639 835 759 876 sese
776 820 1148 888 manifestavit,
1167 821 1305 889 quod
1327 821 1487 876 homo
1504 836 1607 876 non
1623 830 1786 889 esset,

217 910 305 965 sed
334 925 362 965 a
395 910 507 966 Deo
536 911 751 975 missus,
783 919 839 964 ut
866 910 995 980 ipsis
1020 919 1073 965 et
1107 912 1283 967 Same
1303 927 1457 982 opem
1482 913 1663 968 ferret.
1687 913 1787 969 Ubi

217 1014 335 1055 vero
371 1013 537 1055 senex
579 998 747 1055 factus
784 1008 928 1055 esset
953 999 1128 1066 Tobit,
1161 1001 1533 1071 prmcepitﬁlio
1561 1017 1659 1057 suo
1684 1003 1791 1057 To-

214 1091 329 1158 llite,
365 1101 425 1147 ut
464 1093 515 1147 in
547 1091 771 1147 Mediam
811 1092 1003 1160 abiret,
1040 1093 1182 1162 quod
1211 1093 1439 1149 futurum
1457 1102 1599 1150 esset
1614 1103 1674 1150 ut
1701 1094 1792 1150 Ni-

216 1184 327 1237 nive
343 1182 638 1237 secundum
662 1184 881 1240 verbum
907 1183 1058 1239 Jona:
1082 1184 1355 1254 propheta:
1370 1186 1786 1255 subverteretur,

213 1282 264 1327 et
298 1272 552 1329 deﬁciens
595 1283 837 1328 mortuus
882 1284 967 1329 est
1003 1289 1264 1329 annorum
1318 1277 1440 1332 155.
1472 1277 1639 1332 Filius
1662 1294 1791 1333 vero

212 1364 319 1431 ejus
340 1364 542 1420 Tobias
569 1365 621 1419 in
651 1364 874 1420 Mediam
901 1366 1165 1434 migravit,
1198 1366 1287 1421 ubi
1321 1368 1534 1423 tandem
1568 1369 1792 1438 sepultis

213 1468 392 1509 socero
412 1463 479 1509 et
503 1469 686 1521 socru,
711 1464 767 1509 et
788 1454 858 1509 de
890 1454 1098 1509 Ninivat
1136 1456 1344 1511 excidio
1366 1466 1614 1527 percepta
1651 1457 1791 1513 fama

216 1554 451 1600 mortuus
476 1552 560 1602 est
579 1560 841 1601 annorum
875 1546 997 1603 l07.
1035 1546 1103 1602 Et
1139 1546 1192 1603 in
1221 1547 1334 1603 haec
1360 1547 1556 1603 desinit
1583 1548 1735 1604 liber.

742 1672 893 1713 Ltssn
930 1674 1118 1715 manu
1164 1658 1261 1731 (α).

280 1767 373 1823 llic
412 1768 550 1825 liber
576 1768 758 1825 Juditlt
788 1780 1029 1837 vocatur,
1066 1773 1189 1844 quia
1229 1772 1369 1829 ﬁlios
1394 1773 1556 1829 Israel
1591 1773 1660 1829 ab
1687 1774 1796 1830 llo-

216 1858 465 1930 lopberue
507 1861 839 1932 impugnatos
863 1872 918 1918 et
963 1862 1212 1919 obsessos
1233 1904 1249 1930 ,
1307 1864 1447 1920 Deus
1484 1865 1600 1935 ejus
1628 1879 1791 1935 opera

217 1950 484 2018 liberavit;
514 1952 1014 2025 liolophernemque
1042 1956 1325 2026 percussit.
1355 1957 1583 2013 llistoria
1614 1968 1792 2014 autem

222 2042 387 2098 hocse
416 2043 580 2098 habet
603 2045 784 2100 modo.
807 2045 1293 2103 Nabuchodonosor
1314 2063 1407 2104 rex
1429 2050 1791 2121 Assyriorum,

224 2148 338 2188 cum
356 2133 549 2190 bellum
572 2146 786 2207 gereret
812 2137 1071 2193 adversus
1096 2139 1381 2209 Arphaxad
1407 2156 1583 2210 regem
1615 2142 1797 2197 Medo-

226 2238 356 2288 rum,
377 2224 450 2278 ab
464 2227 711 2281 omnibus
737 2228 982 2297 gentibus
1004 2244 1171 2298 usque
1195 2229 1262 2284 ad
1289 2229 1578 2302 (Egyptum
1598 2234 1790 2287 auxilia

222 2316 455 2381 petierat.
479 2315 613 2370 Cum
638 2326 817 2373 autem
844 2333 1002 2374 nemo
1026 2320 1278 2375 auxilium
1310 2322 1560 2387 misisset,
1587 2324 1681 2378 sed
1704 2338 1792 2380 rc-

220 2404 455 2461 nnissent
477 2421 686 2465 omnes.
720 2416 1061 2479 posteaquam
1090 2410 1300 2466 vicisset
1327 2420 1381 2467 et
1410 2411 1792 2482 Arpltaxadnm

219 2493 348 2550 bello
386 2506 730 2566 superasset,
770 2498 966 2554 bellum
1011 2500 1188 2555 intulit
1226 2501 1290 2555 iis
1317 2502 1410 2572 qui
1457 2503 1586 2559 nihil
1612 2503 1793 2558 auxilii

214 2584 465 2640 miserant
494 2603 509 2639 :
537 2587 789 2658 misitque
829 2587 1223 2660 llolupbernem
1250 2591 1508 2647 adversus
1548 2609 1643 2649 eos
1670 2609 1792 2649 cum

214 2689 395 2744 magno
425 2677 686 2732 exercitu.
715 2677 811 2733 llic
838 2678 970 2736 alias
996 2679 1213 2751 quidem
1230 2696 1420 2737 omnes
1438 2694 1627 2754 gentes
1654 2684 1795 2742 bello

211 2764 360 2835 cepit,
391 2775 452 2819 et
481 2765 620 2822 idola
648 2768 881 2838 ipsarum
901 2771 1180 2842 confregit.
1203 2771 1456 2828 Israelita!
1473 2780 1651 2830 autem
1672 2791 1795 2832 sese

211 2858 664 2925 communierant,
720 2875 821 2915 nec
866 2860 1193 2930 llulopherni
1247 2863 1559 2933 obsequnti,
1622 2880 1796 2935 neque

216 2947 364 3002 minis
398 2948 546 3004 illius
581 2951 850 3020 perterriti
896 2962 1042 3007 sunt.
1085 2950 1314 3024 Scripsit
1343 2955 1520 3026 itaque
1545 2955 1795 3013 sacerdos

212 3035 411 3092 Joakirn
438 3039 643 3094 civibus
670 3040 923 3112 Betyluaz,
952 3052 1008 3098 ut
1035 3044 1171 3098 viam
1200 3044 1524 3115 llolopherni
1550 3047 1798 3103 obstrue-

214 3139 352 3195 rent;
381 3132 556 3188 isthac
575 3134 720 3189 enim
747 3134 852 3190 iter
877 3136 1111 3191 facturus
1136 3146 1284 3203 erat;
1315 3148 1368 3193 et
1393 3139 1790 3195 obstruxerunt.

215 3222 576 3294 llolophcrnes
605 3225 766 3297 igitur
780 3227 951 3283 aciem
970 3227 1215 3284 instruxit
1232 3229 1299 3285 ad
1327 3245 1576 3301 pugnam.
1596 3231 1796 3289 Acbior

212 3325 380 3370 autem
414 3316 663 3387 princeps
689 3318 1116 3376 Ammonitarum
1141 3329 1329 3377 auctor
1354 3332 1469 3378 erat
1497 3322 1794 3394 Hol0pber-

213 3404 279 3467 ni,
309 3421 379 3461 ne
401 3407 545 3477 genti
573 3406 920 3465 Hebraeorum
962 3410 1157 3466 bellum
1187 3410 1423 3475 inferret,
1451 3427 1518 3468 eo
1542 3414 1683 3484 quod
1717 3415 1794 3471 illi

214 3508 241 3545 a
276 3495 386 3550 Deo
432 3506 858 3568 protegerentur.
902 3498 1206 3569 Indignatus
1249 3502 1614 3572 llolophcrnes
1652 3504 1796 3560 misit

216 3599 328 3639 cum
367 3585 650 3654 Betulam,
700 3588 968 3645 interitum
1012 3591 1084 3646 illi
1123 3593 1474 3649 comminatus
1505 3595 1549 3649 si
1585 3594 1794 3665 quando

216 3672 465 3729 llebrmos
492 3676 749 3733 vinceret.
773 3679 974 3734 Achior
991 3683 1166 3750 itaque
1186 3682 1238 3735 in
1262 3682 1443 3737 Betula
1465 3684 1790 3753 quiescebat.

212 3763 578 3836 llulophernes
604 3783 733 3824 vero
761 3771 1031 3826 civitatem
1069 3771 1366 3839 obsidebat,
1402 3783 1456 3828 et
1492 3774 1603 3843 jam
1629 3790 1794 3846 aquas

210 3857 355 3913 illius
374 3870 742 3929 occupaverat.
772 3862 906 3916 Cum
934 3863 1020 3917 siti
1048 3863 1158 3933 jam
1192 3863 1517 3936 afﬂigeretur
1543 3869 1790 3937 populus,

206 3956 256 4000 ct
279 3946 550 4017 principes
569 3950 840 4006 civitatem
864 3953 1108 4008 tradituri
1134 3964 1314 4009 essent
1334 3995 1351 4021 ,
1381 3955 1561 4009 Jndith
1581 3956 1793 4025 deposi-

208 4038 271 4091 tis
297 4035 573 4094 Ividuitatis
605 4039 1138 4106 vestibustmaritum
1165 4045 1306 4099 enim
1339 4054 1604 4100 mortuum
1647 4048 1794 4117 luge-

208 4124 328 4191 bat,
350 4136 403 4181 et
415 4130 649 4199 quotidie
674 4132 987 4203 jejunabat),
1014 4136 1243 4205 seipsam
1275 4136 1441 4192 instar
1466 4152 1675 4207 sponsa:
1699 4155 1791 4195 or-

210 4219 393 4288 navit,
436 4232 491 4277 et
542 4224 726 4278 multis
764 4225 1044 4282 adhortata
1094 4232 1356 4298 primores
1406 4230 1676 4298 civitatis,
1725 4248 1794 4287 ne

209 4312 474 4368 civitatem
519 4314 587 4369 ad
616 4330 786 4385 usque
813 4319 1046 4389 quinque
1080 4319 1197 4374 dies
1232 4321 1369 4374 hosti
1401 4319 1690 4388 traderent,
1725 4323 1792 4379 ad

212 4400 609 4473 llelophernem
638 4422 851 4476 egressa
884 4419 992 4475 est,
1017 4419 1070 4464 et
1095 4424 1216 4464 cum
1244 4425 1339 4465 sua
1366 4411 1511 4467 illum
1538 4413 1792 4483 sapientia

211 4493 547 4566 accepisset,
586 4499 740 4554 tertia
778 4499 900 4565 die,
942 4502 1305 4573 ignorantibus
1347 4504 1464 4573 ejus
1499 4505 1790 4571 militibus,

216 4585 380 4651 ipsum
408 4591 589 4658 capite
609 4593 892 4647 truncavit.
920 4592 985 4647 Et
1008 4593 1087 4649 sic
1109 4594 1323 4650 demum
1347 4596 1511 4663 cives,
1533 4612 1794 4666 suspenso

216 4674 563 4746 llolophernis
579 4681 779 4752 capite,
805 4682 978 4750 ipsum
1016 4682 1134 4752 ejus
1171 4684 1395 4741 tribunis
1420 4687 1790 4743 ostenderunt.

217 4765 343 4825 lline
392 4772 600 4843 Assyrii
649 4774 920 4844 fugerunt;
967 4775 1223 4831 Israelita:
1262 4791 1390 4832 vero
1441 4778 1793 4849 undequaquc

212 4872 587 4917 concurrentes
623 4864 870 4934 Assyrios
908 4866 1256 4921 trucidarunt.
1302 4866 1531 4922 Liberati
1573 4868 1789 4939 itaque,

214 4947 537 5021 direptisque
580 4951 813 5008 hostium
859 4956 1051 5011 castris
1072 4996 1087 5018 ,
1136 4972 1255 5025 qum
1288 4956 1357 5011 ad
1399 4956 1791 5027 Holopbernem

220 5040 572 5103 pertinuerant
599 5043 777 5098 omna
819 5044 1050 5100 Juditlun
1088 5044 1367 5101 dederunt.
1399 5046 1514 5115 Ipsa
1541 5064 1668 5103 vero
1698 5048 1793 5106 Ju-

218 5128 322 5183 dith
347 5130 740 5205 Jerosolymam
785 5136 1041 5205 profecta,
1086 5138 1264 5192 omnia
1311 5137 1536 5195 Domino
1576 5139 1789 5207 obtulit,

217 5217 528 5295 dolorumque
554 5241 788 5293 reversa,
821 5229 871 5282 in
911 5229 1103 5285 eodem
1141 5231 1354 5299 pietatis
1376 5232 1638 5288 exercitio
1665 5249 1789 5306 pcr-

217 5316 507 5383 severavit,
553 5332 619 5373 ac
654 5318 811 5375 vidua
848 5321 915 5375 ad
964 5331 1189 5377 mortem
1219 5338 1387 5394 usque
1409 5325 1600 5380 mansit
1629 5364 1646 5391 ,
1690 5343 1789 5383 ne-

218 5417 400 5477 ruoque
451 5409 525 5465 illi
584 5412 800 5481 nuptias
846 5413 1167 5482 persuadere
1220 5416 1410 5484 potuit.
1456 5415 1659 5472 Mortua
1708 5428 1791 5473 est

218 5505 381 5554 autem
403 5542 417 5561 .
444 5511 727 5571 postquam
768 5504 822 5559 in
858 5505 1110 5560 viduitate
1148 5507 1368 5563 honeste
1399 5509 1646 5574 vixisset,
1689 5526 1787 5567 an-

222 5599 310 5644 nos
324 5604 536 5648 emensa
554 5603 768 5650 centum
784 5604 838 5650 et
854 5597 1107 5667 quinque.
1129 5597 1192 5653 Et
1209 5598 1261 5654 iu
1282 5598 1394 5655 lucc
1419 5600 1610 5657 desinit
1635 5602 1783 5657 liber.

278 5753 348 5817 to)
374 5752 551 5808 ibdem
576 5758 681 5811 fere
704 5761 868 5811 verbis
889 5765 1076 5813 constat
1100 5760 1251 5813 altera
1274 5767 1510 5832 svum-sis.

1303 320 1626 378 SYNOPSIS
1661 321 2074 380 δεκιρτυιυε
2110 322 2380 380 SACll/E.

3374 336 3480 391 56‘!

2512 454 2663 494 ιιιςειι
2683 455 2791 496 1011.

1968 565 2169 639 (α).101)
2196 569 2477 640 inscriptus
2505 581 2589 627 est
2617 572 2705 628 hic
2729 572 2884 641 liber,
2913 576 3033 645 quia
3061 576 3176 648 ejus
3201 578 3476 636 historiam

1895 665 2287 731 complectitur,
2336 679 2527 735 nempe
2565 682 2686 736 quae
2733 683 3016 738 perpessus
3057 673 3127 725 sit
3173 680 3407 730 tentatus
3450 692 3481 729 a

1895 750 2107 808 diabolo
2133 794 2149 819 ,
2193 766 2249 811 et
2290 758 2560 825 quomodo
2599 759 2815 823 vicerit,
2848 760 3127 831 illatasque
3166 762 3347 833 plagas
3397 767 3483 835 pie

1895 844 2199 899 toleraverit
2224 887 2240 912 ,
2271 847 2594 918 demumque
2621 851 2801 904 omnia
2827 850 3055 921 duplicia
3084 854 3340 924 receperit
3366 896 3381 920 ,
3415 856 3483 912 il-

1897 932 2243 1004 lnstriorque,
2265 953 2424 1006 quam
2450 948 2629 1002 antea,
2660 938 2830 995 factus
2852 942 2940 995 sit.
2966 942 3160 999 Passus
3179 954 3354 999 autem
3376 955 3480 1009 est,

1893 1037 2015 1076 cum
2040 1032 2184 1079 esset
2201 1041 2460 1082 annorum
2483 1031 2835 1099 septuaginta,
2859 1030 2990 1086 vixit
3010 1048 3137 1088 vero
3160 1045 3278 1104 post
3301 1036 3482 1108 plagas

1894 1112 2049 1168 anuis
2081 1122 2295 1169 centum
2325 1125 2380 1171 et
2406 1119 2736 1190 septuaginta
2761 1161 2777 1184 ,
2811 1121 2881 1174 ita
2910 1129 2968 1176 ut
3002 1137 3191 1180 omnes
3214 1127 3337 1181 vitae
3364 1128 3482 1195 ejus

1895 1205 2020 1259 anni
2051 1205 2155 1259 sint
2186 1206 2399 1262 ducenti
2441 1208 2809 1279 quadraginta.
2859 1211 2979 1268 Fuit
3006 1224 3184 1269 autem
3222 1215 3324 1271 Joh
3358 1227 3482 1273 ante

1896 1292 2132 1366 Moysem
2153 1313 2167 1361 ;
2190 1306 2306 1351 erat
2330 1299 2471 1369 enim
2499 1300 2717 1369 quintus
2741 1301 2810 1356 ab
2833 1302 3138 1358 Abrahamo
3162 1321 3229 1361 ex
3258 1309 3483 1374 posteris

1896 1384 2056 1440 Esau.
2105 1386 2186 1442 01)
2230 1389 2506 1458 plagarum
2532 1390 2899 1449 «calamitatem
2927 1404 3189 1450 venerunt
3225 1397 3293 1451 ad
3334 1399 3480 1453 illum

1896 1476 2206 1531 consolandi
2233 1478 2398 1547 gratia
2426 1480 2606 1535 amici.
2643 1482 2817 1552 Atque
2843 1483 2913 1537 ita
2938 1485 3269 1541 contentiose
3293 1496 3346 1542 et
3368 1489 3483 1543 sine

1897 1567 2363 1623 commiseratione
2391 1583 2511 1623 cum
2542 1570 2636 1625 illo
2668 1572 2844 1628 verbis
2882 1582 3109 1644 egerunt
3130 1614 3146 1639 ,
3187 1585 3245 1631 ιιι
3274 1576 3398 1632 illud
3430 1579 3481 1632 in

1900 1665 2176 1726 peccatum
2207 1658 2338 1727 ipsis
2361 1669 2660 1728 reputatum
2692 1660 2871 1717 fuerit.
2907 1663 3010 1718 Job
3038 1680 3166 1720 vero
3194 1666 3358 1723 Deum
3388 1684 3484 1737 pro

1899 1745 2005 1801 illis
2043 1755 2294 1817 precatus
2329 1758 2411 1803 est
2434 1791 2449 1816 ,
2480 1759 2534 1803 et
2571 1752 2851 1806 remissum
2895 1753 3023 1822 ipsis
3064 1763 3147 1809 est
3184 1765 3481 1825 peccatum.

1897 1836 2035 1893 Sunt
2056 1838 2250 1910 dialogi
2280 1839 2403 1907 Job,
2432 1856 2568 1912 quos
2591 1857 2709 1896 cum
2739 1843 2924 1898 amicis
2948 1844 3149 1912 habuit,
3179 1856 3299 1902 octo
3328 1865 3340 1901 :
3371 1849 3481 1905 Eli-

1898 1928 2034 1999 phaz
2059 1944 2188 1983 vero
2216 1930 2282 1984 ad
2307 1930 2411 1986 Job
2441 1941 2549 1987 tres
2572 1974 2587 2000 ,
2620 1933 2829 2004 Sophar
2852 1935 2960 1989 duo
2979 1977 2996 2001 ,
3027 1937 3224 1992 Baldad
3253 1948 3381 1994 tres.
3413 1941 3481 1997 Et

1900 2020 2050 2076 Eliuz
2074 2037 2284 2093 quoque
2306 2024 2401 2078 lilii
2435 2025 2711 2081 Baraehiel
2748 2028 2943 2084 Buzitac
2964 2045 3098 2085 unus
3116 2041 3198 2086 est
3216 2032 3478 2103 dialogus.

1900 2111 2122 2166 Demum
2170 2113 2423 2170 Dominus
2463 2114 2656 2172 Jobum
2683 2117 2969 2189 alloquitur
3000 2135 3096 2190 per
3121 2123 3386 2179 turbinem
3427 2135 3481 2180 et

1899 2202 2117 2257 nubem.
2152 2203 2459 2275 Respondet
2487 2222 2617 2261 vero
2646 2208 2906 2277 Domino,
2937 2222 2990 2268 et
3026 2212 3111 2268 bis
3144 2214 3314 2285 ipsum
3341 2218 3480 2273 allo~

1897 2295 2096 2364 quitur.
2127 2292 2320 2366 Sicque
2348 2298 2662 2354 terminatur
2685 2299 2844 2356 liber.

1970 2384 2176 2455 Sc0pus
2198 2395 2377 2442 autem
2402 2387 2519 2458 ejus
2550 2397 2690 2446 totus
2719 2400 2800 2447 est
2836 2391 2904 2447 ad
2941 2395 3247 2463 patientiam
3280 2398 3480 2455 hortari

1898 2490 1993 2531 eos
2017 2478 2107 2547 qui
2130 2478 2183 2532 in
2214 2479 2545 2535 calamitates
2570 2481 2832 2550 incidunt,
2865 2485 3072 2541 etiamsi
3100 2503 3346 2557 magnum
3374 2492 3483 2561 pie-

1900 2568 2024 2623 tatis
2063 2570 2420 2626 testimonium
2464 2587 2573 2642 pra:
2613 2589 2673 2629 se
2703 2574 2909 2643 ferant;
2956 2586 3013 2633 ut
3040 2578 3140 2635 hoc
3170 2581 3342 2650 ipsum
3372 2583 3477 2638 illis

1899 2657 2223 2714 olfendiculo
2251 2674 2355 2716 non
2385 2662 2488 2726 sit;
2518 2662 2611 2718 sed
2643 2664 2757 2719 hzcc
2783 2666 3050 2735 proferant
3078 2687 3093 2724 :
3124 2669 3369 2728 Dominus
3393 2674 3481 2730 ἀε-

1899 2748 1994 2817 dit,
2017 2748 2268 2806 Dominus
2290 2752 2499 2807 abstulit
2520 2770 2541 2808 :
2561 2754 2689 2809 sicut
2718 2754 2933 2811 Domino
2953 2758 3143 2829 placuit
3157 2803 3173 2827 ,
3198 2762 3268 2815 ita
3294 2766 3483 2834 factum

1898 2849 2008 2906 est;
2034 2842 2101 2895 sit
2123 2858 2311 2898 nomen
2336 2842 2540 2899 Domini
2562 2844 2875 2902 benedictum
2900 2865 2963 2902 ea:
2983 2850 3077 2903 Itoc
3101 2867 3237 2905 nunc
3259 2864 3304 2907 et
3328 2871 3485 2925 usque

1899 2931 1953 2985 in
1979 2934 2220 2987 statutum
2271 2934 2410 3006 (Job
2447 2937 2499 2992 1.
2536 2937 2599 2993 21
2632 2938 2687 3008 j;
2729 2940 3049 3012 insnperque
3077 2943 3204 2998 illud
3237 2963 3253 2999 :
3300 2946 3485 3002 Nudus

1898 3036 2127 3092 egressus
2164 3040 2276 3078 sunt
2319 3025 2382 3079 de
2420 3035 2557 3081 utero
2586 3030 2760 3085 matris
2801 3046 2954 3096 mete,
2984 3042 3033 3086 et
3075 3034 3242 3088 nudus
3268 3050 3485 3091 revertor

1898 3115 2023 3170 illuc
2047 3116 2328 3190 (Ibidem);
2355 3129 2515 3191 atque
2540 3121 2664 3179 hinc
2687 3124 2902 3181 demum
2927 3127 3164 3187 ediscant
3193 3141 3388 3201 quanta
3415 3134 3485 3189 sit

1900 3206 2169 3277 patientia:
2210 3209 2411 3266 utilitas
2442 3228 2458 3267 :
2485 3213 2682 3269 etenim
2723 3214 2848 3270 inde
2885 3217 3186 3274 mercedem
3214 3226 3482 3291 accepturi

1897 3305 2023 3352 sunt
2050 3298 2188 3354 sicut
2211 3299 2332 3355 1ο1).
2364 3300 2431 3358 Ut
2454 3302 2614 3359 etiam
2640 3306 2892 3362 ostendat
2918 3307 3084 3364 Deum
3109 3309 3482 3370 intentatorem

1897 3388 2158 3444 malorum
2180 3406 2323 3460 esse,
2348 3393 2723 3466 neminemque
2749 3405 2987 3457 tentare:
3015 3400 3108 3456 sed
3132 3401 3241 3457 Deo
3263 3407 3484 3474 permit-

1899 3487 2045 3534 tente
2080 3483 2400 3541 tentationes
2444 3483 2748 3542 hominibus
2787 3502 2887 3559 per
2921 3488 3195 3546 dremonas
3222 3494 3442 3551 excitari
3464 3537 3480 3560 ,

1898 3571 1963 3625 ad
1992 3570 2322 3642 singulorum
2360 3575 2724 3644 probationem
2751 3578 3256 3652 perfectionemque.
3283 3582 3484 3640 Narra-

1901 3668 1986 3715 tur
2013 3659 2354 3719 Salomonem
2384 3662 2526 3721 hunc
2550 3666 2895 3724 adornavisse
2937 3670 3130 3726 librum
3153 3712 3171 3741 ,
3213 3674 3311 3729 nisi
3348 3673 3485 3731 forte

1900 3750 2065 3820 ipsius
2092 3753 2290 3826 Moysis
2314 3755 2390 3810 sit
2416 3772 2571 3829 opus.
2602 3757 2726 3815 Haec
2753 3762 3091 3819 continentur
3114 3764 3167 3820 in
3198 3765 3300 3822 hoc
3322 3768 3481 3834 libro,

1897 3842 2051 3912 cujus
2077 3846 2249 3913 capita
2279 3847 2359 3901 sic
2384 3849 2581 3903 resumi
2613 3862 2853 3919 possunt.
2885 3852 2941 3907 ln
2967 3855 3188 3911 exordio
3215 3867 3480 3926 narratur,

1898 3933 2037 4004 quod
2062 3933 2163 3990 Job
2191 3936 2454 3993 habitaret
2473 3940 2527 3993 in
2551 3950 2690 3995 terra
2719 3943 2960 3999 Ausitido
2985 3963 3000 3999 :
3026 3947 3219 4005 deinde
3244 3952 3483 4020 sequitur

1900 4026 2258 4082 testimonium
2286 4027 2577 4099 Scriptum
2613 4032 2681 4088 de
2710 4034 2879 4103 probo
2901 4036 3020 4107 ejus
3049 4040 3171 4094 vitae
3202 4042 3440 4100 instituto
3465 4065 3479 4108 ;

1897 4117 2038 4188 quod
2065 4118 2202 4173 ﬁlios
2233 4118 2454 4176 haberet
2480 4132 2709 4191 septem,
2737 4125 2980 4196 ﬁliasque
3006 4144 3137 4193 sex;
3165 4131 3233 4186 de
3259 4149 3482 4191 numero

1899 4224 2149 4279 pecorum
2176 4210 2313 4281 ejus.
2342 4212 2496 4281 Quod
2526 4214 2620 4270 lilii
2649 4216 2766 4283 ejus
2789 4233 2891 4272 una
2916 4223 3323 4291 convenientes,
3348 4241 3481 4283 con-

1897 4301 2095 4356 vivium
2114 4302 2351 4373 quotidie
2364 4304 2699 4361 celebrarent
2716 4322 2837 4362 cum
2858 4309 3027 4365 tribus
3046 4314 3319 4372 sororibus
3336 4318 3447 4374 suis
3465 4338 3479 4374 :

1897 4398 1953 4447 et
1978 4392 2119 4463 quod
2148 4392 2380 4448 mitteret
2403 4392 2505 4451 Job
2528 4404 2584 4452 et
2613 4398 2895 4455 mundaret
2921 4400 3058 4457 ﬁlios
3084 4419 3231 4473 suos,
3254 4407 3483 4466 ollim-ns

1898 4495 1998 4551 pro
2037 4482 2145 4537 illis
2186 4484 2508 4541 sacriﬁcium
2551 4486 2795 4544 Domino.
2846 4490 3079 4548 Primum
3125 4496 3481 4558 testimonium

1900 4570 2108 4627 Domini
2147 4572 2418 4631 diabolum
2457 4576 2775 4648 alloquentis
2810 4581 2950 4637 circa
2979 4582 3169 4640 .lobum
3210 4590 3481 4659 :primum

1899 4659 2093 4716 invidia
2123 4663 2335 4732 plenum
2366 4664 2561 4721 diaboli
2588 4668 2911 4739 colloquium
2940 4687 3061 4729 cum
3091 4675 3318 4731 Domino
3341 4680 3482 4736 circa

1897 4749 2111 4807 Jobum.
2159 4754 2314 4811 Dedit
2350 4755 2605 4813 Dominus
2634 4769 2948 4830 potestatem
2976 4764 3191 4821 diabolo
3219 4768 3270 4823 in
3302 4774 3482 4829 omnia

1897 4858 2017 4912 quae
2038 4843 2106 4899 ad
2126 4844 2318 4900 Jobum
2348 4850 2694 4917 pertinerent,
2718 4851 2834 4919 ipso
2853 4853 2987 4909 Jobo
3010 4863 3211 4912 tantum
3233 4872 3475 4932 excepto.

1900 4930 2079 4987 Primo
2117 4936 2349 4991 nuntiari
2378 4948 2529 4994 curat
2556 4939 2798 4995 diabolus
2824 4940 2961 4997 Jobo
2983 4984 3000 5010 ,
3026 4960 3192 5017 equos
3218 4959 3274 5006 et
3302 4930 3483 5009 asinos

1897 5021 2013 5092 ejus
2040 5033 2225 5095 captos
2248 5068 2263 5088 .
2292 5042 2582 5099 servosque
2611 5043 2892 5099 percussos
2917 5033 3101 5092 fuisse.
3145 5037 3220 5096 De
3245 5046 3481 5102 secundo

1900 5115 2105 5180 nuntio,
2128 5116 2217 5187 qui
2238 5115 2375 5172 Jobo
2396 5118 2531 5173 dixit
2554 5137 2566 5171 :
2595 5119 2716 5189 Igne
2735 5134 3064 5195 consumpta:
3080 5140 3207 5184 sunt
3225 5147 3356 5191 oves
3377 5145 3481 5194 tua:

1897 5219 2018 5261 cum
2058 5208 2379 5277 pasmribus.
2413 5209 2488 5266 De
2519 5211 2677 5266 tertio
2706 5214 2893 5271 nuntio
2914 5256 2930 5279 ,
2957 5219 3045 5288 qui
3085 5226 3318 5281 narravit
3344 5228 3479 5286 Jobo

1897 5305 2079 5366 captos
2115 5297 2348 5353 camelos
2371 5339 2388 5367 ,
2426 5310 2482 5354 et
2520 5315 2689 5358 caesos
2728 5305 2979 5363 custodes
3023 5307 3206 5367 fuisse.
3251 5320 3479 5380 Quartus

1897 5388 2113 5441 nuntius
2140 5387 2334 5443 Jobum
2361 5389 2470 5444 adit
2488 5431 2505 5455 ,
2541 5402 2825 5466 narratque
2853 5400 3123 5458 corruisse
3147 5404 3361 5459 donnnn
3382 5448 3397 5470 ,
3424 5419 3475 5461 et

1896 5491 2181 5549 oppressos
2208 5494 2395 5535 omnes
2424 5482 2561 5539 ﬁlios
2589 5483 2705 5555 ejus
2743 5487 2926 5544 fuisse.
2969 5491 3027 5547 lu
3056 5494 3298 5549 omnibus
3328 5496 3474 5553 hisce

1960 5641 2043 5706 (ιι)Δ
2056 5648 2169 5706 Qua:
2186 5648 2456 5706 sequuntur
2470 5656 2624 5706 usque
2642 5643 2699 5693 ad
2718 5646 2885 5699 verba.
2902 5644 3182 5695 termirmtur
3200 5646 3335 5702 liber.
3349 5654 3477 5705 sinit-

1898 5703 2008 5753 hter
2034 5703 2273 5769 habentur
2313 5705 2360 5752 in
2384 5703 2536 5756 altera
2546 5703 2749 5769 's‘ynopsi
2766 5721 2778 5765 ;
2797 5717 2979 5757 caetera
2995 5719 3111 5756 vero
3131 5713 3287 5759 onmia
3314 5715 3372 5763 ali
3392 5703 3479 5766 ilia

1897 5767 2091 5829 Synopsi
2114 5765 2307 5815 absunt.
