  <div class='ocr_page' id='page_1' title='image "/cluster/home/n/w/nwhite01/storage/ocr_20150623/56/hvd.32044048208490/359.png"; bbox 0 0 3962 6190; ppageno 0'>
   <div class='ocr_carea' id='block_1_1' title="bbox 547 280 654 337">
    <p class='ocr_par' dir='ltr' id='par_1_1' title="bbox 547 280 654 337">
     <span class='ocr_line' id='line_1_1' title="bbox 547 280 654 337; baseline -0.037 0"><span class='ocrx_word' id='word_1_1' title='bbox 547 280 654 337; x_wconf 70' lang='grc' dir='ltr'><strong>5ϋό</strong></span> 
     </span>
    </p>
   </div>
   <div class='ocr_carea' id='block_1_2' title="bbox 549 373 2127 454">
    <p class='ocr_par' dir='ltr' id='par_1_2' title="bbox 549 373 2127 454">
     <span class='ocr_line' id='line_1_2' title="bbox 549 373 2127 454; baseline -0.018 -4"><span class='ocrx_word' id='word_1_2' title='bbox 549 391 936 450; x_wconf 72' lang='lat' dir='ltr'><strong>calamitatibus</strong></span> <span class='ocrx_word' id='word_1_3' title='bbox 961 402 1064 442; x_wconf 90' lang='lat' dir='ltr'><strong>non</strong></span> <span class='ocrx_word' id='word_1_4' title='bbox 1086 381 1324 454; x_wconf 90' lang='lat' dir='ltr'><strong>peccavit</strong></span> <span class='ocrx_word' id='word_1_5' title='bbox 1343 379 1440 435; x_wconf 85' lang='lat' dir='ltr'><strong>Job</strong></span> <span class='ocrx_word' id='word_1_6' title='bbox 1462 393 1584 448; x_wconf 83' lang='lat' dir='ltr'><strong>erga</strong></span> <span class='ocrx_word' id='word_1_7' title='bbox 1609 375 1910 430; x_wconf 89' lang='lat' dir='ltr'><strong>Dominum.</strong></span> <span class='ocrx_word' id='word_1_8' title='bbox 1933 373 2127 426; x_wconf 85' lang='lat' dir='ltr'><strong>Secun-</strong></span> 
     </span>
    </p>
   </div>
   <div class='ocr_carea' id='block_1_3' title="bbox 551 463 2132 542">
    <p class='ocr_par' dir='ltr' id='par_1_3' title="bbox 551 463 2132 542">
     <span class='ocr_line' id='line_1_3' title="bbox 551 463 2132 542; baseline -0.019 0"><span class='ocrx_word' id='word_1_9' title='bbox 551 489 678 542; x_wconf 90' lang='lat' dir='ltr'><strong>dum</strong></span> <span class='ocrx_word' id='word_1_10' title='bbox 707 477 1065 539; x_wconf 89' lang='lat' dir='ltr'><strong>testimonium</strong></span> <span class='ocrx_word' id='word_1_11' title='bbox 1107 472 1314 530; x_wconf 84' lang='lat' dir='ltr'><strong>Domini</strong></span> <span class='ocrx_word' id='word_1_12' title='bbox 1354 470 1619 525; x_wconf 89' lang='lat' dir='ltr'><strong>diabolum</strong></span> <span class='ocrx_word' id='word_1_13' title='bbox 1649 463 1964 533; x_wconf 80' lang='lat' dir='ltr'><strong>alloquentis</strong></span> <span class='ocrx_word' id='word_1_14' title='bbox 1987 502 2001 524; x_wconf 94' lang='lat'><strong>,</strong></span> <span class='ocrx_word' id='word_1_15' title='bbox 2029 474 2132 529; x_wconf 90' lang='lat' dir='ltr'><strong>quo</strong></span> 
     </span>
    </p>
   </div>
   <div class='ocr_carea' id='block_1_4' title="bbox 551 553 2130 634">
    <p class='ocr_par' dir='ltr' id='par_1_4' title="bbox 551 553 2130 634">
     <span class='ocr_line' id='line_1_4' title="bbox 551 553 2130 634; baseline -0.02 -1"><span class='ocrx_word' id='word_1_16' title='bbox 551 578 669 634; x_wconf 78' lang='lat' dir='ltr'><strong>Jobi</strong></span> <span class='ocrx_word' id='word_1_17' title='bbox 701 576 866 628; x_wconf 82' lang='lat' dir='ltr'><strong>virtus</strong></span> <span class='ocrx_word' id='word_1_18' title='bbox 893 566 1222 629; x_wconf 71' lang='lat' dir='ltr'><strong>celebratur;</strong></span> <span class='ocrx_word' id='word_1_19' title='bbox 1262 571 1316 617; x_wconf 90' lang='lat' dir='ltr'><strong>et</strong></span> <span class='ocrx_word' id='word_1_20' title='bbox 1353 558 1644 616; x_wconf 86' lang='lat' dir='ltr'><strong>secundum</strong></span> <span class='ocrx_word' id='word_1_21' title='bbox 1683 554 1879 609; x_wconf 81' lang='lat' dir='ltr'><strong>invidia</strong></span> <span class='ocrx_word' id='word_1_22' title='bbox 1917 553 2130 621; x_wconf 85' lang='lat' dir='ltr'><strong>plenum</strong></span> 
     </span>
    </p>
   </div>
   <div class='ocr_carea' id='block_1_5' title="bbox 551 637 2133 731">
    <p class='ocr_par' dir='ltr' id='par_1_5' title="bbox 551 637 2133 731">
     <span class='ocr_line' id='line_1_5' title="bbox 551 637 2133 731; baseline -0.019 -9"><span class='ocrx_word' id='word_1_23' title='bbox 551 667 744 722; x_wconf 84' lang='lat' dir='ltr'><strong>diaboli</strong></span> <span class='ocrx_word' id='word_1_24' title='bbox 767 660 1084 731; x_wconf 90' lang='lat' dir='ltr'><strong>colloquium</strong></span> <span class='ocrx_word' id='word_1_25' title='bbox 1107 672 1226 712; x_wconf 91' lang='lat' dir='ltr'><strong>cum</strong></span> <span class='ocrx_word' id='word_1_26' title='bbox 1250 653 1471 708; x_wconf 83' lang='lat' dir='ltr'><strong>Domino</strong></span> <span class='ocrx_word' id='word_1_27' title='bbox 1492 651 1630 705; x_wconf 91' lang='lat' dir='ltr'><strong>circa</strong></span> <span class='ocrx_word' id='word_1_28' title='bbox 1653 647 1865 702; x_wconf 77' lang='lat' dir='ltr'><strong>Jobum.</strong></span> <span class='ocrx_word' id='word_1_29' title='bbox 1906 637 1972 694; x_wconf 89' lang='lat' dir='ltr'><strong>Et</strong></span> <span class='ocrx_word' id='word_1_30' title='bbox 1994 653 2133 707; x_wconf 91' lang='lat' dir='ltr'><strong>quo-</strong></span> 
     </span>
    </p>
   </div>
   <div class='ocr_carea' id='block_1_6' title="bbox 550 743 2130 815">
    <p class='ocr_par' dir='ltr' id='par_1_6' title="bbox 550 743 2130 815">
     <span class='ocr_line' id='line_1_6' title="bbox 550 743 2130 815; baseline -0.019 -1"><span class='ocrx_word' id='word_1_31' title='bbox 550 759 714 815; x_wconf 88' lang='lat' dir='ltr'><strong>modo</strong></span> <span class='ocrx_word' id='word_1_32' title='bbox 727 756 1008 815; x_wconf 84' lang='lat' dir='ltr'><strong>tradiderit</strong></span> <span class='ocrx_word' id='word_1_33' title='bbox 1035 751 1286 805; x_wconf 85' lang='lat' dir='ltr'><strong>Dominus</strong></span> <span class='ocrx_word' id='word_1_34' title='bbox 1313 746 1526 805; x_wconf 85' lang='lat' dir='ltr'><strong>Jobutn,</strong></span> <span class='ocrx_word' id='word_1_35' title='bbox 1559 757 1660 795; x_wconf 86' lang='lat' dir='ltr'><strong>una</strong></span> <span class='ocrx_word' id='word_1_36' title='bbox 1694 745 1895 792; x_wconf 85' lang='lat' dir='ltr'><strong>tantum</strong></span> <span class='ocrx_word' id='word_1_37' title='bbox 1925 743 2130 787; x_wconf 84' lang='lat' dir='ltr'><strong>servata</strong></span> 
     </span>
    </p>
   </div>
   <div class='ocr_carea' id='block_1_7' title="bbox 553 824 2132 908">
    <p class='ocr_par' dir='ltr' id='par_1_7' title="bbox 553 824 2132 908">
     <span class='ocr_line' id='line_1_7' title="bbox 553 824 2132 908; baseline -0.02 -3"><span class='ocrx_word' id='word_1_38' title='bbox 553 851 728 905; x_wconf 78' lang='lat' dir='ltr'><strong>anima</strong></span> <span class='ocrx_word' id='word_1_39' title='bbox 763 861 858 902; x_wconf 89' lang='lat' dir='ltr'><strong>seu</strong></span> <span class='ocrx_word' id='word_1_40' title='bbox 887 845 1013 897; x_wconf 87' lang='lat' dir='ltr'><strong>vita.</strong></span> <span class='ocrx_word' id='word_1_41' title='bbox 1059 840 1320 908; x_wconf 82' lang='lat' dir='ltr'><strong>Egressus</strong></span> <span class='ocrx_word' id='word_1_42' title='bbox 1349 833 1591 889; x_wconf 81' lang='lat' dir='ltr'><strong>diabolus</strong></span> <span class='ocrx_word' id='word_1_43' title='bbox 1617 831 1806 885; x_wconf 81' lang='lat' dir='ltr'><strong>Jobout</strong></span> <span class='ocrx_word' id='word_1_44' title='bbox 1841 824 2064 896; x_wconf 84' lang='lat' dir='ltr'><strong>percutit</strong></span> <span class='ocrx_word' id='word_1_45' title='bbox 2099 837 2132 875; x_wconf 87' lang='lat' dir='ltr'><strong>a</strong></span> 
     </span>
    </p>
   </div>
   <div class='ocr_carea' id='block_1_8' title="bbox 555 920 2132 1013">
    <p class='ocr_par' dir='ltr' id='par_1_8' title="bbox 555 920 2132 1013">
     <span class='ocr_line' id='line_1_8' title="bbox 555 920 2132 1013; baseline -0.017 -17"><span class='ocrx_word' id='word_1_46' title='bbox 555 942 778 1013; x_wconf 81' lang='lat' dir='ltr'><strong>pedibus</strong></span> <span class='ocrx_word' id='word_1_47' title='bbox 807 951 970 1006; x_wconf 89' lang='lat' dir='ltr'><strong>usque</strong></span> <span class='ocrx_word' id='word_1_48' title='bbox 1006 933 1071 987; x_wconf 89' lang='lat' dir='ltr'><strong>ad</strong></span> <span class='ocrx_word' id='word_1_49' title='bbox 1100 938 1293 1000; x_wconf 87' lang='lat' dir='ltr'><strong>caput;</strong></span> <span class='ocrx_word' id='word_1_50' title='bbox 1337 927 1634 994; x_wconf 87' lang='lat' dir='ltr'><strong>sedensque</strong></span> <span class='ocrx_word' id='word_1_51' title='bbox 1664 921 1766 976; x_wconf 84' lang='lat' dir='ltr'><strong>Job</strong></span> <span class='ocrx_word' id='word_1_52' title='bbox 1805 920 1856 973; x_wconf 90' lang='lat' dir='ltr'><strong>in</strong></span> <span class='ocrx_word' id='word_1_53' title='bbox 1896 926 2132 971; x_wconf 84' lang='lat' dir='ltr'><strong>stercore</strong></span> 
     </span>
    </p>
   </div>
   <div class='ocr_carea' id='block_1_9' title="bbox 558 1011 2133 1089">
    <p class='ocr_par' dir='ltr' id='par_1_9' title="bbox 558 1011 2133 1089">
     <span class='ocr_line' id='line_1_9' title="bbox 558 1011 2133 1089; baseline -0.017 0"><span class='ocrx_word' id='word_1_54' title='bbox 558 1011 772 1089; x_wconf 74' lang='lat' dir='ltr'><strong>radebat</strong></span> <span class='ocrx_word' id='word_1_55' title='bbox 799 1029 1019 1082; x_wconf 83' lang='lat' dir='ltr'><strong>saniem.</strong></span> <span class='ocrx_word' id='word_1_56' title='bbox 1049 1024 1247 1080; x_wconf 90' lang='lat' dir='ltr'><strong>Suadet</strong></span> <span class='ocrx_word' id='word_1_57' title='bbox 1281 1020 1416 1075; x_wconf 81' lang='lat' dir='ltr'><strong>Jobo</strong></span> <span class='ocrx_word' id='word_1_58' title='bbox 1447 1033 1580 1072; x_wconf 76' lang='lat' dir='ltr'><strong>uxor</strong></span> <span class='ocrx_word' id='word_1_59' title='bbox 1611 1015 1727 1083; x_wconf 86' lang='lat' dir='ltr'><strong>ejus</strong></span> <span class='ocrx_word' id='word_1_60' title='bbox 1750 1055 1765 1078; x_wconf 93' lang='lat'><strong>,</strong></span> <span class='ocrx_word' id='word_1_61' title='bbox 1794 1022 1852 1065; x_wconf 90' lang='lat' dir='ltr'><strong>ut</strong></span> <span class='ocrx_word' id='word_1_62' title='bbox 1890 1011 2133 1079; x_wconf 77' lang='lat' dir='ltr'><strong>loquatur</strong></span> 
     </span>
    </p>
   </div>
   <div class='ocr_carea' id='block_1_10' title="bbox 552 1104 2131 1183">
    <p class='ocr_par' dir='ltr' id='par_1_10' title="bbox 552 1104 2131 1183">
     <span class='ocr_line' id='line_1_10' title="bbox 552 1104 2131 1183; baseline -0.016 -3"><span class='ocrx_word' id='word_1_63' title='bbox 552 1133 738 1180; x_wconf 84' lang='lat' dir='ltr'><strong>contra</strong></span> <span class='ocrx_word' id='word_1_64' title='bbox 775 1121 1057 1176; x_wconf 89' lang='lat' dir='ltr'><strong>Dominum</strong></span> <span class='ocrx_word' id='word_1_65' title='bbox 1085 1159 1099 1183; x_wconf 93' lang='lat'><strong>,</strong></span> <span class='ocrx_word' id='word_1_66' title='bbox 1127 1127 1177 1171; x_wconf 91' lang='lat' dir='ltr'><strong>et</strong></span> <span class='ocrx_word' id='word_1_67' title='bbox 1208 1113 1468 1168; x_wconf 79' lang='lat' dir='ltr'><strong>moriatur</strong></span> <span class='ocrx_word' id='word_1_68' title='bbox 1496 1127 1508 1162; x_wconf 93' lang='lat'><strong>:</strong></span> <span class='ocrx_word' id='word_1_69' title='bbox 1539 1109 1787 1173; x_wconf 88' lang='lat' dir='ltr'><strong>illamque</strong></span> <span class='ocrx_word' id='word_1_70' title='bbox 1819 1104 1918 1158; x_wconf 87' lang='lat' dir='ltr'><strong>Job</strong></span> <span class='ocrx_word' id='word_1_71' title='bbox 1946 1117 2131 1170; x_wconf 86' lang='lat' dir='ltr'><strong>repre-</strong></span> 
     </span>
    </p>
   </div>
   <div class='ocr_carea' id='block_1_11' title="bbox 557 1193 2135 1271">
    <p class='ocr_par' dir='ltr' id='par_1_11' title="bbox 557 1193 2135 1271">
     <span class='ocr_line' id='line_1_11' title="bbox 557 1193 2135 1271; baseline -0.015 -3"><span class='ocrx_word' id='word_1_72' title='bbox 557 1216 754 1271; x_wconf 88' lang='lat' dir='ltr'><strong>hendit.</strong></span> <span class='ocrx_word' id='word_1_73' title='bbox 790 1213 1082 1268; x_wconf 87' lang='lat' dir='ltr'><strong>Audierunt</strong></span> <span class='ocrx_word' id='word_1_74' title='bbox 1111 1218 1218 1262; x_wconf 87' lang='lat' dir='ltr'><strong>tres</strong></span> <span class='ocrx_word' id='word_1_75' title='bbox 1245 1205 1396 1258; x_wconf 82' lang='lat' dir='ltr'><strong>amici</strong></span> <span class='ocrx_word' id='word_1_76' title='bbox 1425 1201 1566 1261; x_wconf 84' lang='lat' dir='ltr'><strong>Jobi,</strong></span> <span class='ocrx_word' id='word_1_77' title='bbox 1591 1199 1808 1267; x_wconf 85' lang='lat' dir='ltr'><strong>Eliphaz</strong></span> <span class='ocrx_word' id='word_1_78' title='bbox 1833 1193 2135 1248; x_wconf 73' lang='lat' dir='ltr'><strong>&#39;fhaemaui-</strong></span> 
     </span>
    </p>
   </div>
   <div class='ocr_carea' id='block_1_12' title="bbox 557 1284 2134 1367">
    <p class='ocr_par' dir='ltr' id='par_1_12' title="bbox 557 1284 2134 1367">
     <span class='ocr_line' id='line_1_12' title="bbox 557 1284 2134 1367; baseline -0.016 -6"><span class='ocrx_word' id='word_1_79' title='bbox 557 1320 727 1361; x_wconf 88' lang='lat' dir='ltr'><strong>tartnn</strong></span> <span class='ocrx_word' id='word_1_80' title='bbox 756 1321 848 1358; x_wconf 80' lang='lat' dir='ltr'><strong>rex</strong></span> <span class='ocrx_word' id='word_1_81' title='bbox 871 1346 883 1367; x_wconf 93' lang='lat'><strong>,</strong></span> <span class='ocrx_word' id='word_1_82' title='bbox 912 1299 1108 1357; x_wconf 88' lang='lat' dir='ltr'><strong>Baldad</strong></span> <span class='ocrx_word' id='word_1_83' title='bbox 1147 1295 1470 1352; x_wconf 80' lang='lat' dir='ltr'><strong>Sacheorum</strong></span> <span class='ocrx_word' id='word_1_84' title='bbox 1502 1301 1755 1360; x_wconf 81' lang='lat' dir='ltr'><strong>tyrannus</strong></span> <span class='ocrx_word' id='word_1_85' title='bbox 1779 1328 1794 1351; x_wconf 94' lang='lat'><strong>,</strong></span> <span class='ocrx_word' id='word_1_86' title='bbox 1836 1294 1889 1339; x_wconf 91' lang='lat' dir='ltr'><strong>et</strong></span> <span class='ocrx_word' id='word_1_87' title='bbox 1929 1284 2134 1352; x_wconf 88' lang='lat' dir='ltr'><strong>Sophar</strong></span> 
     </span>
    </p>
   </div>
   <div class='ocr_carea' id='block_1_13' title="bbox 560 1377 2132 1458">
    <p class='ocr_par' dir='ltr' id='par_1_13' title="bbox 560 1377 2132 1458">
     <span class='ocr_line' id='line_1_13' title="bbox 560 1377 2132 1458; baseline -0.017 -5"><span class='ocrx_word' id='word_1_88' title='bbox 560 1399 877 1458; x_wconf 71' lang='lat' dir='ltr'><strong>Menmorum</strong></span> <span class='ocrx_word' id='word_1_89' title='bbox 910 1397 1214 1446; x_wconf 57' lang='lat' dir='ltr'><strong>rextcuncta</strong></span> <span class='ocrx_word' id='word_1_90' title='bbox 1241 1398 1357 1455; x_wconf 71' lang='lat' dir='ltr'><strong>qum</strong></span> <span class='ocrx_word' id='word_1_91' title='bbox 1385 1383 1482 1452; x_wconf 85' lang='lat' dir='ltr'><strong>ipsi</strong></span> <span class='ocrx_word' id='word_1_92' title='bbox 1511 1380 1828 1435; x_wconf 86' lang='lat' dir='ltr'><strong>acciderant.</strong></span> <span class='ocrx_word' id='word_1_93' title='bbox 1863 1377 1924 1430; x_wconf 82' lang='lat' dir='ltr'><strong>Et</strong></span> <span class='ocrx_word' id='word_1_94' title='bbox 1951 1388 2132 1429; x_wconf 88' lang='lat' dir='ltr'><strong>acces-</strong></span> 
     </span>
    </p>
   </div>
   <div class='ocr_carea' id='block_1_14' title="bbox 555 1467 2136 1547">
    <p class='ocr_par' dir='ltr' id='par_1_14' title="bbox 555 1467 2136 1547">
     <span class='ocr_line' id='line_1_14' title="bbox 555 1467 2136 1547; baseline -0.016 -5"><span class='ocrx_word' id='word_1_95' title='bbox 555 1496 739 1542; x_wconf 84' lang='lat' dir='ltr'><strong>serunt</strong></span> <span class='ocrx_word' id='word_1_96' title='bbox 781 1485 847 1538; x_wconf 90' lang='lat' dir='ltr'><strong>ad</strong></span> <span class='ocrx_word' id='word_1_97' title='bbox 888 1483 1034 1537; x_wconf 88' lang='lat' dir='ltr'><strong>illutn</strong></span> <span class='ocrx_word' id='word_1_98' title='bbox 1077 1477 1266 1547; x_wconf 87' lang='lat' dir='ltr'><strong>singuli</strong></span> <span class='ocrx_word' id='word_1_99' title='bbox 1304 1491 1368 1528; x_wconf 81' lang='lat' dir='ltr'><strong>ex</strong></span> <span class='ocrx_word' id='word_1_100' title='bbox 1417 1475 1631 1542; x_wconf 79' lang='lat' dir='ltr'><strong>regione</strong></span> <span class='ocrx_word' id='word_1_101' title='bbox 1659 1484 1788 1528; x_wconf 87' lang='lat' dir='ltr'><strong>sua.</strong></span> <span class='ocrx_word' id='word_1_102' title='bbox 1817 1477 1874 1521; x_wconf 92' lang='lat' dir='ltr'><strong>ut</strong></span> <span class='ocrx_word' id='word_1_103' title='bbox 1902 1467 2136 1520; x_wconf 78' lang='lat' dir='ltr'><strong>viserent</strong></span> 
     </span>
    </p>
   </div>
   <div class='ocr_carea' id='block_1_15' title="bbox 555 1563 2133 1646">
    <p class='ocr_par' dir='ltr' id='par_1_15' title="bbox 555 1563 2133 1646">
     <span class='ocr_line' id='line_1_15' title="bbox 555 1563 2133 1646; baseline -0.017 -12"><span class='ocrx_word' id='word_1_104' title='bbox 555 1582 699 1634; x_wconf 89' lang='lat' dir='ltr'><strong>illum</strong></span> <span class='ocrx_word' id='word_1_105' title='bbox 721 1596 735 1632; x_wconf 87' lang='lat'><strong>:</strong></span> <span class='ocrx_word' id='word_1_106' title='bbox 756 1579 952 1646; x_wconf 87' lang='lat' dir='ltr'><strong>illoqtte</strong></span> <span class='ocrx_word' id='word_1_107' title='bbox 967 1579 1254 1641; x_wconf 84' lang='lat' dir='ltr'><strong>conspecto</strong></span> <span class='ocrx_word' id='word_1_108' title='bbox 1272 1567 1540 1622; x_wconf 83' lang='lat' dir='ltr'><strong>sciderunt</strong></span> <span class='ocrx_word' id='word_1_109' title='bbox 1556 1563 1744 1632; x_wconf 75' lang='lat' dir='ltr'><strong>singuli</strong></span> <span class='ocrx_word' id='word_1_110' title='bbox 1764 1570 1962 1614; x_wconf 84' lang='lat' dir='ltr'><strong>vestem</strong></span> <span class='ocrx_word' id='word_1_111' title='bbox 1983 1571 2133 1610; x_wconf 86' lang='lat' dir='ltr'><strong>suam</strong></span> 
     </span>
    </p>
   </div>
   <div class='ocr_carea' id='block_1_16' title="bbox 553 1648 2132 1727">
    <p class='ocr_par' dir='ltr' id='par_1_16' title="bbox 553 1648 2132 1727">
     <span class='ocr_line' id='line_1_16' title="bbox 553 1648 2132 1727; baseline -0.016 -2"><span class='ocrx_word' id='word_1_112' title='bbox 553 1675 622 1727; x_wconf 88' lang='lat' dir='ltr'><strong>oh</strong></span> <span class='ocrx_word' id='word_1_113' title='bbox 651 1681 846 1727; x_wconf 83' lang='lat' dir='ltr'><strong>tantam</strong></span> <span class='ocrx_word' id='word_1_114' title='bbox 878 1666 1253 1722; x_wconf 88' lang='lat' dir='ltr'><strong>calamitatem.</strong></span> <span class='ocrx_word' id='word_1_115' title='bbox 1299 1661 1423 1714; x_wconf 84' lang='lat' dir='ltr'><strong>Post</strong></span> <span class='ocrx_word' id='word_1_116' title='bbox 1451 1657 1657 1726; x_wconf 86' lang='lat' dir='ltr'><strong>plagam</strong></span> <span class='ocrx_word' id='word_1_117' title='bbox 1691 1661 1865 1707; x_wconf 87' lang='lat' dir='ltr'><strong>autem</strong></span> <span class='ocrx_word' id='word_1_118' title='bbox 1891 1650 1993 1705; x_wconf 83' lang='lat' dir='ltr'><strong>Job</strong></span> <span class='ocrx_word' id='word_1_119' title='bbox 2025 1648 2132 1718; x_wconf 89' lang='lat' dir='ltr'><strong>pri-</strong></span> 
     </span>
    </p>
   </div>
   <div class='ocr_carea' id='block_1_17' title="bbox 555 1742 2133 1830">
    <p class='ocr_par' dir='ltr' id='par_1_17' title="bbox 555 1742 2133 1830">
     <span class='ocr_line' id='line_1_17' title="bbox 555 1742 2133 1830; baseline -0.016 -13"><span class='ocrx_word' id='word_1_120' title='bbox 555 1779 672 1817; x_wconf 90' lang='lat' dir='ltr'><strong>mus</strong></span> <span class='ocrx_word' id='word_1_121' title='bbox 699 1760 908 1830; x_wconf 88' lang='lat' dir='ltr'><strong>aperuit</strong></span> <span class='ocrx_word' id='word_1_122' title='bbox 928 1771 988 1810; x_wconf 91' lang='lat' dir='ltr'><strong>os</strong></span> <span class='ocrx_word' id='word_1_123' title='bbox 1014 1771 1190 1818; x_wconf 85' lang='lat' dir='ltr'><strong>suum,</strong></span> <span class='ocrx_word' id='word_1_124' title='bbox 1219 1761 1267 1805; x_wconf 90' lang='lat' dir='ltr'><strong>et</strong></span> <span class='ocrx_word' id='word_1_125' title='bbox 1296 1748 1568 1804; x_wconf 79' lang='lat' dir='ltr'><strong>maledixit</strong></span> <span class='ocrx_word' id='word_1_126' title='bbox 1587 1746 1688 1800; x_wconf 90' lang='lat' dir='ltr'><strong>diei</strong></span> <span class='ocrx_word' id='word_1_127' title='bbox 1713 1759 1775 1798; x_wconf 94' lang='lat' dir='ltr'><strong>ac</strong></span> <span class='ocrx_word' id='word_1_128' title='bbox 1795 1743 1933 1796; x_wconf 89' lang='lat' dir='ltr'><strong>nocti</strong></span> <span class='ocrx_word' id='word_1_129' title='bbox 1957 1742 2007 1794; x_wconf 92' lang='lat' dir='ltr'><strong>in</strong></span> <span class='ocrx_word' id='word_1_130' title='bbox 2032 1755 2133 1808; x_wconf 88' lang='lat' dir='ltr'><strong>qua</strong></span> 
     </span>
    </p>
   </div>
   <div class='ocr_carea' id='block_1_18' title="bbox 557 1834 2131 1910">
    <p class='ocr_par' dir='ltr' id='par_1_18' title="bbox 557 1834 2131 1910">
     <span class='ocr_line' id='line_1_18' title="bbox 557 1834 2131 1910; baseline -0.018 0"><span class='ocrx_word' id='word_1_131' title='bbox 557 1867 710 1910; x_wconf 66' lang='lat' dir='ltr'><strong>natus</strong></span> <span class='ocrx_word' id='word_1_132' title='bbox 729 1863 862 1907; x_wconf 91' lang='lat' dir='ltr'><strong>erat.</strong></span> <span class='ocrx_word' id='word_1_133' title='bbox 887 1849 1020 1904; x_wconf 82' lang='lat' dir='ltr'><strong>Hinc</strong></span> <span class='ocrx_word' id='word_1_134' title='bbox 1041 1845 1169 1901; x_wconf 91' lang='lat' dir='ltr'><strong>illud</strong></span> <span class='ocrx_word' id='word_1_135' title='bbox 1197 1863 1210 1897; x_wconf 91' lang='lat'>:</span> <span class='ocrx_word' id='word_1_136' title='bbox 1237 1844 1378 1898; x_wconf 84' lang='lat' dir='ltr'><strong>Sicut</strong></span> <span class='ocrx_word' id='word_1_137' title='bbox 1398 1856 1567 1895; x_wconf 72' lang='lat' dir='ltr'><strong>smus</strong></span> <span class='ocrx_word' id='word_1_138' title='bbox 1587 1841 1669 1908; x_wconf 85' lang='lat' dir='ltr'><strong>qui</strong></span> <span class='ocrx_word' id='word_1_139' title='bbox 1696 1839 1830 1890; x_wconf 80' lang='lat' dir='ltr'><strong>timet</strong></span> <span class='ocrx_word' id='word_1_140' title='bbox 1853 1834 2131 1896; x_wconf 79' lang='lat' dir='ltr'><strong>dominum,</strong></span> 
     </span>
    </p>
   </div>
   <div class='ocr_carea' id='block_1_19' title="bbox 554 1923 2136 2006">
    <p class='ocr_par' dir='ltr' id='par_1_19' title="bbox 554 1923 2136 2006">
     <span class='ocr_line' id='line_1_19' title="bbox 554 1923 2136 2006; baseline -0.016 -7"><span class='ocrx_word' id='word_1_141' title='bbox 554 1948 626 1998; x_wconf 72' lang='lat' dir='ltr'><strong>sic</strong></span> <span class='ocrx_word' id='word_1_142' title='bbox 652 1946 771 1998; x_wconf 83' lang='lat' dir='ltr'><strong>data</strong></span> <span class='ocrx_word' id='word_1_143' title='bbox 795 1951 866 1995; x_wconf 81' lang='lat' dir='ltr'><strong>est</strong></span> <span class='ocrx_word' id='word_1_144' title='bbox 888 1939 975 1994; x_wconf 74' lang='lat' dir='ltr'><strong>lux</strong></span> <span class='ocrx_word' id='word_1_145' title='bbox 999 1939 1060 1992; x_wconf 78' lang='lat' dir='ltr'><strong>iis</strong></span> <span class='ocrx_word' id='word_1_146' title='bbox 1083 1938 1166 2006; x_wconf 81' lang='lat' dir='ltr'><strong>qui</strong></span> <span class='ocrx_word' id='word_1_147' title='bbox 1193 1938 1242 1988; x_wconf 84' lang='lat' dir='ltr'><strong>in</strong></span> <span class='ocrx_word' id='word_1_148' title='bbox 1271 1931 1608 1986; x_wconf 76' lang='lat' dir='ltr'><strong>mnart&#39;tudine</strong></span> <span class='ocrx_word' id='word_1_149' title='bbox 1634 1935 1912 1988; x_wconf 76' lang='lat' dir='ltr'><strong>versantur,</strong></span> <span class='ocrx_word' id='word_1_150' title='bbox 1936 1925 2022 1993; x_wconf 84' lang='lat' dir='ltr'><strong>qui</strong></span> <span class='ocrx_word' id='word_1_151' title='bbox 2047 1923 2136 1976; x_wconf 81' lang='lat' dir='ltr'><strong>de-</strong></span> 
     </span>
    </p>
   </div>
   <div class='ocr_carea' id='block_1_20' title="bbox 555 2016 2134 2097">
    <p class='ocr_par' dir='ltr' id='par_1_20' title="bbox 555 2016 2134 2097">
     <span class='ocr_line' id='line_1_20' title="bbox 555 2016 2134 2097; baseline -0.016 -5"><span class='ocrx_word' id='word_1_152' title='bbox 555 2040 776 2092; x_wconf 73' lang='lat' dir='ltr'><strong>siderant</strong></span> <span class='ocrx_word' id='word_1_153' title='bbox 805 2043 1013 2087; x_wconf 85' lang='lat' dir='ltr'><strong>mortem</strong></span> <span class='ocrx_word' id='word_1_154' title='bbox 1034 2073 1048 2097; x_wconf 92' lang='lat'><strong>,</strong></span> <span class='ocrx_word' id='word_1_155' title='bbox 1073 2047 1162 2084; x_wconf 81' lang='lat' dir='ltr'><strong>nec</strong></span> <span class='ocrx_word' id='word_1_156' title='bbox 1191 2028 1429 2081; x_wconf 82' lang='lat' dir='ltr'><strong>obtinent.</strong></span> <span class='ocrx_word' id='word_1_157' title='bbox 1477 2022 1526 2076; x_wconf 86' lang='grc' dir='ltr'><em>Μ</em></span> <span class='ocrx_word' id='word_1_158' title='bbox 1536 2039 1616 2075; x_wconf 71' lang='lat' dir='ltr'><strong>ora</strong></span> <span class='ocrx_word' id='word_1_159' title='bbox 1647 2021 1777 2074; x_wconf 79' lang='lat' dir='ltr'><strong>enim</strong></span> <span class='ocrx_word' id='word_1_160' title='bbox 1813 2019 1918 2071; x_wconf 83' lang='lat' dir='ltr'><strong>viro</strong></span> <span class='ocrx_word' id='word_1_161' title='bbox 1944 2016 2134 2084; x_wconf 74' lang='lat' dir='ltr'><strong>requies</strong></span> 
     </span>
    </p>
   </div>
   <div class='ocr_carea' id='block_1_21' title="bbox 557 2109 2135 2196">
    <p class='ocr_par' dir='ltr' id='par_1_21' title="bbox 557 2109 2135 2196">
     <span class='ocr_line' id='line_1_21' title="bbox 557 2109 2135 2196; baseline -0.016 -11"><span class='ocrx_word' id='word_1_162' title='bbox 557 2131 676 2196; x_wconf 86' lang='lat' dir='ltr'><strong>(Job</strong></span> <span class='ocrx_word' id='word_1_163' title='bbox 694 2130 850 2184; x_wconf 69' lang='lat'><strong>5.19.</strong></span> <span class='ocrx_word' id='word_1_164' title='bbox 865 2127 952 2182; x_wconf 67' lang='grc' dir='ltr'><strong>ΞΟ.</strong></span> <span class='ocrx_word' id='word_1_165' title='bbox 972 2126 1061 2179; x_wconf 68' lang='lat'><strong>3|.</strong></span> <span class='ocrx_word' id='word_1_166' title='bbox 1079 2122 1192 2193; x_wconf 72' lang='grc'><strong>25).</strong></span> <span class='ocrx_word' id='word_1_167' title='bbox 1212 2119 1496 2188; x_wconf 77' lang='lat' dir='ltr'><strong>Excipiens</strong></span> <span class='ocrx_word' id='word_1_168' title='bbox 1519 2115 1662 2169; x_wconf 84' lang='lat' dir='ltr'><strong>illum</strong></span> <span class='ocrx_word' id='word_1_169' title='bbox 1691 2112 1893 2196; x_wconf 84' lang='lat' dir='ltr'><strong>primus</strong></span> <span class='ocrx_word' id='word_1_170' title='bbox 1915 2109 2135 2177; x_wconf 86' lang='lat' dir='ltr'><strong>Elipltaz</strong></span> 
     </span>
    </p>
   </div>
   <div class='ocr_carea' id='block_1_22' title="bbox 555 2195 2136 2277">
    <p class='ocr_par' dir='ltr' id='par_1_22' title="bbox 555 2195 2136 2277">
     <span class='ocr_line' id='line_1_22' title="bbox 555 2195 2136 2277; baseline -0.016 -1"><span class='ocrx_word' id='word_1_171' title='bbox 555 2220 908 2277; x_wconf 75' lang='lat' dir='ltr'><strong>Tltmtnanites</strong></span> <span class='ocrx_word' id='word_1_172' title='bbox 929 2217 1056 2271; x_wconf 90' lang='lat' dir='ltr'><strong>dicit</strong></span> <span class='ocrx_word' id='word_1_173' title='bbox 1078 2214 1214 2269; x_wconf 82' lang='lat' dir='ltr'><strong>Jobo</strong></span> <span class='ocrx_word' id='word_1_174' title='bbox 1244 2229 1257 2264; x_wconf 89' lang='lat'><strong>:</strong></span> <span class='ocrx_word' id='word_1_175' title='bbox 1293 2229 1311 2261; x_wconf 83' lang='lat' dir='ltr'><strong>t</strong></span> <span class='ocrx_word' id='word_1_176' title='bbox 1346 2210 1402 2263; x_wconf 87' lang='lat' dir='ltr'><strong>In</strong></span> <span class='ocrx_word' id='word_1_177' title='bbox 1436 2205 1742 2260; x_wconf 88' lang='lat' dir='ltr'><strong>memoriam</strong></span> <span class='ocrx_word' id='word_1_178' title='bbox 1775 2195 1984 2262; x_wconf 71' lang='lat' dir='ltr'><strong>re&#39;ttoca,</strong></span> <span class='ocrx_word' id='word_1_179' title='bbox 2018 2199 2136 2266; x_wconf 87' lang='lat' dir='ltr'><strong>quis</strong></span> 
     </span>
    </p>
   </div>
   <div class='ocr_carea' id='block_1_23' title="bbox 557 2290 2135 2375">
    <p class='ocr_par' dir='ltr' id='par_1_23' title="bbox 557 2290 2135 2375">
     <span class='ocr_line' id='line_1_23' title="bbox 557 2290 2135 2375; baseline -0.014 -10"><span class='ocrx_word' id='word_1_180' title='bbox 557 2312 784 2365; x_wconf 87' lang='lat' dir='ltr'><strong>mundos</strong></span> <span class='ocrx_word' id='word_1_181' title='bbox 834 2307 1083 2375; x_wconf 87' lang='lat' dir='ltr'><strong>perierit,</strong></span> <span class='ocrx_word' id='word_1_182' title='bbox 1128 2314 1218 2358; x_wconf 90' lang='lat' dir='ltr'><strong>aut</strong></span> <span class='ocrx_word' id='word_1_183' title='bbox 1263 2298 1596 2371; x_wconf 90' lang='lat' dir='ltr'><strong>quandonatn</strong></span> <span class='ocrx_word' id='word_1_184' title='bbox 1639 2307 1857 2349; x_wconf 85' lang='lat' dir='ltr'><strong>veraces</strong></span> <span class='ocrx_word' id='word_1_185' title='bbox 1901 2290 2135 2345; x_wconf 90' lang='lat' dir='ltr'><strong>funditus</strong></span> 
     </span>
    </p>
   </div>
   <div class='ocr_carea' id='block_1_24' title="bbox 557 2387 2136 2470">
    <p class='ocr_par' dir='ltr' id='par_1_24' title="bbox 557 2387 2136 2470">
     <span class='ocr_line' id='line_1_24' title="bbox 557 2387 2136 2470; baseline -0.012 -20"><span class='ocrx_word' id='word_1_186' title='bbox 557 2401 743 2470; x_wconf 78' lang='lat' dir='ltr'><strong>perditi</strong></span> <span class='ocrx_word' id='word_1_187' title='bbox 767 2399 891 2453; x_wconf 86' lang='lat' dir='ltr'><strong>sint.</strong></span> <span class='ocrx_word' id='word_1_188' title='bbox 936 2395 1150 2450; x_wconf 82' lang='lat' dir='ltr'><strong>Ferocia</strong></span> <span class='ocrx_word' id='word_1_189' title='bbox 1173 2393 1461 2448; x_wconf 90' lang='lat' dir='ltr'><strong>draconum</strong></span> <span class='ocrx_word' id='word_1_190' title='bbox 1483 2387 1739 2442; x_wconf 83' lang='lat' dir='ltr'><strong>exstincta</strong></span> <span class='ocrx_word' id='word_1_191' title='bbox 1769 2393 1879 2437; x_wconf 89' lang='lat' dir='ltr'><strong>est:</strong></span> <span class='ocrx_word' id='word_1_192' title='bbox 1901 2394 2136 2450; x_wconf 86' lang='lat' dir='ltr'><strong>myrme-</strong></span> 
     </span>
    </p>
   </div>
   <div class='ocr_carea' id='block_1_25' title="bbox 552 2471 2134 2556">
    <p class='ocr_par' dir='ltr' id='par_1_25' title="bbox 552 2471 2134 2556">
     <span class='ocr_line' id='line_1_25' title="bbox 552 2471 2134 2556; baseline -0.015 -10"><span class='ocrx_word' id='word_1_193' title='bbox 552 2493 740 2546; x_wconf 89' lang='lat' dir='ltr'><strong>eoleon</strong></span> <span class='ocrx_word' id='word_1_194' title='bbox 759 2499 933 2543; x_wconf 85' lang='lat' dir='ltr'><strong>autent</strong></span> <span class='ocrx_word' id='word_1_195' title='bbox 955 2484 1130 2556; x_wconf 80' lang='lat' dir='ltr'><strong>periit,</strong></span> <span class='ocrx_word' id='word_1_196' title='bbox 1151 2500 1214 2539; x_wconf 88' lang='lat' dir='ltr'><strong>eo</strong></span> <span class='ocrx_word' id='word_1_197' title='bbox 1232 2481 1373 2553; x_wconf 90' lang='lat' dir='ltr'><strong>quod</strong></span> <span class='ocrx_word' id='word_1_198' title='bbox 1394 2496 1497 2533; x_wconf 89' lang='lat' dir='ltr'><strong>non</strong></span> <span class='ocrx_word' id='word_1_199' title='bbox 1519 2478 1736 2530; x_wconf 81' lang='lat' dir='ltr'><strong>haberet</strong></span> <span class='ocrx_word' id='word_1_200' title='bbox 1751 2489 1926 2528; x_wconf 84' lang='lat' dir='ltr'><strong>escam</strong></span> <span class='ocrx_word' id='word_1_201' title='bbox 1948 2471 2134 2526; x_wconf 87' lang='lat' dir='ltr'><strong>:catuli</strong></span> 
     </span>
    </p>
   </div>
   <div class='ocr_carea' id='block_1_26' title="bbox 554 2561 2137 2642">
    <p class='ocr_par' dir='ltr' id='par_1_26' title="bbox 554 2561 2137 2642">
     <span class='ocr_line' id='line_1_26' title="bbox 554 2561 2137 2642; baseline -0.014 -6"><span class='ocrx_word' id='word_1_202' title='bbox 554 2585 764 2636; x_wconf 88' lang='lat' dir='ltr'><strong>leonum</strong></span> <span class='ocrx_word' id='word_1_203' title='bbox 790 2596 908 2633; x_wconf 87' lang='lat' dir='ltr'><strong>sese</strong></span> <span class='ocrx_word' id='word_1_204' title='bbox 931 2577 1153 2630; x_wconf 85' lang='lat' dir='ltr'><strong>invicem</strong></span> <span class='ocrx_word' id='word_1_205' title='bbox 1181 2579 1514 2642; x_wconf 88' lang='lat' dir='ltr'><strong>separarunt.</strong></span> <span class='ocrx_word' id='word_1_206' title='bbox 1549 2569 1637 2623; x_wconf 90' lang='lat' dir='ltr'><strong>Sic</strong></span> <span class='ocrx_word' id='word_1_207' title='bbox 1664 2583 1766 2620; x_wconf 90' lang='lat' dir='ltr'><strong>non</strong></span> <span class='ocrx_word' id='word_1_208' title='bbox 1795 2573 1877 2619; x_wconf 89' lang='lat' dir='ltr'><strong>est</strong></span> <span class='ocrx_word' id='word_1_209' title='bbox 1897 2561 2137 2616; x_wconf 74' lang='lat' dir='ltr'><strong>mortalis</strong></span> 
     </span>
    </p>
   </div>
   <div class='ocr_carea' id='block_1_27' title="bbox 556 2651 2137 2735">
    <p class='ocr_par' dir='ltr' id='par_1_27' title="bbox 556 2651 2137 2735">
     <span class='ocr_line' id='line_1_27' title="bbox 556 2651 2137 2735; baseline -0.012 -10"><span class='ocrx_word' id='word_1_210' title='bbox 556 2671 786 2725; x_wconf 89' lang='lat' dir='ltr'><strong>mundus</strong></span> <span class='ocrx_word' id='word_1_211' title='bbox 813 2671 864 2722; x_wconf 88' lang='lat' dir='ltr'><strong>itt</strong></span> <span class='ocrx_word' id='word_1_212' title='bbox 892 2676 1177 2735; x_wconf 87' lang='lat' dir='ltr'><strong>conspectu</strong></span> <span class='ocrx_word' id='word_1_213' title='bbox 1204 2661 1446 2726; x_wconf 89' lang='lat' dir='ltr'><strong>Domini,</strong></span> <span class='ocrx_word' id='word_1_214' title='bbox 1476 2674 1646 2728; x_wconf 88' lang='lat' dir='ltr'><strong>neque</strong></span> <span class='ocrx_word' id='word_1_215' title='bbox 1672 2672 1734 2712; x_wconf 70' lang='lat' dir='ltr'><strong>ex</strong></span> <span class='ocrx_word' id='word_1_216' title='bbox 1759 2654 2007 2723; x_wconf 76' lang='lat' dir='ltr'><strong>operibus</strong></span> <span class='ocrx_word' id='word_1_217' title='bbox 2028 2651 2137 2706; x_wconf 85' lang='lat' dir='ltr'><strong>suis</strong></span> 
     </span>
    </p>
   </div>
   <div class='ocr_carea' id='block_1_28' title="bbox 559 2741 2134 2828">
    <p class='ocr_par' dir='ltr' id='par_1_28' title="bbox 559 2741 2134 2828">
     <span class='ocr_line' id='line_1_28' title="bbox 559 2741 2134 2828; baseline -0.015 -15"><span class='ocrx_word' id='word_1_218' title='bbox 559 2761 853 2828; x_wconf 78' lang='lat' dir='ltr'><strong>inculpattts</strong></span> <span class='ocrx_word' id='word_1_219' title='bbox 876 2759 955 2811; x_wconf 88' lang='lat' dir='ltr'><strong>vir</strong></span> <span class='ocrx_word' id='word_1_220' title='bbox 981 2775 998 2807; x_wconf 77' lang='grc' dir='ltr'><strong>ι</strong></span> <span class='ocrx_word' id='word_1_221' title='bbox 1021 2754 1138 2826; x_wconf 84' lang='lat' dir='ltr'><strong>(Job</strong></span> <span class='ocrx_word' id='word_1_222' title='bbox 1162 2751 1395 2808; x_wconf 74' lang='grc'><strong>4.7.10.</strong></span> <span class='ocrx_word' id='word_1_223' title='bbox 1425 2751 1676 2815; x_wconf 78' lang='grc'><strong>11.17).‹</strong></span> <span class='ocrx_word' id='word_1_224' title='bbox 1699 2745 1879 2808; x_wconf 86' lang='lat' dir='ltr'><strong>Stulti,</strong></span> <span class='ocrx_word' id='word_1_225' title='bbox 1907 2762 1924 2794; x_wconf 72' lang='grc' dir='ltr'><strong>ι</strong></span> <span class='ocrx_word' id='word_1_226' title='bbox 1947 2741 2134 2812; x_wconf 86' lang='lat' dir='ltr'><strong>inquit,</strong></span> 
     </span>
    </p>
   </div>
   <div class='ocr_carea' id='block_1_29' title="bbox 563 2838 2133 2917">
    <p class='ocr_par' dir='ltr' id='par_1_29' title="bbox 563 2838 2133 2917">
     <span class='ocr_line' id='line_1_29' title="bbox 563 2838 2133 2917; baseline -0.01 -14"><span class='ocrx_word' id='word_1_227' title='bbox 563 2873 581 2903; x_wconf 75' lang='grc' dir='ltr'><strong>ι</strong></span> <span class='ocrx_word' id='word_1_228' title='bbox 595 2853 715 2906; x_wconf 79' lang='lat' dir='ltr'><strong>licet</strong></span> <span class='ocrx_word' id='word_1_229' title='bbox 733 2851 962 2904; x_wconf 90' lang='lat' dir='ltr'><strong>radicem</strong></span> <span class='ocrx_word' id='word_1_230' title='bbox 981 2844 1381 2917; x_wconf 83' lang='lat' dir='ltr'><strong>ponant,statim</strong></span> <span class='ocrx_word' id='word_1_231' title='bbox 1396 2841 1734 2896; x_wconf 87' lang='lat' dir='ltr'><strong>devorahitur</strong></span> <span class='ocrx_word' id='word_1_232' title='bbox 1749 2838 1916 2890; x_wconf 90' lang='lat' dir='ltr'><strong>vietus</strong></span> <span class='ocrx_word' id='word_1_233' title='bbox 1928 2848 2133 2897; x_wconf 88' lang='lat' dir='ltr'><strong>eorum;</strong></span> 
     </span>
    </p>
   </div>
   <div class='ocr_carea' id='block_1_30' title="bbox 553 2926 2135 3014">
    <p class='ocr_par' dir='ltr' id='par_1_30' title="bbox 553 2926 2135 3014">
     <span class='ocr_line' id='line_1_30' title="bbox 553 2926 2135 3014; baseline -0.012 -15"><span class='ocrx_word' id='word_1_234' title='bbox 553 2943 800 3014; x_wconf 88' lang='lat' dir='ltr'><strong>quoniam</strong></span> <span class='ocrx_word' id='word_1_235' title='bbox 819 2944 957 3012; x_wconf 88' lang='lat' dir='ltr'><strong>quod</strong></span> <span class='ocrx_word' id='word_1_236' title='bbox 981 2941 1053 2995; x_wconf 83' lang='lat' dir='ltr'><strong>illi</strong></span> <span class='ocrx_word' id='word_1_237' title='bbox 1073 2944 1476 3009; x_wconf 84' lang='lat' dir='ltr'><strong>congregarunt,</strong></span> <span class='ocrx_word' id='word_1_238' title='bbox 1494 2934 1620 3003; x_wconf 85' lang='lat' dir='ltr'><strong>justi</strong></span> <span class='ocrx_word' id='word_1_239' title='bbox 1639 2930 1918 2986; x_wconf 87' lang='lat' dir='ltr'><strong>comedent</strong></span> <span class='ocrx_word' id='word_1_240' title='bbox 1944 2947 1961 2978; x_wconf 74' lang='grc' dir='ltr'><strong>ι</strong></span> <span class='ocrx_word' id='word_1_241' title='bbox 1985 2926 2135 3000; x_wconf 76' lang='lat' dir='ltr'><strong>(Cap.</strong></span> 
     </span>
    </p>
   </div>
   <div class='ocr_carea' id='block_1_31' title="bbox 555 3020 2132 3104">
    <p class='ocr_par' dir='ltr' id='par_1_31' title="bbox 555 3020 2132 3104">
     <span class='ocr_line' id='line_1_31' title="bbox 555 3020 2132 3104; baseline -0.015 -12"><span class='ocrx_word' id='word_1_242' title='bbox 555 3039 606 3092; x_wconf 81' lang='grc'><strong>5.</strong></span> <span class='ocrx_word' id='word_1_243' title='bbox 638 3052 686 3089; x_wconf 82' lang='grc' dir='ltr'><strong>υ.</strong></span> <span class='ocrx_word' id='word_1_244' title='bbox 717 3035 770 3089; x_wconf 77' lang='grc'><strong>5.</strong></span> <span class='ocrx_word' id='word_1_245' title='bbox 803 3035 880 3104; x_wconf 79' lang='lat'><strong>5).</strong></span> <span class='ocrx_word' id='word_1_246' title='bbox 917 3051 935 3084; x_wconf 86' lang='lat' dir='ltr'><strong>t</strong></span> <span class='ocrx_word' id='word_1_247' title='bbox 967 3032 1191 3096; x_wconf 66' lang='lat' dir='ltr'><strong>llomo,»</strong></span> <span class='ocrx_word' id='word_1_248' title='bbox 1225 3029 1412 3098; x_wconf 89' lang='lat' dir='ltr'><strong>inquit,</strong></span> <span class='ocrx_word' id='word_1_249' title='bbox 1446 3046 1464 3077; x_wconf 76' lang='grc' dir='ltr'><strong>ι</strong></span> <span class='ocrx_word' id='word_1_250' title='bbox 1505 3024 1737 3078; x_wconf 87' lang='lat' dir='ltr'><strong>nascitur</strong></span> <span class='ocrx_word' id='word_1_251' title='bbox 1765 3020 1828 3074; x_wconf 87' lang='lat' dir='ltr'><strong>ad</strong></span> <span class='ocrx_word' id='word_1_252' title='bbox 1859 3020 2091 3073; x_wconf 83' lang='lat' dir='ltr'><strong>laborem</strong></span> <span class='ocrx_word' id='word_1_253' title='bbox 2118 3057 2132 3081; x_wconf 88' lang='lat'><strong>,</strong></span> 
     </span>
    </p>
   </div>
   <div class='ocr_carea' id='block_1_32' title="bbox 554 3110 2137 3194">
    <p class='ocr_par' dir='ltr' id='par_1_32' title="bbox 554 3110 2137 3194">
     <span class='ocr_line' id='line_1_32' title="bbox 554 3110 2137 3194; baseline -0.011 -13"><span class='ocrx_word' id='word_1_254' title='bbox 554 3128 681 3194; x_wconf 82' lang='lat' dir='ltr'><strong>pulli</strong></span> <span class='ocrx_word' id='word_1_255' title='bbox 739 3136 912 3181; x_wconf 80' lang='lat' dir='ltr'><strong>autem</strong></span> <span class='ocrx_word' id='word_1_256' title='bbox 970 3126 1236 3178; x_wconf 77' lang='lat' dir='ltr'><strong>vulturum</strong></span> <span class='ocrx_word' id='word_1_257' title='bbox 1289 3123 1394 3175; x_wconf 84' lang='lat' dir='ltr'><strong>alte</strong></span> <span class='ocrx_word' id='word_1_258' title='bbox 1452 3118 1651 3172; x_wconf 82' lang='lat' dir='ltr'><strong>volant.</strong></span> <span class='ocrx_word' id='word_1_259' title='bbox 1721 3110 2137 3182; x_wconf 82' lang='lat' dir='ltr'><strong>Cotnprehertdit</strong></span> 
     </span>
    </p>
   </div>
   <div class='ocr_carea' id='block_1_33' title="bbox 553 3207 2138 3285">
    <p class='ocr_par' dir='ltr' id='par_1_33' title="bbox 553 3207 2138 3285">
     <span class='ocr_line' id='line_1_33' title="bbox 553 3207 2138 3285; baseline -0.012 -11"><span class='ocrx_word' id='word_1_260' title='bbox 553 3229 727 3274; x_wconf 84' lang='lat' dir='ltr'><strong>autem</strong></span> <span class='ocrx_word' id='word_1_261' title='bbox 769 3218 1019 3273; x_wconf 84' lang='lat' dir='ltr'><strong>Dominus</strong></span> <span class='ocrx_word' id='word_1_262' title='bbox 1054 3216 1319 3285; x_wconf 76' lang='lat' dir='ltr'><strong>sapientes</strong></span> <span class='ocrx_word' id='word_1_263' title='bbox 1359 3211 1411 3266; x_wconf 89' lang='lat' dir='ltr'><strong>in</strong></span> <span class='ocrx_word' id='word_1_264' title='bbox 1447 3207 1722 3279; x_wconf 80' lang='lat' dir='ltr'><strong>prudentia</strong></span> <span class='ocrx_word' id='word_1_265' title='bbox 1767 3221 1950 3261; x_wconf 87' lang='lat' dir='ltr'><strong>eorum</strong></span> <span class='ocrx_word' id='word_1_266' title='bbox 1973 3246 1986 3267; x_wconf 89' lang='lat'><strong>,</strong></span> <span class='ocrx_word' id='word_1_267' title='bbox 2018 3219 2138 3256; x_wconf 85' lang='lat' dir='ltr'><strong>cott-</strong></span> 
     </span>
    </p>
   </div>
   <div class='ocr_carea' id='block_1_34' title="bbox 551 3299 2134 3375">
    <p class='ocr_par' dir='ltr' id='par_1_34' title="bbox 551 3299 2134 3375">
     <span class='ocr_line' id='line_1_34' title="bbox 551 3299 2134 3375; baseline -0.013 -8"><span class='ocrx_word' id='word_1_268' title='bbox 551 3314 729 3367; x_wconf 78' lang='lat' dir='ltr'><strong>silium</strong></span> <span class='ocrx_word' id='word_1_269' title='bbox 780 3320 955 3363; x_wconf 86' lang='lat' dir='ltr'><strong>autem</strong></span> <span class='ocrx_word' id='word_1_270' title='bbox 995 3305 1349 3375; x_wconf 75' lang='lat' dir='ltr'><strong>versipellium</strong></span> <span class='ocrx_word' id='word_1_271' title='bbox 1391 3301 1633 3370; x_wconf 83' lang='lat' dir='ltr'><strong>dissipat.</strong></span> <span class='ocrx_word' id='word_1_272' title='bbox 1685 3299 2022 3353; x_wconf 89' lang='lat' dir='ltr'><strong>Innocentem</strong></span> <span class='ocrx_word' id='word_1_273' title='bbox 2069 3310 2134 3348; x_wconf 78' lang='lat' dir='ltr'><strong>ex</strong></span> 
     </span>
    </p>
   </div>
   <div class='ocr_carea' id='block_1_35' title="bbox 555 3389 2133 3466">
    <p class='ocr_par' dir='ltr' id='par_1_35' title="bbox 555 3389 2133 3466">
     <span class='ocr_line' id='line_1_35' title="bbox 555 3389 2133 3466; baseline -0.01 -10"><span class='ocrx_word' id='word_1_274' title='bbox 555 3401 960 3458; x_wconf 85' lang='lat' dir='ltr'><strong>necessitatibus</strong></span> <span class='ocrx_word' id='word_1_275' title='bbox 1003 3399 1192 3466; x_wconf 77' lang='lat' dir='ltr'><strong>eripiet</strong></span> <span class='ocrx_word' id='word_1_276' title='bbox 1233 3395 1486 3448; x_wconf 87' lang='lat' dir='ltr'><strong>Dominus</strong></span> <span class='ocrx_word' id='word_1_277' title='bbox 1513 3434 1525 3455; x_wconf 93' lang='lat'><strong>,</strong></span> <span class='ocrx_word' id='word_1_278' title='bbox 1568 3400 1622 3446; x_wconf 89' lang='lat' dir='ltr'><strong>et</strong></span> <span class='ocrx_word' id='word_1_279' title='bbox 1664 3392 1714 3445; x_wconf 89' lang='lat' dir='ltr'><strong>itt</strong></span> <span class='ocrx_word' id='word_1_280' title='bbox 1759 3389 1987 3455; x_wconf 86' lang='lat' dir='ltr'><strong>septimo</strong></span> <span class='ocrx_word' id='word_1_281' title='bbox 2028 3401 2133 3440; x_wconf 89' lang='lat' dir='ltr'><strong>non</strong></span> 
     </span>
    </p>
   </div>
   <div class='ocr_carea' id='block_1_36' title="bbox 555 3479 2133 3563">
    <p class='ocr_par' dir='ltr' id='par_1_36' title="bbox 555 3479 2133 3563">
     <span class='ocr_line' id='line_1_36' title="bbox 555 3479 2133 3563; baseline -0.01 -16"><span class='ocrx_word' id='word_1_282' title='bbox 555 3501 732 3563; x_wconf 82' lang='lat' dir='ltr'><strong>tanget</strong></span> <span class='ocrx_word' id='word_1_283' title='bbox 773 3508 893 3546; x_wconf 90' lang='lat' dir='ltr'><strong>eum</strong></span> <span class='ocrx_word' id='word_1_284' title='bbox 937 3489 1153 3544; x_wconf 88' lang='lat' dir='ltr'><strong>malum.</strong></span> <span class='ocrx_word' id='word_1_285' title='bbox 1193 3487 1272 3541; x_wconf 79' lang='lat' dir='ltr'><strong>’l’tt</strong></span> <span class='ocrx_word' id='word_1_286' title='bbox 1307 3501 1434 3540; x_wconf 80' lang='lat' dir='ltr'><strong>vero</strong></span> <span class='ocrx_word' id='word_1_287' title='bbox 1463 3494 1636 3538; x_wconf 88' lang='lat' dir='ltr'><strong>tecum</strong></span> <span class='ocrx_word' id='word_1_288' title='bbox 1665 3493 1882 3551; x_wconf 89' lang='lat' dir='ltr'><strong>reputa,</strong></span> <span class='ocrx_word' id='word_1_289' title='bbox 1915 3495 1983 3533; x_wconf 88' lang='lat' dir='ltr'><strong>an</strong></span> <span class='ocrx_word' id='word_1_290' title='bbox 2009 3479 2133 3550; x_wconf 91' lang='lat' dir='ltr'><strong>quid</strong></span> 
     </span>
    </p>
   </div>
   <div class='ocr_carea' id='block_1_37' title="bbox 558 3574 1740 3655">
    <p class='ocr_par' dir='ltr' id='par_1_37' title="bbox 558 3574 1740 3655">
     <span class='ocr_line' id='line_1_37' title="bbox 558 3574 1740 3655; baseline -0.01 -19"><span class='ocrx_word' id='word_1_291' title='bbox 558 3581 950 3655; x_wconf 85' lang='lat' dir='ltr'><strong>perpetraveris</strong></span> <span class='ocrx_word' id='word_1_292' title='bbox 985 3599 1001 3632; x_wconf 73' lang='grc' dir='ltr'><strong>ι</strong></span> <span class='ocrx_word' id='word_1_293' title='bbox 1037 3578 1194 3649; x_wconf 86' lang='lat' dir='ltr'><strong>(Ibid.</strong></span> <span class='ocrx_word' id='word_1_294' title='bbox 1227 3595 1273 3631; x_wconf 81' lang='grc' dir='ltr'><strong>υ.</strong></span> <span class='ocrx_word' id='word_1_295' title='bbox 1303 3578 1354 3629; x_wconf 84' lang='lat'><strong>7.</strong></span> <span class='ocrx_word' id='word_1_296' title='bbox 1393 3576 1476 3630; x_wconf 73' lang='lat'><strong>13.</strong></span> <span class='ocrx_word' id='word_1_297' title='bbox 1512 3575 1598 3629; x_wconf 78' lang='lat' dir='ltr'><strong>i9.</strong></span> <span class='ocrx_word' id='word_1_298' title='bbox 1626 3574 1740 3642; x_wconf 74' lang='lat'><strong>27).</strong></span> 
     </span>
    </p>
   </div>
   <div class='ocr_carea' id='block_1_38' title="bbox 628 3664 2136 3738">
    <p class='ocr_par' dir='ltr' id='par_1_38' title="bbox 628 3664 2136 3738">
     <span class='ocr_line' id='line_1_38' title="bbox 628 3664 2136 3738; baseline -0.007 -10"><span class='ocrx_word' id='word_1_299' title='bbox 628 3675 799 3728; x_wconf 84' lang='lat' dir='ltr'><strong>Prima</strong></span> <span class='ocrx_word' id='word_1_300' title='bbox 844 3672 962 3727; x_wconf 81' lang='lat' dir='ltr'><strong>Jobi</strong></span> <span class='ocrx_word' id='word_1_301' title='bbox 1003 3671 1068 3725; x_wconf 90' lang='lat' dir='ltr'><strong>ad</strong></span> <span class='ocrx_word' id='word_1_302' title='bbox 1115 3669 1331 3738; x_wconf 83' lang='lat' dir='ltr'><strong>Eliphaz</strong></span> <span class='ocrx_word' id='word_1_303' title='bbox 1372 3667 1647 3736; x_wconf 86' lang='lat' dir='ltr'><strong>responsio</strong></span> <span class='ocrx_word' id='word_1_304' title='bbox 1677 3683 1688 3718; x_wconf 92' lang='lat'><strong>:</strong></span> <span class='ocrx_word' id='word_1_305' title='bbox 1723 3684 1740 3716; x_wconf 77' lang='grc' dir='ltr'><strong>ι</strong></span> <span class='ocrx_word' id='word_1_306' title='bbox 1775 3665 1830 3720; x_wconf 89' lang='lat' dir='ltr'><strong>Si</strong></span> <span class='ocrx_word' id='word_1_307' title='bbox 1860 3679 1988 3720; x_wconf 84' lang='lat' dir='ltr'><strong>vero</strong></span> <span class='ocrx_word' id='word_1_308' title='bbox 2018 3664 2136 3734; x_wconf 83' lang='lat' dir='ltr'><strong>quis</strong></span> 
     </span>
    </p>
   </div>
   <div class='ocr_carea' id='block_1_39' title="bbox 551 3757 2136 3834">
    <p class='ocr_par' dir='ltr' id='par_1_39' title="bbox 551 3757 2136 3834">
     <span class='ocr_line' id='line_1_39' title="bbox 551 3757 2136 3834; baseline -0.005 -15"><span class='ocrx_word' id='word_1_309' title='bbox 551 3765 857 3834; x_wconf 82' lang='lat' dir='ltr'><strong>appendens</strong></span> <span class='ocrx_word' id='word_1_310' title='bbox 880 3762 1205 3832; x_wconf 83' lang='lat' dir='ltr'><strong>appenderet</strong></span> <span class='ocrx_word' id='word_1_311' title='bbox 1247 3761 1378 3814; x_wconf 85' lang='lat' dir='ltr'><strong>iram</strong></span> <span class='ocrx_word' id='word_1_312' title='bbox 1418 3774 1588 3812; x_wconf 84' lang='lat' dir='ltr'><strong>meam</strong></span> <span class='ocrx_word' id='word_1_313' title='bbox 1613 3799 1625 3820; x_wconf 89' lang='lat'><strong>,</strong></span> <span class='ocrx_word' id='word_1_314' title='bbox 1652 3767 1705 3812; x_wconf 90' lang='lat' dir='ltr'><strong>et</strong></span> <span class='ocrx_word' id='word_1_315' title='bbox 1742 3757 1952 3812; x_wconf 87' lang='lat' dir='ltr'><strong>dolores</strong></span> <span class='ocrx_word' id='word_1_316' title='bbox 1988 3771 2136 3811; x_wconf 89' lang='lat' dir='ltr'><strong>meos</strong></span> 
     </span>
    </p>
   </div>
   <div class='ocr_carea' id='block_1_40' title="bbox 539 3848 2135 3923">
    <p class='ocr_par' dir='ltr' id='par_1_40' title="bbox 539 3848 2135 3923">
     <span class='ocr_line' id='line_1_40' title="bbox 539 3848 2135 3923; baseline -0.006 -11"><span class='ocrx_word' id='word_1_317' title='bbox 539 3859 760 3912; x_wconf 77' lang='lat' dir='ltr'><strong>tolleret</strong></span> <span class='ocrx_word' id='word_1_318' title='bbox 792 3857 842 3909; x_wconf 93' lang='lat' dir='ltr'><strong>in</strong></span> <span class='ocrx_word' id='word_1_319' title='bbox 873 3866 1067 3910; x_wconf 81' lang='lat' dir='ltr'><strong>statera</strong></span> <span class='ocrx_word' id='word_1_320' title='bbox 1097 3854 1311 3923; x_wconf 83' lang='lat' dir='ltr'><strong>pariter,</strong></span> <span class='ocrx_word' id='word_1_321' title='bbox 1341 3852 1522 3920; x_wconf 91' lang='lat' dir='ltr'><strong>utique</strong></span> <span class='ocrx_word' id='word_1_322' title='bbox 1547 3865 1708 3904; x_wconf 87' lang='lat' dir='ltr'><strong>arena</strong></span> <span class='ocrx_word' id='word_1_323' title='bbox 1736 3849 1898 3903; x_wconf 91' lang='lat' dir='ltr'><strong>maris</strong></span> <span class='ocrx_word' id='word_1_324' title='bbox 1923 3848 2135 3920; x_wconf 83' lang='lat' dir='ltr'><strong>gravior</strong></span> 
     </span>
    </p>
   </div>
   <div class='ocr_carea' id='block_1_41' title="bbox 550 3941 2136 4019">
    <p class='ocr_par' dir='ltr' id='par_1_41' title="bbox 550 3941 2136 4019">
     <span class='ocr_line' id='line_1_41' title="bbox 550 3941 2136 4019; baseline -0.008 -15"><span class='ocrx_word' id='word_1_325' title='bbox 550 3951 652 4004; x_wconf 82' lang='lat' dir='ltr'><strong>erit</strong></span> <span class='ocrx_word' id='word_1_326' title='bbox 678 3966 698 4002; x_wconf 71' lang='grc' dir='ltr'><strong><em>ο</em></strong></span> <span class='ocrx_word' id='word_1_327' title='bbox 718 3948 866 4019; x_wconf 81' lang='lat' dir='ltr'><strong>(Cap.</strong></span> <span class='ocrx_word' id='word_1_328' title='bbox 887 3950 939 4001; x_wconf 84' lang='lat'><strong>6.</strong></span> <span class='ocrx_word' id='word_1_329' title='bbox 958 3947 1074 4001; x_wconf 60' lang='grc' dir='ltr'><strong>ιε.</strong></span> <span class='ocrx_word' id='word_1_330' title='bbox 1095 3947 1171 4016; x_wconf 70' lang='grc' dir='ltr'><strong>ὅ).</strong></span> <span class='ocrx_word' id='word_1_331' title='bbox 1197 3944 1323 3999; x_wconf 87' lang='lat' dir='ltr'><strong>Item</strong></span> <span class='ocrx_word' id='word_1_332' title='bbox 1342 3943 1466 3997; x_wconf 90' lang='lat' dir='ltr'><strong>illttd</strong></span> <span class='ocrx_word' id='word_1_333' title='bbox 1489 3965 1501 3998; x_wconf 89' lang='lat'><strong>:</strong></span> <span class='ocrx_word' id='word_1_334' title='bbox 1528 3961 1545 3993; x_wconf 88' lang='lat' dir='ltr'><strong>t</strong></span> <span class='ocrx_word' id='word_1_335' title='bbox 1566 3943 1699 3996; x_wconf 81' lang='lat' dir='ltr'><strong>Num</strong></span> <span class='ocrx_word' id='word_1_336' title='bbox 1721 3941 1913 3996; x_wconf 88' lang='lat' dir='ltr'><strong>frustra</strong></span> <span class='ocrx_word' id='word_1_337' title='bbox 1934 3943 2136 3995; x_wconf 85' lang='lat' dir='ltr'><strong>clama-</strong></span> 
     </span>
    </p>
   </div>
   <div class='ocr_carea' id='block_1_42' title="bbox 550 4034 2136 4110">
    <p class='ocr_par' dir='ltr' id='par_1_42' title="bbox 550 4034 2136 4110">
     <span class='ocr_line' id='line_1_42' title="bbox 550 4034 2136 4110; baseline -0.007 -12"><span class='ocrx_word' id='word_1_338' title='bbox 550 4043 627 4098; x_wconf 90' lang='lat' dir='ltr'><strong>hit</strong></span> <span class='ocrx_word' id='word_1_339' title='bbox 652 4055 848 4110; x_wconf 84' lang='lat' dir='ltr'><strong>onager</strong></span> <span class='ocrx_word' id='word_1_340' title='bbox 865 4082 878 4104; x_wconf 94' lang='lat'><strong>,</strong></span> <span class='ocrx_word' id='word_1_341' title='bbox 905 4039 1004 4093; x_wconf 91' lang='lat' dir='ltr'><strong>nisi</strong></span> <span class='ocrx_word' id='word_1_342' title='bbox 1026 4052 1178 4093; x_wconf 87' lang='lat' dir='ltr'><strong>escas</strong></span> <span class='ocrx_word' id='word_1_343' title='bbox 1199 4037 1512 4105; x_wconf 72' lang='lat' dir='ltr'><strong>requirens?</strong></span> <span class='ocrx_word' id='word_1_344' title='bbox 1533 4034 1795 4103; x_wconf 83' lang='lat' dir='ltr'><strong>Numquid</strong></span> <span class='ocrx_word' id='word_1_345' title='bbox 1818 4041 1870 4087; x_wconf 88' lang='lat' dir='ltr'><strong>et</strong></span> <span class='ocrx_word' id='word_1_346' title='bbox 1895 4041 2136 4102; x_wconf 88' lang='lat' dir='ltr'><strong>erumpet</strong></span> 
     </span>
    </p>
   </div>
   <div class='ocr_carea' id='block_1_43' title="bbox 549 4123 2132 4196">
    <p class='ocr_par' dir='ltr' id='par_1_43' title="bbox 549 4123 2132 4196">
     <span class='ocr_line' id='line_1_43' title="bbox 549 4123 2132 4196; baseline -0.007 -8"><span class='ocrx_word' id='word_1_347' title='bbox 549 4134 601 4188; x_wconf 89' lang='lat' dir='ltr'><strong>in</strong></span> <span class='ocrx_word' id='word_1_348' title='bbox 627 4147 808 4187; x_wconf 86' lang='lat' dir='ltr'><strong>vocent</strong></span> <span class='ocrx_word' id='word_1_349' title='bbox 832 4131 947 4195; x_wconf 91' lang='lat' dir='ltr'><strong>bos,</strong></span> <span class='ocrx_word' id='word_1_350' title='bbox 971 4144 1089 4184; x_wconf 85' lang='lat' dir='ltr'><strong>cum</strong></span> <span class='ocrx_word' id='word_1_351' title='bbox 1115 4127 1306 4182; x_wconf 85' lang='lat' dir='ltr'><strong>habeat</strong></span> <span class='ocrx_word' id='word_1_352' title='bbox 1327 4128 1377 4179; x_wconf 89' lang='lat' dir='ltr'><strong>itt</strong></span> <span class='ocrx_word' id='word_1_353' title='bbox 1401 4142 1642 4196; x_wconf 72' lang='lat' dir='ltr'><strong>prmsepe</strong></span> <span class='ocrx_word' id='word_1_354' title='bbox 1667 4125 1850 4179; x_wconf 83' lang='lat' dir='ltr'><strong>cibos?</strong></span> <span class='ocrx_word' id='word_1_355' title='bbox 1873 4123 2132 4194; x_wconf 89' lang='lat' dir='ltr'><strong>Numquid</strong></span> 
     </span>
    </p>
   </div>
   <div class='ocr_carea' id='block_1_44' title="bbox 545 4219 2134 4293">
    <p class='ocr_par' dir='ltr' id='par_1_44' title="bbox 545 4219 2134 4293">
     <span class='ocr_line' id='line_1_44' title="bbox 545 4219 2134 4293; baseline -0.006 -15"><span class='ocrx_word' id='word_1_356' title='bbox 545 4224 801 4278; x_wconf 85' lang='lat' dir='ltr'><strong>fortitudo</strong></span> <span class='ocrx_word' id='word_1_357' title='bbox 829 4221 1060 4293; x_wconf 77' lang='lat' dir='ltr'><strong>lapidum</strong></span> <span class='ocrx_word' id='word_1_358' title='bbox 1084 4219 1340 4274; x_wconf 79' lang='lat' dir='ltr'><strong>fortitudo</strong></span> <span class='ocrx_word' id='word_1_359' title='bbox 1366 4233 1504 4280; x_wconf 87' lang='lat' dir='ltr'><strong>mea,</strong></span> <span class='ocrx_word' id='word_1_360' title='bbox 1533 4227 1624 4270; x_wconf 89' lang='lat' dir='ltr'><strong>aut</strong></span> <span class='ocrx_word' id='word_1_361' title='bbox 1645 4231 1832 4270; x_wconf 86' lang='lat' dir='ltr'><strong>carnes</strong></span> <span class='ocrx_word' id='word_1_362' title='bbox 1857 4231 1989 4268; x_wconf 70' lang='lat' dir='ltr'><strong>mea:</strong></span> <span class='ocrx_word' id='word_1_363' title='bbox 2009 4224 2134 4268; x_wconf 87' lang='lat' dir='ltr'><strong>sunt</strong></span> 
     </span>
    </p>
   </div>
   <div class='ocr_carea' id='block_1_45' title="bbox 546 4306 2133 4385">
    <p class='ocr_par' dir='ltr' id='par_1_45' title="bbox 546 4306 2133 4385">
     <span class='ocr_line' id='line_1_45' title="bbox 546 4306 2133 4385; baseline -0.008 -13"><span class='ocrx_word' id='word_1_364' title='bbox 546 4334 709 4372; x_wconf 69' lang='lat' dir='ltr'><strong>teneo:</strong></span> <span class='ocrx_word' id='word_1_365' title='bbox 737 4335 760 4369; x_wconf 71' lang='grc' dir='ltr'><strong>ι</strong></span> <span class='ocrx_word' id='word_1_366' title='bbox 786 4315 948 4385; x_wconf 79' lang='lat' dir='ltr'><strong>(Ibid.</strong></span> <span class='ocrx_word' id='word_1_367' title='bbox 969 4313 1252 4383; x_wconf 69' lang='lat' dir='ltr'><strong>v.5.12)?t</strong></span> <span class='ocrx_word' id='word_1_368' title='bbox 1277 4310 1436 4379; x_wconf 88' lang='lat' dir='ltr'><strong>Quasi</strong></span> <span class='ocrx_word' id='word_1_369' title='bbox 1457 4310 1674 4364; x_wconf 88' lang='lat' dir='ltr'><strong>tentatio</strong></span> <span class='ocrx_word' id='word_1_370' title='bbox 1687 4308 1882 4364; x_wconf 87' lang='lat' dir='ltr'><strong>estvita</strong></span> <span class='ocrx_word' id='word_1_371' title='bbox 1904 4306 2133 4360; x_wconf 87' lang='lat' dir='ltr'><strong>hominis</strong></span> 
     </span>
    </p>
   </div>
   <div class='ocr_carea' id='block_1_46' title="bbox 545 4395 2126 4476">
    <p class='ocr_par' dir='ltr' id='par_1_46' title="bbox 545 4395 2126 4476">
     <span class='ocr_line' id='line_1_46' title="bbox 545 4395 2126 4476; baseline -0.01 -13"><span class='ocrx_word' id='word_1_372' title='bbox 545 4424 708 4476; x_wconf 89' lang='lat' dir='ltr'><strong>super</strong></span> <span class='ocrx_word' id='word_1_373' title='bbox 730 4417 948 4469; x_wconf 87' lang='lat' dir='ltr'><strong>terram,</strong></span> <span class='ocrx_word' id='word_1_374' title='bbox 970 4414 1060 4459; x_wconf 87' lang='lat' dir='ltr'><strong>aut</strong></span> <span class='ocrx_word' id='word_1_375' title='bbox 1079 4406 1216 4458; x_wconf 88' lang='lat' dir='ltr'><strong>sicut</strong></span> <span class='ocrx_word' id='word_1_376' title='bbox 1231 4403 1520 4472; x_wconf 87' lang='lat' dir='ltr'><strong>quotidiani</strong></span> <span class='ocrx_word' id='word_1_377' title='bbox 1542 4399 1851 4454; x_wconf 85' lang='lat' dir='ltr'><strong>mercenarii</strong></span> <span class='ocrx_word' id='word_1_378' title='bbox 1872 4397 1973 4450; x_wconf 90' lang='lat' dir='ltr'><strong>vita</strong></span> <span class='ocrx_word' id='word_1_379' title='bbox 1992 4395 2126 4466; x_wconf 90' lang='lat' dir='ltr'><strong>ejus.</strong></span> 
     </span>
    </p>
   </div>
   <div class='ocr_carea' id='block_1_47' title="bbox 543 4491 2128 4567">
    <p class='ocr_par' dir='ltr' id='par_1_47' title="bbox 543 4491 2128 4567">
     <span class='ocr_line' id='line_1_47' title="bbox 543 4491 2128 4567; baseline -0.009 -12"><span class='ocrx_word' id='word_1_380' title='bbox 543 4503 598 4556; x_wconf 80' lang='lat' dir='ltr'><strong>Si</strong></span> <span class='ocrx_word' id='word_1_381' title='bbox 631 4515 730 4567; x_wconf 86' lang='lat' dir='ltr'><strong>ego</strong></span> <span class='ocrx_word' id='word_1_382' title='bbox 769 4498 1020 4567; x_wconf 86' lang='lat' dir='ltr'><strong>peccavi,</strong></span> <span class='ocrx_word' id='word_1_383' title='bbox 1046 4497 1170 4566; x_wconf 89' lang='lat' dir='ltr'><strong>quid</strong></span> <span class='ocrx_word' id='word_1_384' title='bbox 1198 4505 1381 4564; x_wconf 89' lang='lat' dir='ltr'><strong>potero</strong></span> <span class='ocrx_word' id='word_1_385' title='bbox 1408 4494 1621 4549; x_wconf 83' lang='lat' dir='ltr'><strong>facere?</strong></span> <span class='ocrx_word' id='word_1_386' title='bbox 1644 4494 1742 4558; x_wconf 84' lang='lat' dir='ltr'><strong>Qui</strong></span> <span class='ocrx_word' id='word_1_387' title='bbox 1766 4491 1870 4546; x_wconf 87' lang='lat' dir='ltr'><strong>scis</strong></span> <span class='ocrx_word' id='word_1_388' title='bbox 1901 4500 2128 4544; x_wconf 86' lang='lat' dir='ltr'><strong>mentem</strong></span> 
     </span>
    </p>
   </div>
   <div class='ocr_carea' id='block_1_48' title="bbox 545 4581 2126 4656">
    <p class='ocr_par' dir='ltr' id='par_1_48' title="bbox 545 4581 2126 4656">
     <span class='ocr_line' id='line_1_48' title="bbox 545 4581 2126 4656; baseline -0.006 -11"><span class='ocrx_word' id='word_1_389' title='bbox 545 4591 816 4645; x_wconf 79' lang='lat' dir='ltr'><strong>hominum</strong></span> <span class='ocrx_word' id='word_1_390' title='bbox 841 4631 854 4652; x_wconf 91' lang='lat'><strong>,</strong></span> <span class='ocrx_word' id='word_1_391' title='bbox 887 4603 1049 4656; x_wconf 89' lang='lat' dir='ltr'><strong>quare</strong></span> <span class='ocrx_word' id='word_1_392' title='bbox 1091 4587 1310 4656; x_wconf 81' lang='lat' dir='ltr'><strong>posuisti</strong></span> <span class='ocrx_word' id='word_1_393' title='bbox 1345 4601 1429 4640; x_wconf 90' lang='lat' dir='ltr'><strong>me</strong></span> <span class='ocrx_word' id='word_1_394' title='bbox 1472 4593 1528 4638; x_wconf 92' lang='lat' dir='ltr'><strong>ut</strong></span> <span class='ocrx_word' id='word_1_395' title='bbox 1565 4584 1815 4653; x_wconf 90' lang='lat' dir='ltr'><strong>loquerer</strong></span> <span class='ocrx_word' id='word_1_396' title='bbox 1844 4581 2126 4636; x_wconf 84' lang='lat' dir='ltr'><strong>adversum</strong></span> 
     </span>
    </p>
   </div>
   <div class='ocr_carea' id='block_1_49' title="bbox 547 4674 1252 4755">
    <p class='ocr_par' dir='ltr' id='par_1_49' title="bbox 547 4674 1252 4755">
     <span class='ocr_line' id='line_1_49' title="bbox 547 4674 1252 4755; baseline -0.013 -18"><span class='ocrx_word' id='word_1_397' title='bbox 547 4693 597 4737; x_wconf 91' lang='lat' dir='ltr'><strong>te</strong></span> <span class='ocrx_word' id='word_1_398' title='bbox 635 4701 652 4734; x_wconf 75' lang='grc' dir='ltr'><strong>ι</strong></span> <span class='ocrx_word' id='word_1_399' title='bbox 688 4680 839 4755; x_wconf 80' lang='lat' dir='ltr'><strong>(Cap.</strong></span> <span class='ocrx_word' id='word_1_400' title='bbox 871 4678 921 4732; x_wconf 87' lang='lat'><strong>7.</strong></span> <span class='ocrx_word' id='word_1_401' title='bbox 954 4693 1002 4731; x_wconf 82' lang='grc' dir='ltr'><strong>υ.</strong></span> <span class='ocrx_word' id='word_1_402' title='bbox 1037 4677 1086 4731; x_wconf 86' lang='grc' dir='ltr'><strong>ι.</strong></span> <span class='ocrx_word' id='word_1_403' title='bbox 1117 4674 1252 4740; x_wconf 73' lang='lat'><strong>20)?</strong></span> 
     </span>
    </p>
   </div>
   <div class='ocr_carea' id='block_1_50' title="bbox 616 4761 2126 4840">
    <p class='ocr_par' dir='ltr' id='par_1_50' title="bbox 616 4761 2126 4840">
     <span class='ocr_line' id='line_1_50' title="bbox 616 4761 2126 4840; baseline -0.008 -12"><span class='ocrx_word' id='word_1_404' title='bbox 616 4773 743 4828; x_wconf 82' lang='lat' dir='ltr'><strong>Post</strong></span> <span class='ocrx_word' id='word_1_405' title='bbox 765 4770 981 4840; x_wconf 84' lang='lat' dir='ltr'><strong>Elipltaz</strong></span> <span class='ocrx_word' id='word_1_406' title='bbox 1003 4767 1266 4822; x_wconf 88' lang='lat' dir='ltr'><strong>secundus</strong></span> <span class='ocrx_word' id='word_1_407' title='bbox 1289 4765 1557 4834; x_wconf 82' lang='lat' dir='ltr'><strong>excipiens</strong></span> <span class='ocrx_word' id='word_1_408' title='bbox 1579 4762 1774 4817; x_wconf 83' lang='lat' dir='ltr'><strong>Baldad</strong></span> <span class='ocrx_word' id='word_1_409' title='bbox 1797 4761 2126 4818; x_wconf 88' lang='lat' dir='ltr'><strong>Saueheotes</strong></span> 
     </span>
    </p>
   </div>
   <div class='ocr_carea' id='block_1_51' title="bbox 543 4855 2125 4930">
    <p class='ocr_par' dir='ltr' id='par_1_51' title="bbox 543 4855 2125 4930">
     <span class='ocr_line' id='line_1_51' title="bbox 543 4855 2125 4930; baseline -0.006 -10"><span class='ocrx_word' id='word_1_410' title='bbox 543 4864 736 4920; x_wconf 78' lang='lat' dir='ltr'><strong>Jobum</strong></span> <span class='ocrx_word' id='word_1_411' title='bbox 759 4863 838 4917; x_wconf 84' lang='lat' dir='ltr'><strong>sic</strong></span> <span class='ocrx_word' id='word_1_412' title='bbox 861 4859 1147 4930; x_wconf 84' lang='lat' dir='ltr'><strong>alloquitur</strong></span> <span class='ocrx_word' id='word_1_413' title='bbox 1174 4878 1186 4912; x_wconf 86' lang='lat'><strong>:</strong></span> <span class='ocrx_word' id='word_1_414' title='bbox 1223 4877 1240 4908; x_wconf 83' lang='lat' dir='ltr'><strong>t</strong></span> <span class='ocrx_word' id='word_1_415' title='bbox 1276 4857 1560 4926; x_wconf 85' lang='lat' dir='ltr'><strong>USquequo</strong></span> <span class='ocrx_word' id='word_1_416' title='bbox 1591 4855 1867 4926; x_wconf 79' lang='lat' dir='ltr'><strong>loqueris?</strong></span> <span class='ocrx_word' id='word_1_417' title='bbox 1895 4855 2125 4924; x_wconf 82' lang='lat' dir='ltr'><strong>Spiritus</strong></span> 
     </span>
    </p>
   </div>
   <div class='ocr_carea' id='block_1_52' title="bbox 543 4947 2126 5024">
    <p class='ocr_par' dir='ltr' id='par_1_52' title="bbox 543 4947 2126 5024">
     <span class='ocr_line' id='line_1_52' title="bbox 543 4947 2126 5024; baseline -0.005 -14"><span class='ocrx_word' id='word_1_418' title='bbox 543 4955 887 5024; x_wconf 82' lang='lat' dir='ltr'><strong>multiloquus</strong></span> <span class='ocrx_word' id='word_1_419' title='bbox 909 4955 960 5007; x_wconf 83' lang='lat' dir='ltr'><strong>in</strong></span> <span class='ocrx_word' id='word_1_420' title='bbox 985 4969 1078 5008; x_wconf 86' lang='lat' dir='ltr'><strong>ore</strong></span> <span class='ocrx_word' id='word_1_421' title='bbox 1098 4963 1203 5006; x_wconf 92' lang='lat' dir='ltr'><strong>tuo.</strong></span> <span class='ocrx_word' id='word_1_422' title='bbox 1230 4949 1493 5018; x_wconf 84' lang='lat' dir='ltr'><strong>Numquid</strong></span> <span class='ocrx_word' id='word_1_423' title='bbox 1519 4950 1769 5002; x_wconf 91' lang='lat' dir='ltr'><strong>Dominus</strong></span> <span class='ocrx_word' id='word_1_424' title='bbox 1792 4947 1984 5018; x_wconf 83' lang='lat' dir='ltr'><strong>injuste</strong></span> <span class='ocrx_word' id='word_1_425' title='bbox 2006 4957 2126 5020; x_wconf 86' lang='lat' dir='ltr'><strong>aget</strong></span> 
     </span>
    </p>
   </div>
   <div class='ocr_carea' id='block_1_53' title="bbox 539 5039 2123 5115">
    <p class='ocr_par' dir='ltr' id='par_1_53' title="bbox 539 5039 2123 5115">
     <span class='ocr_line' id='line_1_53' title="bbox 539 5039 2123 5115; baseline -0.001 -19"><span class='ocrx_word' id='word_1_426' title='bbox 539 5044 824 5115; x_wconf 77' lang='lat' dir='ltr'><strong>judicans?</strong></span> <span class='ocrx_word' id='word_1_427' title='bbox 854 5054 943 5097; x_wconf 91' lang='lat' dir='ltr'><strong>aut</strong></span> <span class='ocrx_word' id='word_1_428' title='bbox 968 5045 1054 5112; x_wconf 88' lang='lat' dir='ltr'><strong>qui</strong></span> <span class='ocrx_word' id='word_1_429' title='bbox 1084 5043 1257 5098; x_wconf 84' lang='lat' dir='ltr'><strong>omnia</strong></span> <span class='ocrx_word' id='word_1_430' title='bbox 1288 5041 1441 5105; x_wconf 80' lang='lat' dir='ltr'><strong>facit,</strong></span> <span class='ocrx_word' id='word_1_431' title='bbox 1469 5057 1572 5095; x_wconf 90' lang='lat' dir='ltr'><strong>non</strong></span> <span class='ocrx_word' id='word_1_432' title='bbox 1603 5039 1873 5095; x_wconf 83' lang='lat' dir='ltr'><strong>exhibebit</strong></span> <span class='ocrx_word' id='word_1_433' title='bbox 1905 5039 1954 5093; x_wconf 90' lang='lat' dir='ltr'><strong>id</strong></span> <span class='ocrx_word' id='word_1_434' title='bbox 1983 5039 2123 5110; x_wconf 87' lang='lat' dir='ltr'><strong>quod</strong></span> 
     </span>
    </p>
   </div>
   <div class='ocr_carea' id='block_1_54' title="bbox 539 5120 2120 5205">
    <p class='ocr_par' dir='ltr' id='par_1_54' title="bbox 539 5120 2120 5205">
     <span class='ocr_line' id='line_1_54' title="bbox 539 5120 2120 5205; baseline -0.005 -16"><span class='ocrx_word' id='word_1_435' title='bbox 539 5137 737 5205; x_wconf 74' lang='lat' dir='ltr'><strong>justum</strong></span> <span class='ocrx_word' id='word_1_436' title='bbox 759 5142 842 5187; x_wconf 82' lang='lat' dir='ltr'><strong>est</strong></span> <span class='ocrx_word' id='word_1_437' title='bbox 874 5151 894 5183; x_wconf 75' lang='grc' dir='ltr'><strong>ι</strong></span> <span class='ocrx_word' id='word_1_438' title='bbox 925 5133 1074 5202; x_wconf 74' lang='grc' dir='ltr'><strong>(ϐαρ.</strong></span> <span class='ocrx_word' id='word_1_439' title='bbox 1096 5133 1148 5187; x_wconf 84' lang='grc'><strong>8.</strong></span> <span class='ocrx_word' id='word_1_440' title='bbox 1181 5149 1228 5186; x_wconf 88' lang='lat' dir='ltr'><strong>v.</strong></span> <span class='ocrx_word' id='word_1_441' title='bbox 1248 5134 1303 5184; x_wconf 72' lang='grc' dir='ltr'><strong>Ξ.</strong></span> <span class='ocrx_word' id='word_1_442' title='bbox 1325 5131 1420 5201; x_wconf 79' lang='lat'><strong>5)?</strong></span> <span class='ocrx_word' id='word_1_443' title='bbox 1450 5129 1576 5186; x_wconf 88' lang='lat' dir='ltr'><strong>ltettt</strong></span> <span class='ocrx_word' id='word_1_444' title='bbox 1611 5130 1771 5184; x_wconf 86' lang='lat' dir='ltr'><strong>illud:</strong></span> <span class='ocrx_word' id='word_1_445' title='bbox 1798 5149 1815 5181; x_wconf 85' lang='lat' dir='ltr'><strong>t</strong></span> <span class='ocrx_word' id='word_1_446' title='bbox 1844 5131 1988 5184; x_wconf 89' lang='lat' dir='ltr'><strong>Sicut</strong></span> <span class='ocrx_word' id='word_1_447' title='bbox 2019 5120 2120 5182; x_wconf 82' lang='lat' dir='ltr'><strong>ttOtt</strong></span> 
     </span>
    </p>
   </div>
   <div class='ocr_carea' id='block_1_55' title="bbox 539 5223 2123 5296">
    <p class='ocr_par' dir='ltr' id='par_1_55' title="bbox 539 5223 2123 5296">
     <span class='ocr_line' id='line_1_55' title="bbox 539 5223 2123 5296; baseline -0.001 -17"><span class='ocrx_word' id='word_1_448' title='bbox 539 5228 678 5281; x_wconf 72' lang='lat' dir='ltr'><strong>viret</strong></span> <span class='ocrx_word' id='word_1_449' title='bbox 705 5239 934 5296; x_wconf 78' lang='lat' dir='ltr'><strong>papyrus</strong></span> <span class='ocrx_word' id='word_1_450' title='bbox 965 5224 1078 5277; x_wconf 86' lang='lat' dir='ltr'><strong>sine</strong></span> <span class='ocrx_word' id='word_1_451' title='bbox 1107 5239 1239 5293; x_wconf 87' lang='lat' dir='ltr'><strong>aqua</strong></span> <span class='ocrx_word' id='word_1_452' title='bbox 1262 5265 1276 5287; x_wconf 93' lang='lat'><strong>,</strong></span> <span class='ocrx_word' id='word_1_453' title='bbox 1311 5240 1408 5278; x_wconf 85' lang='lat' dir='ltr'><strong>nec</strong></span> <span class='ocrx_word' id='word_1_454' title='bbox 1432 5223 1623 5278; x_wconf 87' lang='lat' dir='ltr'><strong>crescit</strong></span> <span class='ocrx_word' id='word_1_455' title='bbox 1656 5225 1785 5293; x_wconf 78' lang='lat' dir='ltr'><strong>prati</strong></span> <span class='ocrx_word' id='word_1_456' title='bbox 1815 5223 1977 5276; x_wconf 86' lang='lat' dir='ltr'><strong>herba</strong></span> <span class='ocrx_word' id='word_1_457' title='bbox 2007 5223 2123 5278; x_wconf 89' lang='lat' dir='ltr'><strong>sine</strong></span> 
     </span>
    </p>
   </div>
   <div class='ocr_carea' id='block_1_56' title="bbox 540 5313 2116 5386">
    <p class='ocr_par' dir='ltr' id='par_1_56' title="bbox 540 5313 2116 5386">
     <span class='ocr_line' id='line_1_56' title="bbox 540 5313 2116 5386; baseline -0.003 -14"><span class='ocrx_word' id='word_1_458' title='bbox 540 5328 701 5386; x_wconf 88' lang='lat' dir='ltr'><strong>potu;</strong></span> <span class='ocrx_word' id='word_1_459' title='bbox 736 5331 856 5369; x_wconf 90' lang='lat' dir='ltr'><strong>nam</strong></span> <span class='ocrx_word' id='word_1_460' title='bbox 888 5314 1060 5368; x_wconf 88' lang='lat' dir='ltr'><strong>adhuc</strong></span> <span class='ocrx_word' id='word_1_461' title='bbox 1087 5315 1139 5368; x_wconf 91' lang='lat' dir='ltr'><strong>in</strong></span> <span class='ocrx_word' id='word_1_462' title='bbox 1170 5329 1262 5368; x_wconf 89' lang='lat' dir='ltr'><strong>sua</strong></span> <span class='ocrx_word' id='word_1_463' title='bbox 1296 5313 1473 5368; x_wconf 87' lang='lat' dir='ltr'><strong>radice</strong></span> <span class='ocrx_word' id='word_1_464' title='bbox 1502 5315 1782 5378; x_wconf 89' lang='lat' dir='ltr'><strong>consistit,</strong></span> <span class='ocrx_word' id='word_1_465' title='bbox 1815 5331 1911 5368; x_wconf 90' lang='lat' dir='ltr'><strong>nec</strong></span> <span class='ocrx_word' id='word_1_466' title='bbox 1933 5314 2116 5368; x_wconf 84' lang='lat' dir='ltr'><strong>deme-</strong></span> 
     </span>
    </p>
   </div>
   <div class='ocr_carea' id='block_1_57' title="bbox 541 5405 2122 5474">
    <p class='ocr_par' dir='ltr' id='par_1_57' title="bbox 541 5405 2122 5474">
     <span class='ocr_line' id='line_1_57' title="bbox 541 5405 2122 5474; baseline -0.003 -12"><span class='ocrx_word' id='word_1_467' title='bbox 541 5417 679 5462; x_wconf 90' lang='lat' dir='ltr'><strong>tetur</strong></span> <span class='ocrx_word' id='word_1_468' title='bbox 698 5449 712 5468; x_wconf 88' lang='lat'><strong>.</strong></span> <span class='ocrx_word' id='word_1_469' title='bbox 739 5416 794 5462; x_wconf 93' lang='lat' dir='ltr'><strong>et</strong></span> <span class='ocrx_word' id='word_1_470' title='bbox 819 5415 1100 5474; x_wconf 88' lang='lat' dir='ltr'><strong>antequam</strong></span> <span class='ocrx_word' id='word_1_471' title='bbox 1131 5407 1284 5460; x_wconf 77' lang='lat' dir='ltr'><strong>cadat.</strong></span> <span class='ocrx_word' id='word_1_472' title='bbox 1314 5405 1477 5461; x_wconf 88' lang='lat' dir='ltr'><strong>herba</strong></span> <span class='ocrx_word' id='word_1_473' title='bbox 1507 5405 1789 5458; x_wconf 86' lang='lat' dir='ltr'><strong>siccabitur</strong></span> <span class='ocrx_word' id='word_1_474' title='bbox 1820 5423 1832 5459; x_wconf 90' lang='lat'><strong>:</strong></span> <span class='ocrx_word' id='word_1_475' title='bbox 1862 5406 1938 5458; x_wconf 90' lang='lat' dir='ltr'><strong>sic</strong></span> <span class='ocrx_word' id='word_1_476' title='bbox 1964 5414 2122 5458; x_wconf 87' lang='lat' dir='ltr'><strong>ertmt</strong></span> 
     </span>
    </p>
   </div>
   <div class='ocr_carea' id='block_1_58' title="bbox 542 5495 2114 5567">
    <p class='ocr_par' dir='ltr' id='par_1_58' title="bbox 542 5495 2114 5567">
     <span class='ocr_line' id='line_1_58' title="bbox 542 5495 2114 5567; baseline -0.002 -13"><span class='ocrx_word' id='word_1_477' title='bbox 542 5501 822 5556; x_wconf 84' lang='lat' dir='ltr'><strong>novissima</strong></span> <span class='ocrx_word' id='word_1_478' title='bbox 846 5499 1022 5553; x_wconf 89' lang='lat' dir='ltr'><strong>omnia</strong></span> <span class='ocrx_word' id='word_1_479' title='bbox 1044 5512 1252 5563; x_wconf 90' lang='lat' dir='ltr'><strong>eorum,</strong></span> <span class='ocrx_word' id='word_1_480' title='bbox 1273 5497 1361 5566; x_wconf 91' lang='lat' dir='ltr'><strong>qui</strong></span> <span class='ocrx_word' id='word_1_481' title='bbox 1384 5497 1769 5551; x_wconf 87' lang='lat' dir='ltr'><strong>obliviscuntur</strong></span> <span class='ocrx_word' id='word_1_482' title='bbox 1799 5498 1888 5552; x_wconf 88' lang='lat' dir='ltr'><strong>Dei</strong></span> <span class='ocrx_word' id='word_1_483' title='bbox 1918 5518 1934 5548; x_wconf 89' lang='grc'><strong>›</strong></span> <span class='ocrx_word' id='word_1_484' title='bbox 1957 5495 2114 5567; x_wconf 76' lang='lat' dir='ltr'><strong>(Ibid.</strong></span> 
     </span>
    </p>
   </div>
   <div class='ocr_carea' id='block_1_59' title="bbox 537 5591 847 5658">
    <p class='ocr_par' dir='ltr' id='par_1_59' title="bbox 537 5591 847 5658">
     <span class='ocr_line' id='line_1_59' title="bbox 537 5591 847 5658; baseline -0.003 -14"><span class='ocrx_word' id='word_1_485' title='bbox 537 5609 584 5646; x_wconf 87' lang='lat' dir='ltr'><strong>v.</strong></span> <span class='ocrx_word' id='word_1_486' title='bbox 620 5593 670 5645; x_wconf 92' lang='lat' dir='ltr'><strong>II</strong></span> <span class='ocrx_word' id='word_1_487' title='bbox 710 5591 847 5658; x_wconf 60' lang='lat'><strong>45).</strong></span> 
     </span>
    </p>
   </div>
   <div class='ocr_carea' id='block_1_60' title="bbox 611 5675 2117 5749">
    <p class='ocr_par' dir='ltr' id='par_1_60' title="bbox 611 5675 2117 5749">
     <span class='ocr_line' id='line_1_60' title="bbox 611 5675 2117 5749; baseline -0.003 -13"><span class='ocrx_word' id='word_1_488' title='bbox 611 5681 784 5736; x_wconf 81' lang='lat' dir='ltr'><strong>l‘ritna</strong></span> <span class='ocrx_word' id='word_1_489' title='bbox 832 5679 1106 5749; x_wconf 81' lang='lat' dir='ltr'><strong>responsio</strong></span> <span class='ocrx_word' id='word_1_490' title='bbox 1134 5676 1252 5732; x_wconf 77' lang='lat' dir='ltr'><strong>Jobi</strong></span> <span class='ocrx_word' id='word_1_491' title='bbox 1299 5675 1362 5730; x_wconf 79' lang='lat' dir='ltr'><strong>ad</strong></span> <span class='ocrx_word' id='word_1_492' title='bbox 1410 5675 1697 5732; x_wconf 81' lang='lat' dir='ltr'><strong>Baldadunt</strong></span> <span class='ocrx_word' id='word_1_493' title='bbox 1730 5695 1741 5730; x_wconf 91' lang='lat'>:</span> <span class='ocrx_word' id='word_1_494' title='bbox 1782 5695 1799 5730; x_wconf 88' lang='lat' dir='ltr'><strong>t</strong></span> <span class='ocrx_word' id='word_1_495' title='bbox 1841 5678 1975 5733; x_wconf 74' lang='lat' dir='ltr'><strong>Vere</strong></span> <span class='ocrx_word' id='word_1_496' title='bbox 2007 5681 2117 5734; x_wconf 85' lang='lat' dir='ltr'><strong>scio</strong></span> 
     </span>
    </p>
   </div>
   <div class='ocr_carea' id='block_1_61' title="bbox 1282 251 2131 320">
    <p class='ocr_par' dir='ltr' id='par_1_61' title="bbox 1282 255 2131 320">
     <span class='ocr_line' id='line_1_61' title="bbox 1282 255 2131 320; baseline -0.006 1"><span class='ocrx_word' id='word_1_497' title='bbox 1282 265 1342 320; x_wconf 89' lang='lat' dir='ltr'><strong>S.</strong></span> <span class='ocrx_word' id='word_1_498' title='bbox 1371 261 1650 320; x_wconf 80' lang='lat' dir='ltr'><strong>JOANNIS</strong></span> <span class='ocrx_word' id='word_1_499' title='bbox 1687 255 2131 320; x_wconf 65' lang='lat' dir='ltr'><strong>CHRYSOS&#39;I‘OM</strong></span> 
     </span>
    </p>
   </div>
   <div class='ocr_carea' id='block_1_62' title="bbox 2237 251 3760 320">
    <p class='ocr_par' dir='ltr' id='par_1_62' title="bbox 2245 251 3760 312">
     <span class='ocr_line' id='line_1_62' title="bbox 2245 251 3760 312; baseline 0 -2"><span class='ocrx_word' id='word_1_500' title='bbox 2245 254 2510 312; x_wconf 75' lang='lat' dir='ltr'><strong>RCHIEP.</strong></span> <span class='ocrx_word' id='word_1_501' title='bbox 2554 251 3080 312; x_wconf 70' lang='lat' dir='ltr'><strong>(ZONSTANTINOP.</strong></span> <span class='ocrx_word' id='word_1_502' title='bbox 3677 254 3760 310; x_wconf 66' lang='grc' dir='ltr'><strong>δθι</strong></span> 
     </span>
    </p>
   </div>
   <div class='ocr_carea' id='block_1_63' title="bbox 2241 365 3768 436">
    <p class='ocr_par' dir='ltr' id='par_1_63' title="bbox 2241 365 3768 436">
     <span class='ocr_line' id='line_1_63' title="bbox 2241 365 3768 436; baseline -0.001 -16"><span class='ocrx_word' id='word_1_503' title='bbox 2241 366 2382 436; x_wconf 88' lang='lat' dir='ltr'><strong>quod</strong></span> <span class='ocrx_word' id='word_1_504' title='bbox 2427 367 2496 420; x_wconf 88' lang='lat' dir='ltr'><strong>ita</strong></span> <span class='ocrx_word' id='word_1_505' title='bbox 2534 367 2603 419; x_wconf 90' lang='lat' dir='ltr'><strong>sit</strong></span> <span class='ocrx_word' id='word_1_506' title='bbox 2636 383 2648 418; x_wconf 90' lang='lat'><strong>:</strong></span> <span class='ocrx_word' id='word_1_507' title='bbox 2680 365 2944 435; x_wconf 90' lang='lat' dir='ltr'><strong>quomodo</strong></span> <span class='ocrx_word' id='word_1_508' title='bbox 2971 366 3110 419; x_wconf 92' lang='lat' dir='ltr'><strong>enim</strong></span> <span class='ocrx_word' id='word_1_509' title='bbox 3146 365 3250 420; x_wconf 89' lang='lat' dir='ltr'><strong>erit</strong></span> <span class='ocrx_word' id='word_1_510' title='bbox 3287 366 3460 433; x_wconf 81' lang='lat' dir='ltr'><strong>justus</strong></span> <span class='ocrx_word' id='word_1_511' title='bbox 3486 365 3632 417; x_wconf 84' lang='lat' dir='ltr'><strong>homo</strong></span> <span class='ocrx_word' id='word_1_512' title='bbox 3657 367 3768 432; x_wconf 87' lang='lat' dir='ltr'><strong>apud</strong></span> 
     </span>
    </p>
   </div>
   <div class='ocr_carea' id='block_1_64' title="bbox 2240 452 3770 525">
    <p class='ocr_par' dir='ltr' id='par_1_64' title="bbox 2240 452 3770 525">
     <span class='ocr_line' id='line_1_64' title="bbox 2240 452 3770 525; baseline -0.001 -15"><span class='ocrx_word' id='word_1_513' title='bbox 2240 455 2520 510; x_wconf 88' lang='lat' dir='ltr'><strong>Dominum</strong></span> <span class='ocrx_word' id='word_1_514' title='bbox 2545 471 2563 504; x_wconf 75' lang='grc' dir='ltr'><strong>ι</strong></span> <span class='ocrx_word' id='word_1_515' title='bbox 2587 454 2733 525; x_wconf 89' lang='lat' dir='ltr'><strong>(Cap.</strong></span> <span class='ocrx_word' id='word_1_516' title='bbox 2753 456 2806 510; x_wconf 88' lang='lat'><strong>9.</strong></span> <span class='ocrx_word' id='word_1_517' title='bbox 2829 471 2875 510; x_wconf 83' lang='grc' dir='ltr'><strong>υ.</strong></span> <span class='ocrx_word' id='word_1_518' title='bbox 2895 452 2952 523; x_wconf 73' lang='grc' dir='ltr'><strong>Ξ)</strong></span> <span class='ocrx_word' id='word_1_519' title='bbox 2969 455 2991 506; x_wconf 86' lang='lat'><strong>?</strong></span> <span class='ocrx_word' id='word_1_520' title='bbox 3010 455 3284 524; x_wconf 87' lang='lat' dir='ltr'><strong>Etiamque</strong></span> <span class='ocrx_word' id='word_1_521' title='bbox 3307 453 3452 516; x_wconf 85' lang='lat' dir='ltr'><strong>illud,</strong></span> <span class='ocrx_word' id='word_1_522' title='bbox 3477 471 3495 504; x_wconf 82' lang='lat' dir='ltr'><strong>t</strong></span> <span class='ocrx_word' id='word_1_523' title='bbox 3518 454 3610 520; x_wconf 85' lang='lat' dir='ltr'><strong>Qui</strong></span> <span class='ocrx_word' id='word_1_524' title='bbox 3628 466 3770 508; x_wconf 73' lang='lat' dir='ltr'><strong>exten-</strong></span> 
     </span>
    </p>
   </div>
   <div class='ocr_carea' id='block_1_65' title="bbox 2240 547 3773 616">
    <p class='ocr_par' dir='ltr' id='par_1_65' title="bbox 2240 547 3773 616">
     <span class='ocr_line' id='line_1_65' title="bbox 2240 547 3773 616; baseline -0.001 -16"><span class='ocrx_word' id='word_1_525' title='bbox 2240 547 2314 600; x_wconf 91' lang='lat' dir='ltr'><strong>dit</strong></span> <span class='ocrx_word' id='word_1_526' title='bbox 2333 547 2518 600; x_wconf 75' lang='lat' dir='ltr'><strong>caelum</strong></span> <span class='ocrx_word' id='word_1_527' title='bbox 2544 547 2710 612; x_wconf 90' lang='lat' dir='ltr'><strong>solus,</strong></span> <span class='ocrx_word' id='word_1_528' title='bbox 2743 556 2796 600; x_wconf 86' lang='lat' dir='ltr'><strong>et</strong></span> <span class='ocrx_word' id='word_1_529' title='bbox 2824 547 3056 600; x_wconf 89' lang='lat' dir='ltr'><strong>ambulat</strong></span> <span class='ocrx_word' id='word_1_530' title='bbox 3081 561 3241 616; x_wconf 88' lang='lat' dir='ltr'><strong>super</strong></span> <span class='ocrx_word' id='word_1_531' title='bbox 3270 561 3416 600; x_wconf 88' lang='lat' dir='ltr'><strong>mare</strong></span> <span class='ocrx_word' id='word_1_532' title='bbox 3444 557 3686 614; x_wconf 69' lang='lat' dir='ltr'><strong>tamquam</strong></span> <span class='ocrx_word' id='word_1_533' title='bbox 3707 562 3773 600; x_wconf 85' lang='lat' dir='ltr'><strong>su-</strong></span> 
     </span>
    </p>
   </div>
   <div class='ocr_carea' id='block_1_66' title="bbox 2241 636 3771 708">
    <p class='ocr_par' dir='ltr' id='par_1_66' title="bbox 2241 636 3771 708">
     <span class='ocr_line' id='line_1_66' title="bbox 2241 636 3771 708; baseline 0 -16"><span class='ocrx_word' id='word_1_534' title='bbox 2241 655 2332 708; x_wconf 92' lang='lat' dir='ltr'><strong>per</strong></span> <span class='ocrx_word' id='word_1_535' title='bbox 2353 640 2734 708; x_wconf 86' lang='lat' dir='ltr'><strong>pavimentum,</strong></span> <span class='ocrx_word' id='word_1_536' title='bbox 2751 639 2838 707; x_wconf 91' lang='lat' dir='ltr'><strong>qui</strong></span> <span class='ocrx_word' id='word_1_537' title='bbox 2857 637 2982 692; x_wconf 85' lang='lat' dir='ltr'><strong>fecit</strong></span> <span class='ocrx_word' id='word_1_538' title='bbox 3003 639 3212 692; x_wconf 84' lang='lat' dir='ltr'><strong>Pleiada</strong></span> <span class='ocrx_word' id='word_1_539' title='bbox 3237 647 3288 692; x_wconf 90' lang='lat' dir='ltr'><strong>et</strong></span> <span class='ocrx_word' id='word_1_540' title='bbox 3306 638 3619 705; x_wconf 81' lang='lat' dir='ltr'><strong>Hesperium</strong></span> <span class='ocrx_word' id='word_1_541' title='bbox 3645 636 3771 698; x_wconf 79' lang='lat' dir='ltr'><strong>(Ibat.</strong></span> 
     </span>
    </p>
   </div>
   <div class='ocr_carea' id='block_1_67' title="bbox 2238 728 3774 806">
    <p class='ocr_par' dir='ltr' id='par_1_67' title="bbox 2238 728 3774 806">
     <span class='ocr_line' id='line_1_67' title="bbox 2238 728 3774 806; baseline -0.003 -20"><span class='ocrx_word' id='word_1_542' title='bbox 2238 731 2486 800; x_wconf 87' lang='lat' dir='ltr'><strong>9.v.8.9).</strong></span> <span class='ocrx_word' id='word_1_543' title='bbox 2513 749 2532 781; x_wconf 80' lang='lat' dir='ltr'><strong>t</strong></span> <span class='ocrx_word' id='word_1_544' title='bbox 2555 731 2895 806; x_wconf 84' lang='lat' dir='ltr'><strong>Quisjudicio</strong></span> <span class='ocrx_word' id='word_1_545' title='bbox 2913 732 3003 785; x_wconf 87' lang='lat' dir='ltr'><strong>Dei</strong></span> <span class='ocrx_word' id='word_1_546' title='bbox 3018 731 3257 785; x_wconf 84' lang='lat' dir='ltr'><strong>resistet?</strong></span> <span class='ocrx_word' id='word_1_547' title='bbox 3275 729 3423 797; x_wconf 88' lang='lat' dir='ltr'><strong>Quod</strong></span> <span class='ocrx_word' id='word_1_548' title='bbox 3443 729 3484 781; x_wconf 91' lang='lat' dir='ltr'><strong>si</strong></span> <span class='ocrx_word' id='word_1_549' title='bbox 3498 728 3774 782; x_wconf 81' lang='lat' dir='ltr'><strong>etiamfnero</strong></span> 
     </span>
    </p>
   </div>
   <div class='ocr_carea' id='block_1_68' title="bbox 2234 821 3775 894">
    <p class='ocr_par' dir='ltr' id='par_1_68' title="bbox 2234 821 3775 894">
     <span class='ocr_line' id='line_1_68' title="bbox 2234 821 3775 894; baseline -0.003 -18"><span class='ocrx_word' id='word_1_550' title='bbox 2234 822 2425 893; x_wconf 86' lang='lat' dir='ltr'><strong>justus,</strong></span> <span class='ocrx_word' id='word_1_551' title='bbox 2448 839 2506 878; x_wconf 91' lang='lat' dir='ltr'><strong>os</strong></span> <span class='ocrx_word' id='word_1_552' title='bbox 2524 839 2699 878; x_wconf 90' lang='lat' dir='ltr'><strong>meum</strong></span> <span class='ocrx_word' id='word_1_553' title='bbox 2719 823 2875 894; x_wconf 87' lang='lat' dir='ltr'><strong>impia</strong></span> <span class='ocrx_word' id='word_1_554' title='bbox 2899 825 3140 891; x_wconf 86' lang='lat' dir='ltr'><strong>loquetur</strong></span> <span class='ocrx_word' id='word_1_555' title='bbox 3164 844 3176 875; x_wconf 91' lang='lat'><strong>:</strong></span> <span class='ocrx_word' id='word_1_556' title='bbox 3201 823 3404 875; x_wconf 88' lang='lat' dir='ltr'><strong>etiamsi</strong></span> <span class='ocrx_word' id='word_1_557' title='bbox 3429 821 3571 873; x_wconf 86' lang='lat' dir='ltr'><strong>fuero</strong></span> <span class='ocrx_word' id='word_1_558' title='bbox 3585 822 3686 874; x_wconf 88' lang='lat' dir='ltr'><strong>sine</strong></span> <span class='ocrx_word' id='word_1_559' title='bbox 3701 822 3775 872; x_wconf 80' lang='lat' dir='ltr'><strong>cri-</strong></span> 
     </span>
    </p>
   </div>
   <div class='ocr_carea' id='block_1_69' title="bbox 2238 911 3770 986">
    <p class='ocr_par' dir='ltr' id='par_1_69' title="bbox 2238 911 3770 986">
     <span class='ocr_line' id='line_1_69' title="bbox 2238 911 3770 986; baseline -0.003 -18"><span class='ocrx_word' id='word_1_560' title='bbox 2238 916 2400 979; x_wconf 91' lang='lat' dir='ltr'><strong>mine,</strong></span> <span class='ocrx_word' id='word_1_561' title='bbox 2418 930 2610 983; x_wconf 80' lang='lat' dir='ltr'><strong>pravus</strong></span> <span class='ocrx_word' id='word_1_562' title='bbox 2624 915 2840 969; x_wconf 86' lang='lat' dir='ltr'><strong>evadatn</strong></span> <span class='ocrx_word' id='word_1_563' title='bbox 2856 913 3041 986; x_wconf 68' lang='lat' dir='ltr'><strong>t(!bid.</strong></span> <span class='ocrx_word' id='word_1_564' title='bbox 3058 914 3199 967; x_wconf 80' lang='lat' dir='ltr'><strong>u.l9.</strong></span> <span class='ocrx_word' id='word_1_565' title='bbox 3214 913 3325 982; x_wconf 73' lang='lat'><strong>20).</strong></span> <span class='ocrx_word' id='word_1_566' title='bbox 3346 913 3495 967; x_wconf 87' lang='lat' dir='ltr'><strong>Circa</strong></span> <span class='ocrx_word' id='word_1_567' title='bbox 3513 911 3647 973; x_wconf 88' lang='lat' dir='ltr'><strong>illud,</strong></span> <span class='ocrx_word' id='word_1_568' title='bbox 3660 911 3770 964; x_wconf 72' lang='lat' dir='ltr'><strong>«Vita</strong></span> 
     </span>
    </p>
   </div>
   <div class='ocr_carea' id='block_1_70' title="bbox 2239 1002 3769 1074">
    <p class='ocr_par' dir='ltr' id='par_1_70' title="bbox 2239 1002 3769 1074">
     <span class='ocr_line' id='line_1_70' title="bbox 2239 1002 3769 1074; baseline -0.003 -15"><span class='ocrx_word' id='word_1_569' title='bbox 2239 1022 2355 1060; x_wconf 88' lang='lat' dir='ltr'><strong>mea</strong></span> <span class='ocrx_word' id='word_1_570' title='bbox 2376 1007 2542 1060; x_wconf 86' lang='lat' dir='ltr'><strong>levior</strong></span> <span class='ocrx_word' id='word_1_571' title='bbox 2560 1015 2640 1060; x_wconf 91' lang='lat' dir='ltr'><strong>est</strong></span> <span class='ocrx_word' id='word_1_572' title='bbox 2665 1021 2902 1060; x_wconf 88' lang='lat' dir='ltr'><strong>cursore.</strong></span> <span class='ocrx_word' id='word_1_573' title='bbox 2923 1005 3185 1074; x_wconf 87' lang='lat' dir='ltr'><strong>Numquid</strong></span> <span class='ocrx_word' id='word_1_574' title='bbox 3205 1005 3425 1058; x_wconf 81' lang='lat' dir='ltr'><strong>navibus</strong></span> <span class='ocrx_word' id='word_1_575' title='bbox 3442 1011 3524 1057; x_wconf 78' lang='lat' dir='ltr'><strong>est</strong></span> <span class='ocrx_word' id='word_1_576' title='bbox 3542 1002 3769 1070; x_wconf 83' lang='lat' dir='ltr'><strong>vestigium</strong></span> 
     </span>
    </p>
   </div>
   <div class='ocr_carea' id='block_1_71' title="bbox 2239 1093 3768 1167">
    <p class='ocr_par' dir='ltr' id='par_1_71' title="bbox 2239 1093 3768 1167">
     <span class='ocr_line' id='line_1_71' title="bbox 2239 1093 3768 1167; baseline 0.003 -20"><span class='ocrx_word' id='word_1_577' title='bbox 2239 1097 2358 1160; x_wconf 70' lang='lat' dir='ltr'><strong>viae,</strong></span> <span class='ocrx_word' id='word_1_578' title='bbox 2382 1106 2476 1151; x_wconf 86' lang='lat' dir='ltr'><strong>aut</strong></span> <span class='ocrx_word' id='word_1_579' title='bbox 2497 1097 2685 1167; x_wconf 74' lang='lat' dir='ltr'><strong>aquila:</strong></span> <span class='ocrx_word' id='word_1_580' title='bbox 2711 1099 2954 1161; x_wconf 88' lang='lat' dir='ltr'><strong>volantis,</strong></span> <span class='ocrx_word' id='word_1_581' title='bbox 2979 1098 3263 1166; x_wconf 74' lang='lat' dir='ltr'><strong>quzereutis</strong></span> <span class='ocrx_word' id='word_1_582' title='bbox 3280 1112 3456 1150; x_wconf 88' lang='lat' dir='ltr'><strong>escam</strong></span> <span class='ocrx_word' id='word_1_583' title='bbox 3480 1093 3629 1166; x_wconf 84' lang='lat' dir='ltr'><strong>(Ibid.</strong></span> <span class='ocrx_word' id='word_1_584' title='bbox 3647 1112 3685 1148; x_wconf 78' lang='grc' dir='ltr'><strong>ιν.</strong></span> <span class='ocrx_word' id='word_1_585' title='bbox 3703 1096 3768 1151; x_wconf 72' lang='grc'><strong>25.</strong></span> 
     </span>
    </p>
   </div>
   <div class='ocr_carea' id='block_1_72' title="bbox 2237 1189 3770 1259">
    <p class='ocr_par' dir='ltr' id='par_1_72' title="bbox 2237 1189 3770 1259">
     <span class='ocr_line' id='line_1_72' title="bbox 2237 1189 3770 1259; baseline 0.001 -17"><span class='ocrx_word' id='word_1_586' title='bbox 2237 1189 2367 1258; x_wconf 74' lang='lat'><strong>26)?</strong></span> <span class='ocrx_word' id='word_1_587' title='bbox 2397 1190 2658 1245; x_wconf 88' lang='lat' dir='ltr'><strong>Memento</strong></span> <span class='ocrx_word' id='word_1_588' title='bbox 2681 1190 2817 1259; x_wconf 90' lang='lat' dir='ltr'><strong>quod</strong></span> <span class='ocrx_word' id='word_1_589' title='bbox 2841 1191 3005 1244; x_wconf 92' lang='lat' dir='ltr'><strong>lutum</strong></span> <span class='ocrx_word' id='word_1_590' title='bbox 3027 1191 3218 1244; x_wconf 76' lang='lat' dir='ltr'><strong>tinxisti</strong></span> <span class='ocrx_word' id='word_1_591' title='bbox 3243 1205 3345 1251; x_wconf 90' lang='lat' dir='ltr'><strong>me,</strong></span> <span class='ocrx_word' id='word_1_592' title='bbox 3371 1198 3423 1243; x_wconf 89' lang='lat' dir='ltr'><strong>et</strong></span> <span class='ocrx_word' id='word_1_593' title='bbox 3447 1190 3496 1241; x_wconf 93' lang='lat' dir='ltr'><strong>in</strong></span> <span class='ocrx_word' id='word_1_594' title='bbox 3517 1197 3692 1242; x_wconf 83' lang='lat' dir='ltr'><strong>terram</strong></span> <span class='ocrx_word' id='word_1_595' title='bbox 3708 1205 3770 1244; x_wconf 85' lang='lat' dir='ltr'><strong>tne</strong></span> 
     </span>
    </p>
   </div>
   <div class='ocr_carea' id='block_1_73' title="bbox 2239 1281 3768 1339">
    <p class='ocr_par' dir='ltr' id='par_1_73' title="bbox 2239 1281 3768 1339">
     <span class='ocr_line' id='line_1_73' title="bbox 2239 1281 3768 1339; baseline -0.003 -1"><span class='ocrx_word' id='word_1_596' title='bbox 2239 1285 2426 1339; x_wconf 90' lang='lat' dir='ltr'><strong>iterum</strong></span> <span class='ocrx_word' id='word_1_597' title='bbox 2455 1294 2753 1338; x_wconf 79' lang='lat' dir='ltr'><strong>convertes.</strong></span> <span class='ocrx_word' id='word_1_598' title='bbox 2802 1283 2989 1338; x_wconf 89' lang='lat' dir='ltr'><strong>Nonne</strong></span> <span class='ocrx_word' id='word_1_599' title='bbox 3020 1284 3150 1339; x_wconf 87' lang='lat' dir='ltr'><strong>sicut</strong></span> <span class='ocrx_word' id='word_1_600' title='bbox 3190 1286 3268 1336; x_wconf 89' lang='lat' dir='ltr'><strong>lac</strong></span> <span class='ocrx_word' id='word_1_601' title='bbox 3305 1281 3530 1336; x_wconf 89' lang='lat' dir='ltr'><strong>tnnlsisti</strong></span> <span class='ocrx_word' id='word_1_602' title='bbox 3557 1287 3662 1336; x_wconf 76' lang='lat' dir='ltr'><strong>me?</strong></span> <span class='ocrx_word' id='word_1_603' title='bbox 3691 1292 3768 1334; x_wconf 83' lang='lat' dir='ltr'><strong>etr.</strong></span> 
     </span>
    </p>
   </div>
   <div class='ocr_carea' id='block_1_74' title="bbox 2239 1372 3772 1443">
    <p class='ocr_par' dir='ltr' id='par_1_74' title="bbox 2239 1372 3772 1443">
     <span class='ocr_line' id='line_1_74' title="bbox 2239 1372 3772 1443; baseline -0.005 -13"><span class='ocrx_word' id='word_1_604' title='bbox 2239 1375 2425 1430; x_wconf 87' lang='lat' dir='ltr'><strong>Essem</strong></span> <span class='ocrx_word' id='word_1_605' title='bbox 2457 1385 2720 1443; x_wconf 88' lang='lat' dir='ltr'><strong>tamquam</strong></span> <span class='ocrx_word' id='word_1_606' title='bbox 2751 1389 2853 1428; x_wconf 89' lang='lat' dir='ltr'><strong>non</strong></span> <span class='ocrx_word' id='word_1_607' title='bbox 2888 1375 3121 1429; x_wconf 87' lang='lat' dir='ltr'><strong>fuissem.</strong></span> <span class='ocrx_word' id='word_1_608' title='bbox 3150 1373 3257 1427; x_wconf 88' lang='lat' dir='ltr'><strong>Cttr</strong></span> <span class='ocrx_word' id='word_1_609' title='bbox 3282 1376 3346 1425; x_wconf 93' lang='lat' dir='ltr'><strong>de</strong></span> <span class='ocrx_word' id='word_1_610' title='bbox 3374 1382 3525 1425; x_wconf 89' lang='lat' dir='ltr'><strong>utero</strong></span> <span class='ocrx_word' id='word_1_611' title='bbox 3552 1372 3598 1423; x_wconf 90' lang='lat' dir='ltr'><strong>in</strong></span> <span class='ocrx_word' id='word_1_612' title='bbox 3624 1386 3772 1424; x_wconf 86' lang='lat' dir='ltr'><strong>monu-</strong></span> 
     </span>
    </p>
   </div>
   <div class='ocr_carea' id='block_1_75' title="bbox 2238 1461 3771 1534">
    <p class='ocr_par' dir='ltr' id='par_1_75' title="bbox 2238 1461 3771 1534">
     <span class='ocr_line' id='line_1_75' title="bbox 2238 1461 3771 1534; baseline -0.006 -12"><span class='ocrx_word' id='word_1_613' title='bbox 2238 1480 2471 1522; x_wconf 88' lang='lat' dir='ltr'><strong>mentum</strong></span> <span class='ocrx_word' id='word_1_614' title='bbox 2501 1484 2604 1522; x_wconf 89' lang='lat' dir='ltr'><strong>non</strong></span> <span class='ocrx_word' id='word_1_615' title='bbox 2637 1483 2750 1521; x_wconf 90' lang='lat' dir='ltr'><strong>sum</strong></span> <span class='ocrx_word' id='word_1_616' title='bbox 2783 1467 3068 1520; x_wconf 87' lang='lat' dir='ltr'><strong>translatus</strong></span> <span class='ocrx_word' id='word_1_617' title='bbox 3094 1485 3109 1515; x_wconf 71' lang='grc' dir='ltr'><strong>ι</strong></span> <span class='ocrx_word' id='word_1_618' title='bbox 3134 1465 3279 1534; x_wconf 86' lang='lat' dir='ltr'><strong>(Cap.</strong></span> <span class='ocrx_word' id='word_1_619' title='bbox 3304 1463 3389 1517; x_wconf 83' lang='grc'><strong>10.</strong></span> <span class='ocrx_word' id='word_1_620' title='bbox 3419 1464 3535 1516; x_wconf 78' lang='lat' dir='ltr'><strong>v.9.</strong></span> <span class='ocrx_word' id='word_1_621' title='bbox 3572 1461 3646 1516; x_wconf 84' lang='grc'><strong>10.</strong></span> <span class='ocrx_word' id='word_1_622' title='bbox 3672 1462 3771 1528; x_wconf 77' lang='lat' dir='ltr'><strong>i9)?</strong></span> 
     </span>
    </p>
   </div>
   <div class='ocr_carea' id='block_1_76' title="bbox 2310 1553 3768 1627">
    <p class='ocr_par' dir='ltr' id='par_1_76' title="bbox 2310 1553 3768 1627">
     <span class='ocr_line' id='line_1_76' title="bbox 2310 1553 3768 1627; baseline -0.005 -13"><span class='ocrx_word' id='word_1_623' title='bbox 2310 1560 2432 1614; x_wconf 86' lang='lat' dir='ltr'><strong>Post</strong></span> <span class='ocrx_word' id='word_1_624' title='bbox 2481 1559 2697 1627; x_wconf 81' lang='lat' dir='ltr'><strong>Eliphaz</strong></span> <span class='ocrx_word' id='word_1_625' title='bbox 2734 1558 2929 1612; x_wconf 82' lang='lat' dir='ltr'><strong>Baldad</strong></span> <span class='ocrx_word' id='word_1_626' title='bbox 2957 1600 2970 1620; x_wconf 95' lang='lat'><strong>,</strong></span> <span class='ocrx_word' id='word_1_627' title='bbox 3012 1566 3065 1610; x_wconf 89' lang='lat' dir='ltr'><strong>et</strong></span> <span class='ocrx_word' id='word_1_628' title='bbox 3094 1568 3212 1627; x_wconf 90' lang='lat' dir='ltr'><strong>post</strong></span> <span class='ocrx_word' id='word_1_629' title='bbox 3243 1555 3438 1609; x_wconf 85' lang='lat' dir='ltr'><strong>Baldad</strong></span> <span class='ocrx_word' id='word_1_630' title='bbox 3472 1553 3664 1622; x_wconf 84' lang='lat' dir='ltr'><strong>Sophar</strong></span> <span class='ocrx_word' id='word_1_631' title='bbox 3687 1553 3768 1606; x_wconf 71' lang='lat' dir='ltr'><strong>ile-</strong></span> 
     </span>
    </p>
   </div>
   <div class='ocr_carea' id='block_1_77' title="bbox 2240 1646 3770 1720">
    <p class='ocr_par' dir='ltr' id='par_1_77' title="bbox 2240 1646 3770 1720">
     <span class='ocr_line' id='line_1_77' title="bbox 2240 1646 3770 1720; baseline -0.005 -16"><span class='ocrx_word' id='word_1_632' title='bbox 2240 1665 2406 1716; x_wconf 78' lang='lat' dir='ltr'><strong>ntetts,</strong></span> <span class='ocrx_word' id='word_1_633' title='bbox 2431 1649 2721 1704; x_wconf 84' lang='lat' dir='ltr'><strong>secundum</strong></span> <span class='ocrx_word' id='word_1_634' title='bbox 2748 1650 2847 1704; x_wconf 88' lang='lat' dir='ltr'><strong>sibi</strong></span> <span class='ocrx_word' id='word_1_635' title='bbox 2875 1647 3145 1720; x_wconf 86' lang='lat' dir='ltr'><strong>proprium</strong></span> <span class='ocrx_word' id='word_1_636' title='bbox 3169 1647 3447 1708; x_wconf 81' lang='lat' dir='ltr'><strong>ordinem;</strong></span> <span class='ocrx_word' id='word_1_637' title='bbox 3481 1646 3548 1698; x_wconf 86' lang='lat' dir='ltr'><strong>ita</strong></span> <span class='ocrx_word' id='word_1_638' title='bbox 3575 1654 3770 1698; x_wconf 82' lang='lat' dir='ltr'><strong>utuntts-</strong></span> 
     </span>
    </p>
   </div>
   <div class='ocr_carea' id='block_1_78' title="bbox 2237 1735 3768 1811">
    <p class='ocr_par' dir='ltr' id='par_1_78' title="bbox 2237 1735 3768 1811">
     <span class='ocr_line' id='line_1_78' title="bbox 2237 1735 3768 1811; baseline -0.005 -15"><span class='ocrx_word' id='word_1_639' title='bbox 2237 1741 2460 1811; x_wconf 85' lang='lat' dir='ltr'><strong>quisque</strong></span> <span class='ocrx_word' id='word_1_640' title='bbox 2503 1755 2687 1799; x_wconf 86' lang='lat' dir='ltr'><strong>eorum</strong></span> <span class='ocrx_word' id='word_1_641' title='bbox 2730 1751 2968 1810; x_wconf 87' lang='lat' dir='ltr'><strong>speraret</strong></span> <span class='ocrx_word' id='word_1_642' title='bbox 3011 1755 3070 1794; x_wconf 89' lang='lat' dir='ltr'><strong>se</strong></span> <span class='ocrx_word' id='word_1_643' title='bbox 3115 1738 3331 1794; x_wconf 87' lang='lat' dir='ltr'><strong>meliora</strong></span> <span class='ocrx_word' id='word_1_644' title='bbox 3377 1737 3628 1791; x_wconf 89' lang='lat' dir='ltr'><strong>dicturum</strong></span> <span class='ocrx_word' id='word_1_645' title='bbox 3649 1735 3768 1792; x_wconf 73' lang='lat' dir='ltr'><strong>Iulio.</strong></span> 
     </span>
    </p>
   </div>
   <div class='ocr_carea' id='block_1_79' title="bbox 2245 1827 3771 1900">
    <p class='ocr_par' dir='ltr' id='par_1_79' title="bbox 2245 1827 3771 1900">
     <span class='ocr_line' id='line_1_79' title="bbox 2245 1827 3771 1900; baseline -0.001 -17"><span class='ocrx_word' id='word_1_646' title='bbox 2245 1850 2262 1883; x_wconf 76' lang='grc' dir='ltr'><strong>ι</strong></span> <span class='ocrx_word' id='word_1_647' title='bbox 2286 1831 2384 1900; x_wconf 88' lang='lat' dir='ltr'><strong>Qui</strong></span> <span class='ocrx_word' id='word_1_648' title='bbox 2405 1832 2566 1889; x_wconf 89' lang='lat' dir='ltr'><strong>multa</strong></span> <span class='ocrx_word' id='word_1_649' title='bbox 2587 1831 2732 1897; x_wconf 83' lang='lat' dir='ltr'><strong>dicit,</strong></span> <span class='ocrx_word' id='word_1_650' title='bbox 2761 1832 2991 1886; x_wconf 84' lang='lat' dir='ltr'><strong>vicissim</strong></span> <span class='ocrx_word' id='word_1_651' title='bbox 3017 1830 3213 1886; x_wconf 86' lang='lat' dir='ltr'><strong>audiet.</strong></span> <span class='ocrx_word' id='word_1_652' title='bbox 3247 1847 3264 1880; x_wconf 74' lang='grc' dir='ltr'><strong>ι</strong></span> <span class='ocrx_word' id='word_1_653' title='bbox 3290 1829 3421 1884; x_wconf 85' lang='lat' dir='ltr'><strong>item</strong></span> <span class='ocrx_word' id='word_1_654' title='bbox 3449 1828 3569 1884; x_wconf 86' lang='lat' dir='ltr'><strong>illud</strong></span> <span class='ocrx_word' id='word_1_655' title='bbox 3593 1845 3604 1880; x_wconf 90' lang='lat'>:</span> <span class='ocrx_word' id='word_1_656' title='bbox 3635 1848 3651 1878; x_wconf 73' lang='grc' dir='ltr'><strong>ι</strong></span> <span class='ocrx_word' id='word_1_657' title='bbox 3679 1827 3771 1882; x_wconf 82' lang='lat' dir='ltr'><strong>Ful-</strong></span> 
     </span>
    </p>
   </div>
   <div class='ocr_carea' id='block_1_80' title="bbox 2237 1921 3772 1992">
    <p class='ocr_par' dir='ltr' id='par_1_80' title="bbox 2237 1921 3772 1992">
     <span class='ocr_line' id='line_1_80' title="bbox 2237 1921 3772 1992; baseline -0.003 -14"><span class='ocrx_word' id='word_1_658' title='bbox 2237 1923 2381 1992; x_wconf 79' lang='lat' dir='ltr'><strong>gebit</strong></span> <span class='ocrx_word' id='word_1_659' title='bbox 2422 1923 2580 1978; x_wconf 81' lang='lat' dir='ltr'><strong>facies</strong></span> <span class='ocrx_word' id='word_1_660' title='bbox 2625 1931 2712 1978; x_wconf 85' lang='lat' dir='ltr'><strong>tua</strong></span> <span class='ocrx_word' id='word_1_661' title='bbox 2758 1933 3024 1990; x_wconf 86' lang='lat' dir='ltr'><strong>tamquam</strong></span> <span class='ocrx_word' id='word_1_662' title='bbox 3063 1937 3196 1990; x_wconf 85' lang='lat' dir='ltr'><strong>aqua</strong></span> <span class='ocrx_word' id='word_1_663' title='bbox 3239 1936 3388 1990; x_wconf 83' lang='lat' dir='ltr'><strong>pura.</strong></span> <span class='ocrx_word' id='word_1_664' title='bbox 3443 1921 3608 1976; x_wconf 70' lang='lat' dir='ltr'><strong>Exoes</strong></span> <span class='ocrx_word' id='word_1_665' title='bbox 3631 1929 3772 1975; x_wconf 85' lang='lat' dir='ltr'><strong>autem</strong></span> 
     </span>
    </p>
   </div>
   <div class='ocr_carea' id='block_1_81' title="bbox 2239 2010 3754 2076">
    <p class='ocr_par' dir='ltr' id='par_1_81' title="bbox 2239 2010 3754 2076">
     <span class='ocr_line' id='line_1_81' title="bbox 2239 2010 3754 2076; baseline -0.004 -8"><span class='ocrx_word' id='word_1_666' title='bbox 2239 2013 2450 2068; x_wconf 81' lang='lat' dir='ltr'><strong>sordem</strong></span> <span class='ocrx_word' id='word_1_667' title='bbox 2469 2053 2484 2076; x_wconf 91' lang='lat'><strong>,</strong></span> <span class='ocrx_word' id='word_1_668' title='bbox 2513 2022 2568 2067; x_wconf 89' lang='lat' dir='ltr'><strong>et</strong></span> <span class='ocrx_word' id='word_1_669' title='bbox 2599 2028 2700 2070; x_wconf 89' lang='lat' dir='ltr'><strong>non</strong></span> <span class='ocrx_word' id='word_1_670' title='bbox 2733 2013 2958 2075; x_wconf 87' lang='lat' dir='ltr'><strong>timebis,</strong></span> <span class='ocrx_word' id='word_1_671' title='bbox 2992 2021 3046 2066; x_wconf 86' lang='lat' dir='ltr'><strong>et</strong></span> <span class='ocrx_word' id='word_1_672' title='bbox 3071 2012 3302 2066; x_wconf 82' lang='lat' dir='ltr'><strong>laborem</strong></span> <span class='ocrx_word' id='word_1_673' title='bbox 3329 2010 3646 2070; x_wconf 76' lang='lat' dir='ltr'><strong>obliviscaris</strong></span> <span class='ocrx_word' id='word_1_674' title='bbox 3672 2020 3754 2065; x_wconf 85' lang='lat' dir='ltr'><strong>tam</strong></span> 
     </span>
    </p>
   </div>
   <div class='ocr_carea' id='block_1_82' title="bbox 2239 2105 3774 2174">
    <p class='ocr_par' dir='ltr' id='par_1_82' title="bbox 2239 2105 3774 2174">
     <span class='ocr_line' id='line_1_82' title="bbox 2239 2105 3774 2174; baseline -0.003 -14"><span class='ocrx_word' id='word_1_675' title='bbox 2239 2121 2395 2172; x_wconf 88' lang='lat' dir='ltr'><strong>quam</strong></span> <span class='ocrx_word' id='word_1_676' title='bbox 2429 2108 2642 2162; x_wconf 85' lang='lat' dir='ltr'><strong>lluetum</strong></span> <span class='ocrx_word' id='word_1_677' title='bbox 2669 2106 2757 2174; x_wconf 92' lang='lat' dir='ltr'><strong>qni</strong></span> <span class='ocrx_word' id='word_1_678' title='bbox 2789 2105 3042 2174; x_wconf 68' lang='lat' dir='ltr'><strong>praeterit.</strong></span> <span class='ocrx_word' id='word_1_679' title='bbox 3071 2105 3252 2159; x_wconf 78' lang='lat' dir='ltr'><strong>Oratio</strong></span> <span class='ocrx_word' id='word_1_680' title='bbox 3276 2105 3418 2162; x_wconf 84' lang='lat' dir='ltr'><strong>enim</strong></span> <span class='ocrx_word' id='word_1_681' title='bbox 3444 2113 3527 2161; x_wconf 78' lang='lat' dir='ltr'><strong>tua</strong></span> <span class='ocrx_word' id='word_1_682' title='bbox 3551 2115 3774 2172; x_wconf 75' lang='lat' dir='ltr'><strong>tamquam</strong></span> 
     </span>
    </p>
   </div>
   <div class='ocr_carea' id='block_1_83' title="bbox 2239 2194 3298 2267">
    <p class='ocr_par' dir='ltr' id='par_1_83' title="bbox 2239 2194 3298 2267">
     <span class='ocr_line' id='line_1_83' title="bbox 2239 2194 3298 2267; baseline -0.004 -15"><span class='ocrx_word' id='word_1_683' title='bbox 2239 2196 2450 2252; x_wconf 75' lang='lat' dir='ltr'><strong>Lucifer</strong></span> <span class='ocrx_word' id='word_1_684' title='bbox 2473 2198 2574 2252; x_wconf 87' lang='lat' dir='ltr'><strong>erit</strong></span> <span class='ocrx_word' id='word_1_685' title='bbox 2603 2217 2622 2249; x_wconf 77' lang='grc' dir='ltr'><strong>ι</strong></span> <span class='ocrx_word' id='word_1_686' title='bbox 2646 2197 2793 2267; x_wconf 89' lang='lat' dir='ltr'><strong>(Cap.</strong></span> <span class='ocrx_word' id='word_1_687' title='bbox 2825 2198 2911 2255; x_wconf 83' lang='lat' dir='ltr'><strong>H.</strong></span> <span class='ocrx_word' id='word_1_688' title='bbox 2938 2213 2984 2252; x_wconf 82' lang='lat' dir='ltr'><strong>tt.</strong></span> <span class='ocrx_word' id='word_1_689' title='bbox 3007 2198 3062 2252; x_wconf 74' lang='grc'><strong>2.</strong></span> <span class='ocrx_word' id='word_1_690' title='bbox 3095 2194 3298 2267; x_wconf 84' lang='grc'><strong>15-17).</strong></span> 
     </span>
    </p>
   </div>
   <div class='ocr_carea' id='block_1_84' title="bbox 2311 2287 3778 2358">
    <p class='ocr_par' dir='ltr' id='par_1_84' title="bbox 2311 2287 3778 2358">
     <span class='ocr_line' id='line_1_84' title="bbox 2311 2287 3778 2358; baseline -0.003 -17"><span class='ocrx_word' id='word_1_691' title='bbox 2311 2289 2484 2343; x_wconf 88' lang='lat' dir='ltr'><strong>Prima</strong></span> <span class='ocrx_word' id='word_1_692' title='bbox 2524 2289 2640 2346; x_wconf 84' lang='lat' dir='ltr'><strong>Jobi</strong></span> <span class='ocrx_word' id='word_1_693' title='bbox 2689 2289 2753 2344; x_wconf 89' lang='lat' dir='ltr'><strong>ad</strong></span> <span class='ocrx_word' id='word_1_694' title='bbox 2797 2289 3090 2358; x_wconf 83' lang='lat' dir='ltr'><strong>Sopharem</strong></span> <span class='ocrx_word' id='word_1_695' title='bbox 3144 2289 3421 2358; x_wconf 77' lang='lat' dir='ltr'><strong>responsio</strong></span> <span class='ocrx_word' id='word_1_696' title='bbox 3451 2305 3464 2341; x_wconf 93' lang='lat'>:</span> <span class='ocrx_word' id='word_1_697' title='bbox 3500 2307 3518 2339; x_wconf 74' lang='grc' dir='ltr'><strong>ι</strong></span> <span class='ocrx_word' id='word_1_698' title='bbox 3556 2287 3651 2341; x_wconf 73' lang='lat' dir='ltr'><strong>Vos</strong></span> <span class='ocrx_word' id='word_1_699' title='bbox 3674 2304 3778 2351; x_wconf 68' lang='lat' dir='ltr'><strong>ergo</strong></span> 
     </span>
    </p>
   </div>
   <div class='ocr_carea' id='block_1_85' title="bbox 2239 2378 3778 2446">
    <p class='ocr_par' dir='ltr' id='par_1_85' title="bbox 2239 2378 3778 2446">
     <span class='ocr_line' id='line_1_85' title="bbox 2239 2378 3778 2446; baseline -0.005 -13"><span class='ocrx_word' id='word_1_700' title='bbox 2239 2379 2338 2433; x_wconf 82' lang='lat' dir='ltr'><strong>soli</strong></span> <span class='ocrx_word' id='word_1_701' title='bbox 2369 2382 2498 2433; x_wconf 88' lang='lat' dir='ltr'><strong>estis</strong></span> <span class='ocrx_word' id='word_1_702' title='bbox 2529 2380 2800 2442; x_wconf 84' lang='lat' dir='ltr'><strong>hontines;</strong></span> <span class='ocrx_word' id='word_1_703' title='bbox 2833 2390 2924 2433; x_wconf 85' lang='lat' dir='ltr'><strong>aut</strong></span> <span class='ocrx_word' id='word_1_704' title='bbox 2946 2380 3214 2434; x_wconf 82' lang='lat' dir='ltr'><strong>vobiscum</strong></span> <span class='ocrx_word' id='word_1_705' title='bbox 3246 2381 3502 2434; x_wconf 85' lang='lat' dir='ltr'><strong>morietur</strong></span> <span class='ocrx_word' id='word_1_706' title='bbox 3523 2378 3778 2446; x_wconf 74' lang='lat' dir='ltr'><strong>sapictia?</strong></span> 
     </span>
    </p>
   </div>
   <div class='ocr_carea' id='block_1_86' title="bbox 2239 2468 3775 2542">
    <p class='ocr_par' dir='ltr' id='par_1_86' title="bbox 2239 2468 3775 2542">
     <span class='ocr_line' id='line_1_86' title="bbox 2239 2468 3775 2542; baseline -0.001 -20"><span class='ocrx_word' id='word_1_707' title='bbox 2239 2471 2306 2526; x_wconf 90' lang='lat' dir='ltr'><strong>Et</strong></span> <span class='ocrx_word' id='word_1_708' title='bbox 2335 2470 2460 2524; x_wconf 88' lang='lat' dir='ltr'><strong>tnihi</strong></span> <span class='ocrx_word' id='word_1_709' title='bbox 2486 2471 2699 2539; x_wconf 81' lang='lat' dir='ltr'><strong>quidem</strong></span> <span class='ocrx_word' id='word_1_710' title='bbox 2729 2487 2825 2526; x_wconf 90' lang='lat' dir='ltr'><strong>cor</strong></span> <span class='ocrx_word' id='word_1_711' title='bbox 2845 2471 2994 2539; x_wconf 73' lang='lat' dir='ltr'><strong>juxta</strong></span> <span class='ocrx_word' id='word_1_712' title='bbox 3023 2485 3118 2525; x_wconf 83' lang='lat' dir='ltr'><strong>vos</strong></span> <span class='ocrx_word' id='word_1_713' title='bbox 3146 2471 3245 2526; x_wconf 87' lang='lat' dir='ltr'><strong>erit</strong></span> <span class='ocrx_word' id='word_1_714' title='bbox 3273 2490 3290 2524; x_wconf 75' lang='grc' dir='ltr'><strong>ι</strong></span> <span class='ocrx_word' id='word_1_715' title='bbox 3315 2471 3334 2542; x_wconf 92' lang='grc'>(</span> <span class='ocrx_word' id='word_1_716' title='bbox 3357 2469 3484 2528; x_wconf 77' lang='lat' dir='ltr'><strong>Ceu.</strong></span> <span class='ocrx_word' id='word_1_717' title='bbox 3513 2470 3593 2524; x_wconf 67' lang='lat' dir='ltr'><strong>f3.</strong></span> <span class='ocrx_word' id='word_1_718' title='bbox 3623 2470 3670 2521; x_wconf 69' lang='lat'><strong>9.</strong></span> <span class='ocrx_word' id='word_1_719' title='bbox 3700 2469 3728 2520; x_wconf 84' lang='grc'><strong>5</strong></span> <span class='ocrx_word' id='word_1_720' title='bbox 3746 2468 3775 2526; x_wconf 90' lang='lat' dir='ltr'><strong>l.</strong></span> 
     </span>
    </p>
   </div>
   <div class='ocr_carea' id='block_1_87' title="bbox 2241 2562 3779 2634">
    <p class='ocr_par' dir='ltr' id='par_1_87' title="bbox 2241 2562 3779 2634">
     <span class='ocr_line' id='line_1_87' title="bbox 2241 2562 3779 2634; baseline -0.003 -17"><span class='ocrx_word' id='word_1_721' title='bbox 2241 2563 2392 2618; x_wconf 82' lang='lat' dir='ltr'><strong>Circa</strong></span> <span class='ocrx_word' id='word_1_722' title='bbox 2422 2563 2548 2620; x_wconf 90' lang='lat' dir='ltr'><strong>illttd</strong></span> <span class='ocrx_word' id='word_1_723' title='bbox 2579 2583 2590 2618; x_wconf 94' lang='lat'><strong>:</strong></span> <span class='ocrx_word' id='word_1_724' title='bbox 2618 2583 2634 2614; x_wconf 86' lang='lat' dir='ltr'><strong>t</strong></span> <span class='ocrx_word' id='word_1_725' title='bbox 2664 2563 2794 2632; x_wconf 86' lang='lat' dir='ltr'><strong>Quis</strong></span> <span class='ocrx_word' id='word_1_726' title='bbox 2817 2579 2921 2618; x_wconf 93' lang='lat' dir='ltr'><strong>non</strong></span> <span class='ocrx_word' id='word_1_727' title='bbox 2943 2565 3189 2634; x_wconf 77' lang='lat' dir='ltr'><strong>cognovit</strong></span> <span class='ocrx_word' id='word_1_728' title='bbox 3210 2564 3260 2617; x_wconf 76' lang='lat' dir='ltr'><strong>in</strong></span> <span class='ocrx_word' id='word_1_729' title='bbox 3285 2563 3531 2618; x_wconf 89' lang='lat' dir='ltr'><strong>omnibus</strong></span> <span class='ocrx_word' id='word_1_730' title='bbox 3549 2562 3644 2625; x_wconf 79' lang='lat' dir='ltr'><strong>his,</strong></span> <span class='ocrx_word' id='word_1_731' title='bbox 3665 2562 3779 2629; x_wconf 82' lang='lat' dir='ltr'><strong>quod</strong></span> 
     </span>
    </p>
   </div>
   <div class='ocr_carea' id='block_1_88' title="bbox 2243 2653 3781 2722">
    <p class='ocr_par' dir='ltr' id='par_1_88' title="bbox 2243 2653 3781 2722">
     <span class='ocr_line' id='line_1_88' title="bbox 2243 2653 3781 2722; baseline -0.005 -12"><span class='ocrx_word' id='word_1_732' title='bbox 2243 2670 2433 2710; x_wconf 65' lang='lat' dir='ltr'><strong>atauus</strong></span> <span class='ocrx_word' id='word_1_733' title='bbox 2456 2655 2663 2710; x_wconf 89' lang='lat' dir='ltr'><strong>Domini</strong></span> <span class='ocrx_word' id='word_1_734' title='bbox 2693 2655 2818 2709; x_wconf 83' lang='lat' dir='ltr'><strong>fecit</strong></span> <span class='ocrx_word' id='word_1_735' title='bbox 2846 2655 2999 2709; x_wconf 66' lang='lat' dir='ltr'><strong>haec?</strong></span> <span class='ocrx_word' id='word_1_736' title='bbox 3028 2654 3160 2722; x_wconf 85' lang='lat' dir='ltr'><strong>Quia</strong></span> <span class='ocrx_word' id='word_1_737' title='bbox 3188 2655 3237 2707; x_wconf 87' lang='lat' dir='ltr'><strong>in</strong></span> <span class='ocrx_word' id='word_1_738' title='bbox 3265 2669 3426 2707; x_wconf 84' lang='lat' dir='ltr'><strong>manu</strong></span> <span class='ocrx_word' id='word_1_739' title='bbox 3455 2655 3565 2720; x_wconf 86' lang='lat' dir='ltr'><strong>ejus</strong></span> <span class='ocrx_word' id='word_1_740' title='bbox 3589 2663 3662 2706; x_wconf 86' lang='lat' dir='ltr'><strong>est</strong></span> <span class='ocrx_word' id='word_1_741' title='bbox 3683 2653 3781 2704; x_wconf 84' lang='lat' dir='ltr'><strong>ani-</strong></span> 
     </span>
    </p>
   </div>
   <div class='ocr_carea' id='block_1_89' title="bbox 2240 2746 3780 2815">
    <p class='ocr_par' dir='ltr' id='par_1_89' title="bbox 2240 2746 3780 2815">
     <span class='ocr_line' id='line_1_89' title="bbox 2240 2746 3780 2815; baseline -0.001 -17"><span class='ocrx_word' id='word_1_742' title='bbox 2240 2760 2327 2798; x_wconf 90' lang='lat' dir='ltr'><strong>ma</strong></span> <span class='ocrx_word' id='word_1_743' title='bbox 2357 2746 2591 2799; x_wconf 88' lang='lat' dir='ltr'><strong>omnium</strong></span> <span class='ocrx_word' id='word_1_744' title='bbox 2619 2747 2925 2810; x_wconf 87' lang='lat' dir='ltr'><strong>viventium,</strong></span> <span class='ocrx_word' id='word_1_745' title='bbox 2960 2755 3014 2800; x_wconf 79' lang='lat' dir='ltr'><strong>et</strong></span> <span class='ocrx_word' id='word_1_746' title='bbox 3039 2747 3259 2815; x_wconf 87' lang='lat' dir='ltr'><strong>spiritus</strong></span> <span class='ocrx_word' id='word_1_747' title='bbox 3285 2746 3460 2800; x_wconf 83' lang='lat' dir='ltr'><strong>omnis</strong></span> <span class='ocrx_word' id='word_1_748' title='bbox 3485 2746 3711 2799; x_wconf 85' lang='lat' dir='ltr'><strong>hominis.</strong></span> <span class='ocrx_word' id='word_1_749' title='bbox 3739 2746 3780 2800; x_wconf 85' lang='lat' dir='ltr'><strong>Si</strong></span> 
     </span>
    </p>
   </div>
   <div class='ocr_carea' id='block_1_90' title="bbox 2243 2837 3781 2908">
    <p class='ocr_par' dir='ltr' id='par_1_90' title="bbox 2243 2837 3781 2908">
     <span class='ocr_line' id='line_1_90' title="bbox 2243 2837 3781 2908; baseline -0.001 -18"><span class='ocrx_word' id='word_1_750' title='bbox 2243 2837 2569 2907; x_wconf 83' lang='lat' dir='ltr'><strong>prohibuerit</strong></span> <span class='ocrx_word' id='word_1_751' title='bbox 2595 2853 2784 2908; x_wconf 81' lang='lat' dir='ltr'><strong>aquam</strong></span> <span class='ocrx_word' id='word_1_752' title='bbox 2803 2879 2816 2900; x_wconf 91' lang='lat'><strong>,</strong></span> <span class='ocrx_word' id='word_1_753' title='bbox 2845 2839 3066 2893; x_wconf 82' lang='lat' dir='ltr'><strong>siecahit</strong></span> <span class='ocrx_word' id='word_1_754' title='bbox 3092 2849 3285 2893; x_wconf 81' lang='lat' dir='ltr'><strong>terram</strong></span> <span class='ocrx_word' id='word_1_755' title='bbox 3317 2880 3330 2901; x_wconf 89' lang='lat'><strong>,</strong></span> <span class='ocrx_word' id='word_1_756' title='bbox 3363 2849 3418 2892; x_wconf 91' lang='lat' dir='ltr'><strong>et</strong></span> <span class='ocrx_word' id='word_1_757' title='bbox 3446 2839 3490 2892; x_wconf 82' lang='lat' dir='ltr'><strong>si</strong></span> <span class='ocrx_word' id='word_1_758' title='bbox 3517 2838 3781 2899; x_wconf 71' lang='lat' dir='ltr'><strong>dimiserit,</strong></span> 
     </span>
    </p>
   </div>
   <div class='ocr_carea' id='block_1_91' title="bbox 2242 2929 3781 3001">
    <p class='ocr_par' dir='ltr' id='par_1_91' title="bbox 2242 2929 3781 3001">
     <span class='ocr_line' id='line_1_91' title="bbox 2242 2929 3781 3001; baseline -0.001 -17"><span class='ocrx_word' id='word_1_759' title='bbox 2242 2929 2471 3000; x_wconf 89' lang='lat' dir='ltr'><strong>perdidit</strong></span> <span class='ocrx_word' id='word_1_760' title='bbox 2497 2941 2744 2985; x_wconf 84' lang='lat' dir='ltr'><strong>evertens</strong></span> <span class='ocrx_word' id='word_1_761' title='bbox 2770 2946 2884 2984; x_wconf 88' lang='lat' dir='ltr'><strong>eam</strong></span> <span class='ocrx_word' id='word_1_762' title='bbox 2911 2930 3099 3001; x_wconf 78' lang='lat' dir='ltr'><strong>t(Ibid.</strong></span> <span class='ocrx_word' id='word_1_763' title='bbox 3120 2947 3168 2983; x_wconf 88' lang='lat' dir='ltr'><strong>v.</strong></span> <span class='ocrx_word' id='word_1_764' title='bbox 3185 2932 3238 2985; x_wconf 85' lang='lat'><strong>9.</strong></span> <span class='ocrx_word' id='word_1_765' title='bbox 3261 2931 3346 2985; x_wconf 83' lang='grc'><strong>10.</strong></span> <span class='ocrx_word' id='word_1_766' title='bbox 3369 2931 3478 3000; x_wconf 85' lang='grc'><strong>15).</strong></span> <span class='ocrx_word' id='word_1_767' title='bbox 3493 2929 3630 2984; x_wconf 69' lang='grc' dir='ltr'><strong>ατο..</strong></span> <span class='ocrx_word' id='word_1_768' title='bbox 3651 2929 3781 2982; x_wconf 72' lang='lat' dir='ltr'><strong>illud:</strong></span> 
     </span>
    </p>
   </div>
   <div class='ocr_carea' id='block_1_92' title="bbox 2246 3020 3785 3088">
    <p class='ocr_par' dir='ltr' id='par_1_92' title="bbox 2246 3020 3785 3088">
     <span class='ocr_line' id='line_1_92' title="bbox 2246 3020 3785 3088; baseline -0.001 -17"><span class='ocrx_word' id='word_1_769' title='bbox 2246 3039 2266 3071; x_wconf 73' lang='grc' dir='ltr'><strong>ι</strong></span> <span class='ocrx_word' id='word_1_770' title='bbox 2294 3021 2424 3088; x_wconf 84' lang='lat' dir='ltr'><strong>Quis</strong></span> <span class='ocrx_word' id='word_1_771' title='bbox 2449 3021 2552 3075; x_wconf 88' lang='lat' dir='ltr'><strong>erit</strong></span> <span class='ocrx_word' id='word_1_772' title='bbox 2577 3022 2804 3075; x_wconf 90' lang='lat' dir='ltr'><strong>mundus</strong></span> <span class='ocrx_word' id='word_1_773' title='bbox 2833 3036 2861 3073; x_wconf 83' lang='lat' dir='ltr'><strong>a</strong></span> <span class='ocrx_word' id='word_1_774' title='bbox 2893 3020 3093 3074; x_wconf 83' lang='lat' dir='ltr'><strong>sorde?</strong></span> <span class='ocrx_word' id='word_1_775' title='bbox 3121 3023 3190 3073; x_wconf 84' lang='lat' dir='ltr'><strong>At</strong></span> <span class='ocrx_word' id='word_1_776' title='bbox 3216 3036 3394 3078; x_wconf 86' lang='lat' dir='ltr'><strong>nemo.</strong></span> <span class='ocrx_word' id='word_1_777' title='bbox 3421 3021 3518 3076; x_wconf 85' lang='lat' dir='ltr'><strong>etsi</strong></span> <span class='ocrx_word' id='word_1_778' title='bbox 3543 3035 3670 3074; x_wconf 80' lang='lat' dir='ltr'><strong>unus</strong></span> <span class='ocrx_word' id='word_1_779' title='bbox 3692 3021 3785 3072; x_wconf 78' lang='lat' dir='ltr'><strong>dies</strong></span> 
     </span>
    </p>
   </div>
   <div class='ocr_carea' id='block_1_93' title="bbox 2241 3111 3782 3181">
    <p class='ocr_par' dir='ltr' id='par_1_93' title="bbox 2241 3111 3782 3181">
     <span class='ocr_line' id='line_1_93' title="bbox 2241 3111 3782 3181; baseline -0.006 -14"><span class='ocrx_word' id='word_1_780' title='bbox 2241 3112 2309 3167; x_wconf 83' lang='lat' dir='ltr'><strong>sit</strong></span> <span class='ocrx_word' id='word_1_781' title='bbox 2340 3112 2443 3166; x_wconf 76' lang='lat' dir='ltr'><strong>vita</strong></span> <span class='ocrx_word' id='word_1_782' title='bbox 2473 3112 2590 3181; x_wconf 90' lang='lat' dir='ltr'><strong>ejus</strong></span> <span class='ocrx_word' id='word_1_783' title='bbox 2619 3126 2779 3180; x_wconf 87' lang='lat' dir='ltr'><strong>super</strong></span> <span class='ocrx_word' id='word_1_784' title='bbox 2809 3120 3023 3165; x_wconf 79' lang='lat' dir='ltr'><strong>terram.</strong></span> <span class='ocrx_word' id='word_1_785' title='bbox 3059 3111 3150 3164; x_wconf 88' lang='lat' dir='ltr'><strong>Est</strong></span> <span class='ocrx_word' id='word_1_786' title='bbox 3177 3111 3356 3165; x_wconf 82' lang='lat' dir='ltr'><strong>arbori</strong></span> <span class='ocrx_word' id='word_1_787' title='bbox 3416 3127 3553 3180; x_wconf 85' lang='lat' dir='ltr'><strong>spes.</strong></span> <span class='ocrx_word' id='word_1_788' title='bbox 3583 3112 3633 3164; x_wconf 83' lang='lat' dir='ltr'><strong>Si</strong></span> <span class='ocrx_word' id='word_1_789' title='bbox 3665 3111 3782 3162; x_wconf 82' lang='lat' dir='ltr'><strong>enim</strong></span> 
     </span>
    </p>
   </div>
   <div class='ocr_carea' id='block_1_94' title="bbox 2240 3202 3785 3274">
    <p class='ocr_par' dir='ltr' id='par_1_94' title="bbox 2240 3202 3785 3274">
     <span class='ocr_line' id='line_1_94' title="bbox 2240 3202 3785 3274; baseline -0.004 -15"><span class='ocrx_word' id='word_1_790' title='bbox 2240 3206 2415 3260; x_wconf 77' lang='lat' dir='ltr'><strong>excisa</strong></span> <span class='ocrx_word' id='word_1_791' title='bbox 2467 3204 2654 3270; x_wconf 85' lang='lat' dir='ltr'><strong>fuerit,</strong></span> <span class='ocrx_word' id='word_1_792' title='bbox 2686 3203 2858 3258; x_wconf 83' lang='lat' dir='ltr'><strong>adhuc</strong></span> <span class='ocrx_word' id='word_1_793' title='bbox 2895 3203 3202 3274; x_wconf 86' lang='lat' dir='ltr'><strong>pttllulabit,</strong></span> <span class='ocrx_word' id='word_1_794' title='bbox 3235 3213 3289 3258; x_wconf 89' lang='lat' dir='ltr'><strong>et</strong></span> <span class='ocrx_word' id='word_1_795' title='bbox 3328 3219 3538 3274; x_wconf 83' lang='lat' dir='ltr'><strong>germen</strong></span> <span class='ocrx_word' id='word_1_796' title='bbox 3565 3202 3673 3271; x_wconf 86' lang='lat' dir='ltr'><strong>ejus</strong></span> <span class='ocrx_word' id='word_1_797' title='bbox 3701 3218 3785 3254; x_wconf 87' lang='lat' dir='ltr'><strong>non</strong></span> 
     </span>
    </p>
   </div>
   <div class='ocr_carea' id='block_1_95' title="bbox 2240 3295 3785 3360">
    <p class='ocr_par' dir='ltr' id='par_1_95' title="bbox 2240 3295 3785 3360">
     <span class='ocr_line' id='line_1_95' title="bbox 2240 3295 3785 3360; baseline -0.005 -8"><span class='ocrx_word' id='word_1_798' title='bbox 2240 3298 2468 3352; x_wconf 79' lang='lat' dir='ltr'><strong>deficiet.</strong></span> <span class='ocrx_word' id='word_1_799' title='bbox 2503 3296 2595 3350; x_wconf 87' lang='lat' dir='ltr'><strong>Vir</strong></span> <span class='ocrx_word' id='word_1_800' title='bbox 2619 3311 2743 3350; x_wconf 75' lang='lat' dir='ltr'><strong>vero</strong></span> <span class='ocrx_word' id='word_1_801' title='bbox 2760 3312 2878 3350; x_wconf 83' lang='lat' dir='ltr'><strong>cum</strong></span> <span class='ocrx_word' id='word_1_802' title='bbox 2899 3305 3138 3350; x_wconf 77' lang='lat' dir='ltr'><strong>mortuus</strong></span> <span class='ocrx_word' id='word_1_803' title='bbox 3163 3295 3338 3360; x_wconf 90' lang='lat' dir='ltr'><strong>fuerit,</strong></span> <span class='ocrx_word' id='word_1_804' title='bbox 3362 3296 3488 3349; x_wconf 84' lang='lat' dir='ltr'><strong>abiit</strong></span> <span class='ocrx_word' id='word_1_805' title='bbox 3506 3313 3519 3349; x_wconf 89' lang='lat'><strong>:</strong></span> <span class='ocrx_word' id='word_1_806' title='bbox 3539 3305 3587 3349; x_wconf 86' lang='lat' dir='ltr'><strong>et</strong></span> <span class='ocrx_word' id='word_1_807' title='bbox 3612 3304 3785 3347; x_wconf 83' lang='lat' dir='ltr'><strong>morta-</strong></span> 
     </span>
    </p>
   </div>
   <div class='ocr_carea' id='block_1_96' title="bbox 2240 3385 3784 3457">
    <p class='ocr_par' dir='ltr' id='par_1_96' title="bbox 2240 3385 3784 3457">
     <span class='ocr_line' id='line_1_96' title="bbox 2240 3385 3784 3457; baseline -0.004 -17"><span class='ocrx_word' id='word_1_808' title='bbox 2240 3387 2304 3443; x_wconf 88' lang='lat' dir='ltr'><strong>lis</strong></span> <span class='ocrx_word' id='word_1_809' title='bbox 2323 3403 2442 3442; x_wconf 90' lang='lat' dir='ltr'><strong>cutn</strong></span> <span class='ocrx_word' id='word_1_810' title='bbox 2463 3388 2733 3453; x_wconf 89' lang='lat' dir='ltr'><strong>ceciderit,</strong></span> <span class='ocrx_word' id='word_1_811' title='bbox 2757 3403 2861 3441; x_wconf 83' lang='lat' dir='ltr'><strong>non</strong></span> <span class='ocrx_word' id='word_1_812' title='bbox 2884 3388 3020 3440; x_wconf 88' lang='lat' dir='ltr'><strong>ultra</strong></span> <span class='ocrx_word' id='word_1_813' title='bbox 3044 3396 3124 3440; x_wconf 86' lang='lat' dir='ltr'><strong>est</strong></span> <span class='ocrx_word' id='word_1_814' title='bbox 3151 3407 3170 3438; x_wconf 80' lang='grc' dir='ltr'><strong>ι</strong></span> <span class='ocrx_word' id='word_1_815' title='bbox 3193 3387 3432 3457; x_wconf 51' lang='lat' dir='ltr'><strong>(Capit.</strong></span> <span class='ocrx_word' id='word_1_816' title='bbox 3452 3404 3496 3441; x_wconf 77' lang='grc' dir='ltr'><strong>ν.</strong></span> <span class='ocrx_word' id='word_1_817' title='bbox 3516 3388 3563 3440; x_wconf 72' lang='grc' dir='ltr'><strong>ι.</strong></span> <span class='ocrx_word' id='word_1_818' title='bbox 3577 3387 3626 3440; x_wconf 84' lang='grc'><strong>5.</strong></span> <span class='ocrx_word' id='word_1_819' title='bbox 3641 3385 3784 3449; x_wconf 70' lang='lat' dir='ltr'><strong>HO).</strong></span> 
     </span>
    </p>
   </div>
   <div class='ocr_carea' id='block_1_97' title="bbox 2311 3477 3781 3547">
    <p class='ocr_par' dir='ltr' id='par_1_97' title="bbox 2311 3477 3781 3547">
     <span class='ocr_line' id='line_1_97' title="bbox 2311 3477 3781 3547; baseline -0.004 -15"><span class='ocrx_word' id='word_1_820' title='bbox 2311 3479 2520 3532; x_wconf 81' lang='lat' dir='ltr'><strong>initium</strong></span> <span class='ocrx_word' id='word_1_821' title='bbox 2576 3478 2890 3534; x_wconf 78' lang='lat' dir='ltr'><strong>secundum.</strong></span> <span class='ocrx_word' id='word_1_822' title='bbox 2955 3479 3171 3547; x_wconf 82' lang='lat' dir='ltr'><strong>Eliphaz</strong></span> <span class='ocrx_word' id='word_1_823' title='bbox 3225 3477 3418 3532; x_wconf 86' lang='lat' dir='ltr'><strong>Jobttm</strong></span> <span class='ocrx_word' id='word_1_824' title='bbox 3475 3478 3781 3546; x_wconf 85' lang='lat' dir='ltr'><strong>alloquitur:</strong></span> 
     </span>
    </p>
   </div>
   <div class='ocr_carea' id='block_1_98' title="bbox 2245 3555 3784 3637">
    <p class='ocr_par' dir='ltr' id='par_1_98' title="bbox 2245 3555 3784 3637">
     <span class='ocr_line' id='line_1_98' title="bbox 2245 3555 3784 3637; baseline -0.004 -17"><span class='ocrx_word' id='word_1_825' title='bbox 2245 3586 2264 3620; x_wconf 72' lang='grc' dir='ltr'><em>ς</em></span> <span class='ocrx_word' id='word_1_826' title='bbox 2302 3568 2561 3637; x_wconf 87' lang='lat' dir='ltr'><strong>Numquid</strong></span> <span class='ocrx_word' id='word_1_827' title='bbox 2589 3569 2806 3636; x_wconf 87' lang='lat' dir='ltr'><strong>sapiens</strong></span> <span class='ocrx_word' id='word_1_828' title='bbox 2844 3569 3246 3637; x_wconf 86' lang='lat' dir='ltr'><strong>responsionem</strong></span> <span class='ocrx_word' id='word_1_829' title='bbox 3274 3555 3421 3622; x_wconf 81' lang='lat' dir='ltr'><strong>dabit</strong></span> <span class='ocrx_word' id='word_1_830' title='bbox 3445 3568 3672 3622; x_wconf 68' lang='lat' dir='ltr'><strong>scientim</strong></span> <span class='ocrx_word' id='word_1_831' title='bbox 3697 3566 3784 3632; x_wconf 83' lang='lat' dir='ltr'><strong>spi-</strong></span> 
     </span>
    </p>
   </div>
   <div class='ocr_carea' id='block_1_99' title="bbox 2241 3658 3782 3728">
    <p class='ocr_par' dir='ltr' id='par_1_99' title="bbox 2241 3658 3782 3728">
     <span class='ocr_line' id='line_1_99' title="bbox 2241 3658 3782 3728; baseline -0.003 -14"><span class='ocrx_word' id='word_1_832' title='bbox 2241 3660 2415 3715; x_wconf 89' lang='lat' dir='ltr'><strong>ritus?</strong></span> <span class='ocrx_word' id='word_1_833' title='bbox 2445 3664 2643 3727; x_wconf 81' lang='lat' dir='ltr'><strong>Argttat</strong></span> <span class='ocrx_word' id='word_1_834' title='bbox 2673 3669 2724 3712; x_wconf 88' lang='lat' dir='ltr'><strong>te</strong></span> <span class='ocrx_word' id='word_1_835' title='bbox 2751 3675 2813 3713; x_wconf 90' lang='lat' dir='ltr'><strong>os</strong></span> <span class='ocrx_word' id='word_1_836' title='bbox 2841 3670 2986 3714; x_wconf 89' lang='lat' dir='ltr'><strong>tuum</strong></span> <span class='ocrx_word' id='word_1_837' title='bbox 3013 3701 3028 3726; x_wconf 93' lang='lat'><strong>,</strong></span> <span class='ocrx_word' id='word_1_838' title='bbox 3061 3669 3113 3714; x_wconf 91' lang='lat' dir='ltr'><strong>et</strong></span> <span class='ocrx_word' id='word_1_839' title='bbox 3141 3676 3244 3714; x_wconf 88' lang='lat' dir='ltr'><strong>non</strong></span> <span class='ocrx_word' id='word_1_840' title='bbox 3276 3675 3394 3728; x_wconf 82' lang='lat' dir='ltr'><strong>ego.</strong></span> <span class='ocrx_word' id='word_1_841' title='bbox 3441 3679 3458 3711; x_wconf 73' lang='grc' dir='ltr'><strong>ι</strong></span> <span class='ocrx_word' id='word_1_842' title='bbox 3493 3658 3610 3712; x_wconf 88' lang='lat' dir='ltr'><strong>Illud</strong></span> <span class='ocrx_word' id='word_1_843' title='bbox 3642 3659 3782 3719; x_wconf 80' lang='lat' dir='ltr'><strong>item,</strong></span> 
     </span>
    </p>
   </div>
   <div class='ocr_carea' id='block_1_100' title="bbox 2246 3747 3786 3822">
    <p class='ocr_par' dir='ltr' id='par_1_100' title="bbox 2246 3747 3786 3822">
     <span class='ocr_line' id='line_1_100' title="bbox 2246 3747 3786 3822; baseline -0.004 -16"><span class='ocrx_word' id='word_1_844' title='bbox 2246 3773 2265 3806; x_wconf 80' lang='lat' dir='ltr'><strong>t</strong></span> <span class='ocrx_word' id='word_1_845' title='bbox 2298 3755 2429 3822; x_wconf 86' lang='lat' dir='ltr'><strong>Quis</strong></span> <span class='ocrx_word' id='word_1_846' title='bbox 2464 3754 2606 3806; x_wconf 89' lang='lat' dir='ltr'><strong>enim</strong></span> <span class='ocrx_word' id='word_1_847' title='bbox 2644 3768 2764 3806; x_wconf 86' lang='lat' dir='ltr'><strong>cum</strong></span> <span class='ocrx_word' id='word_1_848' title='bbox 2793 3756 2863 3806; x_wconf 89' lang='lat' dir='ltr'><strong>sit</strong></span> <span class='ocrx_word' id='word_1_849' title='bbox 2900 3752 3088 3814; x_wconf 88' lang='lat' dir='ltr'><strong>homo,</strong></span> <span class='ocrx_word' id='word_1_850' title='bbox 3120 3753 3223 3805; x_wconf 88' lang='lat' dir='ltr'><strong>erit</strong></span> <span class='ocrx_word' id='word_1_851' title='bbox 3261 3751 3591 3820; x_wconf 77' lang='lat' dir='ltr'><strong>ittculpattts‘.’</strong></span> <span class='ocrx_word' id='word_1_852' title='bbox 3614 3763 3680 3802; x_wconf 85' lang='lat' dir='ltr'><strong>an</strong></span> <span class='ocrx_word' id='word_1_853' title='bbox 3705 3747 3786 3802; x_wconf 88' lang='lat' dir='ltr'><strong>erit</strong></span> 
     </span>
    </p>
   </div>
   <div class='ocr_carea' id='block_1_101' title="bbox 2234 3839 3668 3915">
    <p class='ocr_par' dir='ltr' id='par_1_101' title="bbox 2234 3839 3668 3915">
     <span class='ocr_line' id='line_1_101' title="bbox 2234 3839 3668 3915; baseline -0.006 -16"><span class='ocrx_word' id='word_1_854' title='bbox 2234 3846 2408 3915; x_wconf 82' lang='lat' dir='ltr'><strong>justus</strong></span> <span class='ocrx_word' id='word_1_855' title='bbox 2439 3853 2588 3897; x_wconf 81' lang='lat' dir='ltr'><strong>natus</strong></span> <span class='ocrx_word' id='word_1_856' title='bbox 2614 3843 2681 3897; x_wconf 85' lang='lat' dir='ltr'><strong>de</strong></span> <span class='ocrx_word' id='word_1_857' title='bbox 2706 3843 2929 3897; x_wconf 86' lang='lat' dir='ltr'><strong>muliere</strong></span> <span class='ocrx_word' id='word_1_858' title='bbox 2967 3862 2985 3893; x_wconf 75' lang='grc' dir='ltr'><strong>ι</strong></span> <span class='ocrx_word' id='word_1_859' title='bbox 3015 3843 3164 3910; x_wconf 87' lang='lat' dir='ltr'><strong>(Cap.</strong></span> <span class='ocrx_word' id='word_1_860' title='bbox 3193 3842 3276 3896; x_wconf 78' lang='grc'><strong>15.</strong></span> <span class='ocrx_word' id='word_1_861' title='bbox 3302 3857 3350 3895; x_wconf 78' lang='grc' dir='ltr'><strong>υ.</strong></span> <span class='ocrx_word' id='word_1_862' title='bbox 3381 3841 3436 3893; x_wconf 70' lang='grc'><strong>9..</strong></span> <span class='ocrx_word' id='word_1_863' title='bbox 3469 3840 3519 3895; x_wconf 87' lang='grc'><strong>6.</strong></span> <span class='ocrx_word' id='word_1_864' title='bbox 3551 3839 3668 3907; x_wconf 62' lang='lat' dir='ltr'><strong>lt)?</strong></span> 
     </span>
    </p>
   </div>
   <div class='ocr_carea' id='block_1_102' title="bbox 2310 3929 3781 4002">
    <p class='ocr_par' dir='ltr' id='par_1_102' title="bbox 2310 3929 3781 4002">
     <span class='ocr_line' id='line_1_102' title="bbox 2310 3929 3781 4002; baseline -0.008 -11"><span class='ocrx_word' id='word_1_865' title='bbox 2310 3936 2555 3991; x_wconf 85' lang='lat' dir='ltr'><strong>Secunda</strong></span> <span class='ocrx_word' id='word_1_866' title='bbox 2587 3935 2862 4002; x_wconf 86' lang='lat' dir='ltr'><strong>responsio</strong></span> <span class='ocrx_word' id='word_1_867' title='bbox 2889 3933 3007 3987; x_wconf 81' lang='lat' dir='ltr'><strong>Jobi</strong></span> <span class='ocrx_word' id='word_1_868' title='bbox 3039 3934 3102 3986; x_wconf 89' lang='lat' dir='ltr'><strong>ad</strong></span> <span class='ocrx_word' id='word_1_869' title='bbox 3140 3932 3392 4001; x_wconf 82' lang='lat' dir='ltr'><strong>Eliphaz:</strong></span> <span class='ocrx_word' id='word_1_870' title='bbox 3425 3951 3442 3981; x_wconf 81' lang='grc' dir='ltr'><strong>ι</strong></span> <span class='ocrx_word' id='word_1_871' title='bbox 3477 3931 3655 3986; x_wconf 79' lang='lat' dir='ltr'><strong>Audivi</strong></span> <span class='ocrx_word' id='word_1_872' title='bbox 3683 3929 3781 3981; x_wconf 80' lang='lat' dir='ltr'><strong>talia</strong></span> 
     </span>
    </p>
   </div>
   <div class='ocr_carea' id='block_1_103' title="bbox 2240 4022 3784 4086">
    <p class='ocr_par' dir='ltr' id='par_1_103' title="bbox 2240 4022 3784 4086">
     <span class='ocr_line' id='line_1_103' title="bbox 2240 4022 3784 4086; baseline -0.008 -2"><span class='ocrx_word' id='word_1_873' title='bbox 2240 4030 2402 4084; x_wconf 89' lang='lat' dir='ltr'><strong>multa</strong></span> <span class='ocrx_word' id='word_1_874' title='bbox 2435 4046 2449 4086; x_wconf 92' lang='lat'><strong>:</strong></span> <span class='ocrx_word' id='word_1_875' title='bbox 2485 4028 2852 4082; x_wconf 82' lang='lat' dir='ltr'><strong>consolatores</strong></span> <span class='ocrx_word' id='word_1_876' title='bbox 2883 4027 3141 4079; x_wconf 89' lang='lat' dir='ltr'><strong>malorum</strong></span> <span class='ocrx_word' id='word_1_877' title='bbox 3177 4042 3383 4079; x_wconf 79' lang='lat' dir='ltr'><strong>omnes.</strong></span> <span class='ocrx_word' id='word_1_878' title='bbox 3430 4025 3562 4078; x_wconf 78' lang='lat' dir='ltr'><strong>Ecce</strong></span> <span class='ocrx_word' id='word_1_879' title='bbox 3590 4025 3636 4077; x_wconf 91' lang='lat' dir='ltr'><strong>in</strong></span> <span class='ocrx_word' id='word_1_880' title='bbox 3665 4022 3784 4075; x_wconf 71' lang='lat' dir='ltr'><strong>cadis</strong></span> 
     </span>
    </p>
   </div>
   <div class='ocr_carea' id='block_1_104' title="bbox 2235 4115 3782 4183">
    <p class='ocr_par' dir='ltr' id='par_1_104' title="bbox 2235 4115 3782 4183">
     <span class='ocr_line' id='line_1_104' title="bbox 2235 4115 3782 4183; baseline -0.008 -8"><span class='ocrx_word' id='word_1_881' title='bbox 2235 4131 2318 4176; x_wconf 84' lang='lat' dir='ltr'><strong>est</strong></span> <span class='ocrx_word' id='word_1_882' title='bbox 2347 4121 2498 4174; x_wconf 74' lang='lat' dir='ltr'><strong>testis</strong></span> <span class='ocrx_word' id='word_1_883' title='bbox 2529 4134 2699 4183; x_wconf 87' lang='lat' dir='ltr'><strong>meus,</strong></span> <span class='ocrx_word' id='word_1_884' title='bbox 2732 4127 2787 4173; x_wconf 91' lang='lat' dir='ltr'><strong>et</strong></span> <span class='ocrx_word' id='word_1_885' title='bbox 2808 4119 3055 4172; x_wconf 87' lang='lat' dir='ltr'><strong>conscius</strong></span> <span class='ocrx_word' id='word_1_886' title='bbox 3083 4133 3233 4171; x_wconf 89' lang='lat' dir='ltr'><strong>meus</strong></span> <span class='ocrx_word' id='word_1_887' title='bbox 3263 4118 3313 4171; x_wconf 89' lang='lat' dir='ltr'><strong>in</strong></span> <span class='ocrx_word' id='word_1_888' title='bbox 3345 4115 3584 4170; x_wconf 72' lang='lat' dir='ltr'><strong>excelsis.</strong></span> <span class='ocrx_word' id='word_1_889' title='bbox 3614 4115 3689 4167; x_wconf 69' lang='lat' dir='ltr'><strong>Sit</strong></span> <span class='ocrx_word' id='word_1_890' title='bbox 3710 4129 3782 4164; x_wconf 83' lang='lat' dir='ltr'><strong>au-</strong></span> 
     </span>
    </p>
   </div>
   <div class='ocr_carea' id='block_1_105' title="bbox 2238 4206 3778 4282">
    <p class='ocr_par' dir='ltr' id='par_1_105' title="bbox 2238 4206 3778 4282">
     <span class='ocr_line' id='line_1_105' title="bbox 2238 4206 3778 4282; baseline -0.008 -15"><span class='ocrx_word' id='word_1_891' title='bbox 2238 4224 2343 4268; x_wconf 85' lang='lat' dir='ltr'><strong>tem</strong></span> <span class='ocrx_word' id='word_1_892' title='bbox 2374 4213 2676 4282; x_wconf 81' lang='lat' dir='ltr'><strong>redargtttio</strong></span> <span class='ocrx_word' id='word_1_893' title='bbox 2715 4213 2828 4266; x_wconf 85' lang='lat' dir='ltr'><strong>viro</strong></span> <span class='ocrx_word' id='word_1_894' title='bbox 2861 4226 3040 4266; x_wconf 86' lang='lat' dir='ltr'><strong>coram</strong></span> <span class='ocrx_word' id='word_1_895' title='bbox 3087 4211 3306 4265; x_wconf 85' lang='lat' dir='ltr'><strong>Domino</strong></span> <span class='ocrx_word' id='word_1_896' title='bbox 3346 4234 3364 4260; x_wconf 73' lang='grc' dir='ltr'><strong>ι</strong></span> <span class='ocrx_word' id='word_1_897' title='bbox 3389 4209 3533 4281; x_wconf 81' lang='lat' dir='ltr'><strong>(Cap.</strong></span> <span class='ocrx_word' id='word_1_898' title='bbox 3568 4209 3644 4262; x_wconf 81' lang='grc'><strong>16.</strong></span> <span class='ocrx_word' id='word_1_899' title='bbox 3672 4225 3712 4260; x_wconf 81' lang='lat' dir='ltr'><strong>r.</strong></span> <span class='ocrx_word' id='word_1_900' title='bbox 3737 4206 3778 4257; x_wconf 72' lang='grc' dir='ltr'><strong>Ξ.</strong></span> 
     </span>
    </p>
   </div>
   <div class='ocr_carea' id='block_1_106' title="bbox 2234 4296 3780 4375">
    <p class='ocr_par' dir='ltr' id='par_1_106' title="bbox 2234 4296 3780 4375">
     <span class='ocr_line' id='line_1_106' title="bbox 2234 4296 3780 4375; baseline -0.005 -17"><span class='ocrx_word' id='word_1_901' title='bbox 2234 4304 2324 4358; x_wconf 64' lang='grc'><strong>20.</strong></span> <span class='ocrx_word' id='word_1_902' title='bbox 2361 4303 2475 4375; x_wconf 65' lang='lat'><strong>2‘3).</strong></span> <span class='ocrx_word' id='word_1_903' title='bbox 2501 4304 2634 4358; x_wconf 81' lang='lat' dir='ltr'><strong>illud</strong></span> <span class='ocrx_word' id='word_1_904' title='bbox 2665 4304 2810 4365; x_wconf 86' lang='lat' dir='ltr'><strong>item,</strong></span> <span class='ocrx_word' id='word_1_905' title='bbox 2846 4321 2865 4354; x_wconf 71' lang='grc' dir='ltr'><strong>ι</strong></span> <span class='ocrx_word' id='word_1_906' title='bbox 2895 4302 3112 4356; x_wconf 86' lang='lat' dir='ltr'><strong>Noctem</strong></span> <span class='ocrx_word' id='word_1_907' title='bbox 3142 4301 3314 4370; x_wconf 90' lang='lat' dir='ltr'><strong>posuit</strong></span> <span class='ocrx_word' id='word_1_908' title='bbox 3345 4303 3396 4355; x_wconf 91' lang='lat' dir='ltr'><strong>in</strong></span> <span class='ocrx_word' id='word_1_909' title='bbox 3425 4303 3582 4355; x_wconf 85' lang='lat' dir='ltr'><strong>diem.</strong></span> <span class='ocrx_word' id='word_1_910' title='bbox 3612 4299 3724 4353; x_wconf 79' lang='lat' dir='ltr'><strong>Nam</strong></span> <span class='ocrx_word' id='word_1_911' title='bbox 3746 4296 3780 4350; x_wconf 85' lang='lat' dir='ltr'><strong>si</strong></span> 
     </span>
    </p>
   </div>
   <div class='ocr_carea' id='block_1_107' title="bbox 2243 4387 3780 4461">
    <p class='ocr_par' dir='ltr' id='par_1_107' title="bbox 2243 4387 3780 4461">
     <span class='ocr_line' id='line_1_107' title="bbox 2243 4387 3780 4461; baseline -0.007 -12"><span class='ocrx_word' id='word_1_912' title='bbox 2243 4396 2546 4449; x_wconf 87' lang='lat' dir='ltr'><strong>sustinuero</strong></span> <span class='ocrx_word' id='word_1_913' title='bbox 2564 4435 2578 4461; x_wconf 92' lang='lat'><strong>,</strong></span> <span class='ocrx_word' id='word_1_914' title='bbox 2611 4393 2847 4448; x_wconf 86' lang='lat' dir='ltr'><strong>infernus</strong></span> <span class='ocrx_word' id='word_1_915' title='bbox 2876 4394 2975 4447; x_wconf 90' lang='lat' dir='ltr'><strong>erit</strong></span> <span class='ocrx_word' id='word_1_916' title='bbox 3002 4392 3129 4447; x_wconf 89' lang='lat' dir='ltr'><strong>mihi</strong></span> <span class='ocrx_word' id='word_1_917' title='bbox 3157 4393 3364 4446; x_wconf 87' lang='lat' dir='ltr'><strong>domus.</strong></span> <span class='ocrx_word' id='word_1_918' title='bbox 3395 4392 3609 4445; x_wconf 72' lang='lat' dir='ltr'><strong>Mortem</strong></span> <span class='ocrx_word' id='word_1_919' title='bbox 3636 4387 3780 4456; x_wconf 83' lang='lat' dir='ltr'><strong>appel-</strong></span> 
     </span>
    </p>
   </div>
   <div class='ocr_carea' id='block_1_108' title="bbox 2233 4481 3777 4554">
    <p class='ocr_par' dir='ltr' id='par_1_108' title="bbox 2233 4481 3777 4554">
     <span class='ocr_line' id='line_1_108' title="bbox 2233 4481 3777 4554; baseline -0.006 -14"><span class='ocrx_word' id='word_1_920' title='bbox 2233 4487 2335 4541; x_wconf 87' lang='lat' dir='ltr'><strong>lavi</strong></span> <span class='ocrx_word' id='word_1_921' title='bbox 2360 4494 2584 4554; x_wconf 83' lang='lat' dir='ltr'><strong>patrem,</strong></span> <span class='ocrx_word' id='word_1_922' title='bbox 2605 4493 2828 4538; x_wconf 85' lang='lat' dir='ltr'><strong>matrem</strong></span> <span class='ocrx_word' id='word_1_923' title='bbox 2851 4494 3029 4537; x_wconf 84' lang='lat' dir='ltr'><strong>autem</strong></span> <span class='ocrx_word' id='word_1_924' title='bbox 3053 4498 3223 4538; x_wconf 86' lang='lat' dir='ltr'><strong>meam</strong></span> <span class='ocrx_word' id='word_1_925' title='bbox 3247 4493 3299 4536; x_wconf 83' lang='lat' dir='ltr'><strong>et</strong></span> <span class='ocrx_word' id='word_1_926' title='bbox 3322 4498 3559 4537; x_wconf 84' lang='lat' dir='ltr'><strong>sororem</strong></span> <span class='ocrx_word' id='word_1_927' title='bbox 3583 4481 3736 4535; x_wconf 69' lang='lat' dir='ltr'><strong>mitem</strong></span> <span class='ocrx_word' id='word_1_928' title='bbox 3762 4495 3777 4525; x_wconf 82' lang='lat' dir='ltr'><strong>t</strong></span> 
     </span>
    </p>
   </div>
   <div class='ocr_carea' id='block_1_109' title="bbox 2234 4575 2822 4648">
    <p class='ocr_par' dir='ltr' id='par_1_109' title="bbox 2234 4575 2822 4648">
     <span class='ocr_line' id='line_1_109' title="bbox 2234 4575 2822 4648; baseline -0.005 -17"><span class='ocrx_word' id='word_1_929' title='bbox 2234 4579 2385 4648; x_wconf 81' lang='lat' dir='ltr'><strong>(Cap.</strong></span> <span class='ocrx_word' id='word_1_930' title='bbox 2420 4579 2505 4630; x_wconf 87' lang='lat' dir='ltr'><strong>t7.</strong></span> <span class='ocrx_word' id='word_1_931' title='bbox 2534 4593 2581 4631; x_wconf 80' lang='grc' dir='ltr'><strong>υ.</strong></span> <span class='ocrx_word' id='word_1_932' title='bbox 2614 4575 2822 4643; x_wconf 73' lang='lat' dir='ltr'><strong>ta-tt).</strong></span> 
     </span>
    </p>
   </div>
   <div class='ocr_carea' id='block_1_110' title="bbox 2308 4665 3776 4736">
    <p class='ocr_par' dir='ltr' id='par_1_110' title="bbox 2308 4665 3776 4736">
     <span class='ocr_line' id='line_1_110' title="bbox 2308 4665 3776 4736; baseline -0.008 -10"><span class='ocrx_word' id='word_1_933' title='bbox 2308 4671 2554 4726; x_wconf 79' lang='lat' dir='ltr'><strong>Secundo</strong></span> <span class='ocrx_word' id='word_1_934' title='bbox 2580 4685 2763 4724; x_wconf 87' lang='lat' dir='ltr'><strong>rursus</strong></span> <span class='ocrx_word' id='word_1_935' title='bbox 2803 4668 3074 4736; x_wconf 83' lang='lat' dir='ltr'><strong>excipiens</strong></span> <span class='ocrx_word' id='word_1_936' title='bbox 3114 4667 3312 4722; x_wconf 80' lang='lat' dir='ltr'><strong>Baldad</strong></span> <span class='ocrx_word' id='word_1_937' title='bbox 3349 4668 3420 4722; x_wconf 83' lang='lat' dir='ltr'><strong>ait</strong></span> <span class='ocrx_word' id='word_1_938' title='bbox 3464 4669 3528 4721; x_wconf 85' lang='lat' dir='ltr'><strong>ad</strong></span> <span class='ocrx_word' id='word_1_939' title='bbox 3567 4665 3776 4718; x_wconf 71' lang='lat' dir='ltr'><strong>Iulium:</strong></span> 
     </span>
    </p>
   </div>
   <div class='ocr_carea' id='block_1_111' title="bbox 2239 4758 3780 4830">
    <p class='ocr_par' dir='ltr' id='par_1_111' title="bbox 2239 4758 3780 4830">
     <span class='ocr_line' id='line_1_111' title="bbox 2239 4758 3780 4830; baseline -0.006 -16"><span class='ocrx_word' id='word_1_940' title='bbox 2239 4782 2260 4814; x_wconf 74' lang='grc' dir='ltr'><strong>ι</strong></span> <span class='ocrx_word' id='word_1_941' title='bbox 2292 4762 2580 4830; x_wconf 87' lang='lat' dir='ltr'><strong>Quousque</strong></span> <span class='ocrx_word' id='word_1_942' title='bbox 2607 4776 2710 4813; x_wconf 87' lang='lat' dir='ltr'><strong>non</strong></span> <span class='ocrx_word' id='word_1_943' title='bbox 2738 4759 3010 4814; x_wconf 85' lang='lat' dir='ltr'><strong>cessabis?</strong></span> <span class='ocrx_word' id='word_1_944' title='bbox 3033 4758 3168 4826; x_wconf 88' lang='lat' dir='ltr'><strong>Quid</strong></span> <span class='ocrx_word' id='word_1_945' title='bbox 3194 4759 3334 4812; x_wconf 81' lang='lat' dir='ltr'><strong>enim</strong></span> <span class='ocrx_word' id='word_1_946' title='bbox 3361 4798 3377 4822; x_wconf 88' lang='lat'><strong>,</strong></span> <span class='ocrx_word' id='word_1_947' title='bbox 3406 4759 3448 4811; x_wconf 82' lang='lat' dir='ltr'><strong>si</strong></span> <span class='ocrx_word' id='word_1_948' title='bbox 3485 4767 3534 4812; x_wconf 88' lang='lat' dir='ltr'><strong>tu</strong></span> <span class='ocrx_word' id='word_1_949' title='bbox 3571 4765 3780 4810; x_wconf 81' lang='lat' dir='ltr'><strong>mortuus</strong></span> 
     </span>
    </p>
   </div>
   <div class='ocr_carea' id='block_1_112' title="bbox 2227 4850 3774 4919">
    <p class='ocr_par' dir='ltr' id='par_1_112' title="bbox 2227 4850 3774 4919">
     <span class='ocr_line' id='line_1_112' title="bbox 2227 4850 3774 4919; baseline -0.01 -9"><span class='ocrx_word' id='word_1_950' title='bbox 2227 4853 2391 4910; x_wconf 80' lang='lat' dir='ltr'><strong>fueris</strong></span> <span class='ocrx_word' id='word_1_951' title='bbox 2416 4893 2431 4918; x_wconf 91' lang='lat'><strong>,</strong></span> <span class='ocrx_word' id='word_1_952' title='bbox 2480 4851 2906 4906; x_wconf 79' lang='lat' dir='ltr'><strong>inbabitahilisne</strong></span> <span class='ocrx_word' id='word_1_953' title='bbox 2945 4852 3049 4904; x_wconf 88' lang='lat' dir='ltr'><strong>erit</strong></span> <span class='ocrx_word' id='word_1_954' title='bbox 3088 4867 3149 4904; x_wconf 89' lang='lat' dir='ltr'><strong>ea</strong></span> <span class='ocrx_word' id='word_1_955' title='bbox 3189 4865 3307 4919; x_wconf 73' lang='lat' dir='ltr'><strong>qua:</strong></span> <span class='ocrx_word' id='word_1_956' title='bbox 3351 4850 3452 4904; x_wconf 81' lang='lat' dir='ltr'><strong>sub</strong></span> <span class='ocrx_word' id='word_1_957' title='bbox 3495 4850 3616 4904; x_wconf 79' lang='lat' dir='ltr'><strong>etclo</strong></span> <span class='ocrx_word' id='word_1_958' title='bbox 3659 4854 3729 4899; x_wconf 61' lang='lat' dir='ltr'><strong>at</strong></span> <span class='ocrx_word' id='word_1_959' title='bbox 3757 4861 3774 4895; x_wconf 69' lang='grc' dir='ltr'><strong>ι</strong></span> 
     </span>
    </p>
   </div>
   <div class='ocr_carea' id='block_1_113' title="bbox 2231 4936 3773 5016">
    <p class='ocr_par' dir='ltr' id='par_1_113' title="bbox 2231 4936 3773 5016">
     <span class='ocr_line' id='line_1_113' title="bbox 2231 4936 3773 5016; baseline -0.006 -16"><span class='ocrx_word' id='word_1_960' title='bbox 2231 4944 2396 5014; x_wconf 80' lang='lat' dir='ltr'><strong>(Cap.</strong></span> <span class='ocrx_word' id='word_1_961' title='bbox 2421 4944 2505 5000; x_wconf 91' lang='grc'><strong>18.</strong></span> <span class='ocrx_word' id='word_1_962' title='bbox 2529 4959 2577 4999; x_wconf 86' lang='grc' dir='ltr'><strong>υ.</strong></span> <span class='ocrx_word' id='word_1_963' title='bbox 2602 4943 2658 4996; x_wconf 78' lang='lat'><strong>‘2.</strong></span> <span class='ocrx_word' id='word_1_964' title='bbox 2692 4941 2792 5016; x_wconf 68' lang='lat'><strong>4)?</strong></span> <span class='ocrx_word' id='word_1_965' title='bbox 2818 4943 3124 5012; x_wconf 80' lang='lat' dir='ltr'><strong>Respondet</strong></span> <span class='ocrx_word' id='word_1_966' title='bbox 3151 4943 3385 4997; x_wconf 80' lang='lat' dir='ltr'><strong>secundo</strong></span> <span class='ocrx_word' id='word_1_967' title='bbox 3414 4943 3514 4997; x_wconf 73' lang='lat' dir='ltr'><strong>Job</strong></span> <span class='ocrx_word' id='word_1_968' title='bbox 3541 4936 3773 4994; x_wconf 81' lang='lat' dir='ltr'><strong>Baldado:</strong></span> 
     </span>
    </p>
   </div>
   <div class='ocr_carea' id='block_1_114' title="bbox 2243 5029 3774 5108">
    <p class='ocr_par' dir='ltr' id='par_1_114' title="bbox 2243 5029 3774 5108">
     <span class='ocr_line' id='line_1_114' title="bbox 2243 5029 3774 5108; baseline -0.008 -16"><span class='ocrx_word' id='word_1_969' title='bbox 2243 5059 2264 5092; x_wconf 73' lang='grc' dir='ltr'><strong>ι</strong></span> <span class='ocrx_word' id='word_1_970' title='bbox 2292 5037 2578 5108; x_wconf 85' lang='lat' dir='ltr'><strong>Usquequo</strong></span> <span class='ocrx_word' id='word_1_971' title='bbox 2604 5037 2900 5092; x_wconf 85' lang='lat' dir='ltr'><strong>molestiam</strong></span> <span class='ocrx_word' id='word_1_972' title='bbox 2931 5035 3133 5090; x_wconf 90' lang='lat' dir='ltr'><strong>facietis</strong></span> <span class='ocrx_word' id='word_1_973' title='bbox 3162 5035 3354 5090; x_wconf 74' lang='lat' dir='ltr'><strong>anitnte</strong></span> <span class='ocrx_word' id='word_1_974' title='bbox 3383 5051 3531 5101; x_wconf 75' lang='lat' dir='ltr'><strong>metu,</strong></span> <span class='ocrx_word' id='word_1_975' title='bbox 3556 5029 3774 5086; x_wconf 77' lang='lat' dir='ltr'><strong>occidetis</strong></span> 
     </span>
    </p>
   </div>
   <div class='ocr_carea' id='block_1_115' title="bbox 2227 5122 3767 5198">
    <p class='ocr_par' dir='ltr' id='par_1_115' title="bbox 2227 5122 3767 5198">
     <span class='ocr_line' id='line_1_115' title="bbox 2227 5122 3767 5198; baseline -0.012 -11"><span class='ocrx_word' id='word_1_976' title='bbox 2227 5147 2317 5186; x_wconf 87' lang='lat' dir='ltr'><strong>me</strong></span> <span class='ocrx_word' id='word_1_977' title='bbox 2358 5127 2688 5185; x_wconf 87' lang='lat' dir='ltr'><strong>ratiociniis?</strong></span> <span class='ocrx_word' id='word_1_978' title='bbox 2730 5128 3003 5198; x_wconf 91' lang='lat' dir='ltr'><strong>loquimini</strong></span> <span class='ocrx_word' id='word_1_979' title='bbox 3048 5136 3228 5182; x_wconf 83' lang='lat' dir='ltr'><strong>contra</strong></span> <span class='ocrx_word' id='word_1_980' title='bbox 3273 5143 3358 5181; x_wconf 89' lang='lat' dir='ltr'><strong>me</strong></span> <span class='ocrx_word' id='word_1_981' title='bbox 3400 5127 3513 5180; x_wconf 82' lang='lat' dir='ltr'><strong>sine</strong></span> <span class='ocrx_word' id='word_1_982' title='bbox 3552 5122 3767 5194; x_wconf 75' lang='lat' dir='ltr'><strong>puderet</strong></span> 
     </span>
    </p>
   </div>
   <div class='ocr_carea' id='block_1_116' title="bbox 2227 5217 3769 5295">
    <p class='ocr_par' dir='ltr' id='par_1_116' title="bbox 2227 5217 3769 5295">
     <span class='ocr_line' id='line_1_116' title="bbox 2227 5217 3769 5295; baseline -0.011 -16"><span class='ocrx_word' id='word_1_983' title='bbox 2227 5223 2376 5295; x_wconf 84' lang='lat' dir='ltr'><strong>(Cap.</strong></span> <span class='ocrx_word' id='word_1_984' title='bbox 2412 5221 2572 5276; x_wconf 70' lang='lat'><strong>19-0.</strong></span> <span class='ocrx_word' id='word_1_985' title='bbox 2603 5219 2657 5273; x_wconf 75' lang='grc'><strong>2.</strong></span> <span class='ocrx_word' id='word_1_986' title='bbox 2687 5220 2720 5274; x_wconf 85' lang='grc'><strong>’5</strong></span> <span class='ocrx_word' id='word_1_987' title='bbox 2754 5219 2816 5289; x_wconf 81' lang='lat'><strong>)?</strong></span> <span class='ocrx_word' id='word_1_988' title='bbox 2843 5219 2938 5274; x_wconf 86' lang='lat' dir='ltr'><strong>Hic</strong></span> <span class='ocrx_word' id='word_1_989' title='bbox 2967 5218 3118 5284; x_wconf 89' lang='lat' dir='ltr'><strong>illud,</strong></span> <span class='ocrx_word' id='word_1_990' title='bbox 3151 5237 3169 5270; x_wconf 88' lang='lat' dir='ltr'><strong>t</strong></span> <span class='ocrx_word' id='word_1_991' title='bbox 3206 5217 3442 5274; x_wconf 87' lang='lat' dir='ltr'><strong>Gloriam</strong></span> <span class='ocrx_word' id='word_1_992' title='bbox 3469 5232 3627 5270; x_wconf 87' lang='lat' dir='ltr'><strong>meam</strong></span> <span class='ocrx_word' id='word_1_993' title='bbox 3653 5229 3678 5265; x_wconf 89' lang='lat' dir='ltr'><strong>a</strong></span> <span class='ocrx_word' id='word_1_994' title='bbox 3703 5224 3769 5263; x_wconf 86' lang='lat' dir='ltr'><strong>nte</strong></span> 
     </span>
    </p>
   </div>
   <div class='ocr_carea' id='block_1_117' title="bbox 2225 5301 3767 5378">
    <p class='ocr_par' dir='ltr' id='par_1_117' title="bbox 2225 5301 3767 5378">
     <span class='ocr_line' id='line_1_117' title="bbox 2225 5301 3767 5378; baseline -0.011 -11"><span class='ocrx_word' id='word_1_995' title='bbox 2225 5313 2440 5368; x_wconf 87' lang='lat' dir='ltr'><strong>abstulit</strong></span> <span class='ocrx_word' id='word_1_996' title='bbox 2465 5353 2481 5378; x_wconf 92' lang='lat'><strong>,</strong></span> <span class='ocrx_word' id='word_1_997' title='bbox 2505 5326 2758 5366; x_wconf 85' lang='lat' dir='ltr'><strong>coronam</strong></span> <span class='ocrx_word' id='word_1_998' title='bbox 2785 5308 3001 5364; x_wconf 89' lang='lat' dir='ltr'><strong>sustulit</strong></span> <span class='ocrx_word' id='word_1_999' title='bbox 3028 5309 3094 5364; x_wconf 88' lang='lat' dir='ltr'><strong>de</strong></span> <span class='ocrx_word' id='word_1_1000' title='bbox 3122 5309 3294 5378; x_wconf 85' lang='lat' dir='ltr'><strong>capite</strong></span> <span class='ocrx_word' id='word_1_1001' title='bbox 3326 5325 3446 5362; x_wconf 89' lang='lat' dir='ltr'><strong>tneo</strong></span> <span class='ocrx_word' id='word_1_1002' title='bbox 3474 5351 3488 5372; x_wconf 87' lang='lat'><strong>,</strong></span> <span class='ocrx_word' id='word_1_1003' title='bbox 3519 5317 3569 5360; x_wconf 86' lang='lat' dir='ltr'><strong>et</strong></span> <span class='ocrx_word' id='word_1_1004' title='bbox 3600 5301 3767 5360; x_wconf 77' lang='lat' dir='ltr'><strong>excidit</strong></span> 
     </span>
    </p>
   </div>
   <div class='ocr_carea' id='block_1_118' title="bbox 2229 5397 3766 5473">
    <p class='ocr_par' dir='ltr' id='par_1_118' title="bbox 2229 5397 3766 5473">
     <span class='ocr_line' id='line_1_118' title="bbox 2229 5397 3766 5473; baseline -0.01 -15"><span class='ocrx_word' id='word_1_1005' title='bbox 2229 5411 2498 5473; x_wconf 85' lang='lat' dir='ltr'><strong>tamquam</strong></span> <span class='ocrx_word' id='word_1_1006' title='bbox 2525 5401 2770 5455; x_wconf 84' lang='lat' dir='ltr'><strong>arborem</strong></span> <span class='ocrx_word' id='word_1_1007' title='bbox 2802 5414 2951 5470; x_wconf 88' lang='lat' dir='ltr'><strong>spem</strong></span> <span class='ocrx_word' id='word_1_1008' title='bbox 2978 5414 3171 5453; x_wconf 85' lang='lat' dir='ltr'><strong>meam.</strong></span> <span class='ocrx_word' id='word_1_1009' title='bbox 3206 5417 3223 5449; x_wconf 78' lang='grc' dir='ltr'><strong>ι</strong></span> <span class='ocrx_word' id='word_1_1010' title='bbox 3249 5399 3380 5453; x_wconf 84' lang='lat' dir='ltr'><strong>Item</strong></span> <span class='ocrx_word' id='word_1_1011' title='bbox 3407 5397 3527 5451; x_wconf 89' lang='lat' dir='ltr'><strong>illud</strong></span> <span class='ocrx_word' id='word_1_1012' title='bbox 3550 5414 3562 5449; x_wconf 92' lang='lat'>:</span> <span class='ocrx_word' id='word_1_1013' title='bbox 3594 5414 3611 5444; x_wconf 86' lang='lat' dir='ltr'><strong>t</strong></span> <span class='ocrx_word' id='word_1_1014' title='bbox 3639 5397 3674 5447; x_wconf 86' lang='lat' dir='ltr'><strong>A</strong></span> <span class='ocrx_word' id='word_1_1015' title='bbox 3697 5404 3766 5444; x_wconf 83' lang='lat' dir='ltr'><strong>tae</strong></span> 
     </span>
    </p>
   </div>
   <div class='ocr_carea' id='block_1_119' title="bbox 2227 5481 3769 5559">
    <p class='ocr_par' dir='ltr' id='par_1_119' title="bbox 2227 5481 3769 5559">
     <span class='ocr_line' id='line_1_119' title="bbox 2227 5481 3769 5559; baseline -0.012 -11"><span class='ocrx_word' id='word_1_1016' title='bbox 2227 5494 2419 5548; x_wconf 83' lang='lat' dir='ltr'><strong>fratres</strong></span> <span class='ocrx_word' id='word_1_1017' title='bbox 2462 5493 2565 5548; x_wconf 87' lang='lat' dir='ltr'><strong>mei</strong></span> <span class='ocrx_word' id='word_1_1018' title='bbox 2608 5499 2978 5556; x_wconf 87' lang='lat' dir='ltr'><strong>recesserunt,</strong></span> <span class='ocrx_word' id='word_1_1019' title='bbox 3023 5490 3230 5544; x_wconf 86' lang='lat' dir='ltr'><strong>alienos</strong></span> <span class='ocrx_word' id='word_1_1020' title='bbox 3270 5498 3588 5559; x_wconf 80' lang='lat' dir='ltr'><strong>agnoverunt</strong></span> <span class='ocrx_word' id='word_1_1021' title='bbox 3629 5481 3769 5549; x_wconf 72' lang='lat' dir='ltr'><strong>magis</strong></span> 
     </span>
    </p>
   </div>
   <div class='ocr_carea' id='block_1_120' title="bbox 2227 5578 3763 5656">
    <p class='ocr_par' dir='ltr' id='par_1_120' title="bbox 2227 5578 3763 5656">
     <span class='ocr_line' id='line_1_120' title="bbox 2227 5578 3763 5656; baseline -0.011 -17"><span class='ocrx_word' id='word_1_1022' title='bbox 2227 5602 2384 5656; x_wconf 88' lang='lat' dir='ltr'><strong>quam</strong></span> <span class='ocrx_word' id='word_1_1023' title='bbox 2413 5600 2498 5639; x_wconf 86' lang='lat' dir='ltr'><strong>me</strong></span> <span class='ocrx_word' id='word_1_1024' title='bbox 2526 5599 2539 5635; x_wconf 90' lang='lat'><strong>:</strong></span> <span class='ocrx_word' id='word_1_1025' title='bbox 2569 5584 2722 5638; x_wconf 84' lang='lat' dir='ltr'><strong>amici</strong></span> <span class='ocrx_word' id='word_1_1026' title='bbox 2751 5598 2878 5637; x_wconf 85' lang='lat' dir='ltr'><strong>vero</strong></span> <span class='ocrx_word' id='word_1_1027' title='bbox 2906 5582 3009 5636; x_wconf 86' lang='lat' dir='ltr'><strong>mei</strong></span> <span class='ocrx_word' id='word_1_1028' title='bbox 3039 5581 3481 5635; x_wconf 79' lang='lat' dir='ltr'><strong>immisericordcs</strong></span> <span class='ocrx_word' id='word_1_1029' title='bbox 3505 5578 3616 5632; x_wconf 82' lang='lat' dir='ltr'><strong>facti</strong></span> <span class='ocrx_word' id='word_1_1030' title='bbox 3645 5580 3763 5628; x_wconf 81' lang='lat' dir='ltr'><strong>sunt.</strong></span> 
     </span>
    </p>
   </div>
   <div class='ocr_carea' id='block_1_121' title="bbox 2228 5665 3764 5742">
    <p class='ocr_par' dir='ltr' id='par_1_121' title="bbox 2228 5665 3764 5742">
     <span class='ocr_line' id='line_1_121' title="bbox 2228 5665 3764 5742; baseline -0.009 -8"><span class='ocrx_word' id='word_1_1031' title='bbox 2228 5681 2452 5734; x_wconf 83' lang='lat' dir='ltr'><strong>Servum</strong></span> <span class='ocrx_word' id='word_1_1032' title='bbox 2483 5693 2657 5733; x_wconf 88' lang='lat' dir='ltr'><strong>meum</strong></span> <span class='ocrx_word' id='word_1_1033' title='bbox 2683 5675 2897 5738; x_wconf 80' lang='lat' dir='ltr'><strong>vocavi,</strong></span> <span class='ocrx_word' id='word_1_1034' title='bbox 2926 5682 2979 5728; x_wconf 90' lang='lat' dir='ltr'><strong>et</strong></span> <span class='ocrx_word' id='word_1_1035' title='bbox 3008 5689 3111 5727; x_wconf 89' lang='lat' dir='ltr'><strong>non</strong></span> <span class='ocrx_word' id='word_1_1036' title='bbox 3138 5673 3411 5742; x_wconf 80' lang='lat' dir='ltr'><strong>rcSpundit</strong></span> <span class='ocrx_word' id='word_1_1037' title='bbox 3437 5689 3450 5726; x_wconf 75' lang='grc' dir='ltr'>ε</span> <span class='ocrx_word' id='word_1_1038' title='bbox 3473 5682 3519 5726; x_wconf 84' lang='lat' dir='ltr'><strong>et</strong></span> <span class='ocrx_word' id='word_1_1039' title='bbox 3547 5665 3764 5738; x_wconf 73' lang='lat' dir='ltr'><strong>rogalium</strong></span> 
     </span>
    </p>
   </div>
  </div>
