  <div class='ocr_page' id='page_1' title='image "/cluster/home/n/w/nwhite01/storage/ocr_20150623/56/hvd.32044048208490/361.png"; bbox 0 0 4090 6216; ppageno 0'>
   <div class='ocr_carea' id='block_1_1' title="bbox 536 252 643 310">
    <p class='ocr_par' dir='ltr' id='par_1_1' title="bbox 536 252 643 310">
     <span class='ocr_line' id='line_1_1' title="bbox 536 252 643 310; baseline -0.009 0"><span class='ocrx_word' id='word_1_1' title='bbox 536 252 643 310; x_wconf 70' lang='grc'><em>563</em></span> 
     </span>
    </p>
   </div>
   <div class='ocr_carea' id='block_1_2' title="bbox 531 371 2105 456">
    <p class='ocr_par' dir='ltr' id='par_1_2' title="bbox 531 371 2105 456">
     <span class='ocr_line' id='line_1_2' title="bbox 531 371 2105 456; baseline 0.009 -28"><span class='ocrx_word' id='word_1_2' title='bbox 531 392 674 442; x_wconf 77' lang='grc' dir='ltr'><em>μου,</em></span> <span class='ocrx_word' id='word_1_3' title='bbox 705 371 961 442; x_wconf 70' lang='grc' dir='ltr'><em>ἐξέκοψε</em></span> <span class='ocrx_word' id='word_1_4' title='bbox 991 371 1060 426; x_wconf 81' lang='grc' dir='ltr'><em>δὲ</em></span> <span class='ocrx_word' id='word_1_5' title='bbox 1088 372 1292 444; x_wconf 83' lang='grc' dir='ltr'><em>ὥσπερ</em></span> <span class='ocrx_word' id='word_1_6' title='bbox 1316 376 1569 447; x_wconf 78' lang='grc' dir='ltr'><em>δένδρον</em></span> <span class='ocrx_word' id='word_1_7' title='bbox 1594 380 1709 450; x_wconf 82' lang='grc' dir='ltr'><em>τὴν</em></span> <span class='ocrx_word' id='word_1_8' title='bbox 1725 384 1944 439; x_wconf 86' lang='grc' dir='ltr'><em>ἐλπίδα</em></span> <span class='ocrx_word' id='word_1_9' title='bbox 1965 405 2105 456; x_wconf 88' lang='grc' dir='ltr'><em>μου.</em></span> 
     </span>
    </p>
   </div>
   <div class='ocr_carea' id='block_1_3' title="bbox 538 455 2107 538">
    <p class='ocr_par' dir='ltr' id='par_1_3' title="bbox 538 455 2107 538">
     <span class='ocr_line' id='line_1_3' title="bbox 538 455 2107 538; baseline 0.01 -29"><span class='ocrx_word' id='word_1_10' title='bbox 538 456 674 529; x_wconf 77' lang='grc' dir='ltr'><em>Περὶ</em></span> <span class='ocrx_word' id='word_1_11' title='bbox 701 455 813 518; x_wconf 83' lang='grc' dir='ltr'><em>τοῦ,</em></span> <span class='ocrx_word' id='word_1_12' title='bbox 845 456 926 509; x_wconf 69' lang='grc' dir='ltr'><em>ὃτι</em></span> <span class='ocrx_word' id='word_1_13' title='bbox 987 455 1105 510; x_wconf 82' lang='grc' dir='ltr'><em>Ἀπ’</em></span> <span class='ocrx_word' id='word_1_14' title='bbox 1124 457 1272 528; x_wconf 83' lang='grc' dir='ltr'><em>ἐμοῦ</em></span> <span class='ocrx_word' id='word_1_15' title='bbox 1303 460 1559 532; x_wconf 86' lang='grc' dir='ltr'><em>ἀδελφοί</em></span> <span class='ocrx_word' id='word_1_16' title='bbox 1579 482 1701 534; x_wconf 91' lang='grc' dir='ltr'><em>μου</em></span> <span class='ocrx_word' id='word_1_17' title='bbox 1731 455 2107 538; x_wconf 87' lang='grc' dir='ltr'><em>ἀπέστησαν,</em></span> 
     </span>
    </p>
   </div>
   <div class='ocr_carea' id='block_1_4' title="bbox 535 538 2111 617">
    <p class='ocr_par' dir='ltr' id='par_1_4' title="bbox 535 538 2111 617">
     <span class='ocr_line' id='line_1_4' title="bbox 535 538 2111 617; baseline 0.011 -28"><span class='ocrx_word' id='word_1_18' title='bbox 535 539 809 606; x_wconf 65' lang='grc' dir='ltr'><em>δγνωσαν</em></span> <span class='ocrx_word' id='word_1_19' title='bbox 843 538 1203 607; x_wconf 73' lang='grc' dir='ltr'><em>ἀλλοτρίους</em></span> <span class='ocrx_word' id='word_1_20' title='bbox 1228 539 1266 610; x_wconf 86' lang='grc' dir='ltr'><strong><em>ἣ</em></strong></span> <span class='ocrx_word' id='word_1_21' title='bbox 1293 542 1397 612; x_wconf 83' lang='grc' dir='ltr'><em>ἐμέ</em></span> <span class='ocrx_word' id='word_1_22' title='bbox 1418 561 1432 574; x_wconf 89' lang='grc'><em>·</em></span> <span class='ocrx_word' id='word_1_23' title='bbox 1456 544 1623 614; x_wconf 83' lang='grc' dir='ltr'><em>φίλοι</em></span> <span class='ocrx_word' id='word_1_24' title='bbox 1649 546 1719 600; x_wconf 84' lang='grc' dir='ltr'><em>δέ</em></span> <span class='ocrx_word' id='word_1_25' title='bbox 1747 565 1868 617; x_wconf 89' lang='grc' dir='ltr'><em>μου</em></span> <span class='ocrx_word' id='word_1_26' title='bbox 1900 550 2111 606; x_wconf 80' lang='grc' dir='ltr'><em>ἀνελε-</em></span> 
     </span>
    </p>
   </div>
   <div class='ocr_carea' id='block_1_5' title="bbox 535 618 2110 697">
    <p class='ocr_par' dir='ltr' id='par_1_5' title="bbox 535 618 2110 697">
     <span class='ocr_line' id='line_1_5' title="bbox 535 618 2110 697; baseline 0.009 -23"><span class='ocrx_word' id='word_1_27' title='bbox 535 618 756 689; x_wconf 83' lang='grc' dir='ltr'><em>ήμονες</em></span> <span class='ocrx_word' id='word_1_28' title='bbox 795 619 1100 690; x_wconf 79' lang='grc' dir='ltr'><em>γεγόνασι.</em></span> <span class='ocrx_word' id='word_1_29' title='bbox 1138 622 1480 693; x_wconf 83' lang='grc' dir='ltr'><em>Θεράποντά</em></span> <span class='ocrx_word' id='word_1_30' title='bbox 1513 645 1636 697; x_wconf 91' lang='grc' dir='ltr'><em>μου</em></span> <span class='ocrx_word' id='word_1_31' title='bbox 1670 629 1955 696; x_wconf 79' lang='grc' dir='ltr'><em>ἐκάλεσα,</em></span> <span class='ocrx_word' id='word_1_32' title='bbox 2008 633 2110 688; x_wconf 80' lang='grc' dir='ltr'><em>καί</em></span> 
     </span>
    </p>
   </div>
   <div class='ocr_carea' id='block_1_6' title="bbox 531 700 2106 782">
    <p class='ocr_par' dir='ltr' id='par_1_6' title="bbox 531 700 2106 782">
     <span class='ocr_line' id='line_1_6' title="bbox 531 700 2106 782; baseline 0.01 -25"><span class='ocrx_word' id='word_1_33' title='bbox 531 704 645 770; x_wconf 81' lang='grc' dir='ltr'><em>οὐχ</em></span> <span class='ocrx_word' id='word_1_34' title='bbox 667 700 988 769; x_wconf 85' lang='grc' dir='ltr'><em>ὑπήκουσε</em></span> <span class='ocrx_word' id='word_1_35' title='bbox 1007 720 1022 735; x_wconf 95' lang='grc'><em>·</em></span> <span class='ocrx_word' id='word_1_36' title='bbox 1046 705 1145 760; x_wconf 77' lang='grc' dir='ltr'><em>καὶ</em></span> <span class='ocrx_word' id='word_1_37' title='bbox 1172 706 1443 764; x_wconf 74' lang='grc' dir='ltr'><em>ἱκέτευον</em></span> <span class='ocrx_word' id='word_1_38' title='bbox 1457 711 1572 778; x_wconf 81' lang='grc' dir='ltr'><em>τὴν</em></span> <span class='ocrx_word' id='word_1_39' title='bbox 1590 711 1842 781; x_wconf 81' lang='grc' dir='ltr'><em>γυναῖκά</em></span> <span class='ocrx_word' id='word_1_40' title='bbox 1850 733 1991 782; x_wconf 88' lang='grc' dir='ltr'><em>μου,</em></span> <span class='ocrx_word' id='word_1_41' title='bbox 2006 717 2106 773; x_wconf 72' lang='grc' dir='ltr'><em>καί</em></span> 
     </span>
    </p>
   </div>
   <div class='ocr_carea' id='block_1_7' title="bbox 532 783 2108 863">
    <p class='ocr_par' dir='ltr' id='par_1_7' title="bbox 532 783 2108 863">
     <span class='ocr_line' id='line_1_7' title="bbox 532 783 2108 863; baseline 0.011 -26"><span class='ocrx_word' id='word_1_42' title='bbox 532 786 605 839; x_wconf 78' lang='grc' dir='ltr'><em>οὐ</em></span> <span class='ocrx_word' id='word_1_43' title='bbox 633 783 972 857; x_wconf 78' lang='grc' dir='ltr'><em>προσέσχε·</em></span> <span class='ocrx_word' id='word_1_44' title='bbox 1002 791 1509 861; x_wconf 86' lang='grc' dir='ltr'><em>προσεκαλούμην</em></span> <span class='ocrx_word' id='word_1_45' title='bbox 1527 793 1595 847; x_wconf 85' lang='grc' dir='ltr'><em>δὲ</em></span> <span class='ocrx_word' id='word_1_46' title='bbox 1615 794 1784 863; x_wconf 77' lang='grc' dir='ltr'><em>υἱοὺς</em></span> <span class='ocrx_word' id='word_1_47' title='bbox 1809 801 2108 854; x_wconf 82' lang='grc' dir='ltr'><em>παλλακί-</em></span> 
     </span>
    </p>
   </div>
   <div class='ocr_carea' id='block_1_8' title="bbox 530 864 2103 952">
    <p class='ocr_par' dir='ltr' id='par_1_8' title="bbox 530 864 2103 952">
     <span class='ocr_line' id='line_1_8' title="bbox 530 864 2103 952; baseline 0.011 -32"><span class='ocrx_word' id='word_1_48' title='bbox 530 864 654 952; x_wconf 83' lang='grc' dir='ltr'><em>δων</em></span> <span class='ocrx_word' id='word_1_49' title='bbox 695 886 840 952; x_wconf 82' lang='grc' dir='ltr'><em>μου,</em></span> <span class='ocrx_word' id='word_1_50' title='bbox 862 870 977 952; x_wconf 10' lang='grc' dir='ltr'><em>ᾆείς</em></span> <span class='ocrx_word' id='word_1_51' title='bbox 1025 869 1134 925; x_wconf 84' lang='grc' dir='ltr'><em>τὸν</em></span> <span class='ocrx_word' id='word_1_52' title='bbox 1165 870 1350 926; x_wconf 85' lang='grc' dir='ltr'><em>αιῶνα</em></span> <span class='ocrx_word' id='word_1_53' title='bbox 1397 873 1466 928; x_wconf 85' lang='grc' dir='ltr'><em>δὲ</em></span> <span class='ocrx_word' id='word_1_54' title='bbox 1515 876 1969 948; x_wconf 85' lang='grc' dir='ltr'><em>άπεποιήσαντό</em></span> <span class='ocrx_word' id='word_1_55' title='bbox 2005 886 2103 952; x_wconf 87' lang='grc' dir='ltr'><em>με.</em></span> 
     </span>
    </p>
   </div>
   <div class='ocr_carea' id='block_1_9' title="bbox 542 949 2102 1031">
    <p class='ocr_par' dir='ltr' id='par_1_9' title="bbox 542 949 2102 1031">
     <span class='ocr_line' id='line_1_9' title="bbox 542 949 2102 1031; baseline 0.01 -28"><span class='ocrx_word' id='word_1_56' title='bbox 542 949 871 1015; x_wconf 81' lang='grc' dir='ltr'><em>Ἔλεήσατέ</em></span> <span class='ocrx_word' id='word_1_57' title='bbox 885 968 982 1021; x_wconf 88' lang='grc' dir='ltr'><em>με,</em></span> <span class='ocrx_word' id='word_1_58' title='bbox 996 951 1312 1023; x_wconf 79' lang='grc' dir='ltr'><em>ἐλεήσατε,</em></span> <span class='ocrx_word' id='word_1_59' title='bbox 1327 951 1375 1011; x_wconf 85' lang='grc' dir='ltr'><strong><em>ὦ</em></strong></span> <span class='ocrx_word' id='word_1_60' title='bbox 1385 957 1570 1026; x_wconf 87' lang='grc' dir='ltr'><em>φίλοι.</em></span> <span class='ocrx_word' id='word_1_61' title='bbox 1584 960 1745 1014; x_wconf 90' lang='grc' dir='ltr'><em>Διατί</em></span> <span class='ocrx_word' id='word_1_62' title='bbox 1751 978 1829 1031; x_wconf 88' lang='grc' dir='ltr'><em>με</em></span> <span class='ocrx_word' id='word_1_63' title='bbox 1842 949 2102 1027; x_wconf 75' lang='grc' dir='ltr'><em>διώκετε,</em></span> 
     </span>
    </p>
   </div>
   <div class='ocr_carea' id='block_1_10' title="bbox 528 1032 2102 1116">
    <p class='ocr_par' dir='ltr' id='par_1_10' title="bbox 528 1032 2102 1116">
     <span class='ocr_line' id='line_1_10' title="bbox 528 1032 2102 1116; baseline 0.011 -30"><span class='ocrx_word' id='word_1_64' title='bbox 528 1032 732 1104; x_wconf 82' lang='grc' dir='ltr'><em>ὥσπερ</em></span> <span class='ocrx_word' id='word_1_65' title='bbox 756 1037 791 1089; x_wconf 91' lang='lat'><em>6</em></span> <span class='ocrx_word' id='word_1_66' title='bbox 813 1037 1061 1106; x_wconf 83' lang='grc' dir='ltr'><em>Κύριος;</em></span> <span class='ocrx_word' id='word_1_67' title='bbox 1092 1039 1186 1105; x_wconf 91' lang='grc' dir='ltr'><em>Τίς</em></span> <span class='ocrx_word' id='word_1_68' title='bbox 1209 1038 1319 1108; x_wconf 83' lang='grc' dir='ltr'><em>γὰρ</em></span> <span class='ocrx_word' id='word_1_69' title='bbox 1338 1039 1416 1095; x_wconf 85' lang='grc' dir='ltr'><em>ἂν</em></span> <span class='ocrx_word' id='word_1_70' title='bbox 1434 1039 1567 1110; x_wconf 92' lang='grc' dir='ltr'><em>δοίη</em></span> <span class='ocrx_word' id='word_1_71' title='bbox 1590 1043 1885 1113; x_wconf 82' lang='grc' dir='ltr'><em>γραφῆναι</em></span> <span class='ocrx_word' id='word_1_72' title='bbox 1903 1045 2102 1116; x_wconf 59' lang='lat' dir='ltr'><em>zami-</em></span> 
     </span>
    </p>
   </div>
   <div class='ocr_carea' id='block_1_11' title="bbox 523 1116 2098 1199">
    <p class='ocr_par' dir='ltr' id='par_1_11' title="bbox 523 1116 2098 1199">
     <span class='ocr_line' id='line_1_11' title="bbox 523 1116 2098 1199; baseline 0.01 -29"><span class='ocrx_word' id='word_1_73' title='bbox 523 1116 684 1185; x_wconf 85' lang='grc' dir='ltr'><em>ματά</em></span> <span class='ocrx_word' id='word_1_74' title='bbox 709 1135 824 1185; x_wconf 86' lang='grc' dir='ltr'><em>μου</em></span> <span class='ocrx_word' id='word_1_75' title='bbox 846 1133 867 1182; x_wconf 87' lang='lat'><strong><em>;</em></strong></span> <span class='ocrx_word' id='word_1_76' title='bbox 897 1120 1063 1189; x_wconf 83' lang='grc' dir='ltr'><em>Παρὰ</em></span> <span class='ocrx_word' id='word_1_77' title='bbox 1078 1122 1301 1190; x_wconf 79' lang='grc' dir='ltr'><em>Κυρίου</em></span> <span class='ocrx_word' id='word_1_78' title='bbox 1330 1123 1518 1178; x_wconf 86' lang='grc' dir='ltr'><em>ταῦτά</em></span> <span class='ocrx_word' id='word_1_79' title='bbox 1537 1143 1642 1195; x_wconf 90' lang='grc' dir='ltr'><em>μοι</em></span> <span class='ocrx_word' id='word_1_80' title='bbox 1668 1129 2098 1199; x_wconf 85' lang='grc' dir='ltr'><em>συνετελέσθη.</em></span> 
     </span>
    </p>
   </div>
   <div class='ocr_carea' id='block_1_12' title="bbox 539 1200 2102 1278">
    <p class='ocr_par' dir='ltr' id='par_1_12' title="bbox 539 1200 2102 1278">
     <span class='ocr_line' id='line_1_12' title="bbox 539 1200 2102 1278; baseline 0.009 -25"><span class='ocrx_word' id='word_1_81' title='bbox 539 1200 602 1253; x_wconf 87' lang='lat'><em>&#39;0</em></span> <span class='ocrx_word' id='word_1_82' title='bbox 621 1202 732 1271; x_wconf 80' lang='grc' dir='ltr'><em>γὰρ</em></span> <span class='ocrx_word' id='word_1_83' title='bbox 763 1202 1073 1272; x_wconf 84' lang='grc' dir='ltr'><em>ὀφθαλμός</em></span> <span class='ocrx_word' id='word_1_84' title='bbox 1093 1221 1214 1272; x_wconf 91' lang='grc' dir='ltr'><em>μου</em></span> <span class='ocrx_word' id='word_1_85' title='bbox 1232 1202 1451 1273; x_wconf 77' lang='grc' dir='ltr'><em>ἑώρακε</em></span> <span class='ocrx_word' id='word_1_86' title='bbox 1472 1208 1571 1262; x_wconf 76' lang='grc' dir='ltr'><em>καί</em></span> <span class='ocrx_word' id='word_1_87' title='bbox 1597 1210 1709 1263; x_wconf 81' lang='grc' dir='ltr'><em>οὐκ</em></span> <span class='ocrx_word' id='word_1_88' title='bbox 1740 1208 1951 1278; x_wconf 76' lang='grc' dir='ltr'><em>ἄλλος.</em></span> <span class='ocrx_word' id='word_1_89' title='bbox 1990 1212 2102 1267; x_wconf 85' lang='grc' dir='ltr'><em>Ῥί-</em></span> 
     </span>
    </p>
   </div>
   <div class='ocr_carea' id='block_1_13' title="bbox 527 1282 2102 1364">
    <p class='ocr_par' dir='ltr' id='par_1_13' title="bbox 527 1282 2102 1364">
     <span class='ocr_line' id='line_1_13' title="bbox 527 1282 2102 1364; baseline 0.009 -27"><span class='ocrx_word' id='word_1_90' title='bbox 527 1282 636 1344; x_wconf 62' lang='lat' dir='ltr'><em>(ar</em></span> <span class='ocrx_word' id='word_1_91' title='bbox 665 1285 851 1353; x_wconf 68' lang='grc' dir='ltr'><em>λόγου</em></span> <span class='ocrx_word' id='word_1_92' title='bbox 879 1286 1219 1355; x_wconf 78' lang='grc' dir='ltr'><em>εὑρήσομεν</em></span> <span class='ocrx_word' id='word_1_93' title='bbox 1234 1289 1305 1341; x_wconf 76' lang='grc' dir='ltr'><em>ἐν</em></span> <span class='ocrx_word' id='word_1_94' title='bbox 1335 1287 1515 1357; x_wconf 86' lang='grc' dir='ltr'><em>αὐτῷ.</em></span> <span class='ocrx_word' id='word_1_95' title='bbox 1564 1292 1953 1364; x_wconf 80' lang='grc' dir='ltr'><em>Εὑλαϐήθητε</em></span> <span class='ocrx_word' id='word_1_96' title='bbox 1997 1296 2102 1351; x_wconf 77' lang='grc' dir='ltr'><em>καὶ</em></span> 
     </span>
    </p>
   </div>
   <div class='ocr_carea' id='block_1_14' title="bbox 522 1367 1379 1441">
    <p class='ocr_par' dir='ltr' id='par_1_14' title="bbox 522 1367 1379 1441">
     <span class='ocr_line' id='line_1_14' title="bbox 522 1367 1379 1441; baseline 0.006 -19"><span class='ocrx_word' id='word_1_97' title='bbox 522 1367 695 1437; x_wconf 80' lang='grc' dir='ltr'><em>ὑμεῖς</em></span> <span class='ocrx_word' id='word_1_98' title='bbox 728 1367 849 1423; x_wconf 86' lang='grc' dir='ltr'><em>ἀπὸ</em></span> <span class='ocrx_word' id='word_1_99' title='bbox 875 1369 1379 1441; x_wconf 84' lang='grc' dir='ltr'><em>ἐπικαλύμματος.</em></span> 
     </span>
    </p>
   </div>
   <div class='ocr_carea' id='block_1_15' title="bbox 595 1462 2093 1546">
    <p class='ocr_par' dir='ltr' id='par_1_15' title="bbox 595 1462 2093 1546">
     <span class='ocr_line' id='line_1_15' title="bbox 595 1462 2093 1546; baseline 0.011 -32"><span class='ocrx_word' id='word_1_100' title='bbox 595 1462 856 1546; x_wconf 76' lang='grc' dir='ltr'><em>Δεύτερον</em></span> <span class='ocrx_word' id='word_1_101' title='bbox 886 1463 1048 1519; x_wconf 80' lang='grc' dir='ltr'><em>πάλιν</em></span> <span class='ocrx_word' id='word_1_102' title='bbox 1067 1464 1351 1546; x_wconf 76' lang='grc' dir='ltr'><em>ὑπολαϐὼν</em></span> <span class='ocrx_word' id='word_1_103' title='bbox 1381 1467 1579 1541; x_wconf 83' lang='grc' dir='ltr'><em>Σωφὰρ</em></span> <span class='ocrx_word' id='word_1_104' title='bbox 1595 1469 1743 1540; x_wconf 76' lang='grc' dir='ltr'><em>λέγει</em></span> <span class='ocrx_word' id='word_1_105' title='bbox 1773 1474 1912 1546; x_wconf 75' lang='grc' dir='ltr'><em>πρὸς</em></span> <span class='ocrx_word' id='word_1_106' title='bbox 1941 1474 2093 1530; x_wconf 85' lang='grc' dir='ltr'><em>Ἰὼϐ·</em></span> 
     </span>
    </p>
   </div>
   <div class='ocr_carea' id='block_1_16' title="bbox 529 1544 2096 1631">
    <p class='ocr_par' dir='ltr' id='par_1_16' title="bbox 529 1544 2096 1631">
     <span class='ocr_line' id='line_1_16' title="bbox 529 1544 2096 1631; baseline 0.01 -34"><span class='ocrx_word' id='word_1_107' title='bbox 529 1546 652 1631; x_wconf 60' lang='grc' dir='ltr'><em>Ούχ</em></span> <span class='ocrx_word' id='word_1_108' title='bbox 679 1544 870 1631; x_wconf 69' lang='grc' dir='ltr'><em>οῦτως</em></span> <span class='ocrx_word' id='word_1_109' title='bbox 899 1545 1323 1631; x_wconf 76' lang='grc' dir='ltr'><em>ὑπελάμϐανον</em></span> <span class='ocrx_word' id='word_1_110' title='bbox 1333 1548 1604 1631; x_wconf 73' lang='grc' dir='ltr'><em>ἀντερεῖν</em></span> <span class='ocrx_word' id='word_1_111' title='bbox 1623 1569 1698 1608; x_wconf 89' lang='grc' dir='ltr'><em>σε</em></span> <span class='ocrx_word' id='word_1_112' title='bbox 1726 1544 1930 1611; x_wconf 86' lang='grc' dir='ltr'><em>ταῦτα.</em></span> <span class='ocrx_word' id='word_1_113' title='bbox 1958 1558 2096 1631; x_wconf 74' lang='grc' dir='ltr'><em>Περὶ</em></span> 
     </span>
    </p>
   </div>
   <div class='ocr_carea' id='block_1_17' title="bbox 529 1626 2091 1710">
    <p class='ocr_par' dir='ltr' id='par_1_17' title="bbox 529 1626 2091 1710">
     <span class='ocr_line' id='line_1_17' title="bbox 529 1626 2091 1710; baseline 0.012 -33"><span class='ocrx_word' id='word_1_114' title='bbox 529 1626 645 1710; x_wconf 80' lang='grc' dir='ltr'><em>τοῦ,</em></span> <span class='ocrx_word' id='word_1_115' title='bbox 667 1628 1035 1697; x_wconf 82' lang='grc' dir='ltr'><em>Εὐφροσύνη</em></span> <span class='ocrx_word' id='word_1_116' title='bbox 1051 1629 1286 1684; x_wconf 85' lang='grc' dir='ltr'><em>ἀσεϐῶν</em></span> <span class='ocrx_word' id='word_1_117' title='bbox 1296 1629 1501 1701; x_wconf 80' lang='grc' dir='ltr'><em>πτῶμα</em></span> <span class='ocrx_word' id='word_1_118' title='bbox 1514 1633 1802 1698; x_wconf 80' lang='grc' dir='ltr'><em>ἐξαίσιον·</em></span> <span class='ocrx_word' id='word_1_119' title='bbox 1823 1626 2091 1710; x_wconf 75' lang='grc' dir='ltr'><em>χαρμονὴ</em></span> 
     </span>
    </p>
   </div>
   <div class='ocr_carea' id='block_1_18' title="bbox 522 1709 2093 1790">
    <p class='ocr_par' dir='ltr' id='par_1_18' title="bbox 522 1709 2093 1790">
     <span class='ocr_line' id='line_1_18' title="bbox 522 1709 2093 1790; baseline 0.01 -29"><span class='ocrx_word' id='word_1_120' title='bbox 522 1709 592 1761; x_wconf 80' lang='grc' dir='ltr'><em>δὲ</em></span> <span class='ocrx_word' id='word_1_121' title='bbox 618 1712 977 1780; x_wconf 87' lang='grc' dir='ltr'><em>παρανόμων</em></span> <span class='ocrx_word' id='word_1_122' title='bbox 998 1711 1284 1767; x_wconf 88' lang='grc' dir='ltr'><em>ἀπώλεια.</em></span> <span class='ocrx_word' id='word_1_123' title='bbox 1322 1714 1458 1768; x_wconf 86' lang='grc' dir='ltr'><em>Ὅτε</em></span> <span class='ocrx_word' id='word_1_124' title='bbox 1480 1715 1549 1769; x_wconf 83' lang='grc' dir='ltr'><em>δὲ</em></span> <span class='ocrx_word' id='word_1_125' title='bbox 1573 1717 1742 1772; x_wconf 86' lang='grc' dir='ltr'><em>δοκεῖ</em></span> <span class='ocrx_word' id='word_1_126' title='bbox 1757 1718 1875 1789; x_wconf 79' lang='grc' dir='ltr'><em>ἤδη</em></span> <span class='ocrx_word' id='word_1_127' title='bbox 1916 1722 2093 1790; x_wconf 85' lang='grc' dir='ltr'><em>ἐστη-</em></span> 
     </span>
    </p>
   </div>
   <div class='ocr_carea' id='block_1_19' title="bbox 516 1791 2093 1873">
    <p class='ocr_par' dir='ltr' id='par_1_19' title="bbox 516 1791 2093 1873">
     <span class='ocr_line' id='line_1_19' title="bbox 516 1791 2093 1873; baseline 0.012 -31"><span class='ocrx_word' id='word_1_128' title='bbox 516 1791 736 1859; x_wconf 68' lang='grc' dir='ltr'><em>ρίχθαι,</em></span> <span class='ocrx_word' id='word_1_129' title='bbox 766 1793 899 1846; x_wconf 84' lang='grc' dir='ltr'><em>τότε</em></span> <span class='ocrx_word' id='word_1_130' title='bbox 924 1794 1012 1859; x_wconf 84' lang='grc' dir='ltr'><em>είς</em></span> <span class='ocrx_word' id='word_1_131' title='bbox 1043 1793 1217 1862; x_wconf 88' lang='grc' dir='ltr'><em>τέλος</em></span> <span class='ocrx_word' id='word_1_132' title='bbox 1243 1796 1573 1856; x_wconf 85' lang='grc' dir='ltr'><em>ἀπολεῖται.</em></span> <span class='ocrx_word' id='word_1_133' title='bbox 1598 1801 1733 1873; x_wconf 78' lang='grc' dir='ltr'><em>Περὶ</em></span> <span class='ocrx_word' id='word_1_134' title='bbox 1763 1802 1878 1865; x_wconf 81' lang='grc' dir='ltr'><em>τοῦ,</em></span> <span class='ocrx_word' id='word_1_135' title='bbox 1918 1805 2093 1861; x_wconf 83' lang='grc' dir='ltr'><em>Ὀστᾶ</em></span> 
     </span>
    </p>
   </div>
   <div class='ocr_carea' id='block_1_20' title="bbox 519 1873 2092 1952">
    <p class='ocr_par' dir='ltr' id='par_1_20' title="bbox 519 1873 2092 1952">
     <span class='ocr_line' id='line_1_20' title="bbox 519 1873 2092 1952; baseline 0.012 -27"><span class='ocrx_word' id='word_1_136' title='bbox 519 1873 705 1929; x_wconf 84' lang='grc' dir='ltr'><em>αὐτοῦ</em></span> <span class='ocrx_word' id='word_1_137' title='bbox 720 1874 1199 1944; x_wconf 76' lang='grc' dir='ltr'><em>ἀνεπλήσθησαν</em></span> <span class='ocrx_word' id='word_1_138' title='bbox 1218 1879 1492 1949; x_wconf 77' lang='grc' dir='ltr'><em>νεότητος</em></span> <span class='ocrx_word' id='word_1_139' title='bbox 1516 1885 1724 1940; x_wconf 82' lang='grc' dir='ltr'><em>αὐτοῦ.</em></span> <span class='ocrx_word' id='word_1_140' title='bbox 1746 1887 1857 1941; x_wconf 78' lang='grc' dir='ltr'><em>Καὶ</em></span> <span class='ocrx_word' id='word_1_141' title='bbox 1873 1889 2092 1952; x_wconf 82' lang='grc' dir='ltr'><em>ὄτι,“Αν</em></span> 
     </span>
    </p>
   </div>
   <div class='ocr_carea' id='block_1_21' title="bbox 520 1956 2090 2040">
    <p class='ocr_par' dir='ltr' id='par_1_21' title="bbox 520 1956 2090 2040">
     <span class='ocr_line' id='line_1_21' title="bbox 520 1956 2090 2040; baseline 0.025 -51"><span class='ocrx_word' id='word_1_142' title='bbox 520 1956 833 2040; x_wconf 30' lang='lat' dir='ltr'><em>cavam-of]</em></span> <span class='ocrx_word' id='word_1_143' title='bbox 879 1957 952 2012; x_wconf 78' lang='grc' dir='ltr'><em>ἐν</em></span> <span class='ocrx_word' id='word_1_144' title='bbox 992 1957 1073 2025; x_wconf 84' lang='grc' dir='ltr'><em>τῷ</em></span> <span class='ocrx_word' id='word_1_145' title='bbox 1107 1962 1359 2031; x_wconf 81' lang='grc' dir='ltr'><em>στόματι</em></span> <span class='ocrx_word' id='word_1_146' title='bbox 1398 1965 1585 2020; x_wconf 81' lang='grc' dir='ltr'><em>αὑτοῦ</em></span> <span class='ocrx_word' id='word_1_147' title='bbox 1632 1969 1833 2035; x_wconf 85' lang='grc' dir='ltr'><em>κακία,</em></span> <span class='ocrx_word' id='word_1_148' title='bbox 1873 1972 2090 2040; x_wconf 71' lang='grc' dir='ltr'><em>κρύψει</em></span> 
     </span>
    </p>
   </div>
   <div class='ocr_carea' id='block_1_22' title="bbox 516 2038 2087 2125">
    <p class='ocr_par' dir='ltr' id='par_1_22' title="bbox 516 2038 2087 2125">
     <span class='ocr_line' id='line_1_22' title="bbox 516 2038 2087 2125; baseline 0.011 -33"><span class='ocrx_word' id='word_1_149' title='bbox 516 2038 714 2125; x_wconf 73' lang='grc' dir='ltr'><em>αὐτὴν</em></span> <span class='ocrx_word' id='word_1_150' title='bbox 754 2039 873 2125; x_wconf 81' lang='grc' dir='ltr'><em>ὑπὸ</em></span> <span class='ocrx_word' id='word_1_151' title='bbox 906 2040 1023 2109; x_wconf 77' lang='grc' dir='ltr'><em>τὴν</em></span> <span class='ocrx_word' id='word_1_152' title='bbox 1067 2041 1359 2125; x_wconf 77' lang='grc' dir='ltr'><em>γλῶσσαν</em></span> <span class='ocrx_word' id='word_1_153' title='bbox 1394 2048 1600 2104; x_wconf 82' lang='grc' dir='ltr'><em>αὐτοῦ.</em></span> <span class='ocrx_word' id='word_1_154' title='bbox 1652 2051 1878 2120; x_wconf 82' lang='grc' dir='ltr'><em>Ὠσπερ</em></span> <span class='ocrx_word' id='word_1_155' title='bbox 1910 2038 2087 2125; x_wconf 18' lang='grc' dir='ltr'><em>τχολὴ</em></span> 
     </span>
    </p>
   </div>
   <div class='ocr_carea' id='block_1_23' title="bbox 514 2122 2086 2200">
    <p class='ocr_par' dir='ltr' id='par_1_23' title="bbox 514 2122 2086 2200">
     <span class='ocr_line' id='line_1_23' title="bbox 514 2122 2086 2200; baseline 0.007 -23"><span class='ocrx_word' id='word_1_156' title='bbox 514 2122 777 2187; x_wconf 82' lang='grc' dir='ltr'><em>ἀσπίδος</em></span> <span class='ocrx_word' id='word_1_157' title='bbox 798 2122 869 2176; x_wconf 84' lang='grc' dir='ltr'><em>έν</em></span> <span class='ocrx_word' id='word_1_158' title='bbox 887 2124 1097 2193; x_wconf 78' lang='grc' dir='ltr'><em>γαστρὶ</em></span> <span class='ocrx_word' id='word_1_159' title='bbox 1125 2124 1336 2194; x_wconf 83' lang='grc' dir='ltr'><em>αὐτῆς,</em></span> <span class='ocrx_word' id='word_1_160' title='bbox 1376 2129 1529 2183; x_wconf 81' lang='grc' dir='ltr'><em>οὕτω</em></span> <span class='ocrx_word' id='word_1_161' title='bbox 1560 2132 1825 2200; x_wconf 90' lang='grc' dir='ltr'><em>πλοῦτος</em></span> <span class='ocrx_word' id='word_1_162' title='bbox 1858 2134 1928 2199; x_wconf 79' lang='grc' dir='ltr'><em>ἐξ</em></span> <span class='ocrx_word' id='word_1_163' title='bbox 1954 2122 2086 2190; x_wconf 60' lang='grc' dir='ltr'><em>ἀδίὲ</em></span> 
     </span>
    </p>
   </div>
   <div class='ocr_carea' id='block_1_24' title="bbox 516 2205 2088 2282">
    <p class='ocr_par' dir='ltr' id='par_1_24' title="bbox 516 2205 2088 2282">
     <span class='ocr_line' id='line_1_24' title="bbox 516 2205 2088 2282; baseline 0.01 -25"><span class='ocrx_word' id='word_1_164' title='bbox 516 2222 640 2257; x_wconf 87' lang='grc' dir='ltr'><em>κων</em></span> <span class='ocrx_word' id='word_1_165' title='bbox 671 2205 1084 2274; x_wconf 77' lang='grc' dir='ltr'><em>συναγόμενος</em></span> <span class='ocrx_word' id='word_1_166' title='bbox 1119 2206 1564 2278; x_wconf 77' lang='grc' dir='ltr'><em>ἐξεμεθήσεται.</em></span> <span class='ocrx_word' id='word_1_167' title='bbox 1615 2213 1759 2277; x_wconf 87' lang='grc' dir='ltr'><em>Ὅτι,</em></span> <span class='ocrx_word' id='word_1_168' title='bbox 1794 2217 1901 2282; x_wconf 72' lang='grc' dir='ltr'><em>Εἰς</em></span> <span class='ocrx_word' id='word_1_169' title='bbox 1940 2217 2088 2271; x_wconf 88' lang='grc' dir='ltr'><em>κενά</em></span> 
     </span>
    </p>
   </div>
   <div class='ocr_carea' id='block_1_25' title="bbox 519 2284 2083 2363">
    <p class='ocr_par' dir='ltr' id='par_1_25' title="bbox 519 2284 2083 2363">
     <span class='ocr_line' id='line_1_25' title="bbox 519 2284 2083 2363; baseline 0.012 -26"><span class='ocrx_word' id='word_1_170' title='bbox 519 2285 617 2338; x_wconf 76' lang='grc' dir='ltr'><em>καί</em></span> <span class='ocrx_word' id='word_1_171' title='bbox 641 2284 863 2353; x_wconf 84' lang='grc' dir='ltr'><em>μάταια</em></span> <span class='ocrx_word' id='word_1_172' title='bbox 892 2286 1200 2353; x_wconf 78' lang='grc' dir='ltr'><em>ἐκοπίασε,</em></span> <span class='ocrx_word' id='word_1_173' title='bbox 1221 2291 1505 2361; x_wconf 80' lang='grc' dir='ltr'><em>συνάγων</em></span> <span class='ocrx_word' id='word_1_174' title='bbox 1529 2295 1798 2351; x_wconf 88' lang='grc' dir='ltr'><em>πλοῦτον</em></span> <span class='ocrx_word' id='word_1_175' title='bbox 1814 2298 1883 2363; x_wconf 80' lang='grc' dir='ltr'><em>ἐξ</em></span> <span class='ocrx_word' id='word_1_176' title='bbox 1906 2295 1978 2355; x_wconf 83' lang='grc' dir='ltr'><em>οὗ</em></span> <span class='ocrx_word' id='word_1_177' title='bbox 2009 2302 2083 2355; x_wconf 86' lang='grc' dir='ltr'><em>οὐ</em></span> 
     </span>
    </p>
   </div>
   <div class='ocr_carea' id='block_1_26' title="bbox 514 2371 2080 2447">
    <p class='ocr_par' dir='ltr' id='par_1_26' title="bbox 514 2371 2080 2447">
     <span class='ocr_line' id='line_1_26' title="bbox 514 2371 2080 2447; baseline 0.01 -24"><span class='ocrx_word' id='word_1_178' title='bbox 514 2373 808 2439; x_wconf 82' lang='grc' dir='ltr'><em>γεύσεται.</em></span> <span class='ocrx_word' id='word_1_179' title='bbox 834 2371 978 2439; x_wconf 84' lang='grc' dir='ltr'><em>Ὀτι,</em></span> <span class='ocrx_word' id='word_1_180' title='bbox 1002 2372 1256 2427; x_wconf 85' lang='grc' dir='ltr'><em>Πολλῶν</em></span> <span class='ocrx_word' id='word_1_181' title='bbox 1278 2374 1589 2431; x_wconf 84' lang='grc' dir='ltr'><em>ἀδυνάτων</em></span> <span class='ocrx_word' id='word_1_182' title='bbox 1607 2379 1812 2447; x_wconf 79' lang='grc' dir='ltr'><em>οἴκους</em></span> <span class='ocrx_word' id='word_1_183' title='bbox 1836 2381 2080 2439; x_wconf 78' lang='grc' dir='ltr'><em>ἔθλασε.</em></span> 
     </span>
    </p>
   </div>
   <div class='ocr_carea' id='block_1_27' title="bbox 520 2454 2085 2530">
    <p class='ocr_par' dir='ltr' id='par_1_27' title="bbox 520 2454 2085 2530">
     <span class='ocr_line' id='line_1_27' title="bbox 520 2454 2085 2530; baseline 0.008 -22"><span class='ocrx_word' id='word_1_184' title='bbox 520 2456 743 2524; x_wconf 75' lang='grc' dir='ltr'><em>Ὶρῶσαι</em></span> <span class='ocrx_word' id='word_1_185' title='bbox 776 2454 983 2518; x_wconf 85' lang='grc' dir='ltr'><em>αὐτὸν,</em></span> <span class='ocrx_word' id='word_1_186' title='bbox 1009 2456 1164 2528; x_wconf 75' lang='grc' dir='ltr'><em>φησὶ,</em></span> <span class='ocrx_word' id='word_1_187' title='bbox 1192 2456 1374 2521; x_wconf 78' lang='grc' dir='ltr'><em>τόξον</em></span> <span class='ocrx_word' id='word_1_188' title='bbox 1397 2458 1703 2528; x_wconf 80' lang='grc' dir='ltr'><em>χάλκειον,</em></span> <span class='ocrx_word' id='word_1_189' title='bbox 1734 2465 1830 2517; x_wconf 79' lang='grc' dir='ltr'><em>καὶ</em></span> <span class='ocrx_word' id='word_1_190' title='bbox 1856 2464 2085 2530; x_wconf 76' lang='grc' dir='ltr'><em>διεξέλ-</em></span> 
     </span>
    </p>
   </div>
   <div class='ocr_carea' id='block_1_28' title="bbox 511 2537 2084 2618">
    <p class='ocr_par' dir='ltr' id='par_1_28' title="bbox 511 2537 2084 2618">
     <span class='ocr_line' id='line_1_28' title="bbox 511 2537 2084 2618; baseline 0.007 -26"><span class='ocrx_word' id='word_1_191' title='bbox 511 2542 601 2592; x_wconf 88' lang='grc' dir='ltr'><em>θοι</em></span> <span class='ocrx_word' id='word_1_192' title='bbox 623 2538 721 2592; x_wconf 86' lang='grc' dir='ltr'><em>διὰ</em></span> <span class='ocrx_word' id='word_1_193' title='bbox 748 2537 1044 2606; x_wconf 87' lang='grc' dir='ltr'><em>στόματος</em></span> <span class='ocrx_word' id='word_1_194' title='bbox 1064 2538 1251 2593; x_wconf 85' lang='grc' dir='ltr'><em>αὑτοῦ</em></span> <span class='ocrx_word' id='word_1_195' title='bbox 1265 2539 1475 2606; x_wconf 76' lang='grc' dir='ltr'><em>βέλος.</em></span> <span class='ocrx_word' id='word_1_196' title='bbox 1505 2543 1723 2611; x_wconf 81' lang='grc' dir='ltr'><em>Ἄστρα</em></span> <span class='ocrx_word' id='word_1_197' title='bbox 1746 2542 1897 2618; x_wconf 82' lang='lat'><em>[5&#39;70]</em></span> <span class='ocrx_word' id='word_1_198' title='bbox 1920 2546 1988 2600; x_wconf 87' lang='lat'><em>66</em></span> <span class='ocrx_word' id='word_1_199' title='bbox 2013 2547 2084 2603; x_wconf 81' lang='grc' dir='ltr'><em>ἐν</em></span> 
     </span>
    </p>
   </div>
   <div class='ocr_carea' id='block_1_29' title="bbox 510 2619 2081 2700">
    <p class='ocr_par' dir='ltr' id='par_1_29' title="bbox 510 2619 2081 2700">
     <span class='ocr_line' id='line_1_29' title="bbox 510 2619 2081 2700; baseline 0.008 -27"><span class='ocrx_word' id='word_1_200' title='bbox 510 2620 760 2686; x_wconf 77' lang='grc' dir='ltr'><em>διαίταις</em></span> <span class='ocrx_word' id='word_1_201' title='bbox 807 2619 995 2700; x_wconf 73' lang='grc' dir='ltr'><em>αὐτοῦ</em></span> <span class='ocrx_word' id='word_1_202' title='bbox 1053 2621 1590 2691; x_wconf 82' lang='grc' dir='ltr'><em>περιπατήσουσιν.</em></span> <span class='ocrx_word' id='word_1_203' title='bbox 1663 2626 1827 2696; x_wconf 81' lang='grc' dir='ltr'><em>Αὕτη</em></span> <span class='ocrx_word' id='word_1_204' title='bbox 1872 2628 1984 2699; x_wconf 79' lang='grc' dir='ltr'><em>γὰρ</em></span> <span class='ocrx_word' id='word_1_205' title='bbox 2039 2631 2081 2700; x_wconf 82' lang='grc' dir='ltr'><strong><em>ἠ</em></strong></span> 
     </span>
    </p>
   </div>
   <div class='ocr_carea' id='block_1_30' title="bbox 506 2699 1752 2774">
    <p class='ocr_par' dir='ltr' id='par_1_30' title="bbox 506 2699 1752 2774">
     <span class='ocr_line' id='line_1_30' title="bbox 506 2699 1752 2774; baseline 0.008 -21"><span class='ocrx_word' id='word_1_206' title='bbox 506 2703 677 2771; x_wconf 70' lang='grc' dir='ltr'><em>μερὶς</em></span> <span class='ocrx_word' id='word_1_207' title='bbox 706 2699 1021 2768; x_wconf 87' lang='grc' dir='ltr'><em>ἀνθρώπου</em></span> <span class='ocrx_word' id='word_1_208' title='bbox 1048 2702 1309 2768; x_wconf 91' lang='grc' dir='ltr'><em>ἀσεϐοῦς</em></span> <span class='ocrx_word' id='word_1_209' title='bbox 1332 2704 1492 2773; x_wconf 85' lang='grc' dir='ltr'><em>παρὰ</em></span> <span class='ocrx_word' id='word_1_210' title='bbox 1510 2707 1752 2774; x_wconf 84' lang='grc' dir='ltr'><em>Κυρίου.</em></span> 
     </span>
    </p>
   </div>
   <div class='ocr_carea' id='block_1_31' title="bbox 581 2798 2082 2876">
    <p class='ocr_par' dir='ltr' id='par_1_31' title="bbox 581 2798 2082 2876">
     <span class='ocr_line' id='line_1_31' title="bbox 581 2798 2082 2876; baseline 0.009 -25"><span class='ocrx_word' id='word_1_211' title='bbox 581 2798 816 2870; x_wconf 82' lang='grc' dir='ltr'><em>Δευτέρα</em></span> <span class='ocrx_word' id='word_1_212' title='bbox 840 2798 935 2852; x_wconf 82' lang='grc' dir='ltr'><em>τοῦ</em></span> <span class='ocrx_word' id='word_1_213' title='bbox 983 2799 1105 2853; x_wconf 82' lang='grc' dir='ltr'><em>Ἰὼϐ</em></span> <span class='ocrx_word' id='word_1_214' title='bbox 1136 2801 1273 2873; x_wconf 80' lang='grc' dir='ltr'><em>πρὸς</em></span> <span class='ocrx_word' id='word_1_215' title='bbox 1295 2802 1497 2876; x_wconf 82' lang='grc' dir='ltr'><em>Σωφάρ</em></span> <span class='ocrx_word' id='word_1_216' title='bbox 1534 2806 1839 2872; x_wconf 69' lang='grc' dir='ltr'><em>ἀντίλεξιςτ</em></span> <span class='ocrx_word' id='word_1_217' title='bbox 1887 2809 2082 2865; x_wconf 82' lang='grc' dir='ltr'><em>Ἀκού-</em></span> 
     </span>
    </p>
   </div>
   <div class='ocr_carea' id='block_1_32' title="bbox 508 2881 2079 2962">
    <p class='ocr_par' dir='ltr' id='par_1_32' title="bbox 508 2881 2079 2962">
     <span class='ocr_line' id='line_1_32' title="bbox 508 2881 2079 2962; baseline 0.007 -26"><span class='ocrx_word' id='word_1_218' title='bbox 508 2898 678 2946; x_wconf 91' lang='grc' dir='ltr'><em>σατε,</em></span> <span class='ocrx_word' id='word_1_219' title='bbox 714 2881 1017 2937; x_wconf 81' lang='grc' dir='ltr'><em>ἀκούσατέ</em></span> <span class='ocrx_word' id='word_1_220' title='bbox 1041 2900 1162 2952; x_wconf 92' lang='grc' dir='ltr'><em>μου</em></span> <span class='ocrx_word' id='word_1_221' title='bbox 1207 2883 1326 2938; x_wconf 86' lang='grc' dir='ltr'><em>τῶν</em></span> <span class='ocrx_word' id='word_1_222' title='bbox 1351 2887 1568 2955; x_wconf 80' lang='grc' dir='ltr'><em>λόγων,</em></span> <span class='ocrx_word' id='word_1_223' title='bbox 1597 2889 1699 2944; x_wconf 81' lang='grc' dir='ltr'><em>ἵνα</em></span> <span class='ocrx_word' id='word_1_224' title='bbox 1735 2885 1777 2962; x_wconf 77' lang='grc' dir='ltr'><em>ᾖ</em></span> <span class='ocrx_word' id='word_1_225' title='bbox 1814 2891 1901 2961; x_wconf 81' lang='grc' dir='ltr'><em>μὴ</em></span> <span class='ocrx_word' id='word_1_226' title='bbox 1944 2894 2079 2961; x_wconf 86' lang='grc' dir='ltr'><em>παρ’</em></span> 
     </span>
    </p>
   </div>
   <div class='ocr_carea' id='block_1_33' title="bbox 508 2963 2077 3046">
    <p class='ocr_par' dir='ltr' id='par_1_33' title="bbox 508 2963 2077 3046">
     <span class='ocr_line' id='line_1_33' title="bbox 508 2963 2077 3046; baseline 0.006 -24"><span class='ocrx_word' id='word_1_227' title='bbox 508 2963 675 3035; x_wconf 86' lang='grc' dir='ltr'><em>ὑμῶν</em></span> <span class='ocrx_word' id='word_1_228' title='bbox 713 2963 1117 3035; x_wconf 86' lang='grc' dir='ltr'><em>παράκλησις.</em></span> <span class='ocrx_word' id='word_1_229' title='bbox 1165 2968 1229 3021; x_wconf 93' lang='grc' dir='ltr'><em>Τί</em></span> <span class='ocrx_word' id='word_1_230' title='bbox 1258 2967 1401 3037; x_wconf 68' lang='lat' dir='ltr'><em>reip;</em></span> <span class='ocrx_word' id='word_1_231' title='bbox 1440 2970 1529 3038; x_wconf 77' lang='grc' dir='ltr'><em>μὴ</em></span> <span class='ocrx_word' id='word_1_232' title='bbox 1571 2972 1861 3041; x_wconf 78' lang='grc' dir='ltr'><em>ἀνθρώπῳ</em></span> <span class='ocrx_word' id='word_1_233' title='bbox 1895 2994 2014 3044; x_wconf 88' lang='grc' dir='ltr'><em>μου</em></span> <span class='ocrx_word' id='word_1_234' title='bbox 2038 2977 2077 3046; x_wconf 76' lang='grc' dir='ltr'>ἡ</span> 
     </span>
    </p>
   </div>
   <div class='ocr_carea' id='block_1_34' title="bbox 507 3046 2078 3118">
    <p class='ocr_par' dir='ltr' id='par_1_34' title="bbox 507 3046 2078 3118">
     <span class='ocr_line' id='line_1_34' title="bbox 507 3046 2078 3118; baseline 0.006 -14"><span class='ocrx_word' id='word_1_235' title='bbox 507 3048 780 3118; x_wconf 69' lang='grc' dir='ltr'><em>ἕλεγξις;</em></span> <span class='ocrx_word' id='word_1_236' title='bbox 812 3046 917 3102; x_wconf 86' lang='grc' dir='ltr'><em>Διὰ</em></span> <span class='ocrx_word' id='word_1_237' title='bbox 942 3048 1001 3102; x_wconf 89' lang='grc' dir='ltr'><em>τί</em></span> <span class='ocrx_word' id='word_1_238' title='bbox 1039 3049 1150 3118; x_wconf 68' lang='grc' dir='ltr'><em>τὴρ</em></span> <span class='ocrx_word' id='word_1_239' title='bbox 1176 3048 1415 3116; x_wconf 80' lang='grc' dir='ltr'><em>ἀσεϐεῖς</em></span> <span class='ocrx_word' id='word_1_240' title='bbox 1446 3049 1607 3118; x_wconf 79' lang='grc' dir='ltr'><em>ζῶσι,</em></span> <span class='ocrx_word' id='word_1_241' title='bbox 1636 3058 2078 3113; x_wconf 88' lang='grc' dir='ltr'><em>πεπαλαίωνται</em></span> 
     </span>
    </p>
   </div>
   <div class='ocr_carea' id='block_1_35' title="bbox 505 3131 2080 3206">
    <p class='ocr_par' dir='ltr' id='par_1_35' title="bbox 505 3131 2080 3206">
     <span class='ocr_line' id='line_1_35' title="bbox 505 3131 2080 3206; baseline 0.007 -20"><span class='ocrx_word' id='word_1_242' title='bbox 505 3133 577 3187; x_wconf 88' lang='lat'><em>66</em></span> <span class='ocrx_word' id='word_1_243' title='bbox 602 3133 701 3187; x_wconf 73' lang='grc' dir='ltr'><em>καὶ</em></span> <span class='ocrx_word' id='word_1_244' title='bbox 725 3133 793 3187; x_wconf 84' lang='grc' dir='ltr'><em>ἑν</em></span> <span class='ocrx_word' id='word_1_245' title='bbox 808 3133 1051 3198; x_wconf 89' lang='grc' dir='ltr'><em>πλούτῳ</em></span> <span class='ocrx_word' id='word_1_246' title='bbox 1070 3131 1170 3186; x_wconf 76' lang='grc' dir='ltr'><em>καὶ</em></span> <span class='ocrx_word' id='word_1_247' title='bbox 1195 3135 1485 3203; x_wconf 81' lang='grc' dir='ltr'><em>εὐθηνίᾳ;</em></span> <span class='ocrx_word' id='word_1_248' title='bbox 1509 3137 1767 3206; x_wconf 88' lang='grc' dir='ltr'><em>Διεσώθη</em></span> <span class='ocrx_word' id='word_1_249' title='bbox 1787 3139 1852 3194; x_wconf 80' lang='lat'><em>66</em></span> <span class='ocrx_word' id='word_1_250' title='bbox 1879 3140 2080 3197; x_wconf 85' lang='grc' dir='ltr'><em>αὐτῶν</em></span> 
     </span>
    </p>
   </div>
   <div class='ocr_carea' id='block_1_36' title="bbox 504 3213 2077 3291">
    <p class='ocr_par' dir='ltr' id='par_1_36' title="bbox 504 3213 2077 3291">
     <span class='ocr_line' id='line_1_36' title="bbox 504 3213 2077 3291; baseline 0.007 -22"><span class='ocrx_word' id='word_1_251' title='bbox 504 3215 577 3269; x_wconf 75' lang='grc' dir='ltr'><em>ἐν</em></span> <span class='ocrx_word' id='word_1_252' title='bbox 604 3215 817 3284; x_wconf 75' lang='grc' dir='ltr'><em>γαστρὶ</em></span> <span class='ocrx_word' id='word_1_253' title='bbox 848 3213 1101 3283; x_wconf 71' lang='grc' dir='ltr'><em>ἔχουσα.</em></span> <span class='ocrx_word' id='word_1_254' title='bbox 1137 3215 1314 3270; x_wconf 82' lang='grc' dir='ltr'><em>Ὅπου</em></span> <span class='ocrx_word' id='word_1_255' title='bbox 1342 3217 1512 3288; x_wconf 81' lang='grc' dir='ltr'><em>Λέγει</em></span> <span class='ocrx_word' id='word_1_256' title='bbox 1540 3221 1573 3274; x_wconf 91' lang='lat'><em>6</em></span> <span class='ocrx_word' id='word_1_257' title='bbox 1600 3222 1829 3291; x_wconf 81' lang='grc' dir='ltr'><em>ἀσεϐὴς</em></span> <span class='ocrx_word' id='word_1_258' title='bbox 1860 3222 1940 3289; x_wconf 87' lang='grc' dir='ltr'><em>τῷ</em></span> <span class='ocrx_word' id='word_1_259' title='bbox 1962 3229 2077 3279; x_wconf 80' lang='grc' dir='ltr'><em>Κυ-</em></span> 
     </span>
    </p>
   </div>
   <div class='ocr_carea' id='block_1_37' title="bbox 499 3298 2075 3368">
    <p class='ocr_par' dir='ltr' id='par_1_37' title="bbox 499 3298 2075 3368">
     <span class='ocr_line' id='line_1_37' title="bbox 499 3298 2075 3368; baseline 0.009 -20"><span class='ocrx_word' id='word_1_260' title='bbox 499 3298 641 3367; x_wconf 87' lang='grc' dir='ltr'><em>ρίῳ·</em></span> <span class='ocrx_word' id='word_1_261' title='bbox 683 3298 1007 3366; x_wconf 86' lang='grc' dir='ltr'><em>Ἀπόστηθι</em></span> <span class='ocrx_word' id='word_1_262' title='bbox 1038 3298 1140 3352; x_wconf 85' lang='grc' dir='ltr'><em>ἀπ’</em></span> <span class='ocrx_word' id='word_1_263' title='bbox 1179 3299 1347 3368; x_wconf 80' lang='grc' dir='ltr'><em>ἐμοῦ,</em></span> <span class='ocrx_word' id='word_1_264' title='bbox 1381 3301 1560 3368; x_wconf 89' lang='grc' dir='ltr'><em>όδούς</em></span> <span class='ocrx_word' id='word_1_265' title='bbox 1591 3320 1707 3359; x_wconf 92' lang='grc' dir='ltr'><em>σου</em></span> <span class='ocrx_word' id='word_1_266' title='bbox 1752 3305 1972 3360; x_wconf 79' lang='grc' dir='ltr'><em>ειδέναι</em></span> <span class='ocrx_word' id='word_1_267' title='bbox 2003 3310 2075 3362; x_wconf 86' lang='grc' dir='ltr'><em>οὐ</em></span> 
     </span>
    </p>
   </div>
   <div class='ocr_carea' id='block_1_38' title="bbox 499 3378 2076 3455">
    <p class='ocr_par' dir='ltr' id='par_1_38' title="bbox 499 3378 2076 3455">
     <span class='ocr_line' id='line_1_38' title="bbox 499 3378 2076 3455; baseline -0.001 -22"><span class='ocrx_word' id='word_1_268' title='bbox 499 3379 824 3447; x_wconf 79' lang='grc' dir='ltr'><em>βούλομαι.</em></span> <span class='ocrx_word' id='word_1_269' title='bbox 859 3379 922 3432; x_wconf 88' lang='grc' dir='ltr'><em>Τί</em></span> <span class='ocrx_word' id='word_1_270' title='bbox 963 3378 1168 3445; x_wconf 73' lang='grc' dir='ltr'><em>ἱκανὸς</em></span> <span class='ocrx_word' id='word_1_271' title='bbox 1193 3380 1282 3433; x_wconf 84' lang='grc' dir='ltr'><em>ὅτι</em></span> <span class='ocrx_word' id='word_1_272' title='bbox 1314 3380 1718 3455; x_wconf 85' lang='grc' dir='ltr'><em>δουλεύσομαι</em></span> <span class='ocrx_word' id='word_1_273' title='bbox 1749 3388 1945 3453; x_wconf 83' lang='grc' dir='ltr'><em>αὐτῷ;</em></span> <span class='ocrx_word' id='word_1_274' title='bbox 1972 3392 2076 3443; x_wconf 68' lang='lat' dir='ltr'><em>nd.</em></span> 
     </span>
    </p>
   </div>
   <div class='ocr_carea' id='block_1_39' title="bbox 504 3459 2072 3530">
    <p class='ocr_par' dir='ltr' id='par_1_39' title="bbox 504 3459 2072 3530">
     <span class='ocr_line' id='line_1_39' title="bbox 504 3459 2072 3530; baseline 0.008 -16"><span class='ocrx_word' id='word_1_275' title='bbox 504 3477 678 3530; x_wconf 87' lang='grc' dir='ltr'><em>τερον</em></span> <span class='ocrx_word' id='word_1_276' title='bbox 693 3459 827 3529; x_wconf 78' lang='grc' dir='ltr'><em>οὐχί</em></span> <span class='ocrx_word' id='word_1_277' title='bbox 854 3463 887 3514; x_wconf 91' lang='grc' dir='ltr'><em>ό</em></span> <span class='ocrx_word' id='word_1_278' title='bbox 903 3461 1120 3528; x_wconf 83' lang='grc' dir='ltr'><em>Κύριός</em></span> <span class='ocrx_word' id='word_1_279' title='bbox 1141 3461 1312 3515; x_wconf 82' lang='grc' dir='ltr'><em>ἐστιν</em></span> <span class='ocrx_word' id='word_1_280' title='bbox 1332 3466 1365 3516; x_wconf 90' lang='lat'><em>6</em></span> <span class='ocrx_word' id='word_1_281' title='bbox 1382 3463 1686 3520; x_wconf 79' lang='grc' dir='ltr'><em>διδάσκων</em></span> <span class='ocrx_word' id='word_1_282' title='bbox 1699 3469 1957 3525; x_wconf 88' lang='grc' dir='ltr'><em>σύνεσιν</em></span> <span class='ocrx_word' id='word_1_283' title='bbox 1974 3473 2072 3527; x_wconf 79' lang='grc' dir='ltr'><em>καὶ</em></span> 
     </span>
    </p>
   </div>
   <div class='ocr_carea' id='block_1_40' title="bbox 501 3542 2074 3619">
    <p class='ocr_par' dir='ltr' id='par_1_40' title="bbox 501 3542 2074 3619">
     <span class='ocr_line' id='line_1_40' title="bbox 501 3542 2074 3619; baseline 0.009 -22"><span class='ocrx_word' id='word_1_284' title='bbox 501 3542 843 3612; x_wconf 73' lang='grc' dir='ltr'><em>ἐπιστήμην</em></span> <span class='ocrx_word' id='word_1_285' title='bbox 856 3559 878 3608; x_wconf 85' lang='grc'><strong><em>;</em></strong></span> <span class='ocrx_word' id='word_1_286' title='bbox 907 3543 1098 3610; x_wconf 79' lang='grc' dir='ltr'><em>Αὐτὸς</em></span> <span class='ocrx_word' id='word_1_287' title='bbox 1132 3544 1201 3598; x_wconf 84' lang='lat'><em>66</em></span> <span class='ocrx_word' id='word_1_288' title='bbox 1250 3548 1479 3614; x_wconf 85' lang='grc' dir='ltr'><em>πόνους</em></span> <span class='ocrx_word' id='word_1_289' title='bbox 1525 3549 1836 3619; x_wconf 83' lang='grc' dir='ltr'><em>διακρίνει.</em></span> <span class='ocrx_word' id='word_1_290' title='bbox 1894 3556 2074 3612; x_wconf 88' lang='grc' dir='ltr'><em>Ὥστε</em></span> 
     </span>
    </p>
   </div>
   <div class='ocr_carea' id='block_1_41' title="bbox 501 3623 2069 3708">
    <p class='ocr_par' dir='ltr' id='par_1_41' title="bbox 501 3623 2069 3708">
     <span class='ocr_line' id='line_1_41' title="bbox 501 3623 2069 3708; baseline 0.007 -27"><span class='ocrx_word' id='word_1_291' title='bbox 501 3623 636 3681; x_wconf 73' lang='grc' dir='ltr'><em>οἶδα</em></span> <span class='ocrx_word' id='word_1_292' title='bbox 664 3624 839 3695; x_wconf 81' lang='grc' dir='ltr'><em>ὑμᾶς,</em></span> <span class='ocrx_word' id='word_1_293' title='bbox 872 3626 963 3708; x_wconf 63' lang='grc' dir='ltr'><em>ότι</em></span> <span class='ocrx_word' id='word_1_294' title='bbox 995 3627 1185 3696; x_wconf 81' lang='grc' dir='ltr'><em>τόλμῃ</em></span> <span class='ocrx_word' id='word_1_295' title='bbox 1215 3628 1487 3699; x_wconf 79' lang='grc' dir='ltr'><em>έγκεισθέ</em></span> <span class='ocrx_word' id='word_1_296' title='bbox 1516 3650 1638 3700; x_wconf 87' lang='grc' dir='ltr'><em>μοι.</em></span> <span class='ocrx_word' id='word_1_297' title='bbox 1672 3636 1783 3688; x_wconf 76' lang='grc' dir='ltr'><em>Καὶ</em></span> <span class='ocrx_word' id='word_1_298' title='bbox 1807 3637 1934 3708; x_wconf 79' lang='grc' dir='ltr'><em>περὶ</em></span> <span class='ocrx_word' id='word_1_299' title='bbox 1951 3639 2069 3704; x_wconf 81' lang='grc' dir='ltr'><em>τοῦ,</em></span> 
     </span>
    </p>
   </div>
   <div class='ocr_carea' id='block_1_42' title="bbox 503 3705 2072 3788">
    <p class='ocr_par' dir='ltr' id='par_1_42' title="bbox 503 3705 2072 3788">
     <span class='ocr_line' id='line_1_42' title="bbox 503 3705 2072 3788; baseline 0.008 -24"><span class='ocrx_word' id='word_1_300' title='bbox 503 3709 626 3764; x_wconf 81' lang='grc' dir='ltr'><em>Ποῦ</em></span> <span class='ocrx_word' id='word_1_301' title='bbox 648 3709 817 3762; x_wconf 82' lang='grc' dir='ltr'><em>ἐστιν</em></span> <span class='ocrx_word' id='word_1_302' title='bbox 837 3705 1000 3775; x_wconf 81' lang='grc' dir='ltr'><em>οἶκος</em></span> <span class='ocrx_word' id='word_1_303' title='bbox 1027 3709 1369 3777; x_wconf 82' lang='grc' dir='ltr'><em>ἀρχόντων;</em></span> <span class='ocrx_word' id='word_1_304' title='bbox 1392 3715 1494 3781; x_wconf 80' lang='grc' dir='ltr'><em>Εἰς</em></span> <span class='ocrx_word' id='word_1_305' title='bbox 1520 3715 1748 3785; x_wconf 75' lang='grc' dir='ltr'><em>ἡμέραν</em></span> <span class='ocrx_word' id='word_1_306' title='bbox 1772 3705 2072 3788; x_wconf 82' lang='grc' dir='ltr'><em>ἀπωλείας</em></span> 
     </span>
    </p>
   </div>
   <div class='ocr_carea' id='block_1_43' title="bbox 501 3789 2071 3875">
    <p class='ocr_par' dir='ltr' id='par_1_43' title="bbox 501 3789 2071 3875">
     <span class='ocr_line' id='line_1_43' title="bbox 501 3789 2071 3875; baseline 0.011 -30"><span class='ocrx_word' id='word_1_307' title='bbox 501 3789 830 3862; x_wconf 80' lang='grc' dir='ltr'><em>κουφίζεται</em></span> <span class='ocrx_word' id='word_1_308' title='bbox 888 3796 921 3847; x_wconf 90' lang='lat'><em>6</em></span> <span class='ocrx_word' id='word_1_309' title='bbox 970 3795 1263 3863; x_wconf 87' lang='grc' dir='ltr'><em>πονηρός·</em></span> <span class='ocrx_word' id='word_1_310' title='bbox 1311 3796 1411 3851; x_wconf 76' lang='grc' dir='ltr'><em>καὶ</em></span> <span class='ocrx_word' id='word_1_311' title='bbox 1462 3799 1655 3854; x_wconf 84' lang='grc' dir='ltr'><em>ὀπίσω</em></span> <span class='ocrx_word' id='word_1_312' title='bbox 1706 3804 1893 3859; x_wconf 83' lang='grc' dir='ltr'><em>αὐτοῦ</em></span> <span class='ocrx_word' id='word_1_313' title='bbox 1950 3806 2071 3875; x_wconf 83' lang='grc' dir='ltr'><em>πᾶς</em></span> 
     </span>
    </p>
   </div>
   <div class='ocr_carea' id='block_1_44' title="bbox 497 3875 1251 3944">
    <p class='ocr_par' dir='ltr' id='par_1_44' title="bbox 497 3875 1251 3944">
     <span class='ocr_line' id='line_1_44' title="bbox 497 3875 1251 3944; baseline 0 -15"><span class='ocrx_word' id='word_1_314' title='bbox 497 3875 807 3944; x_wconf 75' lang='grc' dir='ltr'><em>ἄνθρωπος</em></span> <span class='ocrx_word' id='word_1_315' title='bbox 830 3875 1251 3930; x_wconf 85' lang='grc' dir='ltr'><em>ἀπελεύσεται.</em></span> 
     </span>
    </p>
   </div>
   <div class='ocr_carea' id='block_1_45' title="bbox 567 3957 2068 4041">
    <p class='ocr_par' dir='ltr' id='par_1_45' title="bbox 567 3957 2068 4041">
     <span class='ocr_line' id='line_1_45' title="bbox 567 3957 2068 4041; baseline 0.01 -29"><span class='ocrx_word' id='word_1_316' title='bbox 567 3958 763 4029; x_wconf 81' lang='grc' dir='ltr'><em>Τρίτος</em></span> <span class='ocrx_word' id='word_1_317' title='bbox 808 3958 969 4012; x_wconf 80' lang='grc' dir='ltr'><em>πάλιν</em></span> <span class='ocrx_word' id='word_1_318' title='bbox 1000 3958 1287 4013; x_wconf 84' lang='grc' dir='ltr'><em>ὑπολαϐὼν</em></span> <span class='ocrx_word' id='word_1_319' title='bbox 1336 3957 1562 4032; x_wconf 77' lang='grc' dir='ltr'><em>Ἐλιφάζ</em></span> <span class='ocrx_word' id='word_1_320' title='bbox 1595 3963 1775 4034; x_wconf 81' lang='grc' dir='ltr'><em>λέγει·</em></span> <span class='ocrx_word' id='word_1_321' title='bbox 1807 3969 2068 4041; x_wconf 87' lang='grc' dir='ltr'><em>Πότερον</em></span> 
     </span>
    </p>
   </div>
   <div class='ocr_carea' id='block_1_46' title="bbox 496 4054 2069 4126">
    <p class='ocr_par' dir='ltr' id='par_1_46' title="bbox 496 4054 2069 4126">
     <span class='ocr_line' id='line_1_46' title="bbox 496 4054 2069 4126; baseline 0.007 -17"><span class='ocrx_word' id='word_1_322' title='bbox 496 4054 633 4126; x_wconf 77' lang='grc' dir='ltr'><em>οὐχὶ</em></span> <span class='ocrx_word' id='word_1_323' title='bbox 654 4059 687 4111; x_wconf 91' lang='lat'><em>6</em></span> <span class='ocrx_word' id='word_1_324' title='bbox 712 4057 926 4125; x_wconf 85' lang='grc' dir='ltr'><em>Κύριός</em></span> <span class='ocrx_word' id='word_1_325' title='bbox 949 4055 1122 4110; x_wconf 84' lang='grc' dir='ltr'><em>ἐστιν</em></span> <span class='ocrx_word' id='word_1_326' title='bbox 1157 4058 1192 4111; x_wconf 91' lang='lat'><em>6</em></span> <span class='ocrx_word' id='word_1_327' title='bbox 1217 4055 1520 4113; x_wconf 79' lang='grc' dir='ltr'><em>διδάσκων</em></span> <span class='ocrx_word' id='word_1_328' title='bbox 1539 4060 1796 4116; x_wconf 88' lang='grc' dir='ltr'><em>σύνεσιν</em></span> <span class='ocrx_word' id='word_1_329' title='bbox 1819 4065 1918 4118; x_wconf 78' lang='grc' dir='ltr'><em>καὶ</em></span> <span class='ocrx_word' id='word_1_330' title='bbox 1945 4067 2069 4121; x_wconf 79' lang='grc' dir='ltr'><em>ἐπιο</em></span> 
     </span>
    </p>
   </div>
   <div class='ocr_carea' id='block_1_47' title="bbox 494 4138 2068 4218">
    <p class='ocr_par' dir='ltr' id='par_1_47' title="bbox 494 4138 2068 4218">
     <span class='ocr_line' id='line_1_47' title="bbox 494 4138 2068 4218; baseline 0.008 -25"><span class='ocrx_word' id='word_1_331' title='bbox 494 4140 772 4208; x_wconf 80' lang='grc' dir='ltr'><em>στήμην;</em></span> <span class='ocrx_word' id='word_1_332' title='bbox 820 4138 881 4192; x_wconf 86' lang='grc' dir='ltr'><em>Τί</em></span> <span class='ocrx_word' id='word_1_333' title='bbox 925 4138 1035 4209; x_wconf 77' lang='grc' dir='ltr'><em>γὰρ</em></span> <span class='ocrx_word' id='word_1_334' title='bbox 1056 4139 1227 4208; x_wconf 82' lang='grc' dir='ltr'><em>μέλει</em></span> <span class='ocrx_word' id='word_1_335' title='bbox 1275 4139 1355 4205; x_wconf 85' lang='grc' dir='ltr'><em>τῷ</em></span> <span class='ocrx_word' id='word_1_336' title='bbox 1397 4143 1612 4210; x_wconf 81' lang='grc' dir='ltr'><em>Κυρίῳ,</em></span> <span class='ocrx_word' id='word_1_337' title='bbox 1645 4143 1755 4198; x_wconf 82' lang='grc' dir='ltr'><em>ἐὰν</em></span> <span class='ocrx_word' id='word_1_338' title='bbox 1780 4146 1861 4200; x_wconf 88' lang='grc' dir='ltr'><em>σὺ</em></span> <span class='ocrx_word' id='word_1_339' title='bbox 1907 4144 2068 4218; x_wconf 82' lang='grc' dir='ltr'><em>ἦσθα</em></span> 
     </span>
    </p>
   </div>
   <div class='ocr_carea' id='block_1_48' title="bbox 494 4221 2067 4302">
    <p class='ocr_par' dir='ltr' id='par_1_48' title="bbox 494 4221 2067 4302">
     <span class='ocr_line' id='line_1_48' title="bbox 494 4221 2067 4302; baseline 0.007 -27"><span class='ocrx_word' id='word_1_340' title='bbox 494 4221 619 4289; x_wconf 86' lang='grc' dir='ltr'><em>τοῖς</em></span> <span class='ocrx_word' id='word_1_341' title='bbox 635 4221 828 4291; x_wconf 78' lang='grc' dir='ltr'><em>ἔργοις</em></span> <span class='ocrx_word' id='word_1_342' title='bbox 853 4222 1158 4291; x_wconf 78' lang='grc' dir='ltr'><em>ἄμεμπτος</em></span> <span class='ocrx_word' id='word_1_343' title='bbox 1178 4239 1198 4286; x_wconf 86' lang='lat'><strong><em>;</em></strong></span> <span class='ocrx_word' id='word_1_344' title='bbox 1224 4223 1490 4277; x_wconf 80' lang='grc' dir='ltr'><em>Ἐνταῦθα</em></span> <span class='ocrx_word' id='word_1_345' title='bbox 1513 4225 1663 4293; x_wconf 83' lang='grc' dir='ltr'><em>λέγει</em></span> <span class='ocrx_word' id='word_1_346' title='bbox 1691 4228 1915 4297; x_wconf 60' lang='lat' dir='ltr'><em>unum</em></span> <span class='ocrx_word' id='word_1_347' title='bbox 1927 4233 2067 4302; x_wconf 79' lang='grc' dir='ltr'><em>πρὸς</em></span> 
     </span>
    </p>
   </div>
   <div class='ocr_carea' id='block_1_49' title="bbox 506 4302 2066 4381">
    <p class='ocr_par' dir='ltr' id='par_1_49' title="bbox 506 4302 2066 4381">
     <span class='ocr_line' id='line_1_49' title="bbox 506 4302 2066 4381; baseline 0.008 -24"><span class='ocrx_word' id='word_1_348' title='bbox 506 4302 646 4370; x_wconf 81' lang='grc' dir='ltr'><em>Ἰὼϐ,</em></span> <span class='ocrx_word' id='word_1_349' title='bbox 671 4305 751 4358; x_wconf 84' lang='grc' dir='ltr'><em>ὅτι</em></span> <span class='ocrx_word' id='word_1_350' title='bbox 795 4302 994 4375; x_wconf 85' lang='grc' dir='ltr'><em>Χήρας</em></span> <span class='ocrx_word' id='word_1_351' title='bbox 1012 4304 1449 4373; x_wconf 80' lang='grc' dir='ltr'><em>ἐξαπέστειλας</em></span> <span class='ocrx_word' id='word_1_352' title='bbox 1465 4308 1666 4374; x_wconf 86' lang='grc' dir='ltr'><em>κενὰς,</em></span> <span class='ocrx_word' id='word_1_353' title='bbox 1686 4309 1985 4381; x_wconf 81' lang='grc' dir='ltr'><em>ὀρφανοὺς</em></span> <span class='ocrx_word' id='word_1_354' title='bbox 1995 4315 2066 4369; x_wconf 81' lang='lat'><em>66</em></span> 
     </span>
    </p>
   </div>
   <div class='ocr_carea' id='block_1_50' title="bbox 492 4385 2063 4461">
    <p class='ocr_par' dir='ltr' id='par_1_50' title="bbox 492 4385 2063 4461">
     <span class='ocr_line' id='line_1_50' title="bbox 492 4385 2063 4461; baseline 0.002 -22"><span class='ocrx_word' id='word_1_355' title='bbox 492 4385 824 4454; x_wconf 77' lang='grc' dir='ltr'><em>έκάκωσας.</em></span> <span class='ocrx_word' id='word_1_356' title='bbox 853 4389 964 4442; x_wconf 85' lang='lat' dir='ltr'><strong><em>Kal</em></strong></span> <span class='ocrx_word' id='word_1_357' title='bbox 996 4388 1189 4454; x_wconf 80' lang='grc' dir='ltr'><em>είπας,</em></span> <span class='ocrx_word' id='word_1_358' title='bbox 1230 4390 1292 4442; x_wconf 94' lang='grc' dir='ltr'><em>Τί</em></span> <span class='ocrx_word' id='word_1_359' title='bbox 1321 4389 1474 4459; x_wconf 69' lang='grc' dir='ltr'><em>ἔγνω</em></span> <span class='ocrx_word' id='word_1_360' title='bbox 1495 4394 1527 4444; x_wconf 96' lang='lat'><em>6</em></span> <span class='ocrx_word' id='word_1_361' title='bbox 1551 4394 1841 4461; x_wconf 81' lang='grc' dir='ltr'><em>ὶσχυρός;</em></span> <span class='ocrx_word' id='word_1_362' title='bbox 1876 4401 1940 4452; x_wconf 80' lang='lat' dir='ltr'><em>Ol</em></span> <span class='ocrx_word' id='word_1_363' title='bbox 1962 4399 2063 4454; x_wconf 88' lang='grc' dir='ltr'><em>λέ-</em></span> 
     </span>
    </p>
   </div>
   <div class='ocr_carea' id='block_1_51' title="bbox 493 4468 2062 4546">
    <p class='ocr_par' dir='ltr' id='par_1_51' title="bbox 493 4468 2062 4546">
     <span class='ocr_line' id='line_1_51' title="bbox 493 4468 2062 4546; baseline 0.01 -24"><span class='ocrx_word' id='word_1_364' title='bbox 493 4485 728 4538; x_wconf 88' lang='grc' dir='ltr'><em>γοντες,</em></span> <span class='ocrx_word' id='word_1_365' title='bbox 761 4468 827 4523; x_wconf 86' lang='grc' dir='ltr'><em>Τί</em></span> <span class='ocrx_word' id='word_1_366' title='bbox 852 4471 1096 4540; x_wconf 88' lang='grc' dir='ltr'><em>ποιήσει</em></span> <span class='ocrx_word' id='word_1_367' title='bbox 1127 4470 1273 4540; x_wconf 76' lang='grc' dir='ltr'><em>ἡμῖν</em></span> <span class='ocrx_word' id='word_1_368' title='bbox 1301 4473 1550 4540; x_wconf 82' lang='grc' dir='ltr'><em>Κύριος;</em></span> <span class='ocrx_word' id='word_1_369' title='bbox 1578 4476 1674 4529; x_wconf 79' lang='grc' dir='ltr'><em>καί</em></span> <span class='ocrx_word' id='word_1_370' title='bbox 1704 4477 1762 4529; x_wconf 91' lang='grc' dir='ltr'><em>τί</em></span> <span class='ocrx_word' id='word_1_371' title='bbox 1781 4479 2062 4546; x_wconf 79' lang='grc' dir='ltr'><em>ἐπάξεται</em></span> 
     </span>
    </p>
   </div>
   <div class='ocr_carea' id='block_1_52' title="bbox 492 4549 2060 4628">
    <p class='ocr_par' dir='ltr' id='par_1_52' title="bbox 492 4549 2060 4628">
     <span class='ocr_line' id='line_1_52' title="bbox 492 4549 2060 4628; baseline 0.006 -25"><span class='ocrx_word' id='word_1_372' title='bbox 492 4549 639 4620; x_wconf 72' lang='grc' dir='ltr'><em>ἡμῖν</em></span> <span class='ocrx_word' id='word_1_373' title='bbox 676 4554 710 4605; x_wconf 93' lang='lat'><em>6</em></span> <span class='ocrx_word' id='word_1_374' title='bbox 737 4550 981 4605; x_wconf 87' lang='grc' dir='ltr'><em>πάντων</em></span> <span class='ocrx_word' id='word_1_375' title='bbox 1013 4551 1280 4620; x_wconf 85' lang='grc' dir='ltr'><em>κρατῶν;</em></span> <span class='ocrx_word' id='word_1_376' title='bbox 1314 4554 1388 4607; x_wconf 87' lang='grc' dir='ltr'><em>Πε</em></span> <span class='ocrx_word' id='word_1_377' title='bbox 1398 4555 1450 4624; x_wconf 77' lang='lat' dir='ltr'><strong><em>pl</em></strong></span> <span class='ocrx_word' id='word_1_378' title='bbox 1470 4554 1585 4621; x_wconf 83' lang='grc' dir='ltr'><em>τοῦ,</em></span> <span class='ocrx_word' id='word_1_379' title='bbox 1616 4561 1888 4628; x_wconf 79' lang='grc' dir='ltr'><em>Καθαρὸν</em></span> <span class='ocrx_word' id='word_1_380' title='bbox 1912 4566 2060 4621; x_wconf 78' lang='grc' dir='ltr'><em>ἀπο.</em></span> 
     </span>
    </p>
   </div>
   <div class='ocr_carea' id='block_1_53' title="bbox 495 4632 2056 4715">
    <p class='ocr_par' dir='ltr' id='par_1_53' title="bbox 495 4632 2056 4715">
     <span class='ocr_line' id='line_1_53' title="bbox 495 4632 2056 4715; baseline 0.006 -28"><span class='ocrx_word' id='word_1_381' title='bbox 495 4632 676 4688; x_wconf 87' lang='grc' dir='ltr'><em>δώσει</em></span> <span class='ocrx_word' id='word_1_382' title='bbox 704 4648 779 4687; x_wconf 91' lang='grc' dir='ltr'><em>σε</em></span> <span class='ocrx_word' id='word_1_383' title='bbox 817 4635 1032 4702; x_wconf 82' lang='grc' dir='ltr'><em>Κύριος</em></span> <span class='ocrx_word' id='word_1_384' title='bbox 1070 4635 1274 4704; x_wconf 86' lang='grc' dir='ltr'><em>ὥσπερ</em></span> <span class='ocrx_word' id='word_1_385' title='bbox 1305 4636 1569 4706; x_wconf 85' lang='grc' dir='ltr'><em>ἀργυρον</em></span> <span class='ocrx_word' id='word_1_386' title='bbox 1611 4646 2056 4715; x_wconf 79' lang='grc' dir='ltr'><em>πεπυρωμένον,</em></span> 
     </span>
    </p>
   </div>
   <div class='ocr_carea' id='block_1_54' title="bbox 503 4717 2059 4800">
    <p class='ocr_par' dir='ltr' id='par_1_54' title="bbox 503 4717 2059 4800">
     <span class='ocr_line' id='line_1_54' title="bbox 503 4717 2059 4800; baseline 0.029 -55"><span class='ocrx_word' id='word_1_387' title='bbox 503 4717 867 4800; x_wconf 58' lang='grc' dir='ltr'><em>Ἀνάϐλεψον</em></span> <span class='ocrx_word' id='word_1_388' title='bbox 892 4721 981 4784; x_wconf 80' lang='grc' dir='ltr'><em>εις</em></span> <span class='ocrx_word' id='word_1_389' title='bbox 1008 4718 1116 4772; x_wconf 83' lang='grc' dir='ltr'><em>τὸν</em></span> <span class='ocrx_word' id='word_1_390' title='bbox 1146 4720 1410 4786; x_wconf 70' lang='grc' dir='ltr'><em>οἰφανὸν</em></span> <span class='ocrx_word' id='word_1_391' title='bbox 1439 4721 1675 4790; x_wconf 74' lang='grc' dir='ltr'><em>ἱλαρῶς.</em></span> <span class='ocrx_word' id='word_1_392' title='bbox 1711 4728 2059 4800; x_wconf 78' lang='grc' dir='ltr'><em>Εὐξαμένου</em></span> 
     </span>
    </p>
   </div>
   <div class='ocr_carea' id='block_1_55' title="bbox 487 4799 2060 4876">
    <p class='ocr_par' dir='ltr' id='par_1_55' title="bbox 487 4799 2060 4876">
     <span class='ocr_line' id='line_1_55' title="bbox 487 4799 2060 4876; baseline 0.004 -23"><span class='ocrx_word' id='word_1_393' title='bbox 487 4799 557 4854; x_wconf 86' lang='grc' dir='ltr'><em>δέ</em></span> <span class='ocrx_word' id='word_1_394' title='bbox 585 4818 701 4856; x_wconf 84' lang='grc' dir='ltr'><em>σου</em></span> <span class='ocrx_word' id='word_1_395' title='bbox 746 4801 897 4870; x_wconf 81' lang='grc' dir='ltr'><em>πρὸς</em></span> <span class='ocrx_word' id='word_1_396' title='bbox 921 4803 1127 4864; x_wconf 81' lang='grc' dir='ltr'><em>αὑτὸν,</em></span> <span class='ocrx_word' id='word_1_397' title='bbox 1162 4804 1585 4859; x_wconf 81' lang='grc' dir='ltr'><em>είσακούσεταί</em></span> <span class='ocrx_word' id='word_1_398' title='bbox 1620 4825 1758 4876; x_wconf 90' lang='grc' dir='ltr'><em>σου,</em></span> <span class='ocrx_word' id='word_1_399' title='bbox 1794 4799 1891 4867; x_wconf 62' lang='grc' dir='ltr'><em>καὶ</em></span> <span class='ocrx_word' id='word_1_400' title='bbox 1935 4815 2060 4871; x_wconf 83' lang='grc' dir='ltr'><em>δια-</em></span> 
     </span>
    </p>
   </div>
   <div class='ocr_carea' id='block_1_56' title="bbox 486 4885 1494 4956">
    <p class='ocr_par' dir='ltr' id='par_1_56' title="bbox 486 4885 1494 4956">
     <span class='ocr_line' id='line_1_56' title="bbox 486 4885 1494 4956; baseline 0.004 -19"><span class='ocrx_word' id='word_1_401' title='bbox 486 4885 735 4953; x_wconf 79' lang='grc' dir='ltr'><em>σωθήσῃ</em></span> <span class='ocrx_word' id='word_1_402' title='bbox 760 4885 831 4938; x_wconf 82' lang='grc' dir='ltr'><em>ἐν</em></span> <span class='ocrx_word' id='word_1_403' title='bbox 851 4885 1134 4955; x_wconf 85' lang='grc' dir='ltr'><em>καθαραῖς</em></span> <span class='ocrx_word' id='word_1_404' title='bbox 1159 4886 1334 4956; x_wconf 80' lang='grc' dir='ltr'><em>χερσί</em></span> <span class='ocrx_word' id='word_1_405' title='bbox 1359 4903 1494 4941; x_wconf 91' lang='grc' dir='ltr'><em>σου.</em></span> 
     </span>
    </p>
   </div>
   <div class='ocr_carea' id='block_1_57' title="bbox 557 4979 2054 5067">
    <p class='ocr_par' dir='ltr' id='par_1_57' title="bbox 557 4979 2054 5067">
     <span class='ocr_line' id='line_1_57' title="bbox 557 4979 2054 5067; baseline 0.014 -37"><span class='ocrx_word' id='word_1_406' title='bbox 557 4979 728 5067; x_wconf 52' lang='grc' dir='ltr'><em>Τρίτῃ</em></span> <span class='ocrx_word' id='word_1_407' title='bbox 765 4979 858 5034; x_wconf 81' lang='grc' dir='ltr'><em>τοῦ</em></span> <span class='ocrx_word' id='word_1_408' title='bbox 916 4979 1036 5067; x_wconf 71' lang='grc' dir='ltr'><em>Ἰὼϐ</em></span> <span class='ocrx_word' id='word_1_409' title='bbox 1085 4981 1349 5067; x_wconf 78' lang='grc' dir='ltr'><em>ἀντίλεξις</em></span> <span class='ocrx_word' id='word_1_410' title='bbox 1388 4983 1524 5055; x_wconf 80' lang='grc' dir='ltr'><em>πρὸς</em></span> <span class='ocrx_word' id='word_1_411' title='bbox 1565 4986 1803 5060; x_wconf 76' lang='grc' dir='ltr'><em>Ἐλιφάζ.</em></span> <span class='ocrx_word' id='word_1_412' title='bbox 1834 4994 1943 5048; x_wconf 81' lang='grc' dir='ltr'><em>Καὶ</em></span> <span class='ocrx_word' id='word_1_413' title='bbox 1976 4995 2054 5067; x_wconf 79' lang='grc' dir='ltr'><em>δὴ</em></span> 
     </span>
    </p>
   </div>
   <div class='ocr_carea' id='block_1_58' title="bbox 485 5054 2057 5144">
    <p class='ocr_par' dir='ltr' id='par_1_58' title="bbox 485 5054 2057 5144">
     <span class='ocr_line' id='line_1_58' title="bbox 485 5054 2057 5144; baseline 0.013 -30"><span class='ocrx_word' id='word_1_414' title='bbox 485 5054 641 5122; x_wconf 72' lang='grc' dir='ltr'><em>οἶδα,</em></span> <span class='ocrx_word' id='word_1_415' title='bbox 676 5061 764 5114; x_wconf 84' lang='grc' dir='ltr'><em>ὅτι</em></span> <span class='ocrx_word' id='word_1_416' title='bbox 787 5066 984 5131; x_wconf 77' lang='grc' dir='ltr'><em>χειρός</em></span> <span class='ocrx_word' id='word_1_417' title='bbox 1016 5081 1129 5131; x_wconf 85' lang='grc' dir='ltr'><em>μου</em></span> <span class='ocrx_word' id='word_1_418' title='bbox 1152 5065 1190 5131; x_wconf 77' lang='grc' dir='ltr'><em>ή</em></span> <span class='ocrx_word' id='word_1_419' title='bbox 1218 5064 1597 5138; x_wconf 80' lang='grc' dir='ltr'><em>ἐλεημοσύνη</em></span> <span class='ocrx_word' id='word_1_420' title='bbox 1621 5054 1738 5141; x_wconf 73' lang='grc' dir='ltr'><em>μού</em></span> <span class='ocrx_word' id='word_1_421' title='bbox 1768 5054 1921 5144; x_wconf 69' lang='grc' dir='ltr'><em>έστι,</em></span> <span class='ocrx_word' id='word_1_422' title='bbox 1954 5054 2057 5135; x_wconf 63' lang='grc' dir='ltr'><em>καὶ</em></span> 
     </span>
    </p>
   </div>
   <div class='ocr_carea' id='block_1_59' title="bbox 486 5143 2056 5229">
    <p class='ocr_par' dir='ltr' id='par_1_59' title="bbox 486 5143 2056 5229">
     <span class='ocr_line' id='line_1_59' title="bbox 486 5143 2056 5229; baseline 0.011 -35"><span class='ocrx_word' id='word_1_423' title='bbox 486 5143 526 5229; x_wconf 71' lang='grc' dir='ltr'><em>η</em></span> <span class='ocrx_word' id='word_1_424' title='bbox 554 5147 683 5211; x_wconf 74' lang='grc' dir='ltr'><em>χείρ</em></span> <span class='ocrx_word' id='word_1_425' title='bbox 704 5145 890 5229; x_wconf 56' lang='grc' dir='ltr'><em>αυτοῦ</em></span> <span class='ocrx_word' id='word_1_426' title='bbox 914 5146 1128 5213; x_wconf 80' lang='grc' dir='ltr'><em>,ϐαρεῖα</em></span> <span class='ocrx_word' id='word_1_427' title='bbox 1152 5148 1358 5217; x_wconf 69' lang='grc' dir='ltr'><em>γέγονε</em></span> <span class='ocrx_word' id='word_1_428' title='bbox 1381 5149 1474 5202; x_wconf 83' lang='grc' dir='ltr'><em>ἐπ’</em></span> <span class='ocrx_word' id='word_1_429' title='bbox 1484 5151 1606 5222; x_wconf 80' lang='grc' dir='ltr'><em>ἐμῷ</em></span> <span class='ocrx_word' id='word_1_430' title='bbox 1632 5143 1960 5229; x_wconf 75' lang='grc' dir='ltr'><em>στεναγμῷ,</em></span> <span class='ocrx_word' id='word_1_431' title='bbox 1984 5166 2056 5218; x_wconf 64' lang='lat' dir='ltr'><em>Et</em></span> 
     </span>
    </p>
   </div>
   <div class='ocr_carea' id='block_1_60' title="bbox 482 5224 2054 5314">
    <p class='ocr_par' dir='ltr' id='par_1_60' title="bbox 482 5224 2054 5314">
     <span class='ocr_line' id='line_1_60' title="bbox 482 5224 2054 5314; baseline 0.013 -37"><span class='ocrx_word' id='word_1_432' title='bbox 482 5226 556 5314; x_wconf 62' lang='grc' dir='ltr'><em>έν</em></span> <span class='ocrx_word' id='word_1_433' title='bbox 573 5224 777 5295; x_wconf 76' lang='grc' dir='ltr'><em>πολλῇ</em></span> <span class='ocrx_word' id='word_1_434' title='bbox 796 5229 969 5314; x_wconf 73' lang='grc' dir='ltr'><em>ίσχύτ</em></span> <span class='ocrx_word' id='word_1_435' title='bbox 984 5229 1374 5286; x_wconf 83' lang='grc' dir='ltr'><em>ἐπελεύσεταί</em></span> <span class='ocrx_word' id='word_1_436' title='bbox 1393 5251 1496 5302; x_wconf 75' lang='grc' dir='ltr'><em>μοι</em></span> <span class='ocrx_word' id='word_1_437' title='bbox 1514 5237 1753 5304; x_wconf 84' lang='grc' dir='ltr'><em>σκότος.</em></span> <span class='ocrx_word' id='word_1_438' title='bbox 1793 5224 2054 5314; x_wconf 75' lang='grc' dir='ltr'><em>’Ᾰσεϐεῖς</em></span> 
     </span>
    </p>
   </div>
   <div class='ocr_carea' id='block_1_61' title="bbox 483 5308 2054 5396">
    <p class='ocr_par' dir='ltr' id='par_1_61' title="bbox 483 5308 2054 5396">
     <span class='ocr_line' id='line_1_61' title="bbox 483 5308 2054 5396; baseline 0.013 -34"><span class='ocrx_word' id='word_1_439' title='bbox 483 5308 627 5396; x_wconf 63' lang='grc' dir='ltr'><em>δρον</em></span> <span class='ocrx_word' id='word_1_440' title='bbox 641 5308 1038 5396; x_wconf 66' lang='grc' dir='ltr'><em>ῦπερέϐησαν,</em></span> <span class='ocrx_word' id='word_1_441' title='bbox 1055 5314 1150 5367; x_wconf 77' lang='grc' dir='ltr'><em>καὶ</em></span> <span class='ocrx_word' id='word_1_442' title='bbox 1172 5316 1435 5396; x_wconf 75' lang='grc' dir='ltr'><em>γυμνοὺς</em></span> <span class='ocrx_word' id='word_1_443' title='bbox 1451 5322 1724 5389; x_wconf 84' lang='grc' dir='ltr'><em>πολλοὺς</em></span> <span class='ocrx_word' id='word_1_444' title='bbox 1740 5308 2054 5396; x_wconf 62' lang='grc' dir='ltr'><em>ἐκοιζιιισαν</em></span> 
     </span>
    </p>
   </div>
   <div class='ocr_carea' id='block_1_62' title="bbox 481 5387 2051 5466">
    <p class='ocr_par' dir='ltr' id='par_1_62' title="bbox 481 5387 2051 5466">
     <span class='ocr_line' id='line_1_62' title="bbox 481 5387 2051 5466; baseline 0.017 -28"><span class='ocrx_word' id='word_1_445' title='bbox 481 5387 635 5466; x_wconf 77' lang='grc' dir='ltr'><em>ἄνευ</em></span> <span class='ocrx_word' id='word_1_446' title='bbox 664 5388 927 5466; x_wconf 78' lang='grc' dir='ltr'><em>ἱματίων.</em></span> <span class='ocrx_word' id='word_1_447' title='bbox 975 5391 1321 5462; x_wconf 78' lang='grc' dir='ltr'><em>Ἀναφανείη</em></span> <span class='ocrx_word' id='word_1_448' title='bbox 1372 5396 1445 5451; x_wconf 79' lang='grc' dir='ltr'><em>τὰ</em></span> <span class='ocrx_word' id='word_1_449' title='bbox 1475 5399 1634 5466; x_wconf 79' lang='grc' dir='ltr'><em>φυτὰ</em></span> <span class='ocrx_word' id='word_1_450' title='bbox 1686 5387 1884 5459; x_wconf 75' lang='grc' dir='ltr'><em>αὐτῶν</em></span> <span class='ocrx_word' id='word_1_451' title='bbox 1931 5410 2051 5465; x_wconf 84' lang='grc' dir='ltr'><em>ἀπὸ</em></span> 
     </span>
    </p>
   </div>
   <div class='ocr_carea' id='block_1_63' title="bbox 483 5463 1893 5549">
    <p class='ocr_par' dir='ltr' id='par_1_63' title="bbox 483 5463 1893 5549">
     <span class='ocr_line' id='line_1_63' title="bbox 483 5463 1893 5549; baseline 0.018 -34"><span class='ocrx_word' id='word_1_452' title='bbox 483 5463 595 5534; x_wconf 80' lang='grc' dir='ltr'><em>γῆς</em></span> <span class='ocrx_word' id='word_1_453' title='bbox 615 5465 798 5533; x_wconf 79' lang='grc' dir='ltr'><em>ξηρά·</em></span> <span class='ocrx_word' id='word_1_454' title='bbox 829 5468 1125 5537; x_wconf 70' lang='grc' dir='ltr'><em>ἀγκαλίδιι</em></span> <span class='ocrx_word' id='word_1_455' title='bbox 1145 5472 1254 5541; x_wconf 84' lang='grc' dir='ltr'><em>γὰρ</em></span> <span class='ocrx_word' id='word_1_456' title='bbox 1286 5463 1562 5543; x_wconf 72' lang='grc' dir='ltr'><em>ὀρφανῶν</em></span> <span class='ocrx_word' id='word_1_457' title='bbox 1590 5479 1893 5549; x_wconf 79' lang='grc' dir='ltr'><em>ἥρπασαν.</em></span> 
     </span>
    </p>
   </div>
   <div class='ocr_carea' id='block_1_64' title="bbox 553 5561 2049 5654">
    <p class='ocr_par' dir='ltr' id='par_1_64' title="bbox 553 5561 2049 5654">
     <span class='ocr_line' id='line_1_64' title="bbox 553 5561 2049 5654; baseline 0.018 -42"><span class='ocrx_word' id='word_1_458' title='bbox 553 5561 746 5632; x_wconf 81' lang='grc' dir='ltr'><em>Τρίτος</em></span> <span class='ocrx_word' id='word_1_459' title='bbox 785 5562 1071 5621; x_wconf 78' lang='grc' dir='ltr'><em>ὑπολαϐὼν</em></span> <span class='ocrx_word' id='word_1_460' title='bbox 1130 5570 1337 5625; x_wconf 77' lang='grc' dir='ltr'><em>Βαλδὰδ</em></span> <span class='ocrx_word' id='word_1_461' title='bbox 1377 5573 1555 5642; x_wconf 81' lang='grc' dir='ltr'><em>λέγει·</em></span> <span class='ocrx_word' id='word_1_462' title='bbox 1603 5576 1666 5630; x_wconf 85' lang='lat'><em>&#39;0</em></span> <span class='ocrx_word' id='word_1_463' title='bbox 1720 5581 1907 5635; x_wconf 86' lang='grc' dir='ltr'><em>ποιῶν</em></span> <span class='ocrx_word' id='word_1_464' title='bbox 1936 5584 2049 5654; x_wconf 77' lang='grc' dir='ltr'><em>τὴν</em></span> 
     </span>
    </p>
   </div>
   <div class='ocr_carea' id='block_1_65' title="bbox 478 5645 2045 5733">
    <p class='ocr_par' dir='ltr' id='par_1_65' title="bbox 478 5645 2045 5733">
     <span class='ocr_line' id='line_1_65' title="bbox 478 5645 2045 5733; baseline 0.018 -35"><span class='ocrx_word' id='word_1_465' title='bbox 478 5645 812 5713; x_wconf 76' lang='grc' dir='ltr'><em>σύμπασαν</em></span> <span class='ocrx_word' id='word_1_466' title='bbox 848 5648 917 5707; x_wconf 85' lang='grc' dir='ltr'><em>ἐν</em></span> <span class='ocrx_word' id='word_1_467' title='bbox 944 5652 1204 5722; x_wconf 67' lang='grc' dir='ltr'><em>ὑψίστῳ.</em></span> <span class='ocrx_word' id='word_1_468' title='bbox 1237 5655 1333 5725; x_wconf 74' lang='grc' dir='ltr'><em>Μὴ</em></span> <span class='ocrx_word' id='word_1_469' title='bbox 1362 5657 1470 5727; x_wconf 78' lang='grc' dir='ltr'><em>γάρ</em></span> <span class='ocrx_word' id='word_1_470' title='bbox 1500 5678 1587 5727; x_wconf 86' lang='grc' dir='ltr'><em>τις</em></span> <span class='ocrx_word' id='word_1_471' title='bbox 1616 5664 1926 5733; x_wconf 81' lang='grc' dir='ltr'><em>ὑπολάϐοι,</em></span> <span class='ocrx_word' id='word_1_472' title='bbox 1957 5645 2045 5725; x_wconf 74' lang='grc' dir='ltr'><em>ὅτι</em></span> 
     </span>
    </p>
   </div>
   <div class='ocr_carea' id='block_1_66' title="bbox 1257 259 3089 334">
    <p class='ocr_par' dir='ltr' id='par_1_66' title="bbox 1257 259 3089 334">
     <span class='ocr_line' id='line_1_66' title="bbox 1257 259 3089 334; baseline 0.01 -19"><span class='ocrx_word' id='word_1_473' title='bbox 1257 260 1315 315; x_wconf 86' lang='lat' dir='ltr'><em>S.</em></span> <span class='ocrx_word' id='word_1_474' title='bbox 1353 259 1637 318; x_wconf 75' lang='lat' dir='ltr'><em>JOANMS</em></span> <span class='ocrx_word' id='word_1_475' title='bbox 1671 263 2155 327; x_wconf 67' lang='grc' dir='ltr'><em>ειιιιγεοετοιιι</em></span> <span class='ocrx_word' id='word_1_476' title='bbox 2192 269 2512 332; x_wconf 75' lang='lat' dir='ltr'><em>ARCHIEP.</em></span> <span class='ocrx_word' id='word_1_477' title='bbox 2545 274 3089 334; x_wconf 79' lang='lat' dir='ltr'><em>CONSTANTINOP.</em></span> 
     </span>
    </p>
   </div>
   <div class='ocr_carea' id='block_1_67' title="bbox 3678 281 3789 336">
    <p class='ocr_par' dir='ltr' id='par_1_67' title="bbox 3678 281 3789 336">
     <span class='ocr_line' id='line_1_67' title="bbox 3678 281 3789 336; baseline 0 -38"><span class='ocrx_word' id='word_1_478' title='bbox 3678 281 3789 336; x_wconf 55' lang='lat' dir='ltr'><em>5w</em></span> 
     </span>
    </p>
   </div>
   <div class='ocr_carea' id='block_1_68' title="bbox 2210 391 3790 466">
    <p class='ocr_par' dir='ltr' id='par_1_68' title="bbox 2210 391 3790 466">
     <span class='ocr_line' id='line_1_68' title="bbox 2210 391 3790 466; baseline 0.006 -20"><span class='ocrx_word' id='word_1_479' title='bbox 2210 391 2346 447; x_wconf 73' lang='grc' dir='ltr'><em>ἐστὶ</em></span> <span class='ocrx_word' id='word_1_480' title='bbox 2374 392 2753 463; x_wconf 84' lang='grc' dir='ltr'><em>παρέλκυσις</em></span> <span class='ocrx_word' id='word_1_481' title='bbox 2768 396 3083 465; x_wconf 80' lang='grc' dir='ltr'><em>σπείραντι</em></span> <span class='ocrx_word' id='word_1_482' title='bbox 3105 395 3167 461; x_wconf 86' lang='grc' dir='ltr'><em>(ί.</em></span> <span class='ocrx_word' id='word_1_483' title='bbox 3198 396 3525 466; x_wconf 76' lang='grc' dir='ltr'><em>πειραταῖς).</em></span> <span class='ocrx_word' id='word_1_484' title='bbox 3553 397 3686 464; x_wconf 79' lang='grc' dir='ltr'><em>Ιιῶς</em></span> <span class='ocrx_word' id='word_1_485' title='bbox 3713 398 3790 456; x_wconf 65' lang='lat'><em>66</em></span> 
     </span>
    </p>
   </div>
   <div class='ocr_carea' id='block_1_69' title="bbox 2209 475 3787 549">
    <p class='ocr_par' dir='ltr' id='par_1_69' title="bbox 2209 475 3787 549">
     <span class='ocr_line' id='line_1_69' title="bbox 2209 475 3787 549; baseline 0.004 -21"><span class='ocrx_word' id='word_1_486' title='bbox 2209 475 2442 543; x_wconf 87' lang='grc' dir='ltr'><em>δίκαιος</em></span> <span class='ocrx_word' id='word_1_487' title='bbox 2463 476 2687 547; x_wconf 79' lang='grc' dir='ltr'><em>,βροτὸς</em></span> <span class='ocrx_word' id='word_1_488' title='bbox 2709 478 2915 532; x_wconf 79' lang='grc' dir='ltr'><em>ἔναντι</em></span> <span class='ocrx_word' id='word_1_489' title='bbox 2936 478 3194 546; x_wconf 87' lang='grc' dir='ltr'><em>Κυρίου;</em></span> <span class='ocrx_word' id='word_1_490' title='bbox 3225 478 3361 532; x_wconf 84' lang='grc' dir='ltr'><em>Ἐὰν</em></span> <span class='ocrx_word' id='word_1_491' title='bbox 3380 478 3449 533; x_wconf 82' lang='lat'><em>66</em></span> <span class='ocrx_word' id='word_1_492' title='bbox 3475 479 3787 549; x_wconf 74' lang='grc' dir='ltr'><em>ἄνθρωπος</em></span> 
     </span>
    </p>
   </div>
   <div class='ocr_carea' id='block_1_70' title="bbox 2207 558 3471 629">
    <p class='ocr_par' dir='ltr' id='par_1_70' title="bbox 2207 558 3471 629">
     <span class='ocr_line' id='line_1_70' title="bbox 2207 558 3471 629; baseline 0.003 -18"><span class='ocrx_word' id='word_1_493' title='bbox 2207 559 2458 628; x_wconf 87' lang='grc' dir='ltr'><em>σαπρία,</em></span> <span class='ocrx_word' id='word_1_494' title='bbox 2486 560 2585 614; x_wconf 77' lang='grc' dir='ltr'><em>καὶ</em></span> <span class='ocrx_word' id='word_1_495' title='bbox 2614 561 2667 614; x_wconf 83' lang='grc' dir='ltr'><em>εί</em></span> <span class='ocrx_word' id='word_1_496' title='bbox 2701 560 2832 626; x_wconf 84' lang='grc' dir='ltr'><em>υίὸς</em></span> <span class='ocrx_word' id='word_1_497' title='bbox 2854 559 3170 629; x_wconf 84' lang='grc' dir='ltr'><em>ἀνθρώπου</em></span> <span class='ocrx_word' id='word_1_498' title='bbox 3187 558 3434 628; x_wconf 73' lang='grc' dir='ltr'><em>σκώληξ</em></span> <span class='ocrx_word' id='word_1_499' title='bbox 3454 579 3471 628; x_wconf 71' lang='grc' dir='ltr'><em>ς</em></span> 
     </span>
    </p>
   </div>
   <div class='ocr_carea' id='block_1_71' title="bbox 2278 666 3786 742">
    <p class='ocr_par' dir='ltr' id='par_1_71' title="bbox 2278 666 3786 742">
     <span class='ocr_line' id='line_1_71' title="bbox 2278 666 3786 742; baseline 0.006 -24"><span class='ocrx_word' id='word_1_500' title='bbox 2278 666 2449 739; x_wconf 83' lang='grc' dir='ltr'><em>Τρίτη</em></span> <span class='ocrx_word' id='word_1_501' title='bbox 2477 667 2571 722; x_wconf 72' lang='grc' dir='ltr'><em>τοῦ</em></span> <span class='ocrx_word' id='word_1_502' title='bbox 2609 668 2732 724; x_wconf 88' lang='grc' dir='ltr'><em>Ἰὼϐ</em></span> <span class='ocrx_word' id='word_1_503' title='bbox 2754 669 2892 742; x_wconf 78' lang='grc' dir='ltr'><em>πρὸς</em></span> <span class='ocrx_word' id='word_1_504' title='bbox 2931 668 3137 724; x_wconf 68' lang='grc' dir='ltr'><em>Βαλδὰδ</em></span> <span class='ocrx_word' id='word_1_505' title='bbox 3157 669 3449 735; x_wconf 77' lang='grc' dir='ltr'><em>ἀντίλεξις·</em></span> <span class='ocrx_word' id='word_1_506' title='bbox 3489 672 3609 726; x_wconf 85' lang='grc' dir='ltr'><em>Τίνι</em></span> <span class='ocrx_word' id='word_1_507' title='bbox 3634 673 3786 740; x_wconf 71' lang='grc' dir='ltr'><em>μέλ-</em></span> 
     </span>
    </p>
   </div>
   <div class='ocr_carea' id='block_1_72' title="bbox 2204 747 3783 823">
    <p class='ocr_par' dir='ltr' id='par_1_72' title="bbox 2204 747 3783 823">
     <span class='ocr_line' id='line_1_72' title="bbox 2204 747 3783 823; baseline 0.003 -18"><span class='ocrx_word' id='word_1_508' title='bbox 2204 752 2338 816; x_wconf 87' lang='grc' dir='ltr'><em>λεις</em></span> <span class='ocrx_word' id='word_1_509' title='bbox 2357 751 2644 818; x_wconf 82' lang='grc' dir='ltr'><em>,ϐοηθεῖν;</em></span> <span class='ocrx_word' id='word_1_510' title='bbox 2672 751 2710 821; x_wconf 80' lang='grc' dir='ltr'><em>ἢ</em></span> <span class='ocrx_word' id='word_1_511' title='bbox 2740 752 2858 806; x_wconf 90' lang='grc' dir='ltr'><em>τίνι</em></span> <span class='ocrx_word' id='word_1_512' title='bbox 2876 752 3421 818; x_wconf 79' lang='grc' dir='ltr'><em>ἐπακολουθήσεις;</em></span> <span class='ocrx_word' id='word_1_513' title='bbox 3448 755 3573 822; x_wconf 83' lang='grc' dir='ltr'><em>Οὐχ</em></span> <span class='ocrx_word' id='word_1_514' title='bbox 3604 747 3655 820; x_wconf 84' lang='grc' dir='ltr'>ᾧ</span> <span class='ocrx_word' id='word_1_515' title='bbox 3676 772 3783 823; x_wconf 80' lang='grc' dir='ltr'><em>με·</em></span> 
     </span>
    </p>
   </div>
   <div class='ocr_carea' id='block_1_73' title="bbox 2202 831 3779 903">
    <p class='ocr_par' dir='ltr' id='par_1_73' title="bbox 2202 831 3779 903">
     <span class='ocr_line' id='line_1_73' title="bbox 2202 831 3779 903; baseline 0.002 -16"><span class='ocrx_word' id='word_1_516' title='bbox 2202 833 2390 902; x_wconf 75' lang='grc' dir='ltr'><em>τίστη</em></span> <span class='ocrx_word' id='word_1_517' title='bbox 2412 833 2705 903; x_wconf 85' lang='grc' dir='ltr'><em>δύναμις;</em></span> <span class='ocrx_word' id='word_1_518' title='bbox 2734 832 2977 903; x_wconf 86' lang='grc' dir='ltr'><em>Γυμνός</em></span> <span class='ocrx_word' id='word_1_519' title='bbox 3000 831 3110 902; x_wconf 82' lang='grc' dir='ltr'><em>γὰρ</em></span> <span class='ocrx_word' id='word_1_520' title='bbox 3145 836 3178 887; x_wconf 92' lang='lat'><em>6</em></span> <span class='ocrx_word' id='word_1_521' title='bbox 3208 834 3358 901; x_wconf 82' lang='grc' dir='ltr'><em>ᾅδης</em></span> <span class='ocrx_word' id='word_1_522' title='bbox 3386 833 3643 889; x_wconf 78' lang='grc' dir='ltr'><em>ἐνώπιον</em></span> <span class='ocrx_word' id='word_1_523' title='bbox 3667 838 3779 891; x_wconf 80' lang='grc' dir='ltr'><em>αύ-</em></span> 
     </span>
    </p>
   </div>
   <div class='ocr_carea' id='block_1_74' title="bbox 2202 913 3781 987">
    <p class='ocr_par' dir='ltr' id='par_1_74' title="bbox 2202 913 3781 987">
     <span class='ocr_line' id='line_1_74' title="bbox 2202 913 3781 987; baseline 0.003 -19"><span class='ocrx_word' id='word_1_524' title='bbox 2202 915 2332 969; x_wconf 91' lang='grc' dir='ltr'><em>τοῦ.</em></span> <span class='ocrx_word' id='word_1_525' title='bbox 2394 915 2448 969; x_wconf 84' lang='grc'><em>’0</em></span> <span class='ocrx_word' id='word_1_526' title='bbox 2501 914 2799 986; x_wconf 77' lang='grc' dir='ltr'><em>κρεμάζων</em></span> <span class='ocrx_word' id='word_1_527' title='bbox 2852 913 2969 985; x_wconf 77' lang='grc' dir='ltr'><em>γῆν</em></span> <span class='ocrx_word' id='word_1_528' title='bbox 2998 913 3091 968; x_wconf 82' lang='grc' dir='ltr'><em>ἐπ’</em></span> <span class='ocrx_word' id='word_1_529' title='bbox 3138 916 3408 982; x_wconf 84' lang='grc' dir='ltr'><em>οὐδενὸς,</em></span> <span class='ocrx_word' id='word_1_530' title='bbox 3467 916 3781 987; x_wconf 82' lang='grc' dir='ltr'><em>δεσμεύων</em></span> 
     </span>
    </p>
   </div>
   <div class='ocr_carea' id='block_1_75' title="bbox 2203 994 3777 1068">
    <p class='ocr_par' dir='ltr' id='par_1_75' title="bbox 2203 994 3777 1068">
     <span class='ocr_line' id='line_1_75' title="bbox 2203 994 3777 1068; baseline 0.005 -19"><span class='ocrx_word' id='word_1_531' title='bbox 2203 994 2362 1065; x_wconf 81' lang='grc' dir='ltr'><em>ὕδωρ</em></span> <span class='ocrx_word' id='word_1_532' title='bbox 2391 997 2462 1053; x_wconf 83' lang='grc' dir='ltr'><em>ἐν</em></span> <span class='ocrx_word' id='word_1_533' title='bbox 2481 998 2763 1068; x_wconf 83' lang='grc' dir='ltr'><em>νεφέλαις</em></span> <span class='ocrx_word' id='word_1_534' title='bbox 2792 998 2999 1053; x_wconf 86' lang='grc' dir='ltr'><em>αὑτοῦ.</em></span> <span class='ocrx_word' id='word_1_535' title='bbox 3030 998 3442 1068; x_wconf 82' lang='grc' dir='ltr'><em>Προστάγματι</em></span> <span class='ocrx_word' id='word_1_536' title='bbox 3471 1000 3543 1055; x_wconf 93' lang='lat'><em>66</em></span> <span class='ocrx_word' id='word_1_537' title='bbox 3566 1001 3777 1057; x_wconf 73' lang='grc' dir='ltr'><em>ἐθανά-</em></span> 
     </span>
    </p>
   </div>
   <div class='ocr_carea' id='block_1_76' title="bbox 2200 1079 3086 1151">
    <p class='ocr_par' dir='ltr' id='par_1_76' title="bbox 2200 1079 3086 1151">
     <span class='ocr_line' id='line_1_76' title="bbox 2200 1079 3086 1151; baseline 0.005 -17"><span class='ocrx_word' id='word_1_538' title='bbox 2200 1095 2359 1135; x_wconf 89' lang='grc' dir='ltr'><em>τωσε</em></span> <span class='ocrx_word' id='word_1_539' title='bbox 2389 1079 2686 1151; x_wconf 88' lang='grc' dir='ltr'><em>δράκοντα</em></span> <span class='ocrx_word' id='word_1_540' title='bbox 2713 1080 3086 1150; x_wconf 83' lang='grc' dir='ltr'><em>ἀποστάτην.</em></span> 
     </span>
    </p>
   </div>
   <div class='ocr_carea' id='block_1_77' title="bbox 2276 1177 3776 1253">
    <p class='ocr_par' dir='ltr' id='par_1_77' title="bbox 2276 1177 3776 1253">
     <span class='ocr_line' id='line_1_77' title="bbox 2276 1177 3776 1253; baseline 0.003 -21"><span class='ocrx_word' id='word_1_541' title='bbox 2276 1177 2488 1248; x_wconf 79' lang='grc' dir='ltr'><em>Μηκέτι</em></span> <span class='ocrx_word' id='word_1_542' title='bbox 2516 1179 2841 1250; x_wconf 80' lang='grc' dir='ltr'><em>προσθέντος</em></span> <span class='ocrx_word' id='word_1_543' title='bbox 2880 1181 2975 1234; x_wconf 79' lang='grc' dir='ltr'><em>καὶ</em></span> <span class='ocrx_word' id='word_1_544' title='bbox 3014 1180 3107 1235; x_wconf 81' lang='grc' dir='ltr'><em>τοῦ</em></span> <span class='ocrx_word' id='word_1_545' title='bbox 3141 1180 3343 1253; x_wconf 79' lang='grc' dir='ltr'><em>Σωφάρ</em></span> <span class='ocrx_word' id='word_1_546' title='bbox 3385 1182 3605 1252; x_wconf 84' lang='grc' dir='ltr'><em>τρίτως,</em></span> <span class='ocrx_word' id='word_1_547' title='bbox 3656 1183 3776 1237; x_wconf 81' lang='grc' dir='ltr'><em>ἀλλ’</em></span> 
     </span>
    </p>
   </div>
   <div class='ocr_carea' id='block_1_78' title="bbox 2201 1259 3771 1333">
    <p class='ocr_par' dir='ltr' id='par_1_78' title="bbox 2201 1259 3771 1333">
     <span class='ocr_line' id='line_1_78' title="bbox 2201 1259 3771 1333; baseline 0.005 -21"><span class='ocrx_word' id='word_1_548' title='bbox 2201 1259 2704 1330; x_wconf 78' lang='grc' dir='ltr'><em>ὑποσιωπησάντων</em></span> <span class='ocrx_word' id='word_1_549' title='bbox 2737 1262 2833 1315; x_wconf 77' lang='grc' dir='ltr'><em>καὶ</em></span> <span class='ocrx_word' id='word_1_550' title='bbox 2874 1262 2985 1315; x_wconf 86' lang='grc' dir='ltr'><em>τῶν</em></span> <span class='ocrx_word' id='word_1_551' title='bbox 3033 1262 3295 1333; x_wconf 80' lang='grc' dir='ltr'><em>μειζόνων</em></span> <span class='ocrx_word' id='word_1_552' title='bbox 3330 1264 3445 1329; x_wconf 83' lang='grc' dir='ltr'><em>δύο,</em></span> <span class='ocrx_word' id='word_1_553' title='bbox 3477 1265 3558 1329; x_wconf 85' lang='grc' dir='ltr'><em>ὡς</em></span> <span class='ocrx_word' id='word_1_554' title='bbox 3586 1267 3771 1320; x_wconf 81' lang='grc' dir='ltr'><em>οὐκέτι</em></span> 
     </span>
    </p>
   </div>
   <div class='ocr_carea' id='block_1_79' title="bbox 2198 1340 3773 1416">
    <p class='ocr_par' dir='ltr' id='par_1_79' title="bbox 2198 1340 3773 1416">
     <span class='ocr_line' id='line_1_79' title="bbox 2198 1340 3773 1416; baseline 0.004 -22"><span class='ocrx_word' id='word_1_555' title='bbox 2198 1340 2353 1410; x_wconf 84' lang='grc' dir='ltr'><em>λόγον</em></span> <span class='ocrx_word' id='word_1_556' title='bbox 2395 1342 2628 1414; x_wconf 74' lang='grc' dir='ltr'><em>ἑχόντων</em></span> <span class='ocrx_word' id='word_1_557' title='bbox 2655 1345 2714 1397; x_wconf 80' lang='grc' dir='ltr'><em>ὲν</em></span> <span class='ocrx_word' id='word_1_558' title='bbox 2746 1344 2997 1416; x_wconf 84' lang='grc' dir='ltr'><em>στόματι,</em></span> <span class='ocrx_word' id='word_1_559' title='bbox 3027 1345 3114 1398; x_wconf 78' lang='grc' dir='ltr'><em>διὰ</em></span> <span class='ocrx_word' id='word_1_560' title='bbox 3138 1346 3201 1399; x_wconf 77' lang='grc' dir='ltr'><em>τὸ</em></span> <span class='ocrx_word' id='word_1_561' title='bbox 3229 1345 3418 1400; x_wconf 79' lang='grc' dir='ltr'><em>θέσθαι</em></span> <span class='ocrx_word' id='word_1_562' title='bbox 3448 1346 3658 1401; x_wconf 84' lang='grc' dir='ltr'><em>δίκαιον</em></span> <span class='ocrx_word' id='word_1_563' title='bbox 3680 1347 3773 1402; x_wconf 68' lang='grc' dir='ltr'><em>τὸν</em></span> 
     </span>
    </p>
   </div>
   <div class='ocr_carea' id='block_1_80' title="bbox 2211 1423 3772 1502">
    <p class='ocr_par' dir='ltr' id='par_1_80' title="bbox 2211 1423 3772 1502">
     <span class='ocr_line' id='line_1_80' title="bbox 2211 1423 3772 1502; baseline 0.004 -25"><span class='ocrx_word' id='word_1_564' title='bbox 2211 1423 2349 1489; x_wconf 85' lang='grc' dir='ltr'><em>Ἰὼϐ,</em></span> <span class='ocrx_word' id='word_1_565' title='bbox 2385 1425 2741 1480; x_wconf 78' lang='grc' dir='ltr'><em>ὲπισυνάπτει</em></span> <span class='ocrx_word' id='word_1_566' title='bbox 2761 1427 2824 1481; x_wconf 78' lang='grc' dir='ltr'><em>τὸ</em></span> <span class='ocrx_word' id='word_1_567' title='bbox 2848 1426 2975 1499; x_wconf 76' lang='grc' dir='ltr'><em>περὶ</em></span> <span class='ocrx_word' id='word_1_568' title='bbox 3012 1426 3178 1482; x_wconf 80' lang='grc' dir='ltr'><em>αὑτοῦ</em></span> <span class='ocrx_word' id='word_1_569' title='bbox 3209 1428 3493 1500; x_wconf 81' lang='grc' dir='ltr'><em>προοίμιον</em></span> <span class='ocrx_word' id='word_1_570' title='bbox 3518 1429 3772 1502; x_wconf 72' lang='grc' dir='ltr'><em>δεύτερον</em></span> 
     </span>
    </p>
   </div>
   <div class='ocr_carea' id='block_1_81' title="bbox 2208 1505 3768 1584">
    <p class='ocr_par' dir='ltr' id='par_1_81' title="bbox 2208 1505 3768 1584">
     <span class='ocr_line' id='line_1_81' title="bbox 2208 1505 3768 1584; baseline 0.007 -25"><span class='ocrx_word' id='word_1_571' title='bbox 2208 1505 2329 1560; x_wconf 83' lang='grc' dir='ltr'><em>Ἰώϐ</em></span> <span class='ocrx_word' id='word_1_572' title='bbox 2348 1521 2362 1535; x_wconf 90' lang='grc'><em>·</em></span> <span class='ocrx_word' id='word_1_573' title='bbox 2395 1509 2636 1562; x_wconf 82' lang='grc' dir='ltr'><em>κάκεῖνοι</em></span> <span class='ocrx_word' id='word_1_574' title='bbox 2658 1510 3034 1579; x_wconf 84' lang='grc' dir='ltr'><em>σιωπήσαντες</em></span> <span class='ocrx_word' id='word_1_575' title='bbox 3065 1510 3354 1565; x_wconf 82' lang='grc' dir='ltr'><em>ἀκούουσιν</em></span> <span class='ocrx_word' id='word_1_576' title='bbox 3379 1512 3768 1584; x_wconf 72' lang='grc' dir='ltr'><em>ὠφελούμενοι.</em></span> 
     </span>
    </p>
   </div>
   <div class='ocr_carea' id='block_1_82' title="bbox 2193 1587 3767 1663">
    <p class='ocr_par' dir='ltr' id='par_1_82' title="bbox 2193 1587 3767 1663">
     <span class='ocr_line' id='line_1_82' title="bbox 2193 1587 3767 1663; baseline 0.006 -22"><span class='ocrx_word' id='word_1_577' title='bbox 2193 1587 2302 1658; x_wconf 79' lang='grc' dir='ltr'><em>Ζῇ,</em></span> <span class='ocrx_word' id='word_1_578' title='bbox 2330 1592 2482 1662; x_wconf 76' lang='grc' dir='ltr'><em>φησὶ,</em></span> <span class='ocrx_word' id='word_1_579' title='bbox 2506 1593 2745 1661; x_wconf 83' lang='grc' dir='ltr'><em>Κύριος,</em></span> <span class='ocrx_word' id='word_1_580' title='bbox 2775 1592 2843 1659; x_wconf 81' lang='grc' dir='ltr'><em>ὃς</em></span> <span class='ocrx_word' id='word_1_581' title='bbox 2867 1592 3021 1646; x_wconf 85' lang='grc' dir='ltr'><em>οὕτω</em></span> <span class='ocrx_word' id='word_1_582' title='bbox 3033 1610 3113 1661; x_wconf 90' lang='grc' dir='ltr'><em>με</em></span> <span class='ocrx_word' id='word_1_583' title='bbox 3139 1593 3398 1663; x_wconf 75' lang='grc' dir='ltr'><em>κέκρικε,</em></span> <span class='ocrx_word' id='word_1_584' title='bbox 3423 1597 3522 1651; x_wconf 79' lang='grc' dir='ltr'><em>καί</em></span> <span class='ocrx_word' id='word_1_585' title='bbox 3551 1600 3584 1651; x_wconf 97' lang='lat'><em>6</em></span> <span class='ocrx_word' id='word_1_586' title='bbox 3611 1614 3767 1651; x_wconf 83' lang='grc' dir='ltr'><em>παν-</em></span> 
     </span>
    </p>
   </div>
   <div class='ocr_carea' id='block_1_83' title="bbox 2193 1672 3770 1749">
    <p class='ocr_par' dir='ltr' id='par_1_83' title="bbox 2193 1672 3770 1749">
     <span class='ocr_line' id='line_1_83' title="bbox 2193 1672 3770 1749; baseline 0.003 -24"><span class='ocrx_word' id='word_1_587' title='bbox 2193 1672 2489 1742; x_wconf 86' lang='grc' dir='ltr'><em>τοκράτωρ</em></span> <span class='ocrx_word' id='word_1_588' title='bbox 2504 1692 2645 1744; x_wconf 89' lang='grc' dir='ltr'><em>μου,</em></span> <span class='ocrx_word' id='word_1_589' title='bbox 2667 1678 2700 1729; x_wconf 96' lang='lat'><em>6</em></span> <span class='ocrx_word' id='word_1_590' title='bbox 2721 1674 3013 1743; x_wconf 86' lang='grc' dir='ltr'><em>πικράνας</em></span> <span class='ocrx_word' id='word_1_591' title='bbox 3037 1693 3157 1744; x_wconf 87' lang='grc' dir='ltr'><em>μου</em></span> <span class='ocrx_word' id='word_1_592' title='bbox 3175 1675 3290 1743; x_wconf 82' lang='grc' dir='ltr'><em>τὴν</em></span> <span class='ocrx_word' id='word_1_593' title='bbox 3313 1677 3529 1747; x_wconf 59' lang='grc' dir='ltr'><em>⁴ψυχήν</em></span> <span class='ocrx_word' id='word_1_594' title='bbox 3548 1694 3564 1707; x_wconf 94' lang='grc'><em>·</em></span> <span class='ocrx_word' id='word_1_595' title='bbox 3586 1673 3628 1749; x_wconf 72' lang='grc' dir='ltr'><strong><em>ᾖ</em></strong></span> <span class='ocrx_word' id='word_1_596' title='bbox 3638 1680 3770 1748; x_wconf 79' lang='grc' dir='ltr'><em>μὴν</em></span> 
     </span>
    </p>
   </div>
   <div class='ocr_carea' id='block_1_84' title="bbox 2190 1751 3769 1830">
    <p class='ocr_par' dir='ltr' id='par_1_84' title="bbox 2190 1751 3769 1830">
     <span class='ocr_line' id='line_1_84' title="bbox 2190 1751 3769 1830; baseline 0.004 -23"><span class='ocrx_word' id='word_1_597' title='bbox 2190 1751 2280 1807; x_wconf 79' lang='grc' dir='ltr'><em>έτι</em></span> <span class='ocrx_word' id='word_1_598' title='bbox 2309 1753 2419 1823; x_wconf 83' lang='grc' dir='ltr'><em>τῆς</em></span> <span class='ocrx_word' id='word_1_599' title='bbox 2438 1755 2631 1824; x_wconf 79' lang='grc' dir='ltr'><em>πνοῆς</em></span> <span class='ocrx_word' id='word_1_600' title='bbox 2650 1757 2934 1823; x_wconf 85' lang='grc' dir='ltr'><em>ἐνούσης,</em></span> <span class='ocrx_word' id='word_1_601' title='bbox 2955 1758 3190 1828; x_wconf 88' lang='grc' dir='ltr'><em>πνεῦμα</em></span> <span class='ocrx_word' id='word_1_602' title='bbox 3208 1758 3280 1812; x_wconf 86' lang='grc' dir='ltr'><strong><em>δέ</em></strong></span> <span class='ocrx_word' id='word_1_603' title='bbox 3300 1758 3462 1813; x_wconf 86' lang='grc' dir='ltr'><em>θεῖον</em></span> <span class='ocrx_word' id='word_1_604' title='bbox 3478 1760 3544 1813; x_wconf 79' lang='grc' dir='ltr'><em>τὸ</em></span> <span class='ocrx_word' id='word_1_605' title='bbox 3560 1763 3769 1830; x_wconf 82' lang='grc' dir='ltr'><em>περιόν</em></span> 
     </span>
    </p>
   </div>
   <div class='ocr_carea' id='block_1_85' title="bbox 2184 1836 3762 1912">
    <p class='ocr_par' dir='ltr' id='par_1_85' title="bbox 2184 1836 3762 1912">
     <span class='ocr_line' id='line_1_85' title="bbox 2184 1836 3762 1912; baseline 0.005 -22"><span class='ocrx_word' id='word_1_606' title='bbox 2184 1853 2289 1906; x_wconf 91' lang='grc' dir='ltr'><em>μοι</em></span> <span class='ocrx_word' id='word_1_607' title='bbox 2315 1836 2551 1905; x_wconf 80' lang='grc' dir='ltr'><em>ένρισὶ,</em></span> <span class='ocrx_word' id='word_1_608' title='bbox 2579 1839 2666 1908; x_wconf 77' lang='grc' dir='ltr'><em>μὴ</em></span> <span class='ocrx_word' id='word_1_609' title='bbox 2692 1838 2994 1907; x_wconf 84' lang='grc' dir='ltr'><em>λαλήσειν</em></span> <span class='ocrx_word' id='word_1_610' title='bbox 3016 1858 3137 1909; x_wconf 89' lang='grc' dir='ltr'><em>μου</em></span> <span class='ocrx_word' id='word_1_611' title='bbox 3178 1842 3251 1895; x_wconf 84' lang='grc' dir='ltr'><em>τὰ</em></span> <span class='ocrx_word' id='word_1_612' title='bbox 3278 1841 3454 1910; x_wconf 81' lang='grc' dir='ltr'><em>χείλη</em></span> <span class='ocrx_word' id='word_1_613' title='bbox 3483 1843 3762 1912; x_wconf 82' lang='grc' dir='ltr'><em>ἀνομίαν.</em></span> 
     </span>
    </p>
   </div>
   <div class='ocr_carea' id='block_1_86' title="bbox 2202 1918 3766 1993">
    <p class='ocr_par' dir='ltr' id='par_1_86' title="bbox 2202 1918 3766 1993">
     <span class='ocr_line' id='line_1_86' title="bbox 2202 1918 3766 1993; baseline 0.004 -18"><span class='ocrx_word' id='word_1_614' title='bbox 2202 1918 2534 1990; x_wconf 83' lang='grc' dir='ltr'><em>Ἀναγγελῶ</em></span> <span class='ocrx_word' id='word_1_615' title='bbox 2559 1921 2719 1991; x_wconf 84' lang='grc' dir='ltr'><em>ὑμῖν,</em></span> <span class='ocrx_word' id='word_1_616' title='bbox 2745 1921 2803 1974; x_wconf 90' lang='grc' dir='ltr'><em>τί</em></span> <span class='ocrx_word' id='word_1_617' title='bbox 2839 1921 3010 1975; x_wconf 86' lang='grc' dir='ltr'><em>ἐστιν</em></span> <span class='ocrx_word' id='word_1_618' title='bbox 3030 1922 3100 1975; x_wconf 73' lang='grc' dir='ltr'><em>ἐν</em></span> <span class='ocrx_word' id='word_1_619' title='bbox 3145 1923 3296 1990; x_wconf 79' lang='grc' dir='ltr'><em>χειρί</em></span> <span class='ocrx_word' id='word_1_620' title='bbox 3325 1924 3569 1993; x_wconf 79' lang='grc' dir='ltr'><em>Κυρίου.</em></span> <span class='ocrx_word' id='word_1_621' title='bbox 3615 1926 3766 1981; x_wconf 83' lang='grc' dir='ltr'><em>Ἰδοὺ</em></span> 
     </span>
    </p>
   </div>
   <div class='ocr_carea' id='block_1_87' title="bbox 2187 2000 3759 2071">
    <p class='ocr_par' dir='ltr' id='par_1_87' title="bbox 2187 2000 3759 2071">
     <span class='ocr_line' id='line_1_87' title="bbox 2187 2000 3759 2071; baseline 0.006 -17"><span class='ocrx_word' id='word_1_622' title='bbox 2187 2000 2264 2069; x_wconf 78' lang='grc' dir='ltr'><em>δὴ</em></span> <span class='ocrx_word' id='word_1_623' title='bbox 2292 2001 2514 2070; x_wconf 86' lang='grc' dir='ltr'><em>πάντες</em></span> <span class='ocrx_word' id='word_1_624' title='bbox 2542 2004 2759 2069; x_wconf 79' lang='grc' dir='ltr'><em>οῖδατε,</em></span> <span class='ocrx_word' id='word_1_625' title='bbox 2793 2004 2883 2058; x_wconf 87' lang='grc' dir='ltr'><em>ὅτι</em></span> <span class='ocrx_word' id='word_1_626' title='bbox 2916 2005 3060 2059; x_wconf 86' lang='grc' dir='ltr'><em>κενά</em></span> <span class='ocrx_word' id='word_1_627' title='bbox 3089 2005 3290 2071; x_wconf 80' lang='grc' dir='ltr'><em>κενοῖς</em></span> <span class='ocrx_word' id='word_1_628' title='bbox 3319 2007 3759 2064; x_wconf 73' lang='grc' dir='ltr'><em>ἐπιϐουλεύετε.</em></span> 
     </span>
    </p>
   </div>
   <div class='ocr_carea' id='block_1_88' title="bbox 2185 2084 3761 2159">
    <p class='ocr_par' dir='ltr' id='par_1_88' title="bbox 2185 2084 3761 2159">
     <span class='ocr_line' id='line_1_88' title="bbox 2185 2084 3761 2159; baseline 0.006 -22"><span class='ocrx_word' id='word_1_629' title='bbox 2185 2084 2348 2153; x_wconf 80' lang='grc' dir='ltr'><em>Αὕτη</em></span> <span class='ocrx_word' id='word_1_630' title='bbox 2382 2086 2420 2154; x_wconf 77' lang='grc' dir='ltr'>ἡ</span> <span class='ocrx_word' id='word_1_631' title='bbox 2448 2085 2619 2156; x_wconf 79' lang='grc' dir='ltr'><em>μερίς</em></span> <span class='ocrx_word' id='word_1_632' title='bbox 2643 2086 2959 2154; x_wconf 80' lang='grc' dir='ltr'><em>ἀνθρώπου</em></span> <span class='ocrx_word' id='word_1_633' title='bbox 2989 2086 3140 2159; x_wconf 78' lang='grc'><em>[571]</em></span> <span class='ocrx_word' id='word_1_634' title='bbox 3167 2089 3427 2156; x_wconf 86' lang='grc' dir='ltr'><em>ἀσεϐοῦς</em></span> <span class='ocrx_word' id='word_1_635' title='bbox 3447 2091 3609 2158; x_wconf 82' lang='grc' dir='ltr'><em>παρὰ</em></span> <span class='ocrx_word' id='word_1_636' title='bbox 3643 2095 3761 2146; x_wconf 79' lang='grc' dir='ltr'><em>Κυ-</em></span> 
     </span>
    </p>
   </div>
   <div class='ocr_carea' id='block_1_89' title="bbox 2176 2168 3762 2241">
    <p class='ocr_par' dir='ltr' id='par_1_89' title="bbox 2176 2168 3762 2241">
     <span class='ocr_line' id='line_1_89' title="bbox 2176 2168 3762 2241; baseline 0.004 -21"><span class='ocrx_word' id='word_1_637' title='bbox 2176 2168 2338 2236; x_wconf 86' lang='grc' dir='ltr'><em>ρίου.</em></span> <span class='ocrx_word' id='word_1_638' title='bbox 2371 2168 2491 2223; x_wconf 88' lang='grc' dir='ltr'><em>Ὅτι</em></span> <span class='ocrx_word' id='word_1_639' title='bbox 2519 2169 2628 2224; x_wconf 83' lang='grc' dir='ltr'><em>ἐὰν</em></span> <span class='ocrx_word' id='word_1_640' title='bbox 2651 2171 2865 2225; x_wconf 74' lang='grc' dir='ltr'><em>πολλοὶ</em></span> <span class='ocrx_word' id='word_1_641' title='bbox 2900 2171 3187 2240; x_wconf 75' lang='grc' dir='ltr'><em>γένωνται</em></span> <span class='ocrx_word' id='word_1_642' title='bbox 3213 2175 3266 2227; x_wconf 88' lang='grc' dir='ltr'><em>οί</em></span> <span class='ocrx_word' id='word_1_643' title='bbox 3290 2172 3405 2227; x_wconf 79' lang='grc' dir='ltr'><em>υίοὶ</em></span> <span class='ocrx_word' id='word_1_644' title='bbox 3428 2172 3637 2235; x_wconf 86' lang='grc' dir='ltr'><em>αὑτοῦ,</em></span> <span class='ocrx_word' id='word_1_645' title='bbox 3670 2177 3762 2241; x_wconf 88' lang='grc' dir='ltr'><em>εις</em></span> 
     </span>
    </p>
   </div>
   <div class='ocr_carea' id='block_1_90' title="bbox 2182 2250 3757 2324">
    <p class='ocr_par' dir='ltr' id='par_1_90' title="bbox 2182 2250 3757 2324">
     <span class='ocr_line' id='line_1_90' title="bbox 2182 2250 3757 2324; baseline 0.006 -20"><span class='ocrx_word' id='word_1_646' title='bbox 2182 2250 2431 2320; x_wconf 80' lang='grc' dir='ltr'><em>σφαγὴν</em></span> <span class='ocrx_word' id='word_1_647' title='bbox 2449 2251 2694 2306; x_wconf 71' lang='grc' dir='ltr'><em>ἔσονται</em></span> <span class='ocrx_word' id='word_1_648' title='bbox 2709 2269 2726 2285; x_wconf 93' lang='grc'><em>·</em></span> <span class='ocrx_word' id='word_1_649' title='bbox 2754 2253 2944 2322; x_wconf 75' lang='grc' dir='ltr'><em>χήρας</em></span> <span class='ocrx_word' id='word_1_650' title='bbox 2965 2253 3034 2307; x_wconf 87' lang='lat'><em>66</em></span> <span class='ocrx_word' id='word_1_651' title='bbox 3046 2252 3246 2308; x_wconf 87' lang='grc' dir='ltr'><em>αὐτῶν</em></span> <span class='ocrx_word' id='word_1_652' title='bbox 3272 2254 3475 2323; x_wconf 76' lang='grc' dir='ltr'><em>οὐδεὶς</em></span> <span class='ocrx_word' id='word_1_653' title='bbox 3492 2257 3757 2324; x_wconf 75' lang='grc' dir='ltr'><em>ἐλεήσει.</em></span> 
     </span>
    </p>
   </div>
   <div class='ocr_carea' id='block_1_91' title="bbox 2196 2334 3760 2408">
    <p class='ocr_par' dir='ltr' id='par_1_91' title="bbox 2196 2334 3760 2408">
     <span class='ocr_line' id='line_1_91' title="bbox 2196 2334 3760 2408; baseline 0.006 -22"><span class='ocrx_word' id='word_1_654' title='bbox 2196 2334 2331 2388; x_wconf 79' lang='grc' dir='ltr'><em>Ἐὰν</em></span> <span class='ocrx_word' id='word_1_655' title='bbox 2361 2336 2600 2406; x_wconf 78' lang='grc' dir='ltr'><em>συνάγῃ</em></span> <span class='ocrx_word' id='word_1_656' title='bbox 2629 2339 2663 2392; x_wconf 90' lang='lat'><em>6</em></span> <span class='ocrx_word' id='word_1_657' title='bbox 2691 2337 2921 2404; x_wconf 77' lang='grc' dir='ltr'><em>ἀσεϐὴς</em></span> <span class='ocrx_word' id='word_1_658' title='bbox 2956 2337 3062 2390; x_wconf 79' lang='grc' dir='ltr'><em>ίσα</em></span> <span class='ocrx_word' id='word_1_659' title='bbox 3093 2336 3171 2407; x_wconf 79' lang='grc' dir='ltr'><em>γῇ</em></span> <span class='ocrx_word' id='word_1_660' title='bbox 3213 2337 3524 2407; x_wconf 82' lang='grc' dir='ltr'><em>ἀργύριον·</em></span> <span class='ocrx_word' id='word_1_661' title='bbox 3572 2342 3760 2408; x_wconf 85' lang='grc' dir='ltr'><em>τόπος</em></span> 
     </span>
    </p>
   </div>
   <div class='ocr_carea' id='block_1_92' title="bbox 2181 2416 3757 2489">
    <p class='ocr_par' dir='ltr' id='par_1_92' title="bbox 2181 2416 3757 2489">
     <span class='ocr_line' id='line_1_92' title="bbox 2181 2416 3757 2489; baseline 0.004 -19"><span class='ocrx_word' id='word_1_662' title='bbox 2181 2416 2322 2471; x_wconf 81' lang='grc' dir='ltr'><em>ὅθεν</em></span> <span class='ocrx_word' id='word_1_663' title='bbox 2351 2419 2615 2487; x_wconf 83' lang='grc' dir='ltr'><em>τίνεται;</em></span> <span class='ocrx_word' id='word_1_664' title='bbox 2658 2420 2840 2485; x_wconf 83' lang='grc' dir='ltr'><em>τόπος</em></span> <span class='ocrx_word' id='word_1_665' title='bbox 2867 2418 2936 2473; x_wconf 84' lang='lat'><em>66</em></span> <span class='ocrx_word' id='word_1_666' title='bbox 2972 2420 3232 2488; x_wconf 79' lang='grc' dir='ltr'><em>χρυσίου</em></span> <span class='ocrx_word' id='word_1_667' title='bbox 3255 2420 3396 2475; x_wconf 88' lang='grc' dir='ltr'><em>ὅθεν</em></span> <span class='ocrx_word' id='word_1_668' title='bbox 3431 2420 3757 2489; x_wconf 78' lang='grc' dir='ltr'><em>διηθεῖται;</em></span> 
     </span>
    </p>
   </div>
   <div class='ocr_carea' id='block_1_93' title="bbox 2180 2498 3759 2572">
    <p class='ocr_par' dir='ltr' id='par_1_93' title="bbox 2180 2498 3759 2572">
     <span class='ocr_line' id='line_1_93' title="bbox 2180 2498 3759 2572; baseline 0.005 -20"><span class='ocrx_word' id='word_1_669' title='bbox 2180 2498 2435 2567; x_wconf 86' lang='grc' dir='ltr'><em>Σίδηρος</em></span> <span class='ocrx_word' id='word_1_670' title='bbox 2465 2500 2584 2569; x_wconf 77' lang='grc' dir='ltr'><em>μὲν</em></span> <span class='ocrx_word' id='word_1_671' title='bbox 2602 2500 2669 2554; x_wconf 73' lang='grc' dir='ltr'><em>ἐκ</em></span> <span class='ocrx_word' id='word_1_672' title='bbox 2695 2499 2810 2571; x_wconf 81' lang='grc' dir='ltr'><em>γῆς</em></span> <span class='ocrx_word' id='word_1_673' title='bbox 2838 2501 3084 2570; x_wconf 82' lang='grc' dir='ltr'><em>γίνεται,</em></span> <span class='ocrx_word' id='word_1_674' title='bbox 3115 2502 3343 2572; x_wconf 82' lang='grc' dir='ltr'><em>χαλκὸς</em></span> <span class='ocrx_word' id='word_1_675' title='bbox 3369 2503 3439 2557; x_wconf 89' lang='lat'><em>66</em></span> <span class='ocrx_word' id='word_1_676' title='bbox 3468 2505 3574 2557; x_wconf 79' lang='grc' dir='ltr'><em>Ισα</em></span> <span class='ocrx_word' id='word_1_677' title='bbox 3608 2509 3759 2571; x_wconf 76' lang='grc' dir='ltr'><em>λίθῳ</em></span> 
     </span>
    </p>
   </div>
   <div class='ocr_carea' id='block_1_94' title="bbox 2179 2581 3764 2657">
    <p class='ocr_par' dir='ltr' id='par_1_94' title="bbox 2179 2581 3764 2657">
     <span class='ocr_line' id='line_1_94' title="bbox 2179 2581 3764 2657; baseline 0.004 -22"><span class='ocrx_word' id='word_1_678' title='bbox 2179 2582 2539 2653; x_wconf 88' lang='grc' dir='ltr'><em>λατομεῒται.</em></span> <span class='ocrx_word' id='word_1_679' title='bbox 2566 2582 2698 2640; x_wconf 85' lang='grc' dir='ltr'><em>Πᾶν</em></span> <span class='ocrx_word' id='word_1_680' title='bbox 2733 2585 2928 2653; x_wconf 88' lang='grc' dir='ltr'><em>τίμιον</em></span> <span class='ocrx_word' id='word_1_681' title='bbox 2944 2624 2960 2646; x_wconf 95' lang='grc'><em>,</em></span> <span class='ocrx_word' id='word_1_682' title='bbox 2993 2587 3158 2656; x_wconf 76' lang='grc' dir='ltr'><em>φησὶν</em></span> <span class='ocrx_word' id='word_1_683' title='bbox 3174 2626 3192 2647; x_wconf 85' lang='grc'><em>,</em></span> <span class='ocrx_word' id='word_1_684' title='bbox 3222 2581 3345 2639; x_wconf 74' lang='grc' dir='ltr'><em>εἶδέ</em></span> <span class='ocrx_word' id='word_1_685' title='bbox 3363 2604 3483 2655; x_wconf 88' lang='grc' dir='ltr'><em>μου</em></span> <span class='ocrx_word' id='word_1_686' title='bbox 3504 2586 3764 2657; x_wconf 59' lang='lat' dir='ltr'><em>6656m-</em></span> 
     </span>
    </p>
   </div>
   <div class='ocr_carea' id='block_1_95' title="bbox 2174 2663 3755 2736">
    <p class='ocr_par' dir='ltr' id='par_1_95' title="bbox 2174 2663 3755 2736">
     <span class='ocr_line' id='line_1_95' title="bbox 2174 2663 3755 2736; baseline 0.002 -17"><span class='ocrx_word' id='word_1_687' title='bbox 2174 2663 2314 2734; x_wconf 87' lang='grc' dir='ltr'><em>μός.</em></span> <span class='ocrx_word' id='word_1_688' title='bbox 2386 2665 2449 2720; x_wconf 83' lang='grc' dir='ltr'>Ἡ</span> <span class='ocrx_word' id='word_1_689' title='bbox 2469 2665 2539 2720; x_wconf 83' lang='lat'><em>66</em></span> <span class='ocrx_word' id='word_1_690' title='bbox 2559 2667 2745 2735; x_wconf 85' lang='grc' dir='ltr'><em>σοφία</em></span> <span class='ocrx_word' id='word_1_691' title='bbox 2765 2667 2952 2721; x_wconf 83' lang='grc' dir='ltr'><em>αὐτοῦ</em></span> <span class='ocrx_word' id='word_1_692' title='bbox 2970 2668 3156 2722; x_wconf 89' lang='grc' dir='ltr'><em>πόθεν</em></span> <span class='ocrx_word' id='word_1_693' title='bbox 3179 2667 3390 2736; x_wconf 71' lang='grc' dir='ltr'><em>εἰῳέθη</em></span> <span class='ocrx_word' id='word_1_694' title='bbox 3410 2685 3430 2730; x_wconf 90' lang='lat'><strong><em>;</em></strong></span> <span class='ocrx_word' id='word_1_695' title='bbox 3460 2670 3755 2735; x_wconf 80' lang='grc' dir='ltr'><em>Ἅϐυσσυς</em></span> 
     </span>
    </p>
   </div>
   <div class='ocr_carea' id='block_1_96' title="bbox 2176 2742 3757 2820">
    <p class='ocr_par' dir='ltr' id='par_1_96' title="bbox 2176 2742 3757 2820">
     <span class='ocr_line' id='line_1_96' title="bbox 2176 2742 3757 2820; baseline 0.003 -18"><span class='ocrx_word' id='word_1_696' title='bbox 2176 2742 2330 2813; x_wconf 82' lang='grc' dir='ltr'><em>εἷπε,</em></span> <span class='ocrx_word' id='word_1_697' title='bbox 2348 2751 2469 2804; x_wconf 83' lang='grc' dir='ltr'><em>οὐκ</em></span> <span class='ocrx_word' id='word_1_698' title='bbox 2497 2749 2668 2805; x_wconf 77' lang='grc' dir='ltr'><em>ἔστιν</em></span> <span class='ocrx_word' id='word_1_699' title='bbox 2697 2751 2767 2804; x_wconf 82' lang='grc' dir='ltr'><em>έν</em></span> <span class='ocrx_word' id='word_1_700' title='bbox 2801 2751 2933 2820; x_wconf 79' lang='grc' dir='ltr'><em>ἐμοί</em></span> <span class='ocrx_word' id='word_1_701' title='bbox 2953 2766 2969 2782; x_wconf 96' lang='grc'><em>·</em></span> <span class='ocrx_word' id='word_1_702' title='bbox 3008 2750 3105 2806; x_wconf 76' lang='grc' dir='ltr'><em>καὶ</em></span> <span class='ocrx_word' id='word_1_703' title='bbox 3142 2750 3426 2807; x_wconf 82' lang='grc' dir='ltr'><em>θάλασσα</em></span> <span class='ocrx_word' id='word_1_704' title='bbox 3460 2749 3612 2815; x_wconf 77' lang='grc' dir='ltr'><em>εἷπε,</em></span> <span class='ocrx_word' id='word_1_705' title='bbox 3633 2754 3757 2807; x_wconf 70' lang='grc' dir='ltr'><em>οὐκ</em></span> 
     </span>
    </p>
   </div>
   <div class='ocr_carea' id='block_1_97' title="bbox 2177 2828 3753 2903">
    <p class='ocr_par' dir='ltr' id='par_1_97' title="bbox 2177 2828 3753 2903">
     <span class='ocr_line' id='line_1_97' title="bbox 2177 2828 3753 2903; baseline 0.003 -20"><span class='ocrx_word' id='word_1_706' title='bbox 2177 2828 2311 2884; x_wconf 76' lang='grc' dir='ltr'><em>ἐστι</em></span> <span class='ocrx_word' id='word_1_707' title='bbox 2346 2831 2475 2901; x_wconf 84' lang='grc' dir='ltr'><em>μετ’</em></span> <span class='ocrx_word' id='word_1_708' title='bbox 2512 2832 2679 2903; x_wconf 84' lang='grc' dir='ltr'><em>ἐμοῦ.</em></span> <span class='ocrx_word' id='word_1_709' title='bbox 2710 2833 3014 2888; x_wconf 85' lang='grc' dir='ltr'><em>Ἕλκυσον</em></span> <span class='ocrx_word' id='word_1_710' title='bbox 3049 2834 3274 2903; x_wconf 80' lang='grc' dir='ltr'><em>σοφίαν</em></span> <span class='ocrx_word' id='word_1_711' title='bbox 3313 2834 3465 2902; x_wconf 83' lang='grc' dir='ltr'><em>ὑπὲρ</em></span> <span class='ocrx_word' id='word_1_712' title='bbox 3493 2834 3566 2889; x_wconf 86' lang='grc' dir='ltr'><em>τὰ</em></span> <span class='ocrx_word' id='word_1_713' title='bbox 3606 2834 3753 2890; x_wconf 85' lang='grc' dir='ltr'><em>ἐσώ-</em></span> 
     </span>
    </p>
   </div>
   <div class='ocr_carea' id='block_1_98' title="bbox 2178 2915 3749 2985">
    <p class='ocr_par' dir='ltr' id='par_1_98' title="bbox 2178 2915 3749 2985">
     <span class='ocr_line' id='line_1_98' title="bbox 2178 2915 3749 2985; baseline 0.004 -20"><span class='ocrx_word' id='word_1_714' title='bbox 2178 2929 2344 2969; x_wconf 88' lang='grc' dir='ltr'><em>τατα.</em></span> <span class='ocrx_word' id='word_1_715' title='bbox 2367 2916 2490 2969; x_wconf 86' lang='grc' dir='ltr'><em>Οὐκ</em></span> <span class='ocrx_word' id='word_1_716' title='bbox 2536 2915 2893 2982; x_wconf 85' lang='grc' dir='ltr'><em>ίσωθήσεται</em></span> <span class='ocrx_word' id='word_1_717' title='bbox 2919 2916 3075 2985; x_wconf 81' lang='grc' dir='ltr'><em>αὐτῇ</em></span> <span class='ocrx_word' id='word_1_718' title='bbox 3118 2915 3395 2978; x_wconf 76' lang='grc' dir='ltr'><em>τοπάζιον</em></span> <span class='ocrx_word' id='word_1_719' title='bbox 3425 2918 3749 2983; x_wconf 69' lang='grc' dir='ltr'><em>Αἰθιοπίας,</em></span> 
     </span>
    </p>
   </div>
   <div class='ocr_carea' id='block_1_99' title="bbox 2177 2995 3751 3069">
    <p class='ocr_par' dir='ltr' id='par_1_99' title="bbox 2177 2995 3751 3069">
     <span class='ocr_line' id='line_1_99' title="bbox 2177 2995 3751 3069; baseline 0.004 -22"><span class='ocrx_word' id='word_1_720' title='bbox 2177 2995 2275 3048; x_wconf 83' lang='grc' dir='ltr'><em>καί</em></span> <span class='ocrx_word' id='word_1_721' title='bbox 2317 2999 2552 3065; x_wconf 89' lang='grc' dir='ltr'><em>χρυσίῳ</em></span> <span class='ocrx_word' id='word_1_722' title='bbox 2589 2997 2827 3067; x_wconf 85' lang='grc' dir='ltr'><em>καθαρῷ</em></span> <span class='ocrx_word' id='word_1_723' title='bbox 2877 3001 2950 3054; x_wconf 87' lang='grc' dir='ltr'><em>οὐ</em></span> <span class='ocrx_word' id='word_1_724' title='bbox 2992 2999 3624 3069; x_wconf 76' lang='grc' dir='ltr'><em>συμϐασταχθήσεται.</em></span> <span class='ocrx_word' id='word_1_725' title='bbox 3684 3000 3751 3054; x_wconf 89' lang='lat'><em>&#39;0</em></span> 
     </span>
    </p>
   </div>
   <div class='ocr_carea' id='block_1_100' title="bbox 2175 3077 3750 3151">
    <p class='ocr_par' dir='ltr' id='par_1_100' title="bbox 2175 3077 3750 3151">
     <span class='ocr_line' id='line_1_100' title="bbox 2175 3077 3750 3151; baseline 0.004 -22"><span class='ocrx_word' id='word_1_726' title='bbox 2175 3077 2389 3144; x_wconf 77' lang='grc' dir='ltr'><em>Κύριος</em></span> <span class='ocrx_word' id='word_1_727' title='bbox 2412 3079 2482 3132; x_wconf 88' lang='grc' dir='ltr'><em>εὖ</em></span> <span class='ocrx_word' id='word_1_728' title='bbox 2504 3079 2852 3147; x_wconf 85' lang='grc' dir='ltr'><em>συνέστησε</em></span> <span class='ocrx_word' id='word_1_729' title='bbox 2871 3080 3063 3148; x_wconf 81' lang='grc' dir='ltr'><em>αὐτῆς</em></span> <span class='ocrx_word' id='word_1_730' title='bbox 3081 3082 3198 3149; x_wconf 82' lang='grc' dir='ltr'><em>τὴν</em></span> <span class='ocrx_word' id='word_1_731' title='bbox 3224 3083 3368 3136; x_wconf 83' lang='grc' dir='ltr'><em>όδόν</em></span> <span class='ocrx_word' id='word_1_732' title='bbox 3385 3098 3400 3114; x_wconf 97' lang='grc'><em>·</em></span> <span class='ocrx_word' id='word_1_733' title='bbox 3430 3082 3615 3147; x_wconf 80' lang='grc' dir='ltr'><em>αὐτὸς</em></span> <span class='ocrx_word' id='word_1_734' title='bbox 3637 3083 3750 3151; x_wconf 73' lang='grc' dir='ltr'><em>γὰρ</em></span> 
     </span>
    </p>
   </div>
   <div class='ocr_carea' id='block_1_101' title="bbox 2175 3157 3748 3234">
    <p class='ocr_par' dir='ltr' id='par_1_101' title="bbox 2175 3157 3748 3234">
     <span class='ocr_line' id='line_1_101' title="bbox 2175 3157 3748 3234; baseline 0.005 -22"><span class='ocrx_word' id='word_1_735' title='bbox 2175 3157 2291 3225; x_wconf 82' lang='grc' dir='ltr'><em>τὴν</em></span> <span class='ocrx_word' id='word_1_736' title='bbox 2315 3158 2418 3215; x_wconf 77' lang='grc' dir='ltr'><em>ὑπ’</em></span> <span class='ocrx_word' id='word_1_737' title='bbox 2436 3161 2696 3229; x_wconf 86' lang='grc' dir='ltr'><em>οὐρανὸν</em></span> <span class='ocrx_word' id='word_1_738' title='bbox 2730 3161 2939 3217; x_wconf 83' lang='grc' dir='ltr'><em>πᾶσαν</em></span> <span class='ocrx_word' id='word_1_739' title='bbox 2960 3161 3165 3233; x_wconf 85' lang='grc' dir='ltr'><em>ἐφορᾷ,</em></span> <span class='ocrx_word' id='word_1_740' title='bbox 3190 3164 3361 3229; x_wconf 84' lang='grc' dir='ltr'><em>είδὼς</em></span> <span class='ocrx_word' id='word_1_741' title='bbox 3382 3163 3454 3217; x_wconf 87' lang='grc' dir='ltr'><em>τὰ</em></span> <span class='ocrx_word' id='word_1_742' title='bbox 3479 3164 3551 3218; x_wconf 84' lang='grc' dir='ltr'><em>έν</em></span> <span class='ocrx_word' id='word_1_743' title='bbox 3575 3164 3648 3232; x_wconf 77' lang='grc' dir='ltr'><em>τῇ</em></span> <span class='ocrx_word' id='word_1_744' title='bbox 3669 3165 3748 3234; x_wconf 72' lang='grc' dir='ltr'><em>γῆ</em></span> 
     </span>
    </p>
   </div>
   <div class='ocr_carea' id='block_1_102' title="bbox 2174 3240 3748 3316">
    <p class='ocr_par' dir='ltr' id='par_1_102' title="bbox 2174 3240 3748 3316">
     <span class='ocr_line' id='line_1_102' title="bbox 2174 3240 3748 3316; baseline 0.006 -23"><span class='ocrx_word' id='word_1_745' title='bbox 2174 3240 2392 3304; x_wconf 86' lang='grc' dir='ltr'><em>πάντα,</em></span> <span class='ocrx_word' id='word_1_746' title='bbox 2436 3243 2671 3313; x_wconf 81' lang='grc' dir='ltr'><em>ἀνέμων</em></span> <span class='ocrx_word' id='word_1_747' title='bbox 2715 3245 3005 3314; x_wconf 84' lang='grc' dir='ltr'><em>σταθμὸν,</em></span> <span class='ocrx_word' id='word_1_748' title='bbox 3054 3245 3289 3300; x_wconf 81' lang='grc' dir='ltr'><em>ὑδάτων</em></span> <span class='ocrx_word' id='word_1_749' title='bbox 3314 3247 3519 3316; x_wconf 80' lang='grc' dir='ltr'><em>μέτρα.</em></span> <span class='ocrx_word' id='word_1_750' title='bbox 3559 3243 3748 3304; x_wconf 77' lang='grc' dir='ltr'><em>Εἶπεν</em></span> 
     </span>
    </p>
   </div>
   <div class='ocr_carea' id='block_1_103' title="bbox 2172 3322 3436 3399">
    <p class='ocr_par' dir='ltr' id='par_1_103' title="bbox 2172 3322 3436 3399">
     <span class='ocr_line' id='line_1_103' title="bbox 2172 3322 3436 3399; baseline 0.005 -22"><span class='ocrx_word' id='word_1_751' title='bbox 2172 3322 2486 3391; x_wconf 87' lang='grc' dir='ltr'><em>ἀνθρώπῳ·</em></span> <span class='ocrx_word' id='word_1_752' title='bbox 2505 3323 2653 3381; x_wconf 84' lang='grc' dir='ltr'><em>Ἰδοὺ</em></span> <span class='ocrx_word' id='word_1_753' title='bbox 2677 3328 2717 3396; x_wconf 74' lang='grc' dir='ltr'>ἡ</span> <span class='ocrx_word' id='word_1_754' title='bbox 2744 3327 3045 3383; x_wconf 86' lang='grc' dir='ltr'><em>θεοσέϐειά</em></span> <span class='ocrx_word' id='word_1_755' title='bbox 3077 3329 3209 3383; x_wconf 84' lang='grc' dir='ltr'><em>ἐστι</em></span> <span class='ocrx_word' id='word_1_756' title='bbox 3229 3330 3436 3399; x_wconf 85' lang='grc' dir='ltr'><em>σοφία.</em></span> 
     </span>
    </p>
   </div>
   <div class='ocr_carea' id='block_1_104' title="bbox 2263 3436 3744 3511">
    <p class='ocr_par' dir='ltr' id='par_1_104' title="bbox 2263 3436 3744 3511">
     <span class='ocr_line' id='line_1_104' title="bbox 2263 3436 3744 3511; baseline 0.006 -23"><span class='ocrx_word' id='word_1_757' title='bbox 2263 3436 2792 3507; x_wconf 84' lang='grc' dir='ltr'><em>Ἀποσιωπησάντων</em></span> <span class='ocrx_word' id='word_1_758' title='bbox 2814 3438 2871 3492; x_wconf 85' lang='grc' dir='ltr'><em>δὲ</em></span> <span class='ocrx_word' id='word_1_759' title='bbox 2896 3438 3004 3493; x_wconf 82' lang='grc' dir='ltr'><em>τῶν</em></span> <span class='ocrx_word' id='word_1_760' title='bbox 3029 3438 3219 3511; x_wconf 83' lang='grc' dir='ltr'><em>τριῶν,</em></span> <span class='ocrx_word' id='word_1_761' title='bbox 3242 3440 3505 3511; x_wconf 77' lang='grc' dir='ltr'><em>προσθεὶς</em></span> <span class='ocrx_word' id='word_1_762' title='bbox 3541 3440 3660 3495; x_wconf 80' lang='grc' dir='ltr'><em>Ἰὼϐ</em></span> <span class='ocrx_word' id='word_1_763' title='bbox 3682 3443 3744 3497; x_wconf 69' lang='grc' dir='ltr'><em>ἐν</em></span> 
     </span>
    </p>
   </div>
   <div class='ocr_carea' id='block_1_105' title="bbox 2171 3516 3744 3592">
    <p class='ocr_par' dir='ltr' id='par_1_105' title="bbox 2171 3516 3744 3592">
     <span class='ocr_line' id='line_1_105' title="bbox 2171 3516 3744 3592; baseline 0.005 -23"><span class='ocrx_word' id='word_1_764' title='bbox 2171 3516 2251 3588; x_wconf 83' lang='grc' dir='ltr'><em>τῷ</em></span> <span class='ocrx_word' id='word_1_765' title='bbox 2279 3517 2548 3590; x_wconf 82' lang='grc' dir='ltr'><em>προοιμίῳ</em></span> <span class='ocrx_word' id='word_1_766' title='bbox 2580 3519 2758 3587; x_wconf 84' lang='grc' dir='ltr'><em>λέγει·</em></span> <span class='ocrx_word' id='word_1_767' title='bbox 2789 3521 2886 3587; x_wconf 91' lang='grc' dir='ltr'><em>Τίς</em></span> <span class='ocrx_word' id='word_1_768' title='bbox 2912 3520 2990 3574; x_wconf 83' lang='grc' dir='ltr'><em>ἄν</em></span> <span class='ocrx_word' id='word_1_769' title='bbox 3001 3538 3080 3592; x_wconf 86' lang='grc' dir='ltr'><em>με</em></span> <span class='ocrx_word' id='word_1_770' title='bbox 3106 3523 3233 3590; x_wconf 87' lang='grc' dir='ltr'><em>θείη</em></span> <span class='ocrx_word' id='word_1_771' title='bbox 3267 3524 3417 3577; x_wconf 84' lang='grc' dir='ltr'><em>κατὰ</em></span> <span class='ocrx_word' id='word_1_772' title='bbox 3439 3523 3605 3592; x_wconf 82' lang='grc' dir='ltr'><em>μῆνα</em></span> <span class='ocrx_word' id='word_1_773' title='bbox 3634 3523 3744 3592; x_wconf 79' lang='grc' dir='ltr'><em>ἐμ-</em></span> 
     </span>
    </p>
   </div>
   <div class='ocr_carea' id='block_1_106' title="bbox 2170 3595 3745 3674">
    <p class='ocr_par' dir='ltr' id='par_1_106' title="bbox 2170 3595 3745 3674">
     <span class='ocr_line' id='line_1_106' title="bbox 2170 3595 3745 3674; baseline 0.005 -22"><span class='ocrx_word' id='word_1_774' title='bbox 2170 3603 2438 3669; x_wconf 85' lang='grc' dir='ltr'><em>προσθεν</em></span> <span class='ocrx_word' id='word_1_775' title='bbox 2477 3601 2732 3671; x_wconf 70' lang='grc' dir='ltr'><em>ἡμερῶν,</em></span> <span class='ocrx_word' id='word_1_776' title='bbox 2766 3595 2854 3656; x_wconf 82' lang='grc' dir='ltr'><em>ὧν</em></span> <span class='ocrx_word' id='word_1_777' title='bbox 2879 3620 2956 3672; x_wconf 88' lang='grc' dir='ltr'><em>με</em></span> <span class='ocrx_word' id='word_1_778' title='bbox 2983 3607 3016 3659; x_wconf 94' lang='lat'><em>6</em></span> <span class='ocrx_word' id='word_1_779' title='bbox 3047 3604 3192 3671; x_wconf 77' lang='grc' dir='ltr'><em>Θεὸς</em></span> <span class='ocrx_word' id='word_1_780' title='bbox 3234 3604 3573 3674; x_wconf 76' lang='grc' dir='ltr'><em>ἐφύλαξεν;</em></span> <span class='ocrx_word' id='word_1_781' title='bbox 3604 3607 3745 3661; x_wconf 87' lang='grc' dir='ltr'><em>Ὅτε</em></span> 
     </span>
    </p>
   </div>
   <div class='ocr_carea' id='block_1_107' title="bbox 2172 3683 3743 3756">
    <p class='ocr_par' dir='ltr' id='par_1_107' title="bbox 2172 3683 3743 3756">
     <span class='ocr_line' id='line_1_107' title="bbox 2172 3683 3743 3756; baseline 0.005 -20"><span class='ocrx_word' id='word_1_782' title='bbox 2172 3684 2343 3753; x_wconf 84' lang='grc' dir='ltr'><em>ηῦγει</em></span> <span class='ocrx_word' id='word_1_783' title='bbox 2375 3686 2408 3737; x_wconf 92' lang='lat'><em>6</em></span> <span class='ocrx_word' id='word_1_784' title='bbox 2439 3685 2667 3753; x_wconf 81' lang='grc' dir='ltr'><em>λύχνος</em></span> <span class='ocrx_word' id='word_1_785' title='bbox 2684 3683 2871 3738; x_wconf 82' lang='grc' dir='ltr'><em>αὐτοῦ</em></span> <span class='ocrx_word' id='word_1_786' title='bbox 2896 3684 3048 3753; x_wconf 86' lang='grc' dir='ltr'><em>ὑπὲρ</em></span> <span class='ocrx_word' id='word_1_787' title='bbox 3078 3685 3349 3755; x_wconf 84' lang='grc' dir='ltr'><em>κεφαλῆς</em></span> <span class='ocrx_word' id='word_1_788' title='bbox 3366 3705 3506 3756; x_wconf 89' lang='grc' dir='ltr'><em>μου,</em></span> <span class='ocrx_word' id='word_1_789' title='bbox 3533 3689 3743 3753; x_wconf 80' lang='grc' dir='ltr'><em>ἐξεπο-</em></span> 
     </span>
    </p>
   </div>
   <div class='ocr_carea' id='block_1_108' title="bbox 2162 3765 3745 3836">
    <p class='ocr_par' dir='ltr' id='par_1_108' title="bbox 2162 3765 3745 3836">
     <span class='ocr_line' id='line_1_108' title="bbox 2162 3765 3745 3836; baseline 0.004 -17"><span class='ocrx_word' id='word_1_790' title='bbox 2162 3766 2429 3835; x_wconf 88' lang='grc' dir='ltr'><em>ρευόμην</em></span> <span class='ocrx_word' id='word_1_791' title='bbox 2450 3765 2680 3836; x_wconf 78' lang='grc' dir='ltr'><em>ὄρθριος</em></span> <span class='ocrx_word' id='word_1_792' title='bbox 2697 3767 2768 3819; x_wconf 86' lang='grc' dir='ltr'><em>ἐν</em></span> <span class='ocrx_word' id='word_1_793' title='bbox 2786 3767 2978 3832; x_wconf 88' lang='grc' dir='ltr'><em>πόλει,</em></span> <span class='ocrx_word' id='word_1_794' title='bbox 3002 3767 3073 3821; x_wconf 82' lang='grc' dir='ltr'><em>έν</em></span> <span class='ocrx_word' id='word_1_795' title='bbox 3091 3766 3159 3821; x_wconf 87' lang='lat'><em>66</em></span> <span class='ocrx_word' id='word_1_796' title='bbox 3182 3769 3493 3835; x_wconf 85' lang='grc' dir='ltr'><em>πλατείαις</em></span> <span class='ocrx_word' id='word_1_797' title='bbox 3518 3770 3745 3825; x_wconf 86' lang='grc' dir='ltr'><em>ἐτίθετό</em></span> 
     </span>
    </p>
   </div>
   <div class='ocr_carea' id='block_1_109' title="bbox 2165 3846 3744 3921">
    <p class='ocr_par' dir='ltr' id='par_1_109' title="bbox 2165 3846 3744 3921">
     <span class='ocr_line' id='line_1_109' title="bbox 2165 3846 3744 3921; baseline -0.003 -19"><span class='ocrx_word' id='word_1_798' title='bbox 2165 3865 2285 3917; x_wconf 86' lang='grc' dir='ltr'><em>μου</em></span> <span class='ocrx_word' id='word_1_799' title='bbox 2308 3851 2341 3901; x_wconf 92' lang='lat'><em>6</em></span> <span class='ocrx_word' id='word_1_800' title='bbox 2370 3847 2599 3917; x_wconf 85' lang='grc' dir='ltr'><em>δίφρος.</em></span> <span class='ocrx_word' id='word_1_801' title='bbox 2628 3846 2897 3901; x_wconf 89' lang='grc' dir='ltr'><em>Διέσωσα</em></span> <span class='ocrx_word' id='word_1_802' title='bbox 2920 3850 3028 3918; x_wconf 84' lang='grc' dir='ltr'><em>γὰρ</em></span> <span class='ocrx_word' id='word_1_803' title='bbox 3051 3849 3290 3919; x_wconf 82' lang='grc' dir='ltr'><em>πτωχὸν</em></span> <span class='ocrx_word' id='word_1_804' title='bbox 3318 3850 3388 3904; x_wconf 81' lang='grc' dir='ltr'><em>ἐκ</em></span> <span class='ocrx_word' id='word_1_805' title='bbox 3419 3852 3618 3921; x_wconf 82' lang='grc' dir='ltr'><em>χειρὸς</em></span> <span class='ocrx_word' id='word_1_806' title='bbox 3639 3852 3744 3907; x_wconf 76' lang='grc' dir='ltr'><em>δυ.</em></span> 
     </span>
    </p>
   </div>
   <div class='ocr_carea' id='block_1_110' title="bbox 2169 3930 3740 4002">
    <p class='ocr_par' dir='ltr' id='par_1_110' title="bbox 2169 3930 3740 4002">
     <span class='ocr_line' id='line_1_110' title="bbox 2169 3930 3740 4002; baseline 0.003 -19"><span class='ocrx_word' id='word_1_807' title='bbox 2169 3930 2384 3984; x_wconf 88' lang='grc' dir='ltr'><em>νατῶν.</em></span> <span class='ocrx_word' id='word_1_808' title='bbox 2427 3931 2688 4001; x_wconf 83' lang='grc' dir='ltr'><em>Εὐλογία</em></span> <span class='ocrx_word' id='word_1_809' title='bbox 2719 3930 3157 4000; x_wconf 80' lang='grc' dir='ltr'><em>ἀπολλυμένων</em></span> <span class='ocrx_word' id='word_1_810' title='bbox 3202 3932 3295 3986; x_wconf 81' lang='grc' dir='ltr'><em>ἐπ’</em></span> <span class='ocrx_word' id='word_1_811' title='bbox 3326 3933 3433 4002; x_wconf 81' lang='grc' dir='ltr'><em>ἐμέ</em></span> <span class='ocrx_word' id='word_1_812' title='bbox 3473 3933 3740 3989; x_wconf 82' lang='grc' dir='ltr'><em>ἐπέλθοι.</em></span> 
     </span>
    </p>
   </div>
   <div class='ocr_carea' id='block_1_111' title="bbox 2180 4012 3739 4090">
    <p class='ocr_par' dir='ltr' id='par_1_111' title="bbox 2180 4012 3739 4090">
     <span class='ocr_line' id='line_1_111' title="bbox 2180 4012 3739 4090; baseline 0.004 -25"><span class='ocrx_word' id='word_1_813' title='bbox 2180 4012 2527 4082; x_wconf 76' lang='grc' dir='ltr'><em>Ὁφθαλμός,</em></span> <span class='ocrx_word' id='word_1_814' title='bbox 2564 4017 2752 4090; x_wconf 78' lang='grc' dir='ltr'><em>φησὶν,</em></span> <span class='ocrx_word' id='word_1_815' title='bbox 2772 4013 2936 4082; x_wconf 78' lang='grc' dir='ltr'><em>ἤμην</em></span> <span class='ocrx_word' id='word_1_816' title='bbox 2959 4014 3222 4084; x_wconf 73' lang='grc' dir='ltr'><em>τυφλῶν,</em></span> <span class='ocrx_word' id='word_1_817' title='bbox 3237 4016 3391 4082; x_wconf 86' lang='grc' dir='ltr'><em>ποῦς</em></span> <span class='ocrx_word' id='word_1_818' title='bbox 3409 4015 3478 4069; x_wconf 83' lang='grc' dir='ltr'><em>δὲ</em></span> <span class='ocrx_word' id='word_1_819' title='bbox 3504 4015 3739 4085; x_wconf 77' lang='grc' dir='ltr'><em>χωλῶν,</em></span> 
     </span>
    </p>
   </div>
   <div class='ocr_carea' id='block_1_112' title="bbox 2168 4095 3735 4168">
    <p class='ocr_par' dir='ltr' id='par_1_112' title="bbox 2168 4095 3735 4168">
     <span class='ocr_line' id='line_1_112' title="bbox 2168 4095 3735 4168; baseline 0.003 -19"><span class='ocrx_word' id='word_1_820' title='bbox 2168 4095 2364 4164; x_wconf 81' lang='grc' dir='ltr'><em>πατὴρ</em></span> <span class='ocrx_word' id='word_1_821' title='bbox 2377 4095 2448 4148; x_wconf 84' lang='grc' dir='ltr'><em>δὲ</em></span> <span class='ocrx_word' id='word_1_822' title='bbox 2473 4095 2804 4151; x_wconf 86' lang='grc' dir='ltr'><em>ἀδυνάτων.</em></span> <span class='ocrx_word' id='word_1_823' title='bbox 2827 4097 3165 4167; x_wconf 72' lang='grc' dir='ltr'><em>Συνέτριψα</em></span> <span class='ocrx_word' id='word_1_824' title='bbox 3191 4098 3260 4151; x_wconf 85' lang='grc' dir='ltr'><em>δέ</em></span> <span class='ocrx_word' id='word_1_825' title='bbox 3267 4100 3466 4168; x_wconf 86' lang='grc' dir='ltr'><em>μύλας</em></span> <span class='ocrx_word' id='word_1_826' title='bbox 3487 4099 3735 4163; x_wconf 85' lang='grc' dir='ltr'><em>ἀδίκων,</em></span> 
     </span>
    </p>
   </div>
   <div class='ocr_carea' id='block_1_113' title="bbox 2164 4178 3737 4253">
    <p class='ocr_par' dir='ltr' id='par_1_113' title="bbox 2164 4178 3737 4253">
     <span class='ocr_line' id='line_1_113' title="bbox 2164 4178 3737 4253; baseline 0.002 -21"><span class='ocrx_word' id='word_1_827' title='bbox 2164 4178 2236 4233; x_wconf 78' lang='grc' dir='ltr'><em>ἐκ</em></span> <span class='ocrx_word' id='word_1_828' title='bbox 2273 4179 2342 4232; x_wconf 80' lang='lat'><em>66</em></span> <span class='ocrx_word' id='word_1_829' title='bbox 2367 4179 2563 4249; x_wconf 85' lang='grc' dir='ltr'><em>μέσου</em></span> <span class='ocrx_word' id='word_1_830' title='bbox 2594 4178 2713 4234; x_wconf 87' lang='grc' dir='ltr'><em>τῶν</em></span> <span class='ocrx_word' id='word_1_831' title='bbox 2741 4181 3004 4236; x_wconf 81' lang='grc' dir='ltr'><em>ὀδόντων</em></span> <span class='ocrx_word' id='word_1_832' title='bbox 3041 4180 3241 4236; x_wconf 84' lang='grc' dir='ltr'><em>αὐτῶν</em></span> <span class='ocrx_word' id='word_1_833' title='bbox 3290 4183 3569 4253; x_wconf 76' lang='grc' dir='ltr'><em>ἅρπαγμα</em></span> <span class='ocrx_word' id='word_1_834' title='bbox 3607 4183 3737 4248; x_wconf 78' lang='grc' dir='ltr'><em>ἐξέ-</em></span> 
     </span>
    </p>
   </div>
   <div class='ocr_carea' id='block_1_114' title="bbox 2165 4260 3739 4334">
    <p class='ocr_par' dir='ltr' id='par_1_114' title="bbox 2165 4260 3739 4334">
     <span class='ocr_line' id='line_1_114' title="bbox 2165 4260 3739 4334; baseline 0.001 -19"><span class='ocrx_word' id='word_1_835' title='bbox 2165 4277 2396 4315; x_wconf 87' lang='grc' dir='ltr'><em>σπασα.</em></span> <span class='ocrx_word' id='word_1_836' title='bbox 2436 4262 2665 4331; x_wconf 83' lang='grc' dir='ltr'><em>Ὠσπερ</em></span> <span class='ocrx_word' id='word_1_837' title='bbox 2719 4260 2795 4332; x_wconf 84' lang='grc' dir='ltr'><em>γῆ</em></span> <span class='ocrx_word' id='word_1_838' title='bbox 2842 4262 3085 4332; x_wconf 69' lang='grc' dir='ltr'><em>διψῶσα</em></span> <span class='ocrx_word' id='word_1_839' title='bbox 3133 4264 3584 4334; x_wconf 84' lang='grc' dir='ltr'><em>προσδεχομένη</em></span> <span class='ocrx_word' id='word_1_840' title='bbox 3628 4266 3739 4319; x_wconf 77' lang='grc' dir='ltr'><em>τὸν</em></span> 
     </span>
    </p>
   </div>
   <div class='ocr_carea' id='block_1_115' title="bbox 2163 4342 3739 4417">
    <p class='ocr_par' dir='ltr' id='par_1_115' title="bbox 2163 4342 3739 4417">
     <span class='ocr_line' id='line_1_115' title="bbox 2163 4342 3739 4417; baseline 0.003 -19"><span class='ocrx_word' id='word_1_841' title='bbox 2163 4344 2361 4409; x_wconf 84' lang='grc' dir='ltr'><em>ὑετὸν,</em></span> <span class='ocrx_word' id='word_1_842' title='bbox 2389 4345 2572 4411; x_wconf 80' lang='grc' dir='ltr'><em>οὕτως</em></span> <span class='ocrx_word' id='word_1_843' title='bbox 2606 4342 2772 4400; x_wconf 84' lang='grc' dir='ltr'><em>οὗτοι</em></span> <span class='ocrx_word' id='word_1_844' title='bbox 2821 4346 2933 4414; x_wconf 83' lang='grc' dir='ltr'><em>τὴν</em></span> <span class='ocrx_word' id='word_1_845' title='bbox 2962 4347 3118 4417; x_wconf 76' lang='grc' dir='ltr'><em>ἐμὴν</em></span> <span class='ocrx_word' id='word_1_846' title='bbox 3153 4347 3394 4403; x_wconf 81' lang='grc' dir='ltr'><em>λαλιάν.</em></span> <span class='ocrx_word' id='word_1_847' title='bbox 3427 4348 3739 4416; x_wconf 75' lang='grc' dir='ltr'><em>Κατεσκή-</em></span> 
     </span>
    </p>
   </div>
   <div class='ocr_carea' id='block_1_116' title="bbox 2162 4426 3734 4499">
    <p class='ocr_par' dir='ltr' id='par_1_116' title="bbox 2162 4426 3734 4499">
     <span class='ocr_line' id='line_1_116' title="bbox 2162 4426 3734 4499; baseline 0.002 -20"><span class='ocrx_word' id='word_1_848' title='bbox 2162 4443 2314 4480; x_wconf 89' lang='grc' dir='ltr'><em>νουν</em></span> <span class='ocrx_word' id='word_1_849' title='bbox 2339 4428 2419 4492; x_wconf 87' lang='grc' dir='ltr'><em>ὠς</em></span> <span class='ocrx_word' id='word_1_850' title='bbox 2440 4426 2737 4493; x_wconf 85' lang='grc' dir='ltr'><em>,ϐασιλεὺς</em></span> <span class='ocrx_word' id='word_1_851' title='bbox 2766 4429 2837 4481; x_wconf 83' lang='grc' dir='ltr'><em>ἐν</em></span> <span class='ocrx_word' id='word_1_852' title='bbox 2857 4428 3231 4496; x_wconf 77' lang='grc' dir='ltr'><em>μονοζώνοις.</em></span> <span class='ocrx_word' id='word_1_853' title='bbox 3273 4430 3560 4499; x_wconf 81' lang='grc' dir='ltr'><em>Ἆφρόνων</em></span> <span class='ocrx_word' id='word_1_854' title='bbox 3593 4431 3734 4493; x_wconf 75' lang='grc' dir='ltr'><em>υίοί,</em></span> 
     </span>
    </p>
   </div>
   <div class='ocr_carea' id='block_1_117' title="bbox 2163 4508 3730 4583">
    <p class='ocr_par' dir='ltr' id='par_1_117' title="bbox 2163 4508 3730 4583">
     <span class='ocr_line' id='line_1_117' title="bbox 2163 4508 3730 4583; baseline 0.003 -21"><span class='ocrx_word' id='word_1_855' title='bbox 2163 4508 2263 4562; x_wconf 71' lang='grc' dir='ltr'><em>καὶ</em></span> <span class='ocrx_word' id='word_1_856' title='bbox 2279 4508 2470 4578; x_wconf 81' lang='grc' dir='ltr'><em>ἄτιμοι</em></span> <span class='ocrx_word' id='word_1_857' title='bbox 2500 4508 2687 4577; x_wconf 79' lang='grc' dir='ltr'><em>ὄνομα</em></span> <span class='ocrx_word' id='word_1_858' title='bbox 2702 4526 2715 4538; x_wconf 70' lang='grc'><strong><em>⁸</em></strong></span> <span class='ocrx_word' id='word_1_859' title='bbox 2740 4510 2878 4565; x_wconf 74' lang='grc' dir='ltr'><em>νυνὶ</em></span> <span class='ocrx_word' id='word_1_860' title='bbox 2898 4511 2968 4565; x_wconf 88' lang='lat'><em>66</em></span> <span class='ocrx_word' id='word_1_861' title='bbox 3001 4513 3210 4581; x_wconf 83' lang='grc' dir='ltr'><em>κιθάρα</em></span> <span class='ocrx_word' id='word_1_862' title='bbox 3233 4513 3347 4583; x_wconf 84' lang='grc' dir='ltr'><em>ἐγώ</em></span> <span class='ocrx_word' id='word_1_863' title='bbox 3375 4516 3492 4582; x_wconf 80' lang='grc' dir='ltr'><em>είμι</em></span> <span class='ocrx_word' id='word_1_864' title='bbox 3510 4513 3730 4579; x_wconf 86' lang='grc' dir='ltr'><em>αὐτῶν,</em></span> 
     </span>
    </p>
   </div>
   <div class='ocr_carea' id='block_1_118' title="bbox 2161 4594 3734 4663">
    <p class='ocr_par' dir='ltr' id='par_1_118' title="bbox 2161 4594 3734 4663">
     <span class='ocr_line' id='line_1_118' title="bbox 2161 4594 3734 4663; baseline 0.003 -16"><span class='ocrx_word' id='word_1_865' title='bbox 2161 4594 2261 4647; x_wconf 78' lang='grc' dir='ltr'><em>καί</em></span> <span class='ocrx_word' id='word_1_866' title='bbox 2296 4594 2405 4662; x_wconf 77' lang='grc' dir='ltr'><em>ἐμὲ</em></span> <span class='ocrx_word' id='word_1_867' title='bbox 2436 4594 2749 4662; x_wconf 84' lang='grc' dir='ltr'><em>θρύλλημα</em></span> <span class='ocrx_word' id='word_1_868' title='bbox 2792 4594 3065 4663; x_wconf 78' lang='grc' dir='ltr'><em>ἔχουσιν.</em></span> <span class='ocrx_word' id='word_1_869' title='bbox 3111 4597 3254 4652; x_wconf 83' lang='grc' dir='ltr'><em>Ἀπὸ</em></span> <span class='ocrx_word' id='word_1_870' title='bbox 3297 4597 3368 4651; x_wconf 85' lang='grc' dir='ltr'><em>δὲ</em></span> <span class='ocrx_word' id='word_1_871' title='bbox 3404 4597 3734 4663; x_wconf 79' lang='grc' dir='ltr'><em>προσώπου</em></span> 
     </span>
    </p>
   </div>
   <div class='ocr_carea' id='block_1_119' title="bbox 2154 4676 3733 4751">
    <p class='ocr_par' dir='ltr' id='par_1_119' title="bbox 2154 4676 3733 4751">
     <span class='ocr_line' id='line_1_119' title="bbox 2154 4676 3733 4751; baseline 0.001 -18"><span class='ocrx_word' id='word_1_872' title='bbox 2154 4695 2275 4748; x_wconf 88' lang='grc' dir='ltr'><em>μου</em></span> <span class='ocrx_word' id='word_1_873' title='bbox 2307 4678 2420 4731; x_wconf 82' lang='grc' dir='ltr'><em>οὐκ</em></span> <span class='ocrx_word' id='word_1_874' title='bbox 2462 4676 2784 4745; x_wconf 84' lang='grc' dir='ltr'><em>ἐφείσαντο</em></span> <span class='ocrx_word' id='word_1_875' title='bbox 2813 4679 3096 4734; x_wconf 84' lang='grc' dir='ltr'><em>πτύελον.</em></span> <span class='ocrx_word' id='word_1_876' title='bbox 3124 4681 3376 4750; x_wconf 85' lang='grc' dir='ltr'><em>Ἦγησαι</em></span> <span class='ocrx_word' id='word_1_877' title='bbox 3412 4681 3481 4735; x_wconf 84' lang='grc' dir='ltr'><em>δέ</em></span> <span class='ocrx_word' id='word_1_878' title='bbox 3515 4698 3593 4751; x_wconf 85' lang='grc' dir='ltr'><em>με</em></span> <span class='ocrx_word' id='word_1_879' title='bbox 3623 4682 3733 4736; x_wconf 78' lang='grc' dir='ltr'><em>ῑσα</em></span> 
     </span>
    </p>
   </div>
   <div class='ocr_carea' id='block_1_120' title="bbox 2160 4757 3732 4834">
    <p class='ocr_par' dir='ltr' id='par_1_120' title="bbox 2160 4757 3732 4834">
     <span class='ocr_line' id='line_1_120' title="bbox 2160 4757 3732 4834; baseline 0.004 -20"><span class='ocrx_word' id='word_1_880' title='bbox 2160 4759 2353 4829; x_wconf 85' lang='grc' dir='ltr'><em>πηλῷ,</em></span> <span class='ocrx_word' id='word_1_881' title='bbox 2394 4759 2465 4813; x_wconf 85' lang='grc' dir='ltr'><em>έν</em></span> <span class='ocrx_word' id='word_1_882' title='bbox 2494 4757 2571 4828; x_wconf 78' lang='grc' dir='ltr'><em>γῇ</em></span> <span class='ocrx_word' id='word_1_883' title='bbox 2609 4759 2708 4813; x_wconf 74' lang='grc' dir='ltr'><em>καὶ</em></span> <span class='ocrx_word' id='word_1_884' title='bbox 2744 4760 2952 4827; x_wconf 84' lang='grc' dir='ltr'><em>σποδῷ</em></span> <span class='ocrx_word' id='word_1_885' title='bbox 2998 4781 3113 4829; x_wconf 79' lang='grc' dir='ltr'><em>μου</em></span> <span class='ocrx_word' id='word_1_886' title='bbox 3143 4764 3182 4831; x_wconf 71' lang='grc' dir='ltr'>ἡ</span> <span class='ocrx_word' id='word_1_887' title='bbox 3223 4766 3411 4833; x_wconf 85' lang='grc' dir='ltr'><em>μερίς.</em></span> <span class='ocrx_word' id='word_1_888' title='bbox 3458 4765 3616 4834; x_wconf 78' lang='grc' dir='ltr'><em>Χειρι</em></span> <span class='ocrx_word' id='word_1_889' title='bbox 3660 4765 3732 4820; x_wconf 86' lang='lat'><em>66</em></span> 
     </span>
    </p>
   </div>
   <div class='ocr_carea' id='block_1_121' title="bbox 2159 4841 3732 4920">
    <p class='ocr_par' dir='ltr' id='par_1_121' title="bbox 2159 4841 3732 4920">
     <span class='ocr_line' id='line_1_121' title="bbox 2159 4841 3732 4920; baseline 0.004 -23"><span class='ocrx_word' id='word_1_890' title='bbox 2159 4841 2409 4911; x_wconf 84' lang='grc' dir='ltr'><em>κραταιᾷ</em></span> <span class='ocrx_word' id='word_1_891' title='bbox 2429 4859 2505 4911; x_wconf 87' lang='grc' dir='ltr'><em>με</em></span> <span class='ocrx_word' id='word_1_892' title='bbox 2523 4842 2957 4914; x_wconf 81' lang='grc' dir='ltr'><em>ἐμαστίγωσας.</em></span> <span class='ocrx_word' id='word_1_893' title='bbox 2994 4847 3296 4917; x_wconf 84' lang='grc' dir='ltr'><em>Ἀδελφὸς,</em></span> <span class='ocrx_word' id='word_1_894' title='bbox 3322 4850 3457 4918; x_wconf 75' lang='grc' dir='ltr'><em>φησὶ</em></span> <span class='ocrx_word' id='word_1_895' title='bbox 3476 4890 3492 4913; x_wconf 94' lang='grc'><em>,</em></span> <span class='ocrx_word' id='word_1_896' title='bbox 3514 4847 3732 4920; x_wconf 77' lang='grc' dir='ltr'><em>γέγονα</em></span> 
     </span>
    </p>
   </div>
   <div class='ocr_carea' id='block_1_122' title="bbox 2158 4924 3730 4998">
    <p class='ocr_par' dir='ltr' id='par_1_122' title="bbox 2158 4924 3730 4998">
     <span class='ocr_line' id='line_1_122' title="bbox 2158 4924 3730 4998; baseline 0.004 -20"><span class='ocrx_word' id='word_1_897' title='bbox 2158 4924 2476 4992; x_wconf 81' lang='grc' dir='ltr'><em>Σειρήνων,</em></span> <span class='ocrx_word' id='word_1_898' title='bbox 2502 4924 2735 4993; x_wconf 78' lang='grc' dir='ltr'><em>ἑταῖρος</em></span> <span class='ocrx_word' id='word_1_899' title='bbox 2756 4926 2824 4979; x_wconf 90' lang='grc' dir='ltr'><em>δὲ</em></span> <span class='ocrx_word' id='word_1_900' title='bbox 2843 4931 3169 4996; x_wconf 88' lang='grc' dir='ltr'><em>στρουθῶν.</em></span> <span class='ocrx_word' id='word_1_901' title='bbox 3190 4934 3258 4984; x_wconf 78' lang='grc' dir='ltr'><em>Εἰ</em></span> <span class='ocrx_word' id='word_1_902' title='bbox 3277 4931 3730 4998; x_wconf 76' lang='grc' dir='ltr'><em>ἐξηκολούθησε</em></span> 
     </span>
    </p>
   </div>
   <div class='ocr_carea' id='block_1_123' title="bbox 2157 5007 3728 5082">
    <p class='ocr_par' dir='ltr' id='par_1_123' title="bbox 2157 5007 3728 5082">
     <span class='ocr_line' id='line_1_123' title="bbox 2157 5007 3728 5082; baseline 0.006 -22"><span class='ocrx_word' id='word_1_903' title='bbox 2157 5008 2197 5077; x_wconf 77' lang='grc' dir='ltr'><strong><em>ἡ</em></strong></span> <span class='ocrx_word' id='word_1_904' title='bbox 2217 5007 2432 5075; x_wconf 86' lang='grc' dir='ltr'><em>καρδία</em></span> <span class='ocrx_word' id='word_1_905' title='bbox 2463 5025 2582 5077; x_wconf 87' lang='grc' dir='ltr'><em>μου</em></span> <span class='ocrx_word' id='word_1_906' title='bbox 2611 5008 2846 5077; x_wconf 76' lang='grc' dir='ltr'><em>γυναικί</em></span> <span class='ocrx_word' id='word_1_907' title='bbox 2876 5010 3097 5077; x_wconf 79' lang='grc' dir='ltr'><em>ἀνδρὸς</em></span> <span class='ocrx_word' id='word_1_908' title='bbox 3123 5012 3349 5080; x_wconf 75' lang='grc' dir='ltr'><em>ἐτέρου,</em></span> <span class='ocrx_word' id='word_1_909' title='bbox 3373 5013 3583 5082; x_wconf 85' lang='grc' dir='ltr'><em>ἀρέσαι</em></span> <span class='ocrx_word' id='word_1_910' title='bbox 3610 5013 3728 5080; x_wconf 73' lang='grc' dir='ltr'><em>ἄρα</em></span> 
     </span>
    </p>
   </div>
   <div class='ocr_carea' id='block_1_124' title="bbox 2155 5089 3727 5165">
    <p class='ocr_par' dir='ltr' id='par_1_124' title="bbox 2155 5089 3727 5165">
     <span class='ocr_line' id='line_1_124' title="bbox 2155 5089 3727 5165; baseline 0.004 -21"><span class='ocrx_word' id='word_1_911' title='bbox 2155 5089 2254 5144; x_wconf 76' lang='grc' dir='ltr'><em>καί</em></span> <span class='ocrx_word' id='word_1_912' title='bbox 2286 5090 2325 5158; x_wconf 79' lang='grc' dir='ltr'>ἡ</span> <span class='ocrx_word' id='word_1_913' title='bbox 2371 5089 2524 5160; x_wconf 80' lang='grc' dir='ltr'><em>γυνή</em></span> <span class='ocrx_word' id='word_1_914' title='bbox 2557 5108 2675 5158; x_wconf 86' lang='grc' dir='ltr'><em>μου</em></span> <span class='ocrx_word' id='word_1_915' title='bbox 2704 5090 2900 5159; x_wconf 79' lang='grc' dir='ltr'><em>ἑτέρῳ.</em></span> <span class='ocrx_word' id='word_1_916' title='bbox 2938 5093 3133 5162; x_wconf 84' lang='grc' dir='ltr'><em>Θυμὸς</em></span> <span class='ocrx_word' id='word_1_917' title='bbox 3177 5098 3286 5165; x_wconf 82' lang='grc' dir='ltr'><em>γὰρ</em></span> <span class='ocrx_word' id='word_1_918' title='bbox 3319 5096 3542 5164; x_wconf 83' lang='grc' dir='ltr'><em>ἀνδρὸς</em></span> <span class='ocrx_word' id='word_1_919' title='bbox 3583 5097 3727 5150; x_wconf 85' lang='grc' dir='ltr'><em>ἀκα-</em></span> 
     </span>
    </p>
   </div>
   <div class='ocr_carea' id='block_1_125' title="bbox 2154 5170 3726 5249">
    <p class='ocr_par' dir='ltr' id='par_1_125' title="bbox 2154 5170 3726 5249">
     <span class='ocr_line' id='line_1_125' title="bbox 2154 5170 3726 5249; baseline 0.003 -22"><span class='ocrx_word' id='word_1_920' title='bbox 2154 5174 2447 5244; x_wconf 82' lang='grc' dir='ltr'><em>τάσχετος</em></span> <span class='ocrx_word' id='word_1_921' title='bbox 2462 5171 2567 5227; x_wconf 88' lang='grc' dir='ltr'><em>τοῦ</em></span> <span class='ocrx_word' id='word_1_922' title='bbox 2588 5170 2796 5243; x_wconf 84' lang='grc' dir='ltr'><em>μιᾶναι</em></span> <span class='ocrx_word' id='word_1_923' title='bbox 2810 5175 3015 5242; x_wconf 82' lang='grc' dir='ltr'><em>αὐτοῖς</em></span> <span class='ocrx_word' id='word_1_924' title='bbox 3026 5178 3298 5246; x_wconf 85' lang='grc' dir='ltr'><em>γυναῖκα.</em></span> <span class='ocrx_word' id='word_1_925' title='bbox 3322 5182 3386 5233; x_wconf 78' lang='lat' dir='ltr'><strong><em>El</em></strong></span> <span class='ocrx_word' id='word_1_926' title='bbox 3409 5180 3726 5249; x_wconf 80' lang='grc' dir='ltr'><em>ὑπερεῖδον</em></span> 
     </span>
    </p>
   </div>
   <div class='ocr_carea' id='block_1_126' title="bbox 2150 5256 3725 5330">
    <p class='ocr_par' dir='ltr' id='par_1_126' title="bbox 2150 5256 3725 5330">
     <span class='ocr_line' id='line_1_126' title="bbox 2150 5256 3725 5330; baseline 0.004 -20"><span class='ocrx_word' id='word_1_927' title='bbox 2150 5258 2386 5327; x_wconf 78' lang='grc' dir='ltr'><em>τιομνὸν</em></span> <span class='ocrx_word' id='word_1_928' title='bbox 2425 5256 2871 5325; x_wconf 86' lang='grc' dir='ltr'><em>ἀπολλύμενον,</em></span> <span class='ocrx_word' id='word_1_929' title='bbox 2905 5259 3005 5313; x_wconf 78' lang='grc' dir='ltr'><em>καὶ</em></span> <span class='ocrx_word' id='word_1_930' title='bbox 3034 5262 3146 5315; x_wconf 84' lang='grc' dir='ltr'><em>οὐκ</em></span> <span class='ocrx_word' id='word_1_931' title='bbox 3178 5263 3471 5330; x_wconf 78' lang='grc' dir='ltr'><em>ὴμφιάσα.</em></span> <span class='ocrx_word' id='word_1_932' title='bbox 3508 5263 3628 5318; x_wconf 81' lang='grc' dir='ltr'><em>ἀπὸ</em></span> <span class='ocrx_word' id='word_1_933' title='bbox 3655 5262 3725 5316; x_wconf 80' lang='lat'><em>66</em></span> 
     </span>
    </p>
   </div>
   <div class='ocr_carea' id='block_1_127' title="bbox 2155 5338 3723 5415">
    <p class='ocr_par' dir='ltr' id='par_1_127' title="bbox 2155 5338 3723 5415">
     <span class='ocr_line' id='line_1_127' title="bbox 2155 5338 3723 5415; baseline 0.004 -23"><span class='ocrx_word' id='word_1_934' title='bbox 2155 5338 2376 5407; x_wconf 83' lang='grc' dir='ltr'><em>κουρᾶς</em></span> <span class='ocrx_word' id='word_1_935' title='bbox 2407 5339 2612 5408; x_wconf 84' lang='grc' dir='ltr'><em>ἀμνῶν</em></span> <span class='ocrx_word' id='word_1_936' title='bbox 2632 5357 2752 5407; x_wconf 92' lang='grc' dir='ltr'><em>μου</em></span> <span class='ocrx_word' id='word_1_937' title='bbox 2781 5341 2892 5393; x_wconf 82' lang='grc' dir='ltr'><em>οὐκ</em></span> <span class='ocrx_word' id='word_1_938' title='bbox 2909 5340 3362 5411; x_wconf 84' lang='grc' dir='ltr'><em>ἑθερμάνθησαν</em></span> <span class='ocrx_word' id='word_1_939' title='bbox 3374 5348 3430 5399; x_wconf 71' lang='grc' dir='ltr'><em>οἱ</em></span> <span class='ocrx_word' id='word_1_940' title='bbox 3454 5341 3598 5415; x_wconf 82' lang='grc' dir='ltr'><em>ὦμοι</em></span> <span class='ocrx_word' id='word_1_941' title='bbox 3623 5347 3723 5399; x_wconf 80' lang='grc' dir='ltr'><em>αὺ-</em></span> 
     </span>
    </p>
   </div>
   <div class='ocr_carea' id='block_1_128' title="bbox 2153 5419 3723 5496">
    <p class='ocr_par' dir='ltr' id='par_1_128' title="bbox 2153 5419 3723 5496">
     <span class='ocr_line' id='line_1_128' title="bbox 2153 5419 3723 5496; baseline 0.004 -19"><span class='ocrx_word' id='word_1_942' title='bbox 2153 5422 2289 5487; x_wconf 90' lang='grc' dir='ltr'><em>τῶν,</em></span> <span class='ocrx_word' id='word_1_943' title='bbox 2319 5422 2619 5489; x_wconf 83' lang='grc' dir='ltr'><em>ἀποσταίη</em></span> <span class='ocrx_word' id='word_1_944' title='bbox 2648 5421 2763 5492; x_wconf 78' lang='grc' dir='ltr'><em>ἄρα</em></span> <span class='ocrx_word' id='word_1_945' title='bbox 2789 5426 2823 5479; x_wconf 93' lang='lat'><em>6</em></span> <span class='ocrx_word' id='word_1_946' title='bbox 2845 5419 3020 5495; x_wconf 55' lang='lat' dir='ltr'><em>(5M9</em></span> <span class='ocrx_word' id='word_1_947' title='bbox 3032 5445 3151 5495; x_wconf 84' lang='grc' dir='ltr'><em>μου</em></span> <span class='ocrx_word' id='word_1_948' title='bbox 3179 5428 3298 5482; x_wconf 84' lang='grc' dir='ltr'><em>ἀπὸ</em></span> <span class='ocrx_word' id='word_1_949' title='bbox 3335 5429 3446 5496; x_wconf 77' lang='grc' dir='ltr'><em>τῆς</em></span> <span class='ocrx_word' id='word_1_950' title='bbox 3485 5429 3723 5494; x_wconf 78' lang='grc' dir='ltr'><em>κλειδός</em></span> 
     </span>
    </p>
   </div>
   <div class='ocr_carea' id='block_1_129' title="bbox 2144 5508 3721 5582">
    <p class='ocr_par' dir='ltr' id='par_1_129' title="bbox 2144 5508 3721 5582">
     <span class='ocr_line' id='line_1_129' title="bbox 2144 5508 3721 5582; baseline 0.003 -21"><span class='ocrx_word' id='word_1_951' title='bbox 2144 5525 2285 5577; x_wconf 90' lang='grc' dir='ltr'><em>μου.</em></span> <span class='ocrx_word' id='word_1_952' title='bbox 2315 5511 2383 5563; x_wconf 83' lang='lat' dir='ltr'><strong><em>El</em></strong></span> <span class='ocrx_word' id='word_1_953' title='bbox 2415 5508 2524 5578; x_wconf 78' lang='grc' dir='ltr'><em>γὰρ</em></span> <span class='ocrx_word' id='word_1_954' title='bbox 2546 5510 2837 5579; x_wconf 71' lang='grc' dir='ltr'><em>ἑπιχαρὴς</em></span> <span class='ocrx_word' id='word_1_955' title='bbox 2876 5512 3168 5581; x_wconf 85' lang='grc' dir='ltr'><em>ἐγενόμην</em></span> <span class='ocrx_word' id='word_1_956' title='bbox 3199 5511 3457 5582; x_wconf 71' lang='grc' dir='ltr'><em>πτιῖψατι</em></span> <span class='ocrx_word' id='word_1_957' title='bbox 3496 5512 3721 5581; x_wconf 78' lang='grc' dir='ltr'><em>ἐχθρῶν</em></span> 
     </span>
    </p>
   </div>
   <div class='ocr_carea' id='block_1_130' title="bbox 2143 5588 3719 5668">
    <p class='ocr_par' dir='ltr' id='par_1_130' title="bbox 2143 5588 3719 5668">
     <span class='ocr_line' id='line_1_130' title="bbox 2143 5588 3719 5668; baseline 0.003 -25"><span class='ocrx_word' id='word_1_958' title='bbox 2143 5608 2284 5659; x_wconf 87' lang='grc' dir='ltr'><em>μου,</em></span> <span class='ocrx_word' id='word_1_959' title='bbox 2314 5591 2410 5645; x_wconf 74' lang='grc' dir='ltr'><em>καὶ</em></span> <span class='ocrx_word' id='word_1_960' title='bbox 2437 5588 2567 5647; x_wconf 75' lang='grc' dir='ltr'><em>εἶπε</em></span> <span class='ocrx_word' id='word_1_961' title='bbox 2600 5594 2635 5660; x_wconf 81' lang='grc' dir='ltr'>ἡ</span> <span class='ocrx_word' id='word_1_962' title='bbox 2662 5594 2873 5661; x_wconf 82' lang='grc' dir='ltr'><em>καρδία</em></span> <span class='ocrx_word' id='word_1_963' title='bbox 2886 5611 3019 5668; x_wconf 84' lang='grc' dir='ltr'><em>μου,</em></span> <span class='ocrx_word' id='word_1_964' title='bbox 3038 5589 3214 5662; x_wconf 80' lang='grc' dir='ltr'><em>Εὖγε,</em></span> <span class='ocrx_word' id='word_1_965' title='bbox 3244 5594 3500 5650; x_wconf 78' lang='grc' dir='ltr'><em>ἀκοῦσαι</em></span> <span class='ocrx_word' id='word_1_966' title='bbox 3520 5596 3635 5665; x_wconf 77' lang='grc' dir='ltr'><em>ἄρα</em></span> <span class='ocrx_word' id='word_1_967' title='bbox 3655 5595 3719 5647; x_wconf 81' lang='grc' dir='ltr'><em>τὸ</em></span> 
     </span>
    </p>
   </div>
   <div class='ocr_carea' id='block_1_131' title="bbox 2150 5668 3721 5748">
    <p class='ocr_par' dir='ltr' id='par_1_131' title="bbox 2150 5668 3721 5748">
     <span class='ocr_line' id='line_1_131' title="bbox 2150 5668 3721 5748; baseline 0.003 -20"><span class='ocrx_word' id='word_1_968' title='bbox 2150 5668 2257 5738; x_wconf 83' lang='grc' dir='ltr'><em>οὖς</em></span> <span class='ocrx_word' id='word_1_969' title='bbox 2284 5693 2402 5744; x_wconf 86' lang='grc' dir='ltr'><em>μου</em></span> <span class='ocrx_word' id='word_1_970' title='bbox 2438 5675 2548 5744; x_wconf 75' lang='grc' dir='ltr'><em>τὴν</em></span> <span class='ocrx_word' id='word_1_971' title='bbox 2590 5675 2855 5746; x_wconf 83' lang='grc' dir='ltr'><em>κατάραν</em></span> <span class='ocrx_word' id='word_1_972' title='bbox 2894 5694 3014 5747; x_wconf 87' lang='grc' dir='ltr'><em>μου</em></span> <span class='ocrx_word' id='word_1_973' title='bbox 3080 5678 3144 5732; x_wconf 77' lang='lat' dir='ltr'><strong><em>El</em></strong></span> <span class='ocrx_word' id='word_1_974' title='bbox 3183 5678 3270 5748; x_wconf 78' lang='grc' dir='ltr'><em>μὴ</em></span> <span class='ocrx_word' id='word_1_975' title='bbox 3303 5678 3498 5747; x_wconf 69' lang='grc' dir='ltr'><em>ῥήξας</em></span> <span class='ocrx_word' id='word_1_976' title='bbox 3528 5678 3721 5747; x_wconf 69' lang='grc' dir='ltr'><em>αὐτὴν</em></span> 
     </span>
    </p>
   </div>
  </div>
