3962 6190
174 319 268 372 δσδ
1253 309 1575 366 SYNOI‘SIS
1612 310 2019 366 scutellum;
2058 314 2326 370 sacn/a.

171 445 371 485 uxorem
411 441 581 480 meam
605 465 620 487 .
667 434 722 478 et
764 439 867 478 non
908 425 1132 478 attendit
1166 441 1179 475 :
1211 423 1524 477 invocabam
1553 431 1730 476 autem

173 524 293 576 filios
313 518 724 574 concubinarum
749 531 1011 580 mearum,
1039 515 1111 569 illi
1134 530 1261 568 vero
1285 530 1371 568 me
1402 515 1454 568 in
1475 515 1732 567 sarculum

170 612 376 668 aversati
403 618 544 664 sunt.
577 609 899 663 Miseremini
931 608 1066 670 mei,
1093 607 1450 672 miseremini,
1479 621 1514 661 ο
1553 607 1730 661 amici.

167 711 323 774 Quare
364 721 446 760 me
485 704 866 774 persequimini
892 746 906 770 ,
943 704 1080 757 sicut
1110 701 1403 757 Dominus?
1430 701 1560 766 Quis
1587 700 1729 754 enim

167 801 244 854 det
283 809 333 852 ut
373 797 676 852 scribantur
717 797 878 851 verba
921 795 1082 850 mea?
1127 796 1169 850 A
1203 795 1428 848 Domino
1455 792 1585 847 mihi
1619 792 1734 846 haec

166 898 508 947 consummata
552 898 696 944 sunt.
734 888 935 943 Oculus
972 890 1113 943 enim
1154 901 1307 940 meus
1330 885 1500 950 vidit,
1541 892 1594 939 ct
1627 898 1730 937 non

168 984 302 1035 alius.
347 979 598 1035 Radicem
641 979 905 1033 sermonis
947 978 1276 1032 inveniemus
1314 977 1364 1029 in
1402 989 1513 1030 eo:
1546 983 1730 1028 cavete

166 1075 308 1128 etiam
335 1086 428 1127 vos
455 1087 485 1126 a
515 1072 748 1140 tegmine
780 1089 798 1123 ι
827 1070 976 1143 (Cap.
1007 1070 1095 1126 l9.
1126 1086 1174 1124 υ.
1197 1069 1251 1125 9.
1289 1068 1372 1124 10.
1402 1068 1490 1123 15.
1520 1068 1608 1123 14.
1633 1066 1734 1122 16-

170 1164 240 1218 ts.
263 1162 439 1218 21.25.
472 1161 691 1232 26—29).

222 1253 457 1308 Secundo
521 1265 706 1305 rursus
766 1250 1036 1320 excipiens
1099 1249 1307 1320 Sophar
1365 1248 1502 1304 Joho
1560 1247 1730 1302 dicit:

173 1344 314 1398 «Non
355 1343 431 1398 sic
481 1343 729 1413 putabam
779 1352 829 1396 te
876 1350 1061 1398 contra
1107 1356 1506 1412 responsurtnn.
1543 1359 1562 1392 ι
1597 1339 1738 1394 Hinc

168 1436 332 1491 illud:
375 1453 396 1487 ι
453 1435 658 1490 Lmtitia
715 1435 999 1504 impiorum
1061 1433 1210 1488 ruina
1271 1433 1493 1503 insignis
1537 1447 1553 1485 :
1598 1446 1731 1500 gau-

168 1527 295 1582 diu-u
321 1541 448 1580 vero
482 1525 786 1595 iniquorum
818 1533 901 1579 est
932 1523 1179 1594 perditio.
1223 1524 1356 1577 Cum
1383 1531 1560 1577 autem
1589 1522 1732 1576 visus

169 1619 308 1673 fuerit
328 1619 432 1687 jam
460 1617 705 1671 firmatus
730 1631 868 1681 esse,
893 1625 1017 1671 tunc
1043 1616 1094 1668 in
1119 1615 1278 1670 tinem
1304 1613 1518 1683 peribit.
1550 1632 1570 1665 ι
1596 1611 1730 1666 Illud

168 1709 307 1762 etiam
335 1727 350 1762 :
379 1725 398 1758 ι
431 1707 562 1762 Ossa
593 1705 711 1774 ejus
753 1706 966 1776 impleta
1009 1714 1133 1760 sunt
1172 1704 1451 1774 iuventute
1487 1702 1626 1772 ejus.
1671 1701 1726 1757 Si

167 1799 403 1854 dulcnerit
453 1797 506 1851 in
557 1811 652 1850 ore
693 1796 808 1865 ejus
863 1794 1160 1864 malignitas
1190 1835 1205 1858 ,
1257 1791 1555 1847 abscondet
1606 1805 1725 1846 eam

169 1889 256 1944 sub
281 1889 448 1959 lingua
474 1902 591 1941 sua.
641 1886 790 1940 Sicut
820 1885 887 1940 fel
917 1885 1116 1956 aspidis
1156 1885 1206 1938 in
1236 1892 1424 1939 ventre
1465 1882 1580 1952 ejus
1605 1924 1618 1947 ,
1651 1881 1730 1936 sic

172 1981 350 2036 divitia:
391 1981 569 2050 inique
614 1987 950 2049 congregata:
990 1985 1327 2031 evomentur.
1368 1975 1426 2030 In
1455 1990 1650 2029 vanum
1677 1982 1733 2030 et

173 2073 348 2126 frustra
372 2073 642 2134 laboravit,
669 2070 926 2140 colligens
949 2069 1165 2122 divitias
1187 2083 1252 2124 ex
1281 2067 1475 2137 quibus
1500 2083 1605 2122 non
1633 2082 1732 2136 gu-

151 2164 335 2221 .stahil.
367 2163 635 2218 Hultorum
665 2163 806 2216 enim
837 2161 1210 2231 impotentium
1237 2160 1427 2214 domos
1452 2160 1725 2214 contrivit.

178 2253 401 2308 \‘ulneret
426 2271 544 2308 eum
571 2268 732 2309 arcus
757 2266 950 2318 terens,
979 2261 1036 2307 et
1061 2261 1393 2322 pertranseat
1419 2265 1514 2320 per
1535 2265 1730 2321 corpus

167 2345 269 2413 ejus
286 2345 527 2413 jaculum.
558 2347 716 2399 Astra
739 2353 916 2399 autem
943 2343 994 2397 in
1021 2342 1375 2397 tabernaculis
1393 2342 1510 2410 ejus
1530 2342 1722 2397 ambu-

168 2438 348 2490 labunl.
381 2436 498 2491 llaec
527 2457 546 2487 ι
567 2437 712 2491 enim
737 2453 757 2486 ι
786 2445 868 2489 est
890 2434 1071 2505 portio
1095 2433 1194 2488 viri
1223 2433 1368 2502 impii
1391 2448 1419 2486 a
1443 2433 1674 2487 Domino
1700 2450 1722 2484 ι

163 2527 298 2596 (Cap.
319 2527 403 2581 20.
421 2545 468 2581 ιν.
489 2527 546 2584 2.
565 2528 620 2582 5.
643 2525 911 2582 7.11.12.
941 2525 1359 2581 11.15.18.19.
1379 2525 1468 2580 21.
1490 2525 1580 2580 25.
1607 2524 1724 2596 29).

221 2620 450 2676 Secunda
509 2621 791 2691 responsio
831 2618 952 2674 Jobi
1008 2617 1075 2672 ad
1121 2617 1332 2688 Sophar
1377 2636 1391 2672 :
1444 2636 1464 2670 ι
1503 2617 1723 2685 Audite,

161 2713 322 2767 audite
345 2714 501 2768 verba
529 2729 671 2772 mea.
701 2721 758 2767 ut
784 2711 855 2766 sit
885 2711 1014 2766 mihi
1040 2710 1338 2766 consolatio
1365 2724 1470 2764 non
1491 2724 1521 2764 a
1550 2710 1723 2778 vobis.

162 2804 283 2870 Quid
337 2803 811 2872 euim?Numquid
846 2818 968 2858 cum
1029 2802 1247 2858 homine
1299 2810 1382 2857 est
1422 2801 1728 2872 redargutio

161 2911 259 2950 mea
277 2899 302 2948 ’ἰ
326 2896 496 2963 Quare
527 2896 675 2965 impii
698 2895 901 2960 vivunt,
931 2904 1330 2965 senueruntque
1371 2895 1422 2949 in
1451 2893 1651 2949 divitiis
1674 2903 1728 2950 et

162 2989 534 3059 prosperitate?
571 2988 729 3043 Salva
773 2989 944 3043 evasit
997 3001 1278 3058 prtegnans
1331 2985 1472 3056 apud
1520 2986 1660 3042 illos.
1700 3003 1721 3038 ι

161 3078 242 3133 libi
261 3097 278 3130 t
315 3080 446 3136 Dicit
474 3100 492 3130 ι
513 3081 706 3148 impius
729 3097 748 3132 ι
782 3079 1036 3134 Domino:
1059 3078 1273 3133 Recede
1292 3094 1323 3132 a
1340 3093 1448 3144 me,
1475 3077 1587 3133 vias
1610 3087 1727 3134 tuas

159 3173 276 3226 scire
313 3173 450 3226 nolo.
499 3171 632 3239 Quis
682 3181 765 3226 est
805 3171 894 3226 ille
939 3181 1148 3241 petens.
1177 3171 1298 3241 quia
1319 3170 1614 3226 serviemus
1633 3171 1728 3227 ei?

161 3262 329 3318 Annon
360 3264 615 3318 Dominus
646 3272 751 3326 est,
781 3263 872 3333 qui
915 3262 1074 3317 ducet
1105 3261 1433 3317 intellectum
1462 3270 1520 3317 et
1547 3262 1726 3317 scien-

166 3356 318 3410 tiam?
347 3356 466 3426 Ipse
488 3371 618 3411 vero
676 3356 892 3410 labores
927 3354 1205 3422 dijudicat.
1251 3353 1434 3425 Itaque
1475 3354 1589 3410 scio
1630 3368 1727 3410 vos

161 3447 389 3503 audacter
417 3449 545 3503 mihi
575 3449 844 3503 insistere.
886 3465 906 3500 ι
940 3445 1068 3501 Item
1091 3445 1256 3513 illud,
1304 3464 1324 3499 ε
1364 3445 1465 3502 Ubi
1515 3454 1599 3501 est
1625 3445 1725 3501 do-

162 3555 263 3593 mus
285 3540 616 3610 principum?
643 3539 699 3593 In
728 3539 870 3594 diem
899 3538 1214 3609 perditionis
1235 3539 1543 3593 sublevatur
1566 3538 1725 3594 mali-

159 3648 276 3701 gnus
301 3650 317 3688 :
340 3642 397 3690 et
425 3642 544 3703 post
573 3633 720 3687 illmn
749 3631 924 3686 omnis
945 3630 1107 3686 homo
1135 3631 1302 3685 abibit
1333 3649 1352 3682 ι
1382 3630 1530 3701 (Cap.
1553 3629 1642 3686 21.
1675 3646 1722 3684 υ.

157 3723 203 3777 2.
232 3725 279 3779 t.
310 3725 364 3779 7.
401 3724 485 3779 ιο.
519 3722 834 3778 14.15.22.
861 3721 1183 3778 27.28.30.
1215 3720 1328 3794 ss).

214 3816 393 3872 Tertio
411 3817 602 3872 iterum
620 3815 899 3884 excipiens
917 3813 1136 3885 Elipbaz
1158 3813 1233 3868 ait
1260 3831 1273 3867 :
1303 3831 1321 3865 ι
1345 3812 1535 3869 Nonne
1559 3813 1730 3867 Domi-

160 3924 243 3962 nus
261 3919 358 3972 est,
381 3909 470 3980 qui
491 3909 650 3964 docet
673 3907 1000 3962 intellectum
1015 3915 1069 3962 et
1088 3905 1403 3961 scientiam?
1423 3905 1561 3974 Quid
1582 3907 1726 3961 enim

157 4011 289 4051 curat
308 3999 562 4053 Dominus
585 3999 629 4054 si
657 4007 712 4052 tu
740 3996 880 4052 fuisti
899 3997 952 4051 in
969 3995 1220 4068 operibus
1238 3994 1554 4064 inculpatis?
1584 4013 1604 4047 ι
1631 3995 1729 4050 llic

159 4089 276 4146 Jubo
293 4091 423 4146 dicit
447 4090 671 4159 Eliphaz
703 4107 716 4142 :
747 4107 767 4140 σ
804 4089 1001 4143 Viduas
1020 4087 1266 4143 dimisisti
1297 4101 1526 4150 vacuas,
1553 4086 1731 4156 pupil-

161 4183 225 4237 los
258 4195 435 4240 autem
483 4184 743 4239 alllixisti.
797 4183 863 4238 Et
910 4182 1089 4238 dixisti
1120 4181 1295 4247 :Quid
1347 4179 1494 4234 novit
1537 4178 1730 4233 fortis?

160 4273 242 4338 Qui
265 4275 467 4340 dicunt,
489 4275 628 4343 Quid
658 4274 814 4329 faciet
841 4273 997 4328 nobis
1027 4271 1314 4327 Dominus?
1339 4281 1394 4326 et
1421 4270 1547 4342 quid
1571 4269 1730 4325 indu-

160 4376 231 4420 cet
273 4366 429 4422 nohis
467 4366 865 4436 Omnipotens?
903 4384 922 4417 ι
992 4363 1120 4419 Item
1159 4362 1288 4419 illud
1320 4381 1335 4419 :
1375 4381 1395 4414 r
1433 4362 1630 4418 Purum
1676 4371 1729 4417 te

162 4459 325 4514 reddet
360 4461 620 4514 Dominus
659 4459 798 4513 sicut
831 4467 1108 4528 argentum
1139 4457 1262 4528 igne
1285 4457 1584 4526 probatum.
1616 4455 1726 4510 Re-

162 4552 288 4620 spice
315 4553 367 4606 in
394 4552 581 4606 ctelum
621 4550 886 4606 hilariter.
930 4550 1064 4605 Cum
1093 4557 1340 4618 precatus
1367 4557 1542 4602 autem
1565 4546 1730 4602 lueris

162 4657 286 4704 uim.
319 4643 570 4699 exaudiet
601 4646 1128 4708 te,etservaberisin
1158 4639 1414 4693 munditia
1463 4650 1718 4691 manuum

167 4741 348 4788 tuarum
388 4752 407 4787 ι
449 4735 601 4806 (Cap.
627 4733 717 4788 22.
747 4751 794 4786 υ.
821 4733 874 4786 2.
909 4733 963 4786 5.
994 4734 1049 4786 9.
1076 4731 1161 4785 15.
1191 4731 1273 4784 17.
1303 4727 1496 4785 25-27.
1523 4728 1636 4796 50).

219 4825 390 4882 Tertia
443 4826 562 4881 Jobi
613 4825 680 4879 ad
736 4824 956 4894 Eliphaz
1002 4821 1320 4892 responsio:
1353 4839 1370 4872 ι
1405 4820 1472 4874 Ει
1513 4817 1728 4890 quidem

167 4916 278 4979 scio,
300 4916 422 4986 quia
449 4918 791 4988 eleemosyna
815 4914 882 4968 de
913 4928 1072 4967 manu
1122 4926 1238 4965 mea
1281 4919 1364 4965 est
1393 4928 1405 4962 :
1442 4918 1496 4963 et
1539 4923 1730 4963 manus

168 5005 265 5072 ejus
285 5008 460 5076 gravis
487 5008 620 5062 facta
649 5016 732 5060 est
755 5020 916 5075 super
934 5002 1186 5074 gemitum
1213 5015 1412 5056 meum.
1430 4999 1485 5055 Si
1512 5001 1562 5053 in
1595 4999 1734 5054 mul-

170 5104 211 5148 ta
237 5099 423 5154 virtute
454 5097 835 5168 superveniant
859 5096 988 5150 mihi
1012 5093 1245 5148 tenebrae
1274 5111 1292 5144 ι
1317 5089 1466 5161 (Cap.
1493 5090 1578 5145 25.
1600 5106 1648 5143 υ.
1671 5090 1728 5144 2.

169 5188 344 5259 6.17)!
379 5191 574 5260 «Impii
625 5189 914 5246 terminum
956 5185 1270 5257 transgressi
1317 5192 1532 5250 sunt,et
1560 5187 1732 5238 nudos

170 5282 346 5338 multo:
369 5283 604 5342 donnire
623 5283 866 5340 fecerunt
899 5282 1019 5337 sine
1042 5276 1398 5336 vestimentis.
1425 5278 1732 5346 Appareant

170 5374 346 5443 planta:
384 5393 570 5434 eorum
609 5376 679 5434 de
713 5386 854 5432 terra
881 5374 1045 5431 aridae
1071 5393 1084 5430 :
1111 5373 1417 5430 fasciculum
1455 5373 1598 5428 enim
1631 5387 1730 5442 pu-

172 5465 397 5533 pillorum
427 5479 714 5540 rapuerunt
751 5487 772 5520 ι
801 5467 952 5539 (Cap.
983 5465 1072 5522 21.
1101 5482 1148 5520 υ.
1173 5465 1226 5520 2.
1255 5464 1393 5534 7-9).

227 5556 402 5614 Tertio
422 5561 692 5630 excipiens
714 5557 912 5614 Baldad
940 5557 1070 5614 dicit
1094 5575 1105 5612 :
1138 5575 1156 5609 ι
1189 5555 1287 5626 Qui
1315 5554 1440 5610 facit
1469 5553 1730 5610 universi-

174 5656 311 5704 tatem
346 5652 397 5706 in
428 5653 714 5709 altissimo.
766 5651 843 5708 Ne
877 5651 996 5722 quis
1034 5650 1333 5722 suspicetur
1375 5663 1496 5704 esse
1522 5661 1728 5702 moram

172 5739 353 5806 piratis.
387 5743 664 5811 Quomodo
699 5745 840 5799 enim
877 5744 978 5800 crit
1003 5743 1176 5813 justus
1226 5742 1386 5797 homo
1413 5753 1592 5795 coram
1627 5739 1728 5793 00-

3331 327 3432 379 5611

1851 423 2027 479 mino?
2043 423 2096 479 Si
2122 442 2246 479 vero
2265 430 2426 481 homo
2442 425 2687 498 putredo,
2708 442 2757 485 et
2784 431 2921 487 filius
2939 432 3171 490 hominis
3190 439 3380 490 vermis
3409 470 3426 490 .

1842 515 1993 585 (Cap.
2023 517 2112 571 25.
2132 533 2178 569 υ.
2203 519 2327 573 2-4.
2346 519 2436 587 6)?

1912 606 2088 661 Tertia
2119 608 2236 663 Johi
2260 610 2325 663 ad
2360 610 2558 664 Baldad
2596 614 2875 682 responsio
2908 631 2921 668 :
2961 635 2980 665 ‹
3011 616 3179 682 Quem
3212 619 3425 687 adjutu-

1841 713 1934 750 rus
1957 698 2051 752 es?
2073 709 2127 752 et
2160 716 2318 769 quem
2347 703 2632 771 sequeris?
2671 703 2858 758 Nonne
2891 721 3014 759 etnn
3056 708 3138 762 cui
3198 712 3426 765 maxima

1841 791 2119 859 potestas?
2149 791 2329 847 Nudus
2363 812 2382 844 ι
2409 796 2549 847 enim
2579 814 2598 845 ι
2636 805 2716 849 est
2748 796 2986 851 infernus
3014 813 3193 853 coram
3219 815 3304 855 eo.
3330 805 3430 867 Qui

1841 883 2117 951 SuSpendit
2147 892 2340 937 terram
2368 886 2420 938 in
2449 886 2694 946 nihilum,
2722 888 2891 957 ligans
2917 904 3107 958 aquam
3128 890 3177 944 in
3195 891 3423 945 nubibus

1839 974 1969 1026 suis.
1994 973 2269 1042 Pra'cepto
2289 985 2466 1029 autem
2495 979 2720 1046 peremit
2739 978 3026 1033 draconem
3045 980 3374 1036 desertorem
3409 1003 3427 1034 ι

1841 1067 1990 1134 (Cap.
2023 1065 2111 1119 26.
2132 1082 2178 1118 υ.
2204 1068 2256 1121 2.
2277 1069 2329 1122 5.
2356 1068 2468 1122 6-8.
2499 1069 2609 1140 ts).

1911 1155 2042 1211 Cum
2075 1157 2284 1228 Sophar
2314 1161 2470 1214 tertio
2493 1161 2632 1230 loqui
2665 1177 2772 1216 non
2799 1164 3197 1233 aggrederetur,
3231 1167 3340 1219 imo
3373 1179 3427 1221 et

1839 1249 1929 1303 alii
1960 1249 2072 1304 duo.
2114 1252 2320 1320 priores
2365 1260 2624 1320 tacerent,
2656 1265 2838 1323 utpote
2865 1256 2955 1323 qui
2999 1272 3104 1311 non
3158 1257 3420 1313 haberent

1840 1340 1965 1409 quid
2004 1343 2233 1411 amplius
2271 1343 2528 1406 dicerent,
2564 1359 2630 1397 eo
2673 1344 2815 1413 quod
2860 1344 2963 1399 Job
2999 1362 3059 1401 se
3083 1347 3282 1415 justum
3307 1364 3430 1404 esse

1841 1441 2098 1498 poneret,
2127 1433 2393 1486 subnectit
2441 1434 2676 1488 secundo
2719 1434 2822 1488 Job
2863 1436 3050 1491 eadem
3089 1438 3155 1492 de
3191 1454 3251 1493 re
3297 1455 3424 1508 pro-

1837 1521 2058 1577 mmium
2078 1540 2089 1573 ε
2108 1523 2179 1576 illi
2199 1539 2327 1577 vero
2347 1539 2467 1578 cum
2486 1525 2697 1580 silentio
2725 1530 2895 1594 ipsmn
2913 1529 3158 1592 audiunt,
3188 1543 3287 1582 nec
3309 1531 3428 1584 sine

1839 1613 2084 1667 utilitate.
2124 1613 2346 1678 «Vivit,»
2383 1615 2572 1684 inquit,
2602 1616 2891 1670 «Dominus
2906 1617 2992 1685 qui
3021 1620 3100 1672 sic
3126 1620 3432 1688 mejudica—

1839 1704 1934 1769 vit,
1966 1713 2020 1759 et
2047 1704 2432 1774 Omnipotens,
2465 1707 2556 1774 qui
2588 1705 2764 1760 alfecit
2791 1708 3146 1762 amaritudine
3196 1711 3430 1764 animam

1838 1811 2010 1850 meam
2043 1815 2056 1846 τ
2085 1811 2205 1850 cum
2225 1795 2399 1850 adhuc
2427 1797 2623 1850 halitus
2640 1813 2788 1851 meus
2805 1797 3081 1862 immanct,
3105 1799 3431 1870 spiritusque

1837 1885 2048 1940 divinus
2084 1896 2331 1955 superest
2379 1887 2428 1941 in
2453 1887 2676 1942 naribus
2697 1888 2828 1942 meis
2853 1930 2866 1953 ,
2895 1888 3034 1943 labia
3058 1905 3174 1943 mea
3205 1906 3312 1944 non
3353 1893 3430 1945 lo-

1835 1986 2065 2047 quentur
2093 1977 2292 2048 iniqua.
2323 1977 2668 2033 Annuntiaho
2709 1979 2861 2034 vobis
2905 1979 3035 2049 quid
3079 1980 3152 2034 sit
3184 1981 3237 2034 in
3270 1996 3429 2036 manu

1837 2075 2070 2130 Domini.
2102 2075 2240 2129 Ecce
2265 2091 2452 2130 omnes
2483 2077 2673 2141 nostis,
2699 2076 2821 2145 quia
2852 2091 2986 2130 vana
3005 2075 3430 2132 vanisinsidiose

1835 2165 2088 2234 adjicitis.
2123 2166 2248 2221 lla-c
2277 2167 2452 2236 portio
2494 2176 2576 2222 est
2628 2167 2859 2223 hominis
2900 2168 3050 2238 impii
3099 2183 3130 2221 a
3179 2168 3425 2223 Domino.

1833 2255 1986 2322 Quod
2013 2257 2057 2311 si
2081 2257 2232 2310 multi
2261 2257 2459 2312 fuerint
2490 2258 2584 2312 lilii
2615 2257 2756 2327 ejus,
2793 2258 2845 2312 in
2878 2258 3204 2314 occisionem
3233 2269 3424 2314 erunt:

1835 2345 2007 2400 viduis
2034 2356 2211 2402 autem
2241 2361 2427 2402 eorum
2474 2364 2632 2404 nemo
2653 2350 2990 2405 miserebitur
3024 2369 3044 2402 ι
3088 2349 3236 2422 (Cap.
3258 2350 3348 2405 27.
3377 2369 3428 2406 υ.

1833 2437 1951 2495 2-1.
1972 2440 2159 2496 11-15.
2180 2441 2416 2511 11.15.).
2439 2460 2456 2492 ι
2481 2440 2537 2497 Si
2554 2442 2830 2514 collegerit
2846 2443 3037 2513 impius
3059 2454 3115 2498 ut
3131 2453 3199 2498 tet
3212 2459 3325 2499 ram
3343 2459 3432 2500 ar-

1832 2542 2050 2604 gentum
2075 2549 2091 2588 :
2120 2533 2268 2589 locus
2289 2533 2428 2589 unde
2445 2533 2524 2603 fit,
2546 2535 2664 2605 quis
2681 2535 2799 2590 est?
2820 2536 2939 2606 quis
2956 2536 3104 2590 locus
3123 2536 3261 2603 auri,
3280 2535 3423 2591 unde

1835 2624 2182 2695 percolatur?
2211 2624 2431 2680 Ferrum
2457 2625 2671 2696 quidem
2702 2625 2768 2680 de
2795 2635 2931 2680 terra
2957 2625 3034 2689 lit,
3064 2641 3139 2680 ωε
3162 2637 3338 2681 autem
3369 2636 3426 2681 ut

1835 2713 1970 2785 lapis
1995 2714 2236 2770 caeditur.
2261 2714 2431 2770 Omne
2459 2716 2771 2786 pretiosum,
2801 2736 2818 2767 ι
2843 2717 3030 2786 inquit,
3053 2736 3071 2769 ι
3091 2717 3222 2771 vidit
3238 2717 3430 2770 oculus

1835 2821 2008 2860 meus.
2031 2807 2303 2879 Sapientia
2331 2817 2507 2863 autem
2535 2808 2653 2879 ejus
2683 2809 2822 2864 unde
2857 2810 3069 2864 inventa
3099 2809 3220 2863 est?
3251 2809 3422 2878 Ahys-

1833 2913 1926 2954 sus
1948 2899 2103 2966 dixit,
2121 2899 2235 2955 Non
2256 2909 2335 2955 est
2360 2901 2412 2954 in
2431 2915 2517 2955 me
2545 2906 2624 2962 ;et
2638 2893 2947 2959 maredixit,
2962 2893 3076 2950 Non
3093 2904 3176 2950 est
3191 2913 3393 2953 met‘llttt
3407 2937 3420 2948 .

1837 2990 2062 3045 Attrahe
2112 2992 2429 3062 sapientiam
2485 3006 2649 3060 super
2699 3007 2761 3046 ea
2800 3007 2918 3062 qua:
2967 2991 3196 3046 maxime
3245 2991 3424 3044 intima

1832 3090 1976 3136 sunt.
2009 3081 2125 3137 Non
2144 3083 2444 3152 mquabitur
2469 3084 2516 3138 ei
2548 3083 2812 3152 topazium
2839 3083 3130 3152 [Ethiopim
3155 3125 3170 3148 ,
3204 3091 3261 3137 et
3288 3098 3422 3136 amo

1833 3189 1968 3244 puro
2005 3191 2109 3230 non
2138 3175 2464 3231 conferetur.
2499 3176 2757 3230 Dominus
2807 3175 2943 3230 bene
2971 3174 3246 3229 constituit
3286 3175 3424 3227 viam

1833 3266 1969 3336 ejus.
2005 3266 2122 3338 Ipse
2149 3267 2291 3321 enim
2327 3282 2486 3322 omne
2530 3267 2673 3337 quod
2703 3265 2803 3319 sub
2833 3265 2966 3320 caelo
3011 3273 3093 3319 est
3144 3267 3417 3334 perspicit,

1836 3365 1960 3412 nota
1983 3356 2186 3411 habens
2212 3359 2387 3410 omnia
2419 3373 2536 3426 qua:
2559 3357 2610 3410 in
2637 3365 2797 3419 terra,
2824 3363 3106 3410 ventorum
3137 3354 3396 3408 libramcn

1834 3456 1968 3514 tum,
1995 3464 2249 3519 aquarum
2283 3464 2581 3504 mensuras.
2617 3447 2760 3502 Dixit
2788 3447 2990 3501 homini
3021 3463 3034 3497 :
3070 3447 3205 3500 Ecce
3250 3445 3423 3498 cultus

1834 3540 1926 3595 Dei
1958 3549 2039 3594 est
2067 3540 2324 3610 sapientia
2362 3559 2379 3591 ι
2405 3538 2551 3610 (Cap.
2579 3537 2668 3592 27.
2694 3555 2744 3594 v.
2770 3538 2856 3593 16.
2885 3549 2931 3592 et
2962 3536 3087 3603 Cap.
3115 3534 3206 3590 28.
3229 3535 3422 3589 v.1.2.

1835 3633 1924 3686 10.
1957 3632 2041 3686 12.
2081 3632 2164 3686 14.
2195 3631 2280 3686 18.
2310 3629 2396 3684 19.
2425 3629 2610 3686 25-25.
2639 3631 2757 3700 28).

1905 3723 2014 3776 Illis
2041 3733 2218 3776 autem
2244 3722 2414 3775 tribus
2445 3721 2743 3775 tacentibus
2779 3719 3037 3789 adjiciens
3071 3717 3172 3773 Job
3209 3718 3260 3771 in
3299 3731 3420 3786 pro-

1835 3814 1998 3872 ωςηίυ
2023 3813 2156 3868 dicit
2184 3831 2196 3866 :
2232 3831 2250 3865 ι
2289 3811 2421 3878 Quis
2450 3829 2534 3867 me
2563 3820 2722 3881 ponat
2750 3811 2801 3865 in
2833 3825 3018 3864 mense
3051 3810 3280 3878 priorem
3310 3807 3423 3862 die-

1836 3921 1976 3967 rum.
2007 3904 2201 3975 quibus
2245 3917 2330 3958 me
2362 3903 2502 3956 Deus
2531 3901 2905 3956 custodiebat?
2933 3900 3066 3954 Cum
3111 3897 3426 3969 Splendebat

1838 3999 2053 4054 lucerna
2081 3995 2199 4064 ejus
2243 4009 2407 4062 super
2455 4003 2612 4062 caput
2643 4008 2843 4056 meum,
2891 3991 3100 4045 exibam
3135 3989 3425 4042 matutinus

1837 4087 2142 4152 incivitate,
2177 4087 2228 4140 in
2274 4085 2465 4156 plateis
2513 4094 2689 4138 autem
2744 4082 3041 4153 ponebatur
3089 4079 3219 4134 mihi
3271 4079 3421 4132 sella.

1835 4181 2056 4239 Servavi
2083 4180 2225 4236 enim
2255 4191 2546 4249 pauperem
2581 4175 2650 4230 de
2690 4190 2849 4229 manu
2895 4173 3212 4243 potentium.
3255 4169 3426 4224 Bene-

1835 4274 1999 4329 dictio
2029 4272 2366 4343 pereuntium
2397 4283 2562 4338 super
2584 4283 2670 4322 me
2700 4266 2896 4322 veniat.
2925 4263 3124 4319 Oculus
3153 4262 3223 4317 fui
3245 4276 3419 4316 creo-

1835 4379 1976 4425 rum,
2003 4373 2057 4418 et
2085 4376 2178 4432 pes
2207 4359 2516 4415 claudorum
2539 4399 2554 4422 ,
2601 4368 2752 4428 pater
2794 4367 2971 4411 autem
3025 4354 3418 4424 impotentium.

1835 4455 2084 4526 Confregi
2108 4453 2277 4508 molas
2307 4452 2606 4520 iniquorum
2638 4448 2742 4504 :de
2764 4447 2940 4503 medio
2963 4446 3200 4502 dentium
3231 4459 3417 4500 eormn

1835 4548 2074 4617 rapinam
2104 4544 2296 4614 eripui.
2335 4541 2486 4598 Sicut
2531 4552 2671 4596 terra
2717 4539 2904 4594 sitiens
2953 4537 3250 4607 suscipiens
3308 4536 3425 4606 pln-

1835 4639 1996 4698 viam.
2026 4638 2102 4691 sic
2131 4636 2182 4690 hi
2209 4651 2387 4691 meum
2413 4647 2735 4689 sermonem.
2776 4630 3089 4685 llahimbam
3134 4627 3283 4698 quasi
3329 4643 3419 4681 rex

1837 4731 1890 4785 in
1919 4729 2171 4784 accinctis
2201 4748 2218 4780 ι
2254 4728 2406 4797 (Cap.
2437 4727 2526 4782 29.
2557 4741 2604 4780 ιι.
2631 4724 2688 4779 2.
2719 4725 2771 4779 5.
2804 4724 2856 4776 7.
2886 4722 2974 4776 12.
3005 4721 3090 4775 15.
3117 4719 3306 4774 15-17.
3329 4718 3393 4772 2E

1834 4819 1970 4891 25).
2020 4839 2038 4872 ι
2075 4819 2370 4875 Stultorum
2417 4817 2506 4871 lilii
2532 4858 2546 4880 ,
2578 4816 2896 4885 nomineque
2940 4809 3200 4882 ignobiles
3237 4828 3250 4862 :
3280 4824 3423 4864 nunc

1833 4922 2012 4967 autem
2040 4912 2239 4965 cithara
2286 4911 2494 4964 illorum
2528 4924 2628 4976 ego
2657 4922 2806 4967 sum,
2836 4913 2892 4958 et
2935 4919 3021 4958 me
3052 4903 3280 4956 fabulam
3321 4901 3420 4956 ha-

1837 5005 1982 5060 bent.
2012 5003 2122 5060 Nec
2155 5004 2204 5058 in
2234 5002 2424 5058 faciem
2460 5016 2634 5055 meam
2673 5008 3025 5068 pepercerunt
3064 5011 3275 5066 spuere.
3309 4994 3416 5050 Re-

1838 5097 2033 5170 putasti
2077 5106 2255 5152 autem
2303 5111 2390 5151 me
2431 5095 2571 5149 sicut
2617 5093 2784 5146 lutum
2821 5109 2834 5145 :
2866 5091 2918 5145 in
2965 5100 3105 5144 terra
3145 5099 3200 5144 et
3237 5089 3421 5144 cinere

1837 5190 2014 5261 portio
2043 5203 2184 5244 mea.
2217 5186 2372 5241 Manu
2397 5193 2575 5239 autem
2607 5182 2809 5255 potenti
2838 5197 2923 5236 me
2961 5180 3257 5252 llagellasti.
3293 5178 3422 5236 Fra-

1839 5291 1942 5348 ter,
1997 5279 2208 5349 inquit,
2251 5276 2322 5331 fui
2373 5276 2653 5339 Sirenum,
2696 5273 2978 5344 souittsqtte
3007 5273 3365 5327 strutltiouum
3399 5291 3416 5320 ο

1841 5373 2018 5446 (Cap.
2075 5371 2164 5427 50.
2218 5370 2303 5426 8-
2334 5367 2429 5424 10.
2475 5367 2562 5423 19.
2616 5367 2706 5422 21.
2755 5365 2897 5437 29).
2959 5384 2978 5418 ι
3032 5365 3088 5420 Si
3141 5372 3421 5433 sequutum

1837 5473 1920 5519 est
1967 5478 2061 5519 cor
2112 5477 2293 5517 meum
2343 5473 2562 5516 uxorem
2607 5457 2707 5513 viri
2757 5457 2996 5521 alterius,
3034 5456 3240 5526 placeat
3283 5466 3420 5522 quo-

1837 5569 1940 5624 que
1983 5568 2116 5608 uxor
2164 5567 2279 5608 mea
2328 5551 2503 5608 alteri.
2544 5549 2716 5607 Furor
2757 5551 2901 5605 enim
2958 5547 3054 5602 viri
3093 5543 3419 5608 indomitus,

1839 5643 2231 5700 commaculare
2286 5643 2388 5698 illis
2432 5657 2672 5698 uxorem.
2706 5641 2762 5698 Si
2793 5639 3008 5710 despexi
3052 5634 3250 5689 nudum
3293 5649 3416 5705 per-

1840 5746 2078 5804 m'ntcm,
2110 5748 2163 5792 ct
2189 5751 2294 5792 non
2339 5735 2522 5806 operui
2565 5750 2708 5797 cum,
2738 5740 2792 5787 et
2819 5731 2884 5785 de
2915 5739 3131 5784 tonsura
3159 5741 3360 5796 agunrn
3384 5746 3432 5784 nt
