3966 6192
1263 263 1321 317 S.
1359 259 1635 317 JOANNIS
1672 251 2138 312 CHRYSOSTOMI
2175 252 2492 310 ARLlllEP.
2533 254 3064 312 CONSTANTINOP.
3659 267 3741 324 ξω

2213 363 2340 417 mini
2371 383 2383 418 :
2419 382 2436 415 ι
2471 366 2550 420 An
2580 375 2635 419 tu
2665 381 2883 422 sumens
2918 370 3086 422 lutum
3113 367 3350 424 formasti
3378 369 3602 427 animai?
3628 377 3742 446 Ape-

2211 457 2418 510 riuntur
2450 457 2540 511 tibi
2590 469 2734 514 metu
2763 470 2929 528 portae
2961 461 3188 516 mortis?
3231 471 3323 516 aut
3355 464 3552 518 ostiarii
3590 466 3745 526 inferni

2210 545 2451 601 videntes
2495 557 2544 602 te
2595 549 2927 604 timuerunt?
2973 550 3108 604 Num
3160 552 3363 610 venisti.
3402 555 3468 606 ad
3513 556 3746 613 thesauros

2211 639 2348 692 nivis
2373 680 2386 704 ,
2420 649 2512 693 aut
2555 639 2838 696 thesauros
2864 643 3139 712 grandinis
3176 642 3398 698 vidisti?
3428 643 3574 700 Unde
3604 659 3746 704 autent

2209 733 2450 802 procedit
2504 734 2736 802 pruina?
2786 735 2914 801 Quis
2974 739 3294 804 praeparavit
3354 738 3550 792 [luxum
3595 741 3747 809 pluvia:

2209 825 2555 880 vehementi?
2594 846 2612 879 ι
2647 828 2993 897 lnsuperque,
3027 847 3046 880 ι
3080 829 3210 896 Quis
3252 839 3336 883 est
3378 830 3566 898 pluvize
3593 833 3744 900 pater?

2209 917 2287 971 Ex
2319 917 2469 986 cujus
2501 927 2652 972 utero
2683 919 2922 987 procedit
2953 919 3193 989 glacies?
3221 920 3472 974 l’ruinam
3501 921 3548 974 in
3575 923 3687 976 caelo
3709 933 3748 976 et

2208 1009 2392 1078 glebas
2443 1009 2580 1062 roris
2627 1010 2748 1079 quis
2793 1010 3046 1079 peperit?
3092 1009 3321 1064 Vocabis
3369 1019 3546 1064 autem
3594 1013 3748 1066 nubent

2207 1117 2371 1166 voce,
2419 1110 2474 1156 et
2505 1111 2737 1156 tremore
2777 1117 2928 1171 aqua:
2959 1102 3145 1156 valida:
3187 1102 3403 1156 obediet
3445 1102 3573 1156 tibi?
3613 1103 3749 1157 Mittct

2211 1193 2428 1247 fulmina
2460 1202 2514 1246 et
2551 1192 2745 1245 ibunt?
2773 1192 2902 1258 Qttis
2931 1193 3078 1247 dedit
3105 1192 3421 1247 mulieribus
3447 1202 3657 1247 textura:
3688 1211 3749 1247 sa-

2209 1284 2464 1353 pientiam
2487 1283 2509 1336 ?
2540 1283 2667 1348 Quis
2695 1284 3009 1352 pra-paravit
3033 1298 3196 1337 corvo
3223 1281 3446 1338 escam?
3488 1282 3618 1336 Pulli
3642 1285 3752 1336 enini

2209 1375 2324 1443 ejus
2351 1376 2715 1427 clamaverunt
2738 1373 2802 1426 ad
2829 1372 3110 1426 Dominum
3135 1381 3404 1436 errantes,
3429 1371 3621 1426 cibaria
3643 1388 3753 1441 quir-

2209 1475 2387 1519 rentes
2407 1485 2425 1516 ι
2459 1463 2608 1533 (Cap.
2635 1465 2726 1518 58.
2752 1480 2799 1519 υ.
2827 1464 2880 1517 2.
2911 1465 2961 1519 8.
2991 1465 3076 1517 11.
3103 1463 3189 1516 14.
3225 1464 3309 1516 l7.
3337 1462 3428 1516 22.
3457 1463 3546 1516 24.
3575 1463 3658 1518 25.
3683 1462 3752 1517 28.

2208 1557 2298 1612 29.
2323 1557 2409 1610 54.
2439 1557 2553 1625 41).
2593 1573 2610 1606 ι
2648 1555 2823 1608 Penna
2867 1555 3052 1608 volans
3090 1553 3368 1624 procedet,
3407 1554 3450 1607 si
3491 1556 3756 1623 conceperit

2210 1648 2354 1701 asida
2372 1655 2426 1701 et
2454 1661 2633 1701 neSsa.
2654 1646 2938 1714 Relinquet
2959 1646 3008 1698 in
3033 1654 3179 1699 terra
3199 1661 3297 1699 ova
3319 1661 3437 1698 sua.
3461 1644 3588 1700 Cum
3616 1655 3758 1700 tacere

2212 1738 2336 1792 iecit
2357 1741 2404 1792 ei
2430 1739 2569 1793 Deus
2594 1737 2928 1806 sapientiam,
2957 1736 3194 1790 irridebit
3213 1751 3437 1804 equum.
3466 1735 3540 1790 Ex
3563 1737 3757 1791 scientia

2211 1839 2297 1884 tua
2328 1830 2472 1883 stetit
2498 1829 2750 1898 accipiter
2771 1869 2786 1894 ,
2819 1828 2996 1880 vultur
3021 1840 3200 1881 autem
3240 1843 3402 1896 super
3434 1828 3610 1881 nidum
3639 1843 3756 1881 suum

2209 1921 2400 1976 sedens
2431 1931 2665 1975 moratur
2701 1940 2718 1972 ι
2750 1919 2896 1990 (Cap.
2922 1919 3009 1975 59.
3030 1937 3077 1974 ιο.
3103 1920 3496 1975 15.14.17.18.
3534 1920 3628 1975 26.
3648 1921 3736 1989 27).

2282 2011 2470 2066 Adhuc
2497 2011 2746 2080 loquutus
2767 2022 2849 2064 est
2872 2012 3126 2064 Dominus
3147 2010 3283 2065 Jobo
3304 2033 3316 2063 :
3339 2029 3357 2061 ι
3382 2011 3514 2065 Num
3533 2013 3759 2079 judicium

2211 2118 2329 2156 eum
2361 2103 2737 2172 Omnipotente
2763 2101 3067 2171 judicabis?
3093 2113 3145 2156 et
3166 2102 3255 2172 qui
3286 2103 3458 2172 arguit
3486 2103 3759 2164 Dominum.

2212 2195 2557 2264 respondebit
2582 2194 2722 2264 ipsi?
2760 2212 2779 2244 ι
2812 2194 3084 2263 Loquutus
3108 2203 3190 2248 est
3215 2193 3316 2247 Job
3350 2195 3604 2248 Domino:
3632 2214 3650 2245 ι
3677 2195 3762 2263 Ego

2211 2286 2420 2355 judieor
2448 2285 2830 2348 commonitus,
2863 2295 2916 2339 et
2947 2299 3177 2352 arguens
3210 2283 3516 2346 Dominum,
3546 2299 3668 2339 cum
3691 2300 3762 2337 au-

2211 2380 2301 2435 dio
2323 2379 2446 2434 talia
2470 2378 2606 2450 »(111.
2627 2395 2676 2434 ιν.
2697 2380 2788 2434 52.
2803 2378 2915 2449 34).
2933 2378 3206 2448 Loquutits
3221 2387 3306 2432 est
3324 2379 3574 2432 Dominus
3600 2379 3664 2432 ad
3683 2376 3762 2432 Job

2211 2473 2279 2528 de
2305 2474 2446 2529 nube
2465 2472 2698 2528 secundo
2719 2487 2982 2542 apparens
3001 2473 3084 2527 ei:
3115 2492 3135 2523 ι
3161 2474 3393 2542 Aecinge
3411 2473 3547 2527 sicut
3563 2474 3642 2526 vir
3657 2475 3763 2526 Iunio

2213 2565 2339 2630 bum
2357 2572 2526 2619 tuum.
2547 2563 2892 2634 lnterrogabo
2910 2575 3089 2619 autem
3106 2577 3178 2628 te,
3201 2575 3254 2618 tu
3279 2581 3408 2619 vero
3425 2565 3552 2618 mihi
3575 2579 3764 2634 reSpon-

2213 2656 2298 2710 de.
2335 2675 2356 2708 ι
2391 2656 2579 2710 Sermo
2618 2655 2866 2710 Domini:
2900 2675 2919 2708 ‹
2941 2655 3249 2711 Conﬁtebor
3287 2657 3429 2726 quod
3479 2658 3639 2725 possit
3661 2657 3764 2710 des-

2215 2757 2327 2803 tcra
2350 2759 2438 2802 tua
2461 2746 2686 2802 salvere.
2715 2747 2911 2801 Verum
2936 2747 3118 2816 utique
3140 2747 3323 2802 bestia:
3349 2746 3489 2815 apud
3517 2757 3567 2801 te
3589 2747 3763 2802 {etiam

2215 2839 2350 2892 sicut
2379 2837 2546 2891 boves
2577 2835 2882 2891 comedunt.
2916 2835 3098 2891 Virtus
3123 2845 3300 2890 autem
3333 2838 3450 2904 ejus
3491 2852 3647 2906 super
3673 2851 3767 2890 um-

2214 2929 2375 2984 bilico
2398 2929 2625 2983 ventris.
2650 2928 2834 2983 Erexit
2855 2928 3081 2983 caudam
3101 2929 3238 2982 sicut
3259 2943 3591 2998 cupressum.
3618 2928 3765 2983 Costa.-

2213 3022 2365 3090 ejus,
2392 3029 2555 3076 costa:
2588 3036 2752 3075 tenete
2783 3039 2798 3075 :
2825 3022 2976 3089 spina
3005 3029 3184 3074 autem
3213 3021 3329 3088 ejus
3372 3019 3569 3074 ferrum
3615 3018 3761 3073 fusile.

2215 3112 2327 3166 Sub
2370 3112 2514 3166 omni
2558 3125 2756 3180 genere
2797 3110 3046 3165 arborum
3093 3109 3307 3164 dormit.
3344 3109 3516 3164 Duces
3539 3120 3716 3172 autem,
3746 3125 3761 3156 ι

2217 3206 2421 3276 inquit,
2450 3224 2469 3256 ε
2503 3205 2716 3260 leonem
2757 3203 2951 3269 hamo,
2992 3212 3046 3258 et
3089 3203 3463 3272 circumpones
3509 3203 3766 3270 capismun

2215 3300 2358 3352 circa
2383 3311 2570 3352 nasum
2597 3296 2734 3366 ejus.
2781 3295 2952 3351 Omne
2986 3305 3166 3348 autem
3196 3296 3453 3363 navigans
3477 3291 3766 3346 conveniens

2219 3403 2326 3442 non
2353 3387 2525 3442 ferent
2549 3387 2742 3456 pellem
2775 3400 2930 3440 unam
2959 3383 3142 3438 cauda:
3161 3383 3276 3452 ejus
3297 3381 3453 3454 (Cap.
3481 3383 3569 3438 40.
3593 3399 3639 3436 ιι.
3659 3381 3701 3435 2.
3719 3379 3766 3434 9—

2219 3482 2306 3536 15.
2333 3481 2415 3536 16.
2446 3479 2538 3534 20.
2571 3479 2662 3534 2i.
2692 3477 2807 3549 26).
2834 3477 2985 3532 Putat
3012 3477 3224 3548 quidem
3253 3475 3458 3531 ferrum
3487 3477 3682 3545 paleas.
3703 3487 3765 3525 aes

2215 3583 2392 3628 autem
2437 3575 2573 3628 sicut
2619 3573 2819 3642 lignum
2861 3570 3149 3641 putridum.
3199 3569 3313 3624 Non
3341 3568 3634 3624 vulnerabit
3664 3581 3762 3621 eunt

2215 3679 2374 3720 arcus
2398 3679 2577 3720 tenens
2604 3684 2622 3714 ι
2651 3662 2799 3735 (Cap.
2827 3664 2916 3718 41.
2943 3679 2992 3717 υ.
3027 3661 3114 3717 18.
3147 3661 3259 3728 19).

2288 3757 2382 3812 His
2401 3757 2627 3813 cessavit
2654 3757 2796 3826 loqui
2822 3755 2956 3810 Job:
2983 3773 3001 3805 ι
3029 3753 3162 3808 Novi
3184 3753 3326 3823 quod
3352 3753 3528 3808 omnia
3548 3761 3700 3824 potes,
3717 3760 3760 3802 et

2219 3850 2348 3905 nihil
2367 3850 2461 3904 tibi
2479 3849 2809 3919 impossibile
2825 3857 2925 3902 est.
2951 3847 3080 3914 Quis
3095 3848 3238 3901 enim
3257 3856 3339 3900 est
3354 3846 3442 3917 qui
3462 3855 3510 3901 te
3526 3845 3652 3900 celat
3667 3857 3762 3898 con-

2218 3942 2432 3998 silium?
2452 3941 2633 3995 l’utavi
2653 3949 2828 3994 autem
2847 3954 2933 3993 me
2953 3947 3148 3992 terram
3166 3937 3467 3992 etcinercm
3494 3958 3512 3988 ι
3534 3933 3670 4007 (Cap.
3688 3931 3757 3988 ιε.

2219 4049 2268 4089 υ.
2298 4033 2354 4086 2.
2391 4033 2444 4088 5.
2469 4032 2548 4102 6).
2590 4030 2842 4101 Coarguit
2866 4030 3118 4083 Dominus
3147 4027 3369 4097 Eliphaz
3389 4027 3757 4085 Threinaoitem.

2221 4126 2348 4195 quia
2381 4126 2620 4192 peccavit
2653 4123 2764 4192 ipse
2785 4131 2840 4176 et
2860 4120 2966 4175 duo
2994 4120 3149 4174 amici
3170 4117 3307 4187 ejus,
3334 4119 3456 4188 quia
3483 4134 3582 4172 non
3607 4117 3759 4184 loqun-

2221 4229 2307 4273 tus
2333 4227 2416 4273 est
2437 4232 2616 4271 coram
2645 4215 2756 4270 Deo
2784 4229 2988 4268 verum.
3006 4212 3101 4268 llic
3123 4212 3363 4281 expiatio
3394 4212 3451 4265 ﬁt
3481 4212 3627 4266 trium
3650 4206 3759 4262 anti-

2219 4326 2404 4365 eorum
2436 4324 2533 4378 per
2561 4308 2662 4362 Job
2701 4307 3032 4361 sacerdmem
3059 4305 3170 4360 Dei.
3202 4304 3352 4370 Quod
3381 4304 3580 4358 auxerit
3617 4299 3756 4354 Donii~

2223 4418 2323 4457 nus
2350 4401 2541 4456 Jobum
2563 4437 2578 4462 ,
2605 4408 2660 4453 et
2690 4406 2943 4467 precante
2976 4397 3066 4451 illo
3093 4411 3187 4465 pro
3213 4395 3402 4449 amicis
3429 4395 3567 4457 suis,
3608 4389 3756 4444 Domi-

2221 4510 2325 4549 nus
2345 4491 2732 4548 condonaverit
2758 4489 2837 4544 eis
2868 4496 3164 4558 peceatum.
3194 4486 3264 4542 Ut
3291 4487 3565 4540 audierunt
3584 4493 3756 4537 omnes.

2222 4585 2312 4656 qui
2354 4600 2420 4638 ex
2455 4596 2652 4652 genere
2693 4579 2810 4635 Jobi
2843 4589 3033 4644 erant,
3072 4587 3416 4633 accesserunt
3454 4577 3516 4631 ad
3553 4589 3690 4634 eum,
3716 4577 3758 4620 ct

2222 4677 2570 4732 comederunt
2599 4688 2664 4728 ac
2692 4673 2946 4728 biberunt
2975 4671 3114 4742 apud
3153 4687 3274 4726 eum
3293 4711 3311 4737 ,
3343 4671 3586 4740 illumque
3615 4662 3755 4718 admi-

2223 4769 2322 4823 rati
2355 4767 2618 4821 dederunt
2645 4765 2693 4819 ei
2722 4765 2914 4835 singuli
2943 4777 3137 4832 agnum
3163 4777 3345 4825 unum,
3387 4774 3442 4816 et
3475 4753 3756 4815 tetradrach-

2223 4874 2368 4914 mum
2422 4872 2662 4911 aureum.
2723 4855 2988 4923 Scriptum
3057 4861 3141 4908 est
3199 4868 3322 4908 eum
3383 4859 3756 4908 resurrectuniat

520 276 626 328 51ξῖ

525 399 766 440 ineorum
789 396 892 436 non
919 374 1157 432 calefacti
1188 381 1311 428 sunt
1340 372 1548 426 humeri
1599 383 1783 452 eorum
1802 409 1816 430 ,
1856 364 2098 420 discedat

525 479 775 530 humerus
801 486 948 526 meus
973 484 1002 523 a
1027 466 1293 535 junetttra.
1325 462 1477 530 Quod
1520 461 1564 514 si
1606 460 1819 531 gavisus
1877 472 1993 511 sum
2036 454 2102 509 de

523 567 672 620 ruina
700 555 1045 616 inimicorum
1063 571 1325 620 meorum,
1357 563 1412 609 et
1439 553 1572 607 dixit
1595 567 1690 606 cor
1711 565 1911 614 meum,
1932 549 2098 618 Euge,

521 654 699 708 audiat
725 651 869 705 auris
897 665 1020 703 mea
1067 646 1493 701 maledictionem
1526 658 1719 697 meam.
1774 643 1860 706 Et,
1906 641 1951 695 si
1995 655 2100 694 non

519 743 768 802 scindens
797 756 914 794 eam
944 738 1172 798 reddidi,
1209 736 1339 790 nihil
1386 733 1655 803 accipiens
1691 748 1720 785 a
1765 730 2026 793 debitore,
2056 729 2102 784 si

519 851 681 904 super
709 849 792 888 me
818 846 1066 901 umquam
1101 839 1240 883 terra
1282 828 1522 898 gemuit,
1561 839 1658 894 pro
1693 823 1958 876 frumento
1983 836 2102 890 ger-

521 929 684 981 minet
737 926 865 979 mihi
919 925 1084 978 urtica
1121 943 1140 976 ι
1191 920 1336 995 (Cap.
1373 923 1460 977 51.
1495 936 1543 976 υ.
1583 918 1737 973 9·11.
1771 917 1857 973 19.
1885 917 1973 972 20.
2005 916 2093 970 22.

520 1019 610 1072 29.
632 1018 718 1071 s7.
752 1017 841 1073 58.
873 1015 987 1086 ιο).

598 1112 671 1166 De
700 1110 885 1164 Eliuzo
922 1109 1031 1162 lilio
1069 1105 1343 1160 Baracbiel
1375 1102 1591 1158 Buzita:
1629 1099 1896 1170 quomodo
1936 1099 2103 1152 iratus

524 1203 684 1256 fuerit
712 1201 764 1255 in
795 1199 987 1254 Jobum
1008 1239 1024 1265 ,
1053 1197 1193 1267 quod
1238 1210 1295 1248 se
1326 1193 1525 1248 diceret
1551 1191 1750 1260 justum
1784 1204 1962 1244 coram
1997 1189 2101 1242 Do-

522 1294 686 1348 mino.
730 1311 749 1343 ι
785 1291 1069 1360 Excipiens
1099 1289 1246 1342 Elittz
1273 1286 1413 1341 ﬁlius
1442 1284 1712 1338 Baraebiel
1743 1283 1951 1337 Buzites
1971 1323 1985 1346 ,
2016 1280 2100 1334 di-

522 1384 598 1438 xit
632 1402 644 1435 :
674 1383 862 1437 Juuior
893 1379 1104 1450 quidem
1137 1395 1253 1433 sum
1284 1387 1440 1432 aetate
1473 1394 1484 1428 :
1515 1389 1679 1444 quare
1708 1374 1879 1443 quievi
1912 1373 2103 1426 timens

521 1473 838 1527 annnntiare
859 1471 1009 1524 vobis
1030 1469 1304 1523 scientiam
1328 1481 1519 1520 meam.
1546 1484 1564 1512 ιι
1589 1465 1738 1533 (Cap.
1771 1463 1859 1516 52.
1877 1463 1996 1518 v.2.
2023 1462 2099 1533 6).

525 1565 829 1633 Exsurgens
850 1562 998 1615 Eliuz
1029 1558 1361 1628 impudenter
1387 1567 1571 1610 contra
1611 1555 1802 1609 Jobum
1835 1554 2098 1622 loquitur,

525 1654 693 1708 tribus
724 1653 826 1706 illis
857 1649 1147 1705 tacentibus
1181 1666 1193 1701 :
1232 1648 1467 1701 «Rursus
1495 1647 1713 1714 loquar;
1747 1645 1932 1713 plenus
1961 1644 2102 1696 enini

525 1760 640 1799 sum
664 1743 839 1796 verbis
865 1759 883 1792 ι
909 1739 1011 1811 (Ιὸ.
1033 1756 1080 1794 υ.
1101 1739 1306 1803 17.18).
1337 1738 1472 1792 Dixit
1500 1737 1649 1790 Eliuz
1675 1735 1738 1789 ad
1768 1735 1867 1789 Job
1896 1753 1908 1786 :
1943 1753 1961 1786 ι
1986 1733 2106 1802 Spi-

525 1835 656 1888 ritus
679 1833 889 1886 divinus
909 1830 1092 1900 estqui
1118 1846 1201 1883 me
1223 1829 1344 1883 fecit
1373 1846 1385 1881 :
1419 1828 1637 1897 spiratio
1655 1837 1831 1881 autem
1852 1826 2105 1895 Omnipo-

525 1925 684 1980 tentis
714 1940 832 1995 quae
869 1939 954 1977 me
997 1923 1172 1977 docet.
1210 1922 1262 1977 Si
1294 1921 1510 1992 poteris,
1553 1920 1620 1975 da
1649 1921 1772 1973 mihi
1803 1921 2104 1989 responsio-

525 2031 665 2070 nem.
699 2018 917 2068 Avertat
951 2012 1220 2066 hominem
1251 2012 1318 2065 ab
1349 2011 1642 2080 iniquitate.
1663 2010 1903 2079 Pepercit
1929 2018 2128 2063 autem-

523 2107 712 2159 animae
740 2107 855 2173 ejus
885 2121 912 2157 a
945 2114 1204 2166 morte,et
1233 2118 1300 2157 ne
1323 2101 1583 2156 eadatille
1613 2102 1665 2154 in
1685 2100 2107 2170 bello.Coarguit

523 2208 699 2250 autem
731 2195 877 2249 illum
908 2196 960 2248 in
993 2195 1247 2264 languore
1271 2207 1433 2262 super
1461 2191 1639 2246 cubili.
1685 2191 1980 2245 Renovabit
2006 2207 2104 2244 au-

527 2290 629 2333 tem
662 2279 778 2348 ejus
807 2294 1000 2347 corpus
1021 2320 1034 2342 ,
1066 2280 1204 2333 sicut
1233 2277 1509 2332 tectorium
1542 2277 1592 2329 iu
1626 2277 1824 2346 pariete
1845 2317 1859 2339 ,
1893 2285 1946 2330 et
1984 2290 2106 2330 ossa

523 2369 640 2438 ejus
662 2369 900 2439 implebit
918 2368 1162 2422 medulla.
1185 2367 1352 2431 Tunc,
1369 2387 1386 2418 ι
1407 2366 1592 2436 inquit,
1613 2385 1632 2419 ι
1655 2366 1921 2421 accusabit
1946 2365 2108 2421 homo

526 2461 761 2534 seipsum
791 2453 977 2516 dicens
1008 2479 1020 2515 :
1045 2459 1230 2526 Qualia
1259 2454 1592 2512 efﬁciebam?
1617 2473 1720 2511 non
1743 2456 1954 2527 dignam
1984 2472 2108 2526 pee-

526 2554 662 2608 catis
709 2553 841 2607 meis
884 2552 1286 2621 castigationem
1337 2548 1530 2604 intulit.
1569 2567 1587 2599 ι
1625 2548 1811 2601 Adlmc
1857 2547 2108 2614 loquutus

526 2653 609 2697 est
636 2643 786 2697 Eliuz
815 2643 880 2696 ad
911 2638 1103 2696 Jobum
1136 2661 1148 2696 :
1184 2659 1201 2692 ι
1236 2641 1466 2696 Auribus
1493 2641 1726 2710 percipe,
1755 2635 1876 2704 Job,
1907 2650 1962 2694 et
1985 2638 2104 2693 audi

529 2749 615 2788 me
643 2753 656 2786 :
688 2734 1014 2798 obtumesce,
1043 2742 1095 2787 et
1123 2735 1327 2803 loquar.
1352 2733 1405 2788 Si
1431 2742 1509 2786 est
1539 2732 1631 2785 tibi
1662 2746 1862 2797 sermo,
1885 2741 2108 2800 respon-

527 2825 597 2881 de
626 2824 754 2880 mihi
788 2844 799 2880 :
829 2825 949 2880 volo
999 2825 1142 2880 enim
1188 2825 1478 2879 examinari
1528 2839 1557 2877 a
1602 2832 1654 2876 te
1691 2824 1946 2892 justitiam
1991 2838 2108 2876 scr-

530 2917 702 2972 mouis
729 2916 828 2971 mei
866 2936 883 2968 ι
912 2916 1059 2989 (Cap.
1092 2918 1179 2971 55.
1201 2933 1248 2972 υ.
1268 2917 1320 2970 4.
1339 2917 1391 2971 5.
1426 2913 1610 2969 17-19.
1642 2913 1731 2968 24.
1749 2913 1838 2968 27.
1874 2913 1959 2969 51.
1993 2909 2102 2984 52).

531 3009 718 3064 Adhuc
743 3009 1001 3078 adjiciens
1029 3010 1176 3063 liliuz
1208 3008 1363 3062 tertio
1393 3007 1521 3061 dicit
1547 3025 1560 3060 :
1597 3025 1617 3058 ς
1653 3007 1844 3061 Audite
1872 3022 1957 3060 me
1977 3049 1991 3070 ,
2018 3022 2108 3060 sa-

532 3102 768 3171 pientes,
802 3101 999 3154 bonum
1031 3109 1113 3154 est
1141 3107 1197 3153 nt
1226 3099 1314 3169 qui
1344 3099 1619 3153 scientiam
1650 3096 1866 3163 habent,
1895 3097 2110 3152 auribus

531 3194 826 3262 percipiant
872 3210 885 3245 :
931 3193 1055 3262 quia
1101 3190 1246 3244 auris
1290 3204 1570 3244 sermones
1617 3188 1822 3258 probat.
1871 3208 1890 3241 ι
1922 3188 2111 3242 Adhuc

530 3283 663 3338 dixit
709 3283 854 3336 Eliuz
887 3299 900 3334 :
935 3301 953 3332 ε
986 3282 1116 3349 Quis
1153 3281 1234 3333 vir
1263 3288 1319 3333 ut
1346 3277 1467 3345 Job,
1510 3278 1699 3333 bibens
1734 3278 2108 3333 subsannatio-

534 3389 654 3428 netu
689 3373 826 3426 sicut
850 3372 1083 3441 aquam?
1127 3370 1216 3440 qui
1248 3386 1418 3440 neque
1448 3371 1684 3438 peccavit
1703 3409 1716 3432 ,
1747 3384 1920 3438 neque
1950 3369 2111 3438 impie

533 3467 680 3536 egit?
709 3464 884 3537 [Absit
909 3480 937 3516 a
971 3462 1076 3536 me]
1107 3478 1288 3517 coram
1319 3459 1694 3531 Omnipotente
1722 3461 1935 3515 turbare
1956 3459 2110 3530 justi-

535 3559 660 3612 tiam
705 3556 807 3610 Sed
831 3549 1004 3609 reddit
1041 3553 1240 3608 homini
1263 3553 1454 3621 cuique
1475 3551 1764 3606 sccundum
1789 3567 1950 3620 opera
1971 3552 2107 3620 ejus.

531 3651 730 3720 Impius
755 3657 834 3702 est
862 3648 950 3718 qui
981 3647 1105 3702 dicit
1131 3647 1239 3714 regi
1271 3663 1285 3700 :
1319 3646 1498 3715 Inique
1523 3646 1655 3714 agis.
1683 3665 1702 3698 ι
1727 3645 1814 3710 Et,
1835 3664 1853 3695 ‹
1878 3645 1978 3713 Qui
2007 3660 2109 3700 non

531 3751 614 3794 νει
644 3741 841 3795 veritus
871 3739 1057 3794 faciem
1086 3739 1136 3792 in
1165 3746 1453 3808 conspectu
1487 3753 1624 3792 meo.
1655 3737 1911 3792 Dominus
1935 3739 2111 3791 omnia

531 3834 765 3903 inspicit.
796 3833 884 3902 qui
917 3831 1323 3901 comprehendit
1350 3847 1455 3910 non
1481 3831 1830 3900 vestigabilia,
1859 3829 2109 3900 gloriosa,

531 3936 585 3981 ct
611 3925 888 3996 magnilica
911 3966 925 3989 ,
957 3939 1184 3994 quorum
1223 3940 1327 3978 non
1359 3933 1440 3978 est
1468 3939 1742 3979 numerus.
1771 3923 1865 3979 Vir
1902 3925 2114 3993 sapiens

532 4018 736 4072 audivit
780 4018 996 4072 verbum
1047 4033 1226 4072 meum
1259 4036 1272 4070 :
1305 4017 1406 4072 Job
1448 4027 1624 4071 autem
1670 4033 1776 4072 non
1825 4017 2113 4088 prudenter

535 4111 783 4179 loquutus
808 4119 893 4166 est
929 4128 947 4162 ι
976 4109 1126 4180 (Cap.
1158 4108 1246 4165 54.
1279 4125 1326 4164 υ.
1349 4109 1403 4162 2.
1438 4110 1490 4163 5.
1515 4110 1566 4164 7.
1598 4110 1649 4164 8.
1678 4109 1762 4164 10.
1797 4111 1882 4163 11.
1917 4109 2108 4164 18.19.

531 4203 619 4259 2i.
649 4204 736 4258 54.
766 4204 1094 4272 53).Quarto
1121 4202 1376 4273 adjiciens
1422 4202 1568 4256 Eliuz
1606 4202 1732 4256 dicit
1773 4201 1839 4256 ad
1883 4201 2109 4256 Jobum:

538 4313 558 4345 ι
593 4297 767 4359 Quare
800 4295 898 4350 hoc
926 4296 1240 4350 existimasti
1271 4296 1321 4348 in
1348 4294 1592 4364 judicio?
1619 4293 1697 4347 Tu
1727 4293 1844 4363 quis
1869 4308 1926 4346 es
1946 4334 1959 4356 ,
1991 4293 2111 4362 quia

533 4384 731 4448 dixisti,
747 4384 928 4438 Justus
941 4401 1056 4440 sum
1075 4387 1124 4439 in
1138 4395 1426 4452 conspectu
1445 4384 1681 4437 Domini?
1702 4383 1879 4452 i((.‘ap.
1899 4383 2041 4438 55.0.
2055 4382 2112 4453 2)

529 4474 783 4540 Quintum
806 4475 984 4542 adjicit
1001 4476 1149 4528 Eliuz
1170 4476 1394 4529 orationi
1417 4491 1548 4541 suar,
1567 4485 1621 4530 et
1643 4490 1811 4543 neque
1826 4473 1926 4528 Joh
1945 4488 2114 4543 neque

533 4579 642 4621 tres
671 4565 825 4620 amici
855 4576 1104 4620 accusant
1128 4581 1248 4620 eum
1283 4577 1334 4619 ut
1361 4565 1600 4619 atlteum.
1628 4564 1959 4618 Manifestum
1987 4572 2115 4633 ergo

536 4661 659 4715 hinc
687 4668 790 4724 est,
818 4668 926 4714 tres
953 4658 1071 4713 illos
1097 4658 1403 4726 resipuisse.
1430 4657 1666 4725 Dicitque
1689 4656 1753 4709 ad
1777 4656 1876 4710 Joh
1901 4673 1914 4710 :
1946 4675 1964 4706 ‹
1989 4655 2116 4711 Sus-

535 4754 643 4806 tine
689 4767 774 4806 me
805 4751 1068 4822 paululum
1097 4748 1290 4810 adhuc,
1321 4756 1376 4800 ut
1402 4757 1450 4799 te
1474 4746 1691 4800 doceam
1718 4763 1732 4810 ;
1762 4746 1934 4800 adltuc
1971 4747 2112 4800 enim

531 4854 617 4900 est
661 4845 711 4899 in
753 4861 838 4898 me
865 4846 943 4898 vis
976 4842 1220 4913 loquendi
1257 4860 1274 4892 ι
1304 4838 1453 4910 (Cap.
1487 4839 1574 4894 56.
1603 4855 1651 4893 υ.
1680 4837 1715 4891 2
1741 4840 1778 4906 ).
1809 4840 1896 4891 Ait
1927 4837 2072 4891 Eliuz
2099 4853 2111 4888 :

548 4951 566 4983 ι
604 4933 834 4986 Auribus
859 4932 974 4987 hrec
1002 4933 1235 5003 percipe,
1272 4930 1389 4986 Job.
1425 4929 1538 4994 Sta,
1567 4928 1713 4983 disce
1742 4928 1986 4982 virtutem
2016 4927 2116 4980 Do-

540 5023 689 5076 mini.
720 5024 978 5093 Numquid
1014 5025 1147 5078 liber
1175 5033 1266 5078 aut
1307 5021 1478 5077 scriba
1524 5019 1727 5075 adstitit
1769 5019 1898 5083 tibi;
1931 5027 2021 5072 aut
2049 5019 2117 5072 ab

542 5112 788 5177 aquilone
817 5113 981 5166 nubes
997 5113 1192 5167 coloris
1215 5113 1361 5166 aurei
1393 5132 1411 5164 ι
1434 5109 1582 5181 (Cap.
1603 5109 1693 5164 57.
1711 5125 1759 5163 υ.
1786 5109 1871 5163 14.
1889 5103 1979 5162 20.
1997 5105 2117 5176 22)?

613 5191 754 5253 Deus
777 5214 893 5254 sese
917 5200 1173 5255 exhibens
1191 5197 1378 5256 Jubum
1405 5201 1602 5272 justum
1625 5198 1876 5262 declarat,
1901 5199 2121 5254 docens-

543 5309 646 5361 que
677 5292 987 5362 mysterium
1013 5292 1230 5356 Christi,
1255 5295 1328 5349 ait
1349 5295 1411 5350 ad
1439 5295 1626 5350 Jobunt
1661 5313 1673 5348 :
1703 5313 1722 5346 ι
1750 5286 1878 5360 Quis
1904 5301 1985 5347 est
2011 5293 2116 5359 hic,

544 5386 630 5455 qui
679 5383 818 5438 celat
864 5400 948 5438 me
1000 5383 1314 5448 consilium,
1362 5387 1702 5456 continetque
1745 5398 2022 5440 sermones
2066 5383 2117 5438 in

545 5477 750 5532 corde?
799 5494 818 5528 ι
864 5475 1113 5545 Dialogus
1143 5475 1349 5530 Domini
1391 5494 1406 5529 :
1453 5496 1472 5529 ‹
1509 5475 1689 5547 Sepivi
1741 5492 1886 5531 mare
1931 5471 2115 5545 portis.

551 5563 663 5622 Dixi
691 5579 870 5624 autem
901 5567 999 5636 illi,
1032 5567 1316 5637 Hucusque
1345 5567 1544 5632 venies,
1579 5577 1631 5621 et
1660 5584 1762 5620 non
1791 5568 2116 5638 praeteribis:

545 5655 641 5714 seti
670 5659 723 5716 in
757 5667 924 5732 tcipso
949 5659 1378 5717 eomminucntur
1405 5647 1592 5712 ﬂuetus
1624 5657 1715 5711 tui.
1753 5675 1769 5708 ι
1805 5657 1990 5712 Sermo
2015 5653 2119 5712 Do-

2225 4965 2345 5004 esse
2383 4963 2502 5004 eum
2534 4948 2598 5002 iis
2639 4961 2772 5017 quos
2801 4944 3140 5000 resuscitabit
3173 4943 3452 4999 Dominus.
3484 4943 3535 4996 In
3561 4941 3632 4995 his
3652 4951 3756 4991 emt-

2226 5042 2424 5096 tinetur
2447 5040 2526 5092 vis
2551 5037 2725 5093 omnis
2753 5035 2872 5090 libri
2895 5033 3016 5090 Job.

2707 5183 2978 5225 SAPIINTIA
3017 5181 3076 5223 ελ
3083 5177 3325 5223 1111111118.

2300 5285 2566 5359 Sapientia
2595 5284 2896 5342 Salomonis
2927 5294 3146 5338 vocatur
3169 5281 3256 5336 hic
3279 5281 3416 5337 liber
3445 5289 3460 5336 :
3490 5284 3598 5333 nam
3623 5271 3752 5327 etiam

2230 5380 2372 5435 hunc
2398 5394 2425 5431 a
2451 5376 2740 5433 Salomone
2768 5375 3023 5444 scriptum
3053 5383 3173 5426 esse
3197 5369 3403 5426 dicunt.
3435 5365 3659 5424 Continet
3681 5370 3749 5411 ιιι·

2229 5482 2336 5528 tem
2383 5469 2680 5525 doctrinam
2717 5465 2935 5536 justitite
2955 5504 2968 5530 ,
3000 5471 3054 5518 et
3083 5475 3183 5532 qua
3214 5464 3418 5515 ratione
3447 5444 3755 5528 cognoscendi

2232 5563 2340 5620 sint
2384 5573 2507 5616 tunc
2537 5557 2760 5628 improbi
2783 5599 2798 5620 ,
2831 5564 2958 5610 tunc
2985 5555 3130 5624 probi
3162 5553 3258 5607 viri
3287 5567 3300 5605 :
3330 5552 3396 5605 ad
3426 5550 3533 5603 hate
3557 5538 3755 5616 prophe-

2234 5665 2358 5710 ttam
2387 5652 2450 5707 de
2477 5643 2708 5705 Christo.
2747 5645 2908 5703 Docet
2937 5645 3096 5701 etiam
3126 5642 3292 5698 multo
3317 5649 3435 5698 esse
3457 5647 3580 5712 opus
3601 5631 3762 5710 labore.
