4090 6216
497 281 602 339 569

499 402 613 454 .lov
638 400 768 471 γὰρ,
803 399 972 471 φησὶ,
1022 397 1161 464 τοὺς
1198 397 1621 467 ἀντιχρίστους
1642 436 1658 460 ,
1701 395 1918 462 οἵτινές
1949 396 2068 447 εἰσι

499 484 773 551 θάνατος.
811 484 979 539 Πόθεν
1027 484 1077 536 οί
1107 483 1324 547 ἀσεϐεῖς
1370 483 1462 536 ἐπὶ
1498 482 1576 554 τῷ
1624 482 1935 552 σταυρῶσαι
1979 479 2071 533 τὸν

502 572 706 645 Κύριον
734 571 830 640 τῆς
850 570 1007 635 δόξης
1043 565 1206 640 ἦλθον
1224 610 1239 633 ,
1272 570 1363 623 τὸν
1391 569 1559 622 αἰῶνα
1603 567 1793 621 τοῦτον
1843 564 2071 637 προκρί-

498 675 705 721 ναντες.
737 659 854 731 Ὅτι
880 660 972 711 zeal
1000 659 1127 721 τοὺς
1170 656 1499 719 ἀποστόλους
1528 655 1756 719 ἐδίωξαν
1798 654 1892 707 zeal
1929 652 2070 706 ἀπέ-

499 761 736 798 κτειναν.
756 744 880 797 Ὅτι
906 743 1047 806 τινὲς
1063 742 1276 796 ἔσονται
1301 743 1351 794 οἰ
1373 740 1776 808 ὲξουθενοῦντες
1798 739 1887 793 τὸν
1910 738 2074 810 νόμον

497 828 593 883 τοῦ
614 829 841 901 Κυρίου,
869 828 963 883 καὶ
985 828 1129 893 τινὲς
1155 830 1203 882 οἰ
1233 827 1594 895 ὑποταγέντες
1618 822 1784 896 αὐτῷ.

572 918 694 972 Ὅτι
719 918 839 971 οὐδὲ
871 916 1108 987 πλήθους
1146 915 1482 970 ἀσεϐούντων
1515 915 1595 974 εἰς
1623 912 1858 984 Χριστὸν
1888 910 2070 980 φείσε-

499 1023 590 1059 ται
638 1008 668 1059 ό
702 1005 856 1068 Θεός.
902 1003 1051 1066 Ένδς
1096 1003 1204 1073 γάρ
1233 1002 1439 1055 δικαίου
1483 999 1829 1060 πιστεύοντος
1852 997 2074 1068 Χριστῷ

501 1092 654 1162 μέλει
679 1090 757 1161 τῷ
780 1089 897 1161 Θεῷ
914 1128 931 1153 ,
959 1089 1059 1143 κᾶν
1087 1090 1206 1152 νέος
1225 1086 1493 1160 ἀποθάνῃ.
1522 1084 1723 1154 Γῆρας
1748 1087 1858 1154 τὰρ
1879 1087 2076 1154 τίμιον

499 1181 572 1234 οὐ
609 1180 677 1232 τὸ
710 1177 1139 1246 πολυχρόνιον.
1174 1176 1240 1228 Εἰ
1291 1176 1387 1229 zeal
1437 1172 1638 1243 ἀσεϐὴς
1684 1171 1939 1240 τελευτὴν
1978 1170 2073 1224 τοῦ

498 1264 645 1337 [574]
664 1263 1006 1326 πιστεύοντος
1016 1263 1059 1315 Χ
1069 1261 1234 1333 ριστῷ
1249 1259 1618 1325 ἑξουθένωσεν,
1633 1258 1746 1313 ἀλλ’
1764 1257 2075 1326 ἐκλέγονται

500 1350 610 1405 ἀπὸ
648 1348 904 1420 Χριστοῦ.
937 1349 1000 1401 Οἱ
1031 1346 1248 1410 ἀσεϐεῖς
1278 1346 1459 1415 ἀτίμῳ
1487 1343 1740 1414 πτώματι
1772 1342 2074 1414 παραδοθή-

502 1454 708 1497 σονται,
727 1438 818 1490 zeal
841 1435 1050 1506 μεγάλῃ
1070 1433 1249 1505 κρίσει
1267 1431 1769 1504 καταϐληθήσονται
1785 1432 1832 1485 οί
1848 1430 2075 1484 διῶκται

499 1526 610 1577 τῶν
649 1525 744 1577 τοῦ
779 1522 1014 1594 Χριστοῦ
1038 1522 1237 1575 δούλων
1258 1560 1274 1586 ,
1304 1521 1365 1572 ὲν
1390 1524 1456 1591 τῇ
1491 1520 1669 1591 κρίσει
1689 1560 1704 1582 ,
1741 1519 1939 1581 ἰδόντες
1976 1517 2075 1587 τὴν

497 1607 658 1672 δόξαν
689 1605 854 1660 αὐτοῦ
885 1605 979 1658 zeal
1010 1604 1189 1658 αὐτῶν
1212 1643 1231 1669 ,
1278 1603 1374 1657 zeal
1426 1603 1652 1665 ἑαυτοὺς
1697 1602 1777 1665 εἰς
1831 1601 2071 1654 κόλασιν.

503 1689 628 1742 Ὀτι
653 1691 682 1742 6
730 1688 959 1750 πλοῦτος
987 1685 1123 1756 μετά
1153 1684 1468 1749 ἀλαζονείας
1510 1683 1881 1755 συμϐέϐληται
1920 1684 2072 1753 ἡμῖν.

502 1771 599 1834 Τίς
648 1770 786 1842 ὀργὴ
832 1770 940 1822 τῶν
971 1768 1311 1823 ἀσεϐούντων
1358 1769 1438 1832 εἰς
1474 1766 1730 1834 Χριστόν.
1760 1766 2076 1837 Προτροπαὶ

499 1861 613 1920 τοῖς
642 1859 866 1928 ἄρχουσι
898 1855 992 1910 τοῦ
1034 1855 1250 1927 Ἰσραὴλ
1275 1895 1291 1919 ,
1327 1854 1467 1908 ὥστε
1508 1851 1783 1906 πιστεύειν
1813 1851 2033 1923 Χριστῷ
2055 1868 2070 1882 ο

500 1944 700 2016 μᾶλλον
723 1945 781 1998 δὲ
809 1943 1108 2014 παράθεσις
1128 1946 1241 2005 τοῖς
1261 1942 1488 2012 ἄρχουσι
1513 1940 1611 2010 τῆς
1640 1939 1931 2010 καθολικῆς
1959 1939 2076 1992 Ἐκ-

497 2031 766 2103 κλησίας,
805 2030 921 2093 πῶς
960 2030 1149 2101 ἄρχειν
1199 2029 1311 2093 δεῖ,
1351 2026 1793 2099 ἀποστραφέντος
1839 2024 2070 2080 ἐκείνου.

499 2120 650 2191 Τίςὴ
686 2120 868 2189 σοφία,
900 2121 929 2172 6
952 2119 1077 2182 Υἱὸς
1096 2117 1191 2172 τοῦ
1213 2117 1369 2173 Θεοῦ.
1394 2119 1502 2171 Kal
1531 2117 1648 2181 πῶς
1677 2118 1707 2170 6
1732 2117 1905 2184 Λόγος
1936 2116 2072 2186 σάρξ

498 2204 690 2274 γέγονε
712 2247 728 2271 ,
754 2206 848 2259 καὶ
873 2205 1180 2276 ἐσκήνωσεν
1201 2206 1260 2258 ὲν
1284 2205 1437 2275 ἡμῖν.
1463 2205 1585 2258 Ὅτι
1625 2202 1781 2271 κάγὼ
1811 2204 2075 2273 ὁμοιοπα-

498 2292 596 2362 θὴς
625 2293 753 2362 ὑμῖν
777 2290 853 2344 ῶν
880 2289 1167 2362 ἄνθρωπος
1199 2292 1263 2344 ὲκ
1287 2288 1589 2353 κελεύσεως
1609 2288 1747 2343 Θεοῦ
1778 2288 2073 2343 πεπαίδευ-

500 2397 620 2450 μαι.
652 2380 786 2452 Περὶ
812 2379 1046 2452 Χριστοῦ
1065 2397 1082 2412 ·
1116 2381 1189 2451 τῇ
1225 2380 1387 2451 σοφία
1412 2378 1505 2433 τοῦ
1533 2376 1669 2432 Θεοῦ
1695 2417 1712 2443 ,
1743 2379 1824 2433 ὅτι
1853 2377 2073 2431 πάντων

498 2467 598 2539 τὴν
637 2467 836 2537 γνῶσιν
862 2467 920 2533 ἐξ
952 2467 1121 2537 αὐτῆς
1146 2465 1334 2537 ἔσχον·
1380 2468 1476 2520 Ἐν
1521 2466 1634 2535 γὰρ
1681 2464 1832 2534 χειρὶ
1884 2464 2072 2519 αὐτοῦ

498 2555 597 2609 καί
625 2554 796 2625 ἡμεῖς
819 2555 917 2609 καί
948 2557 1001 2609 οι
1027 2554 1193 2623 λόγοι
1231 2553 1419 2623 ἡμῶν.
1442 2553 1539 2616 Τίς
1561 2554 1594 2623 ὴ
1628 2552 1807 2622 σοφία,
1831 2552 1925 2606 zeal
1954 2551 2073 2618 πῶς

499 2645 580 2705 εἰς
614 2641 932 2714 ἀνθρώπους
962 2637 1112 2712 ἦλθε.
1144 2640 1264 2696 Μία
1294 2641 1405 2710 γὰρ
1448 2635 1609 2695 οὖσα
1656 2639 1852 2693 πάντα
1878 2639 2075 2694 δύνα-

498 2745 615 2792 ται,
646 2727 741 2783 καὶ
767 2727 1037 2797 μένουσα
1063 2725 1135 2780 ἐν
1159 2725 1314 2796 αὐτῇ
1341 2725 1411 2781 τὰ
1443 2724 1640 2780 πάντα
1667 2726 1926 2788 καινίζὲι.
1962 2726 2074 2798 Τὴν

502 2814 715 2885 σοφίαν.
738 2815 920 2885 φησιν,
942 2814 1006 2866 ὲκ
1032 2813 1282 2885 νεότητος
1305 2813 1536 2885 φιλήσας
1558 2854 1574 2878 ,
1597 2813 1777 2867 πάντα
1796 2812 1865 2866 τά
1892 2813 2074 2883 ἀγαθά

500 2900 561 2966 ἐξ
604 2901 775 2973 αὐτῆς
816 2900 972 2971 ἔσχον
1020 2900 1257 2971 σαρκικὰ
1298 2900 1395 2954 καὶ
1444 2900 1808 2972 πνευματικά.
1845 2899 1972 2957 Ὀτι
2013 2900 2075 2955 τὸ

502 2990 729 3061 μέγεθος
758 2989 857 3059 τῆς
903 2985 1094 3059 σοφίας
1145 2988 1398 3058 ἐγνωκὼς
1452 2990 1701 3061 ἐνέτυχον
1745 2990 1824 3061 τῷ
1861 2989 2071 3062 Κυρίῳ,

499 3077 640 3130 ὥστε
668 3093 757 3147 μοι
788 3075 1006 3147 δοθῆναι
1050 3077 1113 3133 τὸ
1167 3076 1322 3144 ἆγιον
1365 3076 1588 3148 Πνεῦμα
1619 3076 1682 3130 τὸ
1730 3075 1964 3147 φωτίζον
2005 3094 2073 3147 με

500 3165 629 3235 περὶ
680 3164 868 3236 αὐτῆς.
904 3165 1013 3220 Kal
1068 3164 1323 3235 ἐπέμφθη
1350 3203 1366 3227 .
1425 3165 1512 3218 ἵνα
1563 3164 1902 3237 συγκοπιάζῃ
1961 3182 2073 3236 μοι.

500 3252 783 3322 Aornum!
829 3253 937 3323 γάρ
967 3252 1199 3321 θνητῶν
1219 3252 1429 3308 δειλοί.
1452 3254 1588 3325 Περὶ
1614 3253 1724 3307 τῶν
1769 3253 1946 3326 ἔργων
1976 3253 2077 3324 τῆς

501 3340 713 3410 σοφίας.
748 3339 869 3403 Πῶς
890 3341 981 3394 τὸν
1016 3341 1437 3413 πρωτόπλαστον
1468 3341 1806 3411 διεφύλαξεν,
1846 3340 1906 3405 ἐξ
1933 3342 2074 3394 ὅσων

501 3427 685 3481 κακῶν
725 3426 886 3492 σώζει
908 3427 1032 3490 τοὺς
1051 3427 1404 3492 πιστεύοντας
1435 3428 1584 3500 αὐτῷ
1603 3428 1632 3480 ό
1661 3427 1794 3491 Θεὸς
1812 3467 1827 3490 ,
1852 3427 1947 3481 zeal
1973 3428 2073 3480 ὅσα

499 3510 681 3581 ἀγαθά
706 3511 952 3583 παρέχει.
974 3505 1099 3565 Οἴον
1119 3512 1212 3565 τὸν
1231 3511 1377 3577 Νῶε,
1400 3514 1491 3567 τὸν
1518 3513 1789 3584 Ἀϐραὰμ,
1813 3512 1906 3567 τὸν
1928 3514 2071 3576 Λὼτ,

497 3599 592 3653 τὸν
629 3597 854 3663 Ἰακὼϐ,
898 3598 991 3652 τὸν
1031 3596 1263 3668 Ἰωσὴφ,
1291 3600 1419 3662 τοὺς
1466 3598 1839 3670 Ἰσραηλίτας,
1873 3599 1967 3664 οὓς
2009 3602 2075 3655 ὲκ

498 3685 680 3757 χειρός
708 3684 819 3737 τῶν
844 3684 1155 3754 Αἰγυπτίων
1182 3685 1511 3757 ὲξεῤῥύσατο
1548 3686 1635 3741 διά
1663 3687 1907 3751 Μωσέως
1930 3727 1947 3748 ,
1977 3688 2075 3742 zeal

497 3775 566 3828 ὲκ
602 3773 805 3844 πέτρας
844 3772 1148 3846 ἀκροτόμου
1183 3774 1341 3844 ἐδόθη
1365 3774 1547 3839 αὐτοῖς
1573 3774 1738 3847 ὕδωρ.
1775 3776 1862 3841 Ὠς
1886 3778 1999 3840 τοῖς
2027 3774 2072 3841 ζ’

498 3860 709 3915 ἔθνεσιν
759 3859 1044 3915 ἀπέστειλε
1091 3863 1332 3932 σφῆκας,
1377 3861 1726 3935 μακροθυμίᾳ
1761 3862 1821 3916 δὲ
1856 3863 2073 3934 χρώμε-

498 3965 588 4012 νος
612 3985 628 4011 ,
663 3948 757 4002 καὶ
788 3947 998 4012 τούτοις
1043 3949 1211 4003 ἐδίδου
1238 3950 1402 4003 τόπον
1438 3949 1725 4021 μετανοίας
1746 3989 1764 4013 ,
1802 3951 2073 4007 παιδεύων

496 4035 586 4090 διά
613 4035 816 4090 τούτων
843 4035 933 4090 τὸν
971 4036 1100 4091 λαὸν
1130 4032 1272 4092 εἶναι
1304 4037 1700 4110 φιλάνθρωπον.
1731 4039 1889 4094 Κατὰ
1926 4057 2072 4095 στοι-

498 4122 829 4195 χειολατρῶν
853 4162 869 4187 ,
906 4122 1223 4197 βατράχων,
1264 4125 1490 4196 σφηκῶν
1515 4164 1530 4189 ,
1577 4125 1730 4196 μυῶν
1751 4167 1767 4192 ,
1810 4128 2069 4200 ἀκρίδων,

500 4211 758 4282 σκνιφῶν,
790 4212 987 4281 ὄφεων.
1014 4211 1169 4267 Κατά
1202 4212 1621 4284 είδωλολατρῶν,
1645 4216 1711 4268 ἐκ
1743 4216 1943 4285 χρυσοῦ
1976 4215 2073 4269 zeal

497 4299 763 4370 ἀργύρου,
802 4300 836 4371 ἢ
865 4300 1044 4366 λίθων,
1088 4301 1122 4373 ἢ
1153 4301 1324 4367 ξύλων
1361 4302 1593 4357 εἰδώλων
1623 4306 2071 4375 κατεσκευασμέ-

497 4403 622 4440 νων.
656 4388 778 4440 Ὂτι
813 4388 929 4440 ἐστὶ
961 4389 1204 4458 σωτηρία
1247 4388 1338 4443 διά
1367 4387 1524 4454 ξύλου
1571 4392 1686 4455 τοῖς
1731 4391 2067 4445 πιστεύουσι.

499 4472 581 4524 Ta
610 4473 739 4542 περὶ
770 4472 879 4524 τῶν
912 4474 1345 4547 εἰδωλοποιῶν,ῆ
1381 4476 1811 4548 ζωγραφούντων
1854 4479 2067 4537 είδωλα.

504 4560 637 4630 Περὶ
665 4563 878 4611 πάντων
905 4559 1014 4612 τῶν
1047 4561 1234 4615 κακῶν
1265 4563 1371 4616 τῶν
1391 4563 1449 4615 ὲν
1470 4563 1901 4637 είδωλολατρείᾳ.
1937 4566 2074 4637 Περὶ

500 4647 727 4710 ἀσεϐοῦς
754 4646 1050 4718 θρησκείας
1067 4687 1082 4710 ,
1107 4649 1201 4701 zeal
1226 4650 1328 4703 ὅσα
1354 4650 1412 4702 ὲν
1438 4651 1574 4723 αὐτῇ
1611 4653 1774 4706 κακά.
1806 4653 1940 4725 Περὶ
1974 4653 2068 4708 τοῦ

501 4735 811 4806 κεραμέως,
836 4735 930 4788 zeal
946 4734 1056 4789 τῶν
1078 4752 1139 4789 κε
1148 4735 1395 4807 ραμικῶν
1414 4736 1665 4791 εἰδώλων.
1694 4740 1830 4811 Περὶ
1853 4740 2071 4796 πάντων

498 4822 607 4876 τῶν
653 4821 886 4876 εἰδώλων
931 4820 1029 4893 τῆς
1083 4821 1193 4877 τῶν
1239 4822 1406 4878 ἐθνῶν
1458 4822 1730 4896 λατρείας.
1781 4827 1914 4898 Περὶ
1962 4826 2071 4880 τῶν

454 4978 459 4989 ¹
500 4908 764 4978 ἐχθίστων
794 4908 949 4974 ζώων
970 4950 985 4975 ,
1009 4909 1187 4980 ὄφεων
1209 4950 1225 4977 ,
1253 4909 1548 4981 αἰλούρων,
1582 4910 1677 4964 καὶ
1711 4912 1820 4965 τῶν
1846 4913 2071 4984 ὁμοίων.

502 4994 630 5048 Ὀτι
658 4996 1022 5069 εὐηργέτησεν
1045 5000 1074 5052 6
1091 4997 1222 5062 Θεὸς
1245 4996 1351 5052 τδν-
1368 4997 1584 5069 Ἰσραὴλ
1633 4998 1754 5052 ἀντὶ
1787 4998 2072 5073 βατράχων

498 5081 932 5153 όρτυγομήτραν.
963 5085 1087 5138 Ὅτι
1132 5087 1226 5139 zeal
1258 5085 1350 5138 ἐπὶ
1377 5085 1653 5157 δήγματος
1685 5085 1862 5157 δφεων
1894 5105 2071 5159 σωτη-

505 5168 596 5240 ρία
622 5167 714 5221 τοῦ
742 5168 873 5223 λαοῦ
905 5186 1001 5224 σου
1046 5171 1112 5225 δι’
1139 5172 1335 5242 δφεωςη
1369 5171 1570 5244 χαλκοῦ
1602 5174 2018 5246 ἐσταυρωμένου
2053 5192 2069 5208 ·

501 5258 625 5319 τοὺς
648 5254 707 5307 δὲ
741 5254 967 5326 ἐχθροὺς
997 5257 1175 5311 αὐτῶν
1209 5258 1276 5313 δι’
1298 5258 1474 5330 ὄφεων
1514 5262 1609 5315 zeal
1639 5261 1791 5332 μυῶν
1818 5263 2072 5319 ἀπέκτει-

502 5357 612 5395 νεν.
641 5341 765 5394 Ὅτι
809 5341 1057 5410 ἀγγέλων
1082 5344 1288 5416 τροφὴν
1332 5346 1578 5417 ὲψώμισε
1622 5347 1718 5403 τὸν
1756 5348 1884 5404 λαδν
1932 5351 2072 5421 πρὸς

500 5430 682 5495 πᾶσαν
716 5427 907 5500 ἡδονὴν
937 5427 1243 5498 ἰσχύουσαν,
1278 5434 1372 5485 zeal
1407 5433 1545 5504 πρὸς
1588 5436 1768 5490 πᾶσαν
1806 5437 2071 5508 ἁρμονίας

500 5514 708 5582 γεῦσιν.
741 5517 863 5571 Ὅτι
885 5515 1126 5587 χάλαζαν
1149 5519 1465 5586 Αἰγυπτίοις
1496 5523 1631 5593 μετά
1656 5525 1827 5595 πυρὸς
1857 5524 2069 5595 ἔπεμψε

502 5602 638 5667 πρὸς
681 5602 975 5677 διαφθορὰν
1022 5606 1395 5677 γεννημάτων.
1430 5609 1549 5663 Ὅτι
1595 5614 1708 5676 τοῖς
1754 5613 2070 5680 Αἰγυπτίοις

503 5686 714 5762 {napis
743 5691 1062 5766 ψηλαφητὸν
1095 5695 1317 5762 σκότος,
1352 5694 1448 5749 καὶ
1485 5695 1553 5751 τὰ
1597 5697 1656 5751 ἐν
1684 5697 1833 5770 αὐτῷ
1872 5701 2044 5757 κακά’

1235 276 1293 334 S.
1331 275 1616 335 JOANNIS
1651 272 2142 334 CIIRYSOSTOMI
2171 276 2492 355 ARCHIEP.
2532 273 3083 334 CONSTANTINOP.

3632 256 3748 312 ’570

2177 398 2283 460 τοῖς
2312 396 2369 449 δὲ
2415 397 2582 461 ὁσίοις
2628 394 2794 450 αὐτοῦ
2830 394 2947 467 φῶς
2979 396 3037 447 ὲν
3091 389 3350 461 Αἰγύπτῳ
3373 428 3389 453 ,
3421 388 3516 443 zeal
3568 386 3629 442 ἓν
3679 393 3781 466 τῇ⁴

2171 483 2362 554 ἐρήμῳ
2392 482 2582 537 στῦλον
2613 482 2779 554 πυρός
2801 497 2814 512 ⁸
2843 481 2939 536 zeal
2969 479 3090 534 ἀντὶ
3133 478 3232 549 μὲν
3271 474 3502 531 θανάτου
3536 478 3755 547 νηπίων

2184 569 2400 640 Ἰσραὴλ
2426 609 2441 633 ,
2475 567 2584 621 τῶν
2609 560 2920 635 Αἰγυπτίων
2973 564 3331 636 πρωτοτόκων
3380 562 3608 624 θάνατος
3653 562 3754 615 zeal

2173 653 2609 723 καταποντισμός
2631 671 2644 684 ·
2685 651 2837 725 [575]
2866 653 2984 706 ἀντὶ
3004 650 3063 706 δὲ
3100 651 3331 705 θανάτου
3366 648 3750 720 πρωτοτόκων,

2175 741 2419 812 σωτηρία
2459 740 2673 811 Ἰσραὴλ
2702 740 2767 792 δι’
2798 740 3028 810 αἵματος
3060 736 3353 808 προϐάτου.
3383 735 3492 789 Kal
3523 734 3618 787 ἐπὶ
3649 734 3753 804 μὲν

2175 826 2388 896 θανάτῳ
2415 826 2637 881 δικαίων
2671 828 2729 880 ὲν
2759 826 2949 898 ἐρήμῳ
2970 865 2985 888 ,
3027 823 3239 895 ’Λαρὼν
3286 822 3604 886 ὲξιλάσατο,
3634 821 3753 873 Ku-

2178 915 2278 986 ρίῳ
2325 913 2761 984 προσευξάμενος
2798 913 2893 966 zeal
2944 911 3247 981 θυμιάσας·
3292 909 3387 962 ἐπὶ
3433 907 3489 960 δὲ
3532 905 3752 978 θανάτῳ

2172 1002 2485 1071 Αἰγυπτίων
2518 1003 2575 1055 ὲν
2597 995 2832 1071 Ἐρυθρᾷ
2882 998 3154 1069 θαλάσσῃ,
3184 996 3499 1065 ἀνελεήμων
3535 993 3710 1064 θυμὸς
3732 1035 3751 1054 ,

2173 1090 2268 1142 τοῦ
2288 1090 2345 1142 δὲ
2365 1087 2495 1141 λαοῦ
2519 1084 2817 1158 παράδοξος
2845 1083 3140 1155 ὁδοιπορία.
3177 1081 3300 1135 Ὅτι
3326 1080 3413 1134 διά
3443 1079 3755 1151 μισοξενίαν

2175 1175 2374 1230 ἔπαθον
2395 1173 2565 1228 ταῦτα
2596 1174 2646 1227 οἱ
2673 1171 2977 1239 Αἰγύπτιοι,
2999 1170 3075 1233 ὼς
3099 1169 3193 1222 καὶ
3218 1170 3268 1222 οἱ
3296 1168 3599 1238 Σοδομῖται.
3622 1167 3752 1221 Ὅτι

2173 1265 2244 1318 τὰ
2272 1266 2511 1334 στοιχεῖα
2538 1261 2821 1316 ὑπόκειται
2848 1262 2915 1331 τῇ
2940 1259 3061 1330 θείᾳ
3090 1258 3269 1330 κρίσει
3306 1255 3543 1328 Χριστοῦ
3566 1294 3582 1318 ,
3608 1256 3753 1327 πρὸς

2174 1352 2205 1406 6
2237 1352 2486 1423 βούλεται
2511 1348 2883 1422 ρυθμιζόμενα
2904 1387 2920 1410 ,
2946 1347 3023 1411 ὡς
3053 1346 3240 1418 χορδαὶ⁵
3268 1344 3501 1414 κιθάρας
3544 1344 3621 1415 τῷ
3663 1361 3754 1397 κιο

2176 1437 2467 1510 θαρίζοντι.
2510 1436 2599 1489 Ἐν
2644 1429 2728 1499 οἷς
2764 1436 2912 1488 πᾶσα
2939 1433 3166 1504 δύναμις
3196 1432 3296 1504 τῆς
3343 1431 3543 1502 Σοφίας
3588 1431 3751 1485 Σολο-

2178 1527 2389 1598 μῶντος
2420 1524 2518 1595 τῆς
2547 1523 2850 1595 λεγομένης
2882 1522 3216 1595 Παναρέτου.

2585 1702 2894 1772 Παροιμίαι
2937 1699 3347 1771 Σολομῶντος.

2244 1824 2540 1897 Παροιμίαι
2572 1823 2912 1896 Σολομῶντος
2939 1824 3000 1877 τὸ
3031 1822 3231 1894 βιϐλίον
3263 1821 3530 1885 καλεῖται,
3557 1821 3748 1892 ἐπειδὴ

2173 1914 2270 1969 zeal
2307 1913 2512 1977 ταύτας
2540 1911 2789 1984 Σολομὼν
2834 1914 2980 1966 ἐστιν
3016 1912 3047 1964 6
3095 1910 3333 1981 λαλήσας
3360 1910 3456 1963 zeal
3505 1908 3742 1981 γράψας.

2172 1996 2340 2064 Οὗτος
2376 2000 2433 2054 δὲ
2470 1998 2847 2069 διαδεξάμενος
2869 1997 2967 2070 τὴν
2997 1995 3465 2067 βασιλείανΔαυῖδ
3509 1995 3603 2049 τοῦ
3636 2011 3745 2050 πα⁹

2172 2090 2299 2159 τρδς
2344 2085 2546 2149 αὐτοῦ,
2585 2086 2788 2157 ηὔξατο
2834 2085 2911 2157 τῷ
2957 2084 3077 2156 Θεῷ
3115 2084 3301 2138 λαϐεῖν
3352 2082 3545 2153 σοφίαν
3580 2084 3750 2154 ’ὑπὲρ

2173 2173 2402 2229 πλοῦτον
2427 2216 2443 2239 ,
2477 2175 2572 2228 zeal
2603 2174 2741 2244 ὑπὲρ
2782 2172 2992 2243 ἄμυναν
3039 2170 3265 2243 ἐχθρῶν.
3313 2169 3506 2224 Λαϐὼν
3542 2170 3750 2234 τοίνυν,

2173 2264 2268 2317 zeal
2296 2263 2584 2334 γενόμενος
2614 2261 2776 2330 σοφὸς
2815 2260 2955 2331 ὑπὲρ
2991 2261 3199 2322 πάντας
3244 2259 3372 2322 τοὺς
3424 2258 3534 2329 πρὸ
3579 2258 3753 2312 αὐτοῦ

2172 2350 2266 2405 zeal
2300 2351 2420 2420 μετ’
2452 2349 2614 2404 αὐτὸν
2642 2345 2965 2419 ἀνθρώπους
2985 2385 3003 2409 ,
3028 2345 3361 2416 θαυμασθείς
3376 2363 3437 2399 τε
3461 2347 3555 2399 ἐπὶ
3580 2347 3753 2400 πᾶσιν

2170 2432 2253 2501 οἷς
2286 2437 2507 2507 ἐποίησε
2539 2435 2636 2489 zeal
2669 2435 2920 2505 ὲλάλησε,
2953 2432 3253 2504 τρισχιλίας
3300 2434 3396 2502 μὲν
3433 2432 3752 2503 παραϐολὰς

2173 2519 2270 2573 zeal
2301 2518 2742 2588 πεντακισχιλίας
2768 2517 2911 2588 ᾠδὰς
2941 2515 3196 2586 ἑλάλησε·
3229 2516 3321 2570 zeal
3358 2515 3749 2586 ὲφυσιολόγησε

2173 2608 2303 2680 περὶ
2346 2607 2562 2662 πάντων
2614 2605 2723 2659 τῶν
2769 2622 2831 2658 τε
2873 2607 2937 2659 ὲκ
2985 2603 3089 2674 γῆς
3126 2603 3448 2674 φυομένων,
3484 2605 3581 2657 zeal
3618 2604 3753 2674 περὶ

2173 2697 2391 2751 πάντων
2417 2696 2524 2750 τῶν
2552 2693 2721 2759 ζώων.
2740 2692 3053 2763 Συνέγραψε
3078 2691 3156 2758 δὲ,
3185 2692 3261 2755 ώς
3295 2691 3395 2759 μέν
3423 2691 3564 2754 τινές
3591 2708 3751 2760 φασι,

2172 2784 2299 2855 τρία
2331 2783 2466 2854 μόνα
2488 2781 2696 2853 βιϐλία.
2736 2778 2909 2836 Τοῦτό
2934 2797 3015 2845 τε,
3045 2779 3141 2832 zeal
3166 2779 3258 2833 τὸν
3294 2778 3745 2850 Ἑκκλησιαστὴν,

2174 2871 2270 2925 zeal
2293 2871 2356 2925 τὸ
2385 2866 2577 2943 *ᾼσμα
2617 2867 2726 2923 τῶν
2759 2868 3050 2940 ᾀσμάτων⁸
3076 2866 3152 2930 ὡς
3206 2865 3263 2919 δέ
3306 2882 3480 2929 τινες,
3517 2866 3613 2918 zeal
3649 2864 3753 2935 τὴν

2175 2957 2374 3028 Σοφίαν
2401 2958 2501 3030 τὴν
2532 2954 3034 3026 ἀπογεγραμμένην
3063 2953 3159 3007 zeal
3178 2951 3477 3023 λεγομένην
3502 2951 3748 3021 Πανάρει

2174 3060 2298 3099 τον·
2331 3045 2560 3116 γνησίαν
2595 3044 2705 3116 γάρ
2736 3042 2902 3096 αὐτοῦ
2941 3041 3035 3096 zeal
3064 3041 3266 3110 ταύτην
3303 3039 3552 3108 λέγουσιν
3584 3033 3748 3092 εἶναι.

2175 3128 2287 3181 Kal
2321 3126 2508 3180 τοῦτον
2548 3126 2644 3197 μὲν
2676 3123 2971 3197 Παροιμίαι
3009 3122 3335 3194 ἐπέγραψεν.
3390 3120 3509 3175 Εἰσὶ
3542 3121 3599 3174 δὲ
3642 3138 3751 3173 πα-

2177 3209 2385 3282 ροιμίαι
2413 3208 2559 3278 λόγοι
2595 3209 2768 3279 σοφοὶ,
2796 3208 2871 3271 ὡς
2905 3206 3226 3277 αἰνίγματα,
3258 3204 3415 3258 ἅτινα
3438 3204 3623 3274 ἕτερον
3647 3208 3752 3274 μέν

2173 3309 2228 3345 τι
2267 3292 2489 3346 αὐτόθεν
2539 3291 2801 3362 δηλοῦντά
2842 3291 3027 3352 ἐστιν,
3079 3290 3263 3359 ἕτερον
3314 3288 3368 3341 δὲ
3423 3288 3482 3341 ὲν
3522 3288 3749 3359 ὑπονοίᾳ

2175 3374 2616 3445 ἐπαγγέλλονται.
2651 3372 2773 3427 Τῶν
2805 3373 2860 3426 δὲ
2887 3372 3145 3426 τοιούτων
3188 3370 3327 3435 εἶδός
3370 3371 3510 3425 εἰσιν
3551 3372 3608 3425 αἰ
3646 3388 3750 3424 πα-

2177 3458 2407 3530 ροιμίαι.
2436 3456 2593 3511 Οὕτω
2617 3456 2726 3528 γὰρ
2751 3456 2845 3509 zeal
2865 3456 2915 3508 οἰ
2940 3455 3184 3526 μαθηταὶ
3209 3452 3303 3507 τοῦ
3330 3454 3535 3524 Κυρίου
3567 3452 3749 3521 λέγον⁵

2176 3558 2261 3595 σιν
2285 3542 2343 3594 ἐν
2370 3539 2447 3612 τῷ
2471 3540 2613 3594 κατά
2652 3538 2905 3609 Ἰωάννην
2924 3538 3262 3608 Εὐαγγελίῳ,
3296 3537 3385 3591 ὅτε
3412 3536 3506 3590 τοῦ
3544 3536 3748 3605 Κυρίου

2174 3624 2345 3679 πολλά
2371 3624 2654 3696 εἰρηκότος
2676 3661 2692 3686 ,
2728 3623 2993 3694 πρότερον
3043 3621 3470 3692 ὲγκεκρυμμένῃ
3517 3620 3747 3690 διανοίᾳ,

2175 3706 2399 3779 ὕστερόν
2449 3723 2615 3777 φασιν
2661 3704 2840 3776 αὐτῷ·
2879 3705 2993 3760 Ἴδε
3030 3702 3150 3757 νῦν
3188 3704 3497 3772 πφρησίᾳ
3517 3702 3747 3768 λαλεῖς,

2173 3789 2273 3845 καί
2291 3790 2612 3860 παροιμίαν
2632 3787 2919 3857 οὐδεμίαν
2950 3785 3149 3856 λέγεις
3167 3802 3181 3816 ·
3205 3785 3281 3849 ὡς
3305 3784 3413 3839 τῶν
3443 3785 3749 3856 παροιμιῶν

2176 3876 2252 3947 μὴ
2276 3876 2339 3929 ἐκ
2364 3872 2619 3946 φανεροῦ,
2651 3871 2787 3927 ἀλλά
2818 3870 3215 3941 κεκρυμμένως
3235 3867 3560 3939 λεγομένων.
3596 3867 3749 3920 Ἐπεὶ

2172 3955 2267 4013 οῦν
2298 3959 2357 4012 ὲν
2385 3956 2462 4028 τῷ
2492 3956 2680 4028 βιϐλίῳ
2705 3953 2879 4024 τούτῳ
2903 3953 3138 4006 πλεῖστοι
3171 3950 3315 4020 λόγοι
3344 3949 3572 4003 τοιοῦτοί
3588 3951 3746 4016 εἰσιν,

2171 4040 2261 4097 διὰ
2278 4039 2436 4094 τοῦτο
2465 4036 2768 4110 Παροιμίας
2796 4035 3000 4105 ἔγραψε
3034 4035 3094 4106 (ί.
3117 4032 3417 4103 ἐπέγραψε)
3439 4032 3501 4085 τδ
3523 4030 3743 4101 βιϐλίον.

2184 4121 2485 4193 Ὠνομάσθη
2528 4121 2585 4174 δὲ
2633 4120 2938 4190 παροιμία,
2986 4117 3172 4188 ἐπειδὴ
3207 4119 3358 4186 παρά
3396 4116 3579 4184 πάσης
3625 4112 3747 4167 όδοῦ
3856 4128 3859 4129 ⁷

2171 4205 2492 4277 ἐγράφησαν
2514 4205 2565 4257 οἱ
2596 4203 2826 4256 τοιοῦτοι
2864 4202 3033 4270 λόγοι,
3073 4199 3209 4269 πρὸς
3236 4197 3524 4268 διόρθωσιν
3550 4198 3639 4250 zeal
3668 4198 3745 4250 δι-

2171 4288 2469 4343 δασκαλίαν
2497 4285 2605 4340 τῶν
2633 4288 2692 4338 ὲν
2718 4287 2839 4347 ταῖς
2868 4285 3005 4348 ὁδοῖς
3036 4282 3433 4354 πορευομένων.
3462 4279 3618 4353 Παρά
3645 4279 3746 4341 τὰς

2169 4372 2324 4435 ὀδοὺς
2345 4371 2403 4424 δὲ
2453 4370 2753 4440 ἐγράφοντο
2777 4409 2792 4433 ,
2835 4367 2957 4421 ἐπεὶ
2990 4366 3066 4438 μὴ
3103 4368 3300 4426 πάντες
3346 4363 3585 4435 ἐχώρουν
3621 4364 3746 4425 τοὺς

2170 4455 2273 4525 τῆς
2301 4452 2555 4524 ἀληθείας
2579 4451 2803 4520 λόγουςο
2854 4450 2942 4505 ἵνα
2973 4451 3075 4505 κᾶν
3116 4449 3452 4519 διερχόμενοι
3489 4448 3585 4502 zeal
3624 4447 3742 4517 βλέ-

2172 4554 2366 4600 ποντες
2395 4534 2706 4606 διερευνῶσι
2758 4533 2828 4588 τὰ
2879 4534 3239 4606 γεγραμμένα
3263 4573 3279 4596 ,
3324 4534 3418 4587 zeal
3441 4532 3584 4586 οὔτω
3612 4549 3743 4585 παις

2170 4618 2435 4674 δεύωνται
2468 4619 2519 4671 οἱ
2558 4616 2857 4687 ἄνθρωποι.
2890 4616 3046 4681 Τινὲς
3088 4616 3217 4686 γοῦν
3254 4615 3525 4686 ὁρίζονται
3573 4616 3740 4678 αὐτάς

2171 4701 2373 4765 οῦτως,
2407 4700 2561 4774 ῥῆμα
2592 4700 2848 4773 παρόδιον
2871 4700 2981 4754 ἀπό
3014 4717 3156 4763 τινος
3188 4698 3302 4762 ἑνὸς
3335 4701 3414 4761 εἰς
3446 4697 3614 4751 πολλά
3646 4713 3745 4768 με-

2170 4785 2669 4857 ταλαμϐανόμενον.
2717 4785 2902 4837 Ἔστιν
2955 4780 3049 4838 οὖν
3080 4786 3155 4839 ηὲν
3200 4781 3277 4854 τῷ
3328 4782 3518 4855 βιϐλίῳ
3572 4781 3749 4852 τούτῳ

2172 4869 2374 4941 γνῶσις
2420 4866 2610 4937 σοφίας
2640 4867 2733 4921 zeal
2772 4867 3050 4931 παιδείας.
3096 4868 3279 4937 νόησις
3330 4866 3502 4935 λόγων
3545 4866 3746 4937 φωνή·

2174 4970 2312 5015 σεως
2331 4991 2346 5014 ,
2374 4951 2605 5022 στροφαὶ
2646 4949 2838 5018 λόγων.
2884 4949 3225 5021 δικαιοσύνης
3267 4949 3500 5019 ἀληθοῦς
3525 4949 3707 5018 νόησις
3727 4986 3749 5011 ,

2172 5036 2415 5106 κρίματα
2433 5032 2803 5097 κατευθύνειν,
2833 5032 2985 5105 [576]
3014 5034 3108 5086 zeal
3142 5033 3441 5101 ἐπαγγελία
3465 5031 3564 5085 τοῦ
3593 5033 3743 5099 γινιίιο

2174 5136 2324 5174 σκειν
2349 5122 2413 5172 ὲκ
2437 5118 2642 5172 τούτων
2668 5117 2981 5189 παραϐολὰς
2997 5156 3011 5179 ,
3041 5118 3227 5188 ῥήσεις
3256 5116 3456 5184 σοφῶν,
3488 5116 3746 5184 αἰνίγμαο

2170 5218 2262 5264 τα,
2300 5201 2605 5275 σκοτεινοὺς
2634 5200 2847 5269 λόγους.
2879 5201 2986 5252 Kal
3023 5200 3131 5255 εἰσί
3163 5198 3391 5267 γνώσεις
3433 5198 3619 5267 σοφίας
3647 5197 3748 5251 καὶ

2172 5285 2439 5348 παιδείας.
2482 5283 2699 5354 Ἐπειδὴ
2748 5283 2857 5354 γάρ
2903 5283 3162 5354 ’Έλληνες
3216 5283 3315 5354 μὲν
3362 5283 3555 5351 σοφίαν
3599 5282 3748 5352 ἔχειν

2171 5368 2616 5437 ἐπαγγέλλονται.
2646 5369 2909 5439 αἱρετικοὶ
2927 5366 2982 5423 δὲ
2999 5367 3276 5439 νομίζουσι
3303 5368 3552 5421 παιδείαν
3578 5366 3745 5438 ἔχειν.

2169 5452 2259 5507 διά
2296 5451 2458 5505 τοῦτο
2500 5444 2656 5514 οὗτος
2703 5453 2800 5524 τὴν
2829 5452 3002 5524 ἀληθῆ
3047 5453 3237 5521 σοφίαν
3271 5454 3368 5506 zeal
3396 5450 3640 5505 παιδείαν
3665 5450 3747 5504 δι-

2168 5537 2389 5601 δάσκει,
2423 5537 2508 5590 ἵνα
2548 5532 2624 5609 μὴ
2652 5539 2718 5607 τῇ
2746 5537 3035 5608 ὁμωνυμία
3067 5537 3165 5606 τῆς
3215 5537 3404 5605 σοφίας
3443 5538 3523 5599 είς
3557 5532 3627 5587 τά
3653 5550 3745 5585 σο-

2172 5621 2417 5691 φίσματα
2448 5620 2557 5673 τῶν
2596 5621 2862 5691 Ἑλλήνων
2909 5621 3002 5674 zeal
3045 5620 3154 5673 τῶν
3192 5620 3483 5693 αίρετικῶν
3526 5618 3748 5689 ἐμπέστ⁸

2178 5721 2279 5767 τις.
2306 5706 2411 5757 Καὶ
2440 5704 2546 5776 γάρ
2580 5704 2836 5775 Ἕλληνες
2872 5700 2967 5776 μὲν
3001 5703 3235 5776 οἰόμενοί
3277 5720 3418 5767 τινες
3445 5701 3613 5769 εἶναι,
3647 5704 3746 5755 καὶ
