3962 6190
1208 296 1524 355 SYNOPSIS
1561 295 1967 352 SCRIPTUIME
2008 297 2276 354 SACRIE.
2835 310 2865 362 ,g.
3377 308 3443 364 57

1886 406 2047 464 'nibus
2089 409 2402 465 idololatria:
2436 411 2603 465 malis.
2642 411 2714 465 De
2762 411 2920 481 impia
2952 412 3238 484 religione,
3267 427 3319 470 ct
3348 430 3476 489 quo!

1894 498 1969 552 illi
1996 500 2161 553 insint
2190 499 2348 555 mala.
2394 500 2468 556 Dc
2496 501 2656 572 [igqu
2682 513 2734 556 et
2768 502 3017 558 ﬁctilibus
3045 505 3215 561 idolis.
3261 508 3334 564 De
3362 526 3479 564 om-

198 302 298 359 369

162 386 245 469 \ct
270 413 545 469 desiderio
568 412 635 466 ad
667 410 1078 482 comparandam
1109 411 1444 482 sapientiam.
1474 408 1553 465 Ad
1578 409 1693 463 lucc
1715 408 1785 462 de

194 506 513 578 quibusdam
539 514 747 559 natura:
785 504 1022 574 partibus
1048 502 1368 572 disputatur,
1396 503 1628 569 itemque
1652 514 1786 555 con-

195 609 274 652 tra
320 596 486 661 idola,
530 607 586 651 ct
632 596 848 650 illorum
892 595 1210 665 sculptores,
1256 604 1310 650 et
1347 603 1533 648 contra
1573 606 1667 647 eos
1694 590 1784 661 qui

191 704 341 759 spem
382 688 434 742 in
465 686 569 742 illis
609 695 834 757 ponunt,
866 686 1086 756 ipsaque
1132 685 1334 740 colunt.
1371 684 1633 738 Praeterea
1686 683 1783 752 by-

190 794 349 834 mnus
372 793 498 832 cum
527 777 864 832 confessione
893 776 1215 832 mirabilium
1240 775 1632 845 operationium,
1663 789 1782 843 quae

191 871 450 927 lsraelitis
492 885 674 925 coram
722 871 957 940 ipsorum
988 869 1218 924 inimicis
1242 883 1273 923 a
1302 868 1413 922 Deo
1460 869 1608 922 facta:
1636 879 1779 921 sunt.

191 963 313 1018 liaac
356 964 535 1032 itaque
563 963 935 1031 complectitur
964 960 1050 1015 hic
1068 960 1223 1016 liber.
1254 958 1643 1027 Recapitulatio
1681 973 1780 1013 au-

189 1064 296 1110 tem
325 1054 410 1109 sic
434 1054 615 1109 habet.
654 1052 713 1107 in
741 1052 1014 1122 prooemiis
1038 1050 1342 1107 adhortatio
1365 1048 1494 1118 justi
1522 1048 1587 1103 ad
1616 1049 1782 1118 pieta-

189 1156 318 1211 tem,
346 1154 405 1201 et
433 1144 785 1214 reprehensio
810 1143 960 1214 impii
989 1142 1311 1212 blasphemi.
1335 1141 1489 1205 Nam,
1516 1139 1599 1196 Ne
1620 1157 1780 1221 trinu-

188 1236 326 1299 leris,
376 1236 580 1306 inquit,
620 1236 981 1301 antichristos,
1020 1235 1106 1305 qui
1133 1244 1252 1288 sunt
1279 1234 1394 1301 ipsa
1423 1249 1577 1286 mors.
1627 1231 1780 1288 Unde

187 1326 387 1382 factum
431 1326 524 1393 sit,
563 1324 706 1396 quod
752 1325 900 1396 impii
927 1339 995 1381 eo
1018 1323 1350 1389 devenerint,
1399 1331 1456 1377 ut
1498 1323 1778 1377 Dominum

186 1418 373 1486 gloriae
398 1416 796 1485 croeiﬁgerent,
822 1414 950 1471 dum
979 1429 1217 1483 prtesens
1245 1415 1500 1469 sacculum
1524 1413 1597 1467 illi
1623 1422 1774 1467 ante—

186 1508 415 1564 ferrent.
446 1507 599 1576 Quod
631 1508 794 1563 etiam
831 1507 933 1577 ipsi
963 1506 1236 1576 apostolos
1264 1505 1568 1575 persequuti
1593 1505 1699 1559 sint
1723 1513 1779 1559 et
1810 1516 1819 1523 '

186 1598 505 1655 occiderint.
528 1597 682 1666 Quod
728 1597 893 1652 futuri
933 1597 1041 1652 sint
1076 1596 1291 1667 quidam
1328 1596 1417 1666 qui
1456 1595 1630 1665 legem
1668 1595 1774 1649 Do-

187 1690 312 1745 mini
339 1699 717 1757 contemnant,
746 1689 962 1759 quidam
991 1702 1117 1744 vero
1143 1688 1232 1742 alii
1259 1687 1370 1742 sint
1397 1686 1775 1756 illiiobtempe-

187 1783 371 1836 raturi.

252 1870 414 1939 Quod
454 1871 596 1927 Deus
641 1870 961 1927 multitudini
1004 1885 1223 1936 eorum,
1269 1868 1359 1940 qui
1406 1869 1459 1923 in
1499 1866 1769 1924 Chrisnun

189 1965 349 2035 impie
390 1972 591 2035 agunt,
634 1979 741 2019 non
781 1964 852 2018 sit
891 1962 1212 2033 parciturus.
1261 1961 1427 2017 Unius
1463 1961 1605 2016 enim
1643 1960 1771 2030 justi

191 2057 403 2112 Christo
420 2055 692 2112 credentis
719 2069 845 2110 cura
873 2063 957 2109 est
984 2054 1116 2121 Deo,
1145 2052 1354 2108 etiamsi
1383 2052 1435 2107 in
1467 2051 1773 2107 adolescen-

196 2149 264 2201 tia
284 2147 564 2202 moriatur.
591 2145 838 2201 Senectus
852 2148 989 2200 enim
1008 2144 1303 2199 venerabilis
1322 2153 1392 2198 est
1412 2159 1513 2197 non
1534 2142 1772 2196 diuturna

194 2237 343 2307 (Cap.
366 2240 422 2294 ι.
442 2238 521 2308 8).
551 2238 667 2294 Etsi
691 2239 886 2308 impius
911 2247 1140 2293 mortem
1164 2239 1284 2307 ejus
1307 2238 1395 2307 qui
1420 2235 1636 2292 Christo
1655 2252 1772 2291 cre-

187 2332 260 2386 dit
284 2333 608 2398 contemnit,
631 2340 687 2385 at
711 2330 787 2385 illi
808 2332 1077 2401 eliguntur
1099 2331 1153 2384 in
1177 2329 1412 2385 Christo.
1443 2328 1593 2400 lmpii
1622 2330 1770 2400 igno-

182 2423 426 2478 miniosae
465 2423 638 2478 ruina:
666 2422 946 2478 tradentur
965 2464 979 2485 ,
1021 2432 1074 2477 et
1104 2437 1297 2491 magno
1319 2420 1520 2490 judicio
1550 2436 1610 2475 ac
1635 2436 1769 2475 con-

181 2513 520 2571 demnationi
546 2513 901 2583 subjicientur
929 2513 997 2580 ii,
1031 2512 1120 2581 qui
1146 2512 1339 2566 Christi
1370 2526 1559 2565 servos
1583 2525 1767 2580 persc-

178 2612 441 2673 quuntur,
465 2603 712 2659 videntes
738 2603 964 2675 gloriam
991 2601 1110 2673 ejus
1136 2610 1191 2657 et
1219 2602 1478 2672 ipsorum,
1509 2616 1673 2670 seque
1700 2600 1767 2656 ad

177 2688 506 2766 supplicium
530 2695 666 2765 rapi.
694 2695 850 2763 Quod
879 2694 1078 2749 divitia:
1106 2709 1228 2749 cum
1260 2694 1564 2764 arrogantia
1609 2692 1767 2749 nobis

174 2786 456 2842 accedant.
501 2786 635 2853 Qute
676 2786 749 2843 sit
789 2786 867 2840 ira
900 2784 998 2841 Dei
1030 2786 1086 2840 in
1114 2800 1211 2842 eos
1234 2785 1326 2855 qui
1358 2785 1518 2854 impie
1546 2779 1768 2856 egerunt

177 2876 226 2930 in
271 2876 580 2934 Christum.
636 2875 997 2940 Adhortatio,
1044 2876 1154 2931 imo
1205 2875 1384 2945 potius
1434 2875 1767 2931 denuntiatio

176 2965 511 3036 principibus
552 2965 746 3032 Israel,
792 2976 852 3023 ut
894 2965 1109 3022 Christo
1151 2965 1408 3032 credant;
1453 2966 1561 3021 imo
1587 2967 1766 3037 potius

175 3063 517 3120 denuntiatio
537 3063 869 3134 principibus
889 3062 1181 3119 Catholicae
1203 3062 1478 3128 Ecclesiae,
1497 3061 1763 3132 quomodo

175 3170 357 3226 regere
375 3154 616 3210 debeant
633 3163 757 3224 post
782 3153 928 3209 illius
944 3155 1277 3210 abscessum.
1306 3153 1435 3221 Quae
1461 3152 1531 3207 sit
1555 3154 1759 3223 sapien-

175 3247 273 3313 tia,
316 3261 526 3317 nempe
572 3246 738 3302 Filius
783 3245 900 3301 Dei.
947 3246 1015 3301 Et
1057 3244 1326 3316 quomodo
1357 3244 1592 3300 Verbum
1637 3260 1765 3299 caro

177 3340 376 3396 tactum
409 3340 505 3407 sit,
530 3327 694 3410 inque
714 3338 871 3395 nobis
896 3338 1234 3394 habitaverit.
1264 3338 1395 3406 Quia
1423 3353 1543 3408 ego,
1570 3338 1759 3408 inquit,

171 3431 353 3488 eadem
417 3445 540 3501 qua:
591 3444 689 3486 vos
732 3444 923 3500 passus
967 3443 1122 3496 sum,
1151 3428 1312 3485 homo
1358 3444 1478 3484 cum
1528 3430 1664 3495 sim,
1694 3445 1761 3485 ex

168 3525 309 3590 jussu
385 3522 483 3578 Dei
546 3522 841 3592 disciplinae
904 3520 1169 3577 subditus.
1240 3521 1316 3577 De
1362 3520 1575 3576 Christo
1617 3539 1630 3574 :
1680 3521 1760 3576 Ex

173 3617 445 3687 sapientia
472 3617 608 3685 Dei,
638 3616 849 3687 inquit,
876 3616 1115 3671 omnium
1158 3616 1517 3686 cognitionem
1547 3615 1718 3670 habeo
1744 3634 1758 3668 :

170 3707 235 3763 In
262 3727 430 3764 manu
459 3708 596 3763 enim
622 3708 791 3774 illius,
820 3717 868 3763 et
893 3723 985 3763 nos
1012 3723 1218 3773 sumus,
1251 3717 1299 3762 et
1325 3723 1578 3761 sermones
1603 3708 1760 3760 nostri

168 3798 327 3871 (Cap.
356 3801 429 3854 7.
454 3799 575 3869 16).
604 3798 734 3868 Qua:
763 3799 834 3853 sit
861 3798 1120 3869 sapientia
1139 3839 1157 3866 ,
1189 3805 1245 3853 et
1271 3797 1541 3868 quomodo
1578 3798 1631 3852 in
1658 3796 1759 3852 ho-

168 3893 334 3947 mines
358 3890 607 3945 venerit.
649 3888 779 3945 Cum
806 3890 939 3944 enim
970 3888 1123 3943 unico
1150 3887 1251 3954 sit,
1278 3888 1449 3942 omnia
1486 3898 1681 3957 potest,
1712 3898 1760 3941 et

162 3998 275 4036 cunt
293 3984 347 4037 in
368 3983 550 4053 seipse
568 3990 788 4044 maneat,
808 3979 977 4034 omnia
997 3988 1163 4033 tamen
1182 3979 1385 4032 innovat
1406 3977 1455 4050 (1
1462 3978 1564 4031 bid.
1581 3993 1627 4031 υ.
1640 3977 1755 4048 27).

164 4073 524 4143 Sapientiam,
555 4070 748 4142 inquit,
773 4087 804 4125 a
828 4070 1104 4140 juventute
1126 4069 1321 4132 amavi,
1346 4078 1399 4123 et
1420 4068 1598 4123 omnia
1619 4067 1757 4123 bona

164 4182 222 4220 ex
253 4167 345 4221 illa
376 4165 608 4236 accepi,
651 4163 885 4220 carnalia
914 4173 971 4219 et
1010 4162 1325 4233 Spiritnalia.
1370 4162 1589 4232 Cognita
1616 4162 1758 4216 enim

167 4259 541 4331 magnitudine
568 4256 847 4328 sapientia:
865 4296 881 4321 ,
910 4254 1171 4325 postulavi
1196 4270 1225 4308 a
1260 4254 1488 4309 Domino
1515 4262 1569 4308 ut
1604 4253 1757 4309 dare-

172 4362 252 4406 tur
275 4352 411 4406 mihi
440 4350 678 4421 Spiritus
699 4358 936 4411 sanctus,
963 4348 1054 4418 qui
1080 4362 1168 4403 me
1195 4346 1263 4403 de
1294 4348 1381 4402 illa
1411 4346 1755 4403 illuminaret.

172 4442 235 4498 Et
251 4445 460 4500 missus
482 4453 588 4510 est,
612 4452 672 4497 ut
697 4456 909 4498 mecum
932 4440 1218 4496 laboraret.
1246 4438 1585 4511 Cogitationes
1609 4455 1760 4494 name

170 4550 266 4603 que
289 4534 595 4590 mortalium
620 4532 813 4589 timida:
837 4543 953 4588 sunt
979 4529 1142 4604 (Cap.
1169 4529 1226 4587 9.
1253 4531 1319 4586 14
1336 4532 1377 4601 ).
1408 4530 1485 4586 De
1509 4530 1760 4600 operibus

170 4626 476 4695 sapientiae.
519 4623 804 4692 Quomodo
846 4623 1077 4693 primum
1108 4621 1377 4676 hominem
1424 4620 1756 4684 custodierit,

171 4732 232 4769 ex
251 4715 477 4786 quantis
501 4715 659 4769 malis
678 4715 819 4770 Deus
837 4712 1121 4769 credentes
1151 4712 1249 4768 sibi
1272 4723 1467 4778 servet,
1490 4721 1546 4768 et
1565 4723 1756 4784 quanta

170 4808 270 4863 illis
300 4807 450 4863 bona
496 4813 712 4875 prastct
734 4846 750 4869 ,
778 4814 837 4860 ut
866 4805 1047 4860 videre
1087 4812 1170 4858 est
1208 4804 1259 4856 in
1287 4802 1433 4869 Noe,
1465 4802 1756 4869 Abraham,

172 4896 299 4962 Lot,
331 4896 541 4963 Iacob,
567 4896 769 4966 Joseph
791 4936 808 4962 ,
840 4904 894 4950 et
937 4895 993 4948 in
1030 4892 1312 4956 lsraelitis,
1345 4908 1481 4962 quos
1508 4908 1570 4948 ex
1600 4908 1759 4946 manu

174 4985 550 5060 Egyptiorum
577 4987 775 5056 eripuit
801 5001 893 5056 per
917 4985 1154 5057 Moysem
1172 5026 1188 5050 ,
1217 4994 1272 5039 et
1300 5000 1434 5053 aqua
1463 4999 1530 5038 ex
1558 4999 1759 5054 prieru-

176 5092 257 5149 pta
288 5091 445 5151 petra
476 5080 698 5151 potavit.
732 5078 1010 5148 Quomodo
1045 5086 1252 5147 septem
1291 5075 1536 5145 gentibus
1571 5091 1761 5144 vespas

177 5170 403 5235 ιιιίεεινίι,
437 5181 492 5227 et
515 5172 739 5227 lenitate
767 5166 1237 5237 misericordiaque
1267 5180 1413 5231 usus,
1446 5166 1549 5219 illis
1578 5177 1760 5235 postea

174 5278 267 5330 per
294 5263 385 5319 illa
420 5264 678 5335 populum
710 5260 962 5319 erudiens
981 5301 997 5327 ,
1027 5269 1087 5315 ut
1124 5258 1380 5327 benignus
1406 5267 1549 5312 esset
1576 5269 1629 5310 et
1658 5256 1760 5311 lm-

176 5369 387 5410 manus.
433 5353 629 5411 Contra
673 5353 987 5411 adoratores
1024 5351 1446 5415 elementorum,
1484 5363 1754 5408 ranarum,

177 5447 509 5517 scitupbum,
536 5448 790 5513 murium,
818 5446 1141 5500 locustarum
1162 5484 1177 5509 ,
1208 5456 1511 5512 vesparum,
1543 5454 1762 5508 serpen-

179 5548 309 5595 tum.
343 5542 546 5595 Contra
574 5539 889 5595 adoratores
930 5536 1191 5591 idolorum
1223 5550 1288 5588 ex
1320 5548 1450 5588 auro
1469 5574 1484 5598 ,
1515 5542 1758 5601 argento,

181 5632 346 5699 ligno,
382 5629 668 5700 lapidibus.
700 5630 852 5697 Quod
878 5643 973 5698 per
1000 5627 1197 5695 lignum
1227 5625 1370 5677 salus
1400 5622 1470 5676 sit
1498 5621 1762 5676 credenti-

180 5722 297 5778 bus.
330 5726 411 5781 De
438 5724 793 5792 seniptoribus
813 5725 892 5778 vel
921 5721 1205 5792 pictoribus
1235 5720 1516 5774 idolorum.
1547 5716 1621 5771 De
1647 5732 1760 5771 om-

512 5813 772 5873 PATBOL.
822 5812 936 5871 Gtt.
990 5807 1137 5868 Ll'l.

1890 589 2045 644 nibus
2071 590 2226 645 idolis
2244 632 2260 657 ,
2291 607 2410 662 qure
2436 608 2465 647 a
2492 592 2737 662 gentibus
2765 592 3041 660 coluntur,
3071 596 3467 655 inimicissima-

1890 697 2004 735 rnm
2055 682 2364 751 bestiarum,
2416 696 2767 755 serpentum,
2816 696 3151 753 catorum,et
3191 690 3467 748 similium.

1888 772 2039 840 Quod
2072 774 2250 829 lsracli
2290 776 2427 830 Deus
2465 775 2781 833 benelicium
2827 777 3149 845 contulerit,
3184 794 3279 850 pro
3322 787 3464 839 ranis

1887 866 2217 920 coturnicem
2247 868 2481 922 mittens.
2512 868 2663 935 Quod
2689 880 2873 926 contra
2902 886 3139 927 morsum
3164 885 3467 944 serpentum

1887 969 1984 1024 per
2011 971 2219 1011 zeneum
2249 970 2552 1028 serpentem
2586 960 2635 1013 in
2668 975 2829 1017 cruce
2857 976 3177 1033 suspensum
3208 966 3353 1021 salus
3378 981 3465 1036 po-

1886 1045 2010 1114 pulo
2055 1045 2190 1101 facta
2220 1049 2322 1115 sit;
2364 1050 2559 1103 inimici
2591 1066 2719 1107 vero
2755 1051 2988 1121 ipsorum
3031 1069 3127 1123 per
3155 1055 3389 1112 locustas
3414 1067 3464 1113 ct

1886 1150 2063 1190 mures
2111 1137 2271 1192 occisi
2317 1137 2444 1193 sint.
2493 1139 2645 1206 Quod
2690 1142 2940 1211 populum
2980 1144 3288 1213 angelorum
3335 1146 3459 1202 cibo

1884 1226 2111 1290 aluerit,
2160 1244 2549 1300 quamcumque
2599 1231 2925 1302 voluptatem
2971 1231 3239 1301 habente,
3294 1246 3349 1291 et
3396 1240 3463 1292 ad

1883 1333 2271 1390 quemcumque
2296 1331 2507 1391 gustum
2529 1323 2950 1379 accommodato.
2979 1324 3129 1393 Quod
3152 1327 3465 1397 grandinem

1882 1425 2001 1465 cum
2032 1412 2153 1482 igne
2179 1412 2244 1467 ad
2267 1414 2687 1483 corrumpendas
2712 1413 2892 1487 fruges
2920 1416 2971 1470 in
2997 1417 3277 1488 Egyptios
3306 1422 3467 1477 misc-

1883 1503 1971 1556 rit.
2018 1503 2168 1570 Quod
2199 1503 2492 1575 palpabiles
2535 1506 2781 1561 tenebras
2826 1507 2878 1560 in
2918 1506 3199 1578 Egyptios
3237 1510 3462 1574 miserit,

1881 1601 1933 1645 et
1951 1609 2069 1661 qius
2093 1594 2142 1647 in
2172 1609 2234 1648 ea
2260 1610 2319 1649 re
2350 1595 2560 1650 inerant
2583 1597 2718 1650 mala
2745 1615 2758 1650 :
2785 1599 2982 1652 sanctis
3002 1613 3129 1654 vero
3155 1601 3266 1656 suis
3294 1601 3465 1658 lucem

1882 1682 1932 1734 in
1958 1682 2213 1754 Egypto,
2241 1694 2296 1740 et
2324 1685 2625 1740 columnam
2651 1688 2785 1756 ignis
2815 1687 2867 1741 in
2892 1688 3178 1745 solitudine
3203 1709 3215 1744 :
3246 1691 3463 1762 etquod

1881 1783 2098 1842 propter
2127 1775 2295 1830 occidi
2318 1775 2497 1846 jussos
2521 1777 2879 1832 Israelitarum
2909 1778 3155 1846 infantes,
3181 1780 3465 1853 Egyptio-

1878 1881 1995 1919 rum
2025 1867 2404 1937 primogenitos
2433 1884 2597 1937 mors,
2623 1879 2677 1925 et
2701 1871 2842 1940 ipsos
2862 1869 3141 1943 Egyptios
3160 1874 3461 1930 submersio

1876 1959 2153 2013 sustulerit
2178 1976 2191 2013 :
2220 1971 2277 2013 ut
2300 1976 2395 2030 pro
2421 1970 2592 2017 morte
2614 1964 3084 2032 primogenitorum
3113 1964 3257 2020 salus
3276 1966 3460 2023 [smeli

1879 2064 1973 2117 per
2000 2051 2312 2120 sanguinem
2343 2052 2463 2122 agni
2494 2068 2749 2108 concessa
2783 2054 2871 2108 sit.
2923 2054 2991 2109 Et
3020 2070 3117 2125 pro
3159 2064 3334 2112 morte
3367 2057 3460 2128 ju-

1875 2149 2081 2194 storum
2127 2141 2178 2195 in
2217 2141 2539 2208 solitudine,
2587 2144 2764 2198 Aaron
2797 2144 3078 2199 Dominum
3120 2145 3366 2215 precibus
3405 2157 3462 2203 et

1877 2230 2096 2285 incenso
2147 2230 2407 2300 placarit:
2444 2247 2540 2302 pro
2587 2243 2758 2288 morte
2814 2248 2940 2289 vero
2983 2234 3356 2308 Egyptiorum
3402 2239 3457 2293 in

1876 2323 2011 2376 mari
2040 2322 2256 2391 Rubro,
2287 2325 2444 2379 fuerit
2476 2325 2549 2379 ira
2584 2325 2675 2380 Dei
2723 2325 2924 2395 absque
2967 2325 3334 2383 misericordia
3355 2370 3372 2395 ,
3401 2341 3460 2385 et.

1874 2415 1975 2467 iter
2020 2415 2196 2485 populi
2246 2415 2499 2471 insolens.
2550 2416 2700 2482 Quod
2745 2409 3456 2487 propter'inhumanitatem

1872 2520 1998 2575 erga
2043 2505 2274 2561 advenas
2302 2507 2441 2561 mala
2472 2508 2570 2562 ista
2599 2508 2737 2577 passi
2770 2508 3162 2580 sintAEgyptii,
3194 2513 3455 2581 quemad-

1874 2594 2090 2650 modum
2118 2606 2173 2651 et
2205 2596 2515 2652 Sodomitas.
2546 2597 2700 2665 Quod
2741 2598 3003 2654 elementa
3033 2599 3216 2656 divino
3252 2599 3455 2659 Christi

1866 2687 2069 2758 judicio
2124 2689 2376 2757 subsint,
2419 2688 2488 2745 ad
2544 2690 2686 2745 illius
2746 2691 3030 2761 imperium
3074 2693 3453 2761 parata,sieut

1870 2777 2087 2835 chordm
2130 2780 2349 2836 cithara:
2391 2780 2647 2837 citharam
2691 2782 2942 2853 pulsanti.
2989 2782 3046 2839 In
3089 2783 3176 2839 his
3203 2800 3453 2856 compre-

1872 2869 2122 2926 henditur
2146 2872 2228 2928 vis
2268 2874 2445 2929 omnis
2472 2873 2760 2945 Sapientia:
2786 2874 3087 2933 Salomonis
3122 2893 3244 2949 qua:
3283 2877 3454 2933 Pana-

1869 2972 2014 3017 l'ClOS
2042 2972 2281 3019 νοωιυτ.

2115 3114 2384 3155 PARGIIIE
2422 3114 2517 3156 SEU
2558 3117 2852 3157 PROVEBBIA
2891 3116 3198 3158 SALOIIONIS.

1938 3236 2216 3292 Parmmiaa
2249 3252 2344 3292 seu
2370 3236 2655 3293 Proverbia
2695 3237 2997 3294 Salomonis
3023 3248 3244 3293 vocatur
3271 3237 3359 3294 hic
3384 3237 3454 3293 li-

1868 3326 1963 3380 ber
1986 3367 2001 3393 ,
2027 3326 2149 3397 quia
2179 3326 2270 3381 illa
2295 3327 2544 3382 Salomon
2574 3337 2629 3382 et
2658 3326 2821 3392 dixit,
2852 3336 2907 3383 et
2935 3327 3172 3398 scripsit.
3201 3327 3298 3383 ilic
3322 3342 3450 3383 vero

1866 3434 1986 3473 cum
2033 3433 2255 3489 regnum
2282 3419 2449 3475 David
2487 3420 2651 3489 patris
2692 3420 3051 3490 suscepisset,
3078 3430 3326 3491 precatus
3367 3431 3453 3477 est

1867 3510 2034 3565 Deum
2064 3520 2123 3565 ut
2149 3510 2464 3580 sapientiam
2506 3511 2775 3581 acciperet
2799 3510 2972 3581 pelius
2994 3552 3009 3577 ,
3040 3526 3199 3581 quam
3238 3510 3452 3566 divitias

1864 3612 1918 3656 et
1948 3601 2180 3657 hostium
2221 3602 2498 3659 ultionem.
2530 3601 2677 3657 Hanc
2721 3617 2842 3657 cum
2884 3602 3219 3672 accepisset,
3244 3610 3300 3657 et
3338 3615 3451 3671 pra:

1865 3692 2113 3749 omnibus
2136 3692 2454 3749 mortalibus
2482 3694 2571 3763 qui
2599 3702 2723 3748 ante
2745 3702 2802 3748 et
2842 3702 2960 3762 post
2997 3693 3169 3763 ipsum
3198 3690 3411 3748 fuerunt
3430 3732 3446 3755 ,

1864 3782 2077 3851 sapiens
2128 3790 2314 3838 esset:
2346 3798 2409 3838 ac
2437 3798 2558 3838 cum
2603 3783 2656 3837 in
2711 3782 2960 3838 omnibus
3001 3782 3160 3839 dictis
3187 3783 3450 3854 factisque

1865 3874 1975 3928 suis
2003 3873 2339 3929 admirationi
2384 3883 2557 3939 esset,
2601 3875 2698 3929 tria
2747 3874 2909 3929 millia
2955 3875 3364 3945 parabolarum,
3393 3884 3451 3930 et

1864 3963 2096 4034 quinque
2137 3963 2305 4018 millia
2347 3964 2553 4019 cantica
2603 3964 2948 4034 proloquutus
2975 3975 3059 4020 est
3088 3981 3102 4019 :
3136 3964 3450 4036 disputavit-

1863 4071 1967 4126 que
1985 4054 2053 4111 de
2075 4055 2344 4120 omnibus,
2375 4063 2483 4109 tam
2514 4054 2581 4110 de
2610 4055 2675 4110 iis
2700 4070 2818 4125 qua:
2846 4070 2914 4111 ex
2938 4063 3077 4110 terra
3104 4058 3444 4125 proveniunt,

1863 4163 2023 4220 quam
2060 4148 2129 4204 de
2164 4148 2336 4203 omnis
2360 4147 2570 4218 generis
2595 4146 2969 4202 animantibus.
2999 4145 3222 4217 Scripsit
3244 4155 3447 4213 autem,

1864 4249 1922 4294 ut
1948 4239 2159 4310 quidam
2187 4240 2338 4293 aiunt
2361 4281 2375 4304 ,
2405 4247 2515 4293 tres
2539 4247 2742 4292 tantum
2769 4238 2949 4294 .libros
2969 4279 2984 4304 ,
3012 4238 3153 4293 hunc
3178 4237 3444 4301 videlicet,

1864 4331 2241 4397 Ecclesiasten,
2269 4338 2325 4386 et
2344 4330 2622 4386 Canticum
2648 4330 2983 4387 Canticorum
3009 4348 3025 4398 ;
3053 4340 3113 4386 ut
3136 4341 3311 4386 autem
3332 4333 3451 4402 qui-

1864 4422 1985 4479 dam
2010 4423 2193 4477 dicunt
2221 4423 2380 4478 etiam
2408 4422 2753 4492 Sapientiam,
2784 4438 2903 4492 qua:
2929 4423 3009 4479 sic
3036 4423 3361 4489 inscribitur,
3393 4432 3451 4477 et

1863 4514 2156 4570 Panaretos
2200 4513 2431 4569 dicitur:
2461 4529 2580 4567 nam
2632 4514 2734 4569 hoc
2774 4515 2933 4568 etiam
2973 4529 3284 4585 germanum
3330 4514 3449 4585 ejus

1864 4624 1984 4665 esse
2012 4624 2145 4680 opus
2189 4607 2450 4662 dictitant.
2486 4605 2635 4661 llunc
2679 4622 2839 4678 porro
2877 4607 3154 4664 Pannoniae
3196 4621 3291 4663 seu
3316 4607 3451 4661 Pro-

1863 4700 2043 4756 verbia
2074 4699 2363 4769 inscripsit.
2392 4698 2527 4753 Sunt
2554 4709 2730 4753 autem
2759 4699 3031 4769 partemin:
3053 4698 3211 4753 verba
3236 4698 3449 4767 sapien-

1865 4797 1952 4851 tiae
1974 4838 1988 4855 .
2015 4796 2160 4851 velut
2184 4795 2485 4864 aenigmata,
2516 4809 2634 4865 qua:
2664 4809 2729 4847 ex
2755 4808 2813 4846 se
2851 4792 3065 4861 quidem
3116 4790 3257 4845 aliud
3294 4791 3448 4846 exhi-

1866 4889 2023 4954 bent,
2055 4885 2198 4941 aliud
2240 4902 2366 4941 vero
2412 4901 2509 4956 per
2555 4884 2910 4953 suspicionem
2960 4882 3212 4937 indicant.
3242 4881 3444 4936 Horum

1864 4986 2043 5033 autem
2073 4976 2279 5046 species
2305 4984 2428 5030 sunt
2452 4973 2754 5045 proverbia.
2782 4972 2869 5027 Sic
2895 4973 3037 5026 enim
3062 4971 3308 5042 discipuli
3337 4972 3446 5026 Do-

1866 5070 1997 5126 mini
2026 5070 2315 5140 loquuntur
2334 5069 2386 5122 in
2411 5066 2704 5137 Evangelia
2728 5064 2969 5131 Joannis,
3000 5064 3232 5135 quando,
3264 5065 3446 5120 Domi-

1866 5176 1937 5217 no
1973 5160 2135 5216 multa
2171 5159 2397 5213 obscure
2438 5157 2682 5221 dicente,
2714 5154 2925 5210 tandem
2969 5156 3153 5211 dicunt
3188 5157 3237 5211 ei
3270 5173 3286 5211 :
3315 5156 3447 5212 Ecce

1867 5268 2001 5306 nunc
2025 5252 2196 5321 palum
2221 5251 2458 5320 loqueris,
2479 5259 2524 5302 et
2545 5248 2859 5318 proverbium
2889 5247 3085 5301 nullum
3113 5248 3239 5302 dicis
3263 5249 3444 5317 (Joun.

1868 5345 1954 5397 l6.
1981 5342 2092 5412 29),
2125 5350 2181 5395 ut
2208 5340 2469 5410 intelligas
2500 5339 2775 5409 proverbia
2798 5381 2811 5401 ,
2847 5354 2954 5393 nou
2977 5349 3163 5411 aperto
3186 5382 3201 5405 ,
3228 5339 3323 5394 sed
3349 5340 3446 5393 ob-

1866 5447 2025 5487 scuro
2067 5446 2230 5487 sensu
2282 5431 2407 5485 dici.
2444 5429 2704 5497 Quoniam
2756 5430 2915 5500 igitur
2954 5430 3088 5486 tales
3134 5429 3447 5499 plerumque

1866 5537 1988 5581 sunt
2017 5527 2070 5581 in
2098 5526 2197 5596 hoc
2224 5527 2360 5581 libro
2387 5526 2693 5589 sontentiai,
2722 5524 2841 5579 ideo
2866 5524 3141 5579 Partemiae
3169 5535 3263 5574 seu
3310 5520 3444 5573 Pro-

1867 5620 2046 5675 verbia
2096 5619 2379 5689 inscriptus
2408 5619 2491 5672 hic
2528 5616 2663 5671 liber
2689 5625 2791 5671 est.
2829 5615 2926 5671 Est
2948 5625 3123 5668 autem
3156 5609 3277 5665 inde
3304 5609 3445 5666 dicta

1869 5714 2164 5786 partemin,
2194 5712 2333 5784 quod
2385 5728 2477 5781 per
2529 5710 2639 5766 \ias
2689 5708 2820 5764 tales
2863 5704 3139 5762 sententia:
3185 5704 3446 5760 conscribi

3022 5800 3098 5857 23
