3966 6192
561 312 629 385 τι]
642 313 659 366 ι

562 426 734 482 solita:
761 431 963 487 essent,
996 420 1060 475 ad
1091 419 1481 475 correctionem
1529 427 1584 473 et
1610 416 1908 472 doctrinam
1934 428 2145 480 eorum,

562 516 651 588 qui
702 514 805 570 iter
856 510 1216 567 instituerent.
1246 508 1347 565 Per
1375 508 1487 563 vias
1532 516 1709 564 autem
1755 506 2143 569 scribebantur,

560 607 682 678 quia
710 621 816 661 non
840 617 1029 661 omnes
1057 602 1292 658 veritatis
1318 614 1595 658 sermones
1619 598 1902 670 capiebant
1933 616 1947 652 :
1980 607 2038 652 ut
2064 594 2147 652 vel

557 698 609 749 in
643 693 966 751 transeundo
986 702 1040 750 et
1058 680 1177 749 talia
1198 691 1597 763 eonspiciendo,
1620 706 1738 762 quae
1754 690 1951 761 scripta
1970 694 2151 745 essent

554 786 941 859 exquirerent,
970 796 1128 857 atque
1158 786 1228 840 ita
1255 783 1594 841 erudirentur
1634 782 1897 838 homines.
1923 780 2149 849 Quidam

555 891 736 935 autem
767 877 1051 950 partemias
1080 876 1144 931 ad
1182 875 1323 931 hunc
1354 874 1570 931 modum
1609 873 1906 931 definiunt:
1936 871 2146 927 Dictum

558 970 865 1044 parodium,
905 985 1001 1027 seu
1030 970 1085 1025 in
1135 969 1217 1025 via
1245 969 1506 1040 positum,
1533 967 1602 1024 ab
1648 982 1755 1023 uno
1804 965 2034 1037 quodam
2078 963 2147 1020 ad

560 1066 723 1122 multa
755 1063 1089 1120 translatum.
1118 1062 1214 1119 Est
1241 1063 1398 1135 igitur
1440 1062 1493 1117 in
1532 1061 1635 1118 hoc
1673 1062 1809 1117 libro
1833 1060 2018 1116 notitia
2056 1074 2146 1115 sa-

559 1157 773 1225 pientia:
801 1165 855 1211 et
883 1154 1197 1225 disciplima,
1228 1154 1532 1210 intellectus
1566 1168 1872 1209 sermonum
1910 1151 2145 1223 pruden-

558 1248 663 1312 tim,
696 1246 930 1316 strophae
972 1246 1278 1311 verborum,
1316 1244 1536 1314 iustitia:
1564 1258 1707 1299 vera:
1732 1243 2052 1310 intellectus,
2080 1242 2144 1297 ad

556 1339 891 1411 dirigendnm
915 1338 1132 1408 judicia,
1159 1346 1213 1392 et
1237 1337 1543 1407 pollicitatio
1567 1335 2054 1407 cognoscendarum
2078 1350 2145 1391 ex

560 1430 674 1487 istis
706 1430 1097 1501 parabolarum,
1127 1429 1389 1485 dictorum
1415 1428 1755 1498 sapientium,
1783 1428 2141 1499 aenigmatum,

559 1522 978 1579 etohscurornm
1019 1536 1349 1578 sermonum.
1384 1523 1449 1577 Et
1483 1530 1608 1576 sunt
1644 1521 1847 1576 notitia:
1871 1521 2147 1592 sapientia:

558 1621 615 1672 et
641 1613 953 1684 disciplintc.
985 1611 1116 1694 Cum
1144 1612 1286 1667 enim
1312 1619 1366 1668 et
1389 1611 1559 1667 Graeci
1600 1612 1915 1682 sapientiam
1947 1610 2146 1668 habere

560 1707 932 1777 polliceantur,
975 1715 1025 1761 et
1063 1706 1295 1761 ha‘retici
1323 1704 1520 1760 habere
1550 1720 1609 1760 se
1638 1704 1975 1777 disciplinam
2005 1704 2146 1760 arbi-

559 1806 803 1863 trentur;
836 1795 956 1852 ideo
999 1796 1086 1851 hic
1117 1812 1293 1853 veram
1344 1797 1658 1867 sapientiam
1704 1812 1765 1852 ae
1808 1796 2141 1867 disciplinam

557 1892 713 1948 docet
737 1909 751 1957 ;
777 1907 843 1948 ne
866 1907 930 1946 ex
952 1891 1297 1946 similitudine
1328 1889 1559 1946 nominis
1580 1888 1874 1960 sapientia},
1890 1890 1941 1944 in
1961 1888 2143 1960 sophi-

557 1991 727 2039 smata
752 1982 1060 2039 Grmcorum
1092 1992 1146 2037 et
1176 1982 1545 2043 hmreticornm
1575 1982 1696 2052 quis
1721 1980 1937 2037 incidat.
1967 1980 2142 2037 Graeci

504 2110 516 2125 .
557 2073 699 2131 enim
729 2082 915 2144 putant
941 2089 1000 2129 se
1027 2073 1126 2128 hac
1152 2073 1205 2129 itt
1238 2088 1295 2129 re
1322 2084 1596 2145 praestare,
1625 2088 1688 2129 ac
1716 2072 1950 2128 Dicentes
1973 2089 2026 2128 se
2054 2089 2142 2127 sa-

557 2167 745 2238 pientes
773 2182 879 2221 esse
902 2207 917 2234 ,
947 2166 1092 2221 stulti
1123 2166 1244 2236 [acti
1271 2176 1388 2220 sunt
1413 2165 1433 2237 (
1463 2163 1614 2219 Rom.
1648 2166 1699 2220 1.
1728 2163 1863 2236 22).
1893 2164 2142 2220 llwretici

557 2272 687 2313 vero
712 2256 948 2313 eruditos
976 2271 1097 2313 esse
1137 2271 1197 2313 se
1245 2257 1386 2322 rati,
1412 2256 1586 2312 aversi
1620 2265 1745 2312 sunt
1784 2264 1837 2311 et
1879 2263 2139 2325 peccant,

558 2348 776 2419 proprio
814 2347 1017 2418 judicio
1057 2346 1415 2403 condemnati.
1443 2347 1668 2418 Sapiens
1716 2362 1846 2402 vero
1883 2346 1928 2401 si
1965 2347 2141 2402 divina

558 2439 765 2510 eloquia
807 2437 1074 2505 audierit,
1102 2437 1392 2507 sapientior
1433 2438 1555 2492 erit.
1584 2437 1794 2492 Etenim
1825 2438 1870 2492 si
1910 2438 2140 2507 legitima

558 2531 653 2587 Dei
678 2530 900 2586 audierit
927 2541 979 2585 et
1001 2530 1333 2593 custodierit,
1360 2538 1413 2584 et
1440 2532 1490 2585 itt
1512 2530 1788 2600 disciplina
1815 2531 2019 2584 Domini
2048 2541 2162 2585 ne-.

462 2606 479 2611 ‘2
557 2622 762 2693 gligens
788 2636 891 2676 non
916 2621 1093 2686 fuerit,
1115 2635 1211 2675 nec
1233 2619 1434 2676 fa'lacia
1461 2620 1687 2690 quadam
1717 2621 1937 2677 allecms
1963 2622 2139 2688 fuerit,

560 2712 700 2768 ﬁlius
725 2713 934 2783 sapiens
960 2712 1166 2777 evadet,
1208 2722 1260 2767 et
1290 2713 1529 2791 eruditus
1560 2713 1747 2779 factus,
1776 2715 1952 2770 statim
1980 2715 2140 2769 etiam

560 2803 917 2875 cognitionem
959 2802 1055 2859 Dei
1084 2804 1323 2874 accipiet.
1360 2804 1469 2861 llac
1511 2807 1652 2862 enim
1687 2807 1952 2878 sapientes
1992 2806 2144 2861 insti-

563 2904 798 2951 tttuntur.
829 2895 1145 2952 Sermonutn
1176 2912 1303 2952 vero
1337 2898 1653 2968 prudentum
1684 2898 1985 2954 intellectus
2006 2940 2020 2964 ,
2046 2899 2143 2952 do-

560 2986 727 3041 ctrina
753 2996 836 3043 cst
863 2986 931 3042 de
960 2986 1078 3041 solo
1105 3002 1235 3043 vero
1281 2988 1411 3043 Deo.
1443 2988 1750 3044 Grmcorum
1793 3004 2023 3061 namque
2049 2989 2140 3044 alii

560 3092 755 3148 corpus
796 3092 920 3133 esse
963 3077 1213 3133 dixerunt
1272 3079 1468 3145 Deum,
1500 3080 1589 3135 alii
1630 3080 1930 3137 simulacris
1981 3081 2141 3137 etiam

561 3168 733 3239 ipsum
757 3169 1141 3226 assimilarunt.
1170 3170 1416 3227 limretici
1446 3187 1574 3226 vero
1601 3181 1655 3227 et
1684 3173 1781 3242 ipsi
1813 3173 1865 3227 in
1912 3172 2021 3229 veri
2051 3187 2143 3227 co-

558 3262 794 3331 gnitione
840 3262 1205 3333 desipuerunt.
1233 3264 1518 3336 Propterea
1562 3264 1649 3321 hic
1674 3264 1743 3321 de
1792 3280 1918 3321 vera
1960 3265 2141 3336 cogni-

561 3356 704 3409 tione
732 3354 827 3410 Dei
873 3354 987 3410 htec
1014 3368 1231 3411 enarrat
1258 3374 1272 3411 :
1305 3358 1444 3427 quod
1476 3358 1688 3427 quidem
1719 3356 2000 3412 inell‘abilis
2028 3357 2097 3412 sit
2124 3374 2138 3410 :

567 3464 583 3496 ι
614 3444 799 3500 Gloria
822 3445 914 3504 Dei
934 3446 1213 3501 abscondit
1233 3448 1489 3514 verbum;
1529 3467 1547 3500 ι
1576 3448 1644 3503 de
1665 3447 1995 3519 providentia
2014 3460 2143 3502 vero

558 3539 675 3608 ejus
725 3538 805 3593 sic
868 3537 1150 3607 loquitur:
1188 3558 1209 3591 ι
1260 3538 1317 3593 ln
1370 3540 1517 3594 omni
1568 3540 1687 3596 loco
1739 3540 1879 3595 oculi
1931 3538 2140 3595 Domini

559 3629 990 3698 contemplantur
1028 3629 1198 3684 bonos
1238 3639 1292 3684 et
1325 3629 1492 3684 malos
1517 3649 1536 3683 ι
1574 3629 1757 3700 (Prov.
1778 3630 1869 3686 25.
1891 3631 1948 3686 2.
1973 3643 2020 3686 et
2050 3632 2139 3688 15.

558 3719 638 3792 5).
670 3721 741 3777 Ει
778 3721 1014 3777 iterum:
1051 3738 1071 3773 α
1105 3722 1264 3779 Dives
1305 3731 1359 3779 et
1388 3737 1586 3793 pauper
1605 3722 1742 3779 alter
1770 3723 1922 3779 alteri
1949 3737 2140 3779 occur-

542 3822 747 3869 ~rerunt
775 3832 788 3868 :
821 3822 1073 3886 utrosque
1111 3829 1239 3870 vero
1288 3815 1411 3872 fecit
1450 3813 2033 3888 Dominusi(Cap.22.
2057 3814 2139 3884 2).

562 3905 650 3971 Et,
677 3924 698 3958 ι
733 3906 864 3961 Dum
880 3906 1209 3962 conveniunt
1237 3906 1524 3963 fenerator
1551 3920 1615 3962 ac
1635 3904 1862 3972 debitor,
1888 3916 2142 3977 utrosque

534 3995 865 4067 _speculatur
896 3996 1149 4052 Dominus
1177 4016 1198 4049 ι
1235 3996 1386 4068 (Cap.
1414 3995 1637 4066 29.15).
1669 3995 1757 4064 Ει,
1784 4015 1803 4048 ι
1834 3996 1965 4053 Sunt
1996 3981 2139 4052 enim

558 4089 611 4143 in
639 4097 929 4159 conspectu
954 4088 1234 4144 oculorum
1262 4088 1352 4143 Dei
1378 4088 1475 4143 via:
1501 4088 1619 4152 viri,
1652 4097 1706 4143 ct
1730 4104 1916 4144 omnes
1940 4088 2141 4145 orbitas

556 4181 675 4252 ejus
686 4181 990 4252 speculatur
1014 4177 1127 4249 »(Ο.
1152 4179 1332 4249 5.21).
1366 4180 1631 4236 Judicium
1649 4196 1859 4251 quoque
1871 4181 1987 4251 ejus
2002 4195 2140 4235 com-

556 4283 840 4339 tnemorat,
870 4273 1093 4330 dicens:
1128 4291 1147 4326 ι
1179 4272 1445 4330 Sacrificia
1475 4274 1754 4345 impiorum
1783 4272 2138 4327 abominatio-

557 4380 652 4423 nes
698 4376 823 4423 sunt
862 4366 1110 4424 Domini:
1160 4376 1281 4422 vota
1326 4376 1503 4423 autem
1557 4376 1702 4423 recte
1753 4367 2136 4422 ambulantium

554 4465 771 4528 accepta
814 4466 939 4512 sunt
965 4459 1103 4528 apud
1131 4474 1253 4515 eum
1285 4478 1304 4512 ι
1340 4458 1508 4531 (Cap.
1545 4460 1632 4517 15.
1662 4461 1757 4531 8).
1792 4460 1861 4515 Ει
1900 4461 2087 4515 iterum
2120 4476 2131 4512 :

570 4566 583 4574 ·
616 4549 812 4605 Domos
840 4550 1260 4605 conviciatorum
1290 4550 1513 4620 dissipat
1539 4550 1814 4617 Dominus,
1841 4552 2013 4604 firmat
2042 4566 2137 4604 an-

554 4650 661 4697 tem
691 4640 973 4697 terminum
1001 4639 1172 4696 vidua:
1199 4659 1219 4692 ›
1251 4640 1403 4711 (Cap.
1437 4642 1523 4696 15.
1549 4640 1665 4712 23).
1697 4640 1977 4710 Opiticium
2009 4656 2136 4696 vero

556 4734 699 4792 illius
741 4749 847 4790 non
889 4732 1236 4804 simpliciter,
1269 4731 1362 4788 sed
1404 4746 1471 4787 eo
1512 4731 1653 4803 quod
1684 4747 1779 4801 per
1804 4731 2034 4788 Verbum
2073 4747 2135 4788 ac

553 4829 865 4899 sapientiam
908 4842 1060 4884 suam
1091 4835 1281 4884 cuncta
1319 4824 1508 4891 faciat;
1540 4825 1629 4896 qui
1668 4824 1976 4893 putissimus
2024 4827 2132 4882 veri

556 4919 648 4975 Dei
685 4919 966 4977 character
991 4928 1111 4987 est,
1140 4919 1281 4991 quod
1324 4920 1392 4974 sit
1433 4917 1552 4972 Filii
1597 4916 1777 4972 Pater.
1808 4916 1899 4972 Ait
1935 4915 2130 4988 igitur:

562 5030 581 5064 ι
608 5011 880 5082 Sapientia
908 5014 1047 5068 Deus
1068 5012 1308 5070 fundavit
1332 5020 1529 5067 terram
1561 5029 1580 5063 ι
1614 5009 1789 5083 (Cap.
1813 5009 1867 5066 '5.
1899 5008 1968 5066 19
1993 5010 2033 5081 ).
2067 5008 2136 5065 Ει

553 5104 745 5157 iterum
782 5119 794 5153 :
830 5121 848 5153 ι
886 5103 1024 5157 Deus
1053 5103 1177 5160 fecit
1218 5104 1464 5175 regiones
1502 5112 1558 5159 et
1597 5102 1805 5160 deserta
1835 5113 1890 5158 ct
1915 5104 2135 5158 summi-

553 5205 688 5250 tates
737 5193 998 5250 habitatas
1039 5196 1197 5265 ejus,
1244 5213 1366 5268 qua:
1408 5197 1508 5253 sub
1569 5197 1702 5253 cado
1752 5206 1853 5253 est.
1909 5195 2132 5264 Quando

552 5287 884 5357 pra-parabat
922 5286 1134 5353 cadum,
1157 5288 1370 5345 aderam
1419 5289 1539 5360 ipsi,
1562 5300 1615 5345 et
1663 5289 1943 5361 separabat
1981 5289 2129 5344 thro-

552 5392 676 5432 num
730 5391 886 5432 suum
930 5393 1090 5447 supra
1132 5390 1344 5447 ventos,
1385 5380 1598 5447 quando
1644 5381 1845 5435 validas
1905 5378 2133 5437 faciebat

550 5470 780 5542 desuper
808 5469 996 5535 nubes,
1024 5485 1144 5525 cum
1166 5486 1231 5526 eo
1254 5487 1402 5528 eram
1426 5480 1616 5528 cuncta
1641 5488 1989 5544 componens.
2019 5473 2130 5543 Ego

549 5576 695 5617 eram
719 5561 773 5617 in
793 5577 894 5631 qua
918 5561 1211 5627 lzetabatur,
1240 5562 1460 5634 singulis
1480 5563 1668 5618 diebus
1687 5564 1905 5619 lmtabar
1925 5564 1976 5618 itt
2000 5578 2130 5618 con-
2164 5584 2175 5587 ·

548 5665 732 5721 specta
761 5652 901 5709 illius
929 5672 949 5706 ι
983 5651 1149 5724 (Cap.
1180 5653 1235 5709 8.
1266 5652 1338 5710 26
1359 5654 1466 5710 -50
1489 5652 1533 5725 ).
1561 5652 1806 5725 Stropha:
1845 5655 2126 5712 verborum

547 5756 671 5799 sunt
701 5744 752 5799 in
785 5747 886 5802 isto
912 5745 1049 5803 libro
1079 5764 1093 5801 :
1124 5761 1246 5803 nam
1274 5746 1317 5803 si
1347 5746 1465 5818 quis
1494 5761 1556 5804 ca
1586 5754 1765 5803 mente
1795 5756 2003 5815 verset,
2039 5763 2123 5804 re-

1272 303 1329 361 S.
1369 303 1647 361 JOANNIS
1674 297 2151 360 CHRYSOSTOMI
2192 295 2504 355 ARCHIEP.
2545 299 3077 360 CONSTANTINOP.
3680 316 3766 373 ειη

2257 410 2459 468 serabit
2486 423 2539 469 et
2572 414 2807 470 inveniet
2833 417 3153 472 sententiam
3183 417 3238 472 in
3268 417 3387 489 ipsis
3423 420 3582 478 sitam.
3610 423 3767 492 Qualia

2249 510 2377 557 sunt
2403 503 2558 563 haec:
2591 504 2921 563 «Incolumis
2962 510 3130 565 evasit
3170 510 3238 564 ab
3277 519 3402 566 testu
3444 512 3572 569 filius
3606 516 3767 574 intelli.

2249 608 2419 665 gens;
2451 600 2812 671 corrumpitur
2832 609 3013 655 autem
3040 615 3072 655 a
3098 609 3259 656 vento
3282 603 3333 658 in
3363 618 3522 660 messe
3542 606 3664 663 ﬁlius
3687 608 3771 666 ini-

2248 702 2385 757 quus
2422 707 2443 740 ι
2476 688 2643 763 (Cap.
2674 690 2762 746 10.
2798 689 2897 762 6).
2948 690 3017 746 Et
3062 693 3255 747 iterum
3285 709 3299 746 :
3346 711 3366 745 ι
3413 694 3628 753 Sollicite
3661 713 3766 756 cura

2248 795 2379 849 qum,
2400 780 2450 834 in
2481 793 2611 851 agro
2635 790 2761 837 sunt
2790 781 3001 848 viridia,
3030 792 3086 838 et
3113 782 3330 839 herbam
3358 783 3595 851 demetas,
3616 798 3665 843 et
3685 789 3762 844 fte-

2249 884 2375 924 num
2400 881 2709 926 montanum
2739 872 2949 943 collige,
2975 882 3035 929 ut
3056 889 3185 930 oves
3209 874 3399 931 habeas
3422 876 3484 931 ad
3515 877 3725 937 vestitum
3745 899 3762 934 ο

2249 961 2412 1032 (Cap.
2451 954 2543 1018 2'7.
2575 963 2665 1021 25.
2703 960 2776 1021 26
2797 966 2835 1034 ).
2868 967 2938 1022 Et
2965 983 3154 1024 rursus
3184 986 3199 1022 :
3226 986 3256 1047 _t
3290 968 3343 1025 Si
3369 971 3574 1026 conviva
3603 974 3766 1030 sederis

2247 1053 2312 1108 ad
2340 1068 2546 1111 coenam
2568 1056 2620 1111 in
2646 1072 2831 1113 mensa
2859 1068 3187 1130 magnatum,
3216 1069 3391 1116 mente
3418 1062 3654 1133 intelligas
3673 1080 3766 1135 que

2246 1156 2588 1216 apponuntur
2616 1149 2707 1205 tibi
2746 1170 2767 1203 ι
2811 1151 2978 1222 (Cap.
3009 1149 3102 1207 2'5.
3130 1153 3152 1207 1
3186 1154 3323 1223 ):et
3362 1153 3461 1209 alia
3497 1157 3763 1211 consimilia.

2249 1239 2403 1295 Vera:
2436 1240 2658 1311 justitia:
2697 1242 2871 1298 dictos
2897 1252 2980 1299 est
3014 1244 3313 1301 intellectus
3343 1261 3360 1299 :
3388 1248 3617 1317 quaniam
3648 1247 3765 1304 dide-

2247 1341 2429 1388 renter
2474 1332 2687 1403 quidam
2725 1335 2945 1405 justitire
2989 1334 3307 1393 vocabulum
3353 1338 3637 1408 accipiunt;
3673 1342 3765 1394 aliis

2202 1498 2214 1511 .
2246 1423 2548 1481 dicentibus
2564 1427 2824 1497 justitiam
2851 1443 2972 1485 esse
2990 1470 3006 1498 ,
3036 1438 3097 1485 ut
3122 1430 3309 1486 reddat
3331 1431 3446 1501 quis
3472 1432 3599 1503 quod
3620 1442 3761 1487 custo-

2245 1515 2499 1571 diendum
2525 1518 2770 1588 accepit:
2802 1518 2922 1575 aliis
2947 1534 3076 1576 vero
3098 1563 3115 1585 ,
3144 1522 3190 1577 si
3229 1521 3425 1577 malum
3452 1522 3673 1578 reddatur
3690 1536 3764 1593 pm

2246 1606 2389 1661 malo
2408 1648 2422 1672 ,
2452 1616 2509 1661 et
2542 1607 2740 1663 bonum
2770 1622 2870 1679 pro
2900 1610 3057 1667 bono.
3094 1610 3404 1681 Huiusmodi
3429 1623 3593 1669 autem
3616 1613 3765 1669 delini-

2246 1697 2419 1755 tioncs
2445 1708 2709 1755 accurata:
2737 1714 2846 1756 non
2877 1711 3021 1757 sunt.
3050 1702 3129 1758 Ne
3152 1702 3357 1759 dixeris
3376 1705 3541 1770 enim,
3568 1704 3667 1773 Quo
3696 1705 3764 1760 ille

2243 1804 2369 1861 erga
2399 1804 2487 1846 me
2511 1806 2637 1847 usus
2664 1799 2749 1848 est
2783 1792 2945 1849 modo
2964 1834 2980 1862 ,
3012 1793 3202 1849 eodem
3229 1802 3352 1851 utar
3372 1810 3468 1866 ego
3487 1837 3504 1862 ,
3535 1810 3692 1866 pcenas
3711 1795 3764 1850 de

2244 1879 2338 1936 illo
2376 1894 2584 1936 sumam
2624 1894 2724 1953 pro
2757 1882 2949 1953 injuria
2987 1898 3091 1954 qua
3121 1898 3209 1939 me
3242 1883 3435 1941 an‘ecit.
3454 1884 3765 1954 Quamobrem

2243 1971 2332 2027 hic
2354 2011 2369 2037 ,
2398 1986 2517 2043 qua:
2541 1987 2667 2028 vera
2711 1973 2782 2029 sit
2818 1973 3022 2044 iustitia
3047 2015 3063 2040 ,
3092 1974 3256 2030 docet
3281 1991 3297 2030 :
3324 1989 3436 2031 eam
3461 1975 3678 2030 videlicet
3692 1989 3762 2030 ve-

2243 2077 2356 2117 ram
2383 2077 2504 2118 esse
2525 2063 2788 2133 justitiam
2814 2103 2829 2131 ,
2858 2063 2904 2119 si
2930 2065 3221 2135 unicuique
3241 2065 3382 2137 quod
3409 2080 3553 2121 suum
3575 2075 3648 2121 est
3667 2064 3765 2120 red-

2241 2154 2416 2210 datur.
2450 2173 2470 2207 ι
2497 2155 2821 2226 Cumprimis
2864 2156 3073 2212 honora
3112 2158 3397 2215 Dominum
3425 2159 3491 2216 de
3522 2160 3661 2230 justis
3687 2159 3765 2213 tuis

2240 2247 2533 2316 laboribus,
2552 2258 2607 2303 et
2628 2249 2889 2319 primitias
2904 2250 2980 2306 illi
2994 2251 3063 2306 da
3082 2251 3151 2307 de
3171 2252 3280 2308 tuis
3296 2252 3503 2323 justitia:
3520 2251 3762 2309 fructibus»

2242 2340 2410 2411 (Cap.
2453 2342 2507 2396 3.
2538 2339 2635 2413 9).
2674 2342 2877 2400 Deinde
2914 2343 3116 2399 honora
3164 2356 3347 2416 regem
3372 2384 3391 2411 ,
3428 2354 3485 2401 et
3514 2344 3766 2417 patentibus

2241 2432 2479 2488 debitum
2506 2434 2701 2490 exhibe
2726 2435 2962 2492 officium
2984 2478 2998 2500 ,
3024 2438 3278 2495 omnibus
3305 2452 3429 2495 vero
3450 2438 3577 2508 quod
3599 2452 3765 2508 aqua:

2241 2529 2342 2578 est.
2369 2522 2436 2578 Et
2456 2523 2542 2579 hic
2565 2525 2777 2594 quidem
2802 2542 2943 2584 unus
2966 2538 3051 2584 est
3078 2538 3125 2601 ιι
3136 2542 3258 2599 pus.
3287 2530 3433 2586 Alter
3454 2544 3588 2594 vero,
3608 2538 3659 2583 nt
3675 2528 3763 2581 ani-

2239 2627 2384 2667 mam
2429 2630 2578 2669 suam
2608 2617 2833 2688 quisque
2856 2620 3109 2687 justiticet
3132 2663 3147 2685 ,
3182 2622 3583 2693 aequabilitatem
3620 2627 3764 2675 custo-

2242 2704 2458 2772 diendo,
2487 2707 2558 2762 ita
2588 2710 2720 2764 utin
2753 2711 3225 2782 intequabilitatem
3268 2728 3374 2769 non
3414 2714 3656 2779 declinet,
3693 2709 3765 2766 sed

2238 2799 2433 2855 rationi
2460 2800 2826 2872 obtemperet,
2861 2803 2945 2858 Ne
2972 2806 3108 2860 malo
3141 2808 3359 2863 comitio
3379 2849 3394 2874 ,
3422 2823 3516 2877 quo
3540 2804 3767 2878 iuventuti:

2242 2891 2473 2946 doctrina
2515 2895 2811 2964 repudiatur
2833 2934 2848 2961 ,
2894 2897 3113 2967 capiaris
3146 2897 3323 2970 (Cap.
3351 2898 3409 2953 2.
3435 2899 3513 2955 16.
3545 2897 3633 2968 17)
3658 2914 3671 2952 :
3694 2895 3766 2951 sed

2242 2996 2363 3040 cum
2389 2986 2614 3041 consilio
2634 2987 2809 3042 omnia
2833 2986 3019 3055 facias,
3045 2998 3099 3044 et
3118 2992 3469 3062 cogitationes
3492 2998 3586 3046 tuae
3606 2988 3769 3055 sintju-

2241 3076 2401 3144 dicia,
2425 3077 2496 3133 ita
2517 3087 2576 3134 ut
2603 3079 2836 3152 seipsum
2857 3095 3084 3152 quisque
3107 3083 3335 3153 judicet,
3359 3093 3413 3140 et
3439 3096 3583 3140 omne
3601 3080 3765 3136 deside»

2243 3168 2378 3223 rium
2406 3169 2630 3239 probum
2671 3170 2899 3227 habeat:
2933 3171 3097 3228 Omne
3122 3175 3326 3247 quippe
3352 3177 3593 3247 jnstorttnt
3614 3171 3767 3228 desida-

2242 3258 2373 3312 rium
2402 3261 2583 3315 bonum
2607 3272 2679 3316 est
2701 3260 2856 3334 (Cap.
2879 3264 2966 3318 11.
2983 3263 3126 3335 25);
3157 3275 3236 3330 et,
3262 3264 3650 3336 Concupiscentia
3664 3260 3766 3333 justi

2244 3363 2450 3424 accepta
2480 3365 2554 3409 est
2594 3355 2758 3428 (Cap.
2794 3356 2881 3411 l0.
2907 3356 3037 3429 2L).
3082 3357 3246 3425 Quod
3284 3368 3457 3414 autem
3496 3352 3765 3414 iracundiam

2242 3455 2464 3516 spectat,
2492 3445 2576 3502 Ne
2600 3450 2671 3503 sis
2697 3451 2891 3504 amicus
2910 3492 2925 3517 ,
2966 3451 3138 3522 inquit
3162 3494 3177 3517 ,
3200 3453 3310 3507 viro
3344 3452 3555 3524 furioso,
3576 3459 3618 3504 et
3639 3446 3768 3501 annon

2241 3537 2487 3594 iracundo
2512 3556 2573 3595 ne
2595 3540 2846 3598 eohabiles
2866 3540 3015 3614 (Cap.
3045 3542 3136 3598 22.
3164 3543 3285 3617 2i).
3312 3545 3517 3600 Omnem
3536 3542 3649 3597 enim
3667 3539 3765 3593 imt

2241 3650 2387 3688 suam
2420 3634 2596 3688 emittit
2624 3634 2868 3705 insipiens
2900 3651 2919 3690 :
2947 3636 3152 3705 sapiens
3180 3654 3300 3693 vero
3327 3638 3463 3692 illam
3490 3651 3548 3690 ea:
3568 3643 3689 3706 parte
3707 3643 3766 3682 τι·

2243 3727 2412 3781 coudt’t
2439 3726 2607 3798 (Cap.
2633 3724 2725 3784 ‘29.
2755 3726 2813 3784 11
2838 3727 2880 3799 ).
2908 3728 3008 3798 Qui
3036 3730 3277 3801 seipsum
3301 3730 3367 3786 ad
3392 3730 3524 3786 hunc
3547 3720 3765 3794 componit

2241 3815 2461 3873 modum
2484 3859 2500 3885 ,
2529 3826 2585 3874 et
2621 3818 2858 3890 singulas
2887 3821 3146 3893 cujusque
3175 3823 3346 3893 partis
3371 3823 3554 3877 anima:
3577 3814 3766 3873 actiones

2242 3920 2401 3964 sanas
2419 3918 2473 3964 et
2494 3912 2747 3963 innocuas
2768 3910 3017 3973 custodit.
3044 3912 3091 3965 is
3111 3911 3331 3967 demum
3349 3924 3523 3967 veram
3542 3904 3765 3978 agniturus
3848 3966 3859 3983 1

2241 4012 2324 4057 est
2342 4002 2627 4069 justitiam.
2653 4001 2858 4057 Judicia
2884 4018 3011 4059 vero
3035 4003 3272 4076 dirigere
3299 4012 3383 4061 est
3406 3999 3642 4075 imprimis
3656 3997 3767 4067 justo

2240 4092 2531 4150 secundum
2558 4093 2727 4163 legem
2748 4093 2842 4148 Dei
2864 4092 3123 4163 judicare,
3151 4102 3210 4150 ut
3233 4098 3341 4150 ait:
3368 4113 3390 4145 α
3412 4091 3560 4162 Aperi
3580 4095 3762 4145 ostentu

2240 4185 2404 4241 verbo
2427 4185 2541 4251 Dei,
2558 4194 2609 4239 et
2636 4199 2765 4241 sane
2785 4185 2851 4240 de
2879 4185 3126 4243 omnibus
3143 4187 3346 4256 iudica.
3372 4188 3646 4253 Paupcrem
3665 4188 3765 4232 vero

2240 4287 2293 4334 et
2313 4278 2631 4333 imbecillem
2652 4276 2882 4349 dijudica
2909 4296 2929 4332 ι
2958 4278 3108 4350 (Cap.
3126 4280 3218 4336 3i.
3246 4282 3301 4336 8.
3329 4280 3405 4349 9).
3429 4292 3446 4330 t
3466 4276 3561 4347 Qui
3583 4280 3764 4338 naqu

2238 4369 2369 4425 dicit
2390 4368 2459 4425 de
2485 4368 2669 4439 impio.
2696 4368 2878 4425 Justus
2904 4378 3006 4433 est,
3034 4371 3383 4427 exsecrabilis
3405 4377 3485 4425 est
3509 4361 3704 4437 pupulis.
3725 4364 3767 4410 ει

2237 4459 2454 4517 odiosus
2478 4459 2617 4515 inter
2638 4469 2849 4531 gentes.
2877 4459 3167 4516 Personam
3195 4462 3341 4516 enim
3369 4461 3419 4514 in
3442 4454 3625 4529 judicio
3642 4459 3762 4506 rete-
3864 4454 3867 4531 ρ

2237 4550 2341 4607 reri
2370 4549 2563 4605 bonum
2596 4524 2700 4604 non
2727 4559 2810 4605 est
2838 4569 2858 4604 ι
2891 4549 3044 4622 (Cap.
3069 4551 3161 4608 2i.
3186 4548 3281 4607 24.
3309 4524 3573 4621 23).'Hoc
3590 4537 3763 4615 quidem
3862 4524 3865 4617 Ϊ

2235 4643 2411 4715 palam
2440 4654 2494 4699 et
2522 4653 2705 4714 aperte
2728 4642 3013 4700 dicendum
3038 4653 3122 4701 est
3147 4661 3161 4699 :
3186 4642 3403 4711 deinde,
3431 4650 3488 4696 ul
3509 4629 3759 4721 quodil'dl'
3860 4626 3863 4721 ί

2236 4740 2376 4793 cium
2407 4736 2459 4791 in
2489 4735 2625 4791 alios
2654 4737 2913 4807 quiSpiam
2946 4735 3168 4807 profert,
3198 4736 3431 4807 idipsum
3458 4734 3508 4790 in
3534 4720 3768 4819 θακὰὶἠί
3858 4794 3859 4805 χ

2236 4840 2359 4899 gat,
2390 4842 2555 4899 seque
2583 4829 2697 4899 ipse
2724 4829 2994 4884 examinet
3021 4847 3035 4883 :
3067 4827 3430 4899 corripiatqne
3453 4824 3497 4880 si
3520 4814 3773 4879 exesam"

2238 4922 2314 4976 ira
2347 4938 2359 4975 :
2389 4920 2656 4986 cohibeat,
2686 4921 2728 4975 si
2757 4919 3127 4976 vehementior
3153 4918 3319 4976 fuerit
3345 4904 3729 4985 concupiscentia
3757 4912 3771 4949 τ

2235 5015 2463 5080 excitet,
2492 5013 2535 5068 si
2562 5012 2837 5068 dormierit
2864 5013 2944 5067 vis
2971 5011 3263 5079 ratiocinii,
3291 5010 3472 5066 dicens
3498 5024 3513 5061 :
3540 5004 3763 5072 ouum

2235 5106 2395 5176 piger,
2414 5108 2555 5174 faces
2577 5102 2729 5174 (Cap.
2762 5102 2815 5158 6.
2839 5099 2952 5172 9)?
2982 5104 3057 5159 Ita
3081 5104 3224 5159 enim
3251 5117 3314 5159 se
3331 5102 3473 5172 iuste
3494 5096 3763 5169 geretis,=c-
3848 5174 3849 5177 η

2233 5205 2551 5266 cnsatorque
2574 5197 2652 5251 sui
2678 5194 2868 5260 factus,
2890 5205 3096 5251 rectum
3110 5194 3371 5265 judicium
3395 5189 3617 5262 proferre
3631 5181 3765 5238 ἀίωιο
3848 5186 3849 5233 l

2235 5302 2333 5343 nec
2359 5286 2537 5343 audiet
2560 5287 2629 5341 ab
2649 5286 2757 5341 alio
2784 5303 2796 5338 :
2832 5285 2932 5355 Qui
2956 5287 3109 5341 alium
3137 5285 3290 5339 doces
3313 5325 3329 5352 ,
3352 5282 3559 5353 teipsm
3580 5287 3663 5331 non
3681 5266 3746 5321 δυ·

2232 5397 2312 5434 ces
2330 5379 2356 5433 Σ)
2379 5381 2467 5451 qui
2488 5379 2585 5443 ais,
2615 5377 2735 5432 Non
2764 5378 3107 5444 inwehaberia,
3133 5376 3406 5431 minitaris
3429 5370 3593 5444 (Rom.
3614 5362 3660 5419 2.
3683 5357 3749 5412 2i.

2230 5470 2853 5543 22)?Quemadmodum
2894 5470 3037 5526 enim
3077 5468 3165 5540 qui
3212 5468 3317 5526 iter
3368 5465 3525 5531 facit,
3564 5458 3605 5516 Ii
3643 5459 3757 5511 recta

2231 5563 2503 5637 gradiatur
2537 5563 2620 5616 via
2645 5602 2661 5628 ,
2707 5561 2774 5615 ad
2816 5562 2976 5617 linem
3000 5560 3097 5615 via:
3126 5559 3414 5629 pervenit:
3444 5555 3519 5611 sic
3541 5547 3618 5621 qui
3642 5550 3756 5600 rem

2233 5657 2436 5729 profert
2455 5654 2652 5727 judicia
2672 5696 2688 5719 ,
2728 5654 2902 5725 justus
2941 5660 3264 5725 agnoscetur
3302 5660 3359 5709 et
3384 5648 3601 5721 sapiens.
3624 5637 3756 5695 Pan:

2232 5748 2369 5804 bula:
2392 5756 2567 5803 autem
2596 5744 2845 5801 dicuntur
2863 5756 3151 5812 sermones,
3172 5742 3328 5813 quasi
3349 5740 3588 5810 imagines
3606 5735 3756 5784 θαυω
