4090 6216
485 335 606 395 T373

488 454 590 512 τὰς
630 447 801 518 ἀρχὰς
844 445 951 498 τῶν
1007 443 1256 515 πράξεων
1315 443 1700 514 προλέγουσιν,
1736 441 1800 496 ἵν’
1832 441 2057 499 ἕκαστος

491 539 772 608 γινώσκων
819 535 917 598 τὰς
951 535 1124 606 ἀρχὰς
1169 535 1276 588 τῶν
1319 535 1506 589 κακῶν
1545 533 1915 603 φυλάττηται,
1965 531 2060 583 καὶ

489 619 678 688 ῶσπερ
706 616 972 687 σύμϐολον
1000 617 1106 670 τῶν
1135 617 1237 688 τῆς
1263 617 1440 687 ψυχῆς
1478 616 1796 687 κινημάτων
1847 629 2062 686 παραγ-

493 701 791 772 γέλλουσιν,
828 695 916 754 οίά
946 701 1064 752 ἐστι
1096 699 1164 754 τὰ
1194 699 1564 772 προειρημένα
1586 714 1602 730 ⁸
1639 698 1828 763 Μῖσος
1854 697 2063 765 ἐγειζοει

493 784 692 850 νεῖκος
715 822 730 845 ,
762 782 990 848 πάντας
1021 782 1090 835 δὲ
1133 783 1274 848 τοὺς
1299 783 1386 852 μὴ
1432 775 1924 852 φιλονεικοῦντθας
1959 794 2061 831 κα-

492 865 704 921 λύπτει
735 867 924 934 φιλία.
967 865 1026 918 Ὀ
1064 867 1172 936 γὰρ
1214 865 1426 936 φίλερις
1465 865 1578 919 ἀπὸ
1604 863 1794 934 μίσους
1825 861 1935 931 ἔχει
1969 859 2064 930 τὴν

491 947 668 1019 ἀρχὴν
718 947 816 1017 τῆς
865 946 1116 1024 τοιαύῖης
1151 948 1384 1013 κακίας,
1419 949 1513 1002 καὶ
1554 947 1653 1000 οὑκ
1685 945 1750 1000 ἀν
1790 961 1874 1008 τις
1923 943 2064 995 εἴποι

493 1031 715 1101 ἀγαπᾷν
747 1030 838 1085 τὸν
870 1029 1292 1099 φιλονεικοῦντα.
1317 1030 1484 1084 Πάλιν
1513 1029 1569 1083 δὲ
1598 1032 1664 1083 ὲκ
1695 1027 1788 1082 τοῦ
1823 1027 2064 1080 ὲναντίου

495 1117 525 1166 ὁ
549 1113 622 1183 μὴ
648 1112 985 1182 φιλονεικῶν,
1009 1111 1296 1184 γνώρισμα
1323 1114 1540 1184 ἀγάπης
1571 1113 1702 1182 ἔχει.
1737 1112 1844 1163 Καὶ
1871 1111 1971 1162 οὑκ
2003 1107 2067 1161 ἂν

495 1213 581 1259 τις
609 1195 750 1248 εἴποι
775 1193 1074 1264 φιλόνεικον
1096 1197 1185 1248 τὸν
1206 1196 1500 1264 ἀγαπῶντα
1521 1213 1534 1225 ο
1565 1197 1638 1259 ὼς
1668 1194 1827 1247 πάλιν
1857 1193 1938 1254 τὸ,
1969 1193 2070 1245 Ἔν

499 1279 834 1348 ἐπιθυμίαις
877 1278 1008 1332 ἐστὶ
1039 1277 1157 1344 πᾶς
1197 1280 1437 1347 ἀεργός·
1484 1280 1576 1332 καὶ
1621 1277 1738 1344 πᾶς
1771 1276 2068 1344 ὀξύθυμος

501 1361 760 1428 πράσσει
773 1359 922 1428 μετὰ
941 1361 1358 1427 ἁϐουλίας.Τοῦ
1379 1364 1486 1432 γὰρ
1501 1363 1560 1414 ἀε
1569 1361 1697 1432 ργοῦ
1719 1361 1813 1428 ὲσή
1823 1375 1955 1430 μανε
1973 1357 2070 1426 τὴν

501 1443 678 1514 ψυχὴν
697 1444 755 1496 ὲν
776 1443 976 1505 πάσαις
996 1444 1310 1512 ἐπιθυμίαις
1323 1443 1655 1514 βεϐυθίσθαι,
1672 1445 1766 1496 καὶ
1781 1444 1870 1495 τὸν
1889 1441 2074 1507 ὀξύθυ-

509 1543 610 1597 μον
631 1527 900 1596 μηδεμίαν
919 1525 1108 1595 ἔχοντα
1128 1527 1322 1598 βουλὴν
1350 1526 1509 1598 ὀρθὴν
1531 1527 1785 1597 ἐδήλωσε.
1809 1526 1917 1578 Καὶ
1937 1525 2072 1586 ὅλως

506 1602 652 1662 οὗτοι
679 1609 746 1661 τὰ
775 1607 942 1677 ἠθικά
973 1610 1171 1678 μᾶλλον
1199 1609 1622 1677 ἀπαγγέλλουσι,
1655 1611 1754 1680 τὴν
1773 1609 1948 1678 ἀρχὴν
1975 1606 2074 1674 τῆς

509 1689 909 1762 πράξεως,ὄθεν
929 1691 1576 1760 συνίστανται,λέγοντες,
1597 1693 1676 1745 ὅτι
1695 1693 1795 1761 τῆς
1817 1692 1912 1762 μὲν
1933 1689 2076 1757 φιλο-

510 1775 714 1837 νεικίας
734 1777 1051 1845 προηγεῖται
1076 1777 1230 1844 μῖσος
1246 1791 1260 1806 ο
1284 1774 1379 1828 τοῦ
1400 1775 1455 1828 δὲ
1481 1776 1554 1846 μὴ
1573 1775 1892 1844 φιλονεικεῖν
1916 1791 2078 1842 προη-

510 1861 684 1927 γεῖται
704 1858 914 1928 ἀγάπη,
945 1859 1036 1910 καὶ
1066 1858 1167 1928 τῆς
1197 1859 1296 1930 μὲν
1321 1859 1547 1930 ἀεργίας
1571 1859 1888 1928 προηγεῖται
1918 1856 2074 1926 ἡδονὴ

510 1943 654 2012 κακή
673 1960 686 1974 ο
715 1941 806 1994 τοῦ
831 1942 889 1996 δὲ
919 1939 1190 2012 ὀξυθύμου
1219 1946 1538 2012 προηγεῖται
1567 1942 1817 1996 ἀϐουλία·
1855 1944 1948 1994 καὶ
1985 1939 2074 1992 τοῦ

514 2030 614 2099 μὲν
646 2027 1062 2099 ὲξουθενημένου
1095 2029 1235 2099 ἀρχή
1271 2030 1385 2082 ἐστι
1417 2029 1477 2082 τὸ
1509 2030 1865 2098 καταφρονεῖν
1917 2026 2078 2078 αὑτὸν

512 2110 606 2164 τοῦ
644 2111 807 2182 νόμου
831 2125 848 2140 ·
873 2111 971 2180 τῆς
1009 2111 1066 2164 δὲ
1111 2111 1298 2178 ὑγείας
1349 2114 1668 2182 προηγεῖται
1715 2113 1743 2164 ὁ
1775 2108 1938 2178 φόϐος
1985 2105 2078 2160 τοῦ

515 2194 648 2247 Θεοῦ
672 2211 686 2224 ·
725 2195 817 2248 καὶ
843 2193 939 2264 τῆς
971 2195 1072 2264 μὲν
1103 2195 1376 2258 ἀπωλείας
1406 2195 1504 2266 τῆς
1535 2193 1712 2264 ψυχῆς
1750 2196 1896 2246 ἐστιν
1938 2189 2080 2260 ἀρχὴ

512 2278 575 2331 τὸ
612 2277 917 2347 ἀφύλακτον
955 2277 1097 2348 ἔχειν
1125 2277 1185 2331 τὸ
1208 2278 1380 2348 στόμα
1401 2295 1416 2310 ο
1445 2277 1536 2331 τοῦ
1573 2278 1626 2330 δὲ
1661 2275 1934 2330 πτοεῖσθαί
1965 2291 2081 2327 τινα

517 2362 837 2432 προηγεῖται
863 2363 897 2431 η
925 2360 1238 2432 προπέτεια.
1269 2361 1422 2416 Οὑτω
1442 2362 1498 2416 δὲ
1526 2362 1759 2431 ἑκάστην
1784 2361 1940 2432 ῥῆσιν
1961 2361 2084 2410 ἁνα-

516 2443 677 2505 λύων,
702 2444 950 2514 εὑρήσεις
972 2445 1269 2516 εἰρημένην
1288 2445 1380 2498 καὶ
1403 2444 1794 2516 γεγραμμένην
1824 2443 1964 2512 ὑπὲρ
1990 2440 2082 2494 τοῦ

516 2525 641 2588 τοὺς
667 2524 963 2588 ἀκούοντας
997 2527 1092 2578 καὶ
1124 2525 1490 2596 μανθάνοντας
1521 2527 1618 2589 τὰς
1642 2525 1815 2598 ἀρχὰς
1844 2523 1952 2577 τῶν
1986 2539 2085 2576 κα-

521 2607 630 2660 κῶν
667 2609 758 2662 καὶ
779 2608 885 2660 τῶν
920 2609 1159 2676 ἀγαθῶν,
1204 2607 1426 2678 φεύγειν
1461 2611 1559 2680 μὲν
1586 2609 1653 2662 τά
1681 2609 1878 2678 φαῦλα,
1911 2608 2084 2679 πράτ-

519 2707 633 2742 τειν
659 2691 714 2744 δὲ
747 2691 815 2744 τὰ
837 2691 1036 2759 ἀγαθά.
1081 2691 1387 2762 Αἰνίγματα
1409 2692 1466 2746 δὲ
1493 2693 1588 2748 καὶ
1624 2694 1884 2746 σκοτεινοὶ
1915 2692 2085 2760 λόγοι,

521 2773 713 2836 οἵτινες
746 2772 1004 2842 ἀσφαλεῖς
1035 2774 1134 2845 μὲν
1159 2774 1330 2839 οὑτως
1352 2775 1510 2842 είσὶν,
1537 2775 1676 2830 ὥστε
1706 2775 1860 2846 ἀνιᾷν
1885 2775 1974 2828 τὴν
2004 2775 2090 2827 ὲν-

522 2856 855 2928 τυγχάνοντα
881 2857 942 2910 τὸ
977 2858 1140 2930 μηδὲν
1171 2858 1474 2930 ἐμφαίνειν,
1517 2859 1651 2931 μηδέ
1678 2877 1798 2912 τινα
1838 2859 2090 2912 ὑπόνοιαν

525 2939 816 3010 παρέχειν
869 2939 1224 3012 ὲρευνώμενοι
1268 2941 1326 2995 δὲ
1368 2943 1515 3013 ὅμως
1555 2942 1856 2997 δεικνύουσι
1899 2942 1987 2995 τὸν
2036 2943 2092 2993 ἐν

525 3024 707 3086 αὑτοῖς
737 3021 883 3076 νοῦν.
913 3018 1028 3076 Οίοί
1055 3025 1192 3076 εἰσιν
1228 3023 1312 3092 Τῇ
1331 3025 1569 3093 ,ϐδέλλῃ
1584 3025 1752 3094 ,τρεῖς
1779 3025 2093 3094 θυγατέρες

525 3103 706 3176 ἦσαν,
757 3107 1054 3177 ἀγαπήσει
1101 3109 1478 3178 ἀγαπώμεναι
1497 3126 1512 3141 ο
1544 3111 1641 3163 καὶ
1695 3111 1755 3164 αι
1801 3109 1955 3178 τρεῖς
1985 3106 2094 3164 αὗ-

512 3206 618 3242 ρται
645 3199 687 3256 ⁸,
729 3190 828 3244 καὶ
850 3191 888 3258 ἠ
914 3189 1160 3260 τετάρτη
1183 3194 1294 3246 οὐκ
1321 3192 1585 3262 ἠρκέσθη
1607 3192 1816 3257 εἰπεῖν,
1846 3193 2092 3246 Ἱκανόν.

529 3271 735 3340 ᾍδης,
763 3273 860 3326 καὶ
899 3273 1046 3342 ἔρως
1085 3276 1386 3344 γυναικὸς,
1418 3275 1515 3330 καί
1558 3275 1864 3344 τάρταρος,
1893 3275 1992 3329 καὶ
2018 3272 2094 3343 τῆ

510 3357 638 3408 κούκ
665 3355 1078 3425 ἐμπιπλαμένη
1108 3356 1256 3428 [579]
1277 3358 1512 3424 ὕδατος,
1540 3358 1637 3411 καὶ
1667 3357 1824 3424 ὕδωρ
1851 3358 1948 3410 καί
1977 3355 2097 3424 πῦρ

529 3437 602 3489 οὐ
627 3435 713 3504 μὴ
742 3438 1012 3501 εῑπωσιν,
1051 3439 1253 3507 Ἀρκεῖ.
1291 3441 1398 3493 Καὶ
1436 3440 1625 3494 πόιλιν⁹
1659 3439 1794 3507 Τρία
1831 3439 1896 3493 δέ
1931 3440 2100 3492 ἐστιν

510 3517 796 3573 αάδύνατά
821 3536 924 3589 μοι
960 3519 1199 3588 νοῆσαι,
1227 3521 1327 3575 καί
1358 3521 1424 3574 τὸ
1457 3521 1738 3590 τέταρτον
1763 3523 1874 3576 οὐκ
1911 3523 2097 3591 ἐπιγι-

526 3602 742 3656 νώσκω
761 3621 777 3634 ο
811 3604 949 3672 ίχνη
987 3603 1165 3659 ἀετοῦ
1193 3603 1541 3674 πετομένου,
1571 3605 1668 3658 καί
1703 3603 1883 3672 ὀδοὺς
1913 3605 2102 3674 ὄφεως

530 3685 628 3737 ἐπὶ
648 3685 892 3752 πέτρας,
925 3687 1024 3741 καὶ
1050 3688 1286 3756 τρίϐους
1300 3685 1448 3755 νηὸς
1466 3689 1979 3756 ποντοπορούσης.
2004 3688 2102 3742 καὶ

517 3769 714 3834 -όδοίις
739 3769 958 3838 ἀνδρὸς
989 3769 1060 3823 ἐν
1106 3771 1373 3839 νεότητι·
1405 3769 1500 3824 καὶ
1542 3770 1644 3824 ὅσα
1683 3771 1907 3826 τοιαῦτά
1957 3773 2102 3824 ἐστιν

517 3855 829 3926 -αἰνίγματα
853 3873 866 3886 ·
901 3857 1064 3928 ἕτερα
1083 3859 1191 3930 γάρ
1218 3875 1338 3912 τινα
1362 3855 1533 3928 δηλοῖ,
1556 3859 1649 3912 καὶ
1677 3858 1880 3928 ἑτέρων
1899 3857 2104 3911 ἔννοιαν

533 3939 866 4010 παρίστησι·
915 3939 1009 3992 καὶ
1057 3940 1243 4012 ἀσαφῆ
1292 3939 1392 4012 μέν
1435 3942 1571 4004 ἐστι.
1624 3940 2002 4012 κεκρυμμένον
2050 3939 2106 3993 δὲ

529 4021 648 4092 ἔχει
687 4023 776 4076 τὸν
805 4022 952 4076 νοῦν.
996 4025 1102 4078 Kal
1132 4027 1166 4096 ἡ
1202 4025 1302 4096 μὲν
1346 4025 1574 4096 περιοχὴ
1621 4024 1714 4079 τοῦ
1749 4023 1952 4096 βιϐλίου
1998 4024 2106 4078 τῶν

525 4107 850 4176 ἱΙαροιμιῶν
880 4107 1066 4162 τοῦτον
1100 4109 1210 4180 ἔχει
1243 4109 1334 4164 τὸν
1365 4109 1584 4181 τρόπον.

619 4192 682 4244 Ἦ
720 4191 776 4246 δὲ
803 4191 1270 4262 ἀνακεφαλαίωσις
1305 4195 1364 4246 ὲν
1405 4193 1633 4257 τούτοις.
1676 4193 1764 4246 Ἐν
1805 4191 2106 4264 προοιμίοις

537 4281 665 4351 περὶ
684 4279 862 4333 αὑτῶν
882 4281 987 4333 τῶν
1011 4280 1316 4352 παροιμιῶν
1338 4280 1724 4350 Σολομῶντος
1744 4279 1878 4334 υἱοῦ
1903 4278 2106 4342 Δαυὶδ,

537 4367 606 4433 ὃς
623 4368 1066 4423 ἐϐασίλευσεὲν
1090 4369 1506 4439 Ἰερουσαλὴμ,
1529 4367 1634 4422 τοῦ
1649 4367 1868 4439 γνῶναι
1885 4368 2111 4437 σοφίαν

538 4455 635 4507 καί
664 4455 955 4508 παιδείαν.
976 4456 1084 4508 Kal
1110 4457 1190 4509 ὅτι
1219 4456 1399 4526 Ἀρχὴ
1425 4456 1645 4526 σοφίας
1662 4455 1846 4525 φόϐος
1866 4455 2105 4523 Κυρίου.

541 4541 676 4610 Περὶ
705 4541 798 4594 τοῦ
829 4541 1047 4595 ἀκούειν
1076 4542 1274 4612 νόμους
1309 4542 1532 4613 πατρὸς,
1563 4543 1657 4596 καὶ
1685 4543 1760 4614 μὴ
1789 4539 2109 4597 ἀπώσασθαι

539 4627 772 4700 θεσμοὺς
803 4628 1026 4700 μητρός.
1057 4630 1194 4698 Περὶ
1212 4627 1306 4681 τοῦ
1335 4629 1408 4700 μὴ
1433 4627 1788 4699 πλανηθῆναι,
1812 4628 1947 4702 μηδὲ
1975 4645 2113 4699 συμ-

538 4715 865 4788 πορεύεσθαι
907 4715 1062 4780 όδοὺς
1111 4715 1248 4786 μετά
1296 4715 1405 4768 τῶν
1458 4713 1850 4769 συντελούντων
1898 4714 2108 4786 ἄνομα·

538 4805 714 4858 κοινὸν
745 4805 854 4876 γὰρ
892 4803 1171 4876 βαλάντιον
1215 4803 1528 4874 κέκτηνται.
1565 4802 1688 4856 Ὅτι
1718 4801 1879 4873 σοφία
1912 4804 1971 4856 ὲν
1993 4801 2112 4868 ὲξόο

537 4883 646 4954 θοις
673 4893 942 4962 ὑμνεῖται,
977 4891 1194 4956 ἀσεϐεῖς
1221 4890 1277 4944 δὲ
1307 4891 1573 4962 ἐμίσησαν
1595 4889 1867 4962 αἴσθησιν.
1895 4891 2113 4962 Ἐπειδὴ

540 4978 787 5042 ἐκάλουν,
835 4979 928 5032 καὶ⁵
977 4980 1074 5050 οὑχ
1110 4978 1425 5049 ὑπήκουσαν
1468 4995 1591 5049 μου,
1637 4976 1726 5032 διὰ
1761 4976 1941 5040 τοῦτο.
1985 4977 2114 5032 ὃταν

541 5065 874 5118 καλέσωνταί
913 5084 1001 5136 με,
1031 5067 1128 5138 οὑχ
1162 5067 1540 5138 ὑπακούσομαι
1584 5063 1782 5120 αὐτῶν.
1815 5066 1950 5136 Περὶ
1993 5063 2112 5131 τού,

540 5153 729 5220 Δέχου
754 5152 968 5220 ῥήσεις
998 5152 1282 5219 ἐντολῶν,
1315 5153 1411 5208 καὶ
1444 5153 1862 5207 είσακούσεται
1895 5152 2117 5222 σοφίας

540 5239 605 5292 τὸ
626 5233 734 5304 οὖς
749 5254 884 5302 σου,
901 5239 1000 5292 ἵνα
1015 5241 1298 5308 συνήσῃς
1307 5239 1698 5308 δικαιοσύνην
1717 5240 1815 5294 καὶ
1829 5239 2023 5310 κρίμα.
2041 5234 2117 5294 Ὦ

541 5327 595 5379 οἱ
617 5326 1045 5390 καταλιπόντες
1077 5326 1255 5392 όδοὺς
1279 5328 1533 5393 εὐθείας,
1563 5326 1661 5382 καί
1691 5328 2002 5396 χαίροντες
2018 5327 2118 5381 ἐπί

541 5411 877 5482 διαστροφῇ
905 5411 1080 5480 κακῇ.
1105 5413 1238 5484 Περὶ
1255 5413 1368 5474 τοῦ,
1387 5413 1478 5478 Mai
1499 5429 1572 5468 σε
1592 5415 1898 5483 καταλάϐῃ
1911 5415 2116 5482 ,ϐουλὴ
2169 5475 2171 5477 ,

543 5501 721 5569 κακὴ,
746 5502 846 5556 ἵνα
871 5500 1052 5570 εὕρῃς
1081 5501 1314 5570 τρίϐους
1342 5500 1732 5570 δικαιοσύνης
1769 5501 1956 5568 λείας.
1985 5501 2118 5572 Περὶ

616 5783 636 5807 υ
653 5775 838 5840 Supple
865 5790 892 5824 ιε
921 5774 1042 5825 Bibl.
1068 5774 1154 5824 οὐκ
1181 5773 1528 5836 ἐνεπίμπλασαν
1549 5773 1712 5831 αὑτήν.

1175 327 1231 383 S.
1273 325 1556 383 JOANNIS
1594 323 2088 384 οιιιιγεοετουι
2127 322 2216 375 ΑΒ
2268 320 2439 376 IIIEP.
2482 317 3030 375 CONSTANTIXOP.

3635 309 3752 366 ὅτι

2168 437 2260 489 τοῦ
2294 438 2366 508 μὴ
2391 432 2840 489 ἐπιλανθάνεσθαί
2863 448 2922 483 σε
2951 429 3178 500 τήρησιν
3209 425 3395 496 νόμου,
3423 424 3509 478 ἵνα
3538 442 3755 494 μακρο-

2169 507 2372 596 6ιώσῃς
2415 523 2473 574 ὲν
2507 523 2714 591 εἰρήνῃ.
2762 517 2898 588 Περὶ
2938 515 3031 568 τοῦ
3080 509 3218 568 εἷναί
3258 529 3316 566 σε
3351 509 3648 564 πεποιθότα
3695 507 3752 558 ἑο

2169 611 2263 682 ὅλῃ
2297 609 2490 681 καρδία
2519 610 2609 660 ἐπὶ
2629 605 2768 676 Θεῷ,
2791 606 2884 658 καὶ
2907 605 2981 674 μὴ
3006 599 3144 656 εἶναι
3171 601 3433 672 φρόνιμον
3458 601 3590 668 παρ’
3618 597 3755 650 ἑαυ-

2171 699 2267 769 τῷ,
2298 697 2433 751 ἀλλά
2467 697 2633 766 τιμᾷν
2659 695 2750 746 τὸν
2777 692 2979 763 Κύριον
3009 691 3116 745 ἀπὸ
3148 689 3254 742 τῶν
3291 686 3514 742 δικαίων
3545 686 3752 739 πόνων.

2173 785 2308 857 Περὶ
2339 785 2432 838 τοῦ
2483 783 2559 853 μὴ
2602 782 2885 851 ὀλιγωρεῖν
2914 777 3163 840 παιδείας
3206 774 3408 846 Κυρίου
3431 791 3446 808 ο
3486 775 3596 828 ’ον
3638 776 3758 842 γὰρ

2172 870 2371 943 ἀγαπᾷ
2393 872 2625 938 Κύριος,
2655 867 2939 921 παιδεύει.
2971 865 3104 930 Kal,
3126 861 3426 931 Μακάριος
3439 859 3758 928 ἄνθρωπος

2174 963 2242 1029 ὃς
2273 962 2419 1030 εὕρῃ
2471 959 2714 1029 σοφίαν.
2754 956 2890 1028 Περὶ
2934 953 3028 1008 τοῦ
3080 953 3155 1026 μὴ
3200 948 3616 1023 παραρρύεσθαί
3661 965 3755 1011 σε,

2174 1049 2310 1104 ἀλλά
2349 1050 2534 1120 τηρεῖν
2579 1043 2770 1116 βουλὴν
2809 1043 2905 1096 καὶ
2941 1041 3166 1103 ἔννοιαν,
3199 1039 3288 1093 ἶνα
3313 1038 3468 1090 ἔσται
3509 1035 3655 1100 ἴασις
3682 1039 3758 1106 τῇ

2178 1137 2339 1206 σαρκί
2379 1153 2494 1188 σου.
2523 1131 2660 1204 Περὶ
2682 1129 2776 1184 τοῦ
2811 1129 2886 1200 μὴ
2924 1125 3257 1198 ἀποσχέσθαι
3288 1122 3347 1180 εὖ
3372 1126 3548 1178 ποιεῖν
3571 1123 3757 1191 ἐνδεῆ,

2176 1225 2336 1295 ἡνίκα
2368 1221 2434 1276 ἂν
2466 1221 2562 1290 ἔχῃ
2599 1221 2631 1288 ἡ
2674 1217 2795 1287 χείρ
2825 1233 2918 1269 σου
2947 1213 3180 1284 βοηθεῖν.
3212 1211 3344 1275 Kal,
3381 1213 3474 1282 Μὴ
3503 1211 3758 1264 τέκταινε

2179 1313 2271 1366 ἐπὶ
2297 1311 2374 1380 σῷ
2395 1309 2530 1378 φίλῳ
2551 1307 2714 1370 κακά,
2736 1307 2818 1359 ὅτι
2843 1303 3147 1373 ἀκάθαρτος
3167 1301 3395 1358 ὲνὼπιον
3413 1299 3616 1370 Κυρίου
3643 1299 3760 1360 πᾶς

2180 1399 2513 1471 παράνομος.
2545 1395 2689 1457 Ὅτι,
2723 1392 2938 1460 Κύριος
2971 1387 3373 1459 ὑπερηφάνοις
3401 1384 3760 1463 ἀντιτάσσε-

2179 1469 2295 1550 ται,
2325 1481 2626 1548 ταπεινοῖς
2653 1481 2721 1535 δὲ
2746 1479 3106 1550 μεταδίδωσι
3133 1476 3328 1546 χάριν.
3361 1474 3471 1528 Kal
3505 1470 3633 1542 περὶ
3658 1469 3760 1522 τοῦ

2183 1573 2399 1630 ἀκούειν
2429 1571 2672 1633 παιδείας
2699 1567 2922 1639 πατρός.
2955 1565 3088 1636 Περὶ
3126 1561 3242 1629 τοῦ,
3274 1560 3387 1624 Υἱὲ,
3423 1558 3538 1629 ἐμῇ
3571 1555 3762 1627 ῥήσει

2183 1663 2464 1732 πρόσεχε,
2499 1657 2599 1712 καὶ
2647 1656 2814 1724 πάσῃ
2844 1651 3090 1723 φυλακῇ
3128 1649 3290 1719 τήρει
3327 1647 3453 1718 σὴν
3481 1645 3760 1732 καρδίαν,

2184 1729 2278 1804 καὶ
2305 1747 2508 1818 Κύριος
2545 1742 2710 1815 ὀρθὰς
2739 1743 2951 1812 ποιήσει
2981 1739 3076 1802 τὰς
3113 1736 3336 1807 τροχιὰς
3359 1753 3473 1789 σου.
3495 1732 3634 1802 Περὶ
3658 1729 3764 1784 τοῦ

2187 1837 2262 1908 μὴ
2299 1833 2583 1904 προσέχειν
2627 1829 2804 1900 φαύλῃ
2850 1826 3099 1895 γυναικί·
3134 1823 3331 1888 Ὁδοὺς
3368 1823 3478 1890 γάρ
3504 1818 3648 1908 ζωῆς
3683 1819 3764 1872 οὐ

2180 1905 2544 1994 μετέρχεται.
2561 1917 2798 1988 μακρὰν
2825 1914 3084 1982 ποίησον
3109 1913 3212 1967 ἀπ’
3237 1910 3430 1978 αὐτῆς
3457 1905 3753 1994 σύνοδον.

2189 2011 2321 2082 Περὶ
2341 2007 2456 2071 τοῦ,
2501 2005 2642 2060 Πῖνε
2679 2003 2867 2057 ὕδατα
2905 2001 3021 2055 ἀπὸ
3062 1998 3190 2054 σῶν
3228 1997 3484 2067 ἀγγείων
3507 2011 3525 2026 ·
3563 1993 3661 2046 καὶ
3697 1993 3770 2045 Ἠ

2188 2078 2348 2167 πηγὴ
2385 2093 2490 2149 τοῦ
2524 2091 2742 2156 ὕδατός
2773 2097 2887 2143 σου
2909 2088 3065 2142 ἔστω
3085 2102 3181 2140 σοι
3209 2083 3400 2152 ἡδεῖα.
3435 2078 3768 2149 Ἒντὰρτῆ

2189 2185 2407 2250 ταύτης
2429 2180 2611 2250 σοφίᾳ
2632 2175 3235 2248 συμπεριφερόμενος,
3257 2167 3602 2234 πολλοστὸς
3619 2167 3767 2235 ἔσῃ.

2193 2275 2305 2328 Ἵοι
2357 2269 2507 2338 πρὸς
2555 2267 2662 2320 τὸν
2705 2265 3004 2334 μύρμηκα,
3059 2257 3107 2316 ὦ
3153 2257 3371 2326 ὀκνηρὲ
3409 2255 3616 2320 νεανία,
3663 2253 3774 2307 καὶ

2193 2360 2361 2431 γίνου
2400 2353 2770 2426 σοφώτεροςο
2810 2349 2898 2404 ὅτι
2928 2349 3170 2415 πολλὴν
3199 2346 3268 2399 ἐν
3296 2341 3376 2409 τῷ
3405 2341 3612 2412 ἀμητῷ
3643 2357 3778 2431 ποι-

2191 2426 2338 2502 εῖται
2369 2443 2483 2511 τὴν
2515 2439 2859 2509 παράχυσιν
2881 2436 2931 2489 b.
2969 2435 3105 2506 Περὶ
3139 2432 3230 2486 τοῦ
3271 2431 3588 2502 πορεύοντος
3629 2426 3779 2498 «pb;

2193 2533 2289 2606 τὴν
2323 2533 2604 2604 μέλισσαν,
2625 2527 2732 2584 Καὶ
2755 2526 2908 2597 μάθε
2937 2525 3016 2592 ὡς
3037 2521 3272 2592 ἐργάτις
3297 2521 3449 2574 ἐστι.
3484 2519 3621 2606 Περὶ
3648 2515 3775 2606 τοῦ.

2199 2605 2350 2688 ’Ἕως
2365 2621 2528 2683 πότε,
2549 2614 2790 2684 ὀκνηρέ,
2815 2611 3191 2670 κατάκεισαι;
3213 2606 3422 2675 Ὀλίγον
3440 2606 3537 2677 μὲν
3556 2605 3776 2666 ὑπνοῖς,

2197 2707 2375 2775 ὀλίγον
2425 2704 2483 2758 δὲ
2529 2701 2786 2770 κάθησαι.
2833 2697 2931 2752 Διά
2974 2697 3132 2750 τοῦτο
3181 2692 3440 2763 ἐξαπίνης
3487 2690 3704 2762 ἔρχεται
3738 2691 3780 2760 ἠ

2199 2791 2446 2848 ἀπώλειά
2485 2807 2598 2845 σου.
2650 2787 2787 2857 Περὶ
2831 2783 3076 2853 φυλακῆς
3131 2781 3310 2851 νόμων
3360 2776 3597 2850 πατρός’
3648 2776 3780 2830 Ὅτι

2199 2881 2428 2949 λύχνος
2453 2874 2716 2932 ἐντολῶν
2735 2873 2834 2928 καὶ
2851 2871 2977 2941 φῶς
2999 2869 3129 2923 ἐστι
3157 2866 3254 2922 καί
3277 2864 3428 2934 ζωῆς
3449 2864 3608 2930 όδός.
3635 2863 3781 2933 Περὶ

2201 2969 2316 3033 τοῦ,
2370 2964 2673 3022 Ἀποθέσει
2704 2972 2728 3001 α
2761 2979 2851 3026 τις
2879 2958 2999 3026 πῦρ
3031 2958 3102 3011 ἐν
3121 2957 3348 3020 κόλπῳ,
3386 2953 3459 3008 τὰ
3486 2952 3554 3006 δὲ
3578 2951 3783 3022 Ιμάτια

2203 3055 2388 3114 αὐτοῦ
2416 3055 2487 3108 οὐ
2521 3049 2917 3109 κατακαύσας
2949 3048 2986 3113 ἢ
3014 3041 3399 3113 περιπατήσει
3432 3040 3524 3094 ἐπ’
3560 3037 3782 3107 ἀνθρά-

2203 3161 2326 3199 κων
2357 3139 2566 3208 πυρὸς,
2593 3137 2736 3203 τοὺς
2763 3134 2831 3188 δὲ
2857 3133 3048 3198 πόδας
3075 3134 3148 3186 οὐ
3178 3128 3539 3186 κατακαύσει
3561 3122 3781 3190 οὗτος-ξ

2216 3233 2270 3284 '0
2332 3226 2622 3282 εἰσελθὼν
2669 3221 2817 3296 [580]
2869 3223 2958 3287 είς
3007 3217 3263 3286 γυναῖκα
3313 3214 3620 3283 ὕπανδρον
3663 3215 3786 3266 οὐκ

2205 3317 2637 3383 ἀθωωθήσεται.
2679 3309 2812 3381 Περὶ
2841 3307 2960 3369 τοῦ.
2990 3309 3072 3361 Οὐ
3119 3303 3466 3375 θαυμαστὸν
3499 3302 3609 3356 ἐὰν
3649 3298 3788 3354 κλέ-

2207 3421 2371 3460 πτων
2411 3401 2538 3468 άλῷ
2579 3417 2664 3466 τις
2689 3414 2703 3429 ·
2735 3397 2979 3452 κλέπτει
3034 3394 3144 3465 γὰρ
3173 3393 3276 3447 ἵνα
3329 3388 3614 3462 ἐμπλήσῃ
3665 3387 3789 3455 τὴν

2208 3489 2420 3560 ψυχὴν
2451 3485 2636 3542 αὐτοῦ
2673 3482 3006 3538 πεινῶσαν·
3043 3484 3076 3536 ό
3103 3479 3172 3534 δὲ
3203 3477 3418 3549 μοιχός
3448 3477 3522 3530 δι’
3544 3475 3790 3531 ἔνδειαν

2210 3575 2442 3648 φρενῶν
2467 3571 2684 3630 ἀπολεῖ
2709 3571 2824 3638 τὴν
2849 3567 3064 3639 ψυχὴν
3095 3565 3302 3622 αὑτοῦ.
3331 3565 3466 3636 Περὶ
3493 3561 3610 3624 τοῦ,
3641 3562 3789 3629 Τίμα

2163 3671 2176 3679 ³
2209 3665 2315 3719 τίν
2347 3663 2512 3722 Θεὸν,
2541 3660 2636 3714 καὶ
2671 3659 2963 3728 ἰσχύσεις.
2992 3656 3089 3710 καὶ
3124 3653 3406 3724 φύλασσε
3435 3649 3581 3720 ἐμὰς
3609 3649 3788 3702 ἐντο-

2211 3758 2344 3822 λάς,
2377 3753 2474 3808 καὶ
2525 3753 2860 3822 ἐπίγραψον
2908 3747 3093 3814 αὑτὰς
3138 3745 3235 3800 ἐπὶ
3277 3743 3345 3798 τὸ
3393 3741 3622 3807 πλάτος
3672 3737 3789 3805 τῆς

2215 3841 2460 3912 καρδίας
2485 3853 2622 3902 σου,
2652 3837 2753 3890 ἵνα
2776 3833 3084 3904 τηρήσωσί
3111 3849 3186 3887 σε
3215 3830 3332 3886 ἀπὸ
3361 3827 3650 3898 γυναικὸς
3678 3827 3792 3880 ἀλ-

2213 3931 2458 3998 λοτρίας
2495 3927 2590 3981 καί
2621 3925 2868 3994 πόρνης.
2907 3923 3042 3994 Περὶ
3080 3920 3176 3975 τοῦ
3206 3916 3440 3990 κηρῦξαί
3478 3933 3539 3970 σε
3571 3915 3790 3982 σοφίαν,

2215 4019 2294 4072 ὅτι
2319 4017 2406 4070 ἐπ’
2431 4016 2615 4088 ἄκρων
2635 4014 2742 4068 τῶν
2767 4012 2985 4086 ὑψηλῶν
3012 4013 3180 4074 ἐστιν,
3206 4010 3288 4064 ὅτι
3313 4005 3613 4080 τιμιωτέρα
3637 4002 3793 4056 ἐστὶν

2216 4103 2501 4176 ἀργυρίου.
2542 4102 2636 4156 καὶ
2683 4099 3029 4171 γνησιωτέρα
3064 4097 3205 4169 ὑπὲρ
3244 4095 3465 4168 χρυσίον
3503 4091 3798 4176 δεδοκιμα-

2219 4175 2432 4264 σμένον,
2453 4190 2546 4243 καὶ
2559 4189 2660 4253 ὅτι,
2677 4187 2842 4250 Φόϐος
2864 4185 3068 4256 Κυρίου
3093 4185 3238 4254 μισεῖ
3257 4181 3486 4236 ἀδικίαν.
3511 4177 3648 4250 Περῖ
3669 4175 3794 4240 τοῦ,

2219 4280 2433 4348 Κύριος
2460 4275 2666 4332 ἐκτισέ
2694 4291 2765 4340 με
2791 4273 2990 4342 ἀρχὴν
3013 4270 3169 4326 ὁδῶν
3193 4267 3379 4324 αὑτοῦ
3411 4269 3498 4332 εις
3521 4265 3664 4334 ἔργα
3683 4265 3801 4318 αὑ-

2219 4363 2344 4420 τοῦ.
2389 4363 2522 4434 Περὶ
2570 4359 2687 4424 τοῦ,
2737 4361 2818 4414 ὄτι
2866 4360 2938 4414 Ἡ
2984 4357 3170 4427 σοφία
3216 4355 3565 4424 ᾠκοδόμησε
3604 4349 3800 4420 ἑαυτῆ

2218 4449 2402 4508 οἷκον.
2453 4450 2588 4522 Περὶ
2615 4445 2710 4502 τοῦ
2732 4485 2746 4511 ,
2785 4447 3033 4516 Ἔλεγχε
3073 4447 3304 4514 σοφὸν,
3353 4441 3452 4496 καί
3492 4437 3800 4510 ἀγαπήσει

2219 4558 2312 4596 σε.
2353 4538 2498 4595 Ἐὰν
2523 4536 2717 4608 σοφός
2739 4535 2906 4606 γένῃ,
2935 4533 3168 4600 σεαυτῷ
3189 4534 3327 4602 ἔσῃ,
3362 4531 3459 4585 καί
3482 4530 3607 4595 τοῖς
3636 4531 3800 4595 πλη-

2220 4631 2362 4685 σίον
2379 4643 2496 4684 σου
2515 4643 2528 4657 ·
2561 4627 2671 4681 ἐὰν
2692 4624 2760 4678 δὲ
2781 4624 2967 4692 κακὸς
2985 4621 3239 4692 ἀποϐῇς,
3256 4622 3446 4691 μόνος
3468 4617 3803 4683 ἀντλήσει(-

2221 4718 2292 4773 τά
2319 4716 2492 4772 κακά.
2528 4715 2650 4769 Ὅτι
2691 4715 2844 4785 γυνὴ
2885 4711 3086 4783 ἄφρων
3131 4711 3229 4766 καὶ
3275 4707 3541 4778 θρασεῖα,
3577 4703 3804 4770 ἐνδεὴς

2221 4805 2430 4878 ψωμοῦ
2480 4805 2723 4874 γίνεται.
2763 4802 2946 4857 Πενία
2985 4801 3175 4870 ἄνδρα
3221 4796 3524 4854 ταπεινοῖο
3565 4793 3697 4861 υίὸς
3725 4793 3805 4848 δὲ

2221 4894 2692 4965 πεπαιδευμένος
2723 4893 2914 4962 σοφὸς
2936 4890 3128 4946 ἔσται.
3158 4888 3374 4958 Μνήμη
3407 4885 3642 4940 δικαίου
3665 4883 3804 4954 μετ’

2219 4989 2543 5059 ἐγκωμίων.
2581 4987 2685 5052 Ὃς
2721 4984 3027 5052 πορεύεται
3075 4978 3300 5046 ἁπλῶς,
3343 4977 3654 5048 πορεύεται
3695 4989 3804 5028 πε-

2224 5074 2456 5140 ποιθώς.
2493 5075 2596 5138 Ὃς
2634 5073 2702 5125 ἐκ
2737 5069 2986 5140 χειλέων
3023 5069 3298 5138 προφέρει
3327 5067 3574 5136 σοφίαν,
3595 5061 3807 5132 ῥάϐδῳ

2189 5181 2195 5190 '
2225 5163 2429 5218 τύπτει
2470 5159 2657 5228 ἀνδρα
2687 5156 2992 5226 ἀκάρδιον.
3038 5155 3248 5222 Ὁδοὺς
3289 5152 3438 5222 ζωῆς
3490 5149 3807 5222 φυλάσσει

2225 5247 2494 5302 παιδεία·
2545 5245 2919 5300 καλύπτουσι
2964 5242 3034 5296 δὲ
3084 5243 3305 5313 ἔχθραν
3347 5240 3520 5310 χείλη
3575 5236 3800 5290 δίκαια.

2231 5337 2458 5405 Ἄφρων
2478 5332 2738 5402 πράσσει
2759 5329 2912 5385 κακά
2935 5346 2948 5360 °
2975 5331 3170 5400 στόμα
3194 5329 3263 5382 δὲ
3280 5327 3513 5383 δικαίου
3530 5322 3805 5380 ἀποστά-

2287 5579 2472 5654 ξιλΒὶιιιΣ
2493 5575 2763 5654 παράθεσιν.
2787 5571 2898 5622 llox
2923 5570 3189 5634 legendum
3214 5567 3408 5616 videtur
3437 5558 3668 5628 περὶτοῦ,
3694 5561 3806 5609 Πο-

2230 5635 2798 5769 "“=°“s‘c‘:1§f'"&w§ifé’$&a._
2811 5691 2956 5769 .1392}:
2981 5692 3228 5769 é'fﬁﬁeeg
3264 5687 3592 5769 θενὲερέέσει-
3634 5682 3798 5745 ευντλ

2230 5750 2403 5815 γει-δυσ
2421 5761 2483 5810 28
2505 5750 2824 5820 εερὶιὶεέεχιὶ
2847 5757 2990 5805 aliter
3011 5753 3192 5817 legitur
3213 5750 3264 5801 in
3291 5750 3477 5801 Bibliis.
