3966 6192
310 274 406 328 373

301 403 416 459 quae
444 386 717 441 dicuntur.
755 386 832 441 Ex
868 386 996 456 ipsis
1020 386 1160 441 enim
1188 399 1281 455 per
1313 372 1713 440 similitudinem
1740 380 1882 453 quod

302 480 492 534 dicitur
521 479 857 546 intelligitur.
891 479 965 533 Ita
994 492 1219 548 namque
1247 477 1500 531 Dominus
1522 519 1538 544 ,
1569 484 1627 531 ιιι
1648 477 1721 530 ait
1748 475 1882 529 Mar-

301 583 412 634 cus,
440 567 573 623 dicit
598 586 612 624 :
636 566 734 623 Cui
761 569 1051 622 assimilnbo
1073 583 1279 639 regnum
1320 566 1460 621 Dei?
1487 576 1574 619 aut
1601 582 1702 636 qua
1732 583 1882 636 para~

300 662 410 716 bola
434 661 748 716 adumbrabo
770 661 901 716 illud
922 660 1113 730 (Marc.
1141 661 1194 715 4.
1214 659 1348 731 30)?
1376 668 1558 728 utpote
1579 673 1698 714 cum
1731 673 1880 726 para-

300 753 414 807 bola
435 751 508 806 sit
528 751 597 807 de
620 751 781 806 rebus
812 766 909 821 per
930 751 1324 806 similitudinem
1354 749 1529 805 dictis.
1556 748 1689 804 Cum
1711 748 1880 803 dixis-

297 851 376 897 set
395 841 544 897 enim
577 858 593 896 :
628 840 810 896 Simile
832 851 907 896 est
934 857 1139 912 regnum
1167 839 1281 906 Dci,
1311 839 1506 895 deinde
1528 839 1724 905 intulit,
1756 838 1881 893 Ideo

298 936 347 989 in
370 932 631 1005 parabolis
658 933 836 1005 loquor
861 934 962 988 illis
988 931 1199 1005 (Matth.
1234 933 1318 988 15.
1349 933 1436 987 51.
1464 932 1534 988 55
1559 941 1606 986 et
1636 930 1744 1002 I3).
1775 930 1882 985 llu-

295 1026 524 1097 jusmodi
560 1026 741 1097 itaque
769 1034 897 1081 sunt
924 1025 1191 1096 paraboltn
1224 1042 1237 1080 :
1276 1042 1296 1078 ι
1321 1024 1470 1079 Sicut
1496 1023 1712 1079 emissio
1742 1022 1881 1077 nivis

296 1135 346 1175 ιιι
368 1132 544 1174 messe
569 1119 765 1174 allevat
786 1126 971 1172 aestum
997 1159 1011 1182 ,
1040 1118 1118 1171 sic
1141 1116 1356 1171 nuntius
1384 1114 1552 1171 ﬁdelis
1580 1115 1643 1168 iis
1667 1115 1758 1186 qui
1782 1114 1889 1167 mi-

294 1218 478 1265 serunt
520 1223 647 1264 eum
672 1220 695 1260 ι
731 1206 933 1281 (Prov.
963 1207 1055 1263 25.
1086 1206 1208 1278 13).
1251 1206 1321 1261 Ει
1360 1221 1571 1261 rursum
1606 1222 1619 1258 :
1673 1224 1691 1257 ι
1729 1204 1880 1260 Sicut

294 1303 456 1370 venti,
485 1311 543 1358 et
569 1302 748 1357 nubes
775 1311 828 1357 et
856 1301 1048 1373 pluvia:
1073 1342 1088 1366 ,
1116 1300 1194 1354 sic
1219 1298 1308 1369 qui
1335 1298 1633 1369 gloriantur
1658 1298 1708 1352 in
1738 1297 1881 1351 dono

292 1392 535 1450 mendaci
568 1411 589 1446 ι
623 1391 788 1465 (Ibid.
820 1409 869 1446 υ.
904 1391 1044 1461 Il),
1077 1398 1133 1446 et
1158 1389 1244 1445 bis
1271 1389 1491 1445 similia.
1532 1389 1679 1445 Dicta
1718 1403 1879 1458 porro

291 1486 589 1555 sapientum
633 1492 790 1549 sunt,
840 1498 943 1537 non
987 1481 1315 1551 Sophismata
1346 1479 1630 1535 verborum
1658 1521 1670 1542 ,
1707 1493 1878 1548 neque

290 1591 564 1632 sermones
584 1573 971 1645 probabilitatis
990 1573 1169 1641 specie
1185 1571 1533 1646 decipietites,
1563 1570 1656 1625 sed
1686 1570 1792 1625 veri
1824 1578 1879 1624 et
1912 1600 1913 1603 η

289 1666 558 1722 accurati:
585 1682 691 1721 non
714 1665 863 1736 quasi
888 1663 1130 1735 jussioue
1148 1661 1425 1734 cujusdam
1450 1660 1637 1728 habiti,
1662 1661 1757 1717 sed
1784 1676 1878 1730 per

288 1774 346 1815 se
387 1758 505 1812 noti
530 1798 546 1824 ,
585 1766 641 1812 et
679 1756 831 1827 quasi
875 1756 1156 1812 sententia;
1197 1769 1384 1810 eorum
1426 1753 1637 1825 prolati.
1677 1751 1877 1819 Quales

287 1861 447 1908 sunt:
482 1869 504 1903 ι
528 1850 704 1907 Corde
742 1852 956 1905 lastante
976 1891 992 1917 ,
1017 1848 1174 1903 ﬂoret
1198 1850 1405 1912 vultus;
1437 1861 1559 1902 cum
1599 1855 1778 1901 autem
1820 1845 1873 1900 in

288 1943 499 1999 tristitia
519 1950 624 2008 est,
648 1941 967 2012 deprimitur
987 1959 1007 1994 ι
1040 1938 1220 2011 (Prov.
1250 1940 1335 1995 15.
1363 1939 1483 2008 15).
1516 1940 1581 1993 Et
1611 1957 1630 1989 ι
1662 1937 1767 1992 Cor
1792 1952 1877 1993 re-

289 2046 423 2091 ctum
450 2035 647 2106 quaerit
672 2049 921 2098 sensum;
951 2048 1014 2087 os
1037 2041 1214 2087 autem
1246 2031 1755 2101 indisciplinatnrum
1784 2044 1874 2085 co-

292 2137 504 2197 gnoscet
528 2127 669 2181 mala
697 2144 717 2180 ›
751 2124 892 2198 (Ibid
935 2140 983 2178 v.
1009 2126 1120 2196 14).
1154 2125 1239 2190 Et,
1268 2142 1286 2175 ι
1312 2123 1502 2178 (hlium
1530 2125 1725 2178 excitat
1743 2136 1872 2177 eon-

290 2219 581 2274 tentionem
614 2236 629 2273 :
671 2232 862 2274 omnes
900 2226 1080 2272 autem
1115 2231 1243 2280 eos,
1286 2216 1374 2287 qui
1413 2214 1732 2271 contentiosi
1766 2228 1870 2269 non

282 2320 417 2376 sunt,
444 2312 685 2387 contegit
705 2310 941 2366 amicitia
964 2328 984 2362 ι
1016 2308 1197 2381 (Prov.
1227 2309 1315 2365 10.
1341 2308 1453 2379 12).
1484 2307 1572 2373 Ει,
1607 2327 1627 2360 ι
1654 2307 1752 2375 Qui
1777 2321 1870 2362 ne-

279 2405 478 2474 gotium
505 2404 803 2460 contemnit
816 2411 1192 2468 contemnetur
1210 2402 1279 2457 ab
1300 2402 1446 2472 ipso:
1463 2402 1551 2472 qui
1573 2415 1703 2455 vero
1720 2414 1870 2454 man-

277 2495 456 2550 datum
483 2505 720 2561 veretur,
752 2494 841 2550 ille
864 2509 1026 2550 sanus
1052 2503 1133 2549 est
1154 2512 1172 2546 ι
1205 2491 1357 2565 (Cap.
1383 2490 1603 2563 15.15).
1630 2491 1867 2546 Aliorum

277 2602 512 2658 namque
552 2586 829 2643 hominum
877 2598 1155 2641 sermones
1197 2592 1255 2640 ut
1301 2582 1589 2654 plurimum
1634 2582 1865 2652 ambigui

276 2688 393 2732 sunt
420 2695 435 2731 :
474 2677 803 2747 sapientium
830 2691 980 2743 vero,
1007 2675 1193 2747 quales
1218 2682 1344 2730 sunt
1369 2673 1606 2741 isti,veri
1633 2681 1779 2740 sunt,
1812 2681 1868 2727 et

273 2770 411 2825 omni
439 2785 517 2824 cx
544 2780 695 2840 parte
718 2767 980 2833 accurati,
1010 2767 1083 2822 ita
1109 2775 1167 2821 ut
1193 2765 1411 2821 minime
1440 2765 1571 2836 ipsis
1593 2762 1867 2819 contradi-

273 2872 432 2917 catur.
450 2862 541 2939 jEt
566 2861 658 2917 alii
683 2860 897 2933 quidem
926 2860 1173 2915 homines
1201 2873 1267 2914 ex
1299 2858 1403 2914 line
1428 2859 1607 2928 operis
1631 2873 1745 2913 rem
1770 2856 1864 2912 de-

272 2954 481 3011 clarant
505 2970 522 3022 ;
549 2952 853 3025 cujusmodi
881 2961 965 3009 est
994 2951 1125 3007 illud
1155 2969 1168 3006 :
1203 2950 1422 3020 Iniquus
1445 2964 1535 3006 res
1562 2960 1646 3006 est
1676 2949 1815 3004 mala
1844 2966 1861 3013 ;

269 3057 318 3101 et
343 3046 596 3104 moechus
624 3059 844 3119 pravum
869 3043 996 3116 quid
1025 3052 1128 3111 est,
1154 3042 1295 3114 quod
1319 3042 1491 3098 cuivis
1519 3042 1860 3097 manifestum

266 3148 364 3193 est.
403 3137 701 3207 Sapientes
729 3143 906 3191 autem
943 3135 1150 3190 initium
1180 3148 1404 3206 operum
1440 3134 1737 3204 prtedicunt
1758 3175 1776 3202 ,
1807 3143 1863 3190 et

266 3232 406 3301 quasi
433 3228 692 3303 symbola
716 3228 878 3285 animi
901 3236 1102 3284 motum
1128 3228 1504 3298 praenuntiant,
1526 3236 1586 3282 ut
1612 3229 1859 3299 quisque,

264 3323 451 3393 agnitis
492 3321 758 3377 malorum
790 3319 1066 3391 principiis
1087 3361 1103 3387 ,
1135 3318 1238 3375 sibi
1269 3328 1496 3384 caveat,
1533 3318 1710 3390 qualia
1735 3327 1862 3375 sunt

265 3414 513 3483 superius
549 3411 695 3468 dicta
725 3427 740 3465 :
776 3409 965 3465 Odium
1002 3411 1215 3466 suscitat
1247 3411 1647 3478 contentionem,
1688 3426 1859 3466 omnes

271 3514 458 3571 autem,
488 3503 587 3576 qui
611 3519 713 3561 non
745 3501 1086 3568 contendunt,
1115 3503 1331 3574 contegit
1354 3502 1595 3557 amicitia.
1617 3502 1857 3559 Conten-

270 3598 428 3652 tiosus
453 3596 609 3652 enim
638 3610 703 3650 ex
731 3594 854 3651 odio
879 3595 1096 3651 malitize
1127 3595 1283 3666 hujus
1309 3596 1627 3666 principium
1659 3596 1855 3663 habet,

272 3703 362 3745 nec
386 3689 661 3760 quispiam
682 3687 875 3744 dixerit
893 3688 1282 3744 contentiosum
1311 3700 1370 3742 se
1392 3686 1634 3757 diligere.
1656 3686 1856 3742 Contra

267 3781 347 3850 qui
373 3781 759 3837 contentiosus
788 3794 894 3835 non
919 3787 1039 3845 est,
1066 3778 1370 3835 dilectionis
1395 3778 1645 3834 indicium
1672 3778 1852 3835 habet.

266 3870 370 3928 Nec
397 3864 805 3927 contentiosum
847 3870 1109 3940 quispiam
1140 3870 1334 3925 dixerit
1362 3884 1484 3924 cum
1523 3871 1614 3941 qui
1642 3870 1813 3941 diligit
1837 3886 1875 3936 ,‘

268 3971 321 4016 ut
352 3977 578 4017 rursum
613 3959 834 4015 dicitur:
860 3958 927 4013 In
947 3962 1367 4032 concupiscentiis
1387 3970 1458 4015 est
1483 3964 1647 4016 omnis
1668 3963 1856 4017 otiosus

268 4052 447 4119 (Prov.
472 4053 567 4108 15.
587 4051 642 4121 4)
663 4060 766 4116 ;et,
789 4050 1075 4107 Iracundus
1095 4054 1282 4124 absque
1299 4053 1509 4108 consilio
1539 4054 1643 4126 agit
1672 4053 1853 4127 (Prov.

271 4146 349 4201 ii.
391 4147 454 4200 l7
479 4143 526 4217 ).
570 4142 705 4198 Nam
746 4143 907 4198 otiosi
944 4144 1175 4200 animam
1213 4144 1478 4215 signiﬁcat
1512 4145 1565 4200 in
1607 4144 1855 4202 omnibus

265 4233 721 4305 toueupisceutiis
747 4248 868 4290 esse
895 4234 1193 4290 demersam
1215 4277 1231 4304 ,
1260 4246 1316 4291 et
1351 4235 1663 4291 iracundum
1687 4276 1701 4301 ,
1732 4236 1852 4291 uul-

258 4332 368 4383 lim
417 4337 632 4383 rectum
682 4325 882 4383 habere
934 4329 1213 4385 consilium
1265 4329 1516 4386 ostendit.
1566 4329 1632 4386 lli
1678 4329 1855 4401 itaque

262 4420 418 4484 plane
445 4433 634 4475 mores
656 4418 967 4485 declarant,
995 4430 1049 4477 et
1075 4421 1301 4476 actionis
1330 4422 1646 4492 principium
1669 4464 1684 4489 ,
1713 4421 1856 4478 unde

259 4513 531 4580 crdiatur,
556 4511 685 4567 dum
715 4513 898 4579 aiunt,
929 4508 1112 4569 odium
1155 4514 1466 4584 prmcedere
1494 4516 1639 4571 rixas
1668 4532 1682 4570 :
1715 4516 1856 4570 cari-

150 4636 166 4661 .
258 4614 422 4660 uitem
453 4618 585 4659 esse
611 4603 930 4675 principium
960 4614 1016 4659 et
1043 4619 1259 4660 causam
1284 4646 1298 4667 ,
1328 4621 1431 4677 qua
1463 4606 1697 4662 vitantur
1725 4622 1853 4661 con-

258 4710 291 4749 ιι
310 4696 573 4752 ntiones:
604 4696 719 4753 otio
746 4696 935 4766 praeire
964 4711 1180 4767 pravam
1207 4699 1568 4769 voluptatem;
1598 4699 1856 4755 iracundo

252 4789 455 4856 prmire
482 4787 696 4842 consilii
725 4788 957 4856 inopiam
990 4806 1002 4841 :
1030 4798 1085 4844 et
1109 4805 1321 4845 causam
1343 4805 1509 4860 quare
1531 4790 1651 4860 quis
1675 4790 1855 4860 despi-

252 4880 453 4944 ciatur,
486 4892 614 4933 esse
639 4886 1003 4943 contemptum
1037 4880 1168 4950 legis
1193 4899 1207 4935 :
1235 4880 1375 4949 quod
1404 4880 1688 4935 sanitatem
1716 4897 1857 4952 pra:-

254 4969 412 5025 tedat
437 4970 605 5024 timor
630 4969 759 5025 Dei:
790 4970 913 5024 item
939 4970 1079 5040 quod
1111 4969 1426 5039 principimn
1456 4973 1707 5041 perniciei
1734 4973 1853 5029 aui-

258 5069 359 5108 ira:
386 5055 493 5119 sit,
524 5070 631 5108 non
658 5054 927 5108 custodire
949 5070 1009 5109 os
1040 5069 1232 5119 suum,
1263 5053 1403 5123 quod
1435 5055 1623 5109 terrori
1658 5064 1856 5125 prareat

255 5147 560 5200 temeritas.
590 5146 645 5201 Si
674 5161 741 5200 eo
768 5146 925 5201 modo
954 5145 1162 5216 singula
1187 5143 1329 5200 dicta
1358 5144 1680 5212 cxpcntlcris
1707 5190 1722 5214 ,
1754 5148 1852 5204 de-

257 5239 572 5304 prehendes
596 5254 657 5294 ea
688 5239 810 5294 ideo
839 5255 960 5294 esse
988 5241 1181 5307 scripta
1211 5248 1371 5308 atque
1404 5238 1607 5307 prolata
1635 5281 1648 5304 ,
1680 5248 1736 5294 ut
1764 5243 1851 5310 qui

260 5332 537 5386 :ndieriut
585 5331 848 5386 bonorum
902 5331 1270 5400 malorumque
1321 5330 1578 5400 principia
1629 5331 1803 5387 cdocti
1836 5376 1851 5399 ,

260 5438 422 5492 prava
464 5420 676 5491 fugiant
698 5462 716 5488 ,
758 5421 895 5477 bona
939 5407 1245 5491 operentur.
1279 5420 1582 5493 [Enigmata
1614 5439 1774 5492 porro
1799 5434 1855 5480 et

254 5514 476 5569 obscuri
506 5514 826 5575 sérmones,
856 5513 926 5567 ita
952 5522 1107 5568 caute
1135 5521 1259 5568 sunt
1288 5515 1482 5583 posita,
1515 5526 1573 5569 ut
1612 5531 1734 5570 eum
1762 5519 1852 5588 qui

257 5601 449 5673 legerit
480 5616 724 5660 maerore
753 5601 1007 5668 alliciant,
1035 5602 1175 5671 quod
1204 5604 1333 5659 nihil
1360 5605 1538 5658 statim
1566 5606 1854 5665 mhibeant

258 5697 580 5769 nullumque
609 5708 829 5752 sensum
857 5692 1191 5750 subindiccnt
1223 5713 1232 5750 :
1270 5704 1502 5751 attamen
1532 5697 1656 5754 dum
1690 5716 1845 5756 accu-

1436 267 1757 325 SYNOPSIS
1796 266 2204 324 SCRIPTUIUE
2244 268 2509 325 SACRxE.

3482 286 3583 342 571

1992 390 2108 439 rate
2135 384 2530 454 expenduntur,
2564 401 2713 442 suam
2762 390 3084 446 sententiam
3112 390 3368 449 indicant.
3399 396 3587 463 Qualia

1991 482 2114 529 sunt
2133 491 2147 528 :
2179 493 2198 527 ι
2221 473 2570 549 Sanguisuga:
2585 488 2693 534 tres
2713 490 2869 536 erant
2889 480 3015 537 ﬁlia:
3033 482 3322 542 admodum
3344 485 3578 552 dilectae,

1992 577 2047 623 et
2067 567 2149 623 lue
2175 577 2285 625 tres
2312 579 2366 625 et
2391 580 2576 641 quarta
2608 588 2712 627 non
2738 572 2927 630 dicunt
2950 615 2967 642 ,
2994 574 3137 631 Satis
3157 587 3261 633 est.
3291 578 3538 635 lnl'ernus
3566 621 3582 646 ,

1992 667 2045 713 et
2068 673 2221 715 amor
2249 661 2489 717 mulieris
2520 671 2575 718 et
2601 671 2833 719 tartarus
2856 706 2873 733 ,
2900 673 2957 720 et
2982 675 3120 722 terra
3146 683 3267 739 qua:
3295 683 3402 724 non
3429 679 3579 724 satu-

1990 761 2139 806 ratur
2158 768 2316 823 aqua,
2340 770 2477 826 aqua
2499 764 2553 811 et
2575 756 2713 826 ignis
2728 772 3019 829 numquam
3046 758 3254 828 dicunt,
3281 761 3424 816 Satis
3451 770 3536 817 est
3556 780 3576 814 ι

1991 843 2010 914 (
2038 843 2194 900 Prov.
2225 847 2314 902 50.
2344 849 2425 904 l5.
2458 849 2579 920 16).
2628 851 2695 905 Et
2718 851 2912 907 iterum
2944 872 2956 906 :
2996 871 3017 905 ι
3048 853 3173 908 Tria
3200 864 3327 910 sunt
3351 870 3469 925 qua:
3496 855 3587 909 in-

1989 935 2204 991 tellectu
2233 938 2363 992 mihi
2401 951 2524 994 sunt
2561 940 2912 1011 impossibilia
2935 983 2951 1009 ,
2984 954 3040 999 et
3070 953 3318 1015 quartum
3350 959 3455 1000 non
3484 960 3579 999 co-

1985 1040 2185 1097 gnosco
2215 1046 2229 1082 :
2258 1029 2482 1100 vestigia
2528 1033 2718 1101 aquilae
2755 1032 2984 1089 volantis
3008 1075 3022 1100 ,
3069 1043 3125 1092 et
3160 1036 3271 1092 vias
3311 1037 3579 1107 serpentis

1986 1128 2147 1186 supra
2171 1126 2379 1186 petram
2407 1158 2424 1183 ,
2465 1130 2519 1174 et
2547 1121 2659 1175 vias
2694 1123 2842 1179 navis
2871 1126 2925 1178 in
2958 1125 3091 1178 mari
3126 1127 3301 1181 euntis
3330 1168 3345 1193 ,
3377 1136 3431 1182 et
3460 1127 3580 1182 vias

1985 1206 2085 1262 viri
2115 1207 2168 1261 in
2192 1207 2554 1265 adolescentia
2588 1228 2608 1262 ι
2637 1211 2797 1281 (Ibid.
2820 1230 2866 1268 v.
2895 1215 2978 1271 18.
2998 1215 3127 1287 19);
3153 1225 3210 1271 et
3227 1232 3579 1287 qumcumque

1987 1299 2253 1369 ejusmodi
2287 1308 2411 1356 sunt
2436 1303 2717 1373 aenigmata
2752 1322 2765 1357 :
2799 1305 2902 1360 alia
2947 1321 3178 1376 namque
3215 1308 3393 1364 statim
3434 1308 3579 1363 indi~

1985 1398 2110 1446 cant
2131 1433 2145 1457 ,
2179 1392 2341 1447 aliam
2370 1401 2548 1448 tamen
2578 1396 2899 1451 sententiam
2930 1396 3186 1453 exhibent
3220 1415 3233 1451 :
3262 1406 3318 1452 et
3342 1399 3570 1453 obscura
3623 1387 3631 1394 ’

1983 1481 2197 1552 quidem
2234 1493 2398 1548 sunt,
2436 1486 2807 1541 absconditum
2849 1503 2981 1543 vero
3009 1503 3228 1544 sensum
3256 1488 3476 1546 habent.
3509 1490 3576 1544 Et

1983 1574 2355 1644 compendium
2386 1576 2602 1645 quidem
2640 1578 2758 1632 libri
2784 1576 3212 1635 ‘Proverbiorum
3244 1579 3310 1634 ad
3344 1579 3484 1635 hunc
3512 1594 3575 1635 se

1983 1664 2143 1722 habet
2169 1666 2410 1724 modum.

2063 1756 2454 1829 Recapitulatio
2496 1769 2674 1815 autem
2712 1761 2830 1831 ejus
2860 1761 2942 1816 bis
2987 1762 3480 1832 comprehenditur.
3515 1765 3569 1820 In

1981 1852 2257 1919 procemiis
2277 1851 2449 1922 agitur
2469 1851 2535 1906 de
2556 1853 2685 1922 ipsis
2706 1853 3011 1909 Proverbiis
3031 1853 3323 1909 Salomonis
3346 1856 3440 1923 ﬁlii
3461 1855 3569 1910 Da-

1979 1941 2083 2008 vid,
2112 1941 2196 2009 qui
2221 1942 2445 2013 regnavit
2472 1944 2524 1996 in
2555 1941 2863 2010 Jerusalem,
2892 1945 2958 1997 ad
2982 1944 3238 1997 sciendum
3266 1944 3570 2016 sapientium

1979 2041 2024 2085 et
2053 2031 2378 2104 disciplinam
2403 2033 2555 2105 (Cap.
2578 2034 2797 2103 1.1.2).
2832 2034 2984 2102 Quod
3015 2036 3328 2105 principium
3357 2036 3571 2106 sapiens

1979 2124 2066 2179 tiae
2090 2125 2161 2180 sit
2189 2125 2348 2181 timor
2375 2126 2581 2182 Domini
2606 2126 2765 2198 (Ibid.
2786 2146 2833 2183 v.
2861 2130 2938 2199 7).
2968 2128 3043 2185 De
3067 2128 3345 2184 audiendis
3363 2130 3567 2201 legibus

1978 2217 2164 2285 patris,
2187 2225 2243 2273 et
2269 2217 2335 2274 de
2358 2233 2462 2273 non
2492 2220 2793 2289 respuenda
2814 2220 3094 2291 disciplina
3126 2221 3332 2276 matris.
3364 2221 3436 2276 De
3459 2235 3564 2275 non
3612 2271 3621 2279 .

1974 2308 2224 2377 errando,
2261 2317 2318 2365 et
2350 2310 2490 2382 quod
2523 2326 2627 2366 non
2656 2311 2727 2368 sit
2751 2312 2832 2367 via
2860 2312 3187 2384 capessenda
3225 2327 3345 2367 cum
3381 2313 3445 2368 iis
3473 2314 3563 2383 qui

1974 2411 2266 2471 operantur
2301 2402 2478 2475 iniqua
2512 2422 2527 2460 :
2567 2419 2854 2460 commune
2883 2419 3111 2474 namque
3132 2405 3458 2475 marsupium
3488 2404 3560 2459 illi

1975 2493 2267 2562 possident.
2291 2495 2563 2565 Sapientia
2614 2495 2667 2550 in
2710 2482 2941 2552 exitibus
2970 2496 3261 2567 praedicat;
3292 2497 3437 2567 impii
3467 2512 3559 2551 au-

1975 2593 2080 2638 tem
2116 2583 2344 2640 oderunt
2368 2600 2606 2640 sensum.
2638 2587 2897 2656 Quoniam
2929 2602 3015 2643 me
3043 2597 3288 2650 vocante,
3328 2603 3434 2642 non
3464 2602 3560 2642 au-

1970 2672 2205 2743 dierunt,
2253 2674 2374 2730 ideo
2422 2691 2543 2729 cmn
2592 2678 2864 2732 vocabunt
2910 2692 3019 2742 me,
3066 2693 3173 2732 non
3223 2677 3435 2732 audiam
3464 2693 3559 2732 eos

1971 2763 2133 2835 (Ibid.
2178 2782 2227 2820 v.
2265 2767 2356 2822 21.
2384 2766 2498 2837 28).
2532 2768 2661 2824 llem
2708 2769 2857 2833 illud,
2889 2769 3078 2842 Accipe
3120 2769 3256 2823 dicta
3284 2769 3557 2824 mandato-

1968 2873 2100 2920 rum,
2133 2867 2180 2912 et
2205 2858 2376 2912 audiet
2400 2861 2701 2929 sapientiam
2730 2861 2871 2915 auris
2899 2870 3007 2926 tua,
3035 2871 3090 2915 ut
3127 2862 3380 2932 intelligas
3395 2863 3556 2933 justi-

1966 2948 2086 3002 tiam
2125 2959 2170 3002 et
2184 2950 2434 3021 judicium
2461 2949 2612 3023 (Cap.
2639 2952 2694 3007 ‘2.
2720 2954 2771 3007 1.
2801 2953 2856 3008 2.
2887 2951 2964 3023 9).
2989 2953 3079 3007 Va:
3094 2955 3182 3024 qui
3208 2954 3559 3022 derelinquunt

1966 3040 2071 3093 vias
2110 3050 2293 3107 rectas,
2322 3050 2370 3096 et
2415 3043 2727 3097 delectantur
2767 3046 2819 3097 in
2846 3044 3166 3099 subversione
3210 3045 3346 3098 mala
3389 3043 3552 3114 (Ibid.

1964 3148 2012 3185 v.
2039 3132 2125 3187 15.
2159 3130 2273 3204 14).
2302 3132 2434 3188 lllttd
2463 3135 2646 3202 etiam,
2679 3135 2763 3189 Ne
2799 3146 2847 3189 te
2892 3136 3240 3207 apprehendat
3286 3138 3555 3191 consilium

1965 3226 2174 3289 malum,
2202 3235 2257 3280 ut
2282 3228 2506 3282 invenias
2529 3229 2734 3282 semitas
2755 3229 2971 3298 justititr
2994 3230 3174 3300 planas
3195 3229 3362 3301 (Ibid.
3391 3245 3440 3283 v.
3466 3230 3551 3286 19.

1963 3315 2077 3389 20).
2102 3316 2254 3381 Item,
2284 3318 2363 3373 Ne
2392 3319 2725 3375 obliviscaris
2757 3321 2887 3389 legis
2915 3321 3236 3388 custodiam,
3268 3330 3327 3376 ut
3352 3321 3552 3391 longiu-

1963 3425 2059 3464 vus
2082 3410 2156 3464 sis
2183 3411 2235 3464 in
2281 3426 2431 3481 pace.
2465 3411 2617 3479 Quod
2651 3420 2761 3465 toto
2803 3412 2964 3467 corde
3007 3412 3203 3467 debeas
3234 3414 3284 3466 in
3326 3413 3554 3467 Domino

1962 3501 2254 3568 conﬁdere,
2289 3517 2387 3557 nec
2424 3516 2545 3557 esse
2572 3502 2806 3573 prudens
2835 3504 2886 3557 iu
2921 3506 3227 3575 temetipso,
3255 3503 3348 3559 sed
3381 3503 3551 3559 Itono-

1962 3608 2083 3647 rare
2119 3593 2398 3649 Dominum
2426 3611 2490 3650 ex
2529 3594 2688 3665 justis
2729 3595 3018 3650 laboribus.
3049 3594 3201 3663 Quod
3233 3610 3338 3650 non
3381 3596 3550 3665 negli-

1961 3686 2131 3757 genda
2154 3687 2224 3743 sit
2248 3687 2526 3757 disciplina
2556 3688 2764 3743 Domini
2787 3707 2801 3752 ;
2849 3687 2984 3742 Nam
3011 3706 3153 3759 quem
3177 3688 3342 3759 diligit
3368 3687 3549 3742 Domi-

1962 3794 2055 3831 nus
2085 3781 2297 3849 castigat
2326 3778 2478 3849 (Cup.
2513 3781 2565 3834 3.
2591 3779 2704 3846 12).
2740 3780 2825 3843 Et,
2856 3781 3049 3834 Beatus
3086 3780 3245 3833 homo
3269 3779 3359 3849 qui
3399 3780 3549 3834 inve—

1963 3868 2101 3922 nerit
2145 3868 2482 3936 sapientiam.
2514 3868 2669 3936 Quod
2717 3884 2825 3923 non
2858 3870 3055 3924 debeas
3084 3869 3311 3924 emolliri
3360 3884 3423 3923 ac
3449 3870 3551 3923 dii-

1961 3959 2150 4025 llucre,
2179 3958 2274 4013 sed
2320 3973 2536 4015 servare
2580 3960 2862 4015 consilium
2911 3969 2966 4015 et
3011 3960 3447 4030 intelligentiam;
3497 3972 3554 4016 ut

1960 4050 2029 4104 sit
2073 4049 2277 4105 medela
2302 4049 2450 4105 carni
2482 4058 2607 4105 tute.
2640 4049 2790 4116 Quod
2838 4065 2942 4105 non
2987 4049 3184 4105 debeas
3216 4049 3475 4105 desistere
3520 4068 3549 4104 a

1961 4143 2223 4200 beneﬁcio
2258 4142 2515 4215 indigenti
2554 4142 2880 4213 praestando,
2908 4157 3029 4197 cum
3074 4142 3323 4196 habuerit
3360 4157 3551 4197 manus

1962 4245 2049 4289 tua
2080 4234 2222 4289 unde
2249 4234 2348 4304 ipsi
2383 4248 2541 4303 opem
2567 4232 2723 4299 ferat,
2753 4243 2928 4302 neque
2955 4231 3249 4287 machinari
3293 4231 3431 4286 mala
3457 4231 3553 4285 ad-

1960 4338 2148 4380 versus
2172 4323 2402 4379 amicum
2435 4331 2606 4389 tuum,
2630 4321 2754 4393 quia
2782 4321 3088 4377 immundus
3117 4335 3295 4376 coram
3321 4321 3551 4376 Domino

1960 4414 2134 4468 omnis
2166 4413 2379 4483 iniquus
2423 4414 2545 4467 erit.
2594 4411 2726 4481 Quia
2773 4411 3025 4466 Dominus
3066 4413 3294 4480 superbis
3341 4412 3547 4477 resistit,

1962 4505 2233 4561 humilibus
2253 4515 2417 4564 autem
2439 4505 2527 4558 dat
2551 4506 2767 4576 gratiam
2794 4503 2958 4575 (Ibid.
2977 4520 3024 4557 υ.
3048 4505 3163 4574 51).
3191 4504 3263 4559 De
3288 4503 3548 4558 audienda

1961 4598 2241 4669 disciplina
2272 4597 2459 4668 patris.
2500 4596 2629 4652 ltctn
2658 4595 2813 4663 illud,
2850 4594 2975 4661 Fili,
3000 4596 3145 4649 dictis
3176 4595 3299 4649 meis
3328 4594 3545 4655 attende,

1961 4701 2007 4746 et
2035 4692 2171 4746 omni
2195 4692 2424 4745 custodia
2447 4706 2590 4745 serva
2618 4706 2706 4744 cor
2733 4700 2892 4753 tuum,
2914 4696 2969 4743 ct
2997 4688 3252 4742 Dominus
3280 4695 3453 4741 rectas
3475 4686 3550 4741 fa-

1962 4785 2067 4839 ciet
2108 4783 2310 4839 orbitas
2333 4792 2450 4838 tuas
2484 4782 2635 4854 (Cap.
2664 4783 2718 4838 4.
2744 4782 2834 4836 9.0.
2875 4781 2966 4836 25.
2993 4778 3107 4849 27).
3148 4780 3300 4845 Quod
3327 4794 3435 4833 non
3464 4788 3551 4833 at-

1962 4876 2286 4933 tendendum
2315 4890 2491 4947 pravae
2521 4874 2728 4930 mulieri
2752 4890 2767 4940 ;
2804 4872 2923 4926 Vias
2951 4873 3081 4925 enim
3111 4871 3224 4924 vita:
3248 4886 3347 4924 non
3378 4871 3545 4941 ingre-

1962 4968 2136 5034 ditur;
2164 4967 2225 5021 ab
2251 4968 2361 5037 ejus
2388 4966 2638 5020 consortio
2682 4974 2730 5019 te
2769 4963 2948 5035 procul
2993 4979 3189 5017 remove
3222 4961 3375 5034 (Cap.
3406 4964 3457 5019 5.
3493 4964 3546 5018 6.

1961 5059 2038 5131 8).
2080 5058 2210 5114 Item
2250 5057 2417 5111 illud:
2452 5055 2575 5111 Bibe
2614 5072 2772 5125 aquas
2818 5071 2880 5108 ea:
2924 5056 3054 5109 vasis
3098 5056 3234 5121 tuis;
3277 5064 3366 5117 et,
3412 5055 3550 5109 I’ons

1961 5166 2105 5220 aqua?
2131 5159 2229 5202 tua:
2251 5148 2314 5201 sit
2340 5146 2425 5200 tibi
2470 5145 2636 5199 suavis
2667 5143 2827 5216 (Ibid.
2860 5161 2909 5199 v.
2942 5144 3161 5214 15.18).
3194 5140 3258 5198 1η
3284 5146 3393 5214 ejus
3420 5159 3552 5197 cmm

1961 5241 2210 5311 sapientia
2239 5254 2462 5305 versans,
2495 5237 2729 5290 diuturne
2751 5253 2869 5308 ages
2900 5234 3061 5306 (Ibid.
3087 5252 3136 5290 v.
3169 5237 3280 5305 19).
3321 5234 3460 5289 Vade
3484 5232 3554 5286 all

1962 5332 2247 5404 formicam,
2282 5346 2310 5383 o
2340 5329 2481 5400 piger
2509 5325 2844 5393 adolescens,
2869 5336 2916 5381 et
2945 5337 3050 5382 esto
3092 5327 3409 5397 sapientior:
3433 5324 3554 5391 quia
3595 5362 3597 5366 .

1961 5425 2172 5479 multum
2211 5424 2261 5477 in
2299 5437 2456 5477 messe
2485 5432 2633 5491 parat
2664 5438 2915 5476 acervum.
2952 5421 3026 5477 De
3060 5435 3126 5476 eo
3167 5419 3256 5489 qui
3290 5416 3435 5470 vadit
3481 5418 3548 5470 ad

1961 5531 2139 5586 apem,
2174 5515 2237 5569 Et
2267 5515 2403 5569 disce
2435 5513 2688 5586 quomodo
2727 5514 2985 5586 aperatria:
3030 5512 3094 5565 sit
3118 5510 3269 5580 (Cap.
3299 5509 3351 5563 ﬁ.
3386 5507 3543 5575 6.8).

1964 5608 2095 5665 Illud
2124 5609 2283 5665 etiam
2312 5625 2324 5662 :
2350 5608 2638 5682 Usquequo,
2664 5609 2821 5679 piger,
2842 5606 2986 5676 jaccs
3012 5601 3175 5670 (Ibid.
3208 5616 3254 5654 v.
3285 5599 3383 5668 ων
3414 5600 3549 5654 Ριιιιο

1966 5701 2129 5756 Iulum
2178 5700 2399 5762 dormis,
2448 5699 2715 5770 paululum
2762 5710 2887 5752 vero
2934 5692 3107 5749 sedes.
3154 5690 3281 5747 ldco
3325 5699 3549 5763 repente
