3962 6190
471 281 576 340 375

474 400 654 454 veniet
694 391 959 465 pernicies
1004 396 1093 443 tua
1139 385 1292 460 (Cap.
1323 379 1648 452 6.10.15).
1687 380 1763 435 De
1809 376 2049 434 custodia

477 488 653 556 legunt
704 484 868 555 patris
896 499 911 536 :
945 478 1093 546 Quod
1121 477 1326 531 lucerna
1354 475 1707 529 mandatorum
1749 472 1848 526 sint
1885 479 1931 525 et
1961 470 2052 524 lux

477 587 524 632 et
551 579 632 631 aia
656 577 769 629 uitta
794 575 813 644 (
834 571 968 625 Ibid.
1001 586 1049 624 υ.
1081 569 1207 639 25).
1247 567 1376 621 illud
1416 566 1575 621 etiam
1620 583 1634 619 :
1681 564 1905 633 Deponet
1939 563 2052 629 quis

463 672 642 740 ignem
681 667 734 719 in
776 665 910 729 sinu,
936 664 1224 717 vestimenta
1267 667 1431 712 autem
1477 674 1569 712 sua
1610 672 1714 710 non
1759 655 2054 708 comburat?

478 769 568 815 aut
607 756 881 812 ambulabit
908 771 1059 824 super
1085 752 1324 806 carbones
1352 751 1501 822 ignis,
1533 749 1682 820 pedes
1728 759 1896 802 autem
1934 762 2052 800 suos

476 865 578 904 non
600 847 824 912 incendet
853 845 1014 918 (Ibid.
1044 862 1093 899 ti.
1123 845 1210 899 9.7.
1240 841 1372 913 28)?
1415 841 1513 909 Qui
1546 840 1837 911 ingreditur
1853 838 1916 893 ad
1939 853 2053 892 mu-

476 939 662 994 lierem
696 937 1053 1006 conjugatam,
1081 949 1186 988 non
1217 934 1474 988 innocens
1501 931 1604 986 erit
1645 928 1807 1000 (Ibid.
1841 943 1887 982 υ.
1918 927 1986 982 9.9
2010 927 2050 995 ).

479 1028 633 1091 Item,
666 1026 786 1080 Non
827 1026 1010 1078 mirum
1051 1025 1094 1078 si
1119 1024 1232 1094 quis
1260 1022 1449 1090 furtum
1488 1021 1677 1091 faciens
1704 1017 2052 1088 deprehenda-

477 1127 592 1182 tur;
622 1117 823 1184 furatur
849 1116 982 1170 enim
1003 1123 1055 1167 ut
1075 1115 1282 1183 impleat
1311 1115 1531 1165 animam
1557 1126 1702 1165 suam
1727 1113 2053 1165 esurientem:

476 1211 696 1263 machus
731 1217 898 1261 autem
927 1207 987 1260 ob
1012 1207 1234 1274 inopiam
1263 1205 1440 1259 mentis
1467 1204 1636 1274 perdet
1661 1203 1884 1256 animam
1909 1217 2054 1256 suam

476 1297 642 1368 (Ibid.
663 1314 710 1350 ti.
743 1296 831 1352 ὅθ.
863 1295 976 1363 52).
1003 1296 1154 1360 Item,
1185 1293 1306 1349 Cale
1329 1292 1617 1357 Dominum,
1648 1303 1693 1346 et
1725 1301 1897 1361 potens
1934 1291 2053 1356 eris,

476 1400 524 1447 α
561 1391 758 1445 custodi
793 1389 1034 1442 mandata
1073 1404 1202 1452 mea,
1231 1397 1278 1442 et
1313 1387 1534 1441 describe
1567 1386 1656 1439 illa
1686 1386 1740 1439 in
1785 1383 2055 1438 latitudine

477 1483 644 1538 cordis
671 1482 766 1546 tui,
787 1485 842 1535 'ut
867 1481 1151 1535 custodiant
1173 1487 1222 1533 te
1247 1497 1277 1533 a
1305 1479 1512 1533 muliere
1539 1479 1705 1532 aliena
1733 1486 1778 1530 et
1802 1477 2057 1531 meretrice

479 1572 630 1643 (Cap.
651 1573 706 1625 7.
731 1570 786 1625 2.
808 1572 861 1626 ὅ.
895 1569 972 1641 5).
1002 1570 1153 1638 Quod
1182 1569 1378 1625 debeas
1409 1569 1698 1639 praedicare
1718 1567 2053 1637 sapientiam,

479 1679 598 1734 qua:
624 1663 678 1717 in
709 1663 936 1718 excelsis
960 1661 1247 1715 verticibus
1275 1668 1378 1726 est,
1409 1659 1530 1730 quia
1557 1659 1836 1730 pretiosior
1863 1667 1947 1714 est
1971 1674 2058 1712 ar-

488 1761 672 1824 gento,
702 1763 756 1809 et
803 1752 1112 1822 generosior
1158 1767 1288 1806 auro
1333 1753 1554 1821 probato
1585 1769 1598 1805 :
1632 1760 1686 1805 et
1728 1751 1866 1820 quod
1899 1751 2057 1805 timor

483 1845 691 1901 Domini
739 1843 863 1898 odio
907 1843 1099 1898 habeat
1139 1842 1449 1913 iniustitiam
1504 1840 1653 1912 (Cap.
1685 1842 1738 1897 8.
1773 1843 1822 1895 1.
1863 1841 1917 1893 ‘2.
1965 1842 2052 1895 11.

482 1937 596 2005 15).
629 1934 763 1990 Illud
804 1935 952 1995 item,
996 1932 1244 1988 Dominus
1273 1933 1455 1986 creauit
1497 1948 1575 1985 me
1619 1932 1816 1984 initium
1861 1933 2056 1984 uiarum

481 2032 688 2080 suarum
712 2027 764 2080 in
787 2042 942 2095 opera
960 2042 1054 2079 sua
1073 2025 1233 2096 (Ibid.
1255 2042 1302 2078 υ.
1321 2024 1437 2092 22).
1458 2024 1587 2078 Item
1613 2024 1770 2077 illud:
1793 2023 2059 2094 Sapientia

481 2116 748 2185 wdiﬁcavit
769 2117 863 2170 sibi
879 2116 1081 2169 domum
1101 2113 1246 2186 (Cap.
1265 2116 1316 2170 9.
1336 2115 1410 2184 1).
1431 2115 1578 2180 Item,
1599 2115 1765 2185 Argue
1785 2116 2058 2182 sapientem

481 2217 527 2261 et
546 2217 591 2260 te
612 2207 802 2277 diliget.
825 2206 885 2260 Si
904 2207 1102 2274 sapiens
1129 2206 1303 2274 fueris,
1319 2205 1604 2274 tibimetipsi
1627 2205 1724 2258 eris
1750 2214 1795 2257 et
1818 2205 2058 2272 proximis

486 2297 618 2362 tuis;
647 2297 690 2350 si
731 2307 896 2349 autem
939 2295 1198 2364 improbus
1240 2295 1469 2360 evaseris,
1492 2294 1632 2348 solus
1673 2293 1873 2346 hauries
1902 2294 2053 2346 mala.

482 2385 669 2441 Mulier
705 2387 859 2442 stulta
897 2395 943 2440 et
973 2385 1144 2439 nudae:
1181 2385 1288 2438 cibo
1331 2385 1567 2455 indigebit
1621 2382 1855 2454 (Ibid.u.
1884 2384 1935 2438 8.
1971 2383 2054 2437 12.

485 2478 596 2547 13).
637 2477 918 2550 Paupertas
949 2479 1107 2531 virum
1125 2477 1355 2530 Imniiliat
1383 2492 1400 2530 :
1431 2477 1567 2544 ﬁlius
1590 2484 1753 2528 autem
1781 2475 2060 2546 disciplinis

484 2569 727 2624 educatus
749 2570 949 2640 sapiens
977 2571 1088 2624 erit.
1117 2568 1364 2622 Memoria
1376 2567 1506 2637 justi
1533 2583 1648 2619 cum
1674 2566 1924 2621 laudibus.
1961 2567 2061 2633 Qui

483 2662 708 2716 ambulat
739 2663 1052 2731 simpliciter,
1075 2661 1297 2714 ambulat
1323 2659 1648 2722 conﬁdenter.
1676 2657 1774 2724 Qui
1813 2675 1874 2712 ea:
1917 2658 2059 2715 labiis

484 2755 677 2823 profert
711 2755 1032 2823 sapientiam,
1059 2755 1200 2824 uirga
1238 2754 1447 2822 percutit
1483 2753 1645 2807 uirum
1670 2753 1821 2806 corde
1849 2753 2058 2806 destitu-

483 2853 609 2897 tum.
645 2841 765 2897 Vias
801 2844 914 2898 uitta
957 2845 1174 2898 custodit
1202 2844 1506 2914 disciplina;
1535 2852 1704 2914 tegunt
1755 2852 1919 2898 autem
1956 2843 2058 2897 ini-

482 2937 726 2992 misiliam
750 2938 885 2992 labia
915 2939 1078 3007 justo.
1108 2937 1311 2994 Stultus
1357 2947 1609 3008 perpetrat
1655 2938 1826 3001 mala;
1873 2952 1929 2990 os
1969 2952 2061 2990 au-

485 3039 584 3086 tem
614 3030 745 3102 justi
781 3031 935 3084 stillat
978 3031 1275 3101 sapientiam
1313 3029 1463 3101 (Cap.
1489 3029 1576 3085 10.
1608 3031 1661 3085 4.
1691 3030 1744 3084 7.
1767 3029 1819 3085 9.
1855 3029 2057 3084 10.15.

485 3122 576 3177 17.
620 3122 711 3178 18.
761 3121 852 3184 23.
881 3121 992 3192 51).
1024 3120 1220 3176 Contra
1273 3120 1614 3185 idololatras,
1656 3121 1744 3190 qui
1791 3135 1856 3175 ex
1905 3133 2056 3184 auro,

487 3220 543 3269 et
569 3222 810 3284 argento,
843 3222 934 3267 aut
981 3213 1242 3283 lapidibus
1293 3220 1386 3267 aut
1432 3213 1609 3283 lignis,
1657 3211 1794 3266 idola
1841 3211 2058 3265 faciunt.

485 3302 638 3369 Quod
672 3319 771 3374 per
801 3303 1000 3376 lignum
1028 3303 1171 3358 salus
1199 3304 1269 3358 sit
1295 3302 1654 3358 credentibus.
1672 3300 1822 3356 Circa
1852 3316 1945 3355 eos
1970 3303 2058 3370 qui

487 3392 628 3448 idola
655 3394 907 3460 conﬂant,
937 3403 992 3448 et
1011 3409 1130 3448 eum
1159 3393 1247 3464 qui
1274 3393 1413 3447 idola
1440 3392 1624 3462 pingit.
1663 3392 1736 3446 De
1762 3391 1916 3446 malis
1940 3405 2056 3444 om-

490 3482 648 3538 nibus
689 3496 784 3552 per
835 3483 1188 3538 idololatriam
1233 3483 1415 3552 partis.
1467 3483 1541 3536 De
1586 3482 1748 3550 impio
1798 3481 1962 3544 cultu,
2007 3490 2062 3536 et

491 3585 685 3644 quanta
718 3575 768 3629 in
796 3589 862 3629 eo
883 3576 1042 3629 mala.
1073 3575 1145 3630 De
1169 3574 1350 3645 figulo,
1379 3581 1434 3628 et
1455 3571 1522 3628 de
1552 3572 1706 3626 idolis
1737 3571 1951 3643 figlinis.
1985 3571 2059 3628 De

435 3663 444 3672 '
494 3663 651 3720 idolis
691 3664 939 3719 omnibus
975 3679 1094 3733 quae
1136 3663 1417 3718 coluerunt
1436 3663 1684 3732 gentiles.
1715 3662 1790 3717 De
1826 3662 2061 3717 infestis-

490 3755 642 3810 simis
681 3755 1016 3821 animalibus,
1047 3755 1398 3825 serpentibus,
1431 3753 1641 3817 felibus,
1682 3762 1738 3808 et
1780 3752 2058 3808 similibus.

495 3847 646 3914 Quod
686 3846 824 3901 Deus
850 3845 1119 3902 beneficus
1150 3845 1328 3901 Israeli
1375 3859 1469 3913 pro
1507 3845 1650 3899 ranis
1681 3843 1779 3913 ipsi
1823 3845 2061 3900 coturni-

492 3952 607 3992 cem
633 3936 857 3992 dederit.

849 4071 1036 4134 Multa,
1066 4080 1120 4125 ut
1160 4082 1300 4139 puto,
1343 4071 1710 4125 desiderantur.

1049 4240 1282 4281 SYNOPSIS
1319 4239 1508 4279 SIRACI.

562 4385 641 4440 De
668 4384 859 4439 timore
883 4383 998 4449 Dei,
1019 4383 1158 4453 quod
1189 4383 1343 4437 irasci
1372 4398 1474 4437 non
1500 4391 1764 4452 oporteat,
1784 4384 1923 4452 quod
1952 4385 2065 4440 sine

496 4476 764 4546 hypocrisi
793 4476 1150 4530 accedendum
1175 4477 1243 4531 sit
1269 4477 1335 4530 ad
1365 4478 1563 4532 Deum:
1592 4476 1658 4531 de
1690 4477 2066 4531 tentationibus

495 4574 549 4621 et
577 4565 644 4620 de
671 4564 960 4634 patientia:
993 4565 1058 4618 de
1095 4566 1399 4633 parentibus
1435 4565 1776 4630 honorandis,
1811 4565 1878 4620 de
1903 4567 2066 4636 tequi-

493 4663 601 4712 tatc
621 4673 634 4709 :
657 4655 796 4726 quod
819 4670 923 4710 non
951 4663 1192 4725 oporteat
1213 4671 1452 4726 quaerere
1477 4655 1816 4725 profundiora
1841 4660 1923 4718 iis.
1947 4676 2064 4728 qua:

491 4744 638 4812 jussa
669 4754 810 4810 sunt,
842 4744 910 4800 dc
943 4746 1279 4814 eleemosyna
1315 4753 1369 4798 et
1403 4745 1717 4814 pupillorum
1750 4749 2062 4816 patrocinio.

503 4837 578 4892 lle
617 4837 893 4907 sapientia,
925 4837 992 4892 de
1020 4835 1219 4907 pudore
1249 4837 1407 4891 noxio
1427 4846 1480 4891 et
1510 4837 1621 4890 utili
1649 4855 1662 4891 :
1695 4838 1856 4891 nmlta
1886 4839 1970 4893 hic
1999 4839 2064 4893 de

495 4931 654 4984 noxio
679 4930 942 4985 edisserit.
990 4929 1139 4998 Quod
1187 4944 1288 4983 non
1319 4937 1561 4998 oporteat
1603 4927 1870 4984 desiderio
1900 4944 2063 4997 pecu-

497 5019 703 5073 niarum
729 5034 787 5074 se
814 5020 1032 5088 dedere,
1055 5035 1225 5090 neque
1251 5029 1432 5090 putare
1460 5035 1554 5075 nos
1584 5019 1798 5089 impune
1825 5029 2063 5089 peccare,

497 5111 705 5164 etiamsi
739 5125 842 5164 non
892 5112 1071 5168 statim
1118 5126 1302 5182 paruas
1329 5112 1546 5165 demus:
1580 5111 1786 5180 patiens
1816 5110 1954 5164 enim
1987 5120 2068 5165 est

497 5204 656 5267 Deus,
687 5213 1002 5273 oportctque
1031 5205 1176 5258 illum
1209 5205 1439 5273 placare.
1482 5204 1553 5257 De
1584 5203 1866 5257 verborum
1901 5202 2065 5256 futili-

495 5303 619 5360 talc,
649 5293 716 5350 de
741 5297 1008 5365 superbia,
1035 5295 1103 5350 (10
1131 5295 1413 5364 probautlis
1441 5295 1646 5358 amicis,
1666 5294 1733 5347 de
1767 5293 2064 5362 disciplina,

492 5386 558 5442 de
605 5387 763 5442 rebus
811 5381 1026 5442 utilibus
1072 5386 1368 5441 audiendis.
1412 5387 1485 5440 De
1531 5400 1636 5438 non
1686 5384 1971 5453 peccando,
2001 5389 2068 5440 ce

495 5491 598 5530 non
645 5476 971 5543 mentiendo,
1001 5476 1069 5531 de
1109 5473 1342 5528 futilibus
1391 5490 1496 5527 non
1545 5473 1802 5537 dicendis,
1845 5473 1912 5528 de
1961 5490 2066 5527 non

495 5563 737 5620 iterando
767 5581 1012 5621 sermone
1042 5566 1093 5618 in
1126 5565 1462 5634 precatione;
1505 5565 1554 5618 id
1586 5575 1687 5628 est,
1721 5580 1837 5634 qua:
1866 5567 2066 5633 promi-

493 5656 628 5709 seris
654 5655 786 5721 Deo,
813 5672 878 5710 nc
918 5655 1147 5710 differas.
1182 5653 1255 5710 De
1285 5655 1524 5719 muliere,
1555 5654 1618 5708 de
1647 5654 1876 5718 famulis,
1906 5667 2060 5723 peco-

1174 271 1231 329 S.
1271 266 1546 326 JOANNIS
1581 257 2049 320 CHRYSOSTOMI
2077 255 2392 312 ARCHIEP.
2425 255 2932 316 CONSTANTINOP
3557 275 3641 331 376

2158 376 2326 442 ribus,
2351 378 2419 434 de
2457 378 2599 446 filiis,
2626 379 2695 436 de
2734 390 2905 452 patre,
2931 379 3000 437 de
3035 381 3222 451 pietate
3247 397 3360 455 erga
3398 385 3556 455 Deum,
3593 394 3645 447 de

2158 468 2360 524 honore
2383 471 2748 527 sacerdotibus
2767 471 3088 539 exhibendo,
3108 474 3172 529 de
3191 476 3437 534 visitandis
3459 481 3644 551 afﬂictis,

2158 563 2231 617 De
2273 579 2379 616 non
2426 563 2698 633 litigando,
2730 565 2796 619 de
2825 579 2930 620 non
2960 565 3335 635 exprobrando,
3369 569 3428 625 de
3453 587 3542 626 non
3577 575 3650 630 de-

2155 654 2440 722 spiciendis
2479 655 2872 710 narrationibus
2901 671 3086 711 senum
3115 659 3426 727 sapientium.
3456 661 3521 718 De
3545 673 3653 720 tem-

2157 749 2412 813 perantia,
2445 745 2513 801 tle
2543 736 2795 812 amicitia,
2824 748 2890 803 de
2922 765 3025 802 non
3071 749 3356 805 azmula'ndo
3382 765 3652 820 peccatores.

2161 835 2232 888 De
2255 835 2434 904 judice
2469 836 2724 904 prudente
2751 849 2804 892 et
2833 840 3016 902 stulto,
3047 838 3113 894 de
3156 841 3407 908 superbia,
3433 843 3493 898 de
3525 849 3655 916 tequi-

2159 935 2287 990 tate,
2317 927 2384 982 de
2413 943 2518 982 non
2558 930 2913 1000 vituperando
2953 932 3071 987 sine
3107 931 3318 1002 judicio,
3347 943 3396 990 et
3429 936 3530 992 sine
3554 952 3656 996 exa-

2159 1017 2321 1072 mine.
2371 1018 2445 1072 De
2473 1019 2700 1074 vitandis
2739 1021 2953 1090 iniquis.
2989 1021 3065 1077 De
3102 1022 3315 1077 divitum
3359 1025 3506 1092 cultu,
3530 1027 3601 1095 qui
3631 1053 3656 1090 ει

2158 1107 2339 1173 multis
2368 1107 2670 1174 exhibetur,
2717 1119 2770 1164 et
2796 1110 2863 1166 de
2891 1113 3239 1180 quorumdam
3287 1113 3415 1170 inter
3441 1114 3542 1170 illos
3565 1131 3658 1170 ava-

2159 1197 2301 1251 ritia.
2345 1195 2419 1253 De
2457 1200 2652 1267 parcis,
2673 1215 2807 1270 quos
2839 1209 3008 1271 θρῖπας
3049 1203 3313 1272 appellant
3334 1203 3422 1272 (a),
3458 1205 3533 1274 qui
3572 1206 3662 1260 aliis

2163 1303 2268 1341 non
2300 1289 2629 1358 impertiant.
2656 1291 2730 1344 De
2755 1294 3091 1361 possessione
3129 1293 3408 1362 sapientia,
3435 1294 3496 1349 de
3530 1295 3662 1349 libero

2162 1381 2408 1435 arbitrio.
2450 1381 2636 1438 Melius
2689 1398 2808 1439 esse
2853 1385 3032 1440 liberis
3071 1401 3282 1452 carere,
3327 1402 3469 1457 quam
3507 1388 3664 1456 impro-

2160 1472 2258 1529 bos
2301 1473 2519 1530 habere.
2575 1476 2715 1531 Nihil
2752 1477 2919 1532 latere
2971 1478 3158 1533 Deum.
3212 1479 3282 1532 De
3321 1479 3578 1545 creaturis,
3613 1479 3665 1534 de

2161 1563 2389 1620 hominis
2429 1567 2766 1635 formatione,
2800 1569 2868 1625 de
2909 1570 3112 1626 honore
3154 1585 3258 1640 quo
3297 1578 3554 1625 exornatus
3585 1580 3662 1624 est.

2161 1654 2235 1709 De
2267 1655 2383 1725 lege
2416 1656 2561 1723 data,
2589 1657 2656 1713 de
2693 1659 3030 1730 eleemosyna
3073 1668 3127 1714 et
3158 1659 3470 1728 poenitentia,
3493 1658 3550 1714 de
3572 1657 3667 1713 luxu

2159 1759 2209 1804 et
2234 1751 2446 1806 lascivia
2469 1767 2574 1808 non
2595 1754 2982 1822 amplectenda.
2998 1755 3075 1809 De
3093 1755 3331 1810 custodia
3354 1753 3668 1826 mysteriorum

2160 1855 2254 1912 seu
2283 1855 2620 1908 arcanorum,
2639 1844 2706 1898 de
2734 1844 2880 1898 stulti
2910 1844 3110 1912 pudore
3139 1845 3317 1900 noxio.
3335 1843 3473 1910 Quod
3499 1843 3555 1897 de
3575 1858 3671 1912 pec-

2161 1932 2294 1985 catis
2325 1933 2636 2000 pmnitentia
2673 1934 2742 1988 sit
2767 1934 2993 2004 agenda,
3027 1935 3092 1988 de
3119 1934 3400 1988 ambitione
3424 1942 3473 1988 et
3496 1933 3671 1988 avaritia

2163 2020 2446 2092 fugiendis,
2475 2023 2544 2078 de
2571 2025 2811 2093 sapiente
2839 2033 2892 2080 et
2921 2026 3104 2089 Stulto,
3137 2024 3207 2080 de
3237 2025 3338 2078 lilia
3366 2024 3606 2094 petulanti,
3625 2023 3674 2078 de

2163 2113 2606 2168 inconsiderantia
2651 2116 2819 2180 stulti,
2849 2116 2917 2171 de
2961 2125 3138 2171 mente
3191 2118 3357 2181 firma,
3385 2113 3445 2170 de
3485 2129 3576 2169 non
3613 2113 3675 2168 lo-

2161 2203 2373 2272 quendo
2401 2204 2517 2259 sine
2554 2206 2778 2260 cautela.
2811 2203 2886 2260 De
2914 2205 3324 2275 compunctione
3364 2220 3454 2276 pro
3492 2204 3679 2274 peccatis

2164 2293 2424 2360 habenda,
2457 2296 2524 2350 de
2550 2311 2654 2350 non
2697 2297 2943 2365 jurando,
2978 2297 3045 2352 de
3087 2297 3364 2364 sapientia.
3407 2296 3474 2351 De
3499 2294 3678 2349 muliere

2162 2385 2300 2448 mala
2328 2393 2382 2440 et
2413 2387 2570 2452 bona,
2604 2385 2671 2441 de
2701 2388 3132 2458 negotiatoribus,
3164 2387 3233 2443 de
3277 2387 3339 2442 iis
3381 2385 3464 2456 qui
3488 2385 3680 2440 revelant

2163 2490 2377 2559 arcana.
2408 2477 2484 2532 De
2507 2478 2596 2532 illo
2622 2479 2709 2549 qui
2739 2482 2788 2533 in
2818 2479 3004 2534 faciem
3038 2479 3241 2548 laudat,
3274 2489 3411 2534 retro
3431 2477 3604 2533 irridet.
3622 2476 3680 2530 De

2164 2569 2524 2624 condonandis
2554 2573 2798 2641 proximo
2830 2571 3055 2628 delictis.
3101 2566 3181 2628 De
3223 2571 3393 2642 lingua
3429 2571 3606 2634 dolosa,
3630 2567 3683 2622 tle

2163 2671 2349 2716 mutuo
2369 2663 2546 2718 dando
2569 2666 2822 2734 proximis
2843 2666 2958 2721 sine
2989 2682 3170 2733 usura,
3188 2666 3278 2722 sed
3301 2663 3554 2736 egentibus
3569 2678 3683 2718 com-

2164 2753 2450 2809 modando.
2477 2755 2549 2810 De
2575 2755 2864 2811 educandis
2903 2766 3148 2812 accurate
3194 2759 3388 2822 liberis,
3407 2757 3469 2812 de
3496 2755 3682 2820 famulis,

2163 2842 2230 2898 de
2273 2843 2462 2912 brutis,
2493 2846 2560 2900 de
2589 2847 2830 2902 somniis.
2866 2849 2938 2902 De
2987 2849 3298 2905 timentibus
3343 2850 3516 2916 Deum,
3541 2847 3597 2903 de
3618 2860 3683 2901 sa-

2164 2932 2378 2988 crificiis
2403 2950 2468 2989 ex
2497 2921 2772 3005 iniquitate
2800 2939 2983 3008 partis,
3013 2938 3081 2994 de
3123 2938 3474 2994 oblationibus
3525 2955 3580 2995 ex
3622 2936 3686 3005 ju-

2163 3025 2326 3079 stitia.
2358 3027 2430 3082 De
2460 3042 2642 3083 amore
2673 3032 2929 3098 pecuniae,
2961 3031 3028 3086 de
3072 3033 3315 3103 crapula,
3355 3031 3419 3087 de
3456 3031 3681 3086 ebrietate.

2164 3117 2316 3184 Quod
2355 3120 2659 3178 hominibus
2691 3139 2792 3179 una
2830 3133 3031 3179 natura:
3069 3124 3413 3192 constitutio;
3453 3121 3687 3179 voluntatis

2163 3228 2290 3269 vero
2323 3217 2648 3283 propositum
2674 3217 2964 3282 diversum,
2999 3219 3133 3274 alios
3177 3222 3434 3286 benedici,
3461 3221 3576 3274 alios
3597 3232 3688 3272 ma-

2165 3303 2318 3360 ledici
2361 3316 2632 3374 procuret.
2667 3309 2738 3364 De
2761 3309 3042 3376 medicina,
3066 3312 3211 3382 quod
3255 3329 3357 3368 non
3385 3318 3602 3384 oporteat
3623 3308 3687 3361 ni-

2165 3394 2268 3448 mia
2301 3397 2510 3452 tristitia
2535 3399 2722 3455 teneri.
2754 3399 2904 3467 Quod
2926 3410 3168 3472 oporteat
3197 3419 3227 3458 a
3250 3404 3362 3474 lege
3393 3412 3444 3457 et
3469 3418 3496 3456 a
3525 3400 3689 3468 legibus

2167 3487 2259 3544 Dei
2308 3491 2566 3546 cohiberi.
2618 3493 2694 3547 De
2739 3495 2991 3562 operibus
3039 3496 3168 3562 Dei,
3217 3495 3285 3551 de
3329 3492 3604 3564 suppliciis,
3637 3489 3690 3542 de

2166 3576 2392 3634 humana
2419 3589 2624 3644 natura,
2647 3583 2788 3651 quod
2808 3598 2870 3638 ea
2910 3584 3090 3640 multis
3115 3586 3318 3657 repleta
3345 3584 3411 3640 sit
3431 3581 3633 3638 caedibus
3652 3588 3693 3633 ct

2167 3671 2626 3727 sollicitudinibus.
2675 3673 2749 3728 De
2778 3676 3027 3744 operibus
3059 3676 3176 3732 Dei.

2263 3869 2499 3911 SYNOI‘SIS
2539 3872 2709 3912 EORUbl
2748 3871 2864 3919 QUAE
2905 3873 2967 3910 Ali
3007 3871 3141 3910 ISMA
3184 3870 3450 3910 PROPIIETA
3489 3866 3620 3907 DICTA

2878 3963 3030 4002 SUNT.

2244 4107 2520 4166 Accusatio
2551 4104 2759 4160 Israelis
2787 4104 3004 4172 ejusque
3025 4101 3334 4167 calamitas;
3360 4113 3419 4153 ac
3442 4088 3700 4166 reprobatin

2169 4201 2568 4263 sacrificiorum,
2593 4195 2997 4264 adhortatioque
3023 4193 3086 4246 ad
3118 4192 3394 4247 meliorem
3419 4191 3583 4242 vitam.
3603 4182 3702 4236 Piu-

2169 4295 2344 4365 pltetia
2365 4293 2431 4348 de
2460 4291 2713 4354 Ecclesia;
2734 4287 2873 4343 etde
2895 4286 3069 4339 futura
3095 4297 3246 4354 pace.
3279 4279 3544 4336 Aecusatio
3567 4275 3705 4329 Israc-

2169 4387 2256 4451 lis,
2288 4391 2341 4440 et
2368 4383 2537 4438 futura
2559 4379 2786 4434 obsidio.
2819 4375 3096 4432 Accusatio
3125 4374 3434 4429 deliciarum
3469 4378 3630 4424 eorum
3657 4371 3697 4414 et

2170 4473 2448 4544 superbiae.
2474 4470 2789 4539 Reprobatio
2808 4466 3012 4522 lsraclis
3030 4479 3126 4534 per
3141 4467 3312 4518 viuere
3328 4455 3696 4516 similitudinem.

2171 4569 2491 4624 Criminatur
2517 4563 2780 4633 principes
2805 4561 3012 4616 lsraclis
3037 4560 3105 4614 ob
3135 4557 3410 4611 avaritiam
3439 4561 3490 4605 et
3509 4547 3696 4633 eluietaf

2173 4672 2299 4726 tem,
2346 4660 2472 4729 ipsis
2515 4632 2893 4712 desolationem
2935 4651 3270 4706 vaticinatur.
3317 4648 3533 4702 Minatur
3556 4640 3608 4693 iis
3627 4632 3695 4729 aui

2171 4727 2658 4824 pSeudoproplietas
2685 4745 2955 4816 prophetis
3000 4742 3309 4812 praeferunt.
3357 4741 3601 4824 Ascensus
3626 4727 3695 4824 lit)-

2172 4819 2326 4901 slium
2357 4819 2586 4896 illorum.
2615 4837 2879 4893 Visionem
2921 4834 3199 4903 consliicit,
3241 4832 3295 4886 in
3327 4845 3429 4899 qua
3455 4827 3558 4894 ejus
3591 4819 3694 4872 ΙειΙιί³

2172 4943 2388 5007 purgata
2413 4935 2577 4987 fuere.
2613 4930 2918 4985 Exercitum
2947 4927 3193 4980 admovet
3219 4924 3473 4994 Syrorum
3501 4931 3584 4972 rex
3603 4922 3697 5007 cuin

2173 5000 2420 5083 lsraelitis
2465 5033 2648 5079 contra
2696 5019 3009 5083 Jerusalem,
3057 5025 3110 5073 et
3149 5017 3464 5071 vaticinatur
3492 5007 3627 5062 Isaias
3647 5000 3696 5053 dc

2172 5117 2404 5184 Christo,
2436 5125 2488 5171 et
2518 5116 2762 5170 vastitate
2781 5112 3095 5176 Jerusalem,
3121 5109 3294 5178 deque
3321 5119 3536 5160 ascensu
3560 5095 3698 5152 Nabu-

2172 5209 2574 5264 chodonosoris.
2607 5205 2885 5274 Prophetia
2914 5204 2981 5258 de
3025 5204 3089 5257 iis
3117 5202 3203 5271 qui
3236 5202 3288 5254 in
3331 5197 3578 5252 Christum
3603 5201 3697 5242 cre—

2173 5303 2330 5358 dituri
2357 5310 2498 5356 sunt.
2523 5301 2595 5355 De
2624 5295 2948 5366 fortitudine,
2976 5296 3218 5367 superbia
3247 5301 3302 5349 et
3323 5289 3547 5363 pernicie
3570 5287 3701 5349 ASSY'

2236 5479 2308 5538 (α)
2327 5487 2456 5526 nunc
2479 5476 2634 5526 locum
2669 5475 2866 5538 reSpicit
2898 5475 2974 5533 14,
2998 5476 3028 5523 3
3048 5473 3177 5522 :t’iro
3201 5483 3352 5532 pauco
3373 5481 3463 5519 non
3612 5458 3695 5538 {fill

2174 5529 2542 5590 dit‘ititea’arcos
2555 5548 2716 5588 autem
2739 5529 2861 5599 θ’ρῖπας
2887 5529 3210 5599 vocabant-Est
3224 5546 3347 5583 vero
3364 5545 3442 5592 Geel
3457 5529 3693 5599 Samii???

2176 5581 2348 5650 tutari:
2358 5581 2861 5654 ξιῖειῖτῖἇιῖιὶῖἓὶῖἰιὶἆῖἱῖ
2876 5581 3152 5658 quantam
3173 5581 3222 5644 et
3238 5581 3677 5645 cernerentnec:

2179 5667 2290 5710 ttittc
2316 5676 2480 5724 parcos
2506 5669 2553 5710 ct
2585 5673 2752 5711 avaros
2784 5672 2904 5720 θρῖςας
2929 5666 3167 5708 vocarunt.
