4090 6216
363 283 472 342 375
1008 276 1019 289 ’
1425 272 1759 332 SYNOPSIS
1794 270 1929 328 SCR‘

2029 267 2211 325 ’111ὶῶ
2252 266 2525 326 ΞΔΟΜ.
3499 274 3605 333 5⁸16

361 403 440 465 ζει
493 404 738 473 σοφίαν.
798 398 954 456 Κατά
1001 392 1417 463 εἰδωλολατρῶν,
1469 394 1533 445 ἐκ
1580 388 1782 462 χρυσοῦ
1839 386 1931 440 καὶ

236 512 243 517 “
360 490 626 562 ἀργύρου,
660 490 694 561 ἢ
744 488 928 551 λίθων,
962 484 997 553 ἢ
1033 483 1204 549 ξύλων
1235 480 1466 534 εἰδώλων
1501 479 1561 548 (I.
1588 476 1802 546 εἴδωλα)
1833 491 1936 528 κα-

360 577 879 648 τασκευασαμένων.
907 575 1035 629 Ὀτι
1076 572 1197 624 ἐστὶ
1229 568 1470 639 σωτηρία
1513 565 1602 622 διά
1633 564 1791 633 ξύλου
1826 563 1939 625 τοῖς

363 663 700 720 πιστεύουσι.
729 663 812 716 Τά
860 662 989 733 περὶ
1027 656 1406 727 είδωλοποιῶν,
1448 656 1484 725 ἢ
1521 652 1939 724 ζωγραφοῦντος

362 748 577 807 είδωλα.
626 751 762 822 Περὶ
786 751 1004 805 πάντων
1045 747 1153 802 τῶν
1181 744 1367 799 κακῶν
1410 743 1520 797 τῶν
1560 744 1620 796 ὲν
1658 741 1940 795 εἰδωλολα-

361 839 540 912 τρεία.
588 839 726 909 Περὶ
770 836 1001 899 ἀσεϐοῦς
1047 832 1368 906 θρησκείας,
1417 830 1511 886 καὶ
1540 831 1642 885 ὅσα
1687 829 1747 882 ὲν
1799 827 1937 899 αὐτῇ

365 927 531 981 κακά.
568 926 704 997 Περὶ
724 923 819 978 τοῦ
847 921 1157 994 κεραμέως,
1180 920 1277 973 καὶ
1300 918 1406 972 τῶν
1436 915 1756 988 κεραμικῶν
1787 913 1935 969 είδὼ-

362 1012 491 1068 λων.
533 1012 668 1084 Περὶ
702 1011 917 1066 πάντων
944 1008 1054 1062 τῶν
1089 1006 1324 1061 εἰδώλων
1365 1004 1462 1076 τῆς
1496 1003 1604 1061 τῶν
1627 1001 1798 1060 ἐθνῶν
1839 1002 1938 1057 λα·

361 1099 568 1172 τρείας.
605 1100 741 1170 Περὶ
770 1098 880 1152 τῶν
919 1095 1183 1167 ἐχθίστων
1214 1092 1391 1161 ζώων,
1419 1092 1618 1161 ὄφεων,
1648 1090 1935 1160 αίλούρων,

364 1186 459 1240 καὶ
488 1186 596 1239 τῶν
613 1184 835 1258 ὁμοίων.
861 1184 984 1241 Ὀτι
1008 1182 1376 1254 εὐηργέτησεν
1395 1180 1422 1232 ὀ
1439 1179 1571 1243 Θεὸς
1599 1178 1690 1234 τὸν
1726 1176 1938 1250 Ἰσραὴλ

362 1274 485 1327 ἀντὶ
512 1273 797 1347 βατράχων
831 1272 1263 1345 ὀρτυγομήτραν.

820 1451 1086 1520 Σύνοψις
1126 1449 1233 1506 τοῦ
1274 1449 1475 1519 Σφάχ.

434 1595 569 1667 Περὶ
595 1594 760 1664 φόϐου
799 1593 934 1649 Θεοῦ
961 1605 1010 1657 ι,
1044 1591 1292 1665 περὶτοῦ
1337 1590 1412 1663 μὴ
1453 1588 1772 1662 θυμοῦσθαι,
1810 1587 1937 1660 7:591

360 1683 456 1745 :06
485 1683 593 1738 δεῖν
620 1684 788 1754 χωρὶς
817 1682 1155 1752 ὑποκρίσεως
1184 1679 1465 1753 προσιέναι
1493 1678 1632 1750 Θεῷ,
1670 1678 1798 1749 7:591
1824 1693 1937 1730 πει-

364 1769 589 1841 ρασμῶν
633 1770 729 1823 καὶ
761 1769 1058 1840 ὑπομονῆς,
1087 1766 1215 1837 περὶ
1252 1767 1417 1838 τιμῆς
1449 1767 1547 1836 τῆς
1576 1766 1653 1830 είς
1683 1765 1811 1829 τοὺς
1841 1781 1936 1832 γο-

361 1861 495 1921 νεῖς,
518 1858 647 1927 περὶ
685 1856 1007 1921 ὲπιεικείας,
1038 1855 1166 1926 περὶ
1187 1854 1281 1908 τοῦ
1313 1854 1387 1925 μὴ
1418 1853 1530 1906 δεῖν
1562 1853 1743 1925 ζητεῖν
1766 1850 1933 1925 βαθύ-

360 1960 497 2013 τερα
539 1942 649 1996 τῶν
690 1942 1204 2013 προστεταγμένων,
1253 1941 1380 2011 περὶ
1424 1939 1789 2012 ὲλεημοσύνης
1840 1938 1935 1992 καὶ

362 2028 612 2098 ὀρφανῶν
660 2028 1011 2099 προστασίας.
1062 2027 1199 2099 Περὶ
1254 2028 1465 2097 σοφίας,
1508 2026 1637 2100 7:591
1674 2025 1934 2097 αἰσχύνης

365 2114 633 2193 βλαϐερᾶς
658 2115 752 2169 καὶ
776 2113 1110 2184 ὲπωφελοῦς’
1128 2113 1297 2168 πολλά
1318 2114 1373 2168 δὲ
1399 2113 1526 2184 περὶ
1546 2114 1643 2184 τῆς
1668 2113 1827 2185 βλαϐε
1836 2114 1934 2184 ρᾶς

361 2201 595 2255 ἐνταῦθα
624 2199 791 2270 λέγει.
838 2202 975 2273 Περὶ
1005 2200 1100 2255 τοῦ
1145 2201 1221 2271 μή
1252 2201 1362 2254 δεῖν
1393 2198 1635 2253 δεδόσθαι
1677 2199 1753 2270 τῷ
1783 2200 1934 2270 πόθῳ

357 2289 469 2344 τῶν
496 2289 816 2364 χρημάτων,
847 2290 982 2360 μηδὲ
1010 2288 1216 2344 οἴεσθαι
1237 2289 1544 2360 ἀτιμωρητλ⁵
1574 2288 1930 2359 ἁμαρτάνειν.

359 2374 465 2429 κάν
496 2374 811 2446 παραυτίκα
846 2376 923 2446 μὴ
965 2374 1145 2445 δῶμεν
1189 2374 1284 2446 τήν
1314 2374 1583 2446 τιμωρίαν
1606 2392 1619 2405 ·
1654 2374 1931 2446 μακρόθυ-

357 2479 461 2535 μος
496 2463 605 2535 γάρ
633 2463 783 2520 ἐστιν
823 2465 852 2519 ὀ
882 2464 1014 2528 Θεός
1036 2480 1050 2493 ·
1076 2462 1186 2518 δεῖν
1215 2463 1272 2516 δὲ
1300 2463 1650 2531 ἐξιλάσασθαι
1687 2464 1713 2504 δ
1732 2464 1927 2539 Χςιὺτόν.

357 2552 495 2623 Περὶ
510 2550 802 2623 φλυαρίας,
816 2569 880 2605 πε
889 2554 939 2623 91
959 2552 1353 2624 ὑπερηφανίας,
1382 2553 1512 2623 περὶ
1534 2552 1701 2623 φίλων
1716 2554 1931 2624 δοκιμα-

356 2637 501 2705 σίας,
514 2637 643 2707 7:591
661 2636 925 2703 παιδείας,
945 2639 1074 2707 περὶ
1091 2638 1409 2709 ἀκροάσεως
1430 2638 1766 2708 ὲπωφελοῦς.
1795 2640 1930 2709 Περὶ

356 2724 454 2778 τοῦ
484 2726 561 2796 μὴ
589 2725 946 2797 ἁμαρτάνειν,
981 2726 1057 2798 μὴ
1090 2725 1401 2796 ψεύδεσθαι,
1431 2728 1508 2799 μὴ
1536 2727 1814 2799 φλυαρεῖν,
1855 2726 1929 2799 μὴ

356 2812 638 2883 δευτεροῦν
666 2812 821 2881 λόγον
857 2815 916 2866 έν
954 2808 1271 2885 προσευχῇ·
1313 2814 1610 2879 τουτέστιν,
1652 2817 1710 2868 έν
1747 2807 1827 2878 οἷς
1865 2812 1931 2868 ἀν

360 2898 569 2971 ὑπόσχῃ
582 2899 721 2970 Θεῷ,
742 2900 821 2972 μὴ
840 2900 1068 2972 ύπέρθῃ.
1087 2900 1225 2971 Περὶ
1246 2901 1522 2969 γυναικὸς,
1540 2902 1669 2973 7:591
1686 2901 1930 2968 οἰκετῶν,

360 2984 509 3059 [581]
538 2987 667 3058 7:591
694 2986 925 3057 κτηνῶν,
956 2987 1085 3057 7:591
1115 2987 1341 3053 τέκνων,
1389 2988 1516 3059 7:591
1546 2987 1772 3060 πατρὸς,
1806 2989 1932 3059 περὶ

357 3072 453 3143 τῆς
500 3073 640 3130 κατὰ
671 3073 803 3127 Θεὸν
840 3073 1146 3141 εὐλαϐείας,
1196 3075 1324 3144 7:591
1368 3077 1465 3146 τῆς
1508 3077 1588 3139 είς
1616 3077 1742 3139 τοὺς
1769 3077 1929 3145 ἱερεῖς

352 3158 539 3230 τιμῆς,
570 3160 698 3230 περὶ
732 3160 831 3232 τῆς
874 3161 955 3225 είς
986 3160 1112 3225 τοὺς
1156 3161 1524 3231 κακουμένους
1570 3162 1927 3232 ἐπισκέψεως.

350 3247 491 3319 Περὶ
532 3246 626 3301 τοῦ
659 3248 736 3319 μὴ
786 3247 1077 3319 μάχεσθαι,
1108 3248 1183 3320 μὴ
1224 3249 1521 3315 ὀνειδίζειν,
1558 3248 1633 3320 μὴ
1684 3253 1930 3323 παρορᾷν

349 3336 704 3407 διηγημάτων
730 3337 907 3407 σοφῶν
932 3338 1217 3408 γερόντων.
1239 3339 1373 3407 Περὶ
1394 3338 1767 3409 σωφροσύνης,
1799 3341 1928 3411 περὶ

349 3423 559 3492 φιλίας,
588 3424 828 3495 περὶτοῦ
853 3425 928 3496 μὴ
954 3425 1150 3497 ζηλοῦν
1172 3426 1546 3497 ἁμαρτωλούς.
1576 3428 1711 3499 Περὶ
1740 3427 1927 3500 κριτοῦ

353 3509 576 3565 συνετοῦ
610 3511 704 3564 καὶ
732 3511 986 3582 ἄφρονος,
1026 3514 1154 3584 7:591
1184 3514 1581 3585 ὑπερηφανίας,
1605 3515 1735 3587 περὶ
1757 3517 1928 3571 ἐπιει-

356 3598 532 3663 κείας,
563 3599 694 3667 περὶ
721 3599 815 3651 τοῦ
847 3599 921 3670 μὴ
942 3600 1178 3671 ἀκρίτως
1203 3605 1296 3656 καὶ
1321 3604 1689 3671 ἀνεξετάστως
1717 3605 1926 3676 μέμφε-

355 3685 500 3743 σθαι.
540 3685 678 3755 Περὶ
704 3683 797 3739 τοῦ
824 3685 1180 3753 φυλάττεσθαι
1206 3690 1331 3751 τοὺς
1357 3689 1642 3760 πονηρούς.
1674 3691 1929 3761 Περὶιτῆς

349 3772 461 3827 τῶν
507 3771 780 3826 πλουσίων
824 3772 1139 3844 θεραπείας,
1170 3770 1237 3847 ἦς
1282 3777 1431 3846 παρά
1485 3776 1695 3831 πολλῶν
1726 3779 1930 3851 τυγχά-

350 3876 525 3927 νουσι,
560 3860 657 3914 καὶ
701 3860 961 3931 περὶτῆς
997 3860 1154 3914 ἐνίων
1199 3862 1380 3915 αὐτῶν
1422 3864 1752 3929 πλεονεξίας.
1796 3867 1931 3938 Περὶ

353 3946 713 4019 μικρολόγων,
744 3946 838 4012 οὒς
884 3946 1083 4018 θρῖπας
1111 3947 1334 4002 καλοῦσι
1358 3960 1406 4013 ε,
1435 3951 1559 4014 τοὺς
1589 3951 1663 4022 μὴ
1711 3953 1930 4022 μεταδι-

348 4035 537 4099 δόντας
557 4036 783 4108 έτέροις.
815 4036 952 4107 Περὶ
975 4038 1221 4107 κτήσεως
1252 4039 1461 4106 σοφίας,
1496 4040 1625 4110 7:591
1651 4039 1744 4093 :06
1772 4041 1930 4093 αὑτε-

351 4123 583 4189 ξουσίου.
638 4125 773 4195 Περὶ
822 4124 919 4178 τοῦ
965 4124 1168 4180 ἄπαιδα
1208 4121 1368 4195 εἶναι,
1417 4127 1450 4199 ἢ
1508 4127 1720 4198 πονηρά
1766 4128 1927 4182 τέκνα

346 4211 515 4282 ἔχειν.
543 4211 665 4265 ’Ότι
705 4211 857 4266 οὐδὲν
897 4212 1145 4267 λανθάνει
1185 4214 1277 4268 τὸν
1310 4214 1461 4268 Θεόν.
1493 4215 1630 4285 Περὶ
1660 4214 1768 4268 τῶν
1809 4233 1926 4269 κτι-

349 4300 594 4370 σμάτων,
618 4300 747 4371 7:591
775 4300 875 4372 τῆς
903 4300 997 4380 τοῦ
1030 4301 1318 4373 ἀνθρώπου
1346 4301 1616 4369 πλάσεως,
1640 4303 1733 4356 καὶ
1764 4303 1927 4375 τιμῆς

344 4384 421 4459 ἧς
442 4388 697 4460 ἐτιμήθη.
740 4390 875 4461 11591
898 4390 999 4460 τῆς
1024 4390 1119 4446 τοῦ
1160 4390 1325 4462 νόμου
1365 4390 1585 4456 δόσεως,
1619 4392 1747 4462 7:591
1776 4392 1927 4463 ἐλεη-

349 4474 591 4547 μοσύνης
627 4476 720 4528 καί
749 4477 1056 4547 μετανοίας,
1105 4477 1233 4549 περὶ
1277 4475 1373 4530 τοῦ
1406 4478 1481 4549 μὴ
1534 4476 1921 4533 ἀσωτεύεσθαι.

348 4563 486 4634 Περὶ
529 4561 775 4633 φυλακῆς
833 4565 1169 4636 μυστηρίων,
1218 4566 1346 4636 περὶ
1378 4566 1611 4637 ἄφρονος
1664 4565 1923 4637 αἰσχύνης

346 4649 639 4721 βλαϐερᾶς.
674 4651 809 4722 Περὶ
837 4651 931 4704 τοῦ
960 4653 1239 4722 μετανοεῖν
1264 4654 1357 4706 57:1
1386 4655 1763 4727 ἁμαρτήμασι,
1794 4655 1923 4725 7:591

344 4739 440 4794 :06
478 4740 552 4821 μή
589 4740 946 4805 πλεονεκτεῖν,
976 4741 1105 4811 περὶ
1138 4741 1359 4795 συνετοῦ
1390 4744 1484 4797 καὶ
1514 4744 1767 4821 ἄφρονος,
1794 4744 1924 4816 περὶ¹

334 4820 616 4897 ,θυγατρὸς
668 4829 857 4894 θυσίας
895 4828 946 4894 ἀ,
1001 4831 1131 4900 7:591
1173 4830 1503 4903 άπροσεξίας
1545 4820 1750 4904 μωροῦ,
1795 4832 1923 4903 7:591

344 4915 582 4979 διανοίας
607 4919 861 4988 στερρᾶς,
888 4919 1016 4989 7:591
1041 4918 1135 4973 :06
1160 4920 1234 4991 μὴ
1264 4920 1739 4991 ἀπαραφυλάκτως
1768 4921 1925 4990 φθέγ-

345 5001 557 5068 γεσθαι.
595 5004 730 5075 Περὶ
774 5005 870 5058 τοῦ
910 5006 1335 5061 κατανύττεσθαι
1377 5009 1490 5071 τοῖς
1545 5009 1922 5079 ἁμαρτήμασι,

346 5091 599 5162 περὶτοῦ
641 5093 725 5165 μὴ
761 5093 1012 5165 ὀμνύναι,
1062 5097 1191 5167 περὶ
1236 5096 1446 5165 σοφίας.
1487 5098 1623 5169 Περὶ
1666 5097 1923 5167 γυναικὸς

345 5180 588 5250 πονηρᾶς
614 5181 709 5234 καὶ
741 5181 975 5253 ἀγαθῆς,
1008 5185 1135 5254 περὶ
1172 5185 1450 5255 ἐμπόρων,
1481 5185 1608 5255 περὶ
1644 5184 1926 5239 ὲκλαλούν-

343 5282 456 5320 των
499 5269 790 5341 μυστήρια.
823 5270 961 5342 Περὶ
990 5270 1086 5325 τοῦ
1124 5273 1203 5335 εἱς
1232 5272 1522 5343 πρόσωπον
1556 5273 1922 5339 ἐπαινοῦντος,

345 5353 575 5427 ὕστερον
600 5357 659 5411 δὲ
708 5358 1081 5429 χλευάζοντος.
1120 5360 1257 5431 Περὶ
1287 5359 1381 5413 τοῦ
1423 5361 1636 5430 ἀφιέναι
1668 5361 1744 5433 τῷ
1788 5363 1924 5434 πλη-

407 5606 432 5670 f
462 5605 543 5670 Sic
560 5605 667 5670 fere
687 5608 921 5670 Synopsis
946 5608 1209 5662 Alhanaslo
1236 5609 1427 5661 tributa.

410 5666 437 5709 δ
463 5668 608 5719 (ἶοίδι.
636 5666 976 5727 ἐξιλάσκεσθαι.

2040 383 2154 438 σίον
2183 383 2253 438 τά
2290 385 2369 448 είς
2395 383 2558 438 αὑτὸν
2600 383 3064 463 πλημμελούμενα
3099 402 3118 425 ο
3139 426 3153 442 .
3185 386 3317 458 Περὶ
3357 389 3610 463 γλώσσης

2035 472 2235 540 δολίας,
2278 473 2408 545 περὶ
2431 473 2526 527 τοῦ
2556 471 2819 537 δανείζειν
2850 473 2931 546 τῷ
2972 474 3220 546 πλησίον,
3254 477 3373 548 οὐχὶ
3416 478 3605 543 τόκους

2034 560 2241 622 λαϐεῖν,
2272 560 2409 615 ἀλλὰ
2438 562 2633 632 κιχρᾷν
2661 562 2738 632 τῷ
2775 560 3036 632 δεομένῳ.
3073 563 3207 634 Περὶ
3236 563 3328 616 τοῦ
3355 566 3606 635 ὲπιστρό-

2037 665 2158 717 φως
2206 647 2478 702 παιδεύειν
2515 648 2701 714 τέκνα,
2747 649 2877 722 7:591
2918 649 3163 716 οἰκετῶν,
3199 650 3328 721 7:591
3376 648 3605 720 ἀλόγων,

2038 738 2168 807 7:591
2190 736 2473 792 ἐνυπνίων.
2501 737 2638 809 Περὶ
2661 737 2771 791 τῶν
2799 736 3152 809 φοϐουμένων
3181 737 3272 793 τὸν
3296 739 3449 803 Θεὸν,
3480 741 3608 811 7:591

2036 824 2143 879 τῶν
2185 824 2246 889 ἐξ
2275 824 2485 889 ἀδικίας
2516 824 2737 891 θυσιῶν,
2783 826 2912 896 7:591
2945 826 3268 898 προσφορῶν
3298 826 3406 882 τῶν
3434 828 3501 882 ὲκ
3529 827 3608 882 δι-

2036 913 2348 984 καιοσύνης.
2375 915 2512 986 Περὶ
2541 914 2924 987 φιλαργυρίας,
2949 916 3077 986 περὶ
3100 916 3453 988 λαιμαργίας,
3478 919 3607 989 περὶ

2040 1001 2229 1073 μέθης.
2265 1002 2388 1056 Ὅτι
2430 1003 2464 1072 ή
2496 1003 2595 1079 μὲν
2628 1002 2942 1075 κατασκευὴ
2984 1003 3084 1074 τῆς
3113 1004 3326 1074 φύσεως
3368 1009 3480 1071 τοῖς
3510 1007 3604 1060 ἀν-

2035 1089 2275 1162 θρώποις
2302 1088 2399 1160 μία
2421 1107 2436 1121 ·
2462 1089 2524 1143 τδ
2553 1089 2610 1143 δὲ
2639 1091 2738 1161 τῆς
2775 1090 3145 1163 προαιρέσεως
3172 1093 3446 1166 διάφορον,
3478 1097 3606 1160 τοὺς

2037 1177 2137 1249 μὲν
2165 1176 2523 1247 εὐλογεῖσθαι,
2554 1177 2677 1241 τοὺς
2708 1178 2766 1232 δὲ
2793 1180 3166 1251 καταραθῆναι
3199 1181 3441 1252 ἐποίησε.
3471 1183 3606 1253 Περὶ

2037 1266 2295 1338 ἰατρείας,
2330 1268 2459 1341 περὶ
2484 1267 2577 1323 τοῦ
2606 1267 2681 1340 μὴ
2726 1268 2866 1337 ἄγαν
2905 1270 3220 1341 κρατεῖσθαι
3264 1270 3430 1344 λύπῃ.
3468 1272 3605 1344 Περὶ

2031 1353 2127 1408 τοῦ
2154 1353 2261 1408 δεῖν
2284 1354 2365 1425 τῷ
2399 1355 2548 1428 νόμῳ
2596 1356 2689 1411 καὶ
2726 1358 2838 1420 τοῖς
2864 1356 2957 1411 τοῦ
2993 1357 3127 1412 Θεοῦ
3171 1358 3353 1430 νόμοις
3384 1354 3604 1432 κρατεῖ-

2034 1440 2179 1495 σθαι.
2203 1442 2340 1513 Περὶ
2361 1442 2470 1496 τῶν
2494 1443 2590 1499 τοῦ
2614 1443 2749 1499 Θεοῦ
2785 1443 2982 1515 ἔργων,
3014 1445 3142 1517 7:591
3169 1445 3276 1500 τῶν
3301 1449 3600 1520 τιμωριῶν,

2032 1528 2162 1599 περὶ
2190 1530 2289 1599 τῆς
2316 1527 2659 1601 ἀνθρωπίνης
2688 1529 2921 1598 φύσεως,
2956 1532 3036 1586 ὅτι
3081 1531 3290 1597 πολλῶν
3314 1534 3565 1604 ἐμπέπλη
3582 1566 3600 1577 ο

2034 1633 2157 1670 σται
2184 1617 2361 1687 φόνων
2385 1616 2478 1673 καὶ
2499 1618 2812 1690 φροντίδων.
2831 1621 2903 1677 Πε
2910 1620 2966 1691 91
2997 1620 3103 1674 τῶν
3128 1620 3221 1677 τοῦ
3242 1622 3374 1676 Θεοῦ
3399 1622 3599 1693 ἔργων.

2102 1786 2367 1855 Σύνοψις
2390 1784 2507 1845 τῶν
2532 1785 2612 1853 τῷ
2638 1787 2915 1860 προφήτῃ
2954 1787 3165 1857 Ἡσαΐᾳ
3188 1789 3528 1861 ειρημένων.

2103 1934 2422 2005 Κατηγορία
2457 1934 2550 1988 τοῦ
2588 1934 2801 2008 Ἰσραὴλ
2837 1938 2929 1991 καλ⁴
2958 1938 3232 2009 συμφορά,
3270 1940 3363 1993 καὶ
3399 1941 3600 2013 παραί-

2030 2037 2187 2094 τησις
2213 2021 2435 2088 θυσιῶν,
2471 2023 2567 2078 καὶ
2592 2023 2910 2096 παραίνεσις
2935 2024 3200 2095 βελτίονος
3223 2027 3360 2098 βίου.
3388 2030 3603 2103 Προφη-

2030 2109 2147 2162 τεία
2175 2110 2304 2181 7:591
2326 2109 2429 2181 τῆς
2463 2111 2808 2183 Ἐκκλησίας,
2828 2114 2922 2166 καὶ
2940 2116 3038 2186 τῆς
3064 2114 3329 2187 ἐσομένης
3356 2117 3595 2189 εἰρήνης.

2030 2195 2347 2267 Κατηγορία
2370 2195 2463 2251 τοῦ
2498 2197 2735 2271 Ἰσραὴλ,
2757 2200 2852 2254 καὶ
2870 2200 3151 2272 πολιορκία
3175 2201 3425 2274 ἐσομένη.
3455 2206 3604 2259 Κατ-

2030 2283 2227 2355 ηγορία
2272 2285 2372 2355 τῆς
2417 2284 2631 2356 τρυφῆς
2680 2287 2859 2340 αὐτῶν
2912 2288 3005 2341 καὶ
3056 2289 3153 2359 τῆς
3203 2290 3597 2361 ὑπερηφανίας.

2041 2368 2306 2442 Ἀποϐολὴ
2357 2369 2449 2425 τοῦ
2490 2371 2704 2445 Ἰσραὴλ
2740 2372 2829 2428 διὰ
2874 2373 2970 2428 τοῦ
3015 2375 3455 2448 παραδείγματος
3502 2377 3597 2432 τοῦ

2027 2456 2368 2528 ἀμπελῶνος.
2402 2459 2688 2514 Διαϐάλλει
2713 2461 2839 2525 τοὺς
2860 2460 3124 2533 ἄρχοντας
3148 2462 3241 2516 τοῦ
3282 2464 3497 2535 Ἰσραὴλ
3522 2466 3600 2529 είς

2028 2544 2341 2613 πλεονεξίαν
2374 2546 2468 2601 καὶ
2496 2548 2575 2611 είς
2623 2547 2814 2619 μέθην,
2850 2549 2941 2602 καὶ
2975 2548 3227 2620 προλέγει
3263 2550 3445 2614 αὐτοῖς
3474 2551 3602 2624 ἐρή-

2030 2650 2222 2702 μωσιν.
2238 2633 2349 2687 Καὶ
2364 2633 2578 2688 ἀπειλεῖ
2602 2636 2715 2699 τοῖς
2736 2635 3043 2705 προτιμῶσι
3067 2636 3195 2699 τοὺς
3221 2637 3600 2709 ψευδοπροφή-

2025 2738 2123 2784 τας
2157 2718 2307 2793 [582]
2335 2720 2445 2777 τῶν
2485 2722 2800 2793 προφητῶν.
2833 2724 3051 2786 Ἀνοδος
3073 2722 3181 2776 τῶν
3208 2723 3481 2795 πολεμίων
3506 2726 3602 2779 αὑ-

2025 2808 2155 2862 τῶν.
2191 2808 2326 2882 Ὁρᾷ
2369 2809 2469 2880 τὴν
2518 2806 2809 2877 ὀπτασίαν,
2841 2812 2898 2863 ὲν
3000 2810 3277 2882 ἐκαθάρθη
3325 2808 3490 2866 αὑτοῦ
3532 2814 3601 2867 τὰ

2026 2895 2200 2969 χείλη.
2262 2896 2674 2968 Ἐπιστρατεύει
2704 2897 2734 2950 ὀ
2767 2898 2953 2971 Σύρων
3008 2897 3259 2970 βασιλεὺς
3307 2899 3445 2968 μετά
3492 2899 3601 2952 τῶν

2038 2983 2387 3057 Ἰσραηλιτῶν
2415 2984 2508 3038 57:1
2542 2983 2643 3061 τὴν
2681 2984 3056 3057 Ἰερουσαλὴμ,
3081 2985 3178 3039 καὶ
3207 2986 3538 3057 προφητεύει
3570 2988 3602 3041 ὀ

2038 3071 2265 3134 Ἡσαΐας
2292 3071 2418 3143 7:591
2445 3071 2540 3125 :06
2576 3071 2833 3143 Χριστοῦ,
2863 3073 2956 3126 καὶ
2992 3072 3119 3146 7:591
3145 3074 3244 3143 τῆς
3270 3072 3601 3145 ἐρημώσεως

2038 3159 2413 3231 Ἰερουσαλὴμ,
2448 3161 2697 3231 καὶπερὶ
2742 3160 2842 3231 τῆς
2882 3160 3069 3215 ἀνόδου
3114 3160 3597 3234 Ναϐουχοδονόσορ.

2027 3247 2341 3318 Προφητεία
2385 3246 2494 3300 τῶν
2522 3248 2601 3310 είς
2643 3247 2878 3318 Χριστὸν
2912 3248 3295 3304 πιστευόντων.
3336 3250 3470 3320 Περὶ¹
3503 3249 3599 3321 τῆς

2029 3333 2209 3405 ἰσχύος
2233 3333 2327 3387 καὶ¹
2354 3333 2731 3406 ὑπερηφανίας
2755 3335 2849 3389 καὶ
2868 3335 3142 3399 ἀπωλείας
3160 3335 3253 3391 τοῦ
3292 3335 3595 3408 ⁹Δσσυρίου.

2026 3422 2162 3491 Περὶ
2181 3419 2287 3475 τῶν
2318 3422 2679 3475 πιστευόντων
2707 3420 2950 3493 Χριστῷ,
2980 3424 3107 3493 7:591
3135 3423 3233 3493 τῆς
3264 3425 3403 3478 κατὰ
3425 3424 3600 3495 σάρκα

2024 3511 2332 3581 γεννήσεως
2359 3507 2455 3563 τοῦ
2483 3506 2720 3581 Χριστοῦ
2742 3528 2757 3542 ·
2783 3511 2909 3581 περὶ
2941 3509 3041 3580 τῆς
3075 3510 3184 3565 τῶν
3216 3513 3296 3576 είς
3323 3511 3484 3565 αὑτὸν
3507 3529 3598 3565 πι-

2025 3597 2322 3653 στευόντων
2347 3597 2665 3661 ἐπιεικείας.
2710 3596 3007 3651 ’Δπώλειαν
3031 3598 3346 3665 Βαϐυλῶνος
3370 3603 3465 3655 καὶ
3490 3599 3600 3655 τῶν

2024 3685 2334 3755 ἀλλοφύλων
2373 3685 2725 3757 προφητεύει.
2784 3684 3056 3739 ’Λπώλεια
3098 3683 3418 3741 Μωαϐιτῶν.
3467 3688 3599 3759 Περὶ

2025 3771 2261 3842 Χριστοῦ
2318 3774 2643 3844 προφητεία.
2683 3772 2951 3827 ’Ᾱπώλεια
3002 3774 3316 3844 Δαμασκοῦ,
3362 3776 3456 3829 καὶ
3504 3776 3598 3828 τοῦ

2038 3858 2254 3929 Ἰσραὴλ
2286 3858 2543 3929 συμφορὰ
2574 3859 2668 3912 καὶ
2709 3859 2969 3928 σωτηρία.
3010 3860 3277 3915 Ἀπώλεια
3304 3862 3596 3930 Αἰγύπτου.

2042 3945 2356 4016 ’Λλληγορεῖ
2380 3945 2621 3999 κάκωσιν
2648 3946 2729 4008 εἰς
2765 3944 2834 3999 τὰ
2859 3945 2985 4015 ἔθνη
3024 3947 3092 4000 τά
3128 3948 3201 4017 μὴ
3241 3947 3599 4002 πιστεύσαντα

2026 4031 2104 4101 τῷ
2129 4032 2339 4103 Κυρίῳ,
2362 4031 2458 4085 καὶ¹
2479 4033 2559 4095 είς
2577 4030 2673 4101 τὴν
2699 4031 2978 4101 ἐρήμωσιν
3003 4032 3100 4102 τῆς
3120 4032 3373 4095 ἀσεϐείας
3397 4034 3596 4088 αὐτῶν.

2026 4118 2322 4174 Κελεύεται
2363 4119 2589 4182 Ἡσαΐας
2623 4117 2829 4188 γυμνὸς
2871 4118 3263 4189 περιπατῆσαι.
3306 4121 3597 4190 Ἐπιστρα-

2024 4207 2143 4262 τεία
2172 4206 2373 4278 Μήδων
2407 4207 2498 4259 καὶ
2551 4206 2903 4260 Βαϐυλωνίων
2949 4207 3212 4277 γενομένη
3252 4206 3390 4260 κατά
3442 4207 3599 4260 Ἰδου-

2029 4295 2193 4364 μαίας
2214 4294 2310 4348 καὶ
2337 4294 2616 4365 Ἀραϐίας.
2645 4293 2939 4365 Πολιορκία
2966 4292 3370 4365 Ἰερουσαλὴμή
3399 4294 3598 4365 ἐσχάτη

2024 4381 2130 4434 ὑπὸ
2160 4381 2651 4452 Ναϐουχοδονόσορ.
2680 4381 2901 4455 Πρὸρῤη
2911 4398 2992 4444 σις
3013 4379 3091 4451 τῷ
3116 4381 3315 4452 Σωμνᾷ
3334 4379 3412 4451 τῷ
3430 4380 3599 4453 ταμίᾳ

2024 4469 2153 4539 περὶ
2180 4470 2278 4539 τῆς
2323 4468 2616 4532 ἀπωλείας.
2648 4470 2712 4522 Oi
2740 4468 2797 4522 δὲ
2824 4467 3033 4539 ταμίαι,
3077 4467 3373 4534 τουτέστιν,
3410 4469 3459 4521 οί
3501 4468 3600 4537 φύ-

2022 4556 2184 4620 λακες
2213 4555 2321 4611 τῶν
2334 4558 2391 4609 ὲν
2409 4556 2485 4626 τῷ
2503 4555 2632 4627 ἱερῷ
2648 4574 2750 4628 χρη
2760 4555 2963 4627 μάτων,
2985 4554 3207 4609 ἀπότῶν
3232 4556 3421 4627 ἱερέων
3439 4551 3593 4627 ἦσαν.

2034 4642 2303 4697 Ἀπώλεια
2351 4642 2549 4715 Τύρου,
2590 4645 2686 4696 καὶ
2729 4644 2762 4714 ἡ
2806 4643 2944 4713 μετὰ
2994 4642 3165 4697 ταῦτα
3211 4644 3473 4715 σωτηρία,
3504 4646 3598 4697 καὶ

2021 4730 2284 4802 περὶτῶν
2329 4730 2664 4801 Ἐκκλησιῶν
2684 4729 3079 4801 ἀλληγορικῶς.
3128 4729 3396 4782 Ἀπώλεια
3431 4728 3602 4782 Βαϐυ-

2017 4821 2186 4885 λῶνος
2220 4821 2325 4875 ὑπὸ
2354 4821 2574 4892 Μήδων,
2598 4822 2691 4874 καί⁵
2715 4820 2804 4873 ἐπ’
2842 4820 2981 4889 αὐτῇ
3013 4818 3330 4889 εὐχαριστία
3369 4817 3448 4884 τῷ
3480 4818 3599 4889 Θεῴ

2083 5001 2104 5029 ε
2134 4998 2275 5059 Hunc
2293 5000 2454 5059 locum
2478 4999 2700 5059 respicit,
2731 4996 2805 5056 Η,
2835 4996 2865 5043 5
2898 4996 3061 5059 τάνδρί
3089 4995 3356 5059 μικρολὸγῳ
3380 4996 3435 5044 ού
3456 4997 3599 5053 καλὸς

2018 5062 2044 5109 ὁ
2063 5058 2282 5123 πλοῦτος·
2308 5058 2415 5123 uiro
2436 5054 2585 5123 pag-rb
2608 5054 2700 5106 non
2726 5054 2860 5123 οοῂςε
2877 5062 2986 5105 sum
3004 5054 3204 5123 αίιυιίαὲ,
3233 5054 3410 5123 Pythos
3431 5064 3596 5123 amem

2017 5122 2181 5185 θρῖπας
2205 5119 2455 5185 vocabant}
2485 5120 2570 5168 list
2595 5132 2710 5167 vero
2731 5119 2838 5181 θρίψ
2857 5131 3026 5185 genus_
3051 5119 3303 5185 ιςοηιιίρυιὶ
3327 5121 3598 5169 secundum

2016 5178 2235 5239 Suidam,
2260 5183 2389 5243 quod
2415 5184 2543 5241 ligna
2566 5185 2617 5227 et
2655 5178 2833 5228 cornuin
2859 5178 3165 5243 corrcdebat.
3190 5181 3317 5230 Hinc
3347 5195 3518 5243 parcos
3544 5189 3596 5229 et

2020 5258 2193 5293 avaros
2233 5241 2396 5306 θρῖπας
2437 5249 2687 5290 vocarunt.
2734 5241 3046 5302 Hesychius:
3075 5244 3199 5306 ορὶψ,
3233 5241 3473 5307 γλίσχρος,
3498 5259 3600 5306 φει-

2081 5364 2418 5428 dlxgendum
2434 5364 2674 5428 θρασείας,
2698 5371 2753 5413 ut
2781 5366 2838 5428 _iAn
2860 5363 2920 5428 Sy
2931 5367 3070 5428 nepsj
3090 5379 3202 5427 qua:
3223 5364 3598 5428 Athanasi0_ad~

2020 5425 2268 5481 εει-ἰδίων,
2294 5440 2405 5487 qua:
2427 5425 2663 5487 Sinopsis
2700 5429 2750 5474 in
2779 5425 3173 5476 Ecclesiaélicdm
3195 5429 3301 5487 sive
3334 5426 3597 5474 Siraridom

2023 5490 2219 5550 longior
2241 5486 2347 5550 had,
2388 5500 2539 5548 pauca
2564 5486 2712 5550 habet
2735 5488 2795 5537 ad
2820 5488 3026 5537 verbum
3066 5489 3145 5537 his
3166 5486 3361 5550 similia.
3384 5488 3598 5550 μενεῖτε-υ-
3680 5510 3684 5521 ο

2024 5546 2137 5610 nm?
2155 5563 2273 5597 vero
2299 5546 2529 5597 librirrnnm
2556 5549 2806 5610 Synopses
2830 5557 2934 5599 [om
2954 5551 3075 5599 caelo
3106 5549 3358 5610 dilfelfunl.
3385 5546 3437 5610 In
3464 5546 3599 5610 Silp-

2021 5607 2133 5660 cidc
2148 5611 2356 5675 legitur,
2380 5611 2518 5675 22,5,
2542 5607 2722 5675 πατέρα
2741 5613 2820 5660 καὶ
2845 5613 2991 5675 ἄνδρα
3017 5608 3321 5671 καταισχύνει
3339 5607 3603 5669 ἡθρασεῖα,

2092 5675 2115 5700 ⁸³
2142 5672 2289 5723 Forte
2315 5674 2757 5736 πεπλημμελημένοι.

3798 6114 3987 6129 ι
