4090 6216
472 318 571 378 571

474 439 581 495 ὐπδ
602 434 698 493 τοῦ
737 433 1035 505 προφήτου.
1072 426 1182 481 Καὶ
1212 428 1340 499 1:591
1375 426 1484 487 τῶν
1521 423 1741 497 Χριστῷ
1768 421 2048 475 πιστευόν-

474 539 583 577 των
620 515 944 591 προφητεία,
977 512 1227 584 περὶτῆς
1253 510 1348 564 τοῦ
1374 508 1619 563 διαϐόλου
1649 505 1923 568 ἀπωλείας
1951 505 2051 591 τῆς

476 608 580 662 61:6
612 590 843 676 Χριστοῦ
871 600 1164 671 γενομένης
1186 613 1201 627 °
1235 598 1363 668 1:591
1389 598 1488 666 1?};
1513 596 1607 649 τοῦ
1641 592 1879 665 Χριστοῦ
1908 590 2051 645 κατά

476 696 655 764 σάρκα
686 689 987 761 παρουσίας
1011 704 1025 719 ·
1060 685 1189 757 1:591
1240 685 1343 754 1?};
1388 685 1465 746 είς
1516 679 1749 753 Χριστὸν
1792 679 2045 740 πίστεως.
2076 704 2079 709 <

487 778 828 847 Ἐγκαλετται
856 779 885 829 ὁ
920 773 1157 845 Ἰσραὴλ,
1185 773 1266 826 ὃτι
1296 772 1395 840 τῆν
1429 768 1616 823 ἐλπίδα
1634 767 1742 821 ἀπὸ
1769 765 1902 820 Θεοῦ
1917 767 2052 819 ἀπο-

477 869 703 940 στήσας,
746 866 839 917 ἐπὶ
881 864 1008 925 τοὺς
1045 859 1374 929 Αἰγυπτίους
1406 856 1576 927 αὐτὴν
1607 852 2051 940 εμετήγαγεοῷκαὶ

474 938 904 1026 προαγορεύεται
931 948 1077 1019 αὐτῷ
1111 945 1276 1009 κακὰ,
1313 944 1407 998 καὶ
1438 941 1661 1015 εὐθηνία
1689 940 1829 1011 μετά
1854 938 2047 995 ταῦτα.

474 1023 884 1113 Προφητεύεται
924 1036 981 1089 δὲ
1008 1036 1067 1087 ἐν
1092 1032 1172 1103 τῷ
1214 1030 1362 1100 αὐτῷ
1390 1028 1518 1100 περὶ
1552 1027 1649 1097 τῆς
1690 1024 1788 1113 τοῦ
1815 1023 2050 1096 Χριστοῦ

487 1112 834 1199 Ἐκκλησίας,
865 1125 994 1194 1:591
1021 1121 1122 1191 1?};
1150 1116 1483 1188 ἐπιστροφῆς
1517 1115 1627 1168 τῶν
1653 1112 1821 1168 ἐθνῶν
1848 1113 1949 1182 τῆς
1973 1113 2051 1174 είς

475 1217 727 1290 Χριστὸν,
760 1215 854 1268 καὶ
879 1210 1124 1282 περὶτῆς
1145 1206 1477 1278 ἐρημώσεως
1511 1201 1885 1290 Ἰερουσαλήμ.
1919 1200 2052 1270 [1591

472 1288 575 1377 1?};
608 1301 932 1373 Ἐκκλησίας
970 1296 1199 1368 ἱστορία,
1221 1294 1294 1357 ὡς
1335 1292 1434 1362 μὲν
1464 1289 1607 1377 κατά
1638 1289 1739 1361 τὴν
1764 1288 2052 1377 πρόχειρον

475 1375 556 1459 εἰς
586 1391 685 1462 τὴν
717 1386 1021 1456 Ἰδουμαίαν
1047 1384 1141 1437 καὶ
1161 1381 1262 1451 τὴν
1296 1376 1668 1449 Ἰερουσαλὴμ,
1697 1376 1818 1462 κατ’
1841 1375 2054 1462 ἀναγω-

475 1479 578 1549 γὴν
602 1460 659 1530 δέ
701 1476 781 1538 είς
812 1473 911 1543 τὴν
958 1468 1191 1540 ἐρημίαν
1233 1465 1341 1519 τῶν
1383 1463 1669 1528 Ἰουδαίων,
1701 1461 1798 1549 καὶ
1829 1462 1909 1522 εἰς
1953 1460 2054 1529 τὴν

478 1547 777 1635 εὐπραγίαν
802 1560 899 1630 τῆς
925 1556 1019 1610 τοῦ
1042 1552 1276 1626 Χριστοῦ
1311 1550 1657 1621 Ἐκκλησίας.
1684 1548 1767 1603 Τά
1790 1547 1933 1601 κατά
1961 1547 2052 1635 16v

478 1634 839 1723 Σεναχηρείμ.
889 1643 1203 1718 Προφητεία
1232 1642 1361 1713 1:591
1410 1640 1658 1694 Ἰωάννου
1687 1638 1781 1691 τοῦ
1821 1634 2054 1723 ῌροδρός

481 1721 732 1811 μου,’καὶ
758 1735 865 1789 τῶν
891 1736 970 1796 εἰς
992 1730 1227 1803 Χριστὸν
1253 1727 1635 1783 πιστευόντων.
1658 1726 1769 1795 Τῆς
1792 1723 1887 1777 τοῦ
1916 1721 2051 1777 Θεοῦ

475 1828 757 1899 δυνάμεως
800 1820 1044 1887 ἔνδειξις,
1075 1820 1171 1873 καὶ
1203 1817 1508 1888 κατηγορία
1550 1814 1645 1868 τοῦ
1695 1811 1931 1884 Ἰσραὴλ,
1976 1811 2053 1873 ώς

476 1909 1006 1983 είδωλολατροῦντος,
1047 1907 1142 1961 καὶ
1174 1905 1282 1958 τῶν
1319 1904 1400 1967 εἰς
1435 1902 1527 1955 τὸν
1554 1900 1682 1955 λαὸν
1727 1899 2052 1968 εὐεργεσιῶν

428 2020 433 2023 ‘
478 2002 802 2072 ὑπόμνησις.
844 1995 980 2066 Περὶ
1006 1995 1105 2064 τῆς
1151 1988 1606 2061 ἐκκλησιαστικῆς
1648 1985 2050 2049 καταστάσεως,

477 2092 571 2146 καὶ
599 2088 832 2144 εἰδώλων
854 2083 1153 2146 ἀσθενείας.
1182 2079 1317 2151 Περὶ
1343 2074 1579 2149 Χριστοῦ
1605 2072 1940 2146 προφητεία,
1958 2072 2053 2124 καὶ

476 2180 585 2234 τῶν
630 2180 710 2239 είς
758 2176 921 2230 αὐτὸν
965 2170 1344 2226 πιστευόντων.
1394 2165 1670 2229 Ὀνειδίζει
1717 2162 1795 2234 τῷ
1839 2161 2054 2233 Ἰσραὴλ

478 2266 761 2339 ἁμαρτιῶν
785 2265 990 2318 ἕνεκεν.
1013 2261 1176 2329 Λέγει
1201 2256 1291 2312 διὰ
1306 2256 1405 2329 τὴν
1424 2253 1707 2326 παρακοήν
1726 2250 1905 2306 αὐτῶν
1918 2251 2052 2339 ἐπε-

476 2337 737 2424 νηνέχθαι
786 2351 970 2412 αὐτοῖς
999 2346 1099 2410 τὰς
1140 2343 1443 2416 συμφοράς.
1480 2341 1617 2411 Περὶ
1657 2340 1757 2410 τῆς
1801 2338 1880 2401 είς
1918 2337 2053 2408 Χρι-

478 2443 604 2496 στὸν
633 2439 891 2502 πίστεως.
916 2436 1038 2489 Ὅτι
1062 2433 1155 2487 καὶ
1187 2432 1262 2504 μή
1287 2431 1481 2484 θύοντα
1506 2430 1653 2482 εῐασε
1680 2427 1770 2479 τὸν
1789 2425 1937 2489 λαὸν,
1960 2425 2054 2477 καὶ

475 2531 576 2582 οὐκ
610 2527 805 2598 ἀπῄτει
850 2523 947 2595 τὴν
979 2522 1068 2576 διὰ
1097 2519 1298 2574 θυσιῶν
1325 2517 1600 2588 λατρείαν.
1639 2515 1747 2569 Καὶ
1786 2512 1914 2583 περὶ
1946 2511 2054 2564 τῶν

476 2619 556 2680 εἰς
599 2613 831 2684 Χριστὸν
873 2607 1238 2663 πιστευόντων
1291 2601 1617 2674 προφητεία.
1656 2600 1915 2670 Ἔλεγχος
1956 2601 2055 2670 τῆς

475 2704 586 2755 τῶν
613 2699 842 2754 εἰδώλων
876 2694 1172 2758 ἀσθενείας,
1204 2692 1299 2745 καὶ
1328 2689 1548 2756 ἔνδειξις
1569 2689 1663 2758 τῆς
1686 2686 1778 2740 τοῦ
1804 2686 1939 2740 Θεοῦ
1968 2686 2056 2763 δυς

477 2790 714 2860 νάμεως.
759 2783 1027 2838 Ἀπώλεια
1069 2779 1408 2843 Βαϐυλῶνος,
1437 2777 1533 2831 καὶ
1577 2779 1678 2847 τῆς
1713 2773 2053 2844 σκληροκαρ-

476 2877 595 2940 δίας
659 2871 926 2927 Ἰουδαίων
972 2868 1213 2939 ἔλεγχος,
1262 2865 1357 2920 καὶ
1411 2862 1660 2936 χρηστῶν
1717 2861 2055 2932 πραγμάτοιν

478 2960 807 3036 προφητεία.
841 2960 917 3012 Πε
927 2957 979 3028 91
1007 2952 1243 3027 Χριστοῦ
1267 2951 1570 3025 προφητεία
1591 2949 1685 3003 καὶ
1715 2948 2055 3036 παράκλησις

489 3035 863 3122 Ἰερουσαλήμ.
899 3044 1035 3117 Περὶ
1055 3043 1164 3097 τῶν
1192 3039 1504 3095 ἀποστόλων
1534 3038 1629 3091 καὶ
1657 3038 1785 3107 1:591
1817 3035 2053 3107 Χριστοῦ

477 3136 802 3212 προφητεία.
836 3134 972 3207 Περὶ
1008 3131 1109 3200 τῆς
1141 3128 1237 3182 τοῦ
1277 3126 1512 3200 Χριστοῦ
1550 3126 1689 3179 κατά
1721 3125 1898 3197 σάρκα
1930 3141 2057 3194 γεν-

475 3228 708 3298 νήσεως,
742 3223 836 3276 καὶ
861 3222 989 3291 περὶ
1017 3218 1241 3281 πάθους,
1266 3217 1361 3270 καὶ
1390 3214 1762 3277 ἀναστάσεως,
1794 3213 1889 3267 καὶ
1925 3213 2055 3282 πλή-

477 3317 606 3376 θους
631 3311 740 3364 τῶν
772 3311 852 3372 εἰς
881 3309 1042 3367 αὐτὸν
1083 3307 1463 3360 πιστευόντων.
1506 3303 1643 3370 [1591
1679 3300 1774 3355 τοῦ
1820 3298 2054 3369 Χριστοῦ

477 3402 597 3471 ἅμα
623 3399 718 3453 καὶ
740 3398 868 3467 περὶ
897 3395 1048 3468 [583}
1070 3393 1164 3447 τοῦ
1206 3391 1422 3463 Ἰσραὴλ
1447 3390 1591 3444 κατά
1624 3388 1884 3459 ίστορίαν,
1914 3387 2057 3441 κατὰ

477 3486 771 3557 ἀναγωγὴν
800 3484 928 3555 1:591
959 3481 1068 3536 τῶν
1089 3483 1169 3543 εἰς
1199 3480 1435 3550 Χριστὸν
1461 3479 1840 3531 πιστευόντων.
1876 3478 2057 3547 Κατη-

478 3577 640 3647 γορία
681 3572 946 3628 Ἰουδαίων
986 3567 1427 3638 είδωλολατρείας
1466 3566 1673 3627 ένεκεν,
1712 3566 1935 3636 καὶτῆς
1964 3583 2057 3634 νη-

481 3664 665 3727 στείας
700 3659 879 3715 αὐτῶν
909 3656 1262 3729 παραίτησις,
1295 3654 1387 3707 καὶ
1423 3653 1615 3723 ἐτέρας
1656 3652 1907 3723 νηστείας
1935 3651 2056 3721 βελ-

478 3753 651 3815 τίονος
677 3746 966 3813 ὐπόδειξις.
996 3741 1132 3798 Εἶτα
1152 3742 1457 3813 κατηγορία
1488 3741 1596 3795 τῶν
1621 3740 1850 3812 δολερῶν
1879 3740 2058 3794 αὐτῶν

479 3841 657 3912 ἔργων
690 3836 786 3891 καὶ
809 3832 1212 3907 βουλευμάτων,
1239 3830 1333 3884 καὶ
1362 3830 1667 3900 προφητεία
1694 3829 1823 3899 1:591
1843 3828 1950 3881 τῶν
1978 3829 2057 3891 εἰς

479 3926 714 3998 Χριστὸν
749 3923 1127 3980 πιστευόντων.
1163 3919 1297 3989 Περὶ
1336 3917 1573 3989 Χριστοῦ
1608 3917 1932 3989 προφητεία,
1965 3918 2058 3971 καὶ

481 4015 613 4086 1:591
635 4012 743 4066 τῶν
773 4012 965 4065 ίάσεων
990 4007 1098 4061 τῶν
1124 4008 1202 4070 εἰς
1226 4004 1403 4076 ψυχὴν
1425 4006 1517 4061 καὶ
1545 4006 1624 4068 εἰς
1652 4004 1811 4075 σῶμα
1836 4005 2076 4074 γενομέω

482 4119 586 4159 νων
618 4101 709 4154 ὐπ’
737 4096 922 4162 αὐτοῦ,
951 4095 1045 4149 καὶ
1071 4094 1201 4164 1:591
1221 4092 1329 4145 τῶν
1352 4092 1661 4145 ἀποστόλων
1688 4092 1780 4146 καὶ
1808 4093 1932 4162 1:591
1954 4092 2059 4145 τῶν

480 4187 679 4243 λοιπῶν
700 4184 808 4243 τῶν
830 4184 1193 4241 πιστευόντων
1221 4179 1389 4250 αὐτῷ.
1420 4180 1555 4249 Περὶ
1582 4178 1675 4232 τοῦ
1699 4178 1923 4242 πάθους.
1953 4180 2061 4232 Καὶ

481 4278 633 4351 παρά
659 4273 752 4330 τοῦ
789 4273 1090 4345 προφήτου,
1122 4269 1197 4332 ὡς
1228 4268 1378 4339 παρά
1410 4266 1505 4320 τοῦ
1540 4266 1691 4332 λαοῦ,
1739 4266 2062 4339 ἐξομολόγη-

484 4385 588 4429 σις,
620 4364 716 4418 καὶ
744 4361 894 4432 παρά
917 4357 1009 4412 τοῦ
1040 4357 1247 4429 Κυρίου
1277 4356 1495 4425 ἔλεγχος
1516 4354 1737 4408 ἐκείνων
1759 4355 2058 4419 ἀπειθείας,

483 4453 579 4510 καὶ
606 4448 906 4520 πρόσληψις
930 4446 1038 4498 τῶν
1056 4443 1420 4497 πιστευόντων
1447 4440 1615 4511 αὐτῷ,
1643 4442 1738 4495 καὶ
1762 4441 2061 4511 κατηγορία

482 4540 582 4609 τῆς
616 4535 883 4590 Ἰουδαίων
914 4530 1375 4599 εἰδωλολατρείας.
1408 4529 1543 4598 Περὶ
1561 4528 1669 4581 τῶν
1696 4528 2062 4581 πιστευόντων

486 4627 545 4694 ἐξ
589 4622 854 4678 Ἰουδαίων
889 4621 969 4682 είς
1006 4618 1099 4671 τὸν
1138 4616 1342 4688 Κύριον
1374 4615 1529 4685 ἡμῶν
1573 4615 1778 4684 Ἰησοῦν
1808 4614 2059 4686 Χριστόν.

486 4711 801 4783 Κατηγορία
828 4708 936 4762 τῶν
990 4705 1401 4774 ἀπειθησάντων
1446 4704 1572 4770 1:591
1619 4704 1717 4773 1?};
1766 4703 2063 4776 μελλούσης

487 4801 655 4872 ζωῆς-

533 4941 797 5008 Σύνοψις
832 4937 947 4992 τῶν
968 4935 1047 5002 τῷ
1076 4935 1355 5005 προφήτῃ
1388 4930 1633 4999 Ἱερεμίᾳ
1656 4928 1996 4998 εἰρημένων.

559 5059 966 5131 Προαγόρευσις
988 5059 1094 5112 τῶν
1118 5055 1392 5126 ἐσομένων
1414 5053 1599 5108 κακῶν
1614 5051 1693 5122 τῷ
1729 5050 1936 5123 Ἰσραὴλ
1960 5051 2064 5104 ὐπὸ

488 5146 582 5203 τοῦ
639 5145 1125 5215 Ναϐουχοδονόσορ.
1168 5140 1430 5213 Ἔλεγχος
1480 5141 1580 5211 τῆς
1626 5138 2065 5208 είδωλολατρείας

489 5234 582 5291 τοῦ
634 5231 871 5303 Ἰσραὴλ,
897 5232 990 5284 καὶ
1017 5231 1323 5301 ὑπόμνησις
1350 5231 1447 5299 τῆς
1471 5229 1561 5283 τοῦ
1583 5227 1716 5281 Θεοῦ
1748 5226 2065 5297 εὐεργεσίας

491 5324 571 5386 εἰς
599 5320 818 5383 αὐτοὺς,
853 5318 946 5372 καὶ
975 5319 1082 5371 τῶν
1105 5317 1313 5381 κακῶν,
1343 5318 1378 5370 ἃ
1412 5319 1476 5369 ἐκ
1498 5314 1591 5368 τοῦ
1636 5313 1950 5367 πεποιθέναι
1974 5314 2067 5366 Αί-

491 5408 740 5476 γυπτίοις
797 5406 1115 5476 ὑπέμειναν.
1173 5405 1284 5474 Τῆς
1345 5404 1453 5458 τῶν
1502 5403 1732 5456 εἰδώλων
1785 5402 2065 5464 ἀσθενείας

494 5497 734 5566 ἔλεγχος,
756 5496 851 5548 καὶ
873 5494 971 5563 τῆς
999 5492 1178 5546 αὐτῶν
1205 5490 1312 5543 τῶν
1350 5490 1699 5560 Ἰσραηλιτῶν
1720 5489 2066 5560 ἀνθρωποθυ-

496 5586 616 5648 σίας
670 5582 990 5654 κατηγορία.
1035 5581 1140 5633 Τοῦ
1185 5579 1397 5657 Ἰσραὴλ
1449 5578 1767 5648 κατηγορία,
1819 5579 1912 5631 καὶ
1959 5577 2065 5630 ἀπὸ

498 5672 833 5742 συγκρίσεως
866 5672 962 5741 τῆς
998 5669 1130 5741 1:96;
1169 5669 1328 5721 αὐτὸν
1363 5664 1589 5734 αὔξησις
1620 5666 1727 5718 τῶν
1766 5665 1857 5722 τοῦ
1900 5666 2065 5718 Ἰούδα

502 5758 858 5829 τολμημάτων
886 5778 896 5788 ·
920 5759 1007 5813 καὶ
1034 5757 1420 5829 προαγόρεντις
1448 5754 1693 5823 χρηστῶν
1717 5752 1791 5822 τῷ
1833 5754 2063 5823 Ἰσραὴλ,

1078 338 1081 341 ⁴
1162 314 1218 370 S.
1260 308 1546 366 JOANMS
1581 302 2078 363 CHRYSOSTOMI
2114 301 2442 389 ARCHEEP.
2483 297 3035 357 CONSTANTINOP.

3629 294 3741 351 578

2157 421 2204 474 εί
2238 419 2552 491 ἐπιστρέψει
2585 419 2722 490 πρὸς
2745 417 2836 472 16v
2863 417 2996 471 Θεόν
3014 434 3026 446 ·
3062 416 3154 470 καὶ
3179 413 3285 469 ὑπὸ
3315 412 3407 466 τοῦ
3433 414 3741 483 προφήτου,

2154 512 2230 575 ὡς
2264 508 2416 579 παρά
2445 508 2540 561 τοῦ
2565 506 2716 569 λαοῦ,
2743 505 3149 577 ἐξομολόγησις.
3193 504 3258 556 Ἦ
3293 500 3475 564 ἄνοδος
3499 500 3609 553 τῶν
3632 500 3741 552 Βα-

2156 597 2447 661 ϐυλωνίων,
2488 594 2584 649 καὶ
2605 588 2698 648 τοῦ
2722 595 3000 665 προφήτου
3022 592 3217 663 θρῆνος
3248 590 3343 642 ἐπὶ
3367 591 3434 659 τῇ
3470 587 3740 660 μελλούσῃ

2155 683 2453 755 ἐρημώσει,
2470 683 2563 735 καὶ
2583 681 2754 751 αὐτῆς
2774 680 2875 748 τῆς
2900 677 3232 749 ἐρημώσεως
3261 675 3574 746 ὐπογραφή.
3593 674 3742 728 Κατ-

2153 772 2352 843 ηγορία
2395 769 2489 823 τοῦ
2537 767 2691 831 λαοῦ,
2741 768 2823 821 ὅτι
2872 767 3064 819 οὐδένα
3109 763 3267 835 ἔσχεν
3321 763 3465 816 οὕτω
3508 761 3737 823 δίκαιον,

2156 858 2296 912 ὥστε
2323 858 2519 929 στῆσαι
2555 855 2650 910 τοῦ
2683 855 2819 909 Θεοῦ
2864 855 2963 924 τὴν
2988 852 3178 925 ὀργὴν,
3209 851 3305 905 καὶ
3348 850 3447 919 τῆς
3476 848 3740 920 πονηρίας

2157 945 2336 999 αὐτῶν
2387 945 2626 1016 ἐλεγχος.
2664 945 2786 998 Ὅτι
2822 943 2884 996 οὐ
2935 944 3098 1012 μέχρι
3128 939 3393 1010 θεμελίων
3426 937 3541 1008 ἔχει
3569 953 3743 989 καταο

2159 1033 2462 1103 στραφῆναι
2498 1030 2851 1101 Ἰερουσαλὴμ
2871 1030 2977 1082 ὐπὸ
2998 1026 3093 1081 τοῦ
3113 1024 3602 1096 Ναϐουχοδονόσορ.
3630 1024 3744 1077 Καί⁵

2157 1119 2339 1182 ἄνοδος
2369 1119 2480 1173 τῶν
2524 1117 2901 1181 Βαϐυλωνίων,
2947 1115 3041 1169 καὶ
3076 1112 3381 1183 κατηγορία
3428 1114 3527 1182 τῆς
3579 1112 3742 1164 ἀπει-

2158 1204 2308 1270 θείας
2358 1205 2454 1259 τοῦ
2493 1204 2727 1277 Ἰσραὴλ,
2757 1204 2839 1257 ὅτι
2886 1203 2987 1256 οὐκ
3032 1200 3307 1271 ἠνείχοντο
3352 1197 3584 1252 ἀκοῦσαι
3643 1197 3743 1250 τοῦ

2158 1295 2457 1365 προφήτου.
2491 1288 2808 1362 Κατηγορία
2836 1289 2943 1343 τῶν
2960 1284 3418 1358 ψευδοπροφητῶν
3441 1283 3746 1356 παραλογι-

2160 1379 2401 1449 ζομένων
2432 1379 2523 1433 16v
2558 1378 2717 1432 λαόν·
2753 1376 2848 1431 τοῦ
2890 1375 3000 1447 γάρ
3046 1372 3306 1443 Ἱερεμίου
3355 1371 3623 1440 λέγοντος,
3658 1371 3744 1425 ὅτι

2159 1463 2401 1535 Πόλεμος
2420 1460 2593 1524 ἔσται,
2621 1462 2783 1527 αὐτὸς
2801 1462 3004 1532 ἔλεγεν,
3017 1462 3172 1535 Οὐχὶ,
3191 1459 3326 1513 ἀλλά
3350 1459 3539 1530 εἰρήνη
3563 1459 3740 1513 ἔσται.

2160 1551 2493 1623 Παραίτησις
2524 1550 2749 1613 θυσιῶν,
2784 1549 2880 1603 καί
2911 1547 3094 1612 ἄνοδος
3123 1545 3216 1600 τοῦ
3250 1546 3623 1612 Βαϐυλωνίου,
3646 1547 3746 1599 καὶ

2158 1640 2259 1710 τῆς
2287 1637 2684 1707 ἀνεπιστρόφου
2711 1634 2950 1698 διανοίας
3005 1633 3275 1687 Ἰουδαίων
3318 1633 3557 1703 ἐλεγχος.
3586 1634 3743 1702 Παρ-

2160 1728 2300 1781 αινεῖ
2323 1725 2402 1796 τῷ
2447 1724 2620 1795 Ἰούδᾳ
2661 1724 2800 1795 1:96;
2833 1723 2894 1777 16
2935 1722 3188 1792 γενέσθαι
3221 1722 3419 1786 αὐτοὺς
3448 1722 3743 1793 βελτίονας,

2160 1816 2254 1869 καὶ
2286 1812 2516 1876 ἀπειλεῖ,
2543 1812 2593 1865 εἰ
2625 1812 2701 1883 μὴ
2740 1810 3001 1879 γένοιντο,
3034 1809 3102 1863 τά
3145 1809 3281 1863 αὐτὰ
3323 1810 3607 1863 πείσεσθαι
3645 1812 3749 1863 αὐ-

2158 1903 2284 1965 τοὺς
2320 1900 2400 1971 τῷ
2444 1898 2690 1969 Ἰσραήλ·
2722 1898 2816 1952 καὶ
2853 1896 3053 1950 κωλύει
3083 1896 3175 1951 τὸν
3212 1897 3478 1968 Ἰερεμίαν
3527 1897 3745 1950 δεῖσθαι

2161 1988 2301 2060 ὐπέρ
2349 1987 2547 2041 αὐτῶν.
2616 1984 2952 2056 Παραίτησις
2999 1983 3227 2049 θυσιῶν,
3279 1984 3581 2054 κατηγορία
3642 1984 3747 2051 τῆς

2160 2074 2488 2147 ἀπροσεξίας
2510 2073 2711 2137 αὐτῶν,
2742 2074 2834 2126 καὶ
2865 2070 2964 2141 τῆς
2996 2069 3466 2142 ἀνθρωποθυσίας.
3495 2071 3561 2140 ἢν
3586 2072 3749 2122 ἐποι-

2160 2160 2316 2215 οῦντο
2371 2164 2484 2225 τοῖς
2533 2159 2770 2231 δαίμοσι.
2820 2158 2930 2211 Καὶ
2979 2158 3382 2229 προαγόρευσις
3427 2155 3522 2209 τοῦ
3570 2156 3753 2226 τάφον

2162 2249 2378 2304 ἔσεσθαι
2405 2249 2496 2302 τὸν
2528 2247 2691 2302 τόπον
2731 2245 2825 2300 τοῦ
2866 2245 3086 2299 εἰδώλου
3115 2244 3314 2307 αὐτῶν,
3355 2244 3449 2297 καὶ
3482 2242 3576 2297 τοῦ
3606 2246 3749 2315 μηδὲ

2160 2337 2351 2405 τάφοις
2394 2334 2542 2398 τινὰς
2591 2333 2699 2388 τῶν
2729 2331 3134 2404 ἀναιρουμένων
3175 2331 3579 2403 παραδίδοσθαι.
3621 2332 3750 2384 Ἔτι

2162 2424 2290 2495 περὶ
2315 2423 2414 2491 τῆς
2440 2421 2625 2476 ἀνόδου
2657 2420 2765 2473 τῶν
2802 2418 3093 2489 πολεμίων,
3128 2418 3222 2472 καὶ
3249 2418 3444 2489 θρῆνος
3477 2418 3751 2489 Ἱερεμίου

2162 2511 2255 2564 ἐπὶ
2288 2512 2407 2574 ταῖς
2455 2508 2673 2571 κακίαις
2715 2507 2913 2561 αὐτῶν.
2946 2505 3265 2577 Κατηγορία
3309 2506 3418 2558 τῶν
3455 2505 3751 2569 Ἰουδαίων,

2160 2598 2234 2662 ὡς
2259 2596 2647 2670 ἀπεριτμήτων
2670 2597 2737 2666 τῇ
2780 2595 2997 2666 καρδίᾳ,
3041 2595 3136 2646 καὶ
3167 2593 3487 2664 παραίνεσις
3515 2592 3656 2663 πρὸς
3685 2593 3755 2645 16

2166 2685 2241 2755 μὴ
2268 2683 2695 2755 εἰδωλολατρεῖν,
2721 2681 2816 2735 καὶ
2848 2681 2925 2745 ὡς
2962 2680 3117 2751 παρὰ
3143 2680 3236 2733 τοῦ
3263 2678 3391 2733 λαοῦ
3424 2679 3620 2750 θρῆνος
3650 2680 3754 2731 ἐπὶ

2161 2773 2274 2834 τοῖς
2304 2769 2555 2840 μέλλουσι
2583 2770 2792 2832 κακοῖς,
2822 2767 2918 2821 καὶ
2948 2766 3250 2838 κατηγορία
3279 2766 3431 2837 παρά
3455 2765 3549 2818 τοῦ
3581 2765 3750 2821 Θεοῦ.

2163 2858 2494 2927 Παραίνεσις
2520 2853 2614 2908 τοῦ
2653 2853 2869 2926 Ἰσραὴλ
2899 2854 3034 2924 1:96;
3064 2854 3125 2907 16
3155 2853 3451 2907 ὑπακούειν
3476 2851 3614 2922 Θεῷ,
3649 2856 3752 2906 καὶ

2162 2943 2463 3015 κατηγορία
2494 2943 2604 2996 τῶν
2634 2942 2885 3013 πατέρων
2909 2940 3109 3003 αὐτῶν,
3136 2943 3233 2994 καὶ
3260 2940 3438 2994 αὐτῶν
3463 2941 3605 2993 κακά
3628 2941 3757 2993 ἐσό-

2166 3050 2322 3102 μενα.
2359 3030 2511 3102 1⁸584]
2543 3031 2655 3084 Καὶ
2692 3029 2960 3083 κωλύεται
2999 3028 3158 3082 πάλιν
3210 3027 3476 3099 Ἱερεμίας
3515 3026 3758 3098 11900513-

2162 3118 2351 3189 χεσθαι
2378 3112 2519 3189 ὑπὲρ
2545 3117 2745 3172 αὐτῶν.
2779 3116 3133 3187 ’Λποδύρεται
3162 3117 3191 3168 6
3224 3114 3758 3185 προφήτης“ἐπιϐουο

2162 3207 2446 3276 λευόμενος
2492 3205 2598 3258 ὑπὸ
2642 3204 2911 3258 Ἰουδαίων
2950 3205 3007 3257 ἐν
3047 3202 3308 3265 Ἀναθὼθ,
3355 3202 3451 3255 καὶ
3492 3201 3759 3272 προλέγει

2162 3296 2249 3351 διά
2273 3294 2430 3349 τοῦτο
2458 3294 2723 3362 ἑπόμενον
2750 3293 2933 3357 αὐτοῖς
2956 3292 3194 3363 ὄλεθρον.
3221 3292 3295 3345 T6
3328 3290 3619 3361 περίζωμα
3649 3307 3758 3344 κε-

2162 3382 2375 3436 λεύεται
2409 3380 2614 3451 κρύψαι
2656 3379 2945 3452 Ἱερεμίας,
2976 3380 3072 3433 καὶ
3100 3378 3355 3449 προλέγει
3390 3377 3763 3447 πληρωθήσεο

2166 3475 2287 3528 σθαι
2336 3473 2552 3537 αὐτοὺς,
2587 3471 2681 3526 καὶ
2716 3470 3149 3542 μεθυσθήσεσθαι
3202 3469 3310 3523 ἀπὸ
3354 3469 3559 3523 κακῶν.
3611 3470 3762 3540 Περὶ

2162 3563 2261 3633 τῆς
2299 3560 2592 3631 ἀϐροχίας·
2626 3559 2719 3613 καὶ
2750 3558 3018 3612 κωλύεται
3052 3556 3454 3629 προσεύχεσθαι
3488 3557 3627 3627 ὑπὲρ
3652 3558 3759 3610 αὐ-

2163 3649 2272 3701 τῶν
2301 3649 2330 3701 ὁ
2357 3651 2671 3720 προφήτης,
2704 3646 2799 3699 καὶ
2842 3648 3188 3714 παραιτεῖται
3214 3647 3241 3697 6
3267 3644 3400 3706 Θεὸς
3431 3644 3501 3696 τά
3525 3643 3763 3698 ὁλοκαυ-

2163 3732 2391 3807 τώματα
2439 3733 2638 3797 αὐτῶν,
2673 3734 2767 3785 καὶ
2797 3733 2896 3795 τάς
2936 3731 3211 3802 νηστείας,
3250 3732 3345 3783 καὶ
3394 3731 3607 3784 ἀπειλεῖ
3639 3735 3761 3795 τοῖς

2163 3822 2633 3893 ψευδοπροφήταις
2660 3819 2826 3882 κακά,
2856 3819 3041 3890 ἐπειδὴ
3071 3818 3254 3887 ἔλεγον
3283 3819 3366 3871 ὅτι
3401 3819 3503 3871 οὐκ
3535 3817 3762 3871 ἔσονται

2168 3910 2442 3981 συμφοραὶ
2490 3910 2567 3979 τῷ
2595 3908 2730 3979 λαῷ.
2774 3907 3030 3961 Ἰκετεύει
3061 3907 3152 3959 τὸν
3193 3906 3326 3959 Θεόν
3354 3924 3365 3935 υ
3397 3909 3426 3960 6
3461 3905 3519 3958 δέ
3562 3923 3762 3976 φησιν,

2165 4001 2263 4053 οὐκ
2308 3996 2746 4060 είσακούσεσθαι,
2777 3995 2899 4049 οὐδὲ
2938 3995 3033 4047 ἐὰν
3075 3994 3318 4065 Μωῦσῆς
3358 3994 3453 4048 καὶ
3496 3993 3762 4064 Σαμουὴλ

2168 4086 2539 4161 πρεσϐεύωσιν
2589 4085 2730 4156 ὐπέρ
2774 4083 2973 4144 αὐτῶν.
3023 4082 3159 4136 ἀλλά
3204 4080 3398 4135 δώσειν
3443 4082 3639 4144 αὐτοὺς
3674 4083 3765 4144 είς

2170 4177 2438 4247 μάχαιραν
2475 4177 2569 4230 καὶ
2601 4174 2852 4239 θάνατον,
2880 4173 2975 4226 καὶ
3012 4171 3169 4243 λιμὸν
3213 4171 3307 4224 καὶ
3350 4171 3758 4241 αἰχμαλωσίαν,

2168 4266 2261 4317 καὶ
2288 4266 2366 4327 εἰς
2415 4261 2756 4332 διασπασμὸν
2800 4260 3008 4313 κακῶν.
3068 4258 3170 4312 Καὶ
3212 4259 3481 4329 Ἱερεμίας
3534 4257 3762 4328 εῦχεται

2166 4352 2538 4423 τιμωρηθῆναι
2562 4352 2686 4413 τοὺς
2708 4349 3066 4412 ὀνειδίζοντας
3086 4349 3247 4401 αὐτόν
3265 4368 3277 4377 ·
3303 4351 3332 4401 ὁ
3357 4348 3414 4401 δὲ
3432 4348 3563 4411 Θεός
3586 4365 3763 4417 φησιν

2167 4439 2313 4509 αὐτῷ
2332 4457 2346 4470 ·
2388 4439 2522 4492 Ἐὰν
2545 4437 2772 4507 ἐξάγῃς
2798 4438 2997 4506 τίμιον
3016 4436 3134 4492 ἀπὸ
3156 4436 3430 4502 ἀναξίου,
3450 4436 3530 4501 ὠς
3557 4437 3763 4505 στόμα

2163 4548 2280 4598 μου
2314 4526 2452 4594 ἔστι.
2512 4523 2807 4583 Κελεύεται
2855 4523 2930 4595 μὴ
2986 4525 3161 4596 γῆμαι
3205 4526 3232 4576 ὁ
3275 4524 3565 4594 Ἱερεμίας,
3615 4524 3762 4594 μηδὲ

2170 4615 2408 4686 θρηνεῖν,
2451 4610 2586 4682 μηδὲ
2614 4609 2708 4663 τοῦ
2741 4611 3026 4682 γινομένου
3066 4612 3178 4673 τοῖς
3207 4609 3608 4680 ἀποθνήσκουσι
3639 4626 3761 4663 κοι-

2169 4705 2356 4756 νωνεῖν
2380 4703 2493 4763 τοῖς
2539 4699 2920 4771 Ἰσραηλίταις.
2961 4699 3098 4768 Περὶ
3123 4698 3230 4751 τῶν
3257 4698 3593 4760 ἀποστόλων,
3623 4700 3762 4769 περὶ

2168 4788 2405 4861 Χριστοῦ
2446 4787 2781 4858 προφητεία’
2822 4788 2948 4849 τούς
2992 4787 3183 4855 λόγους
3230 4786 3339 4839 τῶν
3379 4785 3763 4838 ἀπιστούντων

2171 4877 2317 4947 αὐτῷ
2350 4877 2378 4928 ό
2427 4876 2710 4945 προφήτης
2744 4873 3014 4943 προλέγει,
3049 4875 3145 4926 καὶ
3187 4874 3509 4942 κατεύχεται
3548 4873 3755 4925 αὐτῶν.

2171 4967 2280 5018 Καὶ
2310 4966 2562 5035 παραινεί
2606 4965 2716 5024 τοῖς
2758 4961 3051 5022 Ἰουδαίοις,
3092 4959 3230 5013 ὥστε
3266 4959 3325 5011 16
3355 4959 3621 5012 σάϐϐατον
3655 4978 3759 5030 11}-

2174 5057 2307 5124 ρεῖν.
2340 5055 2433 5115 Είς
2467 5052 2557 5104 τὸν
2588 5046 2734 5103 οἷκον
2782 5049 2875 5102 τοῦ
2922 5050 3210 5119 κεραμέως
3260 5049 3533 5119 πέμπεται
3557 5051 3586 5102 6
3621 5067 3759 5118 1:90-

2168 5142 2365 5209 νήτης.
2424 5138 2613 5206 Πέρας
2659 5136 2930 5202 λαλήσω,
2966 5138 3129 5206 φησὶν
3159 5137 3189 5188 6
3224 5136 3377 5199 Θεὸς,
3424 5135 3522 5189 ἐπὶ
3565 5136 3750 5199 βασι-

2169 5228 2358 5292 λείας,
2381 5224 2536 5278 ὥστε
2557 5223 2821 5291 ἀναιρεῖν
2837 5224 3031 5290 αὐτήν
3057 5239 3070 5252 ·
3092 5224 3187 5276 καὶ
3207 5224 3301 5277 ἐὰν
3322 5223 3745 5292 ἐπιστρέψωσιν,

2171 5316 2232 5367 οὐ
2268 5313 2341 5383 μὴ
2365 5312 2556 5365 ἀνέλω.
2590 5313 2695 5364 Καὶ
2719 5311 2903 5378 πέρας
2930 5309 3204 5375 λαλήσω,
3234 5310 3418 5378 φησὶν,
3448 5310 3546 5363 ἐπὶ
3574 5311 3754 5373 ἔθνος

2173 5399 2205 5472 ἦ
2237 5400 2582 5464 βασιλείαν,
2617 5397 2723 5451 τοῦ
2753 5388 3287 5466 ἁνοικοδομεῖσθαιζ
3320 5396 3428 5451 Καὶ
3469 5397 3564 5451 ἐάν
3596 5401 3755 5466 ποιή-

2174 5502 2308 5538 σωσι
2334 5486 2394 5538 16
2423 5485 2676 5555 πονηρὸν,
2712 5485 2772 5537 οὐ
2804 5485 3014 5555 ποιήσω
3050 5484 3205 5553 κάγὼ
3235 5484 3365 5555 1:591
3392 5483 3501 5536 τῶν
3530 5483 3752 5550 ἀγαθῶν

2171 5566 2245 5625 ὧν
2278 5573 2511 5642 ἐλάλησα
2538 5571 2666 5642 ποιῆ
2678 5589 2757 5624 σαι
2799 5572 3001 5634 αὐτοῖς,
3027 5572 3197 5624 Τοῦτο
3222 5571 3279 5624 δέ
3307 5572 3578 5641 χρήσιμον
3618 5572 3753 5640 1:96;

2188 5660 2469 5723 Ἰουδαίους
2504 5661 2563 5712 :6
2604 5660 2914 5727 κεφάλαιον,
2944 5661 3071 5712 ὅταν
3105 5659 3336 5727 λέγωσιν
3375 5659 3457 5711 ὅτι
3486 5660 3747 5728 ἐπηγγεί-

2174 5750 2300 5804 λατο
2331 5752 2509 5813 αὐτοῖς
2540 5751 2715 5818 ἀγα(ὶά
2750 5751 2776 5801 6
2824 5749 3042 5819 Κύριος.
3094 5750 3511 5819 Ἀπειθὴσαντες
3544 5748 3647 5817 γὰρ
3680 5750 3751 5812 τῷ
