3966 6192
235 272 325 327 57-,
1298 256 1620 314 SYNOPSIS
1657 255 1758 311 SCI

1864 255 2066 313 TURzE
2101 259 2368 319 SACIIE.

239 385 311 439 rii.
337 382 407 436 De
432 379 493 433 iis
517 376 599 447 qui
628 375 685 429 in
713 374 990 431 Christum
1017 372 1264 430 credituri
1293 382 1436 440 sunt,
1458 372 1525 427 de
1551 385 1778 442 genera-

240 478 363 530 tione
383 471 562 526 Christi
586 467 885 524 secundum
903 483 1111 522 carnem
1133 486 1145 521 :
1160 466 1226 522 de
1241 465 1646 521 mansuetudine
1661 479 1780 519 cre-

239 566 448 622 dentium
477 563 525 616 in
563 575 703 616 eum.
735 558 1032 615 Perniciem
1063 557 1347 628 Babylonis
1375 566 1428 612 et
1453 557 1779 627 alienigena-

237 675 338 716 rum
359 655 678 710 vaticinatur.
713 653 986 708 Pernicies
1030 651 1392 707 Moabitarum.
1448 652 1521 706 De
1567 650 1780 706 Christo

238 747 504 820 prephetia.
551 745 820 801 Pernicies
862 744 1124 819 Damasci,
1174 752 1227 796 et
1266 742 1478 798 lsraelis
1505 743 1778 798 calamitas

232 851 370 910 atque
397 835 550 891 salus.
573 835 841 890 Pernicies
867 833 1100 905 Egypti.
1130 833 1231 887 Per
1256 833 1558 903 allegoriam
1589 833 1778 902 praedi-

233 932 292 986 cit
312 942 555 984 aerumnas
583 927 828 996 gentibus
850 941 968 996 qua:
993 925 1216 980 Domino
1234 941 1336 980 non
1359 924 1702 989 crediderint,
1725 935 1779 978 et

228 1021 285 1075 de
312 1020 562 1088 impietate
604 1032 788 1072 eorum
822 1015 1164 1086 proﬂiganda.
1211 1016 1430 1072 Jubetur
1467 1017 1630 1072 Isaias
1673 1031 1774 1070 nu-

229 1111 312 1165 dus
326 1106 600 1164 ambulare.
625 1109 830 1163 Bellutn
853 1107 1124 1162 Medorum
1147 1116 1201 1163 et
1226 1107 1636 1178 Babyloniorum
1655 1122 1776 1161 con-

225 1214 292 1256 tra
318 1201 584 1255 ldnmteam
615 1209 672 1254 et
697 1201 966 1254 Arabiam.
1001 1200 1272 1255 Postrema
1317 1199 1522 1254 obsidio
1559 1199 1772 1254 Jeroso-

222 1295 358 1365 lyma:
380 1308 408 1347 a
433 1291 968 1347 Nabuchodonosore.
988 1291 1269 1346 Prmdictio
1283 1291 1494 1347 Somnae
1517 1293 1773 1362 penuario

219 1385 276 1439 de
314 1383 532 1454 pernicie
573 1383 711 1452 ejus.
754 1382 1000 1438 Penuarii
1043 1393 1242 1449 autem,
1289 1382 1342 1436 id
1382 1391 1483 1447 est,
1524 1383 1771 1438 custodes

219 1478 527 1546 pecuniarum
560 1477 612 1530 in
647 1475 864 1546 templo,
889 1491 953 1530 ex
980 1474 1319 1530 sacerdotum
1344 1489 1568 1529 numero
1596 1483 1765 1529 erant.
1808 1537 1809 1544 γ

217 1557 456 1622 Pernicies
485 1565 634 1638 Tyri,
664 1575 717 1621 et
739 1565 880 1620 salus
903 1575 1106 1635 postea,
1137 1565 1308 1636 deque
1341 1565 1596 1620 Ecclesiis
1635 1566 1768 1621 alle-

215 1659 389 1728 gorice.
418 1657 688 1712 Pernicies
718 1657 1002 1728 Babylonis
1029 1672 1059 1711 a
1085 1656 1268 1721 Medis,
1305 1664 1359 1711 et
1390 1672 1483 1726 pro
1526 1657 1611 1710 illa
1643 1673 1766 1728 gra-

215 1751 381 1804 tiarum
417 1749 552 1804 actio
581 1749 700 1804 Deo
744 1765 836 1818 per
873 1747 1208 1819 prephetam.
1245 1748 1527 1818 Prophetia
1551 1749 1617 1804 de
1645 1765 1766 1804 cre-

213 1840 427 1894 dentibus
447 1841 496 1894 in
517 1839 815 1907 Christum,
837 1840 904 1895 de
922 1841 1114 1896 diaboli
1135 1841 1366 1910 pernicie
1388 1855 1481 1911 per
1495 1839 1766 1895 Christum

215 1939 370 1999 parta:
398 1931 459 1986 de
482 1931 687 1986 Christi
719 1931 1012 1987 secundum
1039 1947 1254 1988 carnem
1283 1931 1546 1987 adventu:
1571 1931 1638 1987 de
1665 1931 1767 1987 ﬁde

215 2023 260 2075 in
284 2021 547 2078 Christum.
581 2026 885 2079 Accusatur
899 2022 1082 2087 lsrael,
1109 2023 1249 2094 quod
1265 2037 1414 2093 Spem
1439 2037 1587 2078 suam
1609 2038 1636 2076 a
1657 2023 1766 2077 Deo

215 2113 437 2181 avellens,
465 2115 615 2170 illam
647 2116 699 2169 in
722 2113 1002 2186 Egyptios
1019 2115 1375 2170 transtulerit:
1403 2115 1604 2185 ipsique
1626 2115 1764 2168 mala

212 2204 621 2271 pneuuntiantur,
673 2220 736 2261 ac
777 2215 956 2276 postea
988 2220 1074 2260 res
1103 2206 1370 2262 secundm.
1403 2205 1605 2260 Eodem
1647 2205 1764 2260 loco

199 2294 450 2362 prophetia
471 2297 703 2352 habetur
722 2297 790 2352 de
809 2295 1006 2353 Christi
1031 2297 1290 2363 Ecclesia,
1317 2299 1385 2354 de
1409 2298 1763 2354 conversione

203 2386 407 2452 gentium
428 2387 490 2441 ad
514 2385 818 2455 Christum,
845 2399 899 2444 et
919 2389 985 2444 de
1010 2388 1257 2444 vastitate
1281 2388 1756 2460 Jerosolymorum.

204 2475 268 2528 De
295 2475 530 2532 Ecclesia:
554 2480 805 2544 historia,
831 2495 948 2550 quae
976 2480 1147 2549 primo
1165 2489 1454 2549 conspectu
1476 2479 1759 2534 ldumazam

200 2576 240 2620 et
267 2567 540 2625 Jerusalem
574 2571 822 2641 respicit,
865 2571 958 2626 sed
1005 2587 1098 2640 per
1138 2585 1410 2642 anagogen
1457 2571 1571 2626 sive
1599 2571 1759 2626 redu-

200 2661 421 2725 ctionem,
471 2663 865 2718 desolationem
903 2661 1208 2718 Judaeorum
1257 2672 1310 2716 et
1354 2663 1756 2732 prosperitatem

199 2750 422 2808 Ecclesia:
444 2753 670 2809 Christi.
711 2753 938 2808 Historia
968 2753 1035 2808 de
1061 2753 1428 2808 Senacheritn.
1475 2751 1756 2820 Prophetia

197 2842 252 2896 de
271 2843 456 2900 Joanne
485 2847 850 2909 Prmcursore,
880 2855 933 2900 et
961 2845 1028 2900 de
1054 2846 1118 2900 iis
1143 2845 1232 2914 qui
1261 2845 1312 2898 in
1338 2845 1604 2899 Christum
1634 2859 1754 2899 cre-

198 2934 334 2991 dituri
363 2951 525 2994 erant.
566 2940 668 2994 Dei
696 2940 947 3010 potentia:
973 2939 1377 3004 demonstratio,
1407 2948 1455 2992 et
1488 2939 1756 2992 accusatio

199 3027 405 3096 lsraelis,
443 3041 495 3085 (ιι
537 3031 684 3086 idola
716 3031 961 3096 colentis,
993 3030 1431 3086 commemoratio
1461 3030 1752 3085 beneﬁcio-

195 3133 290 3170 rum
308 3122 491 3189 populo
507 3122 852 3176 collatornm.
877 3124 948 3176 De
970 3123 1328 3177 ecclesiastica
1353 3123 1750 3188 constitutione,

193 3209 620 3278 dequeidolorum
654 3213 976 3268 inﬁrmitate.
1006 3215 1081 3268 De
1105 3213 1316 3268 Christo
1345 3213 1639 3284 prophetia,
1661 3214 1754 3269 de-

192 3315 278 3367 que
302 3301 359 3356 iis
384 3303 469 3373 qui
501 3305 551 3358 in
589 3305 761 3373 ipsum
791 3305 1040 3358 credituri
1069 3313 1236 3358 erant.
1257 3306 1434 3360 lsraeli
1467 3307 1753 3374 exprobrat

190 3405 498 3458 peccatorum
529 3410 719 3450 causa.
751 3397 837 3449 Ait
871 3397 940 3449 ob
968 3411 1148 3451 eorum
1178 3397 1628 3466 inobsequentiam
1659 3414 1750 3452 ca-

193 3480 426 3540 lamitates
443 3485 576 3556 ipsis
597 3487 771 3541 illatas
800 3487 978 3541 fuisse.
1007 3488 1079 3542 De
1097 3488 1195 3540 ﬁde
1219 3489 1268 3541 in
1287 3488 1577 3542 Christum.
1597 3489 1748 3556 Quod

189 3575 412 3641 populum
442 3593 545 3632 non
582 3577 884 3632 sacrilicare
927 3578 1247 3648 permiserit,
1292 3587 1343 3632 et
1379 3579 1517 3647 quod
1548 3579 1747 3634 cultum

187 3663 315 3718 illum
345 3683 434 3735 per
459 3668 726 3723 sacriﬁcia
759 3683 860 3722 non
894 3669 1084 3739 exigat.
1115 3669 1244 3722 Item
1279 3669 1554 3739 prephelia
1596 3670 1662 3725 de
1686 3670 1749 3725 iis

183 3755 260 3823 qui
286 3757 332 3810 in
361 3757 637 3813 Christum
667 3759 916 3813 credituri
949 3770 1118 3812 erattt.
1162 3760 1554 3814 Demonstratio
1583 3760 1750 3814 imbe-

181 3848 393 3906 cillitatis
418 3853 708 3917 idolormn,
735 3861 790 3908 et
808 3853 898 3909 Dei
919 3854 1168 3923 potentizc
1187 3854 1446 3923 probatio.
1479 3855 1748 3911 Pernicies

179 3941 462 4013 Babylonis,
497 3956 552 4000 et
579 3945 648 4000 de
672 3945 863 4000 duritia
887 3947 1061 4001 cordis
1085 3946 1388 4000 Judaeorum
1411 3945 1746 4001 demonstra-

181 4031 260 4093 tio,
290 4049 349 4088 ac
370 4035 437 4090 de
467 4037 625 4092 bonis
652 4035 811 4091 rebus
850 4037 1143 4105 prophetia.
1181 4036 1254 4090 De
1283 4035 1490 4090 Christo
1523 4037 1749 4104 prephe-

177 4124 236 4175 tia
263 4135 314 4179 et
334 4127 634 4182 consolatio
650 4125 1013 4196 Jerosolytnte.
1046 4128 1120 4181 De
1146 4127 1400 4195 apostolis
1422 4136 1475 4181 et
1505 4126 1571 4181 de
1593 4126 1748 4180 Chri-

177 4223 249 4266 sto
271 4217 568 4285 prophetia.
604 4219 679 4272 De
708 4216 900 4273 Christi
929 4217 1220 4273 secundum
1263 4234 1478 4272 carnem
1511 4229 1649 4280 ortu,
1680 4219 1746 4272 de

172 4307 426 4371 passione,
453 4309 862 4372 resurrectione,
893 4309 1032 4364 etde
1057 4309 1397 4364 multitudine
1417 4309 1745 4365 credentium

175 4396 220 4447 in
247 4397 434 4465 ipsum.
473 4400 553 4456 De
579 4398 796 4454 Christo
833 4401 994 4454 simul
1035 4411 1088 4456 et
1118 4401 1186 4457 de
1229 4402 1426 4458 lsraele
1454 4403 1744 4457 secundum

171 4486 458 4558 historiam,
488 4493 778 4547 secundum
801 4508 1070 4563 anagogen
1093 4509 1218 4550 vero
1234 4495 1300 4550 de
1327 4494 1667 4550 credentibus
1695 4495 1744 4548 in

171 4579 448 4636 Christum.
485 4586 768 4640 Accusatio
791 4584 1098 4639 Judteornm
1130 4586 1442 4641 idololatria:
1466 4587 1744 4655 causa,je-

167 4671 396 4746 juniique
424 4690 614 4730 eorum
644 4676 967 4746 reprobatio.
1008 4677 1252 4747 aliusque
1292 4677 1480 4747 jejunii
1509 4678 1745 4732 melioris

170 4767 472 4821 declaratio.
523 4769 722 4824 Deinde
750 4771 1019 4824 accusatio
1059 4769 1364 4824 dolosorum
1404 4785 1648 4842 operum,
1692 4780 1746 4826 et

168 4858 509 4914 consiliorum
537 4861 867 4923 eorumdem,
891 4875 952 4913 ac
985 4860 1258 4930 pr0phetia
1301 4860 1369 4916 de
1402 4861 1746 4915 credentibus

168 4945 213 4997 in
237 4948 535 5003 Christum.
568 4950 846 5020 Prophctia
872 4951 938 5006 de
965 4951 1195 5011 Christo,
1222 4959 1275 5004 et
1298 4951 1364 5004 de
1385 4952 1746 5008 curationibus

167 5040 457 5094 animarum
495 5054 546 5096 et
572 5058 852 5111 corporum
892 5044 959 5097 ab
998 5045 1113 5112 ipso
1142 5045 1388 5110 peractis,
1417 5045 1588 5113 deque
1618 5062 1746 5115 apo-

166 5134 304 5184 stolis
323 5144 372 5185 et
397 5142 468 5188 de
493 5135 707 5204 reliquis
730 5135 779 5189 in
805 5139 972 5204 ipsum
994 5134 1352 5188 credentibus.
1378 5136 1452 5189 De
1475 5137 1742 5206 passione.

169 5217 226 5272 Et
247 5225 519 5278 confessio
543 5227 834 5295 prophetm,
866 5228 1013 5294 quasi
1045 5244 1104 5282 ex
1137 5241 1358 5293 persona
1382 5227 1591 5296 populi;
1617 5243 1742 5281 con-

167 5312 342 5364 lutatio
372 5331 401 5367 a
435 5317 665 5368 Domino
694 5316 923 5384 ipsorum
974 5315 1381 5380 incredulitatis,
1423 5321 1768 5386 τιςςιιιιιρῑὶο-Δ

164 5418 258 5465 que
288 5406 624 5459 credentium
660 5407 708 5459 in
737 5407 902 5472 illum,
934 5417 986 5461 et
1010 5407 1277 5461 accusatio
1308 5408 1620 5461 idololatrim
1647 5407 1742 5463 Ju-

165 5496 422 5551 da-orum.
456 5499 533 5552 De
558 5497 896 5552 credentibus
923 5513 987 5554 ex
1016 5498 1213 5552 Judzcis
1240 5499 1290 5553 iu
1335 5499 1612 5553 Dominum
1645 5516 1742 5553 no-

161 5596 323 5640 strum
366 5587 556 5642 Jcs'tttn
585 5587 869 5641 Christum.
924 5591 1202 5644 ACCttSatio
1230 5607 1410 5645 eorum
1441 5593 1525 5661 qui
1557 5591 1744 5646 futura:

166 5692 274 5734 ηιλ-
310 5700 418 5735 non
457 5680 819 5735 crediderunt.

3363 282 3472 338 378

2045 412 2277 454 srxorsrs
2315 418 2514 468 utmost,
2556 421 2674 469 qua
2710 424 2759 462 IN
2789 425 3007 467 mnuum
3041 428 3306 477 rnornsn

2538 492 2816 533 DICUNTUR.
2994 483 3011 507 '

1955 610 2240 682 Prmdictio
2283 629 2545 684 malorum
2593 648 2713 702 qua:
2755 650 2848 704 per
2893 637 3467 699 Nabuchodonosorem

1886 711 2065 769 lsraeli
2095 727 2350 773 eventura
2379 731 2521 790 sunt.
2550 723 2871 796 Redargutio
2895 728 3209 787 idololatria:
3234 734 3464 802 lsraelis,

1883 811 1939 858 et
1965 810 2400 864 commemoratio
2430 809 2808 871 beneﬁciorum
2842 819 2934 874 Dei
2964 835 3088 892 erga
3114 823 3255 889 illos,
3281 837 3332 881 et
3354 843 3468 882 ma-

1885 893 2075 961 lorum,
2102 897 2220 967 qua:
2238 901 2381 969 passi
2397 914 2520 957 sunt
2540 906 2679 973 quod
2700 906 2964 979 {Egyptiis
2981 911 3138 968 ﬁdem
3160 915 3461 975 habuerint.

1882 985 2146 1041 ldolorum
2190 989 2511 1047 inﬁrmitatis
2557 995 2957 1068 demonStratio,
3011 1011 3067 1057 et
3121 1007 3466 1074 reprehensio

1881 1077 2234 1137 Israelitarum
2265 1083 2334 1138 ob
2357 1083 2617 1142 humanas
2646 1091 2909 1146 victimas.
2937 1093 3147 1153 lsraelis
3170 1103 3461 1169 accusatio,

1879 1180 1932 1225 et
1955 1186 2019 1226 ex
2046 1175 2445 1242 comparatione
2474 1193 2594 1233 cum
2629 1181 2724 1236 illo
2748 1183 2900 1238 Judae
2929 1188 3191 1244 scelerum
3231 1207 3460 1264 exsupe-

1878 1262 2048 1316 rantia
2102 1266 2480 1338 praedictioque
2529 1271 2790 1328 bonorum
2840 1276 3042 1344 lsraeli,
3087 1282 3134 1336 si
3174 1262 3463 1343 conversus

1879 1353 2036 1409 fuerit
2063 1356 2126 1410 ad
2161 1358 2324 1414 Deum
2359 1377 2373 1414 :
2418 1363 2546 1417 item
2588 1365 2858 1422 confessio
2886 1371 3178 1440 prophetm,
3209 1380 3358 1445 quasi
3389 1397 3456 1435 ex

1877 1457 2100 1512 persona
2133 1449 2333 1516 populi.
2363 1452 2630 1508 Ascensus
2664 1456 3095 1529 Babyloniorum,
3116 1475 3164 1518 et
3188 1467 3458 1535 prephetae

1875 1533 2184 1591 lamentatio
2211 1538 2277 1592 de
2317 1538 2490 1595 futura
2519 1547 2834 1611 vastatione,
2885 1550 3155 1621 ipsiusque
3189 1533 3460 1614 vastitatis

1873 1625 2178 1696 descriptio.
2218 1631 2498 1685 Accusatio
2546 1636 2747 1704 populi,
2779 1639 2918 1707 quod
2968 1642 3169 1697 nullum
3217 1645 3459 1704 habuerit

1871 1715 1942 1769 ita
1970 1716 2190 1786 justum,
2224 1729 2279 1774 ut
2308 1722 2440 1776 iram
2473 1724 2568 1779 Dei
2596 1727 2851 1795 placaret,
2884 1739 2938 1785 et
2964 1735 3212 1803 nequitia:
3243 1738 3454 1794 illorum

1871 1806 2276 1865 demonstratio.
2307 1812 2458 1879 Quod
2483 1815 2778 1873 Jerusalem
2806 1835 2910 1875 non
2940 1823 3132 1879 debeat
3156 1841 3252 1894 per
3278 1829 3453 1884 Nabu-

1869 1899 2292 1958 chodonosurem
2325 1919 2353 1958 a
2380 1905 2741 1964 fundamentis
2761 1912 3018 1968 subverti.
3050 1917 3320 1974 Ascensus
3349 1921 3452 1975 Ba-

1869 1989 2292 2062 byloniorum,et
2321 2001 2590 2054 accusatio
2613 2001 3033 2074 inobsequentia:
3059 2007 3292 2078 lsraelis,
3310 2013 3451 2082 quod

1868 2098 1974 2137 non
1997 2085 2346 2142 sustinuerint
2365 2089 2549 2145 audire
2572 2092 2904 2160 prophetam.
2925 2096 3204 2152 Accusatio
3226 2102 3453 2167 pseudo-

1869 2175 2248 2244 prephetarum
2269 2179 2356 2248 qui
2389 2181 2640 2249 populum
2657 2182 3026 2253 decipiebant:
3052 2187 3280 2244 Jeremia
3303 2197 3450 2246 nam-

1866 2282 1972 2336 que
1997 2268 2230 2333 dicente,
2279 2269 2475 2324 bellum
2507 2271 2642 2339 fore,
2690 2274 2792 2342 ipsi
2823 2275 3070 2332 dicebant
3098 2279 3211 2335 fore
3240 2296 3448 2349 pacem.

1865 2357 2190 2429 Reprobatio
2218 2363 2620 2430 sacriﬁciorum,
2648 2373 2702 2419 et
2725 2379 2976 2422 ascensus
3007 2369 3304 2440 Babylonii,
3331 2375 3446 2428 ani-

1866 2452 2044 2521 mique
2069 2451 2289 2509 rebellis
2317 2454 2622 2510 Judteorum
2642 2457 2954 2514 confutatio.
2985 2459 3234 2519 Hortatur
3255 2465 3445 2522 Judam

1865 2551 1922 2596 ut
1949 2543 2014 2597 ad
2043 2545 2316 2600 meliorem
2361 2562 2421 2601 se
2452 2547 2653 2618 frugem
2685 2561 2928 2617 revocet;
2981 2553 3032 2607 id
3075 2555 3180 2610 nisi
3228 2557 3444 2626 faciant,

1866 2638 2007 2706 paria
2043 2651 2292 2704 passuros
2323 2638 2441 2693 illos
2470 2641 2822 2696 comminatur
2846 2644 2908 2697 iis
2929 2661 3046 2713 qua:
3073 2643 3230 2702 lsrael
3259 2664 3448 2718 passus

1861 2738 1976 2784 est:
2005 2729 2322 2800 cohibetque
2352 2731 2489 2786 Deus
2517 2732 2803 2788 Jeremiam
2836 2750 2903 2790 ne
2931 2747 3179 2806 precetur
3204 2755 3300 2808 pro
3321 2741 3442 2795 illis.

1864 2818 2186 2886 lleprobatio
2209 2807 2618 2888 (sacrificiorum,
2659 2833 2711 2878 et
2745 2827 3015 2882 accusatio
3043 2807 3445 2885 inconsideran-

1863 2911 1948 2964 tim
1975 2924 2183 2977 eorum,
2211 2919 2265 2965 et
2289 2911 2638 2968 humanarum
2667 2915 3021 2984 victimarum,
3061 2935 3197 2988 quas
3237 2921 3442 2977 daemo-
3493 2991 3496 2994 1

1859 3001 2016 3056 nibus
2037 3002 2348 3059 ollerebant.
2378 3005 2660 3062 Praedictio
2683 3008 2794 3064 fore
2813 3019 2868 3064 ut
2892 3011 3040 3066 locus
3059 3013 3183 3067 idoli
3209 3015 3441 3084 ipsorum

1857 3093 2161 3162 sepulcrum
2194 3097 2302 3162 ﬁat,
2325 3105 2380 3151 et
2407 3107 2463 3150 ut
2501 3099 2660 3167 aliqui
2687 3100 2987 3155 occisorum
3020 3105 3305 3173 sepultura:
3336 3123 3440 3160 non

1858 3185 2152 3240 tradantur.
2184 3187 2382 3242 lterum
2413 3188 2480 3244 de
2505 3205 2732 3245 ascensu
2769 3191 3022 3259 hostium,
3053 3205 3108 3249 et
3133 3196 3440 3252 lamentatio

1856 3277 2099 3333 Jeremiae
2121 3278 2187 3332 de
2213 3280 2460 3349 nequitiis
2479 3296 2684 3335 eorum.
2713 3284 2997 3339 Accusatio
3024 3285 3350 3351 Judteorum,
3383 3298 3440 3342 ut

1855 3371 2015 3424 corde
2054 3370 2568 3436 ineircumcisorutn,
2599 3382 2654 3427 et
2697 3373 2994 3430 admonitio
3022 3392 3090 3431 ne
3122 3378 3436 3434 idololatria:

1855 3463 1984 3518 dent
2025 3480 2266 3532 Operam,
2298 3482 2360 3521 ac
2386 3469 2534 3537 quasi
2564 3484 2628 3522 ex
2656 3483 2886 3538 persona
2920 3471 3096 3539 populi
3131 3471 3438 3526 lamentatio

1855 3553 1921 3607 de
1947 3556 2138 3610 futuris
2167 3557 2341 3618 malis,
2373 3568 2426 3613 et
2452 3562 2717 3614 accusatio
2740 3577 2766 3612 a
2795 3561 2904 3615 Deo
2927 3561 3083 3616 facta.
3114 3563 3356 3618 llortatio
3370 3565 3436 3618 ad

1857 3647 2103 3703 lsraelem
2134 3661 2188 3704 ut
2213 3652 2320 3705 Deo
2345 3653 2613 3715 obcdiant,
2632 3662 2684 3707 et
2706 3655 2974 3708 accusatio
2998 3665 3203 3724 patrttm
3227 3672 3432 3721 eorum,

1857 3746 2040 3804 etqua:
2052 3737 2632 3809 malaipsisobventura
2648 3742 2775 3800 sint.
2796 3746 3088 3801 Cubihetur
3112 3765 3320 3803 rursum
3342 3749 3432 3805 Je-

1853 3833 2070 3892 remias.
2104 3847 2170 3888 ne
2198 3845 2442 3902 precetur
2483 3851 2578 3904 pro
2619 3837 2740 3890 illis.
2785 3838 3126 3893 Latnentatur
3154 3841 3433 3910 propheta,

1853 3920 1993 3989 quod
2025 3922 2228 3976 insidiis
2257 3934 2533 3992 appetatur
2559 3942 2588 3978 a
2619 3926 2816 3980 Jadtcis
2843 3930 2892 3980 in
2918 3931 3209 3995 Anathoth,
3243 3932 3435 3999 pranli-

1853 4013 1926 4068 cit
1969 4013 2088 4068 ideo
2119 4013 2348 4069 futurum
2383 4017 2509 4085 ipsis
2539 4033 2656 4073 esse
2687 4019 2979 4073 interitum.
3007 4021 3280 4076 Perizoma
3313 4024 3434 4076 abs—

1852 4106 2083 4160 condere
2110 4106 2329 4175 jubetur
2357 4107 2617 4162 Jeremias
2643 4150 2657 4175 ,
2687 4125 2748 4163 ac
2789 4110 3033 4179 pra'dicit
3061 4127 3204 4179 Ipsos
3230 4113 3431 4165 satian—

1853 4197 1950 4250 dos
1994 4197 2251 4266 malisque
2272 4197 2634 4253 inebriandos
2662 4214 2802 4254 esse.
2838 4201 2910 4255 De
2942 4201 3130 4269 pluvia:
3180 4201 3388 4255 defectu
3419 4221 3430 4252 :

1853 4287 2234 4357 cohibeturque
2267 4287 2520 4356 propheta
2550 4304 2616 4343 ne
2647 4301 2895 4358 precetur
2919 4306 3012 4358 pro
3037 4291 3198 4361 ipsis:
3224 4302 3434 4345 recuSat

1858 4380 1995 4434 Deus
2017 4379 2228 4432 illorum
2261 4378 2588 4446 holocausta,
2614 4391 2668 4435 et
2689 4381 2910 4449 jejunia,
2935 4383 3271 4452 minaturque
3297 4383 3431 4436 mala

1857 4469 2355 4540 pseudoprophetis,
2385 4471 2505 4540 quia
2547 4470 2795 4526 dicebant
2837 4486 2941 4526 non
2984 4472 3309 4528 obrenturas
3337 4489 3430 4542 po-

1855 4565 1980 4634 pulo
2008 4563 2354 4618 calamitates.
2387 4564 2660 4632 Supplicat
2689 4564 2830 4620 Deo:
2866 4565 2955 4620 ille
2983 4580 3108 4620 vero
3136 4565 3208 4618 ait
3236 4579 3295 4620 se
3320 4580 3429 4620 non

1853 4655 2224 4712 exauditurum
2256 4655 2609 4714 esse,etiantsi
2653 4655 2860 4728 Moyses
2883 4668 2936 4711 et
2961 4657 3175 4711 Samuel
3208 4657 3435 4712 interce-

1852 4749 2042 4803 derent
2071 4763 2165 4816 pro
2196 4747 2356 4816 ipsis:
2387 4747 2477 4801 sed
2507 4747 2752 4802 daturum
2783 4764 2840 4803 se
2867 4749 2985 4802 illos
3018 4749 3066 4800 in
3111 4747 3338 4818 gladium
3381 4753 3435 4801 et

1854 4849 2102 4900 mortem,
2129 4839 2342 4905 famem,
2368 4839 2749 4906 captivitatem.
2769 4839 3096 4892 etmalorum
3117 4839 3431 4906 discerptio-

1854 4948 1998 4986 nem.
2032 4931 2284 4984 Precatur
2313 4928 2573 4988 Jeremias
2615 4938 2671 4980 ut
2700 4929 2829 4982 ultio
2857 4937 3098 4981 sumatur
3141 4927 3208 4981 de
3237 4943 3432 4996 expro-

1854 5023 2131 5078 brantibus
2160 5021 2289 5078 sibi:
2326 5020 2462 5073 Deus
2500 5029 2677 5072 autem
2727 5018 2802 5071 ait
2845 5019 2952 5071 illi:
2977 5018 3038 5072 Si
3065 5019 3294 5072 eduxeris
3322 5035 3434 5088 pre-

1853 5116 2033 5168 tiosum
2054 5130 2084 5164 a
2111 5113 2217 5177 vili,
2241 5111 2389 5180 quasi
2417 5127 2472 5162 os
2504 5125 2663 5162 meum
2684 5109 2782 5162 eris
2806 5107 2936 5179 (Jer.
2963 5109 3050 5164 15.
3080 5109 3190 5178 19).
3213 5109 3436 5180 Jobelttr

1849 5207 2111 5266 Jc"etnias
2133 5218 2348 5254 uxorem
2374 5216 2476 5254 non
2501 5200 2718 5264 ducere,
2747 5215 2918 5269 neque
2941 5201 3240 5264 lamentari,
3265 5177 3436 5269 neq/ue

1853 5312 2036 5350 eorum
2065 5313 2181 5362 quae
2203 5296 2342 5347 circa
2371 5302 2609 5346 mortuos
2636 5293 2832 5347 ﬁebant
2853 5294 3161 5362 participem
3180 5308 3298 5346 esse
3315 5308 3434 5345 cunt

1856 5385 2124 5440 lsraelitis.
2160 5385 2233 5437 De
2275 5381 2552 5451 apostolis,
2595 5381 2662 5437 de
2690 5382 2903 5437 Christo
2935 5384 3209 5454 prophetia
3239 5400 3252 5434 :
3277 5380 3433 5433 verba

1855 5492 2060 5538 eorum,
2093 5474 2181 5543 qui
2215 5475 2264 5526 in
2297 5473 2467 5542 ipsunt
2499 5473 2751 5527 credituri
2796 5490 2902 5527 non
2947 5483 3134 5534 erant,
3176 5469 3434 5538 pl‘oltbcla

1855 5566 2194 5637 pr.rnuntiat,
2223 5574 2272 5618 et
2301 5575 2480 5619 contra
2509 5564 2627 5619 illos
2655 5575 2920 5633 precatur.
2953 5561 3301 5629 l‘rwcipitquc
3340 5559 3433 5613 ,ιιι-

1856 5658 2004 5726 όωίδ,
2032 5667 2084 5711 ut
2114 5657 2389 5713 sabbatum
2420 5665 2650 5711 servent.
2693 5655 2746 5709 In
2777 5656 2990 5710 domum
3024 5651 3164 5721 ﬁguli
3214 5649 3431 5703 mittitur
