3966 6192
529 250 637 309 879

527 365 804 435 propheta.
829 361 1032 428 Finem,
1075 360 1246 433 inquit
1283 359 1446 423 Deus,
1475 358 1653 427 loquar
1677 357 1740 412 de
1764 372 1940 429 regno,
1967 367 2026 413 ut
2049 353 2122 408 il-

525 458 616 510 lud
643 456 872 524 auferam
889 470 910 518 ;
938 453 1062 508 etsi
1087 451 1334 508 conversi
1360 449 1556 504 fuerint
1578 490 1594 514 ,
1629 463 1735 503 non
1761 448 2020 503 auferam.
2051 448 2116 502 Et

527 547 679 615 ﬁnem
722 545 922 613 loquar,
956 543 1147 612 inquit,
1185 542 1239 596 in
1263 548 1460 611 gentem
1482 549 1573 592 aut
1599 555 1828 609 regnum,
1858 549 1911 592 ut
1932 539 2115 594 retudi-

527 637 725 703 licetur.
757 632 826 688 Et
853 633 898 687 si
926 634 1126 689 malum
1166 629 1412 695 fecerint,
1446 643 1552 682 non
1595 625 1786 681 faciam
1830 641 1932 697 ego
1977 627 2114 681 bona

521 741 644 796 qua:
686 725 941 795 loquutus
979 738 1097 779 sum
1126 731 1187 778 ut
1214 721 1444 777 facerem
1472 720 1576 791 illis
1619 718 1769 791 (Cap.
1797 720 1885 776 l8.
1913 721 1945 774 7
1965 719 2109 788 40).

475 805 480 816 ⁷
525 820 637 874 lloc
657 829 836 874 autem
851 825 1010 888 caput
1029 826 1214 872 contra
1239 815 1456 871 Judazos
1472 812 1602 868 utile
1617 812 1740 877 erit,
1767 827 1889 868 cum
1912 811 2112 877 dicent,

525 911 813 966 Dominum
841 910 972 979 ipsis
1001 909 1140 965 bona
1169 906 1512 978 promisisse;
1539 919 1661 960 cum
1689 903 1833 960 enim
1860 917 1970 959 non
1992 918 2115 959 cre-

522 1001 759 1058 diderint
787 1001 1014 1056 Domino
1041 1009 1228 1056 nostro
1255 999 1381 1054 Jesu
1407 997 1640 1063 Christo,
1667 996 1766 1066 ipsi
1791 996 1894 1051 sibi
1915 995 2113 1066 ipsisin

524 1107 686 1148 causa
717 1093 864 1149 fuere
888 1093 1234 1163 praesentium
1263 1091 1549 1145 malorum.
1581 1087 1804 1142 Insidias
1833 1088 1935 1143 sibi
1965 1103 1994 1142 a
2019 1087 2115 1143 Ju-

523 1189 658 1245 dmis
690 1188 953 1259 parandas
980 1187 1238 1256 propheta
1268 1184 1529 1255 prmdicit,
1555 1193 1608 1238 et
1633 1193 1821 1237 contra
1844 1181 1964 1236 illos
1991 1197 2115 1252 pre-

523 1289 698 1345 catur,
723 1280 974 1351 quomam
1001 1279 1138 1332 mula
1169 1291 1263 1346 pro
1289 1276 1446 1331 bonis
1475 1275 1860 1330 retribuerunt.
1890 1272 2114 1328 Jubetur

526 1371 811 1436 Jeremias,
856 1378 1076 1437 accepta
1105 1367 1382 1438 laguncula
1411 1366 1612 1437 ﬁglina,
1656 1365 1795 1419 mala
1827 1365 2005 1434 populi
2035 1373 2114 1420 te-

525 1460 806 1528 stificatus,
838 1460 1174 1529 lagunculam
1223 1468 1503 1514 conterere
1526 1465 1650 1510 ante
1679 1456 1866 1510 oculos
1899 1470 2109 1522 eorum,

523 1563 580 1609 et
607 1553 933 1608 dicere:Sic
959 1561 1270 1608 conteretur
1310 1550 1632 1606 Jerusalem.
1675 1550 1740 1604 Et
1779 1549 2052 1619 conjectus
2079 1563 2110 1604 a

523 1645 795 1701 Paschore
824 1645 879 1699 in
905 1660 1149 1709 nervum,
1183 1643 1464 1712 prOphetat
1502 1641 1756 1696 Pasehori
1805 1641 1943 1694 mala
1990 1656 2111 1711 quae

523 1737 696 1806 ipsum
715 1746 1000 1806 exceptura
1018 1743 1189 1788 erant.
1213 1733 1413 1788 Deinde
1427 1747 1568 1803 mgre
1588 1733 1687 1787 fert
1713 1747 1807 1786 eos
1831 1732 1918 1800 qui
1937 1732 2108 1800 ipsum

521 1827 829 1894 traducunt,
884 1835 1235 1896 precaturque
1265 1824 1520 1880 adversus
1563 1824 1702 1887 illos,
1737 1823 2109 1894 maledicitquc

518 1920 626 1975 dici
652 1935 784 1975 suae.
817 1919 975 1974 Mittit
998 1917 1249 1975 Sedecias
1269 1933 1383 1982 rex,
1410 1928 1466 1971 ut
1489 1917 1659 1971 discat
1685 1931 1714 1969 a
1736 1916 1964 1971 Jcremia
1982 1931 2107 1970 num

517 2013 868 2068 abscessurus
882 2027 912 2066 a
934 2027 993 2068 se
1009 2015 1076 2066 sit
1097 2009 1607 2066 Nabuchodonosor.
1627 2008 1718 2062 llle
1738 2021 1866 2062 vero
1885 2022 2109 2078 reapon-

517 2104 631 2168 det,
656 2103 827 2159 Deum
857 2103 1176 2159 bellaturum
1203 2117 1322 2158 esse
1349 2109 1536 2157 contra
1573 2099 1788 2156 Judmos
1825 2109 1880 2155 et
1920 2109 2107 2155 contra

518 2209 698 2265 regem
746 2193 1049 2249 Sedeciam.
1091 2193 1149 2250 Si
1197 2202 1376 2248 autem
1426 2191 1653 2246 voluerit
1682 2190 1908 2261 populus
1933 2189 2108 2247 libens

517 2287 746 2342 transire
783 2287 849 2342 ad
877 2287 1476 2351 Nabuchodonosorem,
1498 2286 1686 2355 ipsum
1714 2285 1942 2339 salutem
1968 2299 2104 2340 con-

517 2387 890 2449 scquuturum,
920 2395 1211 2452 regemque
1240 2395 1345 2435 non
1379 2381 1670 2450 periturum
1699 2393 1840 2446 esse,
1869 2378 1913 2433 si
1945 2394 1976 2434 a
2003 2394 2102 2434 sua

514 2469 800 2527 discedens
827 2473 1086 2543 nequitia,
1120 2472 1212 2527 Dei
1239 2471 1522 2542 praeceptis
1540 2470 1820 2525 attendere
1849 2471 2097 2526 voluerit.

513 2563 713 2619 Contra
742 2563 983 2620 Joachim
1014 2573 1068 2618 et
1091 2563 1402 2618 Jcchoniam
1429 2571 1482 2616 et
1505 2572 1689 2617 contra
1715 2572 1956 2630 pastores
1980 2576 2104 2631 pro-

514 2655 694 2723 phetia
719 2655 787 2709 ad
815 2655 1119 2719 Dominum,
1149 2669 1212 2709 ac
1246 2653 1834 2724 pseudoprOphetarum
1877 2667 2101 2708 accusa-

517 2750 614 2800 tio.
648 2746 794 2801 Bona
822 2745 975 2802 Judae
1016 2747 1336 2815 prOphetat:
1362 2745 1554 2800 relicto
1593 2755 1772 2799 autem
1823 2745 2018 2815 populo
2047 2746 2102 2800 in

513 2836 809 2892 Jerusalem
841 2852 962 2893 cum
989 2837 1210 2893 Sedecia
1241 2851 1339 2906 per
1361 2837 1662 2906 exemplum
1691 2837 1882 2892 ficuum
1906 2850 2101 2892 ascen-

512 2932 632 2982 sum
656 2928 1194 2985 Nabuchodonosoris
1215 2928 1552 2993 vaticinatur,
1582 2928 1930 2998 omniumque
1965 2943 2100 2999 gen-

512 3021 646 3074 tium
679 3021 969 3090 perniciem
990 3035 1087 3091 per
1113 3021 1214 3076 hoc
1241 3020 1490 3091 poculum
1520 3021 1803 3091 significat.
1831 3021 2099 3093 Jerosoly-

512 3126 614 3165 inte
644 3112 911 3167 excidium
941 3113 1202 3183 prmdicit.
1230 3112 1820 3183 Comprehenditurque
1839 3113 2099 3170 Jeremias

509 3201 835 3259 occidendus
859 3218 889 3258 a
919 3203 1308 3270 sacerdotibus,
1345 3204 1551 3274 hocque
1573 3205 1864 3273 periculum
1895 3206 2092 3261 evadit.

507 3293 734 3350 Jubetur
768 3296 1028 3366 propheta
1054 3311 1113 3352 se
1143 3297 1369 3353 vinculis
1413 3298 1767 3363 circumdare,
1810 3307 1863 3353 et
1911 3299 2098 3368 legatis

505 3385 928 3456 alienigenarum
949 3387 1181 3454 edicere,
1205 3397 1265 3442 ut
1279 3389 1594 3442 annuntient
1613 3388 1826 3458 regibus
1849 3388 1960 3443 suis
1979 3391 2098 3443 sub-

505 3475 594 3544 jici
623 3490 718 3531 eos
747 3485 999 3548 oportere
1023 3476 1566 3542 Nabuchodonosori;
1596 3479 1897 3548 minarique
1928 3479 2094 3535 Deum

503 3575 733 3622 mortem
755 3567 820 3622 iis
840 3567 929 3636 qui
957 3583 1018 3623 se
1043 3568 1141 3638 ipsi
1169 3582 1273 3622 non
1300 3567 1605 3637 subjiciunt.
1631 3568 1886 3623 Eamdem
1901 3571 2096 3625 exhor-

506 3657 762 3712 tationem
791 3657 1012 3713 adhibet
1031 3673 1157 3729 erga
1187 3658 1486 3724 Sedeciam,
1522 3667 1578 3713 et
1605 3659 1886 3729 populum,
1906 3669 1962 3715 et
2006 3675 2094 3715 sa-

504 3748 772 3804 cerdoles.
824 3751 1060 3806 Ananias
1103 3765 1234 3806 vero
1280 3749 1745 3820 pseudopropheta
1800 3750 2095 3807 obsistebat

502 3837 750 3894 Jeremite
800 3840 1076 3912 propheta:
1119 3840 1327 3906 dicens,
1356 3856 1480 3897 vasa
1510 3856 1660 3897 sacra
1687 3841 1921 3898 reditura
1949 3857 2090 3908 esse,

501 3945 712 3986 necnon
738 3931 1073 4000 Jechoniam,
1104 3935 1194 4005 qui
1225 3943 1342 3990 erat
1364 3933 1501 3990 filius
1520 3935 1762 3990 Joachim
1791 3935 1970 3990 fratris
1996 3937 2093 3992 Se-

499 4021 688 4078 dcciae.
731 4024 797 4078 Et
827 4026 1076 4080 contrivit
1118 4037 1335 4082 catenas
1379 4026 1671 4098 prephetae.
1712 4026 1936 4082 Mittitur
1963 4043 2092 4098 ergo

499 4115 762 4172 Jeremias
783 4127 840 4172 ut
864 4129 1089 4174 mortem
1119 4120 1216 4191 ipsi
1245 4121 1519 4190 praedicat,
1547 4119 1597 4174 in
1620 4135 1685 4176 eo
1713 4121 1828 4190 ipso
1851 4135 1991 4174 anno
2008 4121 2090 4174 fu-

500 4216 696 4277 turam,
722 4211 862 4280 quod
903 4213 1062 4266 etiam
1094 4214 1290 4268 evenit.
1325 4213 1657 4269 Vaticinatur
1687 4215 1825 4268 mala
1854 4214 2087 4282 pseudo-

502 4299 780 4369 prophetis
825 4301 1098 4372 Babylone
1137 4303 1494 4368 versantibus,
1531 4303 1830 4372 p0puloque
1874 4303 2088 4372 longum

500 4389 822 4458 captivitatis
849 4400 1079 4459 tempus,
1103 4394 1196 4446 sed
1224 4402 1401 4448 tamen
1430 4393 1659 4447 reditum
1688 4407 1807 4447 esse
1830 4391 2084 4448 futurum.

501 4480 578 4535 De
602 4479 684 4534 his
706 4479 1078 4550 indignabatur
1095 4483 1336 4550 Sameas,
1361 4485 1449 4554 qui
1477 4485 1715 4552 increpat
1731 4485 2086 4552 sacerdotem,

499 4569 642 4638 quod
672 4585 774 4624 non
802 4570 1102 4640 impedierit
1128 4573 1413 4642 quominus
1439 4573 1698 4629 Jeremias
1725 4575 1848 4629 talia
1889 4577 2083 4631 vatici-

501 4669 737 4718 naretur.
764 4661 889 4717 ldeo
913 4662 1145 4718 minatur
1167 4664 1316 4719 Deus
1337 4681 1396 4720 se
1422 4665 1569 4720 illum
1591 4681 1710 4722 esse
1737 4667 2084 4736 perditurum.

503 4753 702 4808 Deinde
731 4769 911 4810 sermo
935 4757 1327 4812 consolatorios
1350 4757 1551 4812 lsraeli.
1590 4759 1824 4829 Tempus
1849 4760 2087 4815 declarat

497 4861 606 4914 quo
649 4846 883 4902 futurum
922 4857 1004 4903 est
1048 4857 1108 4903 ut
1149 4858 1486 4904 revertantur
1522 4867 1586 4905 ex
1621 4851 1908 4922 Babylone.
1953 4852 2084 4907 Illud

502 4952 628 4992 vero
656 4951 772 4994 erat
800 4950 1012 5011 tempus
1035 4941 1258 5005 Phasec‘,
1287 4957 1382 4997 seu
1411 4941 1626 5011 pascha,
1657 4952 1714 4996 ut
1740 4943 1792 4996 in
1817 4943 1983 4997 Esdra
2003 4959 2089 4999 re.

499 5028 676 5096 perire
703 5039 804 5093 est,
852 5033 996 5100 ipsos
1027 5047 1218 5102 nempe
1247 5032 1299 5087 in
1329 5033 1464 5088 festo
1493 5034 1810 5104 Azymorum
1839 5048 2085 5090 reversos

497 5131 638 5172 esse.
675 5117 856 5188 Itaque
883 5121 1160 5177 manifeste
1185 5121 1354 5178 Judaei
1387 5124 1646 5178 mendacii
1675 5123 2079 5179 convincuntur.

499 5210 631 5265 Nam
661 5211 798 5265 bona
827 5211 912 5267 hic
948 5213 1015 5268 de
1062 5214 1194 5282 ipsis
1235 5214 1498 5285 descripta
1539 5215 1712 5270 adhuc
1753 5223 2082 5284 exspectant,

499 5316 619 5370 qua:
646 5301 753 5372 jam
782 5312 1064 5360 venerunt.
1098 5305 1173 5359 De
1205 5305 1498 5360 infantibus
1538 5305 1606 5359 ah
1633 5305 1843 5359 Herode
1870 5305 2081 5359 occisis.

500 5395 572 5449 De
591 5394 739 5450 Novo
764 5395 1110 5451 Testamento
1134 5398 1434 5467 prophetia.
1465 5397 1746 5467 Etiamque
1762 5395 2083 5465 descriptam

498 5489 599 5544 hoc
631 5490 750 5545 loco
781 5489 929 5546 urbis
953 5491 1424 5547 retedilicationem
1454 5490 1631 5546 adhuc
1656 5488 2082 5560 exspectandu-

494 5579 618 5635 dzei.
648 5582 717 5636 At
745 5582 832 5636 illa
861 5582 1021 5638 linem
1065 5583 1295 5654 accepit,
1328 5582 1465 5636 facta
1508 5581 1714 5638 scilicet
1754 5579 1971 5650 quando
2018 5595 2082 5634 ex

495 5670 768 5746 Babylone
814 5677 1101 5734 redimunt.
1152 5673 1659 5734 Jubetur‘Jeremias
1696 5689 1873 5731 emere
1903 5691 2085 5746 agrum

1255 247 1311 306 S.
1351 242 1626 304 JOANNIS
1658 238 2132 300 CIIBYSOSTOII
2171 242 2486 301 ARClllEP.
2525 243 3059 306 CONSTANTINOP.
3636 263 3720 322 380

2225 356 2399 426 patrui
2425 357 2528 424 sui,
2559 367 2617 414 et
2657 374 2782 418 cum
2822 362 3175 428 emisset,ait
3196 383 3208 419 :
3233 361 3357 419 Urbs
3383 369 3548 427 tradita
3571 387 3655 441 est.
3678 397 3719 440 et

2218 449 2373 520 iubes
2393 466 2573 508 emere
2595 467 2801 526 agrum.
2822 454 2964 512 Deus
2984 463 3158 510 autem
3173 455 3244 510 ait
3261 456 3350 523 illi,
3373 466 3617 529 praesentia
3631 474 3722 540 qui-

2221 539 2342 595 dem
2367 543 2502 596 mala
2531 554 2750 614 propter
2768 554 2980 616 peccata
3010 546 3187 616 pepuli
3216 549 3443 606 evenire:
3468 539 3726 629 tempusque

2223 632 2354 696 fore,
2385 649 2505 687 ctllll
2535 650 2746 690 rursum
2779 636 2904 691 urbs
2929 637 3328 696 lnhabitabitur.
3357 641 3576 701 Praedicit
3596 647 3726 706 Sede-

2221 721 2341 786 cize,
2387 724 2560 792 ipsum
2590 736 2802 796 captum
2834 727 2918 794 iri,
2964 739 3021 785 et
3051 729 3256 787 incusat
3295 747 3382 788 eos
3424 737 3548 805 quod
3583 754 3730 799 servos

2220 825 2357 880 quos
2384 812 2628 869 libertate
2653 815 3006 884 donaverant,
3037 835 3227 874 rursus
3263 823 3454 880 servire
3487 841 3729 898 cogerent:

2220 903 2559 975 minaturque
2585 921 2832 978 magnam
2861 907 2976 964 fore
3000 910 3371 968 calamitatem.
3401 913 3514 971 Ideo
3537 921 3733 990 prtecipit

2221 992 2346 1048 ﬁliis
2373 993 2632 1059 Jonadab.
2660 1006 2718 1052 ut
2737 998 2952 1054 domum
2983 1009 3310 1057 construant.
3339 1003 3411 1058 llli
3434 1016 3590 1062 autem
3608 1024 3730 1064 recu-

2219 1093 2358 1138 sant.
2389 1085 2616 1143 Jubetur
2643 1088 2905 1148 Jeremias
2931 1107 2994 1146 ea
3023 1093 3260 1150 scribere
3284 1098 3470 1162 omnia,
3507 1115 3609 1170 qua:
3632 1102 3733 1156 vati-

2219 1177 2428 1234 cinatus
2447 1191 2562 1233 erat
2591 1197 2753 1254 super
2782 1183 2965 1248 Israel,
2999 1195 3055 1238 ut
3083 1187 3165 1240 vel
3196 1188 3272 1244 sic
3298 1188 3624 1256 formidarent,
3643 1211 3733 1249 rur-

2219 1285 2337 1324 sum
2367 1273 2645 1328 audientes
2665 1291 2747 1340 ea,
2771 1292 2890 1346 qua:
2919 1277 3061 1348 ipsos
3083 1279 3326 1334 iuvasura
3347 1293 3486 1337 erant
3504 1285 3622 1338 mala
3641 1286 3736 1342 :ille

2218 1375 2350 1414 vero
2377 1363 2618 1432 przecipit
2648 1365 2915 1432 llarucho,
2959 1379 3015 1422 ut
3051 1368 3152 1424 hoc
3183 1369 3359 1440 faciat,
3407 1373 3579 1444 illeque
3620 1375 3733 1430 fecit.

2219 1448 2287 1504 Et
2316 1466 2435 1506 cum
2465 1455 2787 1522 scripsisset,
2818 1455 3015 1512 Judaeis
3045 1458 3190 1529 legit,
3225 1460 3290 1515 Ut
3321 1461 3368 1515 id
3398 1462 3592 1520 audiere
3623 1469 3736 1535 prin-

2216 1543 2383 1613 cipes,
2413 1548 2867 1604 annuutiarerunt
2896 1551 3003 1622 regi
3032 1551 3296 1606 Joachim.
3325 1553 3415 1608 llle
3435 1565 3589 1611 autem
3615 1573 3735 1611 accc-

2216 1645 2366 1706 ptum
2398 1637 2592 1693 librum
2624 1640 2938 1696 combussit.
2971 1642 3306 1715 Jubeturque
3349 1646 3586 1702 Jeremias
3611 1649 3737 1704 alium

2216 1726 2455 1782 scribere
2485 1728 2676 1784 librum
2716 1731 2972 1788 similem.
3006 1733 3245 1804 chiqne
3273 1739 3536 1807 prophetat
3561 1739 3738 1792 calami-

2217 1826 2353 1872 tates
2378 1818 2447 1872 ob
2471 1819 2572 1874 tale
2590 1819 2814 1876 facinus.
2839 1822 3168 1880 Vaticinatur
3184 1826 3448 1882 excidium
3473 1825 3740 1882 Jerusalem:

2214 1919 2268 1965 et
2283 1912 2774 1982 comprehenditur,
2795 1916 3135 1989 injiciturque
3156 1918 3209 1973 in
3233 1934 3496 1976 carcerem
3511 1919 3740 1985 Jeremias,

2215 2003 2444 2076 indeque
2459 2017 2711 2063 evocatus
2732 2023 2761 2062 a
2789 2008 3032 2076 Sedecia,
3053 2009 3183 2067 dicit
3199 2012 3275 2081 ei,
3293 2012 3588 2084 capiendum
3603 2012 3739 2082 ipsum

2213 2094 2350 2163 fore,
2378 2106 2634 2169 rogatque
2655 2114 2724 2155 ne
2747 2103 3050 2158 remittatur
3075 2106 3126 2158 in
3155 2119 3453 2160 carcerem.
3482 2106 3742 2174 Arrcptum-

2211 2202 2316 2257 que
2342 2187 2491 2244 illum
2521 2191 2788 2261 principes
2810 2192 3054 2263 injiciunt
3077 2195 3128 2252 in
3150 2195 3330 2251 lacum
3350 2196 3506 2251 omni.
3526 2196 3584 2250 Et
3601 2195 3744 2251 eduxit

2211 2294 2333 2334 cum
2383 2280 2505 2336 inde
2551 2282 2898 2341 Abdamelec.
2943 2287 3020 2339 Ac
3060 2300 3254 2342 rursus
3280 2287 3740 2354 accersitusarege,

2212 2371 2439 2428 salutem
2467 2374 2564 2444 ipsi
2590 2377 2930 2444 praenuntiat,
2963 2379 3008 2432 si
3031 2378 3158 2434 velit
3179 2389 3375 2450 sponte
3399 2379 3464 2434 ad
3494 2379 3652 2434 hostes
3676 2395 3740 2434 ex-

2211 2464 2320 2530 ire;
2347 2467 2428 2520 sin
2457 2467 2608 2534 nolit,
2642 2469 2928 2536 perniciem
2960 2470 3074 2526 urbi
3100 2472 3219 2538 toti,
3245 2481 3300 2527 et
3321 2472 3417 2542 ipsi
3439 2471 3646 2542 ingentia
3663 2486 3742 2524 tua—

2210 2556 2281 2612 la.
2309 2557 2444 2612 Cum
2469 2567 2646 2614 autem
2676 2576 2782 2618 non
2811 2563 3170 2632 persuasisset
3200 2565 3281 2619 illi
3312 2573 3370 2619 ut
3393 2564 3571 2631 exiret,
3593 2578 3744 2618 ascen.-

2209 2647 2287 2703 dit
2308 2647 2586 2714 barbarus,
2608 2659 2833 2722 etcapta
2856 2652 3085 2707 esturbs
3105 2668 3231 2708 cum
3257 2653 3494 2711 Sedecia.
3510 2653 3746 2709 Jeremiam

2211 2753 2339 2794 vero
2381 2737 2612 2809 benigne
2639 2750 2970 2810 exceperunt
2999 2742 3278 2814 principes
3317 2743 3744 2800 Nabuchodonoso-

2208 2828 2304 2884 ris.
2330 2829 2686 2886 Abdemeleco
2725 2833 2954 2886 salutem
2983 2833 3247 2902 pra‘dicit.
3285 2835 3417 2890 Cum
3445 2845 3606 2890 autem
3633 2833 3743 2902 prin-

2207 2936 2336 2991 ceps
2359 2937 2649 2992 coquorum
2671 2938 2836 2995 penes
2865 2924 3010 2994 ipsos
3033 2926 3369 2997 reliquisset,
3401 2936 3456 2981 ut
3478 2942 3573 2996 quo
3592 2923 3751 2980 vellrnl

2207 3013 2365 3080 irent,
2400 3014 2546 3069 venit
2584 3015 2654 3070 ad
2698 3014 2999 3084 Godoliam,
3031 3032 3187 3087 quem
3221 3021 3571 3075 constituerat
3597 3017 3749 3088 print-L

2207 3121 2326 3176 pem
2355 3121 2541 3162 eorum
2572 3108 2662 3177 qui
2710 3109 2880 3164 relicti
2930 3109 3140 3165 fuerant
3181 3111 3234 3164 in
3291 3111 3487 3168 Judtea.
3520 3110 3754 3166 Convene-

2206 3205 2331 3251 runt
2354 3197 2420 3252 ad
2447 3198 2722 3254 Godoliam
2748 3200 2837 3270 qui
2869 3215 2968 3270 per
2991 3215 3146 3271 agros
3168 3202 3407 3273 dispersi
3433 3211 3575 3260 erant
3594 3190 3748 3256 Judazi.

2204 3289 2395 3344 lsmael
2447 3289 2643 3344 occidit
2687 3290 2965 3346 Godoliam
2997 3303 3051 3346 et
3075 3293 3347 3363 quosdam
3376 3294 3524 3359 alios,
3551 3301 3599 3348 et
3637 3305 3748 3344 act:-

2205 3383 2355 3451 piens
2377 3385 2632 3453 populum
2663 3383 2922 3451 Godolize,
2955 3384 3086 3440 abiit
3113 3387 3168 3444 in
3198 3389 3483 3459 regionem
3513 3384 3749 3441 Ammoni-

2203 3485 2396 3531 tarum.
2419 3476 2488 3532 Ut
2511 3489 2687 3532 autem
2729 3477 2860 3532 vidit
2883 3493 3004 3534 eum
3034 3478 3314 3548 Joannan,
3347 3496 3481 3535 unus
3504 3482 3566 3533 de
3595 3473 3752 3546 princi-

2203 3566 2376 3635 pibus.
2405 3566 2542 3622 bene
2581 3567 2803 3623 allectus
2849 3583 2975 3639 erga
3014 3568 3330 3636 Godoliam,
3362 3570 3559 3639 aufugit
3599 3568 3754 3622 Ismael

2200 3672 2321 3713 cum
2352 3667 2472 3712 octo
2502 3660 2630 3713 viris
2675 3668 2898 3725 tantum,
2956 3661 3325 3732 pepulumque
3374 3661 3574 3730 accepit
3619 3657 3727 3712 J03"

2200 3763 2324 3802 nan.
2355 3748 2456 3816 Qui
2497 3757 2747 3820 precatus
2775 3758 2858 3804 est
2894 3750 3202 3818 Jeremiam,
3239 3764 3301 3806 ut
3345 3767 3440 3822 pro
3470 3751 3592 3821 ipsis
3620 3749 3752 3802 Deum

2199 3845 2443 3908 rogaret;
2475 3853 2598 3893 cum
2627 3840 2934 3896 consuleret
2961 3839 3088 3910 ipsis
3115 3840 3391 3897 Jcremias
3419 3857 3489 3896 nc
3531 3840 3580 3894 in
3618 3836 3729 3905 ἐξ]

2195 3939 2343 3999 ptum
2375 3930 2810 4002 ingrederentur;
2844 3943 3074 3989 mortem
3123 3935 3273 3990 enim
3322 3935 3516 3990 minari
3547 3934 3695 3989 Deum
3718 3945 3751 3983 si

2197 4035 2263 4076 eo
2288 4022 2742 4092 commigrarent:
2775 4023 2826 4078 id
2853 4024 2932 4079 eis
2959 4041 3066 4079 non
3108 4029 3404 4096 persuasit.
3434 4028 3565 4084 Cum
3606 4033 3753 4077 autem

2197 4112 2467 4169 venissent
2495 4114 2546 4168 in
2575 4113 2847 4183 Taplmas,
2869 4114 3176 4172 cohortatus
3199 4128 3288 4174 est
3315 4135 3412 4174 eos
3441 4135 3507 4173 ne
3528 4115 3655 4173 idola
3680 4129 3751 4168 ce-

2197 4203 2388 4259 lerent.
2428 4204 2922 4261 Contradicenlihus
2945 4207 3050 4262 illis
3081 4212 3465 4278 prtennntiavit
3503 4208 3753 4280 perniciem

2196 4310 2462 4366 magnam,
2489 4306 2540 4351 et
2571 4296 2680 4367 regi
2700 4297 3074 4369 Egyptiorum
3099 4302 3398 4370 perniciem
3422 4301 3628 4372 Egypti
3649 4311 3750 4368 prte-

2195 4384 2342 4450 dicit,
2378 4401 2582 4442 necnon
2619 4388 3057 4460 alienigenarum,
3090 4391 3217 4445 item
3250 4393 3622 4452 Moabitarutn,
3653 4391 3757 4441 Ani--

2195 4478 2532 4545 manitarum,
2567 4479 2944 4548 ldumteorum,
2979 4482 3243 4552 Damasci,
3288 4497 3346 4539 et
3381 4486 3553 4551 Elam,
3597 4482 3754 4536 etiam.

2193 4585 2297 4640 que
2322 4570 2628 4643 Babylonis,
2657 4572 2993 4643 reditumque
3036 4575 3160 4631 inde
3183 4576 3502 4632 Judteorum
3547 4591 3753 4646 pra'n!I=~

2197 4662 2308 4716 tiat.
2337 4661 2616 4729 Quomodo
2645 4664 2823 4722 excisa
2868 4667 2939 4720 sit
2983 4665 3279 4722 Jerusalem
3331 4677 3538 4734 narrat,
3583 4679 3757 4719 necnon

2193 4753 2459 4824 quomodo
2487 4770 2554 4808 ex
2582 4754 2792 4826 dejecto
2821 4766 2962 4812 statu
2991 4758 3043 4812 in
3073 4757 3340 4814 honorem
3372 4768 3653 4830 provectus
3673 4757 3750 4805 fm-

2192 4847 2261 4900 rit
2289 4844 2552 4913 Joachim,
2581 4849 2671 4916 qui
2702 4857 2892 4917 sponte
2921 4865 2980 4906 se
3005 4865 3126 4905 cum
3174 4863 3352 4907 matre
3395 4866 3491 4906 sua
3517 4847 3759 4905 dediderat

2191 4935 2718 4992 Nabuchodonosori.

2247 5085 2485 5127 SYNOPSIS
2521 5085 2699 5127 EOBUII
2732 5087 2846 5136 ουλε
2875 5089 2940 5128 ΑΒ
2970 5089 3260 5130 εῑῐςοιιιειε
3290 5091 3577 5131 ΡΠΟΡΠΕἸΆ
3601 5084 3732 5128 DlC‘H

2903 5179 3056 5220 SUNT.

2269 5299 2426 5356 Videt
2456 5301 2716 5371 propheta
2741 5301 3002 5357 visionem
3033 5301 3478 5358 Cherubinorum
3505 5341 3520 5364 ,
3547 5293 3756 5366 iubetur-

2195 5409 2298 5465 que
2341 5410 2371 5449 a
2405 5395 2517 5450 Deo
2563 5395 2815 5452 lsraelitis
2850 5396 3017 5468 loqui.
3068 5397 3395 5466 Deportatur
3433 5409 3462 5447 a
3509 5387 3694 5459 Spiritu
3721 5381 3764 5433 in

2198 5487 2563 5557 captivitatem
2598 5507 2610 5542 :
2642 5489 3008 5560 excitaturque
3038 5504 3068 5543 a
3106 5489 3234 5554 Deo,
3267 5497 3332 5540 ut
3355 5501 3486 5542 cum
3518 5477 3697 5539 ﬁducia
3723 5483 3768 5528 et

2198 5579 2419 5650 impigre
2445 5589 2557 5634 tum
2599 5579 2790 5650 iniquis
2815 5589 2925 5634 tum
2945 5579 3105 5649 justis
3125 5579 3263 5634 viam
3291 5578 3363 5633 ad
3398 5577 3567 5631 vitam
3591 5569 3770 5625 ducen-

2200 5681 2302 5727 tem
2335 5673 2633 5740 annuntiet,
2661 5681 2712 5728 ct
2736 5671 2829 5727 Dei
2856 5670 3101 5727 mandata
3123 5670 3380 5727 declaret.
3418 5666 3641 5725 Jubctur
3666 5666 3773 5716 sese

2993 5857 3018 5870 \
