  <div class='ocr_page' id='page_1' title='image "/cluster/home/n/w/nwhite01/storage/ocr_20150623/56/hvd.32044048208490/376.png"; bbox 0 0 4090 6216; ppageno 0'>
   <div class='ocr_carea' id='block_1_1' title="bbox 319 219 431 279">
    <p class='ocr_par' dir='ltr' id='par_1_1' title="bbox 319 219 431 279">
     <span class='ocr_line' id='line_1_1' title="bbox 319 219 431 279; baseline 0 0"><span class='ocrx_word' id='word_1_1' title='bbox 319 219 431 279; x_wconf 74' lang='grc' dir='ltr'>δῗθ</span> 
     </span>
    </p>
   </div>
   <div class='ocr_carea' id='block_1_2' title="bbox 312 327 1884 404">
    <p class='ocr_par' dir='ltr' id='par_1_2' title="bbox 312 327 1884 404">
     <span class='ocr_line' id='line_1_2' title="bbox 312 327 1884 404; baseline -0.004 -14"><span class='ocrx_word' id='word_1_2' title='bbox 312 332 505 404; x_wconf 74' lang='grc' dir='ltr'>Κυρίῳ</span> <span class='ocrx_word' id='word_1_3' title='bbox 553 330 710 404; x_wconf 73' lang='grc' dir='ltr'>ἡμῶν</span> <span class='ocrx_word' id='word_1_4' title='bbox 749 327 929 402; x_wconf 76' lang='grc' dir='ltr'>Ἰησοῦ</span> <span class='ocrx_word' id='word_1_5' title='bbox 984 329 1225 401; x_wconf 79' lang='grc' dir='ltr'>Χριστῷ,</span> <span class='ocrx_word' id='word_1_6' title='bbox 1259 330 1409 384; x_wconf 82' lang='grc' dir='ltr'>αὐτοὶ</span> <span class='ocrx_word' id='word_1_7' title='bbox 1455 332 1668 395; x_wconf 75' lang='grc' dir='ltr'>ἑαυτοῖς</span> <span class='ocrx_word' id='word_1_8' title='bbox 1722 330 1884 384; x_wconf 83' lang='grc' dir='ltr'>αῖτιοι</span> 
     </span>
    </p>
   </div>
   <div class='ocr_carea' id='block_1_3' title="bbox 1404 211 2491 276">
    <p class='ocr_par' dir='ltr' id='par_1_3' title="bbox 1404 211 2491 276">
     <span class='ocr_line' id='line_1_3' title="bbox 1404 211 2491 276; baseline 0.004 -6"><span class='ocrx_word' id='word_1_9' title='bbox 1404 212 1736 272; x_wconf 79' lang='lat' dir='ltr'>SYNOPSIS</span> <span class='ocrx_word' id='word_1_10' title='bbox 1771 211 2183 272; x_wconf 68' lang='lat' dir='ltr'>SCRIPTURA&#39;Z</span> <span class='ocrx_word' id='word_1_11' title='bbox 2221 217 2491 276; x_wconf 66' lang='lat' dir='ltr'>SACRE.</span> 
     </span>
    </p>
   </div>
   <div class='ocr_carea' id='block_1_4' title="bbox 3450 225 3558 285">
    <p class='ocr_par' dir='ltr' id='par_1_4' title="bbox 3450 225 3558 285">
     <span class='ocr_line' id='line_1_4' title="bbox 3450 225 3558 285; baseline 0 -2"><span class='ocrx_word' id='word_1_12' title='bbox 3450 225 3558 285; x_wconf 66' lang='lat'>380</span> 
     </span>
    </p>
   </div>
   <div class='ocr_carea' id='block_1_5' title="bbox 1988 330 3558 411">
    <p class='ocr_par' dir='ltr' id='par_1_5' title="bbox 1988 330 3558 411">
     <span class='ocr_line' id='line_1_5' title="bbox 1988 330 3558 411; baseline 0.006 -28"><span class='ocrx_word' id='word_1_13' title='bbox 1988 330 2230 385; x_wconf 75' lang='grc' dir='ltr'>κελεύειν</span> <span class='ocrx_word' id='word_1_14' title='bbox 2264 343 2288 372; x_wconf 70' lang='grc' dir='ltr'>α</span> <span class='ocrx_word' id='word_1_15' title='bbox 2336 334 2605 406; x_wconf 80' lang='grc' dir='ltr'>ἀγοράσαι</span> <span class='ocrx_word' id='word_1_16' title='bbox 2642 334 2832 407; x_wconf 84' lang='grc' dir='ltr'>ἀγρόν.</span> <span class='ocrx_word' id='word_1_17' title='bbox 2871 334 2931 391; x_wconf 91' lang='lat'>&#39;0</span> <span class='ocrx_word' id='word_1_18' title='bbox 2965 335 3024 390; x_wconf 86' lang='lat'>66</span> <span class='ocrx_word' id='word_1_19' title='bbox 3066 335 3199 401; x_wconf 88' lang='grc' dir='ltr'>Θεός</span> <span class='ocrx_word' id='word_1_20' title='bbox 3244 354 3377 409; x_wconf 85' lang='grc' dir='ltr'>φησι</span> <span class='ocrx_word' id='word_1_21' title='bbox 3419 340 3558 411; x_wconf 83' lang='grc' dir='ltr'>πρὸς</span> 
     </span>
    </p>
   </div>
   <div class='ocr_carea' id='block_1_6' title="bbox 311 414 3554 495">
    <p class='ocr_par' dir='ltr' id='par_1_6' title="bbox 311 414 3554 495">
     <span class='ocr_line' id='line_1_6' title="bbox 311 414 3554 495; baseline 0.001 -19"><span class='ocrx_word' id='word_1_22' title='bbox 311 422 560 492; x_wconf 80' lang='grc' dir='ltr'>ἐγένοντο</span> <span class='ocrx_word' id='word_1_23' title='bbox 586 419 698 473; x_wconf 85' lang='grc' dir='ltr'>τῶν</span> <span class='ocrx_word' id='word_1_24' title='bbox 723 417 1003 491; x_wconf 82' lang='grc' dir='ltr'>παρόντων</span> <span class='ocrx_word' id='word_1_25' title='bbox 1032 417 1234 472; x_wconf 82' lang='grc' dir='ltr'>κακῶν.</span> <span class='ocrx_word' id='word_1_26' title='bbox 1267 417 1378 489; x_wconf 85' lang='grc' dir='ltr'>Τήν</span> <span class='ocrx_word' id='word_1_27' title='bbox 1399 418 1517 472; x_wconf 84' lang='grc' dir='ltr'>κατ’</span> <span class='ocrx_word' id='word_1_28' title='bbox 1540 417 1707 472; x_wconf 82' lang='grc' dir='ltr'>αὑτοῦ</span> <span class='ocrx_word' id='word_1_29' title='bbox 1739 434 1885 485; x_wconf 85' lang='grc' dir='ltr'>γινο⁴</span> <span class='ocrx_word' id='word_1_30' title='bbox 1988 416 2151 471; x_wconf 78' lang='grc' dir='ltr'>αὐτόν</span> <span class='ocrx_word' id='word_1_31' title='bbox 2173 435 2188 449; x_wconf 79' lang='grc'><em>’</em></span> <span class='ocrx_word' id='word_1_32' title='bbox 2208 414 2286 472; x_wconf 88' lang='grc' dir='ltr'>Τά</span> <span class='ocrx_word' id='word_1_33' title='bbox 2321 420 2421 491; x_wconf 83' lang='grc' dir='ltr'>μὲν</span> <span class='ocrx_word' id='word_1_34' title='bbox 2459 420 2701 493; x_wconf 88' lang='grc' dir='ltr'>παρόντα</span> <span class='ocrx_word' id='word_1_35' title='bbox 2735 421 2881 476; x_wconf 88' lang='grc' dir='ltr'>κακά</span> <span class='ocrx_word' id='word_1_36' title='bbox 2907 421 2996 477; x_wconf 82' lang='grc' dir='ltr'>διὰ</span> <span class='ocrx_word' id='word_1_37' title='bbox 3026 421 3128 487; x_wconf 85' lang='grc' dir='ltr'>τὰς</span> <span class='ocrx_word' id='word_1_38' title='bbox 3162 424 3435 495; x_wconf 77' lang='grc' dir='ltr'>ἁμαρτίας</span> <span class='ocrx_word' id='word_1_39' title='bbox 3458 425 3554 480; x_wconf 89' lang='grc' dir='ltr'>τοῦ</span> 
     </span>
    </p>
   </div>
   <div class='ocr_carea' id='block_1_7' title="bbox 314 504 1882 580">
    <p class='ocr_par' dir='ltr' id='par_1_7' title="bbox 314 504 1882 580">
     <span class='ocr_line' id='line_1_7' title="bbox 314 504 1882 580; baseline -0.003 -17"><span class='ocrx_word' id='word_1_40' title='bbox 314 509 485 580; x_wconf 85' lang='grc' dir='ltr'>μένην</span> <span class='ocrx_word' id='word_1_41' title='bbox 504 507 794 579; x_wconf 76' lang='grc' dir='ltr'>ἐπιϐουλήν</span> <span class='ocrx_word' id='word_1_42' title='bbox 817 504 920 560; x_wconf 78' lang='grc' dir='ltr'>ὑπὸ</span> <span class='ocrx_word' id='word_1_43' title='bbox 951 504 1217 559; x_wconf 78' lang='grc' dir='ltr'>Ἰουδαίων</span> <span class='ocrx_word' id='word_1_44' title='bbox 1236 504 1265 557; x_wconf 93' lang='lat'>6</span> <span class='ocrx_word' id='word_1_45' title='bbox 1294 504 1578 575; x_wconf 80' lang='grc' dir='ltr'>προφήτης</span> <span class='ocrx_word' id='word_1_46' title='bbox 1602 504 1882 575; x_wconf 80' lang='grc' dir='ltr'>προλέγει,</span> 
     </span>
    </p>
   </div>
   <div class='ocr_carea' id='block_1_8' title="bbox 309 589 1882 667">
    <p class='ocr_par' dir='ltr' id='par_1_8' title="bbox 309 589 1882 667">
     <span class='ocr_line' id='line_1_8' title="bbox 309 589 1882 667; baseline -0.004 -15"><span class='ocrx_word' id='word_1_47' title='bbox 309 598 407 652; x_wconf 77' lang='grc' dir='ltr'>καὶ</span> <span class='ocrx_word' id='word_1_48' title='bbox 431 595 752 667; x_wconf 77' lang='grc' dir='ltr'>κατεύχεται</span> <span class='ocrx_word' id='word_1_49' title='bbox 779 594 981 657; x_wconf 79' lang='grc' dir='ltr'>αὐτῶν,</span> <span class='ocrx_word' id='word_1_50' title='bbox 1009 592 1091 647; x_wconf 84' lang='grc' dir='ltr'>ὃτι</span> <span class='ocrx_word' id='word_1_51' title='bbox 1121 589 1331 664; x_wconf 81' lang='grc' dir='ltr'>πονηρὰ</span> <span class='ocrx_word' id='word_1_52' title='bbox 1355 592 1478 646; x_wconf 79' lang='grc' dir='ltr'>ἀντὶ</span> <span class='ocrx_word' id='word_1_53' title='bbox 1499 591 1720 661; x_wconf 85' lang='grc' dir='ltr'>ἀγαθῶν</span> <span class='ocrx_word' id='word_1_54' title='bbox 1745 593 1882 646; x_wconf 79' lang='grc' dir='ltr'>ἀπο-</span> 
     </span>
    </p>
   </div>
   <div class='ocr_carea' id='block_1_9' title="bbox 305 677 1881 751">
    <p class='ocr_par' dir='ltr' id='par_1_9' title="bbox 305 677 1881 751">
     <span class='ocr_line' id='line_1_9' title="bbox 305 677 1881 751; baseline -0.003 -14"><span class='ocrx_word' id='word_1_55' title='bbox 305 681 594 737; x_wconf 72' lang='grc' dir='ltr'>δεδώκασι.</span> <span class='ocrx_word' id='word_1_56' title='bbox 644 679 939 735; x_wconf 83' lang='grc' dir='ltr'>Κελεύεται</span> <span class='ocrx_word' id='word_1_57' title='bbox 977 679 1008 731; x_wconf 98' lang='lat'>6</span> <span class='ocrx_word' id='word_1_58' title='bbox 1049 678 1314 749; x_wconf 75' lang='grc' dir='ltr'>Ἱερεμίας</span> <span class='ocrx_word' id='word_1_59' title='bbox 1363 677 1511 751; x_wconf 83' lang='grc' dir='ltr'>βικὺν</span> <span class='ocrx_word' id='word_1_60' title='bbox 1560 677 1881 750; x_wconf 83' lang='grc' dir='ltr'>όστράκινον</span> 
     </span>
    </p>
   </div>
   <div class='ocr_carea' id='block_1_10' title="bbox 307 764 1881 840">
    <p class='ocr_par' dir='ltr' id='par_1_10' title="bbox 307 764 1881 840">
     <span class='ocr_line' id='line_1_10' title="bbox 307 764 1881 840; baseline -0.003 -15"><span class='ocrx_word' id='word_1_61' title='bbox 307 768 512 835; x_wconf 84' lang='grc' dir='ltr'>λαϐὼν,</span> <span class='ocrx_word' id='word_1_62' title='bbox 540 768 634 823; x_wconf 79' lang='grc' dir='ltr'>καὶ</span> <span class='ocrx_word' id='word_1_63' title='bbox 664 766 1174 840; x_wconf 76' lang='grc' dir='ltr'>διαμαρτυράμενος</span> <span class='ocrx_word' id='word_1_64' title='bbox 1198 765 1267 820; x_wconf 86' lang='grc' dir='ltr'>τά</span> <span class='ocrx_word' id='word_1_65' title='bbox 1289 764 1438 820; x_wconf 85' lang='grc' dir='ltr'>κακά</span> <span class='ocrx_word' id='word_1_66' title='bbox 1460 765 1556 820; x_wconf 89' lang='grc' dir='ltr'>τοῦ</span> <span class='ocrx_word' id='word_1_67' title='bbox 1582 765 1734 831; x_wconf 89' lang='grc' dir='ltr'>λαοῦ,</span> <span class='ocrx_word' id='word_1_68' title='bbox 1762 783 1881 821; x_wconf 84' lang='grc' dir='ltr'>συν-</span> 
     </span>
    </p>
   </div>
   <div class='ocr_carea' id='block_1_11' title="bbox 304 852 1875 931">
    <p class='ocr_par' dir='ltr' id='par_1_11' title="bbox 304 852 1875 931">
     <span class='ocr_line' id='line_1_11' title="bbox 304 852 1875 931; baseline -0.004 -17"><span class='ocrx_word' id='word_1_69' title='bbox 304 858 499 931; x_wconf 74' lang='grc' dir='ltr'>τρῖψαι</span> <span class='ocrx_word' id='word_1_70' title='bbox 527 857 622 912; x_wconf 76' lang='grc' dir='ltr'>τὸν</span> <span class='ocrx_word' id='word_1_71' title='bbox 646 856 799 928; x_wconf 82' lang='grc' dir='ltr'>βικὸν</span> <span class='ocrx_word' id='word_1_72' title='bbox 829 856 950 909; x_wconf 87' lang='grc' dir='ltr'>κατ’</span> <span class='ocrx_word' id='word_1_73' title='bbox 980 853 1291 925; x_wconf 78' lang='grc' dir='ltr'>ὀφθαλμοὺς</span> <span class='ocrx_word' id='word_1_74' title='bbox 1312 852 1510 919; x_wconf 79' lang='grc' dir='ltr'>αὐτῶν,</span> <span class='ocrx_word' id='word_1_75' title='bbox 1542 854 1639 908; x_wconf 69' lang='grc' dir='ltr'>καὶ</span> <span class='ocrx_word' id='word_1_76' title='bbox 1665 855 1839 908; x_wconf 84' lang='grc' dir='ltr'>είπεῖν</span> <span class='ocrx_word' id='word_1_77' title='bbox 1859 869 1875 886; x_wconf 75' lang='grc' dir='ltr'><strong>ο</strong></span> 
     </span>
    </p>
   </div>
   <div class='ocr_carea' id='block_1_12' title="bbox 305 938 1880 1016">
    <p class='ocr_par' dir='ltr' id='par_1_12' title="bbox 305 938 1880 1016">
     <span class='ocr_line' id='line_1_12' title="bbox 305 938 1880 1016; baseline -0.003 -17"><span class='ocrx_word' id='word_1_78' title='bbox 305 944 467 1001; x_wconf 73' lang='grc' dir='ltr'>οὕτω</span> <span class='ocrx_word' id='word_1_79' title='bbox 517 943 932 1016; x_wconf 81' lang='grc' dir='ltr'>συντριϐήσεται</span> <span class='ocrx_word' id='word_1_80' title='bbox 997 938 1372 1012; x_wconf 85' lang='grc' dir='ltr'>Ἰερουσαλήμ.</span> <span class='ocrx_word' id='word_1_81' title='bbox 1423 941 1533 993; x_wconf 86' lang='lat' dir='ltr'>Kal</span> <span class='ocrx_word' id='word_1_82' title='bbox 1585 940 1880 1012; x_wconf 74' lang='grc' dir='ltr'>ἐμϐληθεὶς</span> 
     </span>
    </p>
   </div>
   <div class='ocr_carea' id='block_1_13' title="bbox 306 1026 1880 1101">
    <p class='ocr_par' dir='ltr' id='par_1_13' title="bbox 306 1026 1880 1101">
     <span class='ocr_line' id='line_1_13' title="bbox 306 1026 1880 1101; baseline -0.003 -15"><span class='ocrx_word' id='word_1_83' title='bbox 306 1031 421 1086; x_wconf 75' lang='grc' dir='ltr'>ὑπὸ</span> <span class='ocrx_word' id='word_1_84' title='bbox 442 1029 536 1085; x_wconf 84' lang='grc' dir='ltr'>τοῦ</span> <span class='ocrx_word' id='word_1_85' title='bbox 566 1027 804 1101; x_wconf 86' lang='grc' dir='ltr'>Πασχὼρ</span> <span class='ocrx_word' id='word_1_86' title='bbox 825 1030 907 1092; x_wconf 85' lang='grc' dir='ltr'>είς</span> <span class='ocrx_word' id='word_1_87' title='bbox 932 1026 1023 1082; x_wconf 78' lang='grc' dir='ltr'>τὸν</span> <span class='ocrx_word' id='word_1_88' title='bbox 1043 1026 1414 1099; x_wconf 87' lang='grc' dir='ltr'>καταράκτην,</span> <span class='ocrx_word' id='word_1_89' title='bbox 1444 1027 1775 1100; x_wconf 79' lang='grc' dir='ltr'>προφητεύει</span> <span class='ocrx_word' id='word_1_90' title='bbox 1800 1027 1880 1099; x_wconf 82' lang='grc' dir='ltr'>τῷ</span> 
     </span>
    </p>
   </div>
   <div class='ocr_carea' id='block_1_14' title="bbox 306 1111 1877 1189">
    <p class='ocr_par' dir='ltr' id='par_1_14' title="bbox 306 1111 1877 1189">
     <span class='ocr_line' id='line_1_14' title="bbox 306 1111 1877 1189; baseline -0.003 -15"><span class='ocrx_word' id='word_1_91' title='bbox 306 1116 544 1189; x_wconf 83' lang='grc' dir='ltr'>Πασχὼρ</span> <span class='ocrx_word' id='word_1_92' title='bbox 567 1117 639 1172; x_wconf 76' lang='grc' dir='ltr'>τά</span> <span class='ocrx_word' id='word_1_93' title='bbox 667 1115 990 1186; x_wconf 79' lang='grc' dir='ltr'>ἑκδεξόμενα</span> <span class='ocrx_word' id='word_1_94' title='bbox 1025 1113 1176 1185; x_wconf 82' lang='grc' dir='ltr'>αὐτῷ</span> <span class='ocrx_word' id='word_1_95' title='bbox 1201 1114 1347 1168; x_wconf 86' lang='grc' dir='ltr'>κακά</span> <span class='ocrx_word' id='word_1_96' title='bbox 1373 1125 1421 1168; x_wconf 74' lang='grc' dir='ltr'>ι.</span> <span class='ocrx_word' id='word_1_97' title='bbox 1449 1111 1583 1169; x_wconf 84' lang='grc' dir='ltr'>Είτα</span> <span class='ocrx_word' id='word_1_98' title='bbox 1622 1115 1877 1185; x_wconf 82' lang='grc' dir='ltr'>ἀσχάλλει</span> 
     </span>
    </p>
   </div>
   <div class='ocr_carea' id='block_1_15' title="bbox 305 1199 1871 1273">
    <p class='ocr_par' dir='ltr' id='par_1_15' title="bbox 305 1199 1871 1273">
     <span class='ocr_line' id='line_1_15' title="bbox 305 1199 1871 1273; baseline -0.003 -14"><span class='ocrx_word' id='word_1_99' title='bbox 305 1206 401 1259; x_wconf 71' lang='grc' dir='ltr'>ἐπὶ</span> <span class='ocrx_word' id='word_1_100' title='bbox 437 1207 553 1267; x_wconf 82' lang='grc' dir='ltr'>τοῖς</span> <span class='ocrx_word' id='word_1_101' title='bbox 600 1201 943 1273; x_wconf 80' lang='grc' dir='ltr'>διασύρουσιν</span> <span class='ocrx_word' id='word_1_102' title='bbox 980 1199 1165 1265; x_wconf 83' lang='grc' dir='ltr'>αὐτὸν,</span> <span class='ocrx_word' id='word_1_103' title='bbox 1198 1201 1292 1254; x_wconf 78' lang='grc' dir='ltr'>καὶ</span> <span class='ocrx_word' id='word_1_104' title='bbox 1329 1200 1649 1272; x_wconf 82' lang='grc' dir='ltr'>κατεύχεται</span> <span class='ocrx_word' id='word_1_105' title='bbox 1675 1199 1871 1269; x_wconf 80' lang='grc' dir='ltr'>αὐτῶν,</span> 
     </span>
    </p>
   </div>
   <div class='ocr_carea' id='block_1_16' title="bbox 304 1289 1874 1364">
    <p class='ocr_par' dir='ltr' id='par_1_16' title="bbox 304 1289 1874 1364">
     <span class='ocr_line' id='line_1_16' title="bbox 304 1289 1874 1364; baseline -0.002 -17"><span class='ocrx_word' id='word_1_106' title='bbox 304 1295 404 1348; x_wconf 76' lang='grc' dir='ltr'>καὶ</span> <span class='ocrx_word' id='word_1_107' title='bbox 427 1294 731 1364; x_wconf 82' lang='grc' dir='ltr'>καταρᾶται</span> <span class='ocrx_word' id='word_1_108' title='bbox 761 1293 827 1362; x_wconf 81' lang='grc' dir='ltr'>τῇ</span> <span class='ocrx_word' id='word_1_109' title='bbox 853 1289 1039 1362; x_wconf 76' lang='grc' dir='ltr'>ἡμέρα</span> <span class='ocrx_word' id='word_1_110' title='bbox 1085 1290 1153 1360; x_wconf 71' lang='grc' dir='ltr'>τῇ</span> <span class='ocrx_word' id='word_1_111' title='bbox 1196 1289 1411 1344; x_wconf 75' lang='grc' dir='ltr'>ἑαυτοῦ.</span> <span class='ocrx_word' id='word_1_112' title='bbox 1450 1290 1663 1361; x_wconf 80' lang='grc' dir='ltr'>Πέμπει</span> <span class='ocrx_word' id='word_1_113' title='bbox 1715 1291 1874 1344; x_wconf 88' lang='grc' dir='ltr'>Σεδε-</span> 
     </span>
    </p>
   </div>
   <div class='ocr_carea' id='block_1_17' title="bbox 306 1376 1874 1449">
    <p class='ocr_par' dir='ltr' id='par_1_17' title="bbox 306 1376 1874 1449">
     <span class='ocr_line' id='line_1_17' title="bbox 306 1376 1874 1449; baseline -0.003 -14"><span class='ocrx_word' id='word_1_114' title='bbox 306 1381 431 1444; x_wconf 84' lang='grc' dir='ltr'>κίας</span> <span class='ocrx_word' id='word_1_115' title='bbox 455 1382 484 1433; x_wconf 91' lang='lat'>6</span> <span class='ocrx_word' id='word_1_116' title='bbox 514 1378 763 1449; x_wconf 77' lang='grc' dir='ltr'>βασιλεὺς</span> <span class='ocrx_word' id='word_1_117' title='bbox 790 1377 983 1449; x_wconf 81' lang='grc' dir='ltr'>μαθεῖν</span> <span class='ocrx_word' id='word_1_118' title='bbox 1007 1377 1157 1448; x_wconf 88' lang='grc' dir='ltr'>παρά</span> <span class='ocrx_word' id='word_1_119' title='bbox 1194 1376 1479 1446; x_wconf 89' lang='grc' dir='ltr'>Ἱερεμίου,</span> <span class='ocrx_word' id='word_1_120' title='bbox 1505 1379 1554 1430; x_wconf 84' lang='grc' dir='ltr'>εἰ</span> <span class='ocrx_word' id='word_1_121' title='bbox 1576 1377 1874 1431; x_wconf 86' lang='grc' dir='ltr'>ἀπελεύσε-</span> 
     </span>
    </p>
   </div>
   <div class='ocr_carea' id='block_1_18' title="bbox 304 1463 1874 1535">
    <p class='ocr_par' dir='ltr' id='par_1_18' title="bbox 304 1463 1874 1535">
     <span class='ocr_line' id='line_1_18' title="bbox 304 1463 1874 1535; baseline -0.002 -14"><span class='ocrx_word' id='word_1_122' title='bbox 304 1485 394 1521; x_wconf 88' lang='grc' dir='ltr'>ται</span> <span class='ocrx_word' id='word_1_123' title='bbox 427 1467 521 1521; x_wconf 84' lang='grc' dir='ltr'>ἀπ’</span> <span class='ocrx_word' id='word_1_124' title='bbox 568 1464 733 1523; x_wconf 79' lang='grc' dir='ltr'>αὐτοῦ</span> <span class='ocrx_word' id='word_1_125' title='bbox 780 1463 1265 1535; x_wconf 85' lang='grc' dir='ltr'>Ναϐουχοδονόσορ.</span> <span class='ocrx_word' id='word_1_126' title='bbox 1309 1463 1366 1516; x_wconf 84' lang='lat'>&#39;0</span> <span class='ocrx_word' id='word_1_127' title='bbox 1414 1463 1472 1516; x_wconf 87' lang='grc' dir='ltr'>δέ</span> <span class='ocrx_word' id='word_1_128' title='bbox 1501 1481 1686 1533; x_wconf 86' lang='grc' dir='ltr'>φησιν,</span> <span class='ocrx_word' id='word_1_129' title='bbox 1733 1465 1815 1518; x_wconf 83' lang='grc' dir='ltr'>ὅτι</span> <span class='ocrx_word' id='word_1_130' title='bbox 1844 1466 1874 1518; x_wconf 92' lang='lat'>6</span> 
     </span>
    </p>
   </div>
   <div class='ocr_carea' id='block_1_19' title="bbox 303 1551 1872 1626">
    <p class='ocr_par' dir='ltr' id='par_1_19' title="bbox 303 1551 1872 1626">
     <span class='ocr_line' id='line_1_19' title="bbox 303 1551 1872 1626; baseline -0.003 -16"><span class='ocrx_word' id='word_1_131' title='bbox 303 1556 436 1620; x_wconf 76' lang='grc' dir='ltr'>Θεὸς</span> <span class='ocrx_word' id='word_1_132' title='bbox 464 1554 760 1626; x_wconf 76' lang='grc' dir='ltr'>πολεμήσει</span> <span class='ocrx_word' id='word_1_133' title='bbox 799 1555 926 1616; x_wconf 78' lang='grc' dir='ltr'>τοὺς</span> <span class='ocrx_word' id='word_1_134' title='bbox 962 1551 1264 1616; x_wconf 83' lang='grc' dir='ltr'>Ἰουδαίους,</span> <span class='ocrx_word' id='word_1_135' title='bbox 1295 1551 1500 1606; x_wconf 76' lang='grc' dir='ltr'>καὶτὸν</span> <span class='ocrx_word' id='word_1_136' title='bbox 1522 1552 1744 1623; x_wconf 81' lang='grc' dir='ltr'>βασιλέα</span> <span class='ocrx_word' id='word_1_137' title='bbox 1774 1554 1872 1606; x_wconf 83' lang='grc' dir='ltr'>Σε-</span> 
     </span>
    </p>
   </div>
   <div class='ocr_carea' id='block_1_20' title="bbox 302 1638 1873 1711">
    <p class='ocr_par' dir='ltr' id='par_1_20' title="bbox 302 1638 1873 1711">
     <span class='ocr_line' id='line_1_20' title="bbox 302 1638 1873 1711; baseline -0.003 -14"><span class='ocrx_word' id='word_1_138' title='bbox 302 1642 505 1697; x_wconf 84' lang='grc' dir='ltr'>δεκίαν.</span> <span class='ocrx_word' id='word_1_139' title='bbox 533 1643 597 1696; x_wconf 89' lang='grc' dir='ltr'>Εί</span> <span class='ocrx_word' id='word_1_140' title='bbox 627 1641 687 1696; x_wconf 88' lang='lat'>66</span> <span class='ocrx_word' id='word_1_141' title='bbox 722 1639 960 1711; x_wconf 87' lang='grc' dir='ltr'>βούλοιτο</span> <span class='ocrx_word' id='word_1_142' title='bbox 991 1640 1019 1693; x_wconf 91' lang='lat'>6</span> <span class='ocrx_word' id='word_1_143' title='bbox 1052 1638 1179 1702; x_wconf 83' lang='grc' dir='ltr'>λαὸς</span> <span class='ocrx_word' id='word_1_144' title='bbox 1207 1638 1348 1691; x_wconf 79' lang='grc' dir='ltr'>ἑκὼν</span> <span class='ocrx_word' id='word_1_145' title='bbox 1380 1639 1770 1710; x_wconf 82' lang='grc' dir='ltr'>προσχωρῆσαι</span> <span class='ocrx_word' id='word_1_146' title='bbox 1795 1639 1873 1711; x_wconf 81' lang='grc' dir='ltr'>τῷ</span> 
     </span>
    </p>
   </div>
   <div class='ocr_carea' id='block_1_21' title="bbox 302 1724 1874 1800">
    <p class='ocr_par' dir='ltr' id='par_1_21' title="bbox 302 1724 1874 1800">
     <span class='ocr_line' id='line_1_21' title="bbox 302 1724 1874 1800; baseline -0.001 -16"><span class='ocrx_word' id='word_1_147' title='bbox 302 1728 788 1800; x_wconf 77' lang='grc' dir='ltr'>Ναϐουχοδονόσορ.</span> <span class='ocrx_word' id='word_1_148' title='bbox 825 1725 1166 1796; x_wconf 88' lang='grc' dir='ltr'>σωθήσεσθαι</span> <span class='ocrx_word' id='word_1_149' title='bbox 1193 1724 1376 1791; x_wconf 77' lang='grc' dir='ltr'>αὑτὸν,</span> <span class='ocrx_word' id='word_1_150' title='bbox 1403 1724 1499 1779; x_wconf 72' lang='grc' dir='ltr'>καὶ</span> <span class='ocrx_word' id='word_1_151' title='bbox 1521 1725 1612 1779; x_wconf 83' lang='grc' dir='ltr'>τὸν</span> <span class='ocrx_word' id='word_1_152' title='bbox 1650 1724 1874 1796; x_wconf 81' lang='grc' dir='ltr'>βασιλέα</span> 
     </span>
    </p>
   </div>
   <div class='ocr_carea' id='block_1_22' title="bbox 301 1812 1870 1882">
    <p class='ocr_par' dir='ltr' id='par_1_22' title="bbox 301 1812 1870 1882">
     <span class='ocr_line' id='line_1_22' title="bbox 301 1812 1870 1882; baseline -0.003 -10"><span class='ocrx_word' id='word_1_153' title='bbox 301 1819 359 1872; x_wconf 82' lang='lat'>66</span> <span class='ocrx_word' id='word_1_154' title='bbox 383 1818 487 1871; x_wconf 82' lang='grc' dir='ltr'>οὐκ</span> <span class='ocrx_word' id='word_1_155' title='bbox 526 1813 863 1876; x_wconf 88' lang='grc' dir='ltr'>ἀπολεῖσθαι,</span> <span class='ocrx_word' id='word_1_156' title='bbox 909 1814 957 1866; x_wconf 88' lang='grc' dir='ltr'>εί</span> <span class='ocrx_word' id='word_1_157' title='bbox 994 1814 1092 1882; x_wconf 76' lang='grc' dir='ltr'>τῆς</span> <span class='ocrx_word' id='word_1_158' title='bbox 1138 1812 1344 1875; x_wconf 76' lang='grc' dir='ltr'>οἰκείας</span> <span class='ocrx_word' id='word_1_159' title='bbox 1383 1812 1623 1876; x_wconf 82' lang='grc' dir='ltr'>ἀποστὰς</span> <span class='ocrx_word' id='word_1_160' title='bbox 1652 1814 1870 1880; x_wconf 84' lang='grc' dir='ltr'>κακίας,</span> 
     </span>
    </p>
   </div>
   <div class='ocr_carea' id='block_1_23' title="bbox 300 1898 1872 1971">
    <p class='ocr_par' dir='ltr' id='par_1_23' title="bbox 300 1898 1872 1971">
     <span class='ocr_line' id='line_1_23' title="bbox 300 1898 1872 1971; baseline -0.002 -12"><span class='ocrx_word' id='word_1_161' title='bbox 300 1908 413 1970; x_wconf 83' lang='grc' dir='ltr'>τοῖς</span> <span class='ocrx_word' id='word_1_162' title='bbox 439 1903 535 1957; x_wconf 88' lang='grc' dir='ltr'>τοῦ</span> <span class='ocrx_word' id='word_1_163' title='bbox 576 1902 712 1955; x_wconf 80' lang='grc' dir='ltr'>Θεοῦ</span> <span class='ocrx_word' id='word_1_164' title='bbox 750 1899 1130 1971; x_wconf 76' lang='grc' dir='ltr'>προστάγμασι</span> <span class='ocrx_word' id='word_1_165' title='bbox 1173 1898 1458 1969; x_wconf 82' lang='grc' dir='ltr'>προσέχειν</span> <span class='ocrx_word' id='word_1_166' title='bbox 1495 1898 1688 1954; x_wconf 84' lang='grc' dir='ltr'>ἐθέλοι.</span> <span class='ocrx_word' id='word_1_167' title='bbox 1715 1901 1872 1956; x_wconf 83' lang='grc' dir='ltr'>Κατά</span> 
     </span>
    </p>
   </div>
   <div class='ocr_carea' id='block_1_24' title="bbox 300 1985 1874 2061">
    <p class='ocr_par' dir='ltr' id='par_1_24' title="bbox 300 1985 1874 2061">
     <span class='ocr_line' id='line_1_24' title="bbox 300 1985 1874 2061; baseline -0.003 -12"><span class='ocrx_word' id='word_1_168' title='bbox 300 1993 399 2048; x_wconf 90' lang='grc' dir='ltr'>τοῦ</span> <span class='ocrx_word' id='word_1_169' title='bbox 444 1991 702 2061; x_wconf 73' lang='grc' dir='ltr'>Ἰωακεὶμ</span> <span class='ocrx_word' id='word_1_170' title='bbox 743 1990 838 2043; x_wconf 80' lang='grc' dir='ltr'>καὶ</span> <span class='ocrx_word' id='word_1_171' title='bbox 877 1988 972 2042; x_wconf 90' lang='grc' dir='ltr'>τοῦ</span> <span class='ocrx_word' id='word_1_172' title='bbox 1010 1985 1279 2059; x_wconf 79' lang='grc' dir='ltr'>Ἰεχονίου,</span> <span class='ocrx_word' id='word_1_173' title='bbox 1310 1988 1405 2042; x_wconf 75' lang='grc' dir='ltr'>καὶ</span> <span class='ocrx_word' id='word_1_174' title='bbox 1435 1988 1577 2042; x_wconf 86' lang='grc' dir='ltr'>κατά</span> <span class='ocrx_word' id='word_1_175' title='bbox 1602 1988 1710 2044; x_wconf 90' lang='grc' dir='ltr'>τῶν</span> <span class='ocrx_word' id='word_1_176' title='bbox 1753 2007 1874 2046; x_wconf 87' lang='grc' dir='ltr'>ποι-</span> 
     </span>
    </p>
   </div>
   <div class='ocr_carea' id='block_1_25' title="bbox 307 2073 1868 2152">
    <p class='ocr_par' dir='ltr' id='par_1_25' title="bbox 307 2073 1868 2152">
     <span class='ocr_line' id='line_1_25' title="bbox 307 2073 1868 2152; baseline -0.003 -17"><span class='ocrx_word' id='word_1_177' title='bbox 307 2081 484 2152; x_wconf 86' lang='grc' dir='ltr'>μένων</span> <span class='ocrx_word' id='word_1_178' title='bbox 510 2080 590 2143; x_wconf 83' lang='grc' dir='ltr'>είς</span> <span class='ocrx_word' id='word_1_179' title='bbox 613 2078 703 2132; x_wconf 84' lang='grc' dir='ltr'>τὸν</span> <span class='ocrx_word' id='word_1_180' title='bbox 729 2076 934 2148; x_wconf 84' lang='grc' dir='ltr'>Κύριον</span> <span class='ocrx_word' id='word_1_181' title='bbox 962 2073 1287 2145; x_wconf 85' lang='grc' dir='ltr'>προφητεία,</span> <span class='ocrx_word' id='word_1_182' title='bbox 1316 2073 1411 2129; x_wconf 83' lang='grc' dir='ltr'>καὶ</span> <span class='ocrx_word' id='word_1_183' title='bbox 1437 2074 1545 2130; x_wconf 89' lang='grc' dir='ltr'>τῶν</span> <span class='ocrx_word' id='word_1_184' title='bbox 1567 2075 1868 2149; x_wconf 80' lang='grc' dir='ltr'>ψευδοπρο-</span> 
     </span>
    </p>
   </div>
   <div class='ocr_carea' id='block_1_26' title="bbox 303 2159 1872 2240">
    <p class='ocr_par' dir='ltr' id='par_1_26' title="bbox 303 2159 1872 2240">
     <span class='ocr_line' id='line_1_26' title="bbox 303 2159 1872 2240; baseline 0.005 -30"><span class='ocrx_word' id='word_1_185' title='bbox 303 2166 492 2240; x_wconf 76' lang='grc' dir='ltr'>φητῶν</span> <span class='ocrx_word' id='word_1_186' title='bbox 517 2163 837 2237; x_wconf 82' lang='grc' dir='ltr'>κατηγορία.</span> <span class='ocrx_word' id='word_1_187' title='bbox 861 2161 1088 2233; x_wconf 85' lang='grc' dir='ltr'>Χρηστά</span> <span class='ocrx_word' id='word_1_188' title='bbox 1108 2159 1187 2231; x_wconf 88' lang='grc' dir='ltr'>τῷ</span> <span class='ocrx_word' id='word_1_189' title='bbox 1220 2159 1393 2233; x_wconf 80' lang='grc' dir='ltr'>Ἰούδᾳ</span> <span class='ocrx_word' id='word_1_190' title='bbox 1415 2163 1764 2233; x_wconf 83' lang='grc' dir='ltr'>προφητεύει.</span> <span class='ocrx_word' id='word_1_191' title='bbox 1781 2164 1872 2236; x_wconf 83' lang='grc' dir='ltr'>Τῷ</span> 
     </span>
    </p>
   </div>
   <div class='ocr_carea' id='block_1_27' title="bbox 298 2246 1870 2321">
    <p class='ocr_par' dir='ltr' id='par_1_27' title="bbox 298 2246 1870 2321">
     <span class='ocr_line' id='line_1_27' title="bbox 298 2246 1870 2321; baseline -0.003 -13"><span class='ocrx_word' id='word_1_192' title='bbox 298 2254 359 2309; x_wconf 83' lang='lat'>66</span> <span class='ocrx_word' id='word_1_193' title='bbox 389 2251 767 2321; x_wconf 81' lang='grc' dir='ltr'>ὑπολειφθέντι</span> <span class='ocrx_word' id='word_1_194' title='bbox 810 2249 926 2320; x_wconf 87' lang='grc' dir='ltr'>λαῷ</span> <span class='ocrx_word' id='word_1_195' title='bbox 963 2251 1024 2302; x_wconf 83' lang='grc' dir='ltr'>ἐν</span> <span class='ocrx_word' id='word_1_196' title='bbox 1059 2246 1411 2320; x_wconf 85' lang='grc' dir='ltr'>Ἰερουσαλήμ</span> <span class='ocrx_word' id='word_1_197' title='bbox 1447 2247 1587 2320; x_wconf 87' lang='grc' dir='ltr'>μετά</span> <span class='ocrx_word' id='word_1_198' title='bbox 1620 2250 1870 2304; x_wconf 87' lang='grc' dir='ltr'>Σεδεκίου</span> 
     </span>
    </p>
   </div>
   <div class='ocr_carea' id='block_1_28' title="bbox 296 2332 1871 2407">
    <p class='ocr_par' dir='ltr' id='par_1_28' title="bbox 296 2332 1871 2407">
     <span class='ocr_line' id='line_1_28' title="bbox 296 2332 1871 2407; baseline -0.002 -13"><span class='ocrx_word' id='word_1_199' title='bbox 296 2340 388 2394; x_wconf 80' lang='grc' dir='ltr'>διὰ</span> <span class='ocrx_word' id='word_1_200' title='bbox 438 2340 534 2393; x_wconf 87' lang='grc' dir='ltr'>τοῦ</span> <span class='ocrx_word' id='word_1_201' title='bbox 574 2338 968 2407; x_wconf 83' lang='grc' dir='ltr'>ὑποδείγματος</span> <span class='ocrx_word' id='word_1_202' title='bbox 1013 2334 1122 2388; x_wconf 87' lang='grc' dir='ltr'>τῶν</span> <span class='ocrx_word' id='word_1_203' title='bbox 1166 2332 1345 2389; x_wconf 85' lang='grc' dir='ltr'>συκῶν</span> <span class='ocrx_word' id='word_1_204' title='bbox 1389 2335 1721 2407; x_wconf 84' lang='grc' dir='ltr'>προφητεύει</span> <span class='ocrx_word' id='word_1_205' title='bbox 1773 2336 1871 2391; x_wconf 91' lang='grc' dir='ltr'>τοῦ</span> 
     </span>
    </p>
   </div>
   <div class='ocr_carea' id='block_1_29' title="bbox 295 2421 1870 2497">
    <p class='ocr_par' dir='ltr' id='par_1_29' title="bbox 295 2421 1870 2497">
     <span class='ocr_line' id='line_1_29' title="bbox 295 2421 1870 2497; baseline -0.002 -16"><span class='ocrx_word' id='word_1_206' title='bbox 295 2424 764 2497; x_wconf 84' lang='grc' dir='ltr'>Ναϐουχοδονόσορ</span> <span class='ocrx_word' id='word_1_207' title='bbox 776 2423 877 2493; x_wconf 80' lang='grc' dir='ltr'>τὴν</span> <span class='ocrx_word' id='word_1_208' title='bbox 895 2421 1100 2486; x_wconf 80' lang='grc' dir='ltr'>ἄνοδον,</span> <span class='ocrx_word' id='word_1_209' title='bbox 1118 2421 1210 2475; x_wconf 75' lang='grc' dir='ltr'>καὶ</span> <span class='ocrx_word' id='word_1_210' title='bbox 1228 2421 1445 2477; x_wconf 89' lang='grc' dir='ltr'>πάντων</span> <span class='ocrx_word' id='word_1_211' title='bbox 1462 2422 1573 2489; x_wconf 64' lang='grc' dir='ltr'>τῶν</span> <span class='ocrx_word' id='word_1_212' title='bbox 1588 2422 1759 2478; x_wconf 89' lang='grc' dir='ltr'>ἐθνῶν</span> <span class='ocrx_word' id='word_1_213' title='bbox 1771 2423 1870 2496; x_wconf 85' lang='grc' dir='ltr'>τήν</span> 
     </span>
    </p>
   </div>
   <div class='ocr_carea' id='block_1_30' title="bbox 294 2510 1871 2584">
    <p class='ocr_par' dir='ltr' id='par_1_30' title="bbox 294 2510 1871 2584">
     <span class='ocr_line' id='line_1_30' title="bbox 294 2510 1871 2584; baseline -0.003 -13"><span class='ocrx_word' id='word_1_214' title='bbox 294 2515 574 2572; x_wconf 81' lang='grc' dir='ltr'>ἀπώλειαν</span> <span class='ocrx_word' id='word_1_215' title='bbox 614 2513 703 2568; x_wconf 84' lang='grc' dir='ltr'>διὰ</span> <span class='ocrx_word' id='word_1_216' title='bbox 728 2512 821 2567; x_wconf 87' lang='grc' dir='ltr'>τοῦ</span> <span class='ocrx_word' id='word_1_217' title='bbox 868 2510 1130 2584; x_wconf 83' lang='grc' dir='ltr'>ποτηρίου</span> <span class='ocrx_word' id='word_1_218' title='bbox 1166 2510 1357 2565; x_wconf 88' lang='grc' dir='ltr'>τούτου</span> <span class='ocrx_word' id='word_1_219' title='bbox 1399 2511 1605 2578; x_wconf 66' lang='grc' dir='ltr'>δηλῶν.»</span> <span class='ocrx_word' id='word_1_220' title='bbox 1628 2514 1871 2584; x_wconf 89' lang='grc' dir='ltr'>Προαγο-</span> 
     </span>
    </p>
   </div>
   <div class='ocr_carea' id='block_1_31' title="bbox 298 2600 1871 2677">
    <p class='ocr_par' dir='ltr' id='par_1_31' title="bbox 298 2600 1871 2677">
     <span class='ocr_line' id='line_1_31' title="bbox 298 2600 1871 2677; baseline -0.003 -18"><span class='ocrx_word' id='word_1_221' title='bbox 298 2604 449 2675; x_wconf 81' lang='grc' dir='ltr'>ρεύει</span> <span class='ocrx_word' id='word_1_222' title='bbox 475 2602 626 2677; x_wconf 78' lang='lat'><strong>[385]</strong></span> <span class='ocrx_word' id='word_1_223' title='bbox 652 2600 926 2655; x_wconf 85' lang='grc' dir='ltr'>ἀπώλειαν</span> <span class='ocrx_word' id='word_1_224' title='bbox 949 2601 1051 2671; x_wconf 83' lang='grc' dir='ltr'>τῆς</span> <span class='ocrx_word' id='word_1_225' title='bbox 1090 2600 1465 2672; x_wconf 83' lang='grc' dir='ltr'>Ἰερουσαλήμ.</span> <span class='ocrx_word' id='word_1_226' title='bbox 1494 2601 1606 2655; x_wconf 88' lang='lat' dir='ltr'>Kal</span> <span class='ocrx_word' id='word_1_227' title='bbox 1639 2601 1871 2672; x_wconf 84' lang='grc' dir='ltr'>συλλαμ-</span> 
     </span>
    </p>
   </div>
   <div class='ocr_carea' id='block_1_32' title="bbox 296 2686 1870 2759">
    <p class='ocr_par' dir='ltr' id='par_1_32' title="bbox 296 2686 1870 2759">
     <span class='ocr_line' id='line_1_32' title="bbox 296 2686 1870 2759; baseline -0.002 -12"><span class='ocrx_word' id='word_1_228' title='bbox 296 2692 520 2747; x_wconf 82' lang='grc' dir='ltr'>ϐάνεται</span> <span class='ocrx_word' id='word_1_229' title='bbox 568 2690 661 2744; x_wconf 75' lang='grc' dir='ltr'>ἐπὶ</span> <span class='ocrx_word' id='word_1_230' title='bbox 688 2689 902 2758; x_wconf 84' lang='grc' dir='ltr'>θανάτῳ</span> <span class='ocrx_word' id='word_1_231' title='bbox 937 2687 1207 2759; x_wconf 88' lang='grc' dir='ltr'>Ἱερεμίας</span> <span class='ocrx_word' id='word_1_232' title='bbox 1243 2686 1348 2741; x_wconf 78' lang='grc' dir='ltr'>ὑπὸ</span> <span class='ocrx_word' id='word_1_233' title='bbox 1383 2687 1492 2741; x_wconf 89' lang='grc' dir='ltr'>τῶν</span> <span class='ocrx_word' id='word_1_234' title='bbox 1520 2688 1731 2759; x_wconf 74' lang='grc' dir='ltr'>ἱερέων,</span> <span class='ocrx_word' id='word_1_235' title='bbox 1774 2689 1870 2744; x_wconf 62' lang='grc' dir='ltr'>καὶ⁵</span> 
     </span>
    </p>
   </div>
   <div class='ocr_carea' id='block_1_33' title="bbox 297 2773 1871 2849">
    <p class='ocr_par' dir='ltr' id='par_1_33' title="bbox 297 2773 1871 2849">
     <span class='ocr_line' id='line_1_33' title="bbox 297 2773 1871 2849; baseline -0.011 -15"><span class='ocrx_word' id='word_1_236' title='bbox 297 2777 556 2849; x_wconf 77' lang='grc' dir='ltr'>ἐκφεύγει</span> <span class='ocrx_word' id='word_1_237' title='bbox 584 2777 677 2831; x_wconf 82' lang='grc' dir='ltr'>τὸν</span> <span class='ocrx_word' id='word_1_238' title='bbox 706 2775 974 2830; x_wconf 81' lang='grc' dir='ltr'>κίνδυνον.</span> <span class='ocrx_word' id='word_1_239' title='bbox 1016 2773 1315 2827; x_wconf 86' lang='grc' dir='ltr'>Κελεύεται</span> <span class='ocrx_word' id='word_1_240' title='bbox 1352 2775 1381 2827; x_wconf 92' lang='lat'>6</span> <span class='ocrx_word' id='word_1_241' title='bbox 1408 2776 1693 2846; x_wconf 74' lang='grc' dir='ltr'>προφήτης</span> <span class='ocrx_word' id='word_1_242' title='bbox 1716 2791 1871 2848; x_wconf 79' lang='grc' dir='ltr'>περι.</span> 
     </span>
    </p>
   </div>
   <div class='ocr_carea' id='block_1_34' title="bbox 301 2859 1871 2936">
    <p class='ocr_par' dir='ltr' id='par_1_34' title="bbox 301 2859 1871 2936">
     <span class='ocr_line' id='line_1_34' title="bbox 301 2859 1871 2936; baseline -0.003 -16"><span class='ocrx_word' id='word_1_243' title='bbox 301 2866 471 2920; x_wconf 89' lang='grc' dir='ltr'>θεῖναι</span> <span class='ocrx_word' id='word_1_244' title='bbox 501 2863 681 2936; x_wconf 79' lang='grc' dir='ltr'>ἑαυτῷ</span> <span class='ocrx_word' id='word_1_245' title='bbox 702 2862 953 2934; x_wconf 78' lang='grc' dir='ltr'>δεσμοὺς,</span> <span class='ocrx_word' id='word_1_246' title='bbox 982 2861 1081 2915; x_wconf 84' lang='grc' dir='ltr'>καὶ</span> <span class='ocrx_word' id='word_1_247' title='bbox 1103 2862 1214 2925; x_wconf 88' lang='grc' dir='ltr'>τοῖς</span> <span class='ocrx_word' id='word_1_248' title='bbox 1233 2859 1494 2933; x_wconf 86' lang='grc' dir='ltr'>πρέσϐεσι</span> <span class='ocrx_word' id='word_1_249' title='bbox 1517 2861 1627 2917; x_wconf 86' lang='grc' dir='ltr'>τῶν</span> <span class='ocrx_word' id='word_1_250' title='bbox 1648 2861 1871 2931; x_wconf 84' lang='grc' dir='ltr'>ἀλλοφύ-</span> 
     </span>
    </p>
   </div>
   <div class='ocr_carea' id='block_1_35' title="bbox 303 2946 1869 3019">
    <p class='ocr_par' dir='ltr' id='par_1_35' title="bbox 303 2946 1869 3019">
     <span class='ocr_line' id='line_1_35' title="bbox 303 2946 1869 3019; baseline -0.002 -13"><span class='ocrx_word' id='word_1_251' title='bbox 303 2953 413 3007; x_wconf 88' lang='grc' dir='ltr'>λων</span> <span class='ocrx_word' id='word_1_252' title='bbox 440 2954 631 3017; x_wconf 81' lang='grc' dir='ltr'>είπεῖν,</span> <span class='ocrx_word' id='word_1_253' title='bbox 662 2950 807 3004; x_wconf 81' lang='grc' dir='ltr'>ὥστε</span> <span class='ocrx_word' id='word_1_254' title='bbox 843 2947 1178 3018; x_wconf 83' lang='grc' dir='ltr'>ἀπαγγεῖλαι</span> <span class='ocrx_word' id='word_1_255' title='bbox 1207 2951 1320 3012; x_wconf 89' lang='grc' dir='ltr'>τοῖς</span> <span class='ocrx_word' id='word_1_256' title='bbox 1355 2946 1662 3019; x_wconf 89' lang='grc' dir='ltr'>βασιλεῦσιν</span> <span class='ocrx_word' id='word_1_257' title='bbox 1686 2949 1869 3013; x_wconf 86' lang='grc' dir='ltr'>αὐτοῖς</span> 
     </span>
    </p>
   </div>
   <div class='ocr_carea' id='block_1_36' title="bbox 304 3036 1869 3114">
    <p class='ocr_par' dir='ltr' id='par_1_36' title="bbox 304 3036 1869 3114">
     <span class='ocr_line' id='line_1_36' title="bbox 304 3036 1869 3114; baseline -0.001 -19"><span class='ocrx_word' id='word_1_258' title='bbox 304 3041 636 3114; x_wconf 82' lang='grc' dir='ltr'>ὑποταγῆναι</span> <span class='ocrx_word' id='word_1_259' title='bbox 678 3039 759 3110; x_wconf 85' lang='grc' dir='ltr'>τῷ</span> <span class='ocrx_word' id='word_1_260' title='bbox 795 3036 1267 3108; x_wconf 87' lang='grc' dir='ltr'>Ναϐουχοδονόσορ</span> <span class='ocrx_word' id='word_1_261' title='bbox 1288 3054 1305 3069; x_wconf 76' lang='grc' dir='ltr'><strong><em>ο</em></strong></span> <span class='ocrx_word' id='word_1_262' title='bbox 1351 3037 1593 3092; x_wconf 79' lang='grc' dir='ltr'>ἀπειλεῖν</span> <span class='ocrx_word' id='word_1_263' title='bbox 1626 3037 1737 3110; x_wconf 87' lang='grc' dir='ltr'>γάρ</span> <span class='ocrx_word' id='word_1_264' title='bbox 1774 3039 1869 3093; x_wconf 82' lang='grc' dir='ltr'>τὸν</span> 
     </span>
    </p>
   </div>
   <div class='ocr_carea' id='block_1_37' title="bbox 298 3124 1869 3198">
    <p class='ocr_par' dir='ltr' id='par_1_37' title="bbox 298 3124 1869 3198">
     <span class='ocr_line' id='line_1_37' title="bbox 298 3124 1869 3198; baseline -0.002 -14"><span class='ocrx_word' id='word_1_265' title='bbox 298 3128 429 3184; x_wconf 79' lang='grc' dir='ltr'>Θεὸν</span> <span class='ocrx_word' id='word_1_266' title='bbox 446 3128 672 3184; x_wconf 87' lang='grc' dir='ltr'>θάνατον</span> <span class='ocrx_word' id='word_1_267' title='bbox 694 3129 805 3190; x_wconf 89' lang='grc' dir='ltr'>τοῖς</span> <span class='ocrx_word' id='word_1_268' title='bbox 832 3126 907 3198; x_wconf 82' lang='grc' dir='ltr'>μὴ</span> <span class='ocrx_word' id='word_1_269' title='bbox 934 3124 1392 3195; x_wconf 81' lang='grc' dir='ltr'>ὐποτασσομένοις</span> <span class='ocrx_word' id='word_1_270' title='bbox 1414 3125 1582 3197; x_wconf 83' lang='grc' dir='ltr'>αὐτῷ.</span> <span class='ocrx_word' id='word_1_271' title='bbox 1605 3127 1869 3198; x_wconf 88' lang='grc' dir='ltr'>Παραινεί</span> 
     </span>
    </p>
   </div>
   <div class='ocr_carea' id='block_1_38' title="bbox 294 3211 1862 3288">
    <p class='ocr_par' dir='ltr' id='par_1_38' title="bbox 294 3211 1862 3288">
     <span class='ocr_line' id='line_1_38' title="bbox 294 3211 1862 3288; baseline -0.002 -17"><span class='ocrx_word' id='word_1_272' title='bbox 294 3217 352 3271; x_wconf 86' lang='lat'>66</span> <span class='ocrx_word' id='word_1_273' title='bbox 375 3217 578 3288; x_wconf 87' lang='grc' dir='ltr'>ταύτην</span> <span class='ocrx_word' id='word_1_274' title='bbox 601 3216 699 3288; x_wconf 79' lang='grc' dir='ltr'>τήν</span> <span class='ocrx_word' id='word_1_275' title='bbox 718 3214 1035 3286; x_wconf 89' lang='grc' dir='ltr'>παραίνεσιν</span> <span class='ocrx_word' id='word_1_276' title='bbox 1050 3214 1144 3267; x_wconf 74' lang='grc' dir='ltr'>καὶ</span> <span class='ocrx_word' id='word_1_277' title='bbox 1156 3211 1233 3283; x_wconf 84' lang='grc' dir='ltr'>τῷ</span> <span class='ocrx_word' id='word_1_278' title='bbox 1255 3212 1498 3284; x_wconf 80' lang='grc' dir='ltr'>Σεδεκίᾳ,</span> <span class='ocrx_word' id='word_1_279' title='bbox 1520 3214 1613 3268; x_wconf 77' lang='grc' dir='ltr'>καὶ</span> <span class='ocrx_word' id='word_1_280' title='bbox 1630 3213 1708 3284; x_wconf 84' lang='grc' dir='ltr'>τῷ</span> <span class='ocrx_word' id='word_1_281' title='bbox 1727 3213 1862 3286; x_wconf 86' lang='grc' dir='ltr'>λαῷ,</span> 
     </span>
    </p>
   </div>
   <div class='ocr_carea' id='block_1_39' title="bbox 290 3296 1866 3375">
    <p class='ocr_par' dir='ltr' id='par_1_39' title="bbox 290 3296 1866 3375">
     <span class='ocr_line' id='line_1_39' title="bbox 290 3296 1866 3375; baseline -0.003 -17"><span class='ocrx_word' id='word_1_282' title='bbox 290 3304 390 3373; x_wconf 41' lang='grc' dir='ltr'>,καὶ</span> <span class='ocrx_word' id='word_1_283' title='bbox 415 3306 525 3367; x_wconf 87' lang='grc' dir='ltr'>τοῖς</span> <span class='ocrx_word' id='word_1_284' title='bbox 555 3302 808 3375; x_wconf 81' lang='grc' dir='ltr'>ἱερεῦσιν.</span> <span class='ocrx_word' id='word_1_285' title='bbox 832 3300 890 3355; x_wconf 88' lang='lat'>&#39;0</span> <span class='ocrx_word' id='word_1_286' title='bbox 913 3300 973 3354; x_wconf 87' lang='lat'>66</span> <span class='ocrx_word' id='word_1_287' title='bbox 994 3299 1443 3370; x_wconf 78' lang='grc' dir='ltr'>ψευδοπροφήτης</span> <span class='ocrx_word' id='word_1_288' title='bbox 1470 3296 1719 3365; x_wconf 83' lang='grc' dir='ltr'>Ἀνανίας</span> <span class='ocrx_word' id='word_1_289' title='bbox 1738 3301 1866 3355; x_wconf 88' lang='grc' dir='ltr'>ἀνθ-</span> 
     </span>
    </p>
   </div>
   <div class='ocr_carea' id='block_1_40' title="bbox 295 3386 1865 3462">
    <p class='ocr_par' dir='ltr' id='par_1_40' title="bbox 295 3386 1865 3462">
     <span class='ocr_line' id='line_1_40' title="bbox 295 3386 1865 3462; baseline -0.002 -17"><span class='ocrx_word' id='word_1_290' title='bbox 295 3392 481 3446; x_wconf 84' lang='grc' dir='ltr'>ίστατο</span> <span class='ocrx_word' id='word_1_291' title='bbox 518 3389 757 3462; x_wconf 81' lang='grc' dir='ltr'>Ἱερεμίᾳ</span> <span class='ocrx_word' id='word_1_292' title='bbox 806 3388 887 3459; x_wconf 80' lang='grc' dir='ltr'>τῷ</span> <span class='ocrx_word' id='word_1_293' title='bbox 929 3388 1203 3460; x_wconf 81' lang='grc' dir='ltr'>προφήτῃ,</span> <span class='ocrx_word' id='word_1_294' title='bbox 1247 3386 1442 3456; x_wconf 89' lang='grc' dir='ltr'>λέγων,</span> <span class='ocrx_word' id='word_1_295' title='bbox 1478 3386 1548 3440; x_wconf 88' lang='grc' dir='ltr'>τὰ</span> <span class='ocrx_word' id='word_1_296' title='bbox 1585 3388 1754 3458; x_wconf 90' lang='grc' dir='ltr'>σκεύη</span> <span class='ocrx_word' id='word_1_297' title='bbox 1793 3388 1865 3442; x_wconf 84' lang='grc' dir='ltr'>τά</span> 
     </span>
    </p>
   </div>
   <div class='ocr_carea' id='block_1_41' title="bbox 293 3471 1860 3554">
    <p class='ocr_par' dir='ltr' id='par_1_41' title="bbox 293 3471 1860 3554">
     <span class='ocr_line' id='line_1_41' title="bbox 293 3471 1860 3554; baseline -0.009 -20"><span class='ocrx_word' id='word_1_298' title='bbox 293 3480 421 3554; x_wconf 85' lang='grc' dir='ltr'>ίερά</span> <span class='ocrx_word' id='word_1_299' title='bbox 464 3479 774 3549; x_wconf 77' lang='grc' dir='ltr'>ἐπανήξειν,</span> <span class='ocrx_word' id='word_1_300' title='bbox 814 3478 907 3529; x_wconf 71' lang='grc' dir='ltr'>καὶ</span> <span class='ocrx_word' id='word_1_301' title='bbox 933 3475 1023 3530; x_wconf 86' lang='grc' dir='ltr'>τὸν</span> <span class='ocrx_word' id='word_1_302' title='bbox 1057 3475 1328 3546; x_wconf 79' lang='grc' dir='ltr'>Ἰεχονίαν,</span> <span class='ocrx_word' id='word_1_303' title='bbox 1369 3474 1431 3540; x_wconf 86' lang='grc' dir='ltr'>δς</span> <span class='ocrx_word' id='word_1_304' title='bbox 1458 3471 1526 3548; x_wconf 79' lang='grc' dir='ltr'>ἦν</span> <span class='ocrx_word' id='word_1_305' title='bbox 1557 3478 1672 3541; x_wconf 82' lang='grc' dir='ltr'>υίὸς</span> <span class='ocrx_word' id='word_1_306' title='bbox 1709 3476 1860 3531; x_wconf 86' lang='grc' dir='ltr'>Ἰωα-</span> 
     </span>
    </p>
   </div>
   <div class='ocr_carea' id='block_1_42' title="bbox 288 3562 1861 3635">
    <p class='ocr_par' dir='ltr' id='par_1_42' title="bbox 288 3562 1861 3635">
     <span class='ocr_line' id='line_1_42' title="bbox 288 3562 1861 3635; baseline -0.001 -15"><span class='ocrx_word' id='word_1_307' title='bbox 288 3567 432 3635; x_wconf 73' lang='grc' dir='ltr'>κεὶμ</span> <span class='ocrx_word' id='word_1_308' title='bbox 483 3562 712 3632; x_wconf 86' lang='grc' dir='ltr'>ἀδελφοῦ</span> <span class='ocrx_word' id='word_1_309' title='bbox 766 3562 1032 3615; x_wconf 87' lang='grc' dir='ltr'>Σεδεκίου.</span> <span class='ocrx_word' id='word_1_310' title='bbox 1092 3563 1201 3616; x_wconf 89' lang='lat' dir='ltr'>Kal</span> <span class='ocrx_word' id='word_1_311' title='bbox 1254 3562 1541 3634; x_wconf 62' lang='grc' dir='ltr'>συνέτριψε</span> <span class='ocrx_word' id='word_1_312' title='bbox 1593 3566 1687 3618; x_wconf 77' lang='grc' dir='ltr'>καὶ</span> <span class='ocrx_word' id='word_1_313' title='bbox 1734 3566 1861 3630; x_wconf 82' lang='grc' dir='ltr'>τοὺς</span> 
     </span>
    </p>
   </div>
   <div class='ocr_carea' id='block_1_43' title="bbox 291 3650 1862 3725">
    <p class='ocr_par' dir='ltr' id='par_1_43' title="bbox 291 3650 1862 3725">
     <span class='ocr_line' id='line_1_43' title="bbox 291 3650 1862 3725; baseline 0 -17"><span class='ocrx_word' id='word_1_314' title='bbox 291 3653 511 3716; x_wconf 80' lang='grc' dir='ltr'>κλοιοὺς</span> <span class='ocrx_word' id='word_1_315' title='bbox 538 3650 631 3705; x_wconf 92' lang='grc' dir='ltr'>τοῦ</span> <span class='ocrx_word' id='word_1_316' title='bbox 676 3651 972 3721; x_wconf 84' lang='grc' dir='ltr'>προφήτου.</span> <span class='ocrx_word' id='word_1_317' title='bbox 1002 3650 1284 3721; x_wconf 86' lang='grc' dir='ltr'>Πέμπεται</span> <span class='ocrx_word' id='word_1_318' title='bbox 1325 3651 1504 3706; x_wconf 83' lang='grc' dir='ltr'>τοίνυν</span> <span class='ocrx_word' id='word_1_319' title='bbox 1526 3655 1555 3706; x_wconf 97' lang='lat'>6</span> <span class='ocrx_word' id='word_1_320' title='bbox 1594 3654 1862 3725; x_wconf 89' lang='grc' dir='ltr'>Ἱερεμίας</span> 
     </span>
    </p>
   </div>
   <div class='ocr_carea' id='block_1_44' title="bbox 291 3735 1860 3812">
    <p class='ocr_par' dir='ltr' id='par_1_44' title="bbox 291 3735 1860 3812">
     <span class='ocr_line' id='line_1_44' title="bbox 291 3735 1860 3812; baseline 0 -17"><span class='ocrx_word' id='word_1_321' title='bbox 291 3740 526 3796; x_wconf 83' lang='grc' dir='ltr'>θάνατον</span> <span class='ocrx_word' id='word_1_322' title='bbox 554 3735 701 3808; x_wconf 77' lang='grc' dir='ltr'>αὐτῷ</span> <span class='ocrx_word' id='word_1_323' title='bbox 727 3735 1004 3807; x_wconf 77' lang='grc' dir='ltr'>προλέγων</span> <span class='ocrx_word' id='word_1_324' title='bbox 1031 3736 1090 3788; x_wconf 82' lang='grc' dir='ltr'>ἐν</span> <span class='ocrx_word' id='word_1_325' title='bbox 1110 3736 1256 3805; x_wconf 82' lang='grc' dir='ltr'>αὐτῷ</span> <span class='ocrx_word' id='word_1_326' title='bbox 1285 3737 1478 3808; x_wconf 81' lang='grc' dir='ltr'>ἐκείνῳ</span> <span class='ocrx_word' id='word_1_327' title='bbox 1499 3738 1578 3808; x_wconf 85' lang='grc' dir='ltr'>τῷ</span> <span class='ocrx_word' id='word_1_328' title='bbox 1607 3741 1860 3812; x_wconf 82' lang='grc' dir='ltr'>ἐνιαυτῷ,</span> 
     </span>
    </p>
   </div>
   <div class='ocr_carea' id='block_1_45' title="bbox 290 3823 1863 3898">
    <p class='ocr_par' dir='ltr' id='par_1_45' title="bbox 290 3823 1863 3898">
     <span class='ocr_line' id='line_1_45' title="bbox 290 3823 1863 3898; baseline -0.008 -13"><span class='ocrx_word' id='word_1_329' title='bbox 290 3831 371 3895; x_wconf 83' lang='grc' dir='ltr'>ὡς</span> <span class='ocrx_word' id='word_1_330' title='bbox 397 3828 491 3883; x_wconf 74' lang='grc' dir='ltr'>καὶ</span> <span class='ocrx_word' id='word_1_331' title='bbox 528 3826 745 3895; x_wconf 88' lang='grc' dir='ltr'>συνέϐη.</span> <span class='ocrx_word' id='word_1_332' title='bbox 778 3825 859 3878; x_wconf 86' lang='grc' dir='ltr'>Τά</span> <span class='ocrx_word' id='word_1_333' title='bbox 898 3823 1043 3878; x_wconf 82' lang='grc' dir='ltr'>κακὰ</span> <span class='ocrx_word' id='word_1_334' title='bbox 1082 3827 1193 3887; x_wconf 83' lang='grc' dir='ltr'>τοῖς</span> <span class='ocrx_word' id='word_1_335' title='bbox 1223 3826 1282 3877; x_wconf 81' lang='grc' dir='ltr'>ἐν</span> <span class='ocrx_word' id='word_1_336' title='bbox 1313 3824 1589 3880; x_wconf 86' lang='grc' dir='ltr'>Βαϐυλῶνι</span> <span class='ocrx_word' id='word_1_337' title='bbox 1621 3828 1648 3868; x_wconf 78' lang='grc' dir='ltr'><strong>Ι)</strong></span> <span class='ocrx_word' id='word_1_338' title='bbox 1675 3829 1863 3898; x_wconf 83' lang='grc' dir='ltr'>ψευδο-</span> 
     </span>
    </p>
   </div>
   <div class='ocr_carea' id='block_1_46' title="bbox 292 3909 1863 3989">
    <p class='ocr_par' dir='ltr' id='par_1_46' title="bbox 292 3909 1863 3989">
     <span class='ocr_line' id='line_1_46' title="bbox 292 3909 1863 3989; baseline -0.008 -19"><span class='ocrx_word' id='word_1_339' title='bbox 292 3917 602 3989; x_wconf 78' lang='grc' dir='ltr'>προφήταις</span> <span class='ocrx_word' id='word_1_340' title='bbox 630 3912 908 3985; x_wconf 81' lang='grc' dir='ltr'>προλέγει,</span> <span class='ocrx_word' id='word_1_341' title='bbox 928 3911 1023 3965; x_wconf 72' lang='grc' dir='ltr'>καὶ</span> <span class='ocrx_word' id='word_1_342' title='bbox 1042 3910 1119 3982; x_wconf 82' lang='grc' dir='ltr'>τῷ</span> <span class='ocrx_word' id='word_1_343' title='bbox 1138 3909 1252 3981; x_wconf 82' lang='grc' dir='ltr'>λαῷ</span> <span class='ocrx_word' id='word_1_344' title='bbox 1276 3912 1483 3982; x_wconf 77' lang='grc' dir='ltr'>μακρὸν</span> <span class='ocrx_word' id='word_1_345' title='bbox 1499 3913 1591 3966; x_wconf 77' lang='grc' dir='ltr'>τὸν</span> <span class='ocrx_word' id='word_1_346' title='bbox 1619 3914 1722 3985; x_wconf 80' lang='grc' dir='ltr'>τῆς</span> <span class='ocrx_word' id='word_1_347' title='bbox 1740 3918 1863 3988; x_wconf 76' lang='grc' dir='ltr'>αἰχ-</span> 
     </span>
    </p>
   </div>
   <div class='ocr_carea' id='block_1_47' title="bbox 294 3996 1863 4075">
    <p class='ocr_par' dir='ltr' id='par_1_47' title="bbox 294 3996 1863 4075">
     <span class='ocr_line' id='line_1_47' title="bbox 294 3996 1863 4075; baseline 0.001 -18"><span class='ocrx_word' id='word_1_348' title='bbox 294 4003 573 4075; x_wconf 84' lang='grc' dir='ltr'>μαλωσίας</span> <span class='ocrx_word' id='word_1_349' title='bbox 609 4001 821 4073; x_wconf 85' lang='grc' dir='ltr'>χρόνον,</span> <span class='ocrx_word' id='word_1_350' title='bbox 860 3998 975 4052; x_wconf 79' lang='grc' dir='ltr'>ἀλλ’</span> <span class='ocrx_word' id='word_1_351' title='bbox 998 3997 1149 4068; x_wconf 81' lang='grc' dir='ltr'>ὅμως</span> <span class='ocrx_word' id='word_1_352' title='bbox 1173 3996 1390 4051; x_wconf 80' lang='grc' dir='ltr'>ἔσεσθαι</span> <span class='ocrx_word' id='word_1_353' title='bbox 1425 3999 1701 4056; x_wconf 80' lang='grc' dir='ltr'>ἐπάνοδον.</span> <span class='ocrx_word' id='word_1_354' title='bbox 1738 4003 1863 4058; x_wconf 72' lang='grc' dir='ltr'>Ἐπὶ</span> 
     </span>
    </p>
   </div>
   <div class='ocr_carea' id='block_1_48' title="bbox 290 4088 1862 4163">
    <p class='ocr_par' dir='ltr' id='par_1_48' title="bbox 290 4088 1862 4163">
     <span class='ocr_line' id='line_1_48' title="bbox 290 4088 1862 4163; baseline -0.004 -16"><span class='ocrx_word' id='word_1_355' title='bbox 290 4092 499 4157; x_wconf 85' lang='grc' dir='ltr'>τούτοις</span> <span class='ocrx_word' id='word_1_356' title='bbox 531 4092 827 4163; x_wconf 75' lang='grc' dir='ltr'>ἠγανάκτει</span> <span class='ocrx_word' id='word_1_357' title='bbox 854 4088 1091 4159; x_wconf 87' lang='grc' dir='ltr'>Σαμέας,</span> <span class='ocrx_word' id='word_1_358' title='bbox 1117 4088 1213 4141; x_wconf 77' lang='grc' dir='ltr'>καὶ</span> <span class='ocrx_word' id='word_1_359' title='bbox 1243 4089 1471 4161; x_wconf 78' lang='grc' dir='ltr'>ἐπιτιμᾷ</span> <span class='ocrx_word' id='word_1_360' title='bbox 1497 4090 1574 4161; x_wconf 81' lang='grc' dir='ltr'>τῷ</span> <span class='ocrx_word' id='word_1_361' title='bbox 1604 4092 1756 4163; x_wconf 78' lang='grc' dir='ltr'>ἱερεῖ,</span> <span class='ocrx_word' id='word_1_362' title='bbox 1780 4095 1862 4147; x_wconf 74' lang='grc' dir='ltr'>ὅτι</span> 
     </span>
    </p>
   </div>
   <div class='ocr_carea' id='block_1_49' title="bbox 288 4174 1861 4248">
    <p class='ocr_par' dir='ltr' id='par_1_49' title="bbox 288 4174 1861 4248">
     <span class='ocr_line' id='line_1_49' title="bbox 288 4174 1861 4248; baseline 0.001 -15"><span class='ocrx_word' id='word_1_363' title='bbox 288 4179 393 4233; x_wconf 84' lang='grc' dir='ltr'>οὐκ</span> <span class='ocrx_word' id='word_1_364' title='bbox 417 4178 651 4232; x_wconf 80' lang='grc' dir='ltr'>ἐκώλυσε</span> <span class='ocrx_word' id='word_1_365' title='bbox 670 4177 762 4229; x_wconf 77' lang='grc' dir='ltr'>τὸν</span> <span class='ocrx_word' id='word_1_366' title='bbox 794 4174 1060 4246; x_wconf 89' lang='grc' dir='ltr'>Ἱερεμίαν</span> <span class='ocrx_word' id='word_1_367' title='bbox 1091 4174 1313 4229; x_wconf 89' lang='grc' dir='ltr'>τοιαῦτα</span> <span class='ocrx_word' id='word_1_368' title='bbox 1345 4178 1740 4248; x_wconf 81' lang='grc' dir='ltr'>προφητεῦσαι.</span> <span class='ocrx_word' id='word_1_369' title='bbox 1764 4181 1861 4235; x_wconf 82' lang='grc' dir='ltr'>Διά</span> 
     </span>
    </p>
   </div>
   <div class='ocr_carea' id='block_1_50' title="bbox 289 4262 1861 4338">
    <p class='ocr_par' dir='ltr' id='par_1_50' title="bbox 289 4262 1861 4338">
     <span class='ocr_line' id='line_1_50' title="bbox 289 4262 1861 4338; baseline 0.001 -16"><span class='ocrx_word' id='word_1_370' title='bbox 289 4267 449 4322; x_wconf 82' lang='grc' dir='ltr'>τοῦτο</span> <span class='ocrx_word' id='word_1_371' title='bbox 486 4266 696 4320; x_wconf 86' lang='grc' dir='ltr'>ἀπειλεῖ</span> <span class='ocrx_word' id='word_1_372' title='bbox 732 4265 761 4317; x_wconf 92' lang='lat'>6</span> <span class='ocrx_word' id='word_1_373' title='bbox 805 4263 937 4326; x_wconf 82' lang='grc' dir='ltr'>Θεὸς</span> <span class='ocrx_word' id='word_1_374' title='bbox 990 4264 1274 4318; x_wconf 83' lang='grc' dir='ltr'>ἀπολέσειν</span> <span class='ocrx_word' id='word_1_375' title='bbox 1301 4262 1484 4320; x_wconf 85' lang='grc' dir='ltr'>αὐτόν.</span> <span class='ocrx_word' id='word_1_376' title='bbox 1524 4262 1656 4320; x_wconf 83' lang='grc' dir='ltr'>Εἶτα</span> <span class='ocrx_word' id='word_1_377' title='bbox 1704 4269 1861 4338; x_wconf 90' lang='grc' dir='ltr'>λόγος</span> 
     </span>
    </p>
   </div>
   <div class='ocr_carea' id='block_1_51' title="bbox 288 4348 1861 4424">
    <p class='ocr_par' dir='ltr' id='par_1_51' title="bbox 288 4348 1861 4424">
     <span class='ocr_line' id='line_1_51' title="bbox 288 4348 1861 4424; baseline 0.003 -17"><span class='ocrx_word' id='word_1_378' title='bbox 288 4352 695 4424; x_wconf 79' lang='grc' dir='ltr'>παρακλητικδς</span> <span class='ocrx_word' id='word_1_379' title='bbox 744 4348 823 4421; x_wconf 79' lang='grc' dir='ltr'>τῷ</span> <span class='ocrx_word' id='word_1_380' title='bbox 862 4350 1095 4422; x_wconf 90' lang='grc' dir='ltr'>Ἰσραήλ.</span> <span class='ocrx_word' id='word_1_381' title='bbox 1143 4349 1303 4420; x_wconf 82' lang='grc' dir='ltr'>Δηλοῖ</span> <span class='ocrx_word' id='word_1_382' title='bbox 1337 4351 1428 4403; x_wconf 88' lang='grc' dir='ltr'>τὸν</span> <span class='ocrx_word' id='word_1_383' title='bbox 1477 4353 1668 4423; x_wconf 78' lang='grc' dir='ltr'>καιρὸν</span> <span class='ocrx_word' id='word_1_384' title='bbox 1691 4396 1706 4421; x_wconf 89' lang='grc'>,</span> <span class='ocrx_word' id='word_1_385' title='bbox 1737 4356 1861 4411; x_wconf 89' lang='grc' dir='ltr'>καθ’</span> 
     </span>
    </p>
   </div>
   <div class='ocr_carea' id='block_1_52' title="bbox 286 4433 1860 4516">
    <p class='ocr_par' dir='ltr' id='par_1_52' title="bbox 286 4433 1860 4516">
     <span class='ocr_line' id='line_1_52' title="bbox 286 4433 1860 4516; baseline 0 -21"><span class='ocrx_word' id='word_1_386' title='bbox 286 4440 350 4495; x_wconf 81' lang='grc' dir='ltr'>δν</span> <span class='ocrx_word' id='word_1_387' title='bbox 377 4438 596 4510; x_wconf 75' lang='grc' dir='ltr'>ἔμελλον</span> <span class='ocrx_word' id='word_1_388' title='bbox 618 4435 1013 4508; x_wconf 82' lang='grc' dir='ltr'>ἐπανέρχεσθαι</span> <span class='ocrx_word' id='word_1_389' title='bbox 1041 4438 1105 4489; x_wconf 81' lang='grc' dir='ltr'>ἐκ</span> <span class='ocrx_word' id='word_1_390' title='bbox 1144 4435 1477 4502; x_wconf 88' lang='grc' dir='ltr'>Βαϐυλῶνος.</span> <span class='ocrx_word' id='word_1_391' title='bbox 1513 4433 1681 4505; x_wconf 75' lang='grc' dir='ltr'>Οὗτος</span> <span class='ocrx_word' id='word_1_392' title='bbox 1707 4441 1762 4496; x_wconf 84' lang='lat'>66</span> <span class='ocrx_word' id='word_1_393' title='bbox 1790 4439 1860 4516; x_wconf 77' lang='grc' dir='ltr'>ἦν</span> 
     </span>
    </p>
   </div>
   <div class='ocr_carea' id='block_1_53' title="bbox 284 4525 1855 4604">
    <p class='ocr_par' dir='ltr' id='par_1_53' title="bbox 284 4525 1855 4604">
     <span class='ocr_line' id='line_1_53' title="bbox 284 4525 1855 4604; baseline 0.002 -19"><span class='ocrx_word' id='word_1_394' title='bbox 284 4529 320 4585; x_wconf 84' lang='lat'>6</span> <span class='ocrx_word' id='word_1_395' title='bbox 348 4528 438 4583; x_wconf 88' lang='grc' dir='ltr'>τοῦ</span> <span class='ocrx_word' id='word_1_396' title='bbox 464 4527 660 4596; x_wconf 83' lang='grc' dir='ltr'>φασέκ,</span> <span class='ocrx_word' id='word_1_397' title='bbox 693 4525 875 4589; x_wconf 84' lang='grc' dir='ltr'>καθὼς</span> <span class='ocrx_word' id='word_1_398' title='bbox 908 4526 1002 4579; x_wconf 71' lang='grc' dir='ltr'>καὶ</span> <span class='ocrx_word' id='word_1_399' title='bbox 1038 4526 1095 4579; x_wconf 78' lang='grc' dir='ltr'>ἐν</span> <span class='ocrx_word' id='word_1_400' title='bbox 1131 4525 1209 4597; x_wconf 87' lang='grc' dir='ltr'>τῷ</span> <span class='ocrx_word' id='word_1_401' title='bbox 1245 4527 1451 4599; x_wconf 82' lang='grc' dir='ltr'>Ἕσδρᾳ</span> <span class='ocrx_word' id='word_1_402' title='bbox 1488 4526 1631 4583; x_wconf 75' lang='grc' dir='ltr'>ἐστιν</span> <span class='ocrx_word' id='word_1_403' title='bbox 1654 4533 1855 4604; x_wconf 81' lang='grc' dir='ltr'>εὑρεῖν,</span> 
     </span>
    </p>
   </div>
   <div class='ocr_carea' id='block_1_54' title="bbox 284 4612 1858 4691">
    <p class='ocr_par' dir='ltr' id='par_1_54' title="bbox 284 4612 1858 4691">
     <span class='ocr_line' id='line_1_54' title="bbox 284 4612 1858 4691; baseline 0.015 -39"><span class='ocrx_word' id='word_1_404' title='bbox 284 4616 372 4669; x_wconf 74' lang='grc' dir='ltr'>δτι</span> <span class='ocrx_word' id='word_1_405' title='bbox 403 4618 469 4687; x_wconf 76' lang='grc' dir='ltr'>τῇ</span> <span class='ocrx_word' id='word_1_406' title='bbox 488 4616 645 4686; x_wconf 69' lang='grc' dir='ltr'>ἑορτῇ</span> <span class='ocrx_word' id='word_1_407' title='bbox 682 4612 791 4667; x_wconf 90' lang='grc' dir='ltr'>τῶν</span> <span class='ocrx_word' id='word_1_408' title='bbox 813 4612 1038 4684; x_wconf 82' lang='grc' dir='ltr'>ἀζύμων</span> <span class='ocrx_word' id='word_1_409' title='bbox 1062 4613 1383 4684; x_wconf 80' lang='grc' dir='ltr'>ἐπανῆλθον.</span> <span class='ocrx_word' id='word_1_410' title='bbox 1415 4616 1578 4670; x_wconf 83' lang='grc' dir='ltr'>Ὥστε</span> <span class='ocrx_word' id='word_1_411' title='bbox 1609 4621 1858 4691; x_wconf 84' lang='grc' dir='ltr'>φανερῶς</span> 
     </span>
    </p>
   </div>
   <div class='ocr_carea' id='block_1_55' title="bbox 284 4699 1857 4781">
    <p class='ocr_par' dir='ltr' id='par_1_55' title="bbox 284 4699 1857 4781">
     <span class='ocr_line' id='line_1_55' title="bbox 284 4699 1857 4781; baseline 0.003 -23"><span class='ocrx_word' id='word_1_412' title='bbox 284 4703 600 4774; x_wconf 69' lang='grc' dir='ltr'>ἐλέγχονται</span> <span class='ocrx_word' id='word_1_413' title='bbox 625 4700 940 4773; x_wconf 81' lang='grc' dir='ltr'>ψευδόμενοι</span> <span class='ocrx_word' id='word_1_414' title='bbox 979 4699 1237 4757; x_wconf 83' lang='grc' dir='ltr'>Ἰουδαῖοι.</span> <span class='ocrx_word' id='word_1_415' title='bbox 1274 4701 1355 4755; x_wconf 84' lang='grc' dir='ltr'>Τὰ</span> <span class='ocrx_word' id='word_1_416' title='bbox 1385 4702 1493 4775; x_wconf 83' lang='grc' dir='ltr'>γὰρ</span> <span class='ocrx_word' id='word_1_417' title='bbox 1522 4705 1581 4758; x_wconf 88' lang='grc' dir='ltr'>ὲν</span> <span class='ocrx_word' id='word_1_418' title='bbox 1611 4706 1689 4778; x_wconf 84' lang='grc' dir='ltr'>τῷ</span> <span class='ocrx_word' id='word_1_419' title='bbox 1707 4708 1857 4781; x_wconf 83' lang='grc' dir='ltr'>τόπῳ</span> 
     </span>
    </p>
   </div>
   <div class='ocr_carea' id='block_1_56' title="bbox 282 4786 1859 4864">
    <p class='ocr_par' dir='ltr' id='par_1_56' title="bbox 282 4786 1859 4864">
     <span class='ocr_line' id='line_1_56' title="bbox 282 4786 1859 4864; baseline 0.008 -27"><span class='ocrx_word' id='word_1_420' title='bbox 282 4790 462 4860; x_wconf 80' lang='grc' dir='ltr'>τούτῳ</span> <span class='ocrx_word' id='word_1_421' title='bbox 490 4789 847 4859; x_wconf 81' lang='grc' dir='ltr'>γεγραμμένα</span> <span class='ocrx_word' id='word_1_422' title='bbox 879 4786 1008 4857; x_wconf 78' lang='grc' dir='ltr'>περὶ</span> <span class='ocrx_word' id='word_1_423' title='bbox 1042 4787 1218 4841; x_wconf 80' lang='grc' dir='ltr'>αὐτῶν</span> <span class='ocrx_word' id='word_1_424' title='bbox 1249 4788 1427 4857; x_wconf 86' lang='grc' dir='ltr'>ἀγαθά</span> <span class='ocrx_word' id='word_1_425' title='bbox 1455 4790 1535 4844; x_wconf 76' lang='grc' dir='ltr'>ἔτι</span> <span class='ocrx_word' id='word_1_426' title='bbox 1558 4794 1859 4864; x_wconf 85' lang='grc' dir='ltr'>προσδοκῶ-</span> 
     </span>
    </p>
   </div>
   <div class='ocr_carea' id='block_1_57' title="bbox 286 4872 1857 4948">
    <p class='ocr_par' dir='ltr' id='par_1_57' title="bbox 286 4872 1857 4948">
     <span class='ocr_line' id='line_1_57' title="bbox 286 4872 1857 4948; baseline 0.004 -18"><span class='ocrx_word' id='word_1_427' title='bbox 286 4894 396 4943; x_wconf 89' lang='grc' dir='ltr'>σιν,</span> <span class='ocrx_word' id='word_1_428' title='bbox 423 4876 563 4948; x_wconf 79' lang='grc' dir='ltr'>ἂπερ</span> <span class='ocrx_word' id='word_1_429' title='bbox 589 4872 771 4947; x_wconf 83' lang='grc' dir='ltr'>ἦλθον.</span> <span class='ocrx_word' id='word_1_430' title='bbox 800 4875 935 4945; x_wconf 79' lang='grc' dir='ltr'>Περὶ</span> <span class='ocrx_word' id='word_1_431' title='bbox 959 4874 1065 4927; x_wconf 89' lang='grc' dir='ltr'>τῶν</span> <span class='ocrx_word' id='word_1_432' title='bbox 1087 4875 1477 4944; x_wconf 83' lang='grc' dir='ltr'>ἀναιρεθέντων</span> <span class='ocrx_word' id='word_1_433' title='bbox 1506 4879 1732 4935; x_wconf 86' lang='grc' dir='ltr'>παιδίων</span> <span class='ocrx_word' id='word_1_434' title='bbox 1753 4883 1857 4937; x_wconf 84' lang='grc' dir='ltr'>ὑπὸ</span> 
     </span>
    </p>
   </div>
   <div class='ocr_carea' id='block_1_58' title="bbox 293 4960 1858 5036">
    <p class='ocr_par' dir='ltr' id='par_1_58' title="bbox 293 4960 1858 5036">
     <span class='ocr_line' id='line_1_58' title="bbox 293 4960 1858 5036; baseline 0.003 -18"><span class='ocrx_word' id='word_1_435' title='bbox 293 4962 558 5036; x_wconf 80' lang='grc' dir='ltr'>Ἡρώδου.</span> <span class='ocrx_word' id='word_1_436' title='bbox 596 4962 730 5034; x_wconf 76' lang='grc' dir='ltr'>Περὶ</span> <span class='ocrx_word' id='word_1_437' title='bbox 764 4960 863 5032; x_wconf 80' lang='grc' dir='ltr'>τῆς</span> <span class='ocrx_word' id='word_1_438' title='bbox 908 4960 1053 5023; x_wconf 83' lang='grc' dir='ltr'>Νέας</span> <span class='ocrx_word' id='word_1_439' title='bbox 1085 4960 1355 5032; x_wconf 87' lang='grc' dir='ltr'>Διαθήκης</span> <span class='ocrx_word' id='word_1_440' title='bbox 1393 4966 1715 5036; x_wconf 82' lang='grc' dir='ltr'>προφητεία.</span> <span class='ocrx_word' id='word_1_441' title='bbox 1748 4970 1858 5022; x_wconf 87' lang='lat' dir='ltr'>Kal</span> 
     </span>
    </p>
   </div>
   <div class='ocr_carea' id='block_1_59' title="bbox 281 5047 1856 5126">
    <p class='ocr_par' dir='ltr' id='par_1_59' title="bbox 281 5047 1856 5126">
     <span class='ocr_line' id='line_1_59' title="bbox 281 5047 1856 5126; baseline 0.003 -24"><span class='ocrx_word' id='word_1_442' title='bbox 281 5051 386 5122; x_wconf 77' lang='grc' dir='ltr'>τὴν</span> <span class='ocrx_word' id='word_1_443' title='bbox 405 5051 463 5102; x_wconf 81' lang='grc' dir='ltr'>ἐν</span> <span class='ocrx_word' id='word_1_444' title='bbox 493 5050 571 5122; x_wconf 82' lang='grc' dir='ltr'>τῷ</span> <span class='ocrx_word' id='word_1_445' title='bbox 591 5051 743 5121; x_wconf 84' lang='grc' dir='ltr'>τόπῳ</span> <span class='ocrx_word' id='word_1_446' title='bbox 761 5049 817 5103; x_wconf 84' lang='grc' dir='ltr'>δὲ</span> <span class='ocrx_word' id='word_1_447' title='bbox 842 5047 1015 5118; x_wconf 84' lang='grc' dir='ltr'>τούτῳ</span> <span class='ocrx_word' id='word_1_448' title='bbox 1042 5047 1325 5119; x_wconf 73' lang='grc' dir='ltr'>οἰκοδομὴν</span> <span class='ocrx_word' id='word_1_449' title='bbox 1346 5052 1736 5124; x_wconf 82' lang='grc' dir='ltr'>γεγραμμένην</span> <span class='ocrx_word' id='word_1_450' title='bbox 1757 5055 1856 5126; x_wconf 83' lang='grc' dir='ltr'>τῆς</span> 
     </span>
    </p>
   </div>
   <div class='ocr_carea' id='block_1_60' title="bbox 281 5134 1856 5209">
    <p class='ocr_par' dir='ltr' id='par_1_60' title="bbox 281 5134 1856 5209">
     <span class='ocr_line' id='line_1_60' title="bbox 281 5134 1856 5209; baseline 0.001 -17"><span class='ocrx_word' id='word_1_451' title='bbox 281 5139 494 5203; x_wconf 85' lang='grc' dir='ltr'>πόλεως</span> <span class='ocrx_word' id='word_1_452' title='bbox 518 5138 599 5191; x_wconf 72' lang='grc' dir='ltr'>ἔτι</span> <span class='ocrx_word' id='word_1_453' title='bbox 624 5135 992 5208; x_wconf 82' lang='grc' dir='ltr'>προσδοκῶσιν</span> <span class='ocrx_word' id='word_1_454' title='bbox 1026 5134 1284 5188; x_wconf 84' lang='grc' dir='ltr'>Ἰουδαῖοι.</span> <span class='ocrx_word' id='word_1_455' title='bbox 1315 5136 1423 5189; x_wconf 86' lang='lat' dir='ltr'>Kal</span> <span class='ocrx_word' id='word_1_456' title='bbox 1458 5136 1597 5209; x_wconf 81' lang='grc' dir='ltr'>αῦτη</span> <span class='ocrx_word' id='word_1_457' title='bbox 1625 5138 1680 5192; x_wconf 85' lang='grc' dir='ltr'>δὲ</span> <span class='ocrx_word' id='word_1_458' title='bbox 1704 5140 1856 5206; x_wconf 88' lang='grc' dir='ltr'>τέλος</span> 
     </span>
    </p>
   </div>
   <div class='ocr_carea' id='block_1_61' title="bbox 280 5221 1857 5297">
    <p class='ocr_par' dir='ltr' id='par_1_61' title="bbox 280 5221 1857 5297">
     <span class='ocr_line' id='line_1_61' title="bbox 280 5221 1857 5297; baseline -0.006 -18"><span class='ocrx_word' id='word_1_459' title='bbox 280 5226 464 5295; x_wconf 74' lang='grc' dir='ltr'>ἔσχεν,</span> <span class='ocrx_word' id='word_1_460' title='bbox 498 5225 587 5279; x_wconf 83' lang='grc' dir='ltr'>ὅτε</span> <span class='ocrx_word' id='word_1_461' title='bbox 625 5222 853 5295; x_wconf 79' lang='grc' dir='ltr'>ἀνῆλθον</span> <span class='ocrx_word' id='word_1_462' title='bbox 880 5223 945 5274; x_wconf 80' lang='grc' dir='ltr'>ἐκ</span> <span class='ocrx_word' id='word_1_463' title='bbox 970 5221 1287 5285; x_wconf 84' lang='grc' dir='ltr'>Βαϐυλῶνος</span> <span class='ocrx_word' id='word_1_464' title='bbox 1311 5224 1600 5297; x_wconf 87' lang='grc' dir='ltr'>γενομένη.</span> <span class='ocrx_word' id='word_1_465' title='bbox 1632 5226 1857 5282; x_wconf 76' lang='grc' dir='ltr'>Κελεύε.</span> 
     </span>
    </p>
   </div>
   <div class='ocr_carea' id='block_1_62' title="bbox 277 5306 1854 5386">
    <p class='ocr_par' dir='ltr' id='par_1_62' title="bbox 277 5306 1854 5386">
     <span class='ocr_line' id='line_1_62' title="bbox 277 5306 1854 5386; baseline 0.003 -20"><span class='ocrx_word' id='word_1_466' title='bbox 277 5312 376 5367; x_wconf 74' lang='grc' dir='ltr'>ται</span> <span class='ocrx_word' id='word_1_467' title='bbox 395 5313 426 5365; x_wconf 88' lang='lat'>6</span> <span class='ocrx_word' id='word_1_468' title='bbox 459 5310 726 5385; x_wconf 85' lang='grc' dir='ltr'>Ἱερεμίας</span> <span class='ocrx_word' id='word_1_469' title='bbox 758 5312 1020 5383; x_wconf 82' lang='grc' dir='ltr'>ἀγοράσαι</span> <span class='ocrx_word' id='word_1_470' title='bbox 1049 5306 1141 5364; x_wconf 75' lang='grc' dir='ltr'>τόν</span> <span class='ocrx_word' id='word_1_471' title='bbox 1171 5310 1339 5380; x_wconf 80' lang='grc' dir='ltr'>ἀγρὸν</span> <span class='ocrx_word' id='word_1_472' title='bbox 1362 5311 1455 5365; x_wconf 88' lang='grc' dir='ltr'>τοῦ</span> <span class='ocrx_word' id='word_1_473' title='bbox 1483 5315 1854 5386; x_wconf 83' lang='grc' dir='ltr'>πατραδέλφου</span> 
     </span>
    </p>
   </div>
   <div class='ocr_carea' id='block_1_63' title="bbox 278 5397 1854 5473">
    <p class='ocr_par' dir='ltr' id='par_1_63' title="bbox 278 5397 1854 5473">
     <span class='ocr_line' id='line_1_63' title="bbox 278 5397 1854 5473; baseline 0.003 -18"><span class='ocrx_word' id='word_1_474' title='bbox 278 5398 473 5465; x_wconf 72' lang='grc' dir='ltr'>αὐτοῦ,</span> <span class='ocrx_word' id='word_1_475' title='bbox 499 5400 595 5453; x_wconf 71' lang='grc' dir='ltr'>καὶ</span> <span class='ocrx_word' id='word_1_476' title='bbox 618 5400 894 5469; x_wconf 85' lang='grc' dir='ltr'>ἀγοράσας</span> <span class='ocrx_word' id='word_1_477' title='bbox 909 5398 1076 5467; x_wconf 83' lang='grc' dir='ltr'>λέγει,</span> <span class='ocrx_word' id='word_1_478' title='bbox 1099 5399 1179 5452; x_wconf 81' lang='grc' dir='ltr'>ὅτι</span> <span class='ocrx_word' id='word_1_479' title='bbox 1209 5400 1243 5468; x_wconf 90' lang='grc' dir='ltr'>ή</span> <span class='ocrx_word' id='word_1_480' title='bbox 1268 5397 1417 5461; x_wconf 85' lang='grc' dir='ltr'>πόλις</span> <span class='ocrx_word' id='word_1_481' title='bbox 1439 5401 1728 5473; x_wconf 84' lang='grc' dir='ltr'>παρεδόθη,</span> <span class='ocrx_word' id='word_1_482' title='bbox 1763 5407 1854 5459; x_wconf 78' lang='grc' dir='ltr'>καὶ</span> 
     </span>
    </p>
   </div>
   <div class='ocr_carea' id='block_1_64' title="bbox 347 5572 1625 5637">
    <p class='ocr_par' dir='ltr' id='par_1_64' title="bbox 347 5572 1625 5637">
     <span class='ocr_line' id='line_1_64' title="bbox 347 5572 1625 5637; baseline 0.002 -15"><span class='ocrx_word' id='word_1_483' title='bbox 347 5572 373 5606; x_wconf 70' lang='grc' dir='ltr'>δ</span> <span class='ocrx_word' id='word_1_484' title='bbox 398 5574 574 5637; x_wconf 76' lang='lat' dir='ltr'>Melius</span> <span class='ocrx_word' id='word_1_485' title='bbox 602 5576 857 5637; x_wconf 70' lang='lat' dir='ltr'>legeretur</span> <span class='ocrx_word' id='word_1_486' title='bbox 875 5572 932 5623; x_wconf 79' lang='grc' dir='ltr'>τὰ</span> <span class='ocrx_word' id='word_1_487' title='bbox 958 5574 1234 5637; x_wconf 80' lang='grc' dir='ltr'>έκδεξόμενα</span> <span class='ocrx_word' id='word_1_488' title='bbox 1252 5572 1395 5623; x_wconf 79' lang='grc' dir='ltr'>αὐτὸν</span> <span class='ocrx_word' id='word_1_489' title='bbox 1430 5576 1575 5625; x_wconf 81' lang='grc' dir='ltr'>κακά.</span> <span class='ocrx_word' id='word_1_490' title='bbox 1613 5606 1625 5616; x_wconf 71' lang='grc' dir='ltr'><strong>ο</strong></span> 
     </span>
    </p>
   </div>
   <div class='ocr_carea' id='block_1_65' title="bbox 345 5636 1553 5697">
    <p class='ocr_par' dir='ltr' id='par_1_65' title="bbox 345 5636 1553 5697">
     <span class='ocr_line' id='line_1_65' title="bbox 345 5636 1553 5697; baseline -0.001 -10"><span class='ocrx_word' id='word_1_491' title='bbox 345 5638 374 5678; x_wconf 67' lang='grc' dir='ltr'><strong>ο</strong></span> <span class='ocrx_word' id='word_1_492' title='bbox 392 5636 481 5687; x_wconf 62' lang='grc' dir='ltr'>ἀίει</span> <span class='ocrx_word' id='word_1_493' title='bbox 505 5639 648 5689; x_wconf 71' lang='lat' dir='ltr'>Cuisl.</span> <span class='ocrx_word' id='word_1_494' title='bbox 666 5636 800 5687; x_wconf 77' lang='lat' dir='ltr'><strong><em>male</em></strong></span> <span class='ocrx_word' id='word_1_495' title='bbox 826 5645 947 5687; x_wconf 80' lang='grc' dir='ltr'>κατᾶ</span> <span class='ocrx_word' id='word_1_496' title='bbox 972 5638 1067 5694; x_wconf 84' lang='grc' dir='ltr'>τοῖς</span> <span class='ocrx_word' id='word_1_497' title='bbox 1090 5639 1136 5689; x_wconf 80' lang='grc' dir='ltr'>ἐν</span> <span class='ocrx_word' id='word_1_498' title='bbox 1167 5638 1428 5697; x_wconf 80' lang='grc' dir='ltr'>Βαϐυλῶνι,</span> <span class='ocrx_word' id='word_1_499' title='bbox 1457 5644 1553 5686; x_wconf 76' lang='lat' dir='ltr'>clc.</span> 
     </span>
    </p>
   </div>
   <div class='ocr_carea' id='block_1_66' title="bbox 1986 501 3555 583">
    <p class='ocr_par' dir='ltr' id='par_1_66' title="bbox 1986 501 3555 583">
     <span class='ocr_line' id='line_1_66' title="bbox 1986 501 3555 583; baseline 0.006 -27"><span class='ocrx_word' id='word_1_500' title='bbox 1986 501 2118 557; x_wconf 88' lang='grc' dir='ltr'>λαοῦ</span> <span class='ocrx_word' id='word_1_501' title='bbox 2141 520 2155 533; x_wconf 75' lang='grc' dir='ltr'><strong>ο</strong></span> <span class='ocrx_word' id='word_1_502' title='bbox 2187 503 2340 560; x_wconf 75' lang='grc' dir='ltr'>ἔσται</span> <span class='ocrx_word' id='word_1_503' title='bbox 2366 507 2579 578; x_wconf 82' lang='grc' dir='ltr'>καιρὸς,</span> <span class='ocrx_word' id='word_1_504' title='bbox 2600 509 2688 563; x_wconf 84' lang='grc' dir='ltr'>ὅτε</span> <span class='ocrx_word' id='word_1_505' title='bbox 2725 509 2886 565; x_wconf 88' lang='grc' dir='ltr'>πάλιν</span> <span class='ocrx_word' id='word_1_506' title='bbox 2916 509 3365 582; x_wconf 87' lang='grc' dir='ltr'>κατοικηθήσεται</span> <span class='ocrx_word' id='word_1_507' title='bbox 3398 512 3434 583; x_wconf 89' lang='grc' dir='ltr'>ή</span> <span class='ocrx_word' id='word_1_508' title='bbox 3459 512 3555 565; x_wconf 89' lang='grc' dir='ltr'>πό-</span> 
     </span>
    </p>
   </div>
   <div class='ocr_carea' id='block_1_67' title="bbox 1985 590 3556 669">
    <p class='ocr_par' dir='ltr' id='par_1_67' title="bbox 1985 590 3556 669">
     <span class='ocr_line' id='line_1_67' title="bbox 1985 590 3556 669; baseline 0.006 -26"><span class='ocrx_word' id='word_1_509' title='bbox 1985 590 2088 655; x_wconf 91' lang='grc' dir='ltr'>λις.</span> <span class='ocrx_word' id='word_1_510' title='bbox 2112 590 2372 665; x_wconf 83' lang='grc' dir='ltr'>Προλέγει</span> <span class='ocrx_word' id='word_1_511' title='bbox 2398 594 2477 666; x_wconf 80' lang='grc' dir='ltr'>τῷ</span> <span class='ocrx_word' id='word_1_512' title='bbox 2504 595 2747 669; x_wconf 78' lang='grc' dir='ltr'>Σεδεκίᾳ.</span> <span class='ocrx_word' id='word_1_513' title='bbox 2777 597 2858 652; x_wconf 81' lang='grc' dir='ltr'>ὅτι</span> <span class='ocrx_word' id='word_1_514' title='bbox 2887 597 3174 662; x_wconf 79' lang='grc' dir='ltr'>ἁλώσεται,</span> <span class='ocrx_word' id='word_1_515' title='bbox 3214 597 3308 652; x_wconf 83' lang='grc' dir='ltr'>καὶ</span> <span class='ocrx_word' id='word_1_516' title='bbox 3337 598 3556 667; x_wconf 76' lang='grc' dir='ltr'>ἐγκαλεῖ</span> 
     </span>
    </p>
   </div>
   <div class='ocr_carea' id='block_1_68' title="bbox 1983 680 3556 757">
    <p class='ocr_par' dir='ltr' id='par_1_68' title="bbox 1983 680 3556 757">
     <span class='ocr_line' id='line_1_68' title="bbox 1983 680 3556 757; baseline 0.003 -22"><span class='ocrx_word' id='word_1_517' title='bbox 1983 680 2113 746; x_wconf 81' lang='grc' dir='ltr'>τοὺς</span> <span class='ocrx_word' id='word_1_518' title='bbox 2131 681 2372 749; x_wconf 87' lang='grc' dir='ltr'>δούλους,</span> <span class='ocrx_word' id='word_1_519' title='bbox 2403 683 2499 749; x_wconf 81' lang='grc' dir='ltr'>οὓς</span> <span class='ocrx_word' id='word_1_520' title='bbox 2528 683 2928 757; x_wconf 76' lang='grc' dir='ltr'>ἠλευθέρωσαν,</span> <span class='ocrx_word' id='word_1_521' title='bbox 2954 687 3116 741; x_wconf 88' lang='grc' dir='ltr'>πάλιν</span> <span class='ocrx_word' id='word_1_522' title='bbox 3145 685 3556 741; x_wconf 83' lang='grc' dir='ltr'>καταδουλωσα-</span> 
     </span>
    </p>
   </div>
   <div class='ocr_carea' id='block_1_69' title="bbox 1988 767 3554 845">
    <p class='ocr_par' dir='ltr' id='par_1_69' title="bbox 1988 767 3554 845">
     <span class='ocr_line' id='line_1_69' title="bbox 1988 767 3554 845; baseline 0.005 -24"><span class='ocrx_word' id='word_1_523' title='bbox 1988 767 2193 839; x_wconf 86' lang='grc' dir='ltr'>μένοις,</span> <span class='ocrx_word' id='word_1_524' title='bbox 2224 770 2320 824; x_wconf 79' lang='grc' dir='ltr'>καὶ</span> <span class='ocrx_word' id='word_1_525' title='bbox 2353 772 2564 826; x_wconf 86' lang='grc' dir='ltr'>ἀπειλεῖ</span> <span class='ocrx_word' id='word_1_526' title='bbox 2600 773 2841 845; x_wconf 79' lang='grc' dir='ltr'>μεγάλην</span> <span class='ocrx_word' id='word_1_527' title='bbox 2871 773 3089 828; x_wconf 75' lang='grc' dir='ltr'>ἔσεσθαι</span> <span class='ocrx_word' id='word_1_528' title='bbox 3119 774 3422 844; x_wconf 87' lang='grc' dir='ltr'>συμφοράν.</span> <span class='ocrx_word' id='word_1_529' title='bbox 3455 771 3554 829; x_wconf 86' lang='grc' dir='ltr'>Διά</span> 
     </span>
    </p>
   </div>
   <div class='ocr_carea' id='block_1_70' title="bbox 1982 855 3552 924">
    <p class='ocr_par' dir='ltr' id='par_1_70' title="bbox 1982 855 3552 924">
     <span class='ocr_line' id='line_1_70' title="bbox 1982 855 3552 924; baseline 0.003 -16"><span class='ocrx_word' id='word_1_530' title='bbox 1982 855 2140 909; x_wconf 89' lang='grc' dir='ltr'>τοῦτο</span> <span class='ocrx_word' id='word_1_531' title='bbox 2169 856 2379 911; x_wconf 83' lang='grc' dir='ltr'>κελεύει</span> <span class='ocrx_word' id='word_1_532' title='bbox 2414 859 2542 922; x_wconf 84' lang='grc' dir='ltr'>τοὺς</span> <span class='ocrx_word' id='word_1_533' title='bbox 2583 860 2732 924; x_wconf 81' lang='grc' dir='ltr'>υἱοὺς</span> <span class='ocrx_word' id='word_1_534' title='bbox 2770 860 3022 916; x_wconf 81' lang='grc' dir='ltr'>Ἰωναδάϐ</span> <span class='ocrx_word' id='word_1_535' title='bbox 3067 862 3238 915; x_wconf 85' lang='grc' dir='ltr'>ποιεῖν</span> <span class='ocrx_word' id='word_1_536' title='bbox 3281 856 3447 914; x_wconf 84' lang='grc' dir='ltr'>οἷκον.</span> <span class='ocrx_word' id='word_1_537' title='bbox 3489 859 3552 913; x_wconf 75' lang='lat' dir='ltr'><strong><em>Ol</em></strong></span> 
     </span>
    </p>
   </div>
   <div class='ocr_carea' id='block_1_71' title="bbox 1982 941 3553 1020">
    <p class='ocr_par' dir='ltr' id='par_1_71' title="bbox 1982 941 3553 1020">
     <span class='ocr_line' id='line_1_71' title="bbox 1982 941 3553 1020; baseline 0.003 -24"><span class='ocrx_word' id='word_1_538' title='bbox 1982 941 2040 996; x_wconf 87' lang='lat'>66</span> <span class='ocrx_word' id='word_1_539' title='bbox 2065 943 2476 1016; x_wconf 81' lang='grc' dir='ltr'>παραιτοῦνται.</span> <span class='ocrx_word' id='word_1_540' title='bbox 2506 946 2802 1002; x_wconf 84' lang='grc' dir='ltr'>Κελεύεται</span> <span class='ocrx_word' id='word_1_541' title='bbox 2832 950 2861 1001; x_wconf 92' lang='lat'>6</span> <span class='ocrx_word' id='word_1_542' title='bbox 2896 949 3166 1020; x_wconf 86' lang='grc' dir='ltr'>Ἱερεμίας</span> <span class='ocrx_word' id='word_1_543' title='bbox 3194 947 3422 1019; x_wconf 82' lang='grc' dir='ltr'>γράψαι,</span> <span class='ocrx_word' id='word_1_544' title='bbox 3450 946 3553 1001; x_wconf 78' lang='grc' dir='ltr'>ὅσα</span> 
     </span>
    </p>
   </div>
   <div class='ocr_carea' id='block_1_72' title="bbox 1982 1032 3549 1107">
    <p class='ocr_par' dir='ltr' id='par_1_72' title="bbox 1982 1032 3549 1107">
     <span class='ocr_line' id='line_1_72' title="bbox 1982 1032 3549 1107; baseline 0.001 -23"><span class='ocrx_word' id='word_1_545' title='bbox 1982 1032 2384 1104; x_wconf 86' lang='grc' dir='ltr'>προεφήτευσεν</span> <span class='ocrx_word' id='word_1_546' title='bbox 2408 1033 2502 1087; x_wconf 77' lang='grc' dir='ltr'>ἐπὶ</span> <span class='ocrx_word' id='word_1_547' title='bbox 2526 1034 2759 1107; x_wconf 84' lang='grc' dir='ltr'>Ἰσραὴλ,</span> <span class='ocrx_word' id='word_1_548' title='bbox 2782 1035 2869 1089; x_wconf 83' lang='grc' dir='ltr'>ῐνα</span> <span class='ocrx_word' id='word_1_549' title='bbox 2892 1034 3035 1088; x_wconf 70' lang='grc' dir='ltr'>οὕτω</span> <span class='ocrx_word' id='word_1_550' title='bbox 3060 1033 3190 1103; x_wconf 92' lang='grc' dir='ltr'>γοῦν</span> <span class='ocrx_word' id='word_1_551' title='bbox 3220 1033 3549 1104; x_wconf 82' lang='grc' dir='ltr'>φοϐηθῶσιν,</span> 
     </span>
    </p>
   </div>
   <div class='ocr_carea' id='block_1_73' title="bbox 1980 1117 3551 1199">
    <p class='ocr_par' dir='ltr' id='par_1_73' title="bbox 1980 1117 3551 1199">
     <span class='ocr_line' id='line_1_73' title="bbox 1980 1117 3551 1199; baseline 0.001 -27"><span class='ocrx_word' id='word_1_552' title='bbox 1980 1117 2308 1183; x_wconf 84' lang='grc' dir='ltr'>ἀκούσαντες</span> <span class='ocrx_word' id='word_1_553' title='bbox 2356 1120 2520 1175; x_wconf 87' lang='grc' dir='ltr'>πάλιν</span> <span class='ocrx_word' id='word_1_554' title='bbox 2562 1122 2634 1175; x_wconf 86' lang='grc' dir='ltr'>τὰ</span> <span class='ocrx_word' id='word_1_555' title='bbox 2682 1122 2942 1193; x_wconf 87' lang='grc' dir='ltr'>μέλλοντα</span> <span class='ocrx_word' id='word_1_556' title='bbox 2978 1121 3175 1184; x_wconf 79' lang='grc' dir='ltr'>αὐτοὺς</span> <span class='ocrx_word' id='word_1_557' title='bbox 3215 1120 3551 1199; x_wconf 78' lang='grc' dir='ltr'>διαδέχεσθαι</span> 
     </span>
    </p>
   </div>
   <div class='ocr_carea' id='block_1_74' title="bbox 1980 1206 3552 1280">
    <p class='ocr_par' dir='ltr' id='par_1_74' title="bbox 1980 1206 3552 1280">
     <span class='ocr_line' id='line_1_74' title="bbox 1980 1206 3552 1280; baseline 0.001 -21"><span class='ocrx_word' id='word_1_558' title='bbox 1980 1206 2143 1260; x_wconf 87' lang='grc' dir='ltr'>κακά.</span> <span class='ocrx_word' id='word_1_559' title='bbox 2175 1207 2233 1260; x_wconf 85' lang='grc'>’0</span> <span class='ocrx_word' id='word_1_560' title='bbox 2258 1207 2316 1261; x_wconf 88' lang='lat'>66</span> <span class='ocrx_word' id='word_1_561' title='bbox 2343 1209 2674 1279; x_wconf 87' lang='grc' dir='ltr'>προστάσσει</span> <span class='ocrx_word' id='word_1_562' title='bbox 2700 1208 2779 1280; x_wconf 82' lang='grc' dir='ltr'>τῷ</span> <span class='ocrx_word' id='word_1_563' title='bbox 2807 1209 3042 1279; x_wconf 82' lang='grc' dir='ltr'>Βαροὺχ.</span> <span class='ocrx_word' id='word_1_564' title='bbox 3064 1210 3157 1264; x_wconf 87' lang='grc' dir='ltr'>τοῦ</span> <span class='ocrx_word' id='word_1_565' title='bbox 3185 1209 3426 1278; x_wconf 83' lang='grc' dir='ltr'>ποιῆσαι,</span> <span class='ocrx_word' id='word_1_566' title='bbox 3457 1208 3552 1262; x_wconf 77' lang='grc' dir='ltr'>καὶ</span> 
     </span>
    </p>
   </div>
   <div class='ocr_carea' id='block_1_75' title="bbox 1981 1293 3552 1373">
    <p class='ocr_par' dir='ltr' id='par_1_75' title="bbox 1981 1293 3552 1373">
     <span class='ocr_line' id='line_1_75' title="bbox 1981 1293 3552 1373; baseline 0.001 -27"><span class='ocrx_word' id='word_1_567' title='bbox 1981 1293 2222 1365; x_wconf 84' lang='grc' dir='ltr'>ἐποίησε.</span> <span class='ocrx_word' id='word_1_568' title='bbox 2248 1295 2360 1351; x_wconf 91' lang='lat' dir='ltr'>Kal</span> <span class='ocrx_word' id='word_1_569' title='bbox 2386 1295 2605 1373; x_wconf 69' lang='grc' dir='ltr'>γράψας</span> <span class='ocrx_word' id='word_1_570' title='bbox 2634 1295 2845 1365; x_wconf 81' lang='grc' dir='ltr'>ἀνέγνω</span> <span class='ocrx_word' id='word_1_571' title='bbox 2881 1298 2993 1360; x_wconf 88' lang='grc' dir='ltr'>τοῖς</span> <span class='ocrx_word' id='word_1_572' title='bbox 3039 1296 3329 1360; x_wconf 88' lang='grc' dir='ltr'>Ἰουδαίοις.</span> <span class='ocrx_word' id='word_1_573' title='bbox 3372 1296 3458 1359; x_wconf 85' lang='grc' dir='ltr'>Ὧς</span> <span class='ocrx_word' id='word_1_574' title='bbox 3492 1294 3552 1348; x_wconf 85' lang='grc' dir='ltr'>δὲ</span> 
     </span>
    </p>
   </div>
   <div class='ocr_carea' id='block_1_76' title="bbox 1979 1381 3548 1454">
    <p class='ocr_par' dir='ltr' id='par_1_76' title="bbox 1979 1381 3548 1454">
     <span class='ocr_line' id='line_1_76' title="bbox 1979 1381 3548 1454; baseline 0.001 -20"><span class='ocrx_word' id='word_1_575' title='bbox 1979 1381 2218 1451; x_wconf 85' lang='grc' dir='ltr'>ήκουσαν</span> <span class='ocrx_word' id='word_1_576' title='bbox 2246 1383 2294 1435; x_wconf 86' lang='grc' dir='ltr'>οί</span> <span class='ocrx_word' id='word_1_577' title='bbox 2342 1381 2618 1453; x_wconf 77' lang='grc' dir='ltr'>ἄρχοντες,</span> <span class='ocrx_word' id='word_1_578' title='bbox 2655 1382 2981 1452; x_wconf 84' lang='grc' dir='ltr'>ἀνήγγειλάν</span> <span class='ocrx_word' id='word_1_579' title='bbox 3011 1382 3090 1454; x_wconf 83' lang='grc' dir='ltr'>τῷ</span> <span class='ocrx_word' id='word_1_580' title='bbox 3136 1383 3352 1454; x_wconf 90' lang='grc' dir='ltr'>βασιλεῖ</span> <span class='ocrx_word' id='word_1_581' title='bbox 3396 1382 3548 1436; x_wconf 85' lang='grc' dir='ltr'>Ἰωα-</span> 
     </span>
    </p>
   </div>
   <div class='ocr_carea' id='block_1_77' title="bbox 1980 1468 3549 1541">
    <p class='ocr_par' dir='ltr' id='par_1_77' title="bbox 1980 1468 3549 1541">
     <span class='ocr_line' id='line_1_77' title="bbox 1980 1468 3549 1541; baseline -0.001 -18"><span class='ocrx_word' id='word_1_582' title='bbox 1980 1469 2128 1541; x_wconf 88' lang='grc' dir='ltr'>κείμ.</span> <span class='ocrx_word' id='word_1_583' title='bbox 2163 1472 2222 1525; x_wconf 88' lang='lat'>&#39;0</span> <span class='ocrx_word' id='word_1_584' title='bbox 2247 1469 2305 1524; x_wconf 86' lang='lat'>66</span> <span class='ocrx_word' id='word_1_585' title='bbox 2323 1469 2503 1525; x_wconf 87' lang='grc' dir='ltr'>λαϐὼν</span> <span class='ocrx_word' id='word_1_586' title='bbox 2530 1470 2591 1524; x_wconf 83' lang='grc' dir='ltr'>τὺ</span> <span class='ocrx_word' id='word_1_587' title='bbox 2608 1469 2808 1540; x_wconf 86' lang='grc' dir='ltr'>βιϐλίον</span> <span class='ocrx_word' id='word_1_588' title='bbox 2838 1472 3160 1525; x_wconf 85' lang='grc' dir='ltr'>κατέκαυσε.</span> <span class='ocrx_word' id='word_1_589' title='bbox 3201 1471 3310 1523; x_wconf 91' lang='lat' dir='ltr'>Kal</span> <span class='ocrx_word' id='word_1_590' title='bbox 3332 1468 3549 1524; x_wconf 86' lang='grc' dir='ltr'>κελεύε-</span> 
     </span>
    </p>
   </div>
   <div class='ocr_carea' id='block_1_78' title="bbox 1978 1555 3549 1629">
    <p class='ocr_par' dir='ltr' id='par_1_78' title="bbox 1978 1555 3549 1629">
     <span class='ocr_line' id='line_1_78' title="bbox 1978 1555 3549 1629; baseline -0.001 -19"><span class='ocrx_word' id='word_1_591' title='bbox 1978 1573 2068 1610; x_wconf 91' lang='grc' dir='ltr'>ται</span> <span class='ocrx_word' id='word_1_592' title='bbox 2102 1557 2368 1628; x_wconf 87' lang='grc' dir='ltr'>Ἱερεμίας</span> <span class='ocrx_word' id='word_1_593' title='bbox 2411 1557 2599 1622; x_wconf 72' lang='grc' dir='ltr'>ἕτερον</span> <span class='ocrx_word' id='word_1_594' title='bbox 2646 1557 2853 1629; x_wconf 78' lang='grc' dir='ltr'>γράψαι</span> <span class='ocrx_word' id='word_1_595' title='bbox 2894 1557 3094 1627; x_wconf 83' lang='grc' dir='ltr'>βιϐλίον</span> <span class='ocrx_word' id='word_1_596' title='bbox 3134 1555 3391 1612; x_wconf 88' lang='grc' dir='ltr'>τοιοῦτον.</span> <span class='ocrx_word' id='word_1_597' title='bbox 3438 1557 3549 1609; x_wconf 88' lang='lat' dir='ltr'>Kal</span> 
     </span>
    </p>
   </div>
   <div class='ocr_carea' id='block_1_79' title="bbox 1980 1642 3547 1716">
    <p class='ocr_par' dir='ltr' id='par_1_79' title="bbox 1980 1642 3547 1716">
     <span class='ocr_line' id='line_1_79' title="bbox 1980 1642 3547 1716; baseline 0.001 -21"><span class='ocrx_word' id='word_1_598' title='bbox 1980 1643 2310 1716; x_wconf 87' lang='grc' dir='ltr'>προφητεύει</span> <span class='ocrx_word' id='word_1_599' title='bbox 2356 1643 2435 1714; x_wconf 88' lang='grc' dir='ltr'>τῷ</span> <span class='ocrx_word' id='word_1_600' title='bbox 2474 1642 2684 1714; x_wconf 86' lang='grc' dir='ltr'>βασιλεῖ</span> <span class='ocrx_word' id='word_1_601' title='bbox 2713 1643 2995 1715; x_wconf 83' lang='grc' dir='ltr'>συμφορὰς</span> <span class='ocrx_word' id='word_1_602' title='bbox 3038 1642 3127 1697; x_wconf 85' lang='grc' dir='ltr'>διὰ</span> <span class='ocrx_word' id='word_1_603' title='bbox 3180 1643 3242 1697; x_wconf 85' lang='grc' dir='ltr'>τὸ</span> <span class='ocrx_word' id='word_1_604' title='bbox 3290 1643 3547 1715; x_wconf 84' lang='grc' dir='ltr'>τόλμημα</span> 
     </span>
    </p>
   </div>
   <div class='ocr_carea' id='block_1_80' title="bbox 1977 1730 3547 1805">
    <p class='ocr_par' dir='ltr' id='par_1_80' title="bbox 1977 1730 3547 1805">
     <span class='ocr_line' id='line_1_80' title="bbox 1977 1730 3547 1805; baseline -0.003 -19"><span class='ocrx_word' id='word_1_605' title='bbox 1977 1730 2153 1787; x_wconf 86' lang='grc' dir='ltr'>τοῦτο.</span> <span class='ocrx_word' id='word_1_606' title='bbox 2181 1732 2518 1805; x_wconf 89' lang='grc' dir='ltr'>Προφητεύει</span> <span class='ocrx_word' id='word_1_607' title='bbox 2543 1732 2641 1804; x_wconf 81' lang='grc' dir='ltr'>τήν</span> <span class='ocrx_word' id='word_1_608' title='bbox 2663 1731 2865 1787; x_wconf 82' lang='grc' dir='ltr'>άλωσιν</span> <span class='ocrx_word' id='word_1_609' title='bbox 2889 1731 3245 1803; x_wconf 83' lang='grc' dir='ltr'>Ἰερουσαλήμ</span> <span class='ocrx_word' id='word_1_610' title='bbox 3261 1747 3277 1762; x_wconf 76' lang='grc' dir='ltr'><strong>ο</strong></span> <span class='ocrx_word' id='word_1_611' title='bbox 3304 1733 3400 1785; x_wconf 76' lang='grc' dir='ltr'>καὶ</span> <span class='ocrx_word' id='word_1_612' title='bbox 3420 1730 3547 1783; x_wconf 86' lang='grc' dir='ltr'>συλ-</span> 
     </span>
    </p>
   </div>
   <div class='ocr_carea' id='block_1_81' title="bbox 1978 1818 3545 1891">
    <p class='ocr_par' dir='ltr' id='par_1_81' title="bbox 1978 1818 3545 1891">
     <span class='ocr_line' id='line_1_81' title="bbox 1978 1818 3545 1891; baseline -0.003 -16"><span class='ocrx_word' id='word_1_613' title='bbox 1978 1818 2310 1891; x_wconf 83' lang='grc' dir='ltr'>λαμϐάνεται</span> <span class='ocrx_word' id='word_1_614' title='bbox 2342 1821 2437 1874; x_wconf 76' lang='grc' dir='ltr'>καὶ</span> <span class='ocrx_word' id='word_1_615' title='bbox 2465 1819 2792 1890; x_wconf 83' lang='grc' dir='ltr'>ἐμϐάλλεται</span> <span class='ocrx_word' id='word_1_616' title='bbox 2822 1820 2902 1884; x_wconf 89' lang='grc' dir='ltr'>είς</span> <span class='ocrx_word' id='word_1_617' title='bbox 2930 1820 3300 1890; x_wconf 75' lang='grc' dir='ltr'>δεσμωτήριον</span> <span class='ocrx_word' id='word_1_618' title='bbox 3320 1820 3348 1872; x_wconf 89' lang='lat'>6</span> <span class='ocrx_word' id='word_1_619' title='bbox 3379 1818 3545 1890; x_wconf 86' lang='grc' dir='ltr'>Ἱερε-</span> 
     </span>
    </p>
   </div>
   <div class='ocr_carea' id='block_1_82' title="bbox 1981 1904 3545 1978">
    <p class='ocr_par' dir='ltr' id='par_1_82' title="bbox 1981 1904 3545 1978">
     <span class='ocr_line' id='line_1_82' title="bbox 1981 1904 3545 1978; baseline -0.002 -18"><span class='ocrx_word' id='word_1_620' title='bbox 1981 1906 2110 1978; x_wconf 89' lang='grc' dir='ltr'>μίας</span> <span class='ocrx_word' id='word_1_621' title='bbox 2131 1946 2148 1972; x_wconf 89' lang='grc'>,</span> <span class='ocrx_word' id='word_1_622' title='bbox 2171 1907 2267 1962; x_wconf 75' lang='grc' dir='ltr'>καὶ</span> <span class='ocrx_word' id='word_1_623' title='bbox 2295 1906 2702 1978; x_wconf 76' lang='grc' dir='ltr'>μεταπεμφθεὶς</span> <span class='ocrx_word' id='word_1_624' title='bbox 2741 1907 2948 1961; x_wconf 81' lang='grc' dir='ltr'>ἐκεῖθεν</span> <span class='ocrx_word' id='word_1_625' title='bbox 2976 1906 3081 1961; x_wconf 79' lang='grc' dir='ltr'>ὑπὸ</span> <span class='ocrx_word' id='word_1_626' title='bbox 3102 1905 3375 1968; x_wconf 86' lang='grc' dir='ltr'>Σεδεκίου,</span> <span class='ocrx_word' id='word_1_627' title='bbox 3399 1904 3545 1974; x_wconf 89' lang='grc' dir='ltr'>λέγει</span> 
     </span>
    </p>
   </div>
   <div class='ocr_carea' id='block_1_83' title="bbox 1978 1992 3546 2065">
    <p class='ocr_par' dir='ltr' id='par_1_83' title="bbox 1978 1992 3546 2065">
     <span class='ocr_line' id='line_1_83' title="bbox 1978 1992 3546 2065; baseline -0.003 -16"><span class='ocrx_word' id='word_1_628' title='bbox 1978 1994 2128 2065; x_wconf 82' lang='grc' dir='ltr'>αὐτῷ</span> <span class='ocrx_word' id='word_1_629' title='bbox 2148 2032 2163 2060; x_wconf 92' lang='grc'>,</span> <span class='ocrx_word' id='word_1_630' title='bbox 2191 1994 2272 2048; x_wconf 87' lang='grc' dir='ltr'>δτι</span> <span class='ocrx_word' id='word_1_631' title='bbox 2303 1993 2568 2049; x_wconf 77' lang='grc' dir='ltr'>ἁλώσεται</span> <span class='ocrx_word' id='word_1_632' title='bbox 2590 2032 2606 2058; x_wconf 92' lang='grc'>,</span> <span class='ocrx_word' id='word_1_633' title='bbox 2642 1993 2739 2049; x_wconf 66' lang='grc' dir='ltr'>καὶ¹</span> <span class='ocrx_word' id='word_1_634' title='bbox 2780 1993 2921 2061; x_wconf 78' lang='grc' dir='ltr'>ἀξιοῖ</span> <span class='ocrx_word' id='word_1_635' title='bbox 2963 1994 3104 2048; x_wconf 84' lang='grc' dir='ltr'>ὥστε</span> <span class='ocrx_word' id='word_1_636' title='bbox 3141 1992 3216 2065; x_wconf 80' lang='grc' dir='ltr'>μή</span> <span class='ocrx_word' id='word_1_637' title='bbox 3258 2008 3546 2063; x_wconf 88' lang='grc' dir='ltr'>παραπεμ-</span> 
     </span>
    </p>
   </div>
   <div class='ocr_carea' id='block_1_84' title="bbox 1979 2078 3545 2153">
    <p class='ocr_par' dir='ltr' id='par_1_84' title="bbox 1979 2078 3545 2153">
     <span class='ocr_line' id='line_1_84' title="bbox 1979 2078 3545 2153; baseline -0.004 -17"><span class='ocrx_word' id='word_1_638' title='bbox 1979 2080 2175 2153; x_wconf 80' lang='grc' dir='ltr'>φθῆναι</span> <span class='ocrx_word' id='word_1_639' title='bbox 2219 2083 2300 2143; x_wconf 81' lang='grc' dir='ltr'>είς</span> <span class='ocrx_word' id='word_1_640' title='bbox 2339 2080 2402 2135; x_wconf 86' lang='grc' dir='ltr'>τὸ</span> <span class='ocrx_word' id='word_1_641' title='bbox 2457 2080 2848 2153; x_wconf 85' lang='grc' dir='ltr'>δεσμωτήριον.</span> <span class='ocrx_word' id='word_1_642' title='bbox 2879 2081 2989 2135; x_wconf 90' lang='lat' dir='ltr'>Kal</span> <span class='ocrx_word' id='word_1_643' title='bbox 3024 2079 3277 2142; x_wconf 88' lang='grc' dir='ltr'>λαϐόντες</span> <span class='ocrx_word' id='word_1_644' title='bbox 3307 2078 3466 2133; x_wconf 84' lang='grc' dir='ltr'>αὐτὸν</span> <span class='ocrx_word' id='word_1_645' title='bbox 3493 2079 3545 2131; x_wconf 89' lang='grc' dir='ltr'>οἱ</span> 
     </span>
    </p>
   </div>
   <div class='ocr_carea' id='block_1_85' title="bbox 1976 2164 3629 2241">
    <p class='ocr_par' dir='ltr' id='par_1_85' title="bbox 1976 2164 3629 2241">
     <span class='ocr_line' id='line_1_85' title="bbox 1976 2164 3629 2241; baseline -0.004 -15"><span class='ocrx_word' id='word_1_646' title='bbox 1976 2171 2233 2241; x_wconf 81' lang='grc' dir='ltr'>ἄρχοντες</span> <span class='ocrx_word' id='word_1_647' title='bbox 2265 2169 2515 2227; x_wconf 83' lang='grc' dir='ltr'>ἐνέϐαλον</span> <span class='ocrx_word' id='word_1_648' title='bbox 2544 2171 2624 2233; x_wconf 84' lang='grc' dir='ltr'>είς</span> <span class='ocrx_word' id='word_1_649' title='bbox 2652 2169 2743 2224; x_wconf 84' lang='grc' dir='ltr'>τὸν</span> <span class='ocrx_word' id='word_1_650' title='bbox 2770 2169 2970 2223; x_wconf 87' lang='grc' dir='ltr'>λάκκον</span> <span class='ocrx_word' id='word_1_651' title='bbox 2998 2168 3092 2222; x_wconf 88' lang='grc' dir='ltr'>τοῦ</span> <span class='ocrx_word' id='word_1_652' title='bbox 3123 2164 3403 2240; x_wconf 90' lang='grc' dir='ltr'>βορϐόρου.</span> <span class='ocrx_word' id='word_1_653' title='bbox 3432 2167 3545 2221; x_wconf 81' lang='grc' dir='ltr'>Καὶ</span> <span class='ocrx_word' id='word_1_654' title='bbox 3620 2234 3629 2241; x_wconf 27' lang='grc' dir='ltr'><strong>κ</strong></span> 
     </span>
    </p>
   </div>
   <div class='ocr_carea' id='block_1_86' title="bbox 1978 2254 3545 2333">
    <p class='ocr_par' dir='ltr' id='par_1_86' title="bbox 1978 2254 3545 2333">
     <span class='ocr_line' id='line_1_86' title="bbox 1978 2254 3545 2333; baseline -0.004 -19"><span class='ocrx_word' id='word_1_655' title='bbox 1978 2258 2129 2333; x_wconf 71' lang='grc'>[586]</span> <span class='ocrx_word' id='word_1_656' title='bbox 2174 2258 2450 2330; x_wconf 86' lang='grc' dir='ltr'>ἀνήγαγεν</span> <span class='ocrx_word' id='word_1_657' title='bbox 2495 2257 2658 2312; x_wconf 74' lang='grc' dir='ltr'>αὑτὸν</span> <span class='ocrx_word' id='word_1_658' title='bbox 2710 2256 2916 2311; x_wconf 78' lang='grc' dir='ltr'>ἐκεῖθεν</span> <span class='ocrx_word' id='word_1_659' title='bbox 2956 2258 2985 2310; x_wconf 92' lang='lat'>6</span> <span class='ocrx_word' id='word_1_660' title='bbox 3046 2254 3393 2327; x_wconf 80' lang='grc' dir='ltr'>Ἀϐδαμελέκ.</span> <span class='ocrx_word' id='word_1_661' title='bbox 3433 2255 3545 2309; x_wconf 87' lang='lat' dir='ltr'>Kal</span> 
     </span>
    </p>
   </div>
   <div class='ocr_carea' id='block_1_87' title="bbox 1980 2340 3543 2417">
    <p class='ocr_par' dir='ltr' id='par_1_87' title="bbox 1980 2340 3543 2417">
     <span class='ocr_line' id='line_1_87' title="bbox 1980 2340 3543 2417; baseline -0.003 -18"><span class='ocrx_word' id='word_1_662' title='bbox 1980 2345 2387 2417; x_wconf 78' lang='grc' dir='ltr'>μεταπεμφθεὶς</span> <span class='ocrx_word' id='word_1_663' title='bbox 2418 2344 2578 2399; x_wconf 90' lang='grc' dir='ltr'>πάλιν</span> <span class='ocrx_word' id='word_1_664' title='bbox 2607 2344 2711 2398; x_wconf 78' lang='grc' dir='ltr'>ὑπὸ</span> <span class='ocrx_word' id='word_1_665' title='bbox 2738 2342 2832 2396; x_wconf 89' lang='grc' dir='ltr'>τοῦ</span> <span class='ocrx_word' id='word_1_666' title='bbox 2871 2342 3154 2413; x_wconf 88' lang='grc' dir='ltr'>βασιλέως,</span> <span class='ocrx_word' id='word_1_667' title='bbox 3183 2340 3543 2415; x_wconf 87' lang='grc' dir='ltr'>προαγορεύει</span> 
     </span>
    </p>
   </div>
   <div class='ocr_carea' id='block_1_88' title="bbox 1974 2427 3544 2506">
    <p class='ocr_par' dir='ltr' id='par_1_88' title="bbox 1974 2427 3544 2506">
     <span class='ocr_line' id='line_1_88' title="bbox 1974 2427 3544 2506; baseline -0.005 -18"><span class='ocrx_word' id='word_1_668' title='bbox 1974 2432 2124 2505; x_wconf 84' lang='grc' dir='ltr'>αὐτῷ</span> <span class='ocrx_word' id='word_1_669' title='bbox 2167 2433 2468 2506; x_wconf 87' lang='grc' dir='ltr'>σωτηρίαν,</span> <span class='ocrx_word' id='word_1_670' title='bbox 2506 2433 2557 2486; x_wconf 88' lang='grc' dir='ltr'>εί</span> <span class='ocrx_word' id='word_1_671' title='bbox 2601 2431 2887 2503; x_wconf 86' lang='grc' dir='ltr'>βουληθείη</span> <span class='ocrx_word' id='word_1_672' title='bbox 2929 2429 3070 2484; x_wconf 78' lang='grc' dir='ltr'>ἑκὼν</span> <span class='ocrx_word' id='word_1_673' title='bbox 3117 2427 3352 2494; x_wconf 78' lang='grc' dir='ltr'>ἐξελθεῖν</span> <span class='ocrx_word' id='word_1_674' title='bbox 3405 2428 3544 2500; x_wconf 81' lang='grc' dir='ltr'>πρὸς</span> 
     </span>
    </p>
   </div>
   <div class='ocr_carea' id='block_1_89' title="bbox 1975 2515 3545 2591">
    <p class='ocr_par' dir='ltr' id='par_1_89' title="bbox 1975 2515 3545 2591">
     <span class='ocr_line' id='line_1_89' title="bbox 1975 2515 3545 2591; baseline -0.005 -16"><span class='ocrx_word' id='word_1_675' title='bbox 1975 2521 2102 2585; x_wconf 75' lang='grc' dir='ltr'>τοὺς</span> <span class='ocrx_word' id='word_1_676' title='bbox 2154 2519 2444 2591; x_wconf 86' lang='grc' dir='ltr'>πολεμίους</span> <span class='ocrx_word' id='word_1_677' title='bbox 2478 2534 2492 2548; x_wconf 81' lang='grc'><strong><em>⁸</em></strong></span> <span class='ocrx_word' id='word_1_678' title='bbox 2521 2519 2573 2572; x_wconf 86' lang='grc' dir='ltr'>εί</span> <span class='ocrx_word' id='word_1_679' title='bbox 2598 2518 2654 2572; x_wconf 96' lang='lat'>66</span> <span class='ocrx_word' id='word_1_680' title='bbox 2693 2517 2770 2589; x_wconf 84' lang='grc' dir='ltr'>μὴ</span> <span class='ocrx_word' id='word_1_681' title='bbox 2804 2516 3086 2589; x_wconf 83' lang='grc' dir='ltr'>βουληθείη</span> <span class='ocrx_word' id='word_1_682' title='bbox 3107 2556 3122 2581; x_wconf 94' lang='grc'>,</span> <span class='ocrx_word' id='word_1_683' title='bbox 3154 2515 3373 2587; x_wconf 78' lang='grc' dir='ltr'>ὄλεθρον</span> <span class='ocrx_word' id='word_1_684' title='bbox 3394 2516 3545 2587; x_wconf 81' lang='grc' dir='ltr'>πάσῃ</span> 
     </span>
    </p>
   </div>
   <div class='ocr_carea' id='block_1_90' title="bbox 1973 2602 3543 2681">
    <p class='ocr_par' dir='ltr' id='par_1_90' title="bbox 1973 2602 3543 2681">
     <span class='ocr_line' id='line_1_90' title="bbox 1973 2602 3543 2681; baseline -0.003 -20"><span class='ocrx_word' id='word_1_685' title='bbox 1973 2611 2040 2681; x_wconf 83' lang='grc' dir='ltr'>τῇ</span> <span class='ocrx_word' id='word_1_686' title='bbox 2066 2607 2217 2662; x_wconf 89' lang='grc' dir='ltr'>πόλει</span> <span class='ocrx_word' id='word_1_687' title='bbox 2241 2649 2256 2674; x_wconf 96' lang='grc'>,</span> <span class='ocrx_word' id='word_1_688' title='bbox 2286 2608 2381 2665; x_wconf 70' lang='grc' dir='ltr'>καὶ</span> <span class='ocrx_word' id='word_1_689' title='bbox 2430 2606 2581 2678; x_wconf 80' lang='grc' dir='ltr'>αὐτῷ</span> <span class='ocrx_word' id='word_1_690' title='bbox 2626 2605 2839 2676; x_wconf 86' lang='grc' dir='ltr'>μεγάλα</span> <span class='ocrx_word' id='word_1_691' title='bbox 2884 2604 3030 2659; x_wconf 86' lang='grc' dir='ltr'>κακά</span> <span class='ocrx_word' id='word_1_692' title='bbox 3071 2602 3309 2658; x_wconf 71' lang='grc' dir='ltr'>ἔσεσθαι.</span> <span class='ocrx_word' id='word_1_693' title='bbox 3355 2603 3444 2664; x_wconf 77' lang='lat'><strong>&#39;0;</strong></span> <span class='ocrx_word' id='word_1_694' title='bbox 3484 2603 3543 2657; x_wconf 78' lang='grc' dir='ltr'>δὲ</span> 
     </span>
    </p>
   </div>
   <div class='ocr_carea' id='block_1_91' title="bbox 1974 2689 3542 2765">
    <p class='ocr_par' dir='ltr' id='par_1_91' title="bbox 1974 2689 3542 2765">
     <span class='ocr_line' id='line_1_91' title="bbox 1974 2689 3542 2765; baseline -0.004 -16"><span class='ocrx_word' id='word_1_695' title='bbox 1974 2697 2076 2750; x_wconf 81' lang='grc' dir='ltr'>οὐκ</span> <span class='ocrx_word' id='word_1_696' title='bbox 2102 2694 2316 2751; x_wconf 75' lang='grc' dir='ltr'>ἔπεισεν</span> <span class='ocrx_word' id='word_1_697' title='bbox 2344 2694 2600 2760; x_wconf 81' lang='grc' dir='ltr'>ἐξελθεῖν,</span> <span class='ocrx_word' id='word_1_698' title='bbox 2632 2692 2857 2764; x_wconf 86' lang='grc' dir='ltr'>ἀνῆλθεν</span> <span class='ocrx_word' id='word_1_699' title='bbox 2886 2693 2917 2746; x_wconf 91' lang='lat'>6</span> <span class='ocrx_word' id='word_1_700' title='bbox 2945 2692 3237 2765; x_wconf 85' lang='grc' dir='ltr'>βάρϐαρος,</span> <span class='ocrx_word' id='word_1_701' title='bbox 3271 2689 3365 2745; x_wconf 76' lang='grc' dir='ltr'>καὶ</span> <span class='ocrx_word' id='word_1_702' title='bbox 3399 2690 3542 2743; x_wconf 80' lang='grc' dir='ltr'>ἑάλω</span> 
     </span>
    </p>
   </div>
   <div class='ocr_carea' id='block_1_92' title="bbox 1974 2773 3596 2855">
    <p class='ocr_par' dir='ltr' id='par_1_92' title="bbox 1974 2773 3596 2855">
     <span class='ocr_line' id='line_1_92' title="bbox 1974 2773 3596 2855; baseline -0.004 -19"><span class='ocrx_word' id='word_1_703' title='bbox 1974 2784 2010 2854; x_wconf 87' lang='grc' dir='ltr'>ή</span> <span class='ocrx_word' id='word_1_704' title='bbox 2038 2782 2192 2848; x_wconf 84' lang='grc' dir='ltr'>πόλις</span> <span class='ocrx_word' id='word_1_705' title='bbox 2225 2782 2361 2855; x_wconf 87' lang='grc' dir='ltr'>μετά</span> <span class='ocrx_word' id='word_1_706' title='bbox 2382 2782 2650 2837; x_wconf 87' lang='grc' dir='ltr'>Σεδεκίου.</span> <span class='ocrx_word' id='word_1_707' title='bbox 2668 2781 2778 2835; x_wconf 86' lang='lat' dir='ltr'>Kal</span> <span class='ocrx_word' id='word_1_708' title='bbox 2794 2778 2872 2851; x_wconf 83' lang='grc' dir='ltr'>τῷ</span> <span class='ocrx_word' id='word_1_709' title='bbox 2896 2778 3134 2851; x_wconf 77' lang='grc' dir='ltr'>Ἱερεμίᾳ</span> <span class='ocrx_word' id='word_1_710' title='bbox 3156 2773 3215 2833; x_wconf 79' lang='grc' dir='ltr'>εὖ</span> <span class='ocrx_word' id='word_1_711' title='bbox 3240 2778 3541 2850; x_wconf 84' lang='grc' dir='ltr'>ἐχρήσαντο</span> <span class='ocrx_word' id='word_1_712' title='bbox 3585 2776 3596 2784; x_wconf 87' lang='grc'><strong>’</strong></span> 
     </span>
    </p>
   </div>
   <div class='ocr_carea' id='block_1_93' title="bbox 1973 2862 3540 2941">
    <p class='ocr_par' dir='ltr' id='par_1_93' title="bbox 1973 2862 3540 2941">
     <span class='ocr_line' id='line_1_93' title="bbox 1973 2862 3540 2941; baseline -0.004 -17"><span class='ocrx_word' id='word_1_713' title='bbox 1973 2872 2023 2924; x_wconf 81' lang='grc' dir='ltr'>οἱ</span> <span class='ocrx_word' id='word_1_714' title='bbox 2076 2868 2334 2941; x_wconf 76' lang='grc' dir='ltr'>ἄρχοντες</span> <span class='ocrx_word' id='word_1_715' title='bbox 2386 2867 2481 2924; x_wconf 87' lang='grc' dir='ltr'>τοῦ</span> <span class='ocrx_word' id='word_1_716' title='bbox 2534 2866 3022 2939; x_wconf 88' lang='grc' dir='ltr'>Ναϐουχοδονόσορ.</span> <span class='ocrx_word' id='word_1_717' title='bbox 3079 2864 3169 2936; x_wconf 86' lang='grc' dir='ltr'>Τῷ</span> <span class='ocrx_word' id='word_1_718' title='bbox 3219 2862 3540 2935; x_wconf 84' lang='grc' dir='ltr'>Ἀϐδεμελέκ</span> 
     </span>
    </p>
   </div>
   <div class='ocr_carea' id='block_1_94' title="bbox 1974 2951 3540 3031">
    <p class='ocr_par' dir='ltr' id='par_1_94' title="bbox 1974 2951 3540 3031">
     <span class='ocr_line' id='line_1_94' title="bbox 1974 2951 3540 3031; baseline -0.006 -17"><span class='ocrx_word' id='word_1_719' title='bbox 1974 2956 2336 3031; x_wconf 89' lang='grc' dir='ltr'>προαγορεύει</span> <span class='ocrx_word' id='word_1_720' title='bbox 2375 2957 2667 3028; x_wconf 87' lang='grc' dir='ltr'>σωτηρίαν.</span> <span class='ocrx_word' id='word_1_721' title='bbox 2711 2955 2916 3019; x_wconf 80' lang='grc' dir='ltr'>Αὐτοὺς</span> <span class='ocrx_word' id='word_1_722' title='bbox 2945 2954 3003 3008; x_wconf 86' lang='grc' dir='ltr'>δὲ</span> <span class='ocrx_word' id='word_1_723' title='bbox 3042 2952 3301 3015; x_wconf 86' lang='grc' dir='ltr'>λαϐόντας</span> <span class='ocrx_word' id='word_1_724' title='bbox 3330 2951 3540 3021; x_wconf 77' lang='grc' dir='ltr'>αἳρεσιν</span> 
     </span>
    </p>
   </div>
   <div class='ocr_carea' id='block_1_95' title="bbox 1974 3039 3542 3121">
    <p class='ocr_par' dir='ltr' id='par_1_95' title="bbox 1974 3039 3542 3121">
     <span class='ocr_line' id='line_1_95' title="bbox 1974 3039 3542 3121; baseline -0.027 11"><span class='ocrx_word' id='word_1_725' title='bbox 1974 3048 2126 3121; x_wconf 67' lang='grc' dir='ltr'><strong>παρὰ</strong></span> <span class='ocrx_word' id='word_1_726' title='bbox 2171 3046 2266 3102; x_wconf 69' lang='grc' dir='ltr'>τοῦ</span> <span class='ocrx_word' id='word_1_727' title='bbox 2320 3045 2745 3118; x_wconf 82' lang='grc' dir='ltr'>ἀρχιμσιγειρου,</span> <span class='ocrx_word' id='word_1_728' title='bbox 2772 3043 2916 3098; x_wconf 81' lang='grc' dir='ltr'>ὥστε</span> <span class='ocrx_word' id='word_1_729' title='bbox 2958 3042 3213 3098; x_wconf 76' lang='grc' dir='ltr'>ἀπελθεῖν</span> <span class='ocrx_word' id='word_1_730' title='bbox 3258 3041 3390 3095; x_wconf 80' lang='grc' dir='ltr'>ὅπου</span> <span class='ocrx_word' id='word_1_731' title='bbox 3416 3039 3542 3111; x_wconf 82' lang='grc' dir='ltr'>βού-</span> 
     </span>
    </p>
   </div>
   <div class='ocr_carea' id='block_1_96' title="bbox 1971 3129 3543 3210">
    <p class='ocr_par' dir='ltr' id='par_1_96' title="bbox 1971 3129 3543 3210">
     <span class='ocr_line' id='line_1_96' title="bbox 1971 3129 3543 3210; baseline -0.007 -18"><span class='ocrx_word' id='word_1_732' title='bbox 1971 3140 2164 3202; x_wconf 89' lang='grc' dir='ltr'>λοιντο,</span> <span class='ocrx_word' id='word_1_733' title='bbox 2185 3136 2402 3210; x_wconf 76' lang='grc' dir='ltr'>ἔρχεται</span> <span class='ocrx_word' id='word_1_734' title='bbox 2427 3135 2562 3207; x_wconf 83' lang='grc' dir='ltr'>πρὸς</span> <span class='ocrx_word' id='word_1_735' title='bbox 2583 3131 2851 3195; x_wconf 81' lang='grc' dir='ltr'>Γοδολίαν,</span> <span class='ocrx_word' id='word_1_736' title='bbox 2867 3131 2926 3184; x_wconf 83' lang='grc' dir='ltr'>ὃν</span> <span class='ocrx_word' id='word_1_737' title='bbox 2952 3130 3283 3201; x_wconf 84' lang='grc' dir='ltr'>κατέστησεν</span> <span class='ocrx_word' id='word_1_738' title='bbox 3305 3129 3543 3199; x_wconf 77' lang='grc' dir='ltr'>ἄρχοντα</span> 
     </span>
    </p>
   </div>
   <div class='ocr_carea' id='block_1_97' title="bbox 1971 3215 3541 3293">
    <p class='ocr_par' dir='ltr' id='par_1_97' title="bbox 1971 3215 3541 3293">
     <span class='ocr_line' id='line_1_97' title="bbox 1971 3215 3541 3293; baseline -0.008 -13"><span class='ocrx_word' id='word_1_739' title='bbox 1971 3227 2084 3290; x_wconf 73' lang='grc' dir='ltr'>τοῖς</span> <span class='ocrx_word' id='word_1_740' title='bbox 2110 3224 2506 3293; x_wconf 81' lang='grc' dir='ltr'>ὑπολειφθεῖσιν</span> <span class='ocrx_word' id='word_1_741' title='bbox 2538 3223 2597 3276; x_wconf 80' lang='grc' dir='ltr'>ἐν</span> <span class='ocrx_word' id='word_1_742' title='bbox 2636 3222 2704 3291; x_wconf 71' lang='grc' dir='ltr'>τῇ</span> <span class='ocrx_word' id='word_1_743' title='bbox 2748 3219 2996 3291; x_wconf 78' lang='grc' dir='ltr'>Ἰουδαίᾳ.</span> <span class='ocrx_word' id='word_1_744' title='bbox 3029 3216 3378 3288; x_wconf 84' lang='grc' dir='ltr'>Συνήχθησαν</span> <span class='ocrx_word' id='word_1_745' title='bbox 3405 3215 3541 3286; x_wconf 81' lang='grc' dir='ltr'>πρὸς</span> 
     </span>
    </p>
   </div>
   <div class='ocr_carea' id='block_1_98' title="bbox 1972 3302 3536 3380">
    <p class='ocr_par' dir='ltr' id='par_1_98' title="bbox 1972 3302 3536 3380">
     <span class='ocr_line' id='line_1_98' title="bbox 1972 3302 3536 3380; baseline -0.006 -12"><span class='ocrx_word' id='word_1_746' title='bbox 1972 3311 2221 3368; x_wconf 84' lang='grc' dir='ltr'>Γοδολίαν</span> <span class='ocrx_word' id='word_1_747' title='bbox 2255 3312 2306 3365; x_wconf 86' lang='grc' dir='ltr'>οί</span> <span class='ocrx_word' id='word_1_748' title='bbox 2347 3307 2735 3380; x_wconf 90' lang='grc' dir='ltr'>διεσπαρμένοι</span> <span class='ocrx_word' id='word_1_749' title='bbox 2782 3308 2842 3359; x_wconf 84' lang='lat' dir='ltr'><em>6v</em></span> <span class='ocrx_word' id='word_1_750' title='bbox 2882 3308 2995 3371; x_wconf 90' lang='grc' dir='ltr'>τοῖς</span> <span class='ocrx_word' id='word_1_751' title='bbox 3030 3306 3222 3376; x_wconf 85' lang='grc' dir='ltr'>ἀγροῖς</span> <span class='ocrx_word' id='word_1_752' title='bbox 3273 3302 3536 3358; x_wconf 79' lang='grc' dir='ltr'>Ἰουδαῖοι.</span> 
     </span>
    </p>
   </div>
   <div class='ocr_carea' id='block_1_99' title="bbox 1983 3389 3538 3471">
    <p class='ocr_par' dir='ltr' id='par_1_99' title="bbox 1983 3389 3538 3471">
     <span class='ocr_line' id='line_1_99' title="bbox 1983 3389 3538 3471; baseline -0.008 -16"><span class='ocrx_word' id='word_1_753' title='bbox 1983 3398 2205 3471; x_wconf 80' lang='grc' dir='ltr'>Ἰσμαὴλ</span> <span class='ocrx_word' id='word_1_754' title='bbox 2232 3398 2446 3468; x_wconf 88' lang='grc' dir='ltr'>ἀναιρεῖ</span> <span class='ocrx_word' id='word_1_755' title='bbox 2459 3396 2552 3451; x_wconf 83' lang='grc' dir='ltr'>τὸν</span> <span class='ocrx_word' id='word_1_756' title='bbox 2579 3394 2846 3457; x_wconf 82' lang='grc' dir='ltr'>Γοδολίαν,</span> <span class='ocrx_word' id='word_1_757' title='bbox 2873 3394 2967 3447; x_wconf 80' lang='grc' dir='ltr'>καὶ</span> <span class='ocrx_word' id='word_1_758' title='bbox 2993 3389 3214 3462; x_wconf 83' lang='grc' dir='ltr'>ἐτέρους</span> <span class='ocrx_word' id='word_1_759' title='bbox 3230 3389 3404 3453; x_wconf 84' lang='grc' dir='ltr'>τινάς,</span> <span class='ocrx_word' id='word_1_760' title='bbox 3442 3390 3538 3444; x_wconf 78' lang='grc' dir='ltr'>καὶ</span> 
     </span>
    </p>
   </div>
   <div class='ocr_carea' id='block_1_100' title="bbox 1968 3477 3538 3551">
    <p class='ocr_par' dir='ltr' id='par_1_100' title="bbox 1968 3477 3538 3551">
     <span class='ocr_line' id='line_1_100' title="bbox 1968 3477 3538 3551; baseline -0.008 -10"><span class='ocrx_word' id='word_1_761' title='bbox 1968 3485 2146 3541; x_wconf 88' lang='grc' dir='ltr'>λαϐὼν</span> <span class='ocrx_word' id='word_1_762' title='bbox 2174 3485 2263 3540; x_wconf 81' lang='grc' dir='ltr'>τὸν</span> <span class='ocrx_word' id='word_1_763' title='bbox 2281 3483 2411 3539; x_wconf 80' lang='grc' dir='ltr'>λαὸν</span> <span class='ocrx_word' id='word_1_764' title='bbox 2436 3481 2531 3536; x_wconf 88' lang='grc' dir='ltr'>τοῦ</span> <span class='ocrx_word' id='word_1_765' title='bbox 2570 3480 2811 3535; x_wconf 89' lang='grc' dir='ltr'>Γοδολίου</span> <span class='ocrx_word' id='word_1_766' title='bbox 2831 3519 2845 3540; x_wconf 83' lang='lat'><strong><em>.</em></strong></span> <span class='ocrx_word' id='word_1_767' title='bbox 2878 3478 3145 3551; x_wconf 87' lang='grc' dir='ltr'>ἐπορεύθη</span> <span class='ocrx_word' id='word_1_768' title='bbox 3171 3478 3250 3540; x_wconf 82' lang='grc' dir='ltr'>είς</span> <span class='ocrx_word' id='word_1_769' title='bbox 3270 3477 3370 3546; x_wconf 80' lang='grc' dir='ltr'>τήν</span> <span class='ocrx_word' id='word_1_770' title='bbox 3406 3478 3538 3548; x_wconf 82' lang='grc' dir='ltr'>Ἀμ-</span> 
     </span>
    </p>
   </div>
   <div class='ocr_carea' id='block_1_101' title="bbox 1972 3562 3538 3647">
    <p class='ocr_par' dir='ltr' id='par_1_101' title="bbox 1972 3562 3538 3647">
     <span class='ocr_line' id='line_1_101' title="bbox 1972 3562 3538 3647; baseline -0.006 -19"><span class='ocrx_word' id='word_1_771' title='bbox 1972 3576 2193 3647; x_wconf 84' lang='grc' dir='ltr'>μωνῖτιν</span> <span class='ocrx_word' id='word_1_772' title='bbox 2215 3571 2399 3643; x_wconf 85' lang='grc' dir='ltr'>χῶραν</span> <span class='ocrx_word' id='word_1_773' title='bbox 2423 3570 2453 3623; x_wconf 93' lang='lat'>6</span> <span class='ocrx_word' id='word_1_774' title='bbox 2484 3568 2724 3640; x_wconf 88' lang='grc' dir='ltr'>Ἰσμαήλ.</span> <span class='ocrx_word' id='word_1_775' title='bbox 2759 3567 2847 3631; x_wconf 80' lang='grc' dir='ltr'>Ὠς</span> <span class='ocrx_word' id='word_1_776' title='bbox 2874 3566 2932 3620; x_wconf 88' lang='lat'>66</span> <span class='ocrx_word' id='word_1_777' title='bbox 2954 3562 3096 3618; x_wconf 79' lang='grc' dir='ltr'>εἶδεν</span> <span class='ocrx_word' id='word_1_778' title='bbox 3115 3564 3275 3618; x_wconf 81' lang='grc' dir='ltr'>αὑτὸν</span> <span class='ocrx_word' id='word_1_779' title='bbox 3297 3566 3326 3617; x_wconf 89' lang='lat'>6</span> <span class='ocrx_word' id='word_1_780' title='bbox 3357 3563 3538 3618; x_wconf 88' lang='grc' dir='ltr'>Ἰωάν-</span> 
     </span>
    </p>
   </div>
   <div class='ocr_carea' id='block_1_102' title="bbox 1968 3650 3537 3728">
    <p class='ocr_par' dir='ltr' id='par_1_102' title="bbox 1968 3650 3537 3728">
     <span class='ocr_line' id='line_1_102' title="bbox 1968 3650 3537 3728; baseline -0.008 -11"><span class='ocrx_word' id='word_1_781' title='bbox 1968 3678 2099 3726; x_wconf 89' lang='grc' dir='ltr'>ναν,</span> <span class='ocrx_word' id='word_1_782' title='bbox 2137 3654 2217 3723; x_wconf 88' lang='grc' dir='ltr'>εἷς</span> <span class='ocrx_word' id='word_1_783' title='bbox 2259 3675 2342 3722; x_wconf 91' lang='grc' dir='ltr'>τις</span> <span class='ocrx_word' id='word_1_784' title='bbox 2390 3656 2498 3710; x_wconf 85' lang='grc' dir='ltr'>τῶν</span> <span class='ocrx_word' id='word_1_785' title='bbox 2554 3656 2860 3728; x_wconf 79' lang='grc' dir='ltr'>ἀρχόντων.</span> <span class='ocrx_word' id='word_1_786' title='bbox 2888 3650 3148 3719; x_wconf 78' lang='grc' dir='ltr'>εὐνοϊκῶς</span> <span class='ocrx_word' id='word_1_787' title='bbox 3199 3651 3537 3724; x_wconf 85' lang='grc' dir='ltr'>διακείμενος</span> 
     </span>
    </p>
   </div>
   <div class='ocr_carea' id='block_1_103' title="bbox 1969 3742 3537 3819">
    <p class='ocr_par' dir='ltr' id='par_1_103' title="bbox 1969 3742 3537 3819">
     <span class='ocr_line' id='line_1_103' title="bbox 1969 3742 3537 3819; baseline -0.005 -17"><span class='ocrx_word' id='word_1_788' title='bbox 1969 3748 2106 3819; x_wconf 78' lang='grc' dir='ltr'>πρὸς</span> <span class='ocrx_word' id='word_1_789' title='bbox 2137 3747 2401 3808; x_wconf 83' lang='grc' dir='ltr'>Γοδολίαν.</span> <span class='ocrx_word' id='word_1_790' title='bbox 2432 3745 2601 3815; x_wconf 75' lang='grc' dir='ltr'>ἔφυγε</span> <span class='ocrx_word' id='word_1_791' title='bbox 2627 3746 2764 3815; x_wconf 87' lang='grc' dir='ltr'>μετά</span> <span class='ocrx_word' id='word_1_792' title='bbox 2800 3744 2907 3797; x_wconf 87' lang='grc' dir='ltr'>τῶν</span> <span class='ocrx_word' id='word_1_793' title='bbox 2934 3742 3076 3797; x_wconf 84' lang='grc' dir='ltr'>ὀκτὼ</span> <span class='ocrx_word' id='word_1_794' title='bbox 3115 3742 3290 3813; x_wconf 90' lang='grc' dir='ltr'>μόνων</span> <span class='ocrx_word' id='word_1_795' title='bbox 3328 3742 3537 3813; x_wconf 89' lang='grc' dir='ltr'>ἀνδρῶν</span> 
     </span>
    </p>
   </div>
   <div class='ocr_carea' id='block_1_104' title="bbox 1969 3832 3537 3908">
    <p class='ocr_par' dir='ltr' id='par_1_104' title="bbox 1969 3832 3537 3908">
     <span class='ocr_line' id='line_1_104' title="bbox 1969 3832 3537 3908; baseline -0.004 -17"><span class='ocrx_word' id='word_1_796' title='bbox 1969 3840 1999 3891; x_wconf 89' lang='lat'>6</span> <span class='ocrx_word' id='word_1_797' title='bbox 2041 3837 2264 3908; x_wconf 80' lang='grc' dir='ltr'>Ἰσμαὴλ</span> <span class='ocrx_word' id='word_1_798' title='bbox 2282 3877 2300 3901; x_wconf 92' lang='grc'>,</span> <span class='ocrx_word' id='word_1_799' title='bbox 2331 3837 2426 3889; x_wconf 74' lang='grc' dir='ltr'>καὶ</span> <span class='ocrx_word' id='word_1_800' title='bbox 2463 3834 2554 3888; x_wconf 86' lang='grc' dir='ltr'>τὸν</span> <span class='ocrx_word' id='word_1_801' title='bbox 2588 3834 2714 3887; x_wconf 78' lang='grc' dir='ltr'>λαὸν</span> <span class='ocrx_word' id='word_1_802' title='bbox 2757 3832 2948 3887; x_wconf 74' lang='grc' dir='ltr'>ἐλαϐεν</span> <span class='ocrx_word' id='word_1_803' title='bbox 2985 3834 3014 3886; x_wconf 92' lang='lat'>6</span> <span class='ocrx_word' id='word_1_804' title='bbox 3074 3832 3345 3885; x_wconf 80' lang='grc' dir='ltr'>Ἰωάνναν.</span> <span class='ocrx_word' id='word_1_805' title='bbox 3373 3832 3537 3887; x_wconf 80' lang='grc' dir='ltr'>Ὥστε</span> 
     </span>
    </p>
   </div>
   <div class='ocr_carea' id='block_1_105' title="bbox 1967 3918 3535 3996">
    <p class='ocr_par' dir='ltr' id='par_1_105' title="bbox 1967 3918 3535 3996">
     <span class='ocr_line' id='line_1_105' title="bbox 1967 3918 3535 3996; baseline -0.003 -18"><span class='ocrx_word' id='word_1_806' title='bbox 1967 3924 2224 3996; x_wconf 77' lang='grc' dir='ltr'>δεηθῆναι</span> <span class='ocrx_word' id='word_1_807' title='bbox 2249 3923 2345 3976; x_wconf 86' lang='grc' dir='ltr'>τοῦ</span> <span class='ocrx_word' id='word_1_808' title='bbox 2377 3922 2511 3976; x_wconf 87' lang='grc' dir='ltr'>Θεοῦ</span> <span class='ocrx_word' id='word_1_809' title='bbox 2540 3924 2671 3992; x_wconf 68' lang='grc' dir='ltr'>περὶ</span> <span class='ocrx_word' id='word_1_810' title='bbox 2705 3921 2883 3975; x_wconf 83' lang='grc' dir='ltr'>αὐτῶν</span> <span class='ocrx_word' id='word_1_811' title='bbox 2913 3918 3139 3989; x_wconf 74' lang='grc' dir='ltr'>δεηθεὶς,</span> <span class='ocrx_word' id='word_1_812' title='bbox 3174 3920 3269 3975; x_wconf 77' lang='grc' dir='ltr'>καὶ</span> <span class='ocrx_word' id='word_1_813' title='bbox 3297 3920 3535 3989; x_wconf 85' lang='grc' dir='ltr'>συμϐου-</span> 
     </span>
    </p>
   </div>
   <div class='ocr_carea' id='block_1_106' title="bbox 1967 4002 3538 4080">
    <p class='ocr_par' dir='ltr' id='par_1_106' title="bbox 1967 4002 3538 4080">
     <span class='ocr_line' id='line_1_106' title="bbox 1967 4002 3538 4080; baseline -0.003 -15"><span class='ocrx_word' id='word_1_814' title='bbox 1967 4012 2166 4075; x_wconf 89' lang='grc' dir='ltr'>λεύσας</span> <span class='ocrx_word' id='word_1_815' title='bbox 2202 4011 2386 4072; x_wconf 81' lang='grc' dir='ltr'>αὐτοῖς</span> <span class='ocrx_word' id='word_1_816' title='bbox 2435 4011 2510 4080; x_wconf 84' lang='grc' dir='ltr'>μὴ</span> <span class='ocrx_word' id='word_1_817' title='bbox 2551 4009 2810 4062; x_wconf 69' lang='grc' dir='ltr'>εἰσελθεῖν</span> <span class='ocrx_word' id='word_1_818' title='bbox 2856 4009 2934 4071; x_wconf 88' lang='grc' dir='ltr'>είς</span> <span class='ocrx_word' id='word_1_819' title='bbox 2968 4002 3538 4079; x_wconf 56' lang='grc' dir='ltr'>Αἰγυπτονίθάνατον</span> 
     </span>
    </p>
   </div>
   <div class='ocr_carea' id='block_1_107' title="bbox 1968 4092 3536 4170">
    <p class='ocr_par' dir='ltr' id='par_1_107' title="bbox 1968 4092 3536 4170">
     <span class='ocr_line' id='line_1_107' title="bbox 1968 4092 3536 4170; baseline -0.003 -17"><span class='ocrx_word' id='word_1_820' title='bbox 1968 4099 2078 4170; x_wconf 85' lang='grc' dir='ltr'>γὰρ</span> <span class='ocrx_word' id='word_1_821' title='bbox 2098 4097 2341 4152; x_wconf 84' lang='grc' dir='ltr'>ἀπειλεῖν</span> <span class='ocrx_word' id='word_1_822' title='bbox 2368 4097 2459 4151; x_wconf 82' lang='grc' dir='ltr'>τὸν</span> <span class='ocrx_word' id='word_1_823' title='bbox 2486 4095 2641 4161; x_wconf 81' lang='grc' dir='ltr'>Θεὸν,</span> <span class='ocrx_word' id='word_1_824' title='bbox 2687 4096 2735 4148; x_wconf 87' lang='grc' dir='ltr'>εί</span> <span class='ocrx_word' id='word_1_825' title='bbox 2787 4095 3164 4165; x_wconf 87' lang='grc' dir='ltr'>μετοικήσαιεν</span> <span class='ocrx_word' id='word_1_826' title='bbox 3202 4092 3231 4133; x_wconf 73' lang='grc' dir='ltr'>ἆ</span> <span class='ocrx_word' id='word_1_827' title='bbox 3251 4095 3410 4159; x_wconf 87' lang='grc' dir='ltr'>ἐκεῖ),</span> <span class='ocrx_word' id='word_1_828' title='bbox 3436 4096 3536 4148; x_wconf 84' lang='grc' dir='ltr'>οὐκ</span> 
     </span>
    </p>
   </div>
   <div class='ocr_carea' id='block_1_108' title="bbox 1968 4179 3535 4254">
    <p class='ocr_par' dir='ltr' id='par_1_108' title="bbox 1968 4179 3535 4254">
     <span class='ocr_line' id='line_1_108' title="bbox 1968 4179 3535 4254; baseline -0.004 -14"><span class='ocrx_word' id='word_1_829' title='bbox 1968 4187 2205 4241; x_wconf 73' lang='grc' dir='ltr'>ἔπεισεν.</span> <span class='ocrx_word' id='word_1_830' title='bbox 2252 4184 2406 4238; x_wconf 77' lang='grc' dir='ltr'>Ἐπεὶ</span> <span class='ocrx_word' id='word_1_831' title='bbox 2434 4183 2491 4237; x_wconf 86' lang='grc' dir='ltr'>δέ</span> <span class='ocrx_word' id='word_1_832' title='bbox 2514 4179 2678 4254; x_wconf 81' lang='grc' dir='ltr'>ἦλθον</span> <span class='ocrx_word' id='word_1_833' title='bbox 2722 4182 2826 4245; x_wconf 75' lang='grc' dir='ltr'>ἕως</span> <span class='ocrx_word' id='word_1_834' title='bbox 2871 4182 3110 4249; x_wconf 80' lang='grc' dir='ltr'>Τάφνας,</span> <span class='ocrx_word' id='word_1_835' title='bbox 3159 4181 3411 4250; x_wconf 89' lang='grc' dir='ltr'>παραινεῖ</span> <span class='ocrx_word' id='word_1_836' title='bbox 3437 4182 3535 4234; x_wconf 85' lang='grc' dir='ltr'>αὑ-</span> 
     </span>
    </p>
   </div>
   <div class='ocr_carea' id='block_1_109' title="bbox 1966 4267 3533 4343">
    <p class='ocr_par' dir='ltr' id='par_1_109' title="bbox 1966 4267 3533 4343">
     <span class='ocr_line' id='line_1_109' title="bbox 1966 4267 3533 4343; baseline -0.007 -14"><span class='ocrx_word' id='word_1_837' title='bbox 1966 4276 2079 4337; x_wconf 84' lang='grc' dir='ltr'>τοῖς</span> <span class='ocrx_word' id='word_1_838' title='bbox 2132 4272 2206 4343; x_wconf 85' lang='grc' dir='ltr'>μὴ</span> <span class='ocrx_word' id='word_1_839' title='bbox 2249 4271 2674 4341; x_wconf 84' lang='grc' dir='ltr'>εἰδωλολατρεῖν.</span> <span class='ocrx_word' id='word_1_840' title='bbox 2729 4268 2815 4331; x_wconf 84' lang='grc' dir='ltr'>Ὠς</span> <span class='ocrx_word' id='word_1_841' title='bbox 2858 4268 2915 4320; x_wconf 84' lang='grc' dir='ltr'>δὲ</span> <span class='ocrx_word' id='word_1_842' title='bbox 2947 4267 3251 4336; x_wconf 86' lang='grc' dir='ltr'>ἀντέλεγον,</span> <span class='ocrx_word' id='word_1_843' title='bbox 3294 4285 3533 4337; x_wconf 88' lang='grc' dir='ltr'>προαγο-</span> 
     </span>
    </p>
   </div>
   <div class='ocr_carea' id='block_1_110' title="bbox 1969 4348 3530 4433">
    <p class='ocr_par' dir='ltr' id='par_1_110' title="bbox 1969 4348 3530 4433">
     <span class='ocr_line' id='line_1_110' title="bbox 1969 4348 3530 4433; baseline -0.003 -19"><span class='ocrx_word' id='word_1_844' title='bbox 1969 4348 2116 4433; x_wconf 74' lang='grc' dir='ltr'>ρεύει</span> <span class='ocrx_word' id='word_1_845' title='bbox 2146 4360 2323 4423; x_wconf 81' lang='grc' dir='ltr'>αὐτοῖς</span> <span class='ocrx_word' id='word_1_846' title='bbox 2346 4356 2564 4426; x_wconf 72' lang='grc' dir='ltr'>ὃλεθρον</span> <span class='ocrx_word' id='word_1_847' title='bbox 2600 4355 2792 4427; x_wconf 86' lang='grc' dir='ltr'>μέγαν,</span> <span class='ocrx_word' id='word_1_848' title='bbox 2821 4357 2914 4408; x_wconf 76' lang='grc' dir='ltr'>καὶ</span> <span class='ocrx_word' id='word_1_849' title='bbox 2940 4355 3019 4427; x_wconf 83' lang='grc' dir='ltr'>τῷ</span> <span class='ocrx_word' id='word_1_850' title='bbox 3066 4354 3275 4425; x_wconf 87' lang='grc' dir='ltr'>βασιλεῖ</span> <span class='ocrx_word' id='word_1_851' title='bbox 3298 4354 3407 4408; x_wconf 90' lang='grc' dir='ltr'>τῶν</span> <span class='ocrx_word' id='word_1_852' title='bbox 3436 4357 3530 4409; x_wconf 73' lang='lat' dir='ltr'>Al-</span> 
     </span>
    </p>
   </div>
   <div class='ocr_carea' id='block_1_111' title="bbox 1966 4441 3534 4526">
    <p class='ocr_par' dir='ltr' id='par_1_111' title="bbox 1966 4441 3534 4526">
     <span class='ocr_line' id='line_1_111' title="bbox 1966 4441 3534 4526; baseline -0.003 -26"><span class='ocrx_word' id='word_1_853' title='bbox 1966 4446 2209 4516; x_wconf 85' lang='grc' dir='ltr'>γυπτίων</span> <span class='ocrx_word' id='word_1_854' title='bbox 2249 4445 2348 4516; x_wconf 86' lang='grc' dir='ltr'>τὴν</span> <span class='ocrx_word' id='word_1_855' title='bbox 2386 4444 2661 4498; x_wconf 84' lang='grc' dir='ltr'>ἀπώλειαν</span> <span class='ocrx_word' id='word_1_856' title='bbox 2684 4442 2960 4511; x_wconf 74' lang='grc' dir='ltr'>Αἰγύπτου</span> <span class='ocrx_word' id='word_1_857' title='bbox 2999 4441 3271 4526; x_wconf 80' lang='grc' dir='ltr'>προλέγει,</span> <span class='ocrx_word' id='word_1_858' title='bbox 3301 4442 3394 4496; x_wconf 77' lang='grc' dir='ltr'>καὶ</span> <span class='ocrx_word' id='word_1_859' title='bbox 3425 4443 3534 4496; x_wconf 88' lang='grc' dir='ltr'>τῶν</span> 
     </span>
    </p>
   </div>
   <div class='ocr_carea' id='block_1_112' title="bbox 1965 4529 3532 4604">
    <p class='ocr_par' dir='ltr' id='par_1_112' title="bbox 1965 4529 3532 4604">
     <span class='ocr_line' id='line_1_112' title="bbox 1965 4529 3532 4604; baseline -0.003 -16"><span class='ocrx_word' id='word_1_860' title='bbox 1965 4533 2295 4604; x_wconf 85' lang='grc' dir='ltr'>ἀλλοφύλων,</span> <span class='ocrx_word' id='word_1_861' title='bbox 2323 4532 2422 4604; x_wconf 82' lang='grc' dir='ltr'>τὴν</span> <span class='ocrx_word' id='word_1_862' title='bbox 2453 4530 2727 4585; x_wconf 84' lang='grc' dir='ltr'>ἀπώλειαν</span> <span class='ocrx_word' id='word_1_863' title='bbox 2750 4530 3050 4585; x_wconf 88' lang='grc' dir='ltr'>Μωαϐιτῶν</span> <span class='ocrx_word' id='word_1_864' title='bbox 3077 4529 3241 4599; x_wconf 87' lang='grc' dir='ltr'>λέγει,</span> <span class='ocrx_word' id='word_1_865' title='bbox 3267 4530 3362 4584; x_wconf 78' lang='grc' dir='ltr'>καὶ</span> <span class='ocrx_word' id='word_1_866' title='bbox 3402 4531 3532 4601; x_wconf 83' lang='grc' dir='ltr'>Ἀμ-</span> 
     </span>
    </p>
   </div>
   <div class='ocr_carea' id='block_1_113' title="bbox 1968 4616 3531 4693">
    <p class='ocr_par' dir='ltr' id='par_1_113' title="bbox 1968 4616 3531 4693">
     <span class='ocr_line' id='line_1_113' title="bbox 1968 4616 3531 4693; baseline -0.003 -18"><span class='ocrx_word' id='word_1_867' title='bbox 1968 4620 2206 4693; x_wconf 85' lang='grc' dir='ltr'>μανιτῶν</span> <span class='ocrx_word' id='word_1_868' title='bbox 2249 4622 2344 4675; x_wconf 79' lang='grc' dir='ltr'>καὶ</span> <span class='ocrx_word' id='word_1_869' title='bbox 2400 4618 2747 4691; x_wconf 83' lang='grc' dir='ltr'>Ἰδουμαίων,</span> <span class='ocrx_word' id='word_1_870' title='bbox 2774 4618 2875 4687; x_wconf 73' lang='grc' dir='ltr'>τὴν</span> <span class='ocrx_word' id='word_1_871' title='bbox 2918 4616 3192 4671; x_wconf 85' lang='grc' dir='ltr'>ἀπώλειαν</span> <span class='ocrx_word' id='word_1_872' title='bbox 3235 4618 3531 4686; x_wconf 80' lang='grc' dir='ltr'>Δαμασκοῦ</span> 
     </span>
    </p>
   </div>
   <div class='ocr_carea' id='block_1_114' title="bbox 1964 4703 3528 4779">
    <p class='ocr_par' dir='ltr' id='par_1_114' title="bbox 1964 4703 3528 4779">
     <span class='ocr_line' id='line_1_114' title="bbox 1964 4703 3528 4779; baseline -0.005 -16"><span class='ocrx_word' id='word_1_873' title='bbox 1964 4711 2058 4763; x_wconf 76' lang='grc' dir='ltr'>καὶ</span> <span class='ocrx_word' id='word_1_874' title='bbox 2098 4707 2269 4778; x_wconf 83' lang='grc' dir='ltr'>Ἐλάμ</span> <span class='ocrx_word' id='word_1_875' title='bbox 2319 4706 2592 4779; x_wconf 81' lang='grc' dir='ltr'>προλέγει,</span> <span class='ocrx_word' id='word_1_876' title='bbox 2620 4704 2713 4760; x_wconf 77' lang='grc' dir='ltr'>καὶ</span> <span class='ocrx_word' id='word_1_877' title='bbox 2738 4704 2839 4777; x_wconf 80' lang='grc' dir='ltr'>τήν</span> <span class='ocrx_word' id='word_1_878' title='bbox 2886 4703 3157 4758; x_wconf 83' lang='grc' dir='ltr'>ἀπώλειαν</span> <span class='ocrx_word' id='word_1_879' title='bbox 3191 4703 3528 4767; x_wconf 77' lang='grc' dir='ltr'>Βαϐυλῶνος,</span> 
     </span>
    </p>
   </div>
   <div class='ocr_carea' id='block_1_115' title="bbox 1965 4789 3531 4866">
    <p class='ocr_par' dir='ltr' id='par_1_115' title="bbox 1965 4789 3531 4866">
     <span class='ocr_line' id='line_1_115' title="bbox 1965 4789 3531 4866; baseline -0.004 -16"><span class='ocrx_word' id='word_1_880' title='bbox 1965 4796 2059 4850; x_wconf 75' lang='grc' dir='ltr'>καὶ</span> <span class='ocrx_word' id='word_1_881' title='bbox 2081 4795 2179 4866; x_wconf 83' lang='grc' dir='ltr'>τήν</span> <span class='ocrx_word' id='word_1_882' title='bbox 2204 4794 2387 4850; x_wconf 78' lang='grc' dir='ltr'>ἄνοδον</span> <span class='ocrx_word' id='word_1_883' title='bbox 2414 4793 2523 4847; x_wconf 87' lang='grc' dir='ltr'>τῶν</span> <span class='ocrx_word' id='word_1_884' title='bbox 2555 4790 2816 4846; x_wconf 86' lang='grc' dir='ltr'>Ἰουδαίων</span> <span class='ocrx_word' id='word_1_885' title='bbox 2851 4790 2949 4862; x_wconf 82' lang='grc' dir='ltr'>τὴν</span> <span class='ocrx_word' id='word_1_886' title='bbox 2982 4790 3212 4844; x_wconf 78' lang='grc' dir='ltr'>ἐκεῖθεν.</span> <span class='ocrx_word' id='word_1_887' title='bbox 3245 4789 3368 4853; x_wconf 88' lang='grc' dir='ltr'>Πῶς</span> <span class='ocrx_word' id='word_1_888' title='bbox 3389 4790 3531 4844; x_wconf 77' lang='grc' dir='ltr'>ἑάλω</span> 
     </span>
    </p>
   </div>
   <div class='ocr_carea' id='block_1_116' title="bbox 1973 4875 3531 4954">
    <p class='ocr_par' dir='ltr' id='par_1_116' title="bbox 1973 4875 3531 4954">
     <span class='ocr_line' id='line_1_116' title="bbox 1973 4875 3531 4954; baseline -0.004 -18"><span class='ocrx_word' id='word_1_889' title='bbox 1973 4881 2330 4954; x_wconf 85' lang='grc' dir='ltr'>Ἰερουσαλὴμ</span> <span class='ocrx_word' id='word_1_890' title='bbox 2374 4882 2667 4953; x_wconf 90' lang='grc' dir='ltr'>προλέγει,</span> <span class='ocrx_word' id='word_1_891' title='bbox 2712 4879 2808 4933; x_wconf 72' lang='grc' dir='ltr'>καὶ</span> <span class='ocrx_word' id='word_1_892' title='bbox 2851 4877 2960 4930; x_wconf 76' lang='grc' dir='ltr'>ἀπὸ</span> <span class='ocrx_word' id='word_1_893' title='bbox 2993 4875 3214 4946; x_wconf 89' lang='grc' dir='ltr'>ἀτιμίας</span> <span class='ocrx_word' id='word_1_894' title='bbox 3245 4877 3326 4939; x_wconf 88' lang='grc' dir='ltr'>είς</span> <span class='ocrx_word' id='word_1_895' title='bbox 3364 4876 3531 4947; x_wconf 85' lang='grc' dir='ltr'>τιμὴν</span> 
     </span>
    </p>
   </div>
   <div class='ocr_carea' id='block_1_117' title="bbox 1962 4962 3531 5040">
    <p class='ocr_par' dir='ltr' id='par_1_117' title="bbox 1962 4962 3531 5040">
     <span class='ocr_line' id='line_1_117' title="bbox 1962 4962 3531 5040; baseline -0.002 -19"><span class='ocrx_word' id='word_1_896' title='bbox 1962 4965 2091 5040; x_wconf 82' lang='grc' dir='ltr'>ἦλθε</span> <span class='ocrx_word' id='word_1_897' title='bbox 2125 4970 2399 5040; x_wconf 76' lang='grc' dir='ltr'>Ἰωακεὶμ,</span> <span class='ocrx_word' id='word_1_898' title='bbox 2434 4969 2463 5021; x_wconf 92' lang='lat'>6</span> <span class='ocrx_word' id='word_1_899' title='bbox 2493 4966 2634 5022; x_wconf 76' lang='grc' dir='ltr'>ἑκὼν</span> <span class='ocrx_word' id='word_1_900' title='bbox 2659 4964 3055 5037; x_wconf 83' lang='grc' dir='ltr'>προσχωρήσας</span> <span class='ocrx_word' id='word_1_901' title='bbox 3089 4962 3169 5034; x_wconf 82' lang='grc' dir='ltr'>τῷ</span> <span class='ocrx_word' id='word_1_902' title='bbox 3190 4963 3531 5035; x_wconf 85' lang='grc' dir='ltr'>Ναϐουχοδο-</span> 
     </span>
    </p>
   </div>
   <div class='ocr_carea' id='block_1_118' title="bbox 1963 5051 2922 5129">
    <p class='ocr_par' dir='ltr' id='par_1_118' title="bbox 1963 5051 2922 5129">
     <span class='ocr_line' id='line_1_118' title="bbox 1963 5051 2922 5129; baseline -0.008 -17"><span class='ocrx_word' id='word_1_903' title='bbox 1963 5058 2122 5129; x_wconf 87' lang='grc' dir='ltr'>νόσορ</span> <span class='ocrx_word' id='word_1_904' title='bbox 2168 5057 2307 5128; x_wconf 85' lang='grc' dir='ltr'>μετὰ</span> <span class='ocrx_word' id='word_1_905' title='bbox 2340 5058 2438 5127; x_wconf 82' lang='grc' dir='ltr'>τῆς</span> <span class='ocrx_word' id='word_1_906' title='bbox 2492 5055 2696 5125; x_wconf 84' lang='grc' dir='ltr'>μητρὸς</span> <span class='ocrx_word' id='word_1_907' title='bbox 2738 5051 2922 5106; x_wconf 83' lang='grc' dir='ltr'>αὑτοῦ.</span> 
     </span>
    </p>
   </div>
   <div class='ocr_carea' id='block_1_119' title="bbox 1964 5166 3526 5240">
    <p class='ocr_par' dir='ltr' id='par_1_119' title="bbox 1964 5166 3526 5240">
     <span class='ocr_line' id='line_1_119' title="bbox 1964 5166 3526 5240; baseline -0.001 -14"><span class='ocrx_word' id='word_1_908' title='bbox 1964 5173 2229 5240; x_wconf 78' lang='grc' dir='ltr'>Σύνοψις</span> <span class='ocrx_word' id='word_1_909' title='bbox 2264 5169 2382 5224; x_wconf 79' lang='grc' dir='ltr'>τῶν</span> <span class='ocrx_word' id='word_1_910' title='bbox 2414 5168 2493 5234; x_wconf 87' lang='grc' dir='ltr'>τῷ</span> <span class='ocrx_word' id='word_1_911' title='bbox 2532 5166 2811 5238; x_wconf 72' lang='grc' dir='ltr'>προφήτῃ</span> <span class='ocrx_word' id='word_1_912' title='bbox 2864 5166 3142 5237; x_wconf 64' lang='grc' dir='ltr'>Ἰεζὶνκιὴλ</span> <span class='ocrx_word' id='word_1_913' title='bbox 3182 5168 3526 5240; x_wconf 75' lang='grc' dir='ltr'>εἰρημένων.</span> 
     </span>
    </p>
   </div>
   <div class='ocr_carea' id='block_1_120' title="bbox 2045 5271 3528 5346">
    <p class='ocr_par' dir='ltr' id='par_1_120' title="bbox 2045 5271 3528 5346">
     <span class='ocr_line' id='line_1_120' title="bbox 2045 5271 3528 5346; baseline -0.002 -18"><span class='ocrx_word' id='word_1_914' title='bbox 2045 5276 2176 5346; x_wconf 81' lang='grc' dir='ltr'>Ὁρᾷ</span> <span class='ocrx_word' id='word_1_915' title='bbox 2206 5273 2304 5345; x_wconf 81' lang='grc' dir='ltr'>τὴν</span> <span class='ocrx_word' id='word_1_916' title='bbox 2329 5272 2590 5326; x_wconf 85' lang='grc' dir='ltr'>ὀπτασίαν</span> <span class='ocrx_word' id='word_1_917' title='bbox 2616 5272 2724 5327; x_wconf 89' lang='grc' dir='ltr'>τῶν</span> <span class='ocrx_word' id='word_1_918' title='bbox 2747 5271 3027 5344; x_wconf 78' lang='grc' dir='ltr'>Χερουϐὶμ</span> <span class='ocrx_word' id='word_1_919' title='bbox 3052 5274 3080 5327; x_wconf 91' lang='lat'>6</span> <span class='ocrx_word' id='word_1_920' title='bbox 3108 5275 3409 5345; x_wconf 75' lang='grc' dir='ltr'>προφήτης,</span> <span class='ocrx_word' id='word_1_921' title='bbox 3435 5273 3528 5328; x_wconf 77' lang='grc' dir='ltr'>καὶ</span> 
     </span>
    </p>
   </div>
   <div class='ocr_carea' id='block_1_121' title="bbox 1965 5354 3523 5434">
    <p class='ocr_par' dir='ltr' id='par_1_121' title="bbox 1965 5354 3523 5434">
     <span class='ocr_line' id='line_1_121' title="bbox 1965 5354 3523 5434; baseline -0.001 -20"><span class='ocrx_word' id='word_1_922' title='bbox 1965 5361 2241 5415; x_wconf 88' lang='grc' dir='ltr'>κελεύεται</span> <span class='ocrx_word' id='word_1_923' title='bbox 2278 5358 2505 5430; x_wconf 82' lang='grc' dir='ltr'>λαλῆσαι</span> <span class='ocrx_word' id='word_1_924' title='bbox 2538 5362 2647 5424; x_wconf 81' lang='grc' dir='ltr'>τοῖς</span> <span class='ocrx_word' id='word_1_925' title='bbox 2682 5359 3037 5433; x_wconf 86' lang='grc' dir='ltr'>Ἰσραηλίταις</span> <span class='ocrx_word' id='word_1_926' title='bbox 3074 5362 3224 5434; x_wconf 88' lang='grc' dir='ltr'>παρά</span> <span class='ocrx_word' id='word_1_927' title='bbox 3243 5361 3337 5414; x_wconf 86' lang='grc' dir='ltr'>τοῦ</span> <span class='ocrx_word' id='word_1_928' title='bbox 3364 5354 3523 5413; x_wconf 87' lang='grc' dir='ltr'>Θεοῦ.</span> 
     </span>
    </p>
   </div>
   <div class='ocr_carea' id='block_1_122' title="bbox 2002 5511 3524 5625">
    <p class='ocr_par' dir='ltr' id='par_1_122' title="bbox 2002 5511 3524 5625">
     <span class='ocr_line' id='line_1_122' title="bbox 2002 5511 3524 5625; baseline -0.022 -33"><span class='ocrx_word' id='word_1_929' title='bbox 2002 5513 2474 5625; x_wconf 53' lang='grc' dir='ltr'>ίιξξθξίξοῖξῖίεῦεις,</span> <span class='ocrx_word' id='word_1_930' title='bbox 2508 5528 2785 5579; x_wconf 81' lang='lat' dir='ltr'>quanquam</span> <span class='ocrx_word' id='word_1_931' title='bbox 2817 5517 3023 5568; x_wconf 78' lang='grc' dir='ltr'>κελεύειν</span> <span class='ocrx_word' id='word_1_932' title='bbox 3046 5517 3162 5568; x_wconf 77' lang='lat' dir='ltr'><strong>ferri</strong></span> <span class='ocrx_word' id='word_1_933' title='bbox 3184 5520 3348 5578; x_wconf 69' lang='lat' dir='ltr'>potest</span> <span class='ocrx_word' id='word_1_934' title='bbox 3369 5515 3422 5562; x_wconf 78' lang='lat' dir='ltr'>et</span> <span class='ocrx_word' id='word_1_935' title='bbox 3447 5511 3524 5560; x_wconf 72' lang='lat' dir='ltr'>Ie-</span> 
     </span>
    </p>
   </div>
   <div class='ocr_carea' id='block_1_123' title="bbox 1964 5587 2581 5696">
    <p class='ocr_par' dir='ltr' id='par_1_123' title="bbox 1964 5587 2581 5696">
     <span class='ocr_line' id='line_1_123' title="bbox 1964 5587 2341 5638; baseline -0.003 -14"><span class='ocrx_word' id='word_1_936' title='bbox 1964 5587 2095 5638; x_wconf 80' lang='lat' dir='ltr'>guur</span> <span class='ocrx_word' id='word_1_937' title='bbox 2115 5587 2162 5624; x_wconf 82' lang='lat' dir='ltr'>In</span> <span class='ocrx_word' id='word_1_938' title='bbox 2195 5587 2341 5625; x_wconf 77' lang='lat' dir='ltr'>LoxSI.</span> 
     </span>
     <span class='ocr_line' id='line_1_124' title="bbox 2025 5635 2581 5696; baseline -0.004 -8"><span class='ocrx_word' id='word_1_939' title='bbox 2025 5635 2050 5675; x_wconf 74' lang='grc' dir='ltr'>ἀ</span> <span class='ocrx_word' id='word_1_940' title='bbox 2074 5638 2216 5688; x_wconf 76' lang='lat' dir='ltr'>Coisl.</span> <span class='ocrx_word' id='word_1_941' title='bbox 2245 5638 2581 5696; x_wconf 83' lang='grc' dir='ltr'>μετοικήσειεν.</span> 
     </span>
    </p>
   </div>
  </div>
