  <div class='ocr_page' id='page_1' title='image "/cluster/home/n/w/nwhite01/storage/ocr_20150623/56/hvd.32044048208490/377.png"; bbox 0 0 4090 6216; ppageno 0'>
   <div class='ocr_carea' id='block_1_1' title="bbox 588 273 690 330">
    <p class='ocr_par' dir='ltr' id='par_1_1' title="bbox 588 273 690 330">
     <span class='ocr_line' id='line_1_1' title="bbox 588 273 690 330; baseline 0.01 -1"><span class='ocrx_word' id='word_1_1' title='bbox 588 273 690 330; x_wconf 70' lang='grc'>381</span> 
     </span>
    </p>
   </div>
   <div class='ocr_carea' id='block_1_2' title="bbox 586 387 2149 461">
    <p class='ocr_par' dir='ltr' id='par_1_2' title="bbox 586 387 2149 461">
     <span class='ocr_line' id='line_1_2' title="bbox 586 387 2149 461; baseline -0.005 -16"><span class='ocrx_word' id='word_1_2' title='bbox 586 391 813 461; x_wconf 59' lang='grc' dir='ltr'>φέρεται</span> <span class='ocrx_word' id='word_1_3' title='bbox 862 388 967 441; x_wconf 83' lang='grc' dir='ltr'>ὑπὸ</span> <span class='ocrx_word' id='word_1_4' title='bbox 1011 390 1102 441; x_wconf 85' lang='grc' dir='ltr'>τοῦ</span> <span class='ocrx_word' id='word_1_5' title='bbox 1143 389 1455 459; x_wconf 82' lang='grc' dir='ltr'>Πνεύματος</span> <span class='ocrx_word' id='word_1_6' title='bbox 1496 393 1575 455; x_wconf 87' lang='grc' dir='ltr'>εἰς</span> <span class='ocrx_word' id='word_1_7' title='bbox 1616 390 1714 461; x_wconf 79' lang='grc' dir='ltr'>τὴν</span> <span class='ocrx_word' id='word_1_8' title='bbox 1754 387 2149 458; x_wconf 66' lang='grc' dir='ltr'>αἰχμαλωσίαν,</span> 
     </span>
    </p>
   </div>
   <div class='ocr_carea' id='block_1_3' title="bbox 588 476 2154 547">
    <p class='ocr_par' dir='ltr' id='par_1_3' title="bbox 588 476 2154 547">
     <span class='ocr_line' id='line_1_3' title="bbox 588 476 2154 547; baseline -0.004 -14"><span class='ocrx_word' id='word_1_9' title='bbox 588 477 686 533; x_wconf 76' lang='grc' dir='ltr'>καὶ</span> <span class='ocrx_word' id='word_1_10' title='bbox 710 476 1054 546; x_wconf 79' lang='grc' dir='ltr'>παρορμᾶται</span> <span class='ocrx_word' id='word_1_11' title='bbox 1085 476 1190 529; x_wconf 83' lang='grc' dir='ltr'>ὑπὸ</span> <span class='ocrx_word' id='word_1_12' title='bbox 1213 476 1307 529; x_wconf 90' lang='grc' dir='ltr'>τοῦ</span> <span class='ocrx_word' id='word_1_13' title='bbox 1340 477 1475 529; x_wconf 84' lang='grc' dir='ltr'>Θεοῦ</span> <span class='ocrx_word' id='word_1_14' title='bbox 1505 478 1640 547; x_wconf 80' lang='grc' dir='ltr'>πρὸς</span> <span class='ocrx_word' id='word_1_15' title='bbox 1669 476 1729 529; x_wconf 89' lang='grc' dir='ltr'>τὸ</span> <span class='ocrx_word' id='word_1_16' title='bbox 1764 478 1902 545; x_wconf 75' lang='grc' dir='ltr'>μετὰ</span> <span class='ocrx_word' id='word_1_17' title='bbox 1939 477 2154 545; x_wconf 74' lang='grc' dir='ltr'>παρρη-</span> 
     </span>
    </p>
   </div>
   <div class='ocr_carea' id='block_1_4' title="bbox 590 561 2157 634">
    <p class='ocr_par' dir='ltr' id='par_1_4' title="bbox 590 561 2157 634">
     <span class='ocr_line' id='line_1_4' title="bbox 590 561 2157 634; baseline -0.002 -19"><span class='ocrx_word' id='word_1_18' title='bbox 590 565 712 625; x_wconf 89' lang='grc' dir='ltr'>σίας</span> <span class='ocrx_word' id='word_1_19' title='bbox 731 564 823 616; x_wconf 76' lang='grc' dir='ltr'>καὶ</span> <span class='ocrx_word' id='word_1_20' title='bbox 855 562 1063 625; x_wconf 84' lang='grc' dir='ltr'>ἀόκνως</span> <span class='ocrx_word' id='word_1_21' title='bbox 1088 565 1203 627; x_wconf 86' lang='grc' dir='ltr'>τοῖς</span> <span class='ocrx_word' id='word_1_22' title='bbox 1226 581 1286 615; x_wconf 92' lang='grc' dir='ltr'>τε</span> <span class='ocrx_word' id='word_1_23' title='bbox 1320 564 1540 634; x_wconf 78' lang='grc' dir='ltr'>ἀνόμοις</span> <span class='ocrx_word' id='word_1_24' title='bbox 1560 564 1650 618; x_wconf 79' lang='grc' dir='ltr'>καὶ</span> <span class='ocrx_word' id='word_1_25' title='bbox 1674 566 1783 625; x_wconf 81' lang='grc' dir='ltr'>τοῖς</span> <span class='ocrx_word' id='word_1_26' title='bbox 1804 562 2031 623; x_wconf 84' lang='grc' dir='ltr'>δικαίοις</span> <span class='ocrx_word' id='word_1_27' title='bbox 2057 561 2157 631; x_wconf 89' lang='grc' dir='ltr'>τὴν</span> 
     </span>
    </p>
   </div>
   <div class='ocr_carea' id='block_1_5' title="bbox 586 646 2154 719">
    <p class='ocr_par' dir='ltr' id='par_1_5' title="bbox 586 646 2154 719">
     <span class='ocr_line' id='line_1_5' title="bbox 586 646 2154 719; baseline -0.002 -17"><span class='ocrx_word' id='word_1_28' title='bbox 586 650 668 713; x_wconf 86' lang='grc' dir='ltr'>εἰς</span> <span class='ocrx_word' id='word_1_29' title='bbox 698 648 797 719; x_wconf 88' lang='grc' dir='ltr'>τὴν</span> <span class='ocrx_word' id='word_1_30' title='bbox 816 647 961 719; x_wconf 80' lang='grc' dir='ltr'>ζωὴν</span> <span class='ocrx_word' id='word_1_31' title='bbox 988 648 1259 719; x_wconf 77' lang='grc' dir='ltr'>φέρουσαν</span> <span class='ocrx_word' id='word_1_32' title='bbox 1284 649 1640 717; x_wconf 88' lang='grc' dir='ltr'>διαγγέλλειν,</span> <span class='ocrx_word' id='word_1_33' title='bbox 1664 650 1758 703; x_wconf 81' lang='grc' dir='ltr'>καὶ</span> <span class='ocrx_word' id='word_1_34' title='bbox 1777 648 1875 712; x_wconf 82' lang='grc' dir='ltr'>τάς</span> <span class='ocrx_word' id='word_1_35' title='bbox 1899 648 1993 700; x_wconf 89' lang='grc' dir='ltr'>τοῦ</span> <span class='ocrx_word' id='word_1_36' title='bbox 2019 646 2154 700; x_wconf 89' lang='grc' dir='ltr'>Θεοῦ</span> 
     </span>
    </p>
   </div>
   <div class='ocr_carea' id='block_1_6' title="bbox 587 733 2157 805">
    <p class='ocr_par' dir='ltr' id='par_1_6' title="bbox 587 733 2157 805">
     <span class='ocr_line' id='line_1_6' title="bbox 587 733 2157 805; baseline -0.001 -17"><span class='ocrx_word' id='word_1_37' title='bbox 587 733 921 805; x_wconf 78' lang='grc' dir='ltr'>προμηνύειν</span> <span class='ocrx_word' id='word_1_38' title='bbox 943 733 1179 799; x_wconf 86' lang='grc' dir='ltr'>ἐντολάς.</span> <span class='ocrx_word' id='word_1_39' title='bbox 1210 734 1502 789; x_wconf 82' lang='grc' dir='ltr'>Κελεύεται</span> <span class='ocrx_word' id='word_1_40' title='bbox 1524 736 1800 804; x_wconf 77' lang='grc' dir='ltr'>ἐγκλεῖσαι</span> <span class='ocrx_word' id='word_1_41' title='bbox 1831 734 2042 795; x_wconf 85' lang='grc' dir='ltr'>ἐαυτὸν,</span> <span class='ocrx_word' id='word_1_42' title='bbox 2062 734 2157 787; x_wconf 78' lang='grc' dir='ltr'>καὶ</span> 
     </span>
    </p>
   </div>
   <div class='ocr_carea' id='block_1_7' title="bbox 524 820 2156 893">
    <p class='ocr_par' dir='ltr' id='par_1_7' title="bbox 524 820 2156 893">
     <span class='ocr_line' id='line_1_7' title="bbox 524 820 2156 893; baseline -0.001 -20"><span class='ocrx_word' id='word_1_43' title='bbox 524 854 530 865; x_wconf 77' lang='grc' dir='ltr'>ι</span> <span class='ocrx_word' id='word_1_44' title='bbox 582 821 685 891; x_wconf 83' lang='grc' dir='ltr'>τῆς</span> <span class='ocrx_word' id='word_1_45' title='bbox 716 820 1072 891; x_wconf 85' lang='grc' dir='ltr'>Ἰερουσαλὴμ</span> <span class='ocrx_word' id='word_1_46' title='bbox 1099 821 1409 892; x_wconf 80' lang='grc' dir='ltr'>πολιορκίαν</span> <span class='ocrx_word' id='word_1_47' title='bbox 1432 821 1775 893; x_wconf 79' lang='grc' dir='ltr'>προμηνῦσαι</span> <span class='ocrx_word' id='word_1_48' title='bbox 1800 821 1888 875; x_wconf 88' lang='grc' dir='ltr'>διά</span> <span class='ocrx_word' id='word_1_49' title='bbox 1909 820 2004 873; x_wconf 89' lang='grc' dir='ltr'>τοῦ</span> <span class='ocrx_word' id='word_1_50' title='bbox 2025 821 2156 873; x_wconf 85' lang='grc' dir='ltr'>ὐπο-</span> 
     </span>
    </p>
   </div>
   <div class='ocr_carea' id='block_1_8' title="bbox 582 906 2153 980">
    <p class='ocr_par' dir='ltr' id='par_1_8' title="bbox 582 906 2153 980">
     <span class='ocr_line' id='line_1_8' title="bbox 582 906 2153 980; baseline -0.001 -19"><span class='ocrx_word' id='word_1_51' title='bbox 582 908 876 977; x_wconf 82' lang='grc' dir='ltr'>δείγματος</span> <span class='ocrx_word' id='word_1_52' title='bbox 904 908 1005 977; x_wconf 83' lang='grc' dir='ltr'>τῆς</span> <span class='ocrx_word' id='word_1_53' title='bbox 1037 906 1255 961; x_wconf 80' lang='grc' dir='ltr'>πλίνθου</span> <span class='ocrx_word' id='word_1_54' title='bbox 1296 910 1390 963; x_wconf 68' lang='grc' dir='ltr'>καί⁵</span> <span class='ocrx_word' id='word_1_55' title='bbox 1429 909 1522 962; x_wconf 90' lang='grc' dir='ltr'>τοῦ</span> <span class='ocrx_word' id='word_1_56' title='bbox 1560 910 1818 980; x_wconf 86' lang='grc' dir='ltr'>τηγάνου.</span> <span class='ocrx_word' id='word_1_57' title='bbox 1859 908 2153 961; x_wconf 79' lang='grc' dir='ltr'>Κελεύεται</span> 
     </span>
    </p>
   </div>
   <div class='ocr_carea' id='block_1_9' title="bbox 583 993 2150 1066">
    <p class='ocr_par' dir='ltr' id='par_1_9' title="bbox 583 993 2150 1066">
     <span class='ocr_line' id='line_1_9' title="bbox 583 993 2150 1066; baseline -0.001 -19"><span class='ocrx_word' id='word_1_58' title='bbox 583 994 639 1048; x_wconf 83' lang='grc' dir='ltr'>δέ</span> <span class='ocrx_word' id='word_1_59' title='bbox 673 994 767 1049; x_wconf 76' lang='grc' dir='ltr'>καὶ</span> <span class='ocrx_word' id='word_1_60' title='bbox 796 996 888 1047; x_wconf 81' lang='grc' dir='ltr'>ἐπὶ</span> <span class='ocrx_word' id='word_1_61' title='bbox 922 993 982 1048; x_wconf 83' lang='grc' dir='ltr'>ἐν</span> <span class='ocrx_word' id='word_1_62' title='bbox 1018 994 1250 1065; x_wconf 79' lang='grc' dir='ltr'>πλευρὸν</span> <span class='ocrx_word' id='word_1_63' title='bbox 1291 995 1618 1066; x_wconf 82' lang='grc' dir='ltr'>κοιμηθῆναι</span> <span class='ocrx_word' id='word_1_64' title='bbox 1644 996 1866 1066; x_wconf 84' lang='grc' dir='ltr'>ἡμερῶν</span> <span class='ocrx_word' id='word_1_65' title='bbox 1898 993 2150 1065; x_wconf 88' lang='grc' dir='ltr'>ἀριθμὸν,</span> 
     </span>
    </p>
   </div>
   <div class='ocr_carea' id='block_1_10' title="bbox 583 1080 2152 1153">
    <p class='ocr_par' dir='ltr' id='par_1_10' title="bbox 583 1080 2152 1153">
     <span class='ocr_line' id='line_1_10' title="bbox 583 1080 2152 1153; baseline 0.001 -20"><span class='ocrx_word' id='word_1_66' title='bbox 583 1082 832 1153; x_wconf 73' lang='grc' dir='ltr'>φανερῶν</span> <span class='ocrx_word' id='word_1_67' title='bbox 878 1083 976 1153; x_wconf 74' lang='grc' dir='ltr'>τὴν</span> <span class='ocrx_word' id='word_1_68' title='bbox 1028 1084 1087 1134; x_wconf 89' lang='grc' dir='ltr'>ἐν</span> <span class='ocrx_word' id='word_1_69' title='bbox 1122 1083 1189 1151; x_wconf 78' lang='grc' dir='ltr'>τῇ</span> <span class='ocrx_word' id='word_1_70' title='bbox 1236 1082 1577 1152; x_wconf 72' lang='grc' dir='ltr'>αἰχμαλωσίᾳ</span> <span class='ocrx_word' id='word_1_71' title='bbox 1619 1084 1881 1151; x_wconf 79' lang='grc' dir='ltr'>ἐσομένην</span> <span class='ocrx_word' id='word_1_72' title='bbox 1923 1080 2001 1150; x_wconf 82' lang='grc' dir='ltr'>τῷ</span> <span class='ocrx_word' id='word_1_73' title='bbox 2038 1080 2152 1150; x_wconf 87' lang='grc' dir='ltr'>λαῷ</span> 
     </span>
    </p>
   </div>
   <div class='ocr_carea' id='block_1_11' title="bbox 584 1168 2152 1240">
    <p class='ocr_par' dir='ltr' id='par_1_11' title="bbox 584 1168 2152 1240">
     <span class='ocr_line' id='line_1_11' title="bbox 584 1168 2152 1240; baseline -0.001 -18"><span class='ocrx_word' id='word_1_74' title='bbox 584 1168 783 1235; x_wconf 83' lang='grc' dir='ltr'>θλίψιν.</span> <span class='ocrx_word' id='word_1_75' title='bbox 826 1169 1087 1240; x_wconf 84' lang='grc' dir='ltr'>ΙΙρολέγει</span> <span class='ocrx_word' id='word_1_76' title='bbox 1129 1168 1217 1222; x_wconf 82' lang='grc' dir='ltr'>διά</span> <span class='ocrx_word' id='word_1_77' title='bbox 1266 1169 1373 1222; x_wconf 92' lang='grc' dir='ltr'>τῶν</span> <span class='ocrx_word' id='word_1_78' title='bbox 1404 1169 1612 1239; x_wconf 82' lang='grc' dir='ltr'>ἀρτων,</span> <span class='ocrx_word' id='word_1_79' title='bbox 1642 1169 1736 1231; x_wconf 83' lang='grc' dir='ltr'>οὓς</span> <span class='ocrx_word' id='word_1_80' title='bbox 1768 1169 1859 1221; x_wconf 77' lang='grc' dir='ltr'>ἐπὶ</span> <span class='ocrx_word' id='word_1_81' title='bbox 1895 1169 2152 1238; x_wconf 81' lang='grc' dir='ltr'>βολϐίτων</span> 
     </span>
    </p>
   </div>
   <div class='ocr_carea' id='block_1_12' title="bbox 584 1254 2151 1325">
    <p class='ocr_par' dir='ltr' id='par_1_12' title="bbox 584 1254 2151 1325">
     <span class='ocr_line' id='line_1_12' title="bbox 584 1254 2151 1325; baseline 0 -19"><span class='ocrx_word' id='word_1_82' title='bbox 584 1256 744 1322; x_wconf 79' lang='grc' dir='ltr'>ποιεί,</span> <span class='ocrx_word' id='word_1_83' title='bbox 777 1255 870 1307; x_wconf 88' lang='grc' dir='ltr'>καί</span> <span class='ocrx_word' id='word_1_84' title='bbox 903 1254 991 1307; x_wconf 83' lang='grc' dir='ltr'>διά</span> <span class='ocrx_word' id='word_1_85' title='bbox 1027 1254 1120 1307; x_wconf 89' lang='grc' dir='ltr'>τοῦ</span> <span class='ocrx_word' id='word_1_86' title='bbox 1164 1254 1430 1323; x_wconf 80' lang='grc' dir='ltr'>μερισμοῦ</span> <span class='ocrx_word' id='word_1_87' title='bbox 1460 1254 1566 1307; x_wconf 88' lang='grc' dir='ltr'>τῶν</span> <span class='ocrx_word' id='word_1_88' title='bbox 1593 1255 1792 1325; x_wconf 82' lang='grc' dir='ltr'>τριχῶν</span> <span class='ocrx_word' id='word_1_89' title='bbox 1816 1254 1905 1306; x_wconf 90' lang='grc' dir='ltr'>τὸν</span> <span class='ocrx_word' id='word_1_90' title='bbox 1924 1255 2151 1307; x_wconf 88' lang='grc' dir='ltr'>θάνατον</span> 
     </span>
    </p>
   </div>
   <div class='ocr_carea' id='block_1_13' title="bbox 583 1339 2149 1411">
    <p class='ocr_par' dir='ltr' id='par_1_13' title="bbox 583 1339 2149 1411">
     <span class='ocr_line' id='line_1_13' title="bbox 583 1339 2149 1411; baseline 0.001 -20"><span class='ocrx_word' id='word_1_91' title='bbox 583 1340 764 1394; x_wconf 75' lang='grc' dir='ltr'>αὐτῶν</span> <span class='ocrx_word' id='word_1_92' title='bbox 783 1341 875 1393; x_wconf 73' lang='grc' dir='ltr'>καὶ</span> <span class='ocrx_word' id='word_1_93' title='bbox 896 1339 991 1409; x_wconf 89' lang='grc' dir='ltr'>τὴν</span> <span class='ocrx_word' id='word_1_94' title='bbox 1022 1340 1321 1410; x_wconf 74' lang='grc' dir='ltr'>διασπορὰν</span> <span class='ocrx_word' id='word_1_95' title='bbox 1337 1356 1352 1369; x_wconf 78' lang='lat'><strong><em>°</em></strong></span> <span class='ocrx_word' id='word_1_96' title='bbox 1377 1342 1470 1393; x_wconf 72' lang='grc' dir='ltr'>καὶ</span> <span class='ocrx_word' id='word_1_97' title='bbox 1497 1340 1594 1411; x_wconf 88' lang='grc' dir='ltr'>τὴν</span> <span class='ocrx_word' id='word_1_98' title='bbox 1612 1342 1893 1411; x_wconf 74' lang='grc' dir='ltr'>ἐρήμωσιν</span> <span class='ocrx_word' id='word_1_99' title='bbox 1924 1341 2024 1411; x_wconf 77' lang='grc' dir='ltr'>τῆς</span> <span class='ocrx_word' id='word_1_100' title='bbox 2052 1341 2149 1393; x_wconf 89' lang='grc' dir='ltr'>πό-</span> 
     </span>
    </p>
   </div>
   <div class='ocr_carea' id='block_1_14' title="bbox 581 1424 2150 1499">
    <p class='ocr_par' dir='ltr' id='par_1_14' title="bbox 581 1424 2150 1499">
     <span class='ocr_line' id='line_1_14' title="bbox 581 1424 2150 1499; baseline 0.001 -22"><span class='ocrx_word' id='word_1_101' title='bbox 581 1426 718 1488; x_wconf 90' lang='grc' dir='ltr'>λεως</span> <span class='ocrx_word' id='word_1_102' title='bbox 750 1426 845 1479; x_wconf 78' lang='grc' dir='ltr'>καὶ</span> <span class='ocrx_word' id='word_1_103' title='bbox 865 1425 972 1477; x_wconf 88' lang='grc' dir='ltr'>τῶν</span> <span class='ocrx_word' id='word_1_104' title='bbox 990 1424 1222 1477; x_wconf 78' lang='grc' dir='ltr'>εἰδώλων</span> <span class='ocrx_word' id='word_1_105' title='bbox 1242 1425 1613 1497; x_wconf 87' lang='grc' dir='ltr'>προστίθησιν.</span> <span class='ocrx_word' id='word_1_106' title='bbox 1648 1428 1779 1499; x_wconf 76' lang='grc' dir='ltr'>Ὁρᾷ</span> <span class='ocrx_word' id='word_1_107' title='bbox 1808 1427 1906 1481; x_wconf 75' lang='grc' dir='ltr'>τὰς</span> <span class='ocrx_word' id='word_1_108' title='bbox 1925 1427 2150 1498; x_wconf 75' lang='grc' dir='ltr'>ἀνομίας</span> 
     </span>
    </p>
   </div>
   <div class='ocr_carea' id='block_1_15' title="bbox 581 1513 2151 1585">
    <p class='ocr_par' dir='ltr' id='par_1_15' title="bbox 581 1513 2151 1585">
     <span class='ocr_line' id='line_1_15' title="bbox 581 1513 2151 1585; baseline 0.003 -20"><span class='ocrx_word' id='word_1_109' title='bbox 581 1513 673 1566; x_wconf 83' lang='grc' dir='ltr'>τοῦ</span> <span class='ocrx_word' id='word_1_110' title='bbox 707 1513 837 1567; x_wconf 88' lang='grc' dir='ltr'>λαοῦ</span> <span class='ocrx_word' id='word_1_111' title='bbox 873 1515 965 1568; x_wconf 76' lang='grc' dir='ltr'>καὶ</span> <span class='ocrx_word' id='word_1_112' title='bbox 1001 1513 1099 1584; x_wconf 79' lang='grc' dir='ltr'>τὴν</span> <span class='ocrx_word' id='word_1_113' title='bbox 1138 1514 1598 1585; x_wconf 86' lang='grc' dir='ltr'>είδωλολατρείαν.</span> <span class='ocrx_word' id='word_1_114' title='bbox 1630 1515 1787 1569; x_wconf 84' lang='grc' dir='ltr'>Μετά</span> <span class='ocrx_word' id='word_1_115' title='bbox 1814 1515 1984 1569; x_wconf 90' lang='grc' dir='ltr'>ταῦτα</span> <span class='ocrx_word' id='word_1_116' title='bbox 2024 1518 2151 1580; x_wconf 67' lang='grc' dir='ltr'>τοὺς</span> 
     </span>
    </p>
   </div>
   <div class='ocr_carea' id='block_1_16' title="bbox 579 1599 2149 1672">
    <p class='ocr_par' dir='ltr' id='par_1_16' title="bbox 579 1599 2149 1672">
     <span class='ocr_line' id='line_1_16' title="bbox 579 1599 2149 1672; baseline 0.002 -20"><span class='ocrx_word' id='word_1_117' title='bbox 579 1600 684 1662; x_wconf 75' lang='grc' dir='ltr'>ἕως</span> <span class='ocrx_word' id='word_1_118' title='bbox 709 1599 931 1671; x_wconf 78' lang='grc' dir='ltr'>ὀλέθρου</span> <span class='ocrx_word' id='word_1_119' title='bbox 960 1600 1059 1671; x_wconf 83' lang='grc' dir='ltr'>τῆς</span> <span class='ocrx_word' id='word_1_120' title='bbox 1090 1600 1297 1663; x_wconf 85' lang='grc' dir='ltr'>πόλεως</span> <span class='ocrx_word' id='word_1_121' title='bbox 1328 1601 1597 1664; x_wconf 88' lang='grc' dir='ltr'>ἐλθόντας.</span> <span class='ocrx_word' id='word_1_122' title='bbox 1634 1602 1765 1672; x_wconf 71' lang='grc' dir='ltr'>Ὁρᾷ</span> <span class='ocrx_word' id='word_1_123' title='bbox 1796 1603 1852 1656; x_wconf 81' lang='grc' dir='ltr'>δὲ</span> <span class='ocrx_word' id='word_1_124' title='bbox 1885 1602 2048 1657; x_wconf 88' lang='grc' dir='ltr'>πάλιν</span> <span class='ocrx_word' id='word_1_125' title='bbox 2081 1604 2149 1656; x_wconf 73' lang='grc' dir='ltr'>τὰ</span> 
     </span>
    </p>
   </div>
   <div class='ocr_carea' id='block_1_17' title="bbox 583 1686 2147 1760">
    <p class='ocr_par' dir='ltr' id='par_1_17' title="bbox 583 1686 2147 1760">
     <span class='ocr_line' id='line_1_17' title="bbox 583 1686 2147 1760; baseline 0.002 -23"><span class='ocrx_word' id='word_1_126' title='bbox 583 1686 880 1757; x_wconf 67' lang='grc' dir='ltr'>Χερουϐὶμ,</span> <span class='ocrx_word' id='word_1_127' title='bbox 903 1686 997 1739; x_wconf 77' lang='grc' dir='ltr'>καὶ</span> <span class='ocrx_word' id='word_1_128' title='bbox 1021 1686 1276 1755; x_wconf 79' lang='grc' dir='ltr'>προλέγει</span> <span class='ocrx_word' id='word_1_129' title='bbox 1301 1690 1368 1757; x_wconf 83' lang='grc' dir='ltr'>τῇ</span> <span class='ocrx_word' id='word_1_130' title='bbox 1404 1688 1556 1741; x_wconf 85' lang='grc' dir='ltr'>πόλει</span> <span class='ocrx_word' id='word_1_131' title='bbox 1595 1689 1758 1741; x_wconf 88' lang='grc' dir='ltr'>κακά.</span> <span class='ocrx_word' id='word_1_132' title='bbox 1779 1690 1913 1760; x_wconf 79' lang='grc' dir='ltr'>Περὶ</span> <span class='ocrx_word' id='word_1_133' title='bbox 1934 1690 2043 1743; x_wconf 91' lang='grc' dir='ltr'>τῶν</span> <span class='ocrx_word' id='word_1_134' title='bbox 2070 1691 2147 1754; x_wconf 87' lang='grc' dir='ltr'>εἰς</span> 
     </span>
    </p>
   </div>
   <div class='ocr_carea' id='block_1_18' title="bbox 581 1772 2148 1846">
    <p class='ocr_par' dir='ltr' id='par_1_18' title="bbox 581 1772 2148 1846">
     <span class='ocr_line' id='line_1_18' title="bbox 581 1772 2148 1846; baseline 0.004 -22"><span class='ocrx_word' id='word_1_135' title='bbox 581 1772 813 1843; x_wconf 78' lang='grc' dir='ltr'>Χριστὸν</span> <span class='ocrx_word' id='word_1_136' title='bbox 852 1774 1228 1827; x_wconf 85' lang='grc' dir='ltr'>πιστευόντων.</span> <span class='ocrx_word' id='word_1_137' title='bbox 1276 1774 1585 1846; x_wconf 83' lang='grc' dir='ltr'>Προμηνύει</span> <span class='ocrx_word' id='word_1_138' title='bbox 1626 1774 1724 1845; x_wconf 86' lang='grc' dir='ltr'>τὴν</span> <span class='ocrx_word' id='word_1_139' title='bbox 1771 1775 2148 1846; x_wconf 70' lang='grc' dir='ltr'>αἰχμαλωσίαν</span> 
     </span>
    </p>
   </div>
   <div class='ocr_carea' id='block_1_19' title="bbox 576 1858 2149 1931">
    <p class='ocr_par' dir='ltr' id='par_1_19' title="bbox 576 1858 2149 1931">
     <span class='ocr_line' id='line_1_19' title="bbox 576 1858 2149 1931; baseline 0.001 -20"><span class='ocrx_word' id='word_1_140' title='bbox 576 1860 733 1921; x_wconf 64' lang='grc' dir='ltr'>αὲθις</span> <span class='ocrx_word' id='word_1_141' title='bbox 772 1858 867 1911; x_wconf 87' lang='grc' dir='ltr'>τοῦ</span> <span class='ocrx_word' id='word_1_142' title='bbox 895 1858 1025 1912; x_wconf 88' lang='grc' dir='ltr'>λαοῦ</span> <span class='ocrx_word' id='word_1_143' title='bbox 1058 1860 1157 1931; x_wconf 77' lang='grc' dir='ltr'>τὴν</span> <span class='ocrx_word' id='word_1_144' title='bbox 1194 1860 1287 1913; x_wconf 77' lang='grc' dir='ltr'>ἐπὶ</span> <span class='ocrx_word' id='word_1_145' title='bbox 1312 1861 1583 1925; x_wconf 85' lang='grc' dir='ltr'>Σεδεκίου,</span> <span class='ocrx_word' id='word_1_146' title='bbox 1610 1862 1703 1914; x_wconf 81' lang='grc' dir='ltr'>καί</span> <span class='ocrx_word' id='word_1_147' title='bbox 1733 1861 1832 1931; x_wconf 87' lang='grc' dir='ltr'>τὴν</span> <span class='ocrx_word' id='word_1_148' title='bbox 1868 1860 2030 1914; x_wconf 83' lang='grc' dir='ltr'>αὐτοῦ</span> <span class='ocrx_word' id='word_1_149' title='bbox 2059 1862 2149 1914; x_wconf 81' lang='grc' dir='ltr'>Σε·</span> 
     </span>
    </p>
   </div>
   <div class='ocr_carea' id='block_1_20' title="bbox 575 1944 2148 2019">
    <p class='ocr_par' dir='ltr' id='par_1_20' title="bbox 575 1944 2148 2019">
     <span class='ocr_line' id='line_1_20' title="bbox 575 1944 2148 2019; baseline 0.002 -22"><span class='ocrx_word' id='word_1_150' title='bbox 575 1945 752 1998; x_wconf 82' lang='grc' dir='ltr'>δεκίου</span> <span class='ocrx_word' id='word_1_151' title='bbox 767 1944 1039 2014; x_wconf 84' lang='grc' dir='ltr'>τύφλωσιν</span> <span class='ocrx_word' id='word_1_152' title='bbox 1064 1946 1160 2015; x_wconf 81' lang='grc' dir='ltr'>τὴν</span> <span class='ocrx_word' id='word_1_153' title='bbox 1180 1946 1285 1999; x_wconf 83' lang='grc' dir='ltr'>ὑπὸ</span> <span class='ocrx_word' id='word_1_154' title='bbox 1308 1946 1399 2000; x_wconf 88' lang='grc' dir='ltr'>τοῦ</span> <span class='ocrx_word' id='word_1_155' title='bbox 1437 1947 1904 2019; x_wconf 84' lang='grc' dir='ltr'>Ναϐουχοδονόσορ</span> <span class='ocrx_word' id='word_1_156' title='bbox 1925 1948 2148 2017; x_wconf 85' lang='grc' dir='ltr'>γενομέ-</span> 
     </span>
    </p>
   </div>
   <div class='ocr_carea' id='block_1_21' title="bbox 576 2031 2148 2104">
    <p class='ocr_par' dir='ltr' id='par_1_21' title="bbox 576 2031 2148 2104">
     <span class='ocr_line' id='line_1_21' title="bbox 576 2031 2148 2104; baseline 0.001 -19"><span class='ocrx_word' id='word_1_157' title='bbox 576 2050 695 2102; x_wconf 89' lang='grc' dir='ltr'>νην.</span> <span class='ocrx_word' id='word_1_158' title='bbox 731 2032 1011 2103; x_wconf 85' lang='grc' dir='ltr'>Προλέγει,</span> <span class='ocrx_word' id='word_1_159' title='bbox 1039 2032 1112 2102; x_wconf 83' lang='grc' dir='ltr'>μὴ</span> <span class='ocrx_word' id='word_1_160' title='bbox 1142 2034 1222 2096; x_wconf 78' lang='grc' dir='ltr'>εἰς</span> <span class='ocrx_word' id='word_1_161' title='bbox 1255 2032 1464 2103; x_wconf 86' lang='grc' dir='ltr'>μακρὸν</span> <span class='ocrx_word' id='word_1_162' title='bbox 1492 2032 1680 2103; x_wconf 90' lang='grc' dir='ltr'>χρόνον</span> <span class='ocrx_word' id='word_1_163' title='bbox 1717 2031 2043 2104; x_wconf 85' lang='grc' dir='ltr'>ἐκϐήσεσθαι</span> <span class='ocrx_word' id='word_1_164' title='bbox 2078 2032 2148 2086; x_wconf 89' lang='grc' dir='ltr'>τά</span> 
     </span>
    </p>
   </div>
   <div class='ocr_carea' id='block_1_22' title="bbox 577 2116 2143 2195">
    <p class='ocr_par' dir='ltr' id='par_1_22' title="bbox 577 2116 2143 2195">
     <span class='ocr_line' id='line_1_22' title="bbox 577 2116 2143 2195; baseline 0 -20"><span class='ocrx_word' id='word_1_165' title='bbox 577 2122 742 2187; x_wconf 81' lang='grc' dir='ltr'>κακὰ,</span> <span class='ocrx_word' id='word_1_166' title='bbox 767 2122 880 2176; x_wconf 83' lang='grc' dir='ltr'>ἀλλ’</span> <span class='ocrx_word' id='word_1_167' title='bbox 896 2122 1063 2191; x_wconf 79' lang='grc' dir='ltr'>ἐγγὺς</span> <span class='ocrx_word' id='word_1_168' title='bbox 1084 2116 1242 2176; x_wconf 78' lang='grc' dir='ltr'>εἶναι.</span> <span class='ocrx_word' id='word_1_169' title='bbox 1260 2122 1497 2175; x_wconf 81' lang='grc' dir='ltr'>Ἀπειλεῖ</span> <span class='ocrx_word' id='word_1_170' title='bbox 1526 2124 1637 2185; x_wconf 81' lang='grc' dir='ltr'>τοῖς</span> <span class='ocrx_word' id='word_1_171' title='bbox 1655 2121 2143 2195; x_wconf 77' lang='grc' dir='ltr'>ψευδοπροφήταις,</span> 
     </span>
    </p>
   </div>
   <div class='ocr_carea' id='block_1_23' title="bbox 576 2207 2142 2283">
    <p class='ocr_par' dir='ltr' id='par_1_23' title="bbox 576 2207 2142 2283">
     <span class='ocr_line' id='line_1_23' title="bbox 576 2207 2142 2283; baseline -0.001 -18"><span class='ocrx_word' id='word_1_172' title='bbox 576 2209 724 2283; x_wconf 74' lang='lat'>[387]</span> <span class='ocrx_word' id='word_1_173' title='bbox 757 2213 853 2264; x_wconf 81' lang='grc' dir='ltr'>καὶ</span> <span class='ocrx_word' id='word_1_174' title='bbox 903 2210 1249 2281; x_wconf 79' lang='grc' dir='ltr'>ἀπαραίτητα</span> <span class='ocrx_word' id='word_1_175' title='bbox 1301 2209 1480 2263; x_wconf 80' lang='grc' dir='ltr'>αὐτῶν</span> <span class='ocrx_word' id='word_1_176' title='bbox 1514 2227 1649 2280; x_wconf 86' lang='grc' dir='ltr'>φησι</span> <span class='ocrx_word' id='word_1_177' title='bbox 1686 2210 1755 2263; x_wconf 88' lang='grc' dir='ltr'>τά</span> <span class='ocrx_word' id='word_1_178' title='bbox 1798 2212 1945 2265; x_wconf 87' lang='grc' dir='ltr'>κακά</span> <span class='ocrx_word' id='word_1_179' title='bbox 1982 2207 2142 2275; x_wconf 79' lang='grc' dir='ltr'>εἶναι,</span> 
     </span>
    </p>
   </div>
   <div class='ocr_carea' id='block_1_24' title="bbox 574 2296 2144 2369">
    <p class='ocr_par' dir='ltr' id='par_1_24' title="bbox 574 2296 2144 2369">
     <span class='ocr_line' id='line_1_24' title="bbox 574 2296 2144 2369; baseline 0.001 -19"><span class='ocrx_word' id='word_1_180' title='bbox 574 2298 719 2368; x_wconf 77' lang='grc' dir='ltr'>άπερ</span> <span class='ocrx_word' id='word_1_181' title='bbox 742 2296 1134 2369; x_wconf 82' lang='grc' dir='ltr'>ὕποστὴσονται</span> <span class='ocrx_word' id='word_1_182' title='bbox 1154 2315 1168 2329; x_wconf 92' lang='grc'><strong>·</strong></span> <span class='ocrx_word' id='word_1_183' title='bbox 1203 2297 1279 2361; x_wconf 87' lang='grc' dir='ltr'>ὠς</span> <span class='ocrx_word' id='word_1_184' title='bbox 1317 2297 1451 2368; x_wconf 83' lang='grc' dir='ltr'>μηδὲ</span> <span class='ocrx_word' id='word_1_185' title='bbox 1492 2297 1630 2363; x_wconf 84' lang='grc' dir='ltr'>Ἰὼϐ,</span> <span class='ocrx_word' id='word_1_186' title='bbox 1658 2296 1692 2368; x_wconf 76' lang='grc' dir='ltr'>ἢ</span> <span class='ocrx_word' id='word_1_187' title='bbox 1724 2296 1941 2369; x_wconf 86' lang='grc' dir='ltr'>Δανιὴλ,</span> <span class='ocrx_word' id='word_1_188' title='bbox 1968 2298 2144 2369; x_wconf 83' lang='grc' dir='ltr'>ῆΝῶε</span> 
     </span>
    </p>
   </div>
   <div class='ocr_carea' id='block_1_25' title="bbox 573 2377 2143 2457">
    <p class='ocr_par' dir='ltr' id='par_1_25' title="bbox 573 2377 2143 2457">
     <span class='ocr_line' id='line_1_25' title="bbox 573 2377 2143 2457; baseline 0 -20"><span class='ocrx_word' id='word_1_189' title='bbox 573 2386 698 2448; x_wconf 82' lang='grc' dir='ltr'>τοὺς</span> <span class='ocrx_word' id='word_1_190' title='bbox 725 2385 872 2448; x_wconf 78' lang='grc' dir='ltr'>υἰοῦς</span> <span class='ocrx_word' id='word_1_191' title='bbox 902 2384 1079 2438; x_wconf 80' lang='grc' dir='ltr'>αὐτῶν</span> <span class='ocrx_word' id='word_1_192' title='bbox 1107 2384 1365 2439; x_wconf 88' lang='grc' dir='ltr'>δύνασθαι</span> <span class='ocrx_word' id='word_1_193' title='bbox 1400 2382 1686 2455; x_wconf 78' lang='grc' dir='ltr'>ῥύσασθαιο</span> <span class='ocrx_word' id='word_1_194' title='bbox 1716 2377 1810 2438; x_wconf 66' lang='grc' dir='ltr'>ἰαὶ</span> <span class='ocrx_word' id='word_1_195' title='bbox 1825 2386 1925 2457; x_wconf 82' lang='grc' dir='ltr'>τὴν</span> <span class='ocrx_word' id='word_1_196' title='bbox 1946 2387 2025 2449; x_wconf 89' lang='grc' dir='ltr'>εἰς</span> <span class='ocrx_word' id='word_1_197' title='bbox 2055 2386 2143 2438; x_wconf 87' lang='grc' dir='ltr'>τέ-</span> 
     </span>
    </p>
   </div>
   <div class='ocr_carea' id='block_1_26' title="bbox 572 2470 2143 2544">
    <p class='ocr_par' dir='ltr' id='par_1_26' title="bbox 572 2470 2143 2544">
     <span class='ocr_line' id='line_1_26' title="bbox 572 2470 2143 2544; baseline 0 -19"><span class='ocrx_word' id='word_1_198' title='bbox 572 2472 661 2537; x_wconf 85' lang='grc' dir='ltr'>λος</span> <span class='ocrx_word' id='word_1_199' title='bbox 690 2472 967 2544; x_wconf 83' lang='grc' dir='ltr'>ἐρήμωσιν</span> <span class='ocrx_word' id='word_1_200' title='bbox 996 2471 1173 2526; x_wconf 73' lang='grc' dir='ltr'>αὐτῶν</span> <span class='ocrx_word' id='word_1_201' title='bbox 1192 2470 1280 2524; x_wconf 82' lang='grc' dir='ltr'>διά</span> <span class='ocrx_word' id='word_1_202' title='bbox 1306 2471 1404 2543; x_wconf 83' lang='grc' dir='ltr'>τῆς</span> <span class='ocrx_word' id='word_1_203' title='bbox 1428 2471 1753 2542; x_wconf 81' lang='grc' dir='ltr'>κληματίδος</span> <span class='ocrx_word' id='word_1_204' title='bbox 1776 2472 1876 2541; x_wconf 84' lang='grc' dir='ltr'>τῆς</span> <span class='ocrx_word' id='word_1_205' title='bbox 1898 2472 2143 2543; x_wconf 82' lang='grc' dir='ltr'>ἀμπέλου</span> 
     </span>
    </p>
   </div>
   <div class='ocr_carea' id='block_1_27' title="bbox 570 2557 2141 2631">
    <p class='ocr_par' dir='ltr' id='par_1_27' title="bbox 570 2557 2141 2631">
     <span class='ocr_line' id='line_1_27' title="bbox 570 2557 2141 2631; baseline -0.001 -18"><span class='ocrx_word' id='word_1_206' title='bbox 570 2560 743 2631; x_wconf 74' lang='grc' dir='ltr'>δηλοῖ.</span> <span class='ocrx_word' id='word_1_207' title='bbox 792 2563 1067 2631; x_wconf 84' lang='grc' dir='ltr'>Διηγεῖται</span> <span class='ocrx_word' id='word_1_208' title='bbox 1096 2558 1193 2630; x_wconf 86' lang='grc' dir='ltr'>τὴν</span> <span class='ocrx_word' id='word_1_209' title='bbox 1222 2557 1607 2630; x_wconf 80' lang='grc' dir='ltr'>ἀσχημοσύνην</span> <span class='ocrx_word' id='word_1_210' title='bbox 1652 2557 1746 2612; x_wconf 85' lang='grc' dir='ltr'>τοῦ</span> <span class='ocrx_word' id='word_1_211' title='bbox 1794 2558 1923 2612; x_wconf 89' lang='grc' dir='ltr'>λαοῦ</span> <span class='ocrx_word' id='word_1_212' title='bbox 1953 2558 2051 2629; x_wconf 84' lang='grc' dir='ltr'>τὴν</span> <span class='ocrx_word' id='word_1_213' title='bbox 2083 2560 2141 2626; x_wconf 82' lang='grc' dir='ltr'>ἐξ</span> 
     </span>
    </p>
   </div>
   <div class='ocr_carea' id='block_1_28' title="bbox 571 2645 2143 2719">
    <p class='ocr_par' dir='ltr' id='par_1_28' title="bbox 571 2645 2143 2719">
     <span class='ocr_line' id='line_1_28' title="bbox 571 2645 2143 2719; baseline 0.001 -19"><span class='ocrx_word' id='word_1_214' title='bbox 571 2648 748 2719; x_wconf 80' lang='grc' dir='ltr'>ἀρχῆς</span> <span class='ocrx_word' id='word_1_215' title='bbox 770 2689 788 2714; x_wconf 85' lang='grc'>,</span> <span class='ocrx_word' id='word_1_216' title='bbox 817 2648 947 2719; x_wconf 74' lang='grc' dir='ltr'>πρὶν</span> <span class='ocrx_word' id='word_1_217' title='bbox 984 2648 1019 2718; x_wconf 78' lang='grc' dir='ltr'><strong>ἢ</strong></span> <span class='ocrx_word' id='word_1_218' title='bbox 1063 2645 1463 2716; x_wconf 88' lang='grc' dir='ltr'>προσλαϐέσθαι</span> <span class='ocrx_word' id='word_1_219' title='bbox 1510 2645 1672 2699; x_wconf 83' lang='grc' dir='ltr'>αὐτὸν</span> <span class='ocrx_word' id='word_1_220' title='bbox 1715 2646 1806 2699; x_wconf 87' lang='grc' dir='ltr'>τὸν</span> <span class='ocrx_word' id='word_1_221' title='bbox 1843 2646 1975 2700; x_wconf 84' lang='grc' dir='ltr'>Θεὸν</span> <span class='ocrx_word' id='word_1_222' title='bbox 1997 2686 2011 2706; x_wconf 92' lang='grc'>.</span> <span class='ocrx_word' id='word_1_223' title='bbox 2048 2648 2143 2702; x_wconf 84' lang='grc' dir='ltr'>καὶ</span> 
     </span>
    </p>
   </div>
   <div class='ocr_carea' id='block_1_29' title="bbox 572 2734 2142 2809">
    <p class='ocr_par' dir='ltr' id='par_1_29' title="bbox 572 2734 2142 2809">
     <span class='ocr_line' id='line_1_29' title="bbox 572 2734 2142 2809; baseline -0.001 -20"><span class='ocrx_word' id='word_1_224' title='bbox 572 2738 669 2807; x_wconf 87' lang='grc' dir='ltr'>τὴν</span> <span class='ocrx_word' id='word_1_225' title='bbox 695 2737 1022 2809; x_wconf 79' lang='grc' dir='ltr'>εὐπρέπειαν</span> <span class='ocrx_word' id='word_1_226' title='bbox 1058 2736 1155 2807; x_wconf 88' lang='grc' dir='ltr'>τὴν</span> <span class='ocrx_word' id='word_1_227' title='bbox 1187 2734 1324 2806; x_wconf 88' lang='grc' dir='ltr'>μετά</span> <span class='ocrx_word' id='word_1_228' title='bbox 1359 2734 1419 2788; x_wconf 86' lang='grc' dir='ltr'>τὸ</span> <span class='ocrx_word' id='word_1_229' title='bbox 1447 2734 1847 2807; x_wconf 80' lang='grc' dir='ltr'>προσλαϐέσθαι</span> <span class='ocrx_word' id='word_1_230' title='bbox 1870 2750 1886 2767; x_wconf 81' lang='grc'><em>’</em></span> <span class='ocrx_word' id='word_1_231' title='bbox 1921 2736 2017 2789; x_wconf 75' lang='grc' dir='ltr'>καὶ</span> <span class='ocrx_word' id='word_1_232' title='bbox 2043 2736 2142 2808; x_wconf 84' lang='grc' dir='ltr'>τὴν</span> 
     </span>
    </p>
   </div>
   <div class='ocr_carea' id='block_1_30' title="bbox 571 2819 2143 2895">
    <p class='ocr_par' dir='ltr' id='par_1_30' title="bbox 571 2819 2143 2895">
     <span class='ocr_line' id='line_1_30' title="bbox 571 2819 2143 2895; baseline 0 -20"><span class='ocrx_word' id='word_1_233' title='bbox 571 2822 1009 2895; x_wconf 86' lang='grc' dir='ltr'>εἰδωλολατρείαν</span> <span class='ocrx_word' id='word_1_234' title='bbox 1052 2819 1217 2876; x_wconf 80' lang='grc' dir='ltr'>αὐτοῦ</span> <span class='ocrx_word' id='word_1_235' title='bbox 1245 2862 1261 2890; x_wconf 89' lang='grc'>,</span> <span class='ocrx_word' id='word_1_236' title='bbox 1298 2821 1393 2875; x_wconf 72' lang='grc' dir='ltr'>καὶ</span> <span class='ocrx_word' id='word_1_237' title='bbox 1430 2820 1530 2892; x_wconf 90' lang='grc' dir='ltr'>τὴν</span> <span class='ocrx_word' id='word_1_238' title='bbox 1571 2820 1659 2874; x_wconf 92' lang='grc' dir='ltr'>διά</span> <span class='ocrx_word' id='word_1_239' title='bbox 1709 2820 1915 2894; x_wconf 87' lang='grc' dir='ltr'>ταύτην</span> <span class='ocrx_word' id='word_1_240' title='bbox 1943 2821 2143 2884; x_wconf 79' lang='grc' dir='ltr'>αὐτοὺς</span> 
     </span>
    </p>
   </div>
   <div class='ocr_carea' id='block_1_31' title="bbox 570 2906 2140 2983">
    <p class='ocr_par' dir='ltr' id='par_1_31' title="bbox 570 2906 2140 2983">
     <span class='ocr_line' id='line_1_31' title="bbox 570 2906 2140 2983; baseline -0.001 -20"><span class='ocrx_word' id='word_1_241' title='bbox 570 2909 953 2983; x_wconf 80' lang='grc' dir='ltr'>διαδεξαμένην</span> <span class='ocrx_word' id='word_1_242' title='bbox 988 2908 1206 2975; x_wconf 77' lang='grc' dir='ltr'>ἅλωσιν,</span> <span class='ocrx_word' id='word_1_243' title='bbox 1238 2908 1333 2961; x_wconf 78' lang='grc' dir='ltr'>καὶ</span> <span class='ocrx_word' id='word_1_244' title='bbox 1386 2907 1625 2979; x_wconf 79' lang='grc' dir='ltr'>μεγάλας</span> <span class='ocrx_word' id='word_1_245' title='bbox 1668 2906 1936 2961; x_wconf 88' lang='grc' dir='ltr'>δείκνυσιν</span> <span class='ocrx_word' id='word_1_246' title='bbox 1968 2907 2140 2978; x_wconf 83' lang='grc' dir='ltr'>αὐτῆς</span> 
     </span>
    </p>
   </div>
   <div class='ocr_carea' id='block_1_32' title="bbox 570 2994 2134 3069">
    <p class='ocr_par' dir='ltr' id='par_1_32' title="bbox 570 2994 2134 3069">
     <span class='ocr_line' id='line_1_32' title="bbox 570 2994 2134 3069; baseline -0.001 -18"><span class='ocrx_word' id='word_1_247' title='bbox 570 2999 667 3061; x_wconf 68' lang='grc' dir='ltr'>τὰς</span> <span class='ocrx_word' id='word_1_248' title='bbox 682 2997 913 3069; x_wconf 85' lang='grc' dir='ltr'>ἀνομίας</span> <span class='ocrx_word' id='word_1_249' title='bbox 936 2996 1044 3051; x_wconf 80' lang='grc' dir='ltr'>ἀπὸ</span> <span class='ocrx_word' id='word_1_250' title='bbox 1068 2995 1405 3067; x_wconf 77' lang='grc' dir='ltr'>συγκρίσεως</span> <span class='ocrx_word' id='word_1_251' title='bbox 1430 2995 1675 3066; x_wconf 76' lang='grc' dir='ltr'>Σοδόμων</span> <span class='ocrx_word' id='word_1_252' title='bbox 1695 2994 1788 3048; x_wconf 77' lang='grc' dir='ltr'>καὶ</span> <span class='ocrx_word' id='word_1_253' title='bbox 1802 2995 2134 3067; x_wconf 84' lang='grc' dir='ltr'>Σαμαρείας,</span> 
     </span>
    </p>
   </div>
   <div class='ocr_carea' id='block_1_33' title="bbox 568 3082 2139 3154">
    <p class='ocr_par' dir='ltr' id='par_1_33' title="bbox 568 3082 2139 3154">
     <span class='ocr_line' id='line_1_33' title="bbox 568 3082 2139 3154; baseline -0.001 -15"><span class='ocrx_word' id='word_1_254' title='bbox 568 3085 735 3148; x_wconf 74' lang='grc' dir='ltr'>οὔσας</span> <span class='ocrx_word' id='word_1_255' title='bbox 765 3085 859 3142; x_wconf 77' lang='grc' dir='ltr'>καὶ</span> <span class='ocrx_word' id='word_1_256' title='bbox 896 3085 1015 3139; x_wconf 86' lang='grc' dir='ltr'>καθ’</span> <span class='ocrx_word' id='word_1_257' title='bbox 1048 3084 1245 3147; x_wconf 78' lang='grc' dir='ltr'>ἑαυτάς</span> <span class='ocrx_word' id='word_1_258' title='bbox 1281 3082 1539 3154; x_wconf 82' lang='grc' dir='ltr'>μεγάλας.</span> <span class='ocrx_word' id='word_1_259' title='bbox 1575 3082 1809 3136; x_wconf 86' lang='grc' dir='ltr'>Δύναται</span> <span class='ocrx_word' id='word_1_260' title='bbox 1829 3082 1884 3136; x_wconf 83' lang='grc' dir='ltr'>δὲ</span> <span class='ocrx_word' id='word_1_261' title='bbox 1908 3082 1978 3136; x_wconf 85' lang='grc' dir='ltr'>τά</span> <span class='ocrx_word' id='word_1_262' title='bbox 2003 3100 2139 3154; x_wconf 86' lang='grc' dir='ltr'>χρη-</span> 
     </span>
    </p>
   </div>
   <div class='ocr_carea' id='block_1_34' title="bbox 570 3167 2137 3244">
    <p class='ocr_par' dir='ltr' id='par_1_34' title="bbox 570 3167 2137 3244">
     <span class='ocr_line' id='line_1_34' title="bbox 570 3167 2137 3244; baseline -0.004 -17"><span class='ocrx_word' id='word_1_263' title='bbox 570 3171 689 3238; x_wconf 84' lang='grc' dir='ltr'>στά,</span> <span class='ocrx_word' id='word_1_264' title='bbox 713 3171 749 3227; x_wconf 76' lang='grc' dir='ltr'>ἃ</span> <span class='ocrx_word' id='word_1_265' title='bbox 768 3171 1039 3244; x_wconf 86' lang='grc' dir='ltr'>προλέγει,</span> <span class='ocrx_word' id='word_1_266' title='bbox 1067 3171 1145 3238; x_wconf 89' lang='grc' dir='ltr'>τὸ,</span> <span class='ocrx_word' id='word_1_267' title='bbox 1185 3167 1526 3236; x_wconf 83' lang='grc' dir='ltr'>Ἀναστήσω</span> <span class='ocrx_word' id='word_1_268' title='bbox 1564 3168 1681 3238; x_wconf 78' lang='grc' dir='ltr'>τὴν</span> <span class='ocrx_word' id='word_1_269' title='bbox 1704 3167 1997 3237; x_wconf 77' lang='grc' dir='ltr'>διαθήκην</span> <span class='ocrx_word' id='word_1_270' title='bbox 2017 3187 2137 3239; x_wconf 77' lang='grc' dir='ltr'>μου</span> 
     </span>
    </p>
   </div>
   <div class='ocr_carea' id='block_1_35' title="bbox 560 3259 2137 3335">
    <p class='ocr_par' dir='ltr' id='par_1_35' title="bbox 560 3259 2137 3335">
     <span class='ocr_line' id='line_1_35' title="bbox 560 3259 2137 3335; baseline -0.004 -17"><span class='ocrx_word' id='word_1_271' title='bbox 560 3266 711 3333; x_wconf 82' lang='grc' dir='ltr'>μετὰ</span> <span class='ocrx_word' id='word_1_272' title='bbox 747 3262 896 3329; x_wconf 87' lang='grc' dir='ltr'>σοῦ,</span> <span class='ocrx_word' id='word_1_273' title='bbox 928 3265 1055 3335; x_wconf 86' lang='grc' dir='ltr'>περί</span> <span class='ocrx_word' id='word_1_274' title='bbox 1084 3263 1195 3315; x_wconf 91' lang='grc' dir='ltr'>τῶν</span> <span class='ocrx_word' id='word_1_275' title='bbox 1223 3263 1302 3323; x_wconf 90' lang='grc' dir='ltr'>είς</span> <span class='ocrx_word' id='word_1_276' title='bbox 1331 3260 1565 3333; x_wconf 86' lang='grc' dir='ltr'>Χριστὸν</span> <span class='ocrx_word' id='word_1_277' title='bbox 1598 3260 1957 3314; x_wconf 85' lang='grc' dir='ltr'>πιστευόντων</span> <span class='ocrx_word' id='word_1_278' title='bbox 1983 3259 2137 3328; x_wconf 84' lang='grc' dir='ltr'>λέγε-</span> 
     </span>
    </p>
   </div>
   <div class='ocr_carea' id='block_1_36' title="bbox 569 3345 2136 3420">
    <p class='ocr_par' dir='ltr' id='par_1_36' title="bbox 569 3345 2136 3420">
     <span class='ocr_line' id='line_1_36' title="bbox 569 3345 2136 3420; baseline -0.001 -20"><span class='ocrx_word' id='word_1_279' title='bbox 569 3347 712 3400; x_wconf 87' lang='grc' dir='ltr'>σθαι.</span> <span class='ocrx_word' id='word_1_280' title='bbox 748 3347 862 3420; x_wconf 81' lang='grc' dir='ltr'>Τὴν</span> <span class='ocrx_word' id='word_1_281' title='bbox 881 3347 1065 3401; x_wconf 83' lang='grc' dir='ltr'>ἀνοδον</span> <span class='ocrx_word' id='word_1_282' title='bbox 1094 3347 1187 3401; x_wconf 92' lang='grc' dir='ltr'>τοῦ</span> <span class='ocrx_word' id='word_1_283' title='bbox 1204 3346 1670 3417; x_wconf 85' lang='grc' dir='ltr'>Ναϐουχοδονόσορ</span> <span class='ocrx_word' id='word_1_284' title='bbox 1698 3345 1972 3417; x_wconf 87' lang='grc' dir='ltr'>προλέγει.</span> <span class='ocrx_word' id='word_1_285' title='bbox 1995 3346 2136 3417; x_wconf 84' lang='grc' dir='ltr'>Πρὸς</span> 
     </span>
    </p>
   </div>
   <div class='ocr_carea' id='block_1_37' title="bbox 565 3433 2134 3504">
    <p class='ocr_par' dir='ltr' id='par_1_37' title="bbox 565 3433 2134 3504">
     <span class='ocr_line' id='line_1_37' title="bbox 565 3433 2134 3504; baseline 0 -16"><span class='ocrx_word' id='word_1_286' title='bbox 565 3435 693 3498; x_wconf 79' lang='grc' dir='ltr'>τοὺς</span> <span class='ocrx_word' id='word_1_287' title='bbox 721 3435 980 3504; x_wconf 87' lang='grc' dir='ltr'>λέγοντας</span> <span class='ocrx_word' id='word_1_288' title='bbox 1015 3450 1032 3465; x_wconf 76' lang='grc' dir='ltr'><strong><em>ο</em></strong></span> <span class='ocrx_word' id='word_1_289' title='bbox 1065 3438 1128 3489; x_wconf 80' lang='lat' dir='ltr'>Ol</span> <span class='ocrx_word' id='word_1_290' title='bbox 1173 3434 1423 3501; x_wconf 76' lang='grc' dir='ltr'>πατέρες</span> <span class='ocrx_word' id='word_1_291' title='bbox 1465 3434 1691 3502; x_wconf 67' lang='grc' dir='ltr'>ἔφαγον</span> <span class='ocrx_word' id='word_1_292' title='bbox 1732 3433 1839 3487; x_wconf 82' lang='grc' dir='ltr'>τὸν</span> <span class='ocrx_word' id='word_1_293' title='bbox 1876 3433 2134 3502; x_wconf 71' lang='grc' dir='ltr'>ὄμφακα,</span> 
     </span>
    </p>
   </div>
   <div class='ocr_carea' id='block_1_38' title="bbox 568 3518 2136 3591">
    <p class='ocr_par' dir='ltr' id='par_1_38' title="bbox 568 3518 2136 3591">
     <span class='ocr_line' id='line_1_38' title="bbox 568 3518 2136 3591; baseline -0.003 -16"><span class='ocrx_word' id='word_1_294' title='bbox 568 3520 667 3575; x_wconf 78' lang='grc' dir='ltr'>καί</span> <span class='ocrx_word' id='word_1_295' title='bbox 707 3522 762 3575; x_wconf 82' lang='grc' dir='ltr'>οι</span> <span class='ocrx_word' id='word_1_296' title='bbox 794 3519 1033 3586; x_wconf 79' lang='grc' dir='ltr'>ὀδόντες</span> <span class='ocrx_word' id='word_1_297' title='bbox 1059 3519 1178 3574; x_wconf 89' lang='grc' dir='ltr'>τῶν</span> <span class='ocrx_word' id='word_1_298' title='bbox 1199 3519 1422 3573; x_wconf 82' lang='grc' dir='ltr'>τέκνων</span> <span class='ocrx_word' id='word_1_299' title='bbox 1464 3518 1830 3588; x_wconf 80' lang='grc' dir='ltr'>ὠμοδίασαν.</span> <span class='ocrx_word' id='word_1_300' title='bbox 1864 3521 1998 3589; x_wconf 79' lang='grc' dir='ltr'>Περὶ</span> <span class='ocrx_word' id='word_1_301' title='bbox 2039 3521 2136 3591; x_wconf 83' lang='grc' dir='ltr'>τῆς</span> 
     </span>
    </p>
   </div>
   <div class='ocr_carea' id='block_1_39' title="bbox 568 3606 2137 3680">
    <p class='ocr_par' dir='ltr' id='par_1_39' title="bbox 568 3606 2137 3680">
     <span class='ocr_line' id='line_1_39' title="bbox 568 3606 2137 3680; baseline 0.001 -21"><span class='ocrx_word' id='word_1_302' title='bbox 568 3607 775 3679; x_wconf 87' lang='grc' dir='ltr'>μητρὸς</span> <span class='ocrx_word' id='word_1_303' title='bbox 808 3606 915 3662; x_wconf 83' lang='grc' dir='ltr'>τῶν</span> <span class='ocrx_word' id='word_1_304' title='bbox 944 3607 1071 3678; x_wconf 82' lang='grc' dir='ltr'>περί</span> <span class='ocrx_word' id='word_1_305' title='bbox 1120 3606 1367 3661; x_wconf 86' lang='grc' dir='ltr'>Σεδεκίαν</span> <span class='ocrx_word' id='word_1_306' title='bbox 1410 3607 1502 3659; x_wconf 88' lang='grc' dir='ltr'>τὸν</span> <span class='ocrx_word' id='word_1_307' title='bbox 1547 3606 1787 3676; x_wconf 81' lang='grc' dir='ltr'>βασιλέα.</span> <span class='ocrx_word' id='word_1_308' title='bbox 1828 3608 2137 3680; x_wconf 85' lang='grc' dir='ltr'>Διαμαρτύ-</span> 
     </span>
    </p>
   </div>
   <div class='ocr_carea' id='block_1_40' title="bbox 569 3692 2136 3767">
    <p class='ocr_par' dir='ltr' id='par_1_40' title="bbox 569 3692 2136 3767">
     <span class='ocr_line' id='line_1_40' title="bbox 569 3692 2136 3767; baseline 0.001 -20"><span class='ocrx_word' id='word_1_309' title='bbox 569 3712 720 3767; x_wconf 91' lang='grc' dir='ltr'>ρεται</span> <span class='ocrx_word' id='word_1_310' title='bbox 774 3696 884 3758; x_wconf 85' lang='grc' dir='ltr'>τοϊς</span> <span class='ocrx_word' id='word_1_311' title='bbox 934 3693 1329 3765; x_wconf 83' lang='grc' dir='ltr'>πρεσϐυτέροις</span> <span class='ocrx_word' id='word_1_312' title='bbox 1353 3692 1451 3756; x_wconf 88' lang='grc' dir='ltr'>τάς</span> <span class='ocrx_word' id='word_1_313' title='bbox 1478 3692 1708 3763; x_wconf 89' lang='grc' dir='ltr'>ἀνομίας</span> <span class='ocrx_word' id='word_1_314' title='bbox 1741 3692 1851 3746; x_wconf 88' lang='grc' dir='ltr'>τῶν</span> <span class='ocrx_word' id='word_1_315' title='bbox 1883 3693 2136 3766; x_wconf 84' lang='grc' dir='ltr'>πατέρων</span> 
     </span>
    </p>
   </div>
   <div class='ocr_carea' id='block_1_41' title="bbox 564 3779 2134 3852">
    <p class='ocr_par' dir='ltr' id='par_1_41' title="bbox 564 3779 2134 3852">
     <span class='ocr_line' id='line_1_41' title="bbox 564 3779 2134 3852; baseline 0 -17"><span class='ocrx_word' id='word_1_316' title='bbox 564 3781 763 3836; x_wconf 82' lang='grc' dir='ltr'>αὐτῶν.</span> <span class='ocrx_word' id='word_1_317' title='bbox 786 3781 858 3835; x_wconf 85' lang='grc' dir='ltr'>Τὸ</span> <span class='ocrx_word' id='word_1_318' title='bbox 871 3781 946 3848; x_wconf 89' lang='grc' dir='ltr'>δέ,</span> <span class='ocrx_word' id='word_1_319' title='bbox 962 3782 1115 3835; x_wconf 86' lang='grc' dir='ltr'>Διότι</span> <span class='ocrx_word' id='word_1_320' title='bbox 1130 3782 1226 3834; x_wconf 76' lang='grc' dir='ltr'>ἐπὶ</span> <span class='ocrx_word' id='word_1_321' title='bbox 1252 3780 1358 3835; x_wconf 87' lang='grc' dir='ltr'>τοῦ</span> <span class='ocrx_word' id='word_1_322' title='bbox 1382 3781 1558 3848; x_wconf 82' lang='grc' dir='ltr'>ὄρους</span> <span class='ocrx_word' id='word_1_323' title='bbox 1579 3797 1699 3848; x_wconf 81' lang='grc' dir='ltr'>μου</span> <span class='ocrx_word' id='word_1_324' title='bbox 1712 3779 1817 3834; x_wconf 88' lang='grc' dir='ltr'>τοῦ</span> <span class='ocrx_word' id='word_1_325' title='bbox 1835 3782 2026 3852; x_wconf 74' lang='grc' dir='ltr'>ἁγίου,</span> <span class='ocrx_word' id='word_1_326' title='bbox 2047 3782 2134 3835; x_wconf 85' lang='grc' dir='ltr'>ἐπ’</span> 
     </span>
    </p>
   </div>
   <div class='ocr_carea' id='block_1_42' title="bbox 564 3869 2141 3945">
    <p class='ocr_par' dir='ltr' id='par_1_42' title="bbox 564 3869 2141 3945">
     <span class='ocr_line' id='line_1_42' title="bbox 564 3869 2141 3945; baseline -0.001 -19"><span class='ocrx_word' id='word_1_327' title='bbox 564 3874 724 3945; x_wconf 83' lang='grc' dir='ltr'>δρους</span> <span class='ocrx_word' id='word_1_328' title='bbox 756 3870 959 3944; x_wconf 81' lang='grc' dir='ltr'>ὑψηλοῦ</span> <span class='ocrx_word' id='word_1_329' title='bbox 1002 3871 1216 3945; x_wconf 83' lang='grc' dir='ltr'>Ἰσραὴλ</span> <span class='ocrx_word' id='word_1_330' title='bbox 1252 3870 1433 3939; x_wconf 79' lang='grc' dir='ltr'>λέγει’</span> <span class='ocrx_word' id='word_1_331' title='bbox 1479 3869 1744 3936; x_wconf 81' lang='grc' dir='ltr'>Ἀδωναῒ,</span> <span class='ocrx_word' id='word_1_332' title='bbox 1787 3870 1984 3938; x_wconf 81' lang='grc' dir='ltr'>Κύριε,</span> <span class='ocrx_word' id='word_1_333' title='bbox 2012 3871 2141 3925; x_wconf 78' lang='grc' dir='ltr'>ἐκεῖ</span> 
     </span>
    </p>
   </div>
   <div class='ocr_carea' id='block_1_43' title="bbox 564 3953 2135 4028">
    <p class='ocr_par' dir='ltr' id='par_1_43' title="bbox 564 3953 2135 4028">
     <span class='ocr_line' id='line_1_43' title="bbox 564 3953 2135 4028; baseline -0.001 -15"><span class='ocrx_word' id='word_1_334' title='bbox 564 3960 971 4015; x_wconf 78' lang='grc' dir='ltr'>δουλεύσουσι</span> <span class='ocrx_word' id='word_1_335' title='bbox 983 3976 1085 4028; x_wconf 81' lang='grc' dir='ltr'>μοι</span> <span class='ocrx_word' id='word_1_336' title='bbox 1108 3955 1226 4023; x_wconf 70' lang='grc' dir='ltr'>πᾶς</span> <span class='ocrx_word' id='word_1_337' title='bbox 1245 3953 1406 4023; x_wconf 78' lang='grc' dir='ltr'>οῖκος</span> <span class='ocrx_word' id='word_1_338' title='bbox 1446 3956 1685 4025; x_wconf 78' lang='grc' dir='ltr'>Ἰσραὴλ</span> <span class='ocrx_word' id='word_1_339' title='bbox 1710 3958 1798 4023; x_wconf 83' lang='grc' dir='ltr'>εἰς</span> <span class='ocrx_word' id='word_1_340' title='bbox 1827 3957 2001 4025; x_wconf 73' lang='grc' dir='ltr'>τέλος</span> <span class='ocrx_word' id='word_1_341' title='bbox 2023 3998 2039 4023; x_wconf 91' lang='grc'>,</span> <span class='ocrx_word' id='word_1_342' title='bbox 2055 3960 2135 4023; x_wconf 91' lang='grc' dir='ltr'>εἰς</span> 
     </span>
    </p>
   </div>
   <div class='ocr_carea' id='block_1_44' title="bbox 562 4041 2131 4115">
    <p class='ocr_par' dir='ltr' id='par_1_44' title="bbox 562 4041 2131 4115">
     <span class='ocr_line' id='line_1_44' title="bbox 562 4041 2131 4115; baseline -0.003 -14"><span class='ocrx_word' id='word_1_343' title='bbox 562 4048 689 4112; x_wconf 78' lang='grc' dir='ltr'>τοὺς</span> <span class='ocrx_word' id='word_1_344' title='bbox 736 4046 1086 4109; x_wconf 83' lang='grc' dir='ltr'>πιστεύοντας</span> <span class='ocrx_word' id='word_1_345' title='bbox 1136 4043 1215 4115; x_wconf 80' lang='grc' dir='ltr'>τῷ</span> <span class='ocrx_word' id='word_1_346' title='bbox 1245 4043 1466 4115; x_wconf 84' lang='grc' dir='ltr'>Χριστῷ</span> <span class='ocrx_word' id='word_1_347' title='bbox 1501 4041 1756 4097; x_wconf 87' lang='grc' dir='ltr'>δύνασθαι</span> <span class='ocrx_word' id='word_1_348' title='bbox 1791 4056 1819 4085; x_wconf 77' lang='grc' dir='ltr'>ει</span> <span class='ocrx_word' id='word_1_349' title='bbox 1862 4043 2131 4115; x_wconf 84' lang='grc' dir='ltr'>λαμϐάνε-</span> 
     </span>
    </p>
   </div>
   <div class='ocr_carea' id='block_1_45' title="bbox 565 4130 2133 4205">
    <p class='ocr_par' dir='ltr' id='par_1_45' title="bbox 565 4130 2133 4205">
     <span class='ocr_line' id='line_1_45' title="bbox 565 4130 2133 4205; baseline -0.002 -16"><span class='ocrx_word' id='word_1_350' title='bbox 565 4134 708 4190; x_wconf 90' lang='grc' dir='ltr'>σθαι.</span> <span class='ocrx_word' id='word_1_351' title='bbox 764 4134 888 4189; x_wconf 74' lang='grc' dir='ltr'>Ἐπὶ</span> <span class='ocrx_word' id='word_1_352' title='bbox 916 4133 1120 4205; x_wconf 86' lang='grc' dir='ltr'>Θεμάν,</span> <span class='ocrx_word' id='word_1_353' title='bbox 1150 4133 1245 4186; x_wconf 65' lang='grc' dir='ltr'>καί¹</span> <span class='ocrx_word' id='word_1_354' title='bbox 1278 4134 1370 4185; x_wconf 75' lang='grc' dir='ltr'>ἐπὶ</span> <span class='ocrx_word' id='word_1_355' title='bbox 1416 4130 1631 4203; x_wconf 83' lang='grc' dir='ltr'>Ἰσραὴλ</span> <span class='ocrx_word' id='word_1_356' title='bbox 1651 4170 1666 4195; x_wconf 94' lang='grc'>,</span> <span class='ocrx_word' id='word_1_357' title='bbox 1699 4132 1793 4185; x_wconf 81' lang='grc' dir='ltr'>καὶ</span> <span class='ocrx_word' id='word_1_358' title='bbox 1840 4131 1934 4185; x_wconf 76' lang='grc' dir='ltr'>ἐπὶ</span> <span class='ocrx_word' id='word_1_359' title='bbox 1984 4132 2133 4196; x_wconf 78' lang='grc' dir='ltr'>υίοῦς</span> 
     </span>
    </p>
   </div>
   <div class='ocr_carea' id='block_1_46' title="bbox 574 4217 2132 4293">
    <p class='ocr_par' dir='ltr' id='par_1_46' title="bbox 574 4217 2132 4293">
     <span class='ocr_line' id='line_1_46' title="bbox 574 4217 2132 4293; baseline -0.001 -19"><span class='ocrx_word' id='word_1_360' title='bbox 574 4220 819 4293; x_wconf 81' lang='grc' dir='ltr'>’Λμμών.</span> <span class='ocrx_word' id='word_1_361' title='bbox 869 4221 979 4274; x_wconf 75' lang='grc' dir='ltr'>Καὶ</span> <span class='ocrx_word' id='word_1_362' title='bbox 1024 4219 1121 4283; x_wconf 89' lang='grc' dir='ltr'>τάς</span> <span class='ocrx_word' id='word_1_363' title='bbox 1164 4218 1393 4288; x_wconf 79' lang='grc' dir='ltr'>ἀνομίας</span> <span class='ocrx_word' id='word_1_364' title='bbox 1423 4217 1519 4271; x_wconf 79' lang='grc' dir='ltr'>καὶ</span> <span class='ocrx_word' id='word_1_365' title='bbox 1555 4217 1653 4281; x_wconf 87' lang='grc' dir='ltr'>τάς</span> <span class='ocrx_word' id='word_1_366' title='bbox 1683 4218 1955 4290; x_wconf 80' lang='grc' dir='ltr'>ἁμαρτίας</span> <span class='ocrx_word' id='word_1_367' title='bbox 1986 4217 2132 4287; x_wconf 86' lang='grc' dir='ltr'>λέγει</span> 
     </span>
    </p>
   </div>
   <div class='ocr_carea' id='block_1_47' title="bbox 561 4304 2132 4378">
    <p class='ocr_par' dir='ltr' id='par_1_47' title="bbox 561 4304 2132 4378">
     <span class='ocr_line' id='line_1_47' title="bbox 561 4304 2132 4378; baseline -0.002 -17"><span class='ocrx_word' id='word_1_368' title='bbox 561 4307 655 4361; x_wconf 93' lang='grc' dir='ltr'>τοῦ</span> <span class='ocrx_word' id='word_1_369' title='bbox 702 4308 937 4378; x_wconf 88' lang='grc' dir='ltr'>Ἰσραὴλ,</span> <span class='ocrx_word' id='word_1_370' title='bbox 962 4306 1055 4360; x_wconf 74' lang='grc' dir='ltr'>καὶ</span> <span class='ocrx_word' id='word_1_371' title='bbox 1100 4305 1208 4358; x_wconf 89' lang='grc' dir='ltr'>τῶν</span> <span class='ocrx_word' id='word_1_372' title='bbox 1234 4306 1445 4376; x_wconf 91' lang='grc' dir='ltr'>ἰερέων,</span> <span class='ocrx_word' id='word_1_373' title='bbox 1484 4304 1578 4358; x_wconf 79' lang='grc' dir='ltr'>καὶ</span> <span class='ocrx_word' id='word_1_374' title='bbox 1607 4304 1717 4357; x_wconf 91' lang='grc' dir='ltr'>τῶν</span> <span class='ocrx_word' id='word_1_375' title='bbox 1743 4304 2018 4375; x_wconf 85' lang='grc' dir='ltr'>ἀρχόντων</span> <span class='ocrx_word' id='word_1_376' title='bbox 2039 4306 2132 4360; x_wconf 75' lang='grc' dir='ltr'>καὶ</span> 
     </span>
    </p>
   </div>
   <div class='ocr_carea' id='block_1_48' title="bbox 558 4391 2133 4465">
    <p class='ocr_par' dir='ltr' id='par_1_48' title="bbox 558 4391 2133 4465">
     <span class='ocr_line' id='line_1_48' title="bbox 558 4391 2133 4465; baseline 0 -19"><span class='ocrx_word' id='word_1_377' title='bbox 558 4393 1030 4465; x_wconf 72' lang='grc' dir='ltr'>ψευδοπροφητῶν.</span> <span class='ocrx_word' id='word_1_378' title='bbox 1062 4392 1169 4447; x_wconf 78' lang='grc' dir='ltr'>Καὶ</span> <span class='ocrx_word' id='word_1_379' title='bbox 1206 4392 1473 4460; x_wconf 71' lang='grc' dir='ltr'>ἐζήτουν,</span> <span class='ocrx_word' id='word_1_380' title='bbox 1527 4394 1712 4462; x_wconf 74' lang='grc' dir='ltr'>φησὶν,</span> <span class='ocrx_word' id='word_1_381' title='bbox 1752 4391 1942 4461; x_wconf 75' lang='grc' dir='ltr'>ἄνδρα</span> <span class='ocrx_word' id='word_1_382' title='bbox 1989 4392 2133 4446; x_wconf 82' lang='grc' dir='ltr'>ἀνα-</span> 
     </span>
    </p>
   </div>
   <div class='ocr_carea' id='block_1_49' title="bbox 558 4476 2135 4547">
    <p class='ocr_par' dir='ltr' id='par_1_49' title="bbox 558 4476 2135 4547">
     <span class='ocr_line' id='line_1_49' title="bbox 558 4476 2135 4547; baseline 0 -15"><span class='ocrx_word' id='word_1_383' title='bbox 558 4482 966 4547; x_wconf 75' lang='grc' dir='ltr'>στρεφόμενον</span> <span class='ocrx_word' id='word_1_384' title='bbox 992 4476 1196 4546; x_wconf 79' lang='grc' dir='ltr'>όρθῶς,</span> <span class='ocrx_word' id='word_1_385' title='bbox 1225 4480 1320 4532; x_wconf 72' lang='grc' dir='ltr'>καὶ</span> <span class='ocrx_word' id='word_1_386' title='bbox 1355 4476 1583 4531; x_wconf 82' lang='grc' dir='ltr'>ἑστῶτα</span> <span class='ocrx_word' id='word_1_387' title='bbox 1606 4478 1677 4532; x_wconf 80' lang='grc' dir='ltr'>ἐν</span> <span class='ocrx_word' id='word_1_388' title='bbox 1707 4477 1965 4546; x_wconf 75' lang='grc' dir='ltr'>διακοπῇ</span> <span class='ocrx_word' id='word_1_389' title='bbox 1993 4495 2135 4547; x_wconf 71' lang='grc' dir='ltr'>φρα-</span> 
     </span>
    </p>
   </div>
   <div class='ocr_carea' id='block_1_50' title="bbox 559 4561 2130 4636">
    <p class='ocr_par' dir='ltr' id='par_1_50' title="bbox 559 4561 2130 4636">
     <span class='ocr_line' id='line_1_50' title="bbox 559 4561 2130 4636; baseline 0.002 -18"><span class='ocrx_word' id='word_1_390' title='bbox 559 4564 712 4636; x_wconf 78' lang='grc' dir='ltr'>γμοῦ</span> <span class='ocrx_word' id='word_1_391' title='bbox 756 4563 869 4633; x_wconf 83' lang='grc' dir='ltr'>πρὸ</span> <span class='ocrx_word' id='word_1_392' title='bbox 906 4561 1227 4629; x_wconf 80' lang='grc' dir='ltr'>προσώπου</span> <span class='ocrx_word' id='word_1_393' title='bbox 1260 4581 1379 4631; x_wconf 82' lang='grc' dir='ltr'>μου</span> <span class='ocrx_word' id='word_1_394' title='bbox 1416 4564 1485 4616; x_wconf 81' lang='grc' dir='ltr'>ἐν</span> <span class='ocrx_word' id='word_1_395' title='bbox 1522 4563 1704 4633; x_wconf 81' lang='grc' dir='ltr'>καιρῷ</span> <span class='ocrx_word' id='word_1_396' title='bbox 1729 4564 1839 4633; x_wconf 83' lang='grc' dir='ltr'>τῆς</span> <span class='ocrx_word' id='word_1_397' title='bbox 1865 4564 2000 4634; x_wconf 80' lang='grc' dir='ltr'>τῆς,</span> <span class='ocrx_word' id='word_1_398' title='bbox 2025 4566 2130 4621; x_wconf 85' lang='grc' dir='ltr'>τοῦ</span> 
     </span>
    </p>
   </div>
   <div class='ocr_carea' id='block_1_51' title="bbox 555 4648 2128 4723">
    <p class='ocr_par' dir='ltr' id='par_1_51' title="bbox 555 4648 2128 4723">
     <span class='ocr_line' id='line_1_51' title="bbox 555 4648 2128 4723; baseline 0.002 -18"><span class='ocrx_word' id='word_1_399' title='bbox 555 4652 641 4723; x_wconf 84' lang='grc' dir='ltr'>μὴ</span> <span class='ocrx_word' id='word_1_400' title='bbox 678 4653 764 4715; x_wconf 80' lang='grc' dir='ltr'>εἰς</span> <span class='ocrx_word' id='word_1_401' title='bbox 810 4651 981 4715; x_wconf 78' lang='grc' dir='ltr'>τέλος</span> <span class='ocrx_word' id='word_1_402' title='bbox 1016 4648 1327 4715; x_wconf 73' lang='grc' dir='ltr'>ἐξαλεῖψαι</span> <span class='ocrx_word' id='word_1_403' title='bbox 1370 4650 1557 4704; x_wconf 83' lang='grc' dir='ltr'>αὐτόν</span> <span class='ocrx_word' id='word_1_404' title='bbox 1587 4666 1601 4680; x_wconf 73' lang='grc' dir='ltr'>σ</span> <span class='ocrx_word' id='word_1_405' title='bbox 1634 4651 1734 4704; x_wconf 77' lang='grc' dir='ltr'>καὶ</span> <span class='ocrx_word' id='word_1_406' title='bbox 1770 4653 1881 4719; x_wconf 84' lang='grc' dir='ltr'>οὐχ</span> <span class='ocrx_word' id='word_1_407' title='bbox 1929 4648 2128 4720; x_wconf 82' lang='grc' dir='ltr'>εὗρον.</span> 
     </span>
    </p>
   </div>
   <div class='ocr_carea' id='block_1_52' title="bbox 562 4734 2130 4811">
    <p class='ocr_par' dir='ltr' id='par_1_52' title="bbox 562 4734 2130 4811">
     <span class='ocr_line' id='line_1_52' title="bbox 562 4734 2130 4811; baseline 0 -19"><span class='ocrx_word' id='word_1_408' title='bbox 562 4738 696 4811; x_wconf 78' lang='grc' dir='ltr'>Περὶ</span> <span class='ocrx_word' id='word_1_409' title='bbox 736 4738 833 4809; x_wconf 75' lang='grc' dir='ltr'>τῆς</span> <span class='ocrx_word' id='word_1_410' title='bbox 883 4734 1317 4805; x_wconf 86' lang='grc' dir='ltr'>εἰδωλολατρείας</span> <span class='ocrx_word' id='word_1_411' title='bbox 1369 4735 1464 4788; x_wconf 87' lang='grc' dir='ltr'>τοῦ</span> <span class='ocrx_word' id='word_1_412' title='bbox 1495 4735 1623 4788; x_wconf 89' lang='grc' dir='ltr'>λαοῦ</span> <span class='ocrx_word' id='word_1_413' title='bbox 1656 4736 1868 4807; x_wconf 92' lang='grc' dir='ltr'>Ἰσραὴλ</span> <span class='ocrx_word' id='word_1_414' title='bbox 1928 4740 2026 4808; x_wconf 84' lang='grc' dir='ltr'>τῆς</span> <span class='ocrx_word' id='word_1_415' title='bbox 2072 4740 2130 4792; x_wconf 92' lang='grc' dir='ltr'>ἐν</span> 
     </span>
    </p>
   </div>
   <div class='ocr_carea' id='block_1_53' title="bbox 557 4820 2127 4896">
    <p class='ocr_par' dir='ltr' id='par_1_53' title="bbox 557 4820 2127 4896">
     <span class='ocr_line' id='line_1_53' title="bbox 557 4820 2127 4896; baseline -0.001 -16"><span class='ocrx_word' id='word_1_416' title='bbox 557 4824 837 4896; x_wconf 71' lang='grc' dir='ltr'>Αἰγύπτῳ,</span> <span class='ocrx_word' id='word_1_417' title='bbox 872 4823 965 4877; x_wconf 82' lang='grc' dir='ltr'>καὶ</span> <span class='ocrx_word' id='word_1_418' title='bbox 994 4824 1092 4893; x_wconf 85' lang='grc' dir='ltr'>τῆς</span> <span class='ocrx_word' id='word_1_419' title='bbox 1129 4823 1263 4893; x_wconf 86' lang='grc' dir='ltr'>μετά</span> <span class='ocrx_word' id='word_1_420' title='bbox 1303 4820 1493 4885; x_wconf 87' lang='grc' dir='ltr'>ταῦτα,</span> <span class='ocrx_word' id='word_1_421' title='bbox 1532 4823 1627 4875; x_wconf 74' lang='grc' dir='ltr'>καὶ</span> <span class='ocrx_word' id='word_1_422' title='bbox 1666 4822 1775 4876; x_wconf 87' lang='grc' dir='ltr'>τῶν</span> <span class='ocrx_word' id='word_1_423' title='bbox 1815 4824 2127 4895; x_wconf 86' lang='grc' dir='ltr'>συμφορῶν.</span> 
     </span>
    </p>
   </div>
   <div class='ocr_carea' id='block_1_54' title="bbox 559 4909 2131 4980">
    <p class='ocr_par' dir='ltr' id='par_1_54' title="bbox 559 4909 2131 4980">
     <span class='ocr_line' id='line_1_54' title="bbox 559 4909 2131 4980; baseline 0 -15"><span class='ocrx_word' id='word_1_424' title='bbox 559 4913 670 4966; x_wconf 79' lang='grc' dir='ltr'>Καὶ</span> <span class='ocrx_word' id='word_1_425' title='bbox 701 4912 781 4965; x_wconf 75' lang='grc' dir='ltr'>ἐτι</span> <span class='ocrx_word' id='word_1_426' title='bbox 824 4910 948 4964; x_wconf 71' lang='grc' dir='ltr'>οὔτε</span> <span class='ocrx_word' id='word_1_427' title='bbox 998 4911 1190 4974; x_wconf 77' lang='grc' dir='ltr'>πένθος</span> <span class='ocrx_word' id='word_1_428' title='bbox 1230 4910 1452 4979; x_wconf 82' lang='grc' dir='ltr'>ποιῆσαι</span> <span class='ocrx_word' id='word_1_429' title='bbox 1478 4909 1991 4980; x_wconf 83' lang='grc' dir='ltr'>συγχωρηθήσονται</span> <span class='ocrx_word' id='word_1_430' title='bbox 2037 4913 2131 4966; x_wconf 79' lang='grc' dir='ltr'>ἐπὶ</span> 
     </span>
    </p>
   </div>
   <div class='ocr_carea' id='block_1_55' title="bbox 557 4997 2130 5068">
    <p class='ocr_par' dir='ltr' id='par_1_55' title="bbox 557 4997 2130 5068">
     <span class='ocr_line' id='line_1_55' title="bbox 557 4997 2130 5068; baseline 0.001 -17"><span class='ocrx_word' id='word_1_431' title='bbox 557 5001 669 5062; x_wconf 83' lang='grc' dir='ltr'>τοῖς</span> <span class='ocrx_word' id='word_1_432' title='bbox 712 4999 1065 5067; x_wconf 87' lang='grc' dir='ltr'>συμϐαίνουσι</span> <span class='ocrx_word' id='word_1_433' title='bbox 1120 4998 1390 5068; x_wconf 81' lang='grc' dir='ltr'>χαλεποῖς.</span> <span class='ocrx_word' id='word_1_434' title='bbox 1449 4997 1603 5050; x_wconf 84' lang='grc' dir='ltr'>Κατά</span> <span class='ocrx_word' id='word_1_435' title='bbox 1653 4997 1998 5067; x_wconf 79' lang='grc' dir='ltr'>Ἀμμανιτῶν</span> <span class='ocrx_word' id='word_1_436' title='bbox 2036 4999 2130 5052; x_wconf 78' lang='grc' dir='ltr'>καὶ</span> 
     </span>
    </p>
   </div>
   <div class='ocr_carea' id='block_1_56' title="bbox 573 5083 2129 5157">
    <p class='ocr_par' dir='ltr' id='par_1_56' title="bbox 573 5083 2129 5157">
     <span class='ocr_line' id='line_1_56' title="bbox 573 5083 2129 5157; baseline 0 -20"><span class='ocrx_word' id='word_1_437' title='bbox 573 5086 900 5156; x_wconf 88' lang='grc' dir='ltr'>Ἰδουμαίων,</span> <span class='ocrx_word' id='word_1_438' title='bbox 924 5088 1016 5139; x_wconf 74' lang='grc' dir='ltr'>καὶ</span> <span class='ocrx_word' id='word_1_439' title='bbox 1055 5085 1365 5154; x_wconf 77' lang='grc' dir='ltr'>ἀλλοφύλων</span> <span class='ocrx_word' id='word_1_440' title='bbox 1384 5124 1400 5149; x_wconf 90' lang='grc'>,</span> <span class='ocrx_word' id='word_1_441' title='bbox 1427 5086 1520 5140; x_wconf 78' lang='grc' dir='ltr'>καὶ</span> <span class='ocrx_word' id='word_1_442' title='bbox 1544 5084 1644 5154; x_wconf 81' lang='grc' dir='ltr'>τῆς</span> <span class='ocrx_word' id='word_1_443' title='bbox 1678 5083 1819 5155; x_wconf 85' lang='grc' dir='ltr'>Σὼρ,</span> <span class='ocrx_word' id='word_1_444' title='bbox 1855 5086 1922 5157; x_wconf 81' lang='grc' dir='ltr'>ὴν</span> <span class='ocrx_word' id='word_1_445' title='bbox 1955 5085 2129 5157; x_wconf 86' lang='grc' dir='ltr'>Τύρον</span> 
     </span>
    </p>
   </div>
   <div class='ocr_carea' id='block_1_57' title="bbox 560 5168 2127 5243">
    <p class='ocr_par' dir='ltr' id='par_1_57' title="bbox 560 5168 2127 5243">
     <span class='ocr_line' id='line_1_57' title="bbox 560 5168 2127 5243; baseline 0 -18"><span class='ocrx_word' id='word_1_446' title='bbox 560 5172 804 5240; x_wconf 77' lang='grc' dir='ltr'>λέγουσιν</span> <span class='ocrx_word' id='word_1_447' title='bbox 848 5168 1007 5227; x_wconf 84' lang='grc' dir='ltr'>εἶναι.</span> <span class='ocrx_word' id='word_1_448' title='bbox 1052 5173 1310 5243; x_wconf 85' lang='grc' dir='ltr'>Προλέγει</span> <span class='ocrx_word' id='word_1_449' title='bbox 1344 5171 1629 5242; x_wconf 83' lang='grc' dir='ltr'>συμφορὰς</span> <span class='ocrx_word' id='word_1_450' title='bbox 1679 5172 1938 5241; x_wconf 82' lang='grc' dir='ltr'>μεγάλας,</span> <span class='ocrx_word' id='word_1_451' title='bbox 1988 5173 2127 5226; x_wconf 70' lang='grc' dir='ltr'>κατὰ</span> 
     </span>
    </p>
   </div>
   <div class='ocr_carea' id='block_1_58' title="bbox 556 5257 2129 5330">
    <p class='ocr_par' dir='ltr' id='par_1_58' title="bbox 556 5257 2129 5330">
     <span class='ocr_line' id='line_1_58' title="bbox 556 5257 2129 5330; baseline -0.001 -18"><span class='ocrx_word' id='word_1_452' title='bbox 556 5259 651 5312; x_wconf 90' lang='grc' dir='ltr'>τοῦ</span> <span class='ocrx_word' id='word_1_453' title='bbox 680 5258 935 5330; x_wconf 68' lang='grc' dir='ltr'>ἀρχοντος</span> <span class='ocrx_word' id='word_1_454' title='bbox 978 5258 1155 5330; x_wconf 89' lang='grc' dir='ltr'>Τύρου</span> <span class='ocrx_word' id='word_1_455' title='bbox 1186 5259 1279 5312; x_wconf 77' lang='grc' dir='ltr'>καὶ</span> <span class='ocrx_word' id='word_1_456' title='bbox 1319 5258 1564 5320; x_wconf 79' lang='grc' dir='ltr'>Σιδῶνος.</span> <span class='ocrx_word' id='word_1_457' title='bbox 1596 5259 1687 5311; x_wconf 75' lang='grc' dir='ltr'>καὶ</span> <span class='ocrx_word' id='word_1_458' title='bbox 1713 5257 2007 5325; x_wconf 71' lang='grc' dir='ltr'>Αἰγύπτου,</span> <span class='ocrx_word' id='word_1_459' title='bbox 2040 5259 2129 5311; x_wconf 74' lang='grc' dir='ltr'>καὶ</span> 
     </span>
    </p>
   </div>
   <div class='ocr_carea' id='block_1_59' title="bbox 559 5344 2128 5420">
    <p class='ocr_par' dir='ltr' id='par_1_59' title="bbox 559 5344 2128 5420">
     <span class='ocr_line' id='line_1_59' title="bbox 559 5344 2128 5420; baseline 0.001 -22"><span class='ocrx_word' id='word_1_460' title='bbox 559 5345 650 5400; x_wconf 83' lang='grc' dir='ltr'>τοῦ</span> <span class='ocrx_word' id='word_1_461' title='bbox 698 5345 1016 5420; x_wconf 58' lang='grc' dir='ltr'>Αἰγυπτίων</span> <span class='ocrx_word' id='word_1_462' title='bbox 1050 5344 1330 5415; x_wconf 75' lang='grc' dir='ltr'>βασιλέως.</span> <span class='ocrx_word' id='word_1_463' title='bbox 1388 5345 1623 5397; x_wconf 83' lang='grc' dir='ltr'>’Δπειλεῖ</span> <span class='ocrx_word' id='word_1_464' title='bbox 1668 5345 1745 5414; x_wconf 74' lang='grc' dir='ltr'>τῷ</span> <span class='ocrx_word' id='word_1_465' title='bbox 1800 5347 1985 5415; x_wconf 82' lang='grc' dir='ltr'>σκοπῷ</span> <span class='ocrx_word' id='word_1_466' title='bbox 2033 5345 2128 5399; x_wconf 89' lang='grc' dir='ltr'>τοῦ</span> 
     </span>
    </p>
   </div>
   <div class='ocr_carea' id='block_1_60' title="bbox 558 5428 2129 5504">
    <p class='ocr_par' dir='ltr' id='par_1_60' title="bbox 558 5428 2129 5504">
     <span class='ocr_line' id='line_1_60' title="bbox 558 5428 2129 5504; baseline -0.001 -18"><span class='ocrx_word' id='word_1_467' title='bbox 558 5433 708 5496; x_wconf 86' lang='grc' dir='ltr'>λαοῦ,</span> <span class='ocrx_word' id='word_1_468' title='bbox 734 5435 782 5486; x_wconf 77' lang='grc' dir='ltr'>εἰ</span> <span class='ocrx_word' id='word_1_469' title='bbox 806 5432 883 5504; x_wconf 81' lang='grc' dir='ltr'>μὴ</span> <span class='ocrx_word' id='word_1_470' title='bbox 905 5431 1151 5504; x_wconf 85' lang='grc' dir='ltr'>προείποι</span> <span class='ocrx_word' id='word_1_471' title='bbox 1173 5430 1248 5501; x_wconf 81' lang='grc' dir='ltr'>τῷ</span> <span class='ocrx_word' id='word_1_472' title='bbox 1268 5430 1398 5500; x_wconf 79' lang='grc' dir='ltr'>λαῷ,</span> <span class='ocrx_word' id='word_1_473' title='bbox 1431 5428 1491 5484; x_wconf 71' lang='grc' dir='ltr'>οὗ</span> <span class='ocrx_word' id='word_1_474' title='bbox 1512 5433 1745 5484; x_wconf 82' lang='grc' dir='ltr'>τέθειται</span> <span class='ocrx_word' id='word_1_475' title='bbox 1770 5433 1967 5499; x_wconf 79' lang='grc' dir='ltr'>σκοπὸς</span> <span class='ocrx_word' id='word_1_476' title='bbox 1995 5431 2129 5503; x_wconf 84' lang='grc' dir='ltr'>πρὸς</span> 
     </span>
    </p>
   </div>
   <div class='ocr_carea' id='block_1_61' title="bbox 559 5518 2129 5595">
    <p class='ocr_par' dir='ltr' id='par_1_61' title="bbox 559 5518 2129 5595">
     <span class='ocr_line' id='line_1_61' title="bbox 559 5518 2129 5595; baseline 0 -23"><span class='ocrx_word' id='word_1_477' title='bbox 559 5524 654 5585; x_wconf 68' lang='grc' dir='ltr'>τὰς</span> <span class='ocrx_word' id='word_1_478' title='bbox 694 5521 847 5595; x_wconf 77' lang='grc' dir='ltr'>παρὰ</span> <span class='ocrx_word' id='word_1_479' title='bbox 886 5521 980 5574; x_wconf 86' lang='grc' dir='ltr'>τοῦ</span> <span class='ocrx_word' id='word_1_480' title='bbox 1034 5518 1167 5572; x_wconf 88' lang='grc' dir='ltr'>Θεοῦ</span> <span class='ocrx_word' id='word_1_481' title='bbox 1216 5519 1613 5590; x_wconf 77' lang='grc' dir='ltr'>ἐπιφερομὲ-.ας</span> <span class='ocrx_word' id='word_1_482' title='bbox 1672 5521 1972 5592; x_wconf 80' lang='grc' dir='ltr'>συμφοράς.</span> <span class='ocrx_word' id='word_1_483' title='bbox 2021 5522 2129 5573; x_wconf 74' lang='grc' dir='ltr'>Καὶ</span> 
     </span>
    </p>
   </div>
   <div class='ocr_carea' id='block_1_62' title="bbox 618 5692 1051 5744">
    <p class='ocr_par' dir='ltr' id='par_1_62' title="bbox 618 5692 1051 5744">
     <span class='ocr_line' id='line_1_62' title="bbox 618 5692 1051 5744; baseline -0.018 0"><span class='ocrx_word' id='word_1_484' title='bbox 618 5694 643 5723; x_wconf 84' lang='grc'><strong><em>⁸</em></strong></span> <span class='ocrx_word' id='word_1_485' title='bbox 668 5693 815 5744; x_wconf 75' lang='lat' dir='ltr'>Forte</span> <span class='ocrx_word' id='word_1_486' title='bbox 844 5692 1051 5742; x_wconf 79' lang='grc' dir='ltr'>δύναται.</span> 
     </span>
    </p>
   </div>
   <div class='ocr_carea' id='block_1_63' title="bbox 1221 268 3081 330">
    <p class='ocr_par' dir='ltr' id='par_1_63' title="bbox 1221 268 3081 330">
     <span class='ocr_line' id='line_1_63' title="bbox 1221 268 3081 330; baseline -0.001 0"><span class='ocrx_word' id='word_1_487' title='bbox 1221 275 1279 330; x_wconf 89' lang='lat' dir='ltr'>S.</span> <span class='ocrx_word' id='word_1_488' title='bbox 1316 273 1601 330; x_wconf 72' lang='lat' dir='ltr'>JOANNIS</span> <span class='ocrx_word' id='word_1_489' title='bbox 1635 271 2125 330; x_wconf 58' lang='lat' dir='ltr'>CHRYHOSTOMI</span> <span class='ocrx_word' id='word_1_490' title='bbox 2163 268 2489 327; x_wconf 78' lang='lat' dir='ltr'>ARCIIIEP.</span> <span class='ocrx_word' id='word_1_491' title='bbox 2528 271 3081 330; x_wconf 68' lang='lat' dir='ltr'>CONSTANTINOP.</span> 
     </span>
    </p>
   </div>
   <div class='ocr_carea' id='block_1_64' title="bbox 3732 277 3843 333">
    <p class='ocr_par' dir='ltr' id='par_1_64' title="bbox 3732 277 3843 333">
     <span class='ocr_line' id='line_1_64' title="bbox 3732 277 3843 333; baseline -0.009 0"><span class='ocrx_word' id='word_1_492' title='bbox 3732 277 3843 333; x_wconf 68' lang='lat'>&#39;53!</span> 
     </span>
    </p>
   </div>
   <div class='ocr_carea' id='block_1_65' title="bbox 2264 383 3846 458">
    <p class='ocr_par' dir='ltr' id='par_1_65' title="bbox 2264 383 3846 458">
     <span class='ocr_line' id='line_1_65' title="bbox 2264 383 3846 458; baseline 0.003 -21"><span class='ocrx_word' id='word_1_493' title='bbox 2264 383 2428 452; x_wconf 86' lang='grc' dir='ltr'>λέγει,</span> <span class='ocrx_word' id='word_1_494' title='bbox 2461 385 2537 448; x_wconf 80' lang='grc' dir='ltr'>ὡς</span> <span class='ocrx_word' id='word_1_495' title='bbox 2568 387 2705 457; x_wconf 81' lang='grc' dir='ltr'>μήτε</span> <span class='ocrx_word' id='word_1_496' title='bbox 2727 385 2927 457; x_wconf 81' lang='grc' dir='ltr'>ἄνομον</span> <span class='ocrx_word' id='word_1_497' title='bbox 2950 385 3285 442; x_wconf 87' lang='grc' dir='ltr'>ἀπόλλυσθαι</span> <span class='ocrx_word' id='word_1_498' title='bbox 3312 384 3401 441; x_wconf 82' lang='grc' dir='ltr'>διά</span> <span class='ocrx_word' id='word_1_499' title='bbox 3438 387 3536 451; x_wconf 81' lang='grc' dir='ltr'>τάς</span> <span class='ocrx_word' id='word_1_500' title='bbox 3564 388 3846 458; x_wconf 81' lang='grc' dir='ltr'>προτέρας</span> 
     </span>
    </p>
   </div>
   <div class='ocr_carea' id='block_1_66' title="bbox 2257 471 3846 544">
    <p class='ocr_par' dir='ltr' id='par_1_66' title="bbox 2257 471 3846 544">
     <span class='ocr_line' id='line_1_66' title="bbox 2257 471 3846 544; baseline 0.001 -20"><span class='ocrx_word' id='word_1_501' title='bbox 2257 472 2506 541; x_wconf 86' lang='grc' dir='ltr'>ἀνομίας,</span> <span class='ocrx_word' id='word_1_502' title='bbox 2552 473 2649 525; x_wconf 90' lang='grc' dir='ltr'>ἐάν</span> <span class='ocrx_word' id='word_1_503' title='bbox 2694 474 2996 544; x_wconf 83' lang='grc' dir='ltr'>ἐπιστρέψῃ</span> <span class='ocrx_word' id='word_1_504' title='bbox 3036 472 3132 525; x_wconf 91' lang='grc' dir='ltr'>τοῦ</span> <span class='ocrx_word' id='word_1_505' title='bbox 3176 473 3400 543; x_wconf 65' lang='grc' dir='ltr'>⁴ιιιοιῆσαι</span> <span class='ocrx_word' id='word_1_506' title='bbox 3426 472 3496 525; x_wconf 88' lang='grc' dir='ltr'>τά</span> <span class='ocrx_word' id='word_1_507' title='bbox 3525 471 3733 543; x_wconf 81' lang='grc' dir='ltr'>ἀρεστά</span> <span class='ocrx_word' id='word_1_508' title='bbox 3762 472 3846 541; x_wconf 78' lang='grc' dir='ltr'>τῷ</span> 
     </span>
    </p>
   </div>
   <div class='ocr_carea' id='block_1_67' title="bbox 2257 557 3846 631">
    <p class='ocr_par' dir='ltr' id='par_1_67' title="bbox 2257 557 3846 631">
     <span class='ocr_line' id='line_1_67' title="bbox 2257 557 3846 631; baseline 0.001 -21"><span class='ocrx_word' id='word_1_509' title='bbox 2257 557 2376 628; x_wconf 87' lang='grc' dir='ltr'>Θεῷ</span> <span class='ocrx_word' id='word_1_510' title='bbox 2396 574 2411 589; x_wconf 74' lang='grc' dir='ltr'>ο</span> <span class='ocrx_word' id='word_1_511' title='bbox 2442 561 2578 629; x_wconf 78' lang='grc' dir='ltr'>μήτε</span> <span class='ocrx_word' id='word_1_512' title='bbox 2608 559 2818 614; x_wconf 87' lang='grc' dir='ltr'>δίκαιον</span> <span class='ocrx_word' id='word_1_513' title='bbox 2847 560 3113 626; x_wconf 80' lang='grc' dir='ltr'>σώζεσθαι</span> <span class='ocrx_word' id='word_1_514' title='bbox 3135 599 3152 623; x_wconf 95' lang='grc'>,</span> <span class='ocrx_word' id='word_1_515' title='bbox 3180 560 3273 613; x_wconf 89' lang='grc' dir='ltr'>διά</span> <span class='ocrx_word' id='word_1_516' title='bbox 3310 560 3411 623; x_wconf 87' lang='grc' dir='ltr'>τάς</span> <span class='ocrx_word' id='word_1_517' title='bbox 3444 560 3717 631; x_wconf 81' lang='grc' dir='ltr'>προτέρας</span> <span class='ocrx_word' id='word_1_518' title='bbox 3755 558 3846 611; x_wconf 79' lang='grc' dir='ltr'>διο</span> 
     </span>
    </p>
   </div>
   <div class='ocr_carea' id='block_1_68' title="bbox 2258 644 3846 718">
    <p class='ocr_par' dir='ltr' id='par_1_68' title="bbox 2258 644 3846 718">
     <span class='ocr_line' id='line_1_68' title="bbox 2258 644 3846 718; baseline 0.004 -22"><span class='ocrx_word' id='word_1_519' title='bbox 2258 644 2567 709; x_wconf 90' lang='grc' dir='ltr'>καιοσύνας,</span> <span class='ocrx_word' id='word_1_520' title='bbox 2598 646 2694 698; x_wconf 87' lang='grc' dir='ltr'>ἐάν</span> <span class='ocrx_word' id='word_1_521' title='bbox 2723 647 3080 718; x_wconf 83' lang='grc' dir='ltr'>μεταϐληθεὶς</span> <span class='ocrx_word' id='word_1_522' title='bbox 3106 648 3331 717; x_wconf 88' lang='grc' dir='ltr'>γένηται</span> <span class='ocrx_word' id='word_1_523' title='bbox 3364 648 3563 717; x_wconf 78' lang='grc' dir='ltr'>ἄνομος</span> <span class='ocrx_word' id='word_1_524' title='bbox 3587 648 3684 699; x_wconf 78' lang='grc' dir='ltr'>καὶ</span> <span class='ocrx_word' id='word_1_525' title='bbox 3722 646 3846 702; x_wconf 73' lang='grc' dir='ltr'>ἀδι-</span> 
     </span>
    </p>
   </div>
   <div class='ocr_carea' id='block_1_69' title="bbox 2258 729 3844 808">
    <p class='ocr_par' dir='ltr' id='par_1_69' title="bbox 2258 729 3844 808">
     <span class='ocr_line' id='line_1_69' title="bbox 2258 729 3844 808; baseline 0.003 -23"><span class='ocrx_word' id='word_1_526' title='bbox 2258 749 2372 795; x_wconf 88' lang='grc' dir='ltr'>κος.</span> <span class='ocrx_word' id='word_1_527' title='bbox 2402 729 2577 787; x_wconf 67' lang='grc' dir='ltr'>*Ηλθέ</span> <span class='ocrx_word' id='word_1_528' title='bbox 2613 752 2699 799; x_wconf 93' lang='grc' dir='ltr'>τις</span> <span class='ocrx_word' id='word_1_529' title='bbox 2726 735 2863 806; x_wconf 82' lang='grc' dir='ltr'>πρὸς</span> <span class='ocrx_word' id='word_1_530' title='bbox 2895 736 2989 789; x_wconf 83' lang='grc' dir='ltr'>τὸν</span> <span class='ocrx_word' id='word_1_531' title='bbox 3033 739 3318 808; x_wconf 79' lang='grc' dir='ltr'>προφήτην</span> <span class='ocrx_word' id='word_1_532' title='bbox 3349 736 3727 803; x_wconf 77' lang='grc' dir='ltr'>ἀπαγγέλλων,</span> <span class='ocrx_word' id='word_1_533' title='bbox 3754 736 3844 789; x_wconf 69' lang='grc' dir='ltr'>ὅτι</span> 
     </span>
    </p>
   </div>
   <div class='ocr_carea' id='block_1_70' title="bbox 2257 820 3917 901">
    <p class='ocr_par' dir='ltr' id='par_1_70' title="bbox 2257 820 3917 901">
     <span class='ocr_line' id='line_1_70' title="bbox 2257 820 3917 901; baseline 0.002 -28"><span class='ocrx_word' id='word_1_534' title='bbox 2257 820 2399 874; x_wconf 84' lang='grc' dir='ltr'>ἐάλω</span> <span class='ocrx_word' id='word_1_535' title='bbox 2425 821 2974 901; x_wconf 73' lang='grc' dir='ltr'>Ἰερουσαλήμολέγει</span> <span class='ocrx_word' id='word_1_536' title='bbox 2991 823 3049 877; x_wconf 84' lang='grc' dir='ltr'>δὲ</span> <span class='ocrx_word' id='word_1_537' title='bbox 3068 826 3163 877; x_wconf 78' lang='grc' dir='ltr'>καὶ</span> <span class='ocrx_word' id='word_1_538' title='bbox 3191 825 3320 894; x_wconf 85' lang='grc' dir='ltr'>περί</span> <span class='ocrx_word' id='word_1_539' title='bbox 3345 824 3537 876; x_wconf 87' lang='grc' dir='ltr'>τούτου</span> <span class='ocrx_word' id='word_1_540' title='bbox 3560 823 3839 891; x_wconf 65' lang='grc' dir='ltr'>ἐγκαλῶν,</span> <span class='ocrx_word' id='word_1_541' title='bbox 3906 850 3917 851; x_wconf 47' lang='grc' dir='ltr'>ί</span> 
     </span>
    </p>
   </div>
   <div class='ocr_carea' id='block_1_71' title="bbox 2253 907 3842 982">
    <p class='ocr_par' dir='ltr' id='par_1_71' title="bbox 2253 907 3842 982">
     <span class='ocr_line' id='line_1_71' title="bbox 2253 907 3842 982; baseline 0.004 -23"><span class='ocrx_word' id='word_1_542' title='bbox 2253 908 2336 960; x_wconf 79' lang='grc' dir='ltr'>ὅτι</span> <span class='ocrx_word' id='word_1_543' title='bbox 2368 907 2443 979; x_wconf 87' lang='grc' dir='ltr'>μὴ</span> <span class='ocrx_word' id='word_1_544' title='bbox 2476 911 2783 980; x_wconf 87' lang='grc' dir='ltr'>προσέχωσι</span> <span class='ocrx_word' id='word_1_545' title='bbox 2804 914 2918 974; x_wconf 82' lang='grc' dir='ltr'>τοῖς</span> <span class='ocrx_word' id='word_1_546' title='bbox 2952 912 3469 982; x_wconf 82' lang='grc' dir='ltr'>προφητευομένοις.</span> <span class='ocrx_word' id='word_1_547' title='bbox 3494 911 3842 982; x_wconf 75' lang='grc' dir='ltr'>Προφητεύα</span> 
     </span>
    </p>
   </div>
   <div class='ocr_carea' id='block_1_72' title="bbox 2253 994 3843 1069">
    <p class='ocr_par' dir='ltr' id='par_1_72' title="bbox 2253 994 3843 1069">
     <span class='ocr_line' id='line_1_72' title="bbox 2253 994 3843 1069; baseline 0.004 -24"><span class='ocrx_word' id='word_1_548' title='bbox 2253 994 2310 1045; x_wconf 84' lang='grc' dir='ltr'>δὲ</span> <span class='ocrx_word' id='word_1_549' title='bbox 2361 996 2457 1049; x_wconf 81' lang='grc' dir='ltr'>καὶ</span> <span class='ocrx_word' id='word_1_550' title='bbox 2492 994 2635 1049; x_wconf 88' lang='grc' dir='ltr'>κατά</span> <span class='ocrx_word' id='word_1_551' title='bbox 2666 996 2777 1049; x_wconf 92' lang='grc' dir='ltr'>τῶν</span> <span class='ocrx_word' id='word_1_552' title='bbox 2800 998 3074 1065; x_wconf 79' lang='grc' dir='ltr'>ποιμένων</span> <span class='ocrx_word' id='word_1_553' title='bbox 3113 998 3214 1051; x_wconf 90' lang='grc' dir='ltr'>τοῦ</span> <span class='ocrx_word' id='word_1_554' title='bbox 3252 998 3503 1069; x_wconf 77' lang='grc' dir='ltr'>Ἰσραήλ’</span> <span class='ocrx_word' id='word_1_555' title='bbox 3536 1000 3634 1051; x_wconf 78' lang='grc' dir='ltr'>καὶ</span> <span class='ocrx_word' id='word_1_556' title='bbox 3662 1000 3843 1068; x_wconf 54' lang='lat' dir='ltr'>tur</span> 
     </span>
    </p>
   </div>
   <div class='ocr_carea' id='block_1_73' title="bbox 2254 1080 3838 1156">
    <p class='ocr_par' dir='ltr' id='par_1_73' title="bbox 2254 1080 3838 1156">
     <span class='ocr_line' id='line_1_73' title="bbox 2254 1080 3838 1156; baseline 0.004 -24"><span class='ocrx_word' id='word_1_557' title='bbox 2254 1080 2500 1147; x_wconf 83' lang='grc' dir='ltr'>γέλλεται</span> <span class='ocrx_word' id='word_1_558' title='bbox 2539 1081 2731 1135; x_wconf 79' lang='grc' dir='ltr'>δώσειν</span> <span class='ocrx_word' id='word_1_559' title='bbox 2769 1083 2953 1147; x_wconf 78' lang='grc' dir='ltr'>αὐτοῖς</span> <span class='ocrx_word' id='word_1_560' title='bbox 2994 1085 3093 1137; x_wconf 77' lang='grc' dir='ltr'>ἕνα</span> <span class='ocrx_word' id='word_1_561' title='bbox 3137 1084 3407 1154; x_wconf 75' lang='grc' dir='ltr'>ποιμέναο</span> <span class='ocrx_word' id='word_1_562' title='bbox 3441 1086 3578 1156; x_wconf 64' lang='lat' dir='ltr'>amp</span> <span class='ocrx_word' id='word_1_563' title='bbox 3616 1086 3712 1138; x_wconf 81' lang='grc' dir='ltr'>ἐπὶ</span> <span class='ocrx_word' id='word_1_564' title='bbox 3738 1087 3838 1140; x_wconf 88' lang='grc' dir='ltr'>τοῦ</span> 
     </span>
    </p>
   </div>
   <div class='ocr_carea' id='block_1_74' title="bbox 2254 1168 3837 1241">
    <p class='ocr_par' dir='ltr' id='par_1_74' title="bbox 2254 1168 3837 1241">
     <span class='ocr_line' id='line_1_74' title="bbox 2254 1168 3837 1241; baseline 0.004 -22"><span class='ocrx_word' id='word_1_565' title='bbox 2254 1168 2555 1237; x_wconf 90' lang='grc' dir='ltr'>Ζοροϐάϐελ</span> <span class='ocrx_word' id='word_1_566' title='bbox 2585 1169 2838 1237; x_wconf 87' lang='grc' dir='ltr'>γέγονεν,</span> <span class='ocrx_word' id='word_1_567' title='bbox 2877 1171 3015 1240; x_wconf 84' lang='grc' dir='ltr'>ὅπερ</span> <span class='ocrx_word' id='word_1_568' title='bbox 3059 1172 3152 1224; x_wconf 78' lang='grc' dir='ltr'>καὶ</span> <span class='ocrx_word' id='word_1_569' title='bbox 3189 1170 3319 1223; x_wconf 83' lang='grc' dir='ltr'>αὐτὸ</span> <span class='ocrx_word' id='word_1_570' title='bbox 3351 1172 3837 1241; x_wconf 79' lang='grc' dir='ltr'>ἀναισχυντοῦντες</span> 
     </span>
    </p>
   </div>
   <div class='ocr_carea' id='block_1_75' title="bbox 2265 1254 3833 1329">
    <p class='ocr_par' dir='ltr' id='par_1_75' title="bbox 2265 1254 3833 1329">
     <span class='ocr_line' id='line_1_75' title="bbox 2265 1254 3833 1329; baseline 0.004 -24"><span class='ocrx_word' id='word_1_571' title='bbox 2265 1254 2506 1307; x_wconf 84' lang='grc' dir='ltr'>Ἰουδαῖοι</span> <span class='ocrx_word' id='word_1_572' title='bbox 2532 1254 2687 1308; x_wconf 80' lang='grc' dir='ltr'>οῦπω</span> <span class='ocrx_word' id='word_1_573' title='bbox 2707 1256 3038 1325; x_wconf 79' lang='grc' dir='ltr'>γεγενῆσθαί</span> <span class='ocrx_word' id='word_1_574' title='bbox 3070 1275 3226 1326; x_wconf 85' lang='grc' dir='ltr'>φασι·</span> <span class='ocrx_word' id='word_1_575' title='bbox 3249 1258 3442 1326; x_wconf 82' lang='grc' dir='ltr'>γέγονε</span> <span class='ocrx_word' id='word_1_576' title='bbox 3457 1258 3537 1319; x_wconf 85' lang='grc' dir='ltr'>δὲ,</span> <span class='ocrx_word' id='word_1_577' title='bbox 3566 1259 3646 1321; x_wconf 84' lang='grc' dir='ltr'>ὡς</span> <span class='ocrx_word' id='word_1_578' title='bbox 3666 1259 3833 1329; x_wconf 76' lang='grc' dir='ltr'>ἔφην,</span> 
     </span>
    </p>
   </div>
   <div class='ocr_carea' id='block_1_76' title="bbox 2252 1341 3835 1416">
    <p class='ocr_par' dir='ltr' id='par_1_76' title="bbox 2252 1341 3835 1416">
     <span class='ocr_line' id='line_1_76' title="bbox 2252 1341 3835 1416; baseline 0.004 -24"><span class='ocrx_word' id='word_1_579' title='bbox 2252 1341 2345 1393; x_wconf 68' lang='grc' dir='ltr'>ἐπὶ</span> <span class='ocrx_word' id='word_1_580' title='bbox 2358 1342 2680 1413; x_wconf 85' lang='grc' dir='ltr'>Ζοροϐάϐελ.</span> <span class='ocrx_word' id='word_1_581' title='bbox 2703 1344 3040 1414; x_wconf 85' lang='grc' dir='ltr'>Προφητεύει</span> <span class='ocrx_word' id='word_1_582' title='bbox 3061 1345 3203 1398; x_wconf 90' lang='grc' dir='ltr'>κατά</span> <span class='ocrx_word' id='word_1_583' title='bbox 3232 1345 3548 1416; x_wconf 81' lang='grc' dir='ltr'>Ἰδουμαίων</span> <span class='ocrx_word' id='word_1_584' title='bbox 3595 1346 3694 1399; x_wconf 80' lang='grc' dir='ltr'>καὶ</span> <span class='ocrx_word' id='word_1_585' title='bbox 3717 1350 3835 1410; x_wconf 81' lang='grc' dir='ltr'>τοῖς</span> 
     </span>
    </p>
   </div>
   <div class='ocr_carea' id='block_1_77' title="bbox 2263 1428 3834 1503">
    <p class='ocr_par' dir='ltr' id='par_1_77' title="bbox 2263 1428 3834 1503">
     <span class='ocr_line' id='line_1_77' title="bbox 2263 1428 3834 1503; baseline 0.003 -23"><span class='ocrx_word' id='word_1_586' title='bbox 2263 1428 2623 1499; x_wconf 87' lang='grc' dir='ltr'>Ἰσραηλίταις</span> <span class='ocrx_word' id='word_1_587' title='bbox 2666 1430 2910 1499; x_wconf 86' lang='grc' dir='ltr'>χρηστά,</span> <span class='ocrx_word' id='word_1_588' title='bbox 2951 1431 3097 1501; x_wconf 73' lang='grc' dir='ltr'>ἅπερ</span> <span class='ocrx_word' id='word_1_589' title='bbox 3143 1432 3308 1500; x_wconf 74' lang='grc' dir='ltr'>φησὶν</span> <span class='ocrx_word' id='word_1_590' title='bbox 3334 1434 3364 1485; x_wconf 97' lang='lat'>6</span> <span class='ocrx_word' id='word_1_591' title='bbox 3400 1431 3531 1495; x_wconf 86' lang='grc' dir='ltr'>Θεὸς</span> <span class='ocrx_word' id='word_1_592' title='bbox 3579 1435 3834 1503; x_wconf 76' lang='grc' dir='ltr'>ποιήσειν</span> 
     </span>
    </p>
   </div>
   <div class='ocr_carea' id='block_1_78' title="bbox 2264 1515 3833 1591">
    <p class='ocr_par' dir='ltr' id='par_1_78' title="bbox 2264 1515 3833 1591">
     <span class='ocr_line' id='line_1_78' title="bbox 2264 1515 3833 1591; baseline 0.004 -25"><span class='ocrx_word' id='word_1_593' title='bbox 2264 1515 2666 1577; x_wconf 87' lang='grc' dir='ltr'>Ἰουδαίοις,ούκ</span> <span class='ocrx_word' id='word_1_594' title='bbox 2688 1517 2875 1588; x_wconf 85' lang='grc' dir='ltr'>ἐπειδὴ</span> <span class='ocrx_word' id='word_1_595' title='bbox 2893 1516 3031 1583; x_wconf 80' lang='grc' dir='ltr'>ἄξιοί</span> <span class='ocrx_word' id='word_1_596' title='bbox 3059 1518 3217 1577; x_wconf 89' lang='grc' dir='ltr'>εἰσιν,</span> <span class='ocrx_word' id='word_1_597' title='bbox 3232 1518 3446 1571; x_wconf 74' lang='grc' dir='ltr'>ἀλλ’ἵνα</span> <span class='ocrx_word' id='word_1_598' title='bbox 3472 1519 3549 1591; x_wconf 88' lang='grc' dir='ltr'>μὴ</span> <span class='ocrx_word' id='word_1_599' title='bbox 3570 1520 3633 1572; x_wconf 87' lang='grc' dir='ltr'>τὸ</span> <span class='ocrx_word' id='word_1_600' title='bbox 3657 1522 3833 1589; x_wconf 80' lang='grc' dir='ltr'>δνομα</span> 
     </span>
    </p>
   </div>
   <div class='ocr_carea' id='block_1_79' title="bbox 2252 1600 3830 1679">
    <p class='ocr_par' dir='ltr' id='par_1_79' title="bbox 2252 1600 3830 1679">
     <span class='ocr_line' id='line_1_79' title="bbox 2252 1600 3830 1679; baseline 0.005 -26"><span class='ocrx_word' id='word_1_601' title='bbox 2252 1600 2420 1654; x_wconf 78' lang='grc' dir='ltr'>αὑτοῦ</span> <span class='ocrx_word' id='word_1_602' title='bbox 2477 1601 2774 1674; x_wconf 83' lang='grc' dir='ltr'>βεϐηλωθῇ.</span> <span class='ocrx_word' id='word_1_603' title='bbox 2804 1605 3029 1672; x_wconf 79' lang='grc' dir='ltr'>’Δγεται</span> <span class='ocrx_word' id='word_1_604' title='bbox 3070 1606 3098 1657; x_wconf 91' lang='lat'>6</span> <span class='ocrx_word' id='word_1_605' title='bbox 3129 1606 3416 1675; x_wconf 76' lang='grc' dir='ltr'>προφήτης</span> <span class='ocrx_word' id='word_1_606' title='bbox 3461 1607 3543 1668; x_wconf 88' lang='grc' dir='ltr'>εἰς</span> <span class='ocrx_word' id='word_1_607' title='bbox 3582 1606 3645 1658; x_wconf 89' lang='grc' dir='ltr'>τὸ</span> <span class='ocrx_word' id='word_1_608' title='bbox 3675 1606 3830 1679; x_wconf 74' lang='lat'><strong>[388]</strong></span> 
     </span>
    </p>
   </div>
   <div class='ocr_carea' id='block_1_80' title="bbox 2251 1688 3833 1764">
    <p class='ocr_par' dir='ltr' id='par_1_80' title="bbox 2251 1688 3833 1764">
     <span class='ocr_line' id='line_1_80' title="bbox 2251 1688 3833 1764; baseline 0.006 -24"><span class='ocrx_word' id='word_1_609' title='bbox 2251 1688 2451 1752; x_wconf 82' lang='grc' dir='ltr'>πεδίον,</span> <span class='ocrx_word' id='word_1_610' title='bbox 2476 1690 2570 1742; x_wconf 76' lang='grc' dir='ltr'>καὶ</span> <span class='ocrx_word' id='word_1_611' title='bbox 2602 1690 2932 1761; x_wconf 80' lang='grc' dir='ltr'>προφητεύει</span> <span class='ocrx_word' id='word_1_612' title='bbox 2962 1692 3055 1745; x_wconf 81' lang='grc' dir='ltr'>ἐπὶ</span> <span class='ocrx_word' id='word_1_613' title='bbox 3074 1691 3140 1745; x_wconf 71' lang='grc' dir='ltr'>τὰ</span> <span class='ocrx_word' id='word_1_614' title='bbox 3172 1692 3307 1745; x_wconf 80' lang='grc' dir='ltr'>ὀστᾶ</span> <span class='ocrx_word' id='word_1_615' title='bbox 3330 1692 3399 1745; x_wconf 89' lang='grc' dir='ltr'>τά</span> <span class='ocrx_word' id='word_1_616' title='bbox 3427 1692 3584 1763; x_wconf 82' lang='grc' dir='ltr'>ξηρά.</span> <span class='ocrx_word' id='word_1_617' title='bbox 3606 1694 3833 1764; x_wconf 59' lang='grc' dir='ltr'>Προφῆ-</span> 
     </span>
    </p>
   </div>
   <div class='ocr_carea' id='block_1_81' title="bbox 2247 1773 3830 1853">
    <p class='ocr_par' dir='ltr' id='par_1_81' title="bbox 2247 1773 3830 1853">
     <span class='ocr_line' id='line_1_81' title="bbox 2247 1773 3830 1853; baseline 0.006 -28"><span class='ocrx_word' id='word_1_618' title='bbox 2247 1774 2394 1828; x_wconf 89' lang='grc' dir='ltr'>τεύει</span> <span class='ocrx_word' id='word_1_619' title='bbox 2419 1774 2476 1829; x_wconf 80' lang='grc' dir='ltr'>δέ</span> <span class='ocrx_word' id='word_1_620' title='bbox 2497 1776 2589 1829; x_wconf 82' lang='grc' dir='ltr'>καὶ</span> <span class='ocrx_word' id='word_1_621' title='bbox 2619 1776 2858 1847; x_wconf 75' lang='grc' dir='ltr'>περὶτοῦ</span> <span class='ocrx_word' id='word_1_622' title='bbox 2888 1777 3212 1853; x_wconf 85' lang='grc' dir='ltr'>Ζοροϐάϐελ,</span> <span class='ocrx_word' id='word_1_623' title='bbox 3244 1779 3325 1832; x_wconf 83' lang='grc' dir='ltr'>ὅτι</span> <span class='ocrx_word' id='word_1_624' title='bbox 3349 1773 3432 1842; x_wconf 77' lang='grc' dir='ltr'>εἷς</span> <span class='ocrx_word' id='word_1_625' title='bbox 3460 1781 3649 1850; x_wconf 87' lang='grc' dir='ltr'>ἀρχων</span> <span class='ocrx_word' id='word_1_626' title='bbox 3670 1782 3830 1834; x_wconf 83' lang='grc' dir='ltr'>ἐσται</span> 
     </span>
    </p>
   </div>
   <div class='ocr_carea' id='block_1_82' title="bbox 2259 1859 3829 1937">
    <p class='ocr_par' dir='ltr' id='par_1_82' title="bbox 2259 1859 3829 1937">
     <span class='ocr_line' id='line_1_82' title="bbox 2259 1859 3829 1937; baseline 0.004 -24"><span class='ocrx_word' id='word_1_627' title='bbox 2259 1859 2562 1915; x_wconf 75' lang='grc' dir='ltr'>Ἰουδαίωνο</span> <span class='ocrx_word' id='word_1_628' title='bbox 2592 1862 2813 1916; x_wconf 89' lang='grc' dir='ltr'>δύναται</span> <span class='ocrx_word' id='word_1_629' title='bbox 2843 1862 2901 1916; x_wconf 78' lang='grc' dir='ltr'>δὲ</span> <span class='ocrx_word' id='word_1_630' title='bbox 2936 1865 3018 1927; x_wconf 82' lang='grc' dir='ltr'>είς</span> <span class='ocrx_word' id='word_1_631' title='bbox 3051 1864 3144 1917; x_wconf 81' lang='grc' dir='ltr'>τὸν</span> <span class='ocrx_word' id='word_1_632' title='bbox 3178 1865 3380 1936; x_wconf 86' lang='grc' dir='ltr'>Κύριον</span> <span class='ocrx_word' id='word_1_633' title='bbox 3407 1866 3565 1935; x_wconf 76' lang='grc' dir='ltr'>ἡμῶν</span> <span class='ocrx_word' id='word_1_634' title='bbox 3615 1868 3829 1937; x_wconf 82' lang='grc' dir='ltr'>Ἰησοῦν</span> 
     </span>
    </p>
   </div>
   <div class='ocr_carea' id='block_1_83' title="bbox 2247 1948 3828 2024">
    <p class='ocr_par' dir='ltr' id='par_1_83' title="bbox 2247 1948 3828 2024">
     <span class='ocr_line' id='line_1_83' title="bbox 2247 1948 3828 2024; baseline 0.006 -26"><span class='ocrx_word' id='word_1_635' title='bbox 2247 1948 2480 2017; x_wconf 83' lang='grc' dir='ltr'>Χριστὸν</span> <span class='ocrx_word' id='word_1_636' title='bbox 2504 1948 2894 2020; x_wconf 88' lang='grc' dir='ltr'>λαμϐάνεσθαι.</span> <span class='ocrx_word' id='word_1_637' title='bbox 2930 1951 3267 2022; x_wconf 85' lang='grc' dir='ltr'>Προφητεύει</span> <span class='ocrx_word' id='word_1_638' title='bbox 3304 1952 3399 2007; x_wconf 83' lang='grc' dir='ltr'>καὶ</span> <span class='ocrx_word' id='word_1_639' title='bbox 3426 1952 3557 2024; x_wconf 88' lang='grc' dir='ltr'>περί</span> <span class='ocrx_word' id='word_1_640' title='bbox 3584 1954 3706 2021; x_wconf 87' lang='grc' dir='ltr'>Γὼγ</span> <span class='ocrx_word' id='word_1_641' title='bbox 3728 1956 3828 2008; x_wconf 83' lang='grc' dir='ltr'>καὶ</span> 
     </span>
    </p>
   </div>
   <div class='ocr_carea' id='block_1_84' title="bbox 2246 2033 3826 2110">
    <p class='ocr_par' dir='ltr' id='par_1_84' title="bbox 2246 2033 3826 2110">
     <span class='ocr_line' id='line_1_84' title="bbox 2246 2033 3826 2110; baseline 0.004 -23"><span class='ocrx_word' id='word_1_642' title='bbox 2246 2033 2460 2103; x_wconf 84' lang='grc' dir='ltr'>Μαγὼγ</span> <span class='ocrx_word' id='word_1_643' title='bbox 2486 2034 2821 2090; x_wconf 76' lang='grc' dir='ltr'>ἐπελθόντων</span> <span class='ocrx_word' id='word_1_644' title='bbox 2840 2039 2955 2099; x_wconf 84' lang='grc' dir='ltr'>τοίς</span> <span class='ocrx_word' id='word_1_645' title='bbox 2978 2037 3251 2101; x_wconf 88' lang='grc' dir='ltr'>Ἰουδαίοις</span> <span class='ocrx_word' id='word_1_646' title='bbox 3274 2039 3412 2109; x_wconf 87' lang='grc' dir='ltr'>μετά</span> <span class='ocrx_word' id='word_1_647' title='bbox 3442 2038 3542 2110; x_wconf 87' lang='grc' dir='ltr'>τὴν</span> <span class='ocrx_word' id='word_1_648' title='bbox 3562 2041 3826 2095; x_wconf 75' lang='grc' dir='ltr'>ἐπάνοδον</span> 
     </span>
    </p>
   </div>
   <div class='ocr_carea' id='block_1_85' title="bbox 2245 2120 3825 2199">
    <p class='ocr_par' dir='ltr' id='par_1_85' title="bbox 2245 2120 3825 2199">
     <span class='ocr_line' id='line_1_85' title="bbox 2245 2120 3825 2199; baseline 0.004 -26"><span class='ocrx_word' id='word_1_649' title='bbox 2245 2120 2342 2192; x_wconf 90' lang='grc' dir='ltr'>τὴν</span> <span class='ocrx_word' id='word_1_650' title='bbox 2369 2122 2434 2174; x_wconf 89' lang='grc' dir='ltr'>ἐκ</span> <span class='ocrx_word' id='word_1_651' title='bbox 2460 2121 2796 2184; x_wconf 87' lang='grc' dir='ltr'>Βαϐυλῶνος,</span> <span class='ocrx_word' id='word_1_652' title='bbox 2822 2122 2917 2175; x_wconf 80' lang='grc' dir='ltr'>καὶ</span> <span class='ocrx_word' id='word_1_653' title='bbox 2946 2123 3285 2193; x_wconf 75' lang='grc' dir='ltr'>ἡττηθέντων</span> <span class='ocrx_word' id='word_1_654' title='bbox 3312 2163 3326 2176; x_wconf 95' lang='grc'>.</span> <span class='ocrx_word' id='word_1_655' title='bbox 3358 2125 3514 2189; x_wconf 83' lang='grc' dir='ltr'>Τινὲς</span> <span class='ocrx_word' id='word_1_656' title='bbox 3555 2127 3614 2179; x_wconf 86' lang='grc' dir='ltr'>δὲ</span> <span class='ocrx_word' id='word_1_657' title='bbox 3653 2128 3825 2199; x_wconf 79' lang='grc' dir='ltr'>ἀλλη-</span> 
     </span>
    </p>
   </div>
   <div class='ocr_carea' id='block_1_86' title="bbox 2246 2206 3826 2281">
    <p class='ocr_par' dir='ltr' id='par_1_86' title="bbox 2246 2206 3826 2281">
     <span class='ocr_line' id='line_1_86' title="bbox 2246 2206 3826 2281; baseline 0.006 -22"><span class='ocrx_word' id='word_1_658' title='bbox 2246 2206 2481 2278; x_wconf 85' lang='grc' dir='ltr'>γορικῶς</span> <span class='ocrx_word' id='word_1_659' title='bbox 2515 2207 2879 2277; x_wconf 90' lang='grc' dir='ltr'>λαμϐάνουσιν</span> <span class='ocrx_word' id='word_1_660' title='bbox 2905 2209 2987 2272; x_wconf 88' lang='grc' dir='ltr'>εἰς</span> <span class='ocrx_word' id='word_1_661' title='bbox 3013 2210 3114 2272; x_wconf 88' lang='grc' dir='ltr'>τάς</span> <span class='ocrx_word' id='word_1_662' title='bbox 3142 2210 3485 2281; x_wconf 82' lang='grc' dir='ltr'>Ἐκκλησίας,</span> <span class='ocrx_word' id='word_1_663' title='bbox 3507 2214 3604 2265; x_wconf 86' lang='grc' dir='ltr'>καὶ</span> <span class='ocrx_word' id='word_1_664' title='bbox 3631 2216 3712 2277; x_wconf 82' lang='grc' dir='ltr'>εἰς</span> <span class='ocrx_word' id='word_1_665' title='bbox 3734 2218 3826 2270; x_wconf 72' lang='grc' dir='ltr'>τον</span> 
     </span>
    </p>
   </div>
   <div class='ocr_carea' id='block_1_87' title="bbox 2243 2292 3823 2371">
    <p class='ocr_par' dir='ltr' id='par_1_87' title="bbox 2243 2292 3823 2371">
     <span class='ocr_line' id='line_1_87' title="bbox 2243 2292 3823 2371; baseline 0.007 -28"><span class='ocrx_word' id='word_1_666' title='bbox 2243 2292 2506 2356; x_wconf 87' lang='grc' dir='ltr'>διάϐολον,</span> <span class='ocrx_word' id='word_1_667' title='bbox 2535 2294 2629 2347; x_wconf 80' lang='grc' dir='ltr'>καὶ</span> <span class='ocrx_word' id='word_1_668' title='bbox 2653 2295 2780 2358; x_wconf 83' lang='grc' dir='ltr'>τοὺς</span> <span class='ocrx_word' id='word_1_669' title='bbox 2816 2294 2959 2347; x_wconf 88' lang='grc' dir='ltr'>κατά</span> <span class='ocrx_word' id='word_1_670' title='bbox 2979 2295 3172 2365; x_wconf 89' lang='grc' dir='ltr'>καιρὸν</span> <span class='ocrx_word' id='word_1_671' title='bbox 3197 2298 3469 2367; x_wconf 79' lang='grc' dir='ltr'>διωγμοὺς</span> <span class='ocrx_word' id='word_1_672' title='bbox 3495 2301 3823 2371; x_wconf 83' lang='grc' dir='ltr'>ἐπενεχθέν-</span> 
     </span>
    </p>
   </div>
   <div class='ocr_carea' id='block_1_88' title="bbox 2242 2380 3823 2455">
    <p class='ocr_par' dir='ltr' id='par_1_88' title="bbox 2242 2380 3823 2455">
     <span class='ocr_line' id='line_1_88' title="bbox 2242 2380 3823 2455; baseline 0.006 -22"><span class='ocrx_word' id='word_1_673' title='bbox 2242 2397 2341 2443; x_wconf 87' lang='grc' dir='ltr'>τας</span> <span class='ocrx_word' id='word_1_674' title='bbox 2380 2380 2484 2434; x_wconf 82' lang='grc' dir='ltr'>ὑπὸ</span> <span class='ocrx_word' id='word_1_675' title='bbox 2525 2381 2739 2437; x_wconf 88' lang='grc' dir='ltr'>ἀσεϐῶν</span> <span class='ocrx_word' id='word_1_676' title='bbox 2787 2381 3070 2452; x_wconf 87' lang='grc' dir='ltr'>βασιλέων.</span> <span class='ocrx_word' id='word_1_677' title='bbox 3096 2384 3431 2455; x_wconf 85' lang='grc' dir='ltr'>Προφητεύει</span> <span class='ocrx_word' id='word_1_678' title='bbox 3473 2387 3532 2440; x_wconf 86' lang='grc' dir='ltr'>δέ</span> <span class='ocrx_word' id='word_1_679' title='bbox 3563 2389 3659 2441; x_wconf 89' lang='grc' dir='ltr'>τοῦ</span> <span class='ocrx_word' id='word_1_680' title='bbox 3688 2392 3823 2444; x_wconf 83' lang='grc' dir='ltr'>ναοῦ</span> 
     </span>
    </p>
   </div>
   <div class='ocr_carea' id='block_1_89' title="bbox 2241 2467 3822 2549">
    <p class='ocr_par' dir='ltr' id='par_1_89' title="bbox 2241 2467 3822 2549">
     <span class='ocr_line' id='line_1_89' title="bbox 2241 2467 3822 2549; baseline 0.007 -31"><span class='ocrx_word' id='word_1_681' title='bbox 2241 2472 2341 2536; x_wconf 86' lang='grc' dir='ltr'>τὴν</span> <span class='ocrx_word' id='word_1_682' title='bbox 2384 2467 2689 2539; x_wconf 89' lang='grc' dir='ltr'>οἰκοδομὴν,</span> <span class='ocrx_word' id='word_1_683' title='bbox 2723 2471 2821 2522; x_wconf 74' lang='grc' dir='ltr'>καὶ</span> <span class='ocrx_word' id='word_1_684' title='bbox 2847 2469 2948 2539; x_wconf 88' lang='grc' dir='ltr'>τὴν</span> <span class='ocrx_word' id='word_1_685' title='bbox 2974 2470 3416 2525; x_wconf 84' lang='grc' dir='ltr'>ἀποκατάστασιν</span> <span class='ocrx_word' id='word_1_686' title='bbox 3439 2473 3543 2543; x_wconf 83' lang='grc' dir='ltr'>τῆς</span> <span class='ocrx_word' id='word_1_687' title='bbox 3582 2479 3822 2549; x_wconf 82' lang='grc' dir='ltr'>νομικῆς</span> 
     </span>
    </p>
   </div>
   <div class='ocr_carea' id='block_1_90' title="bbox 2242 2553 3822 2629">
    <p class='ocr_par' dir='ltr' id='par_1_90' title="bbox 2242 2553 3822 2629">
     <span class='ocr_line' id='line_1_90' title="bbox 2242 2553 3822 2629; baseline 0.008 -23"><span class='ocrx_word' id='word_1_688' title='bbox 2242 2553 2525 2627; x_wconf 85' lang='grc' dir='ltr'>λατρείας·</span> <span class='ocrx_word' id='word_1_689' title='bbox 2556 2555 2701 2625; x_wconf 77' lang='grc' dir='ltr'>ἅπερ</span> <span class='ocrx_word' id='word_1_690' title='bbox 2733 2556 2828 2609; x_wconf 79' lang='grc' dir='ltr'>καὶ</span> <span class='ocrx_word' id='word_1_691' title='bbox 2860 2556 3001 2609; x_wconf 84' lang='grc' dir='ltr'>αὐτά</span> <span class='ocrx_word' id='word_1_692' title='bbox 3046 2557 3387 2629; x_wconf 82' lang='grc' dir='ltr'>προσδοκῶσι</span> <span class='ocrx_word' id='word_1_693' title='bbox 3413 2561 3513 2629; x_wconf 82' lang='grc' dir='ltr'>μὲν</span> <span class='ocrx_word' id='word_1_694' title='bbox 3552 2562 3633 2616; x_wconf 84' lang='grc' dir='ltr'>ἐτι</span> <span class='ocrx_word' id='word_1_695' title='bbox 3685 2565 3822 2618; x_wconf 82' lang='grc' dir='ltr'>Ἰου-</span> 
     </span>
    </p>
   </div>
   <div class='ocr_carea' id='block_1_91' title="bbox 2239 2640 3823 2721">
    <p class='ocr_par' dir='ltr' id='par_1_91' title="bbox 2239 2640 3823 2721">
     <span class='ocr_line' id='line_1_91' title="bbox 2239 2640 3823 2721; baseline 0.007 -28"><span class='ocrx_word' id='word_1_696' title='bbox 2239 2640 2409 2695; x_wconf 86' lang='grc' dir='ltr'>δαῖοι·</span> <span class='ocrx_word' id='word_1_697' title='bbox 2447 2641 2608 2713; x_wconf 85' lang='grc' dir='ltr'>ἐξέϐη</span> <span class='ocrx_word' id='word_1_698' title='bbox 2644 2642 2702 2695; x_wconf 83' lang='grc' dir='ltr'>δέ</span> <span class='ocrx_word' id='word_1_699' title='bbox 2752 2643 2846 2696; x_wconf 82' lang='grc' dir='ltr'>ἐπὶ</span> <span class='ocrx_word' id='word_1_700' title='bbox 2876 2644 3080 2715; x_wconf 83' lang='grc' dir='ltr'>Ἐσδρα</span> <span class='ocrx_word' id='word_1_701' title='bbox 3125 2646 3220 2697; x_wconf 76' lang='grc' dir='ltr'>καὶ</span> <span class='ocrx_word' id='word_1_702' title='bbox 3248 2647 3571 2718; x_wconf 87' lang='grc' dir='ltr'>Ζοροϐάϐελ.</span> <span class='ocrx_word' id='word_1_703' title='bbox 3602 2652 3715 2721; x_wconf 84' lang='grc' dir='ltr'>Τὴν</span> <span class='ocrx_word' id='word_1_704' title='bbox 3760 2653 3823 2705; x_wconf 78' lang='grc' dir='ltr'>δέ</span> 
     </span>
    </p>
   </div>
   <div class='ocr_carea' id='block_1_92' title="bbox 2238 2728 3823 2808">
    <p class='ocr_par' dir='ltr' id='par_1_92' title="bbox 2238 2728 3823 2808">
     <span class='ocr_line' id='line_1_92' title="bbox 2238 2728 3823 2808; baseline 0.006 -27"><span class='ocrx_word' id='word_1_705' title='bbox 2238 2728 2524 2800; x_wconf 87' lang='grc' dir='ltr'>οἰκοδομὴν</span> <span class='ocrx_word' id='word_1_706' title='bbox 2561 2731 2661 2799; x_wconf 85' lang='grc' dir='ltr'>τῆς</span> <span class='ocrx_word' id='word_1_707' title='bbox 2691 2730 2915 2794; x_wconf 80' lang='grc' dir='ltr'>πόλεως,</span> <span class='ocrx_word' id='word_1_708' title='bbox 2943 2731 3013 2802; x_wconf 82' lang='grc' dir='ltr'>ὴν</span> <span class='ocrx_word' id='word_1_709' title='bbox 3041 2731 3315 2803; x_wconf 87' lang='grc' dir='ltr'>προλέγει,</span> <span class='ocrx_word' id='word_1_710' title='bbox 3354 2732 3449 2786; x_wconf 82' lang='grc' dir='ltr'>καὶ</span> <span class='ocrx_word' id='word_1_711' title='bbox 3486 2736 3550 2788; x_wconf 83' lang='grc' dir='ltr'>τὸ</span> <span class='ocrx_word' id='word_1_712' title='bbox 3582 2735 3730 2808; x_wconf 76' lang='grc' dir='ltr'>ὕδωρ</span> <span class='ocrx_word' id='word_1_713' title='bbox 3757 2738 3823 2791; x_wconf 79' lang='grc' dir='ltr'>τὸ</span> 
     </span>
    </p>
   </div>
   <div class='ocr_carea' id='block_1_93' title="bbox 2239 2815 3820 2890">
    <p class='ocr_par' dir='ltr' id='par_1_93' title="bbox 2239 2815 3820 2890">
     <span class='ocr_line' id='line_1_93' title="bbox 2239 2815 3820 2890; baseline 0.006 -22"><span class='ocrx_word' id='word_1_714' title='bbox 2239 2815 2383 2869; x_wconf 87' lang='grc' dir='ltr'>κατά</span> <span class='ocrx_word' id='word_1_715' title='bbox 2417 2817 2611 2887; x_wconf 86' lang='grc' dir='ltr'>μικρὸν</span> <span class='ocrx_word' id='word_1_716' title='bbox 2651 2816 3079 2887; x_wconf 86' lang='grc' dir='ltr'>ἐκπορευόμενον</span> <span class='ocrx_word' id='word_1_717' title='bbox 3106 2818 3199 2872; x_wconf 79' lang='grc' dir='ltr'>καὶ</span> <span class='ocrx_word' id='word_1_718' title='bbox 3238 2818 3623 2890; x_wconf 80' lang='grc' dir='ltr'>αὐξανόμενον,</span> <span class='ocrx_word' id='word_1_719' title='bbox 3651 2822 3820 2876; x_wconf 74' lang='grc' dir='ltr'>δύναο</span> 
     </span>
    </p>
   </div>
   <div class='ocr_carea' id='block_1_94' title="bbox 2236 2903 3819 2979">
    <p class='ocr_par' dir='ltr' id='par_1_94' title="bbox 2236 2903 3819 2979">
     <span class='ocr_line' id='line_1_94' title="bbox 2236 2903 3819 2979; baseline 0.005 -25"><span class='ocrx_word' id='word_1_720' title='bbox 2236 2918 2324 2955; x_wconf 86' lang='grc' dir='ltr'>ται</span> <span class='ocrx_word' id='word_1_721' title='bbox 2356 2903 2452 2955; x_wconf 78' lang='grc' dir='ltr'>ἐπὶ</span> <span class='ocrx_word' id='word_1_722' title='bbox 2488 2903 2614 2965; x_wconf 82' lang='grc' dir='ltr'>τοὺς</span> <span class='ocrx_word' id='word_1_723' title='bbox 2645 2903 3069 2975; x_wconf 80' lang='grc' dir='ltr'>ἐπιστρέφοντας</span> <span class='ocrx_word' id='word_1_724' title='bbox 3098 2903 3192 2956; x_wconf 59' lang='grc' dir='ltr'>ἐπὶ⁵</span> <span class='ocrx_word' id='word_1_725' title='bbox 3220 2903 3310 2957; x_wconf 84' lang='grc' dir='ltr'>τὸν</span> <span class='ocrx_word' id='word_1_726' title='bbox 3336 2906 3571 2977; x_wconf 84' lang='grc' dir='ltr'>Χριστὸν</span> <span class='ocrx_word' id='word_1_727' title='bbox 3610 2908 3819 2979; x_wconf 77' lang='grc' dir='ltr'>λαμϐά-</span> 
     </span>
    </p>
   </div>
   <div class='ocr_carea' id='block_1_95' title="bbox 2238 2989 3819 3065">
    <p class='ocr_par' dir='ltr' id='par_1_95' title="bbox 2238 2989 3819 3065">
     <span class='ocr_line' id='line_1_95' title="bbox 2238 2989 3819 3065; baseline 0.006 -23"><span class='ocrx_word' id='word_1_728' title='bbox 2238 2989 2444 3055; x_wconf 88' lang='grc' dir='ltr'>νεσθαι,</span> <span class='ocrx_word' id='word_1_729' title='bbox 2475 2991 2701 3061; x_wconf 80' lang='grc' dir='ltr'>νεκροὺς</span> <span class='ocrx_word' id='word_1_730' title='bbox 2724 2990 2884 3053; x_wconf 75' lang='grc' dir='ltr'>ὄντας</span> <span class='ocrx_word' id='word_1_731' title='bbox 2920 2990 3049 3062; x_wconf 79' lang='grc' dir='ltr'>πρὶν</span> <span class='ocrx_word' id='word_1_732' title='bbox 3082 2992 3114 3061; x_wconf 83' lang='grc' dir='ltr'>ἢ</span> <span class='ocrx_word' id='word_1_733' title='bbox 3152 2991 3462 3059; x_wconf 78' lang='grc' dir='ltr'>πιστεῦσαι,</span> <span class='ocrx_word' id='word_1_734' title='bbox 3492 2995 3636 3065; x_wconf 86' lang='grc' dir='ltr'>μετά</span> <span class='ocrx_word' id='word_1_735' title='bbox 3662 2996 3722 3051; x_wconf 72' lang='grc' dir='ltr'>δὲ</span> <span class='ocrx_word' id='word_1_736' title='bbox 3754 2997 3819 3051; x_wconf 73' lang='grc' dir='ltr'>τὸ</span> 
     </span>
    </p>
   </div>
   <div class='ocr_carea' id='block_1_96' title="bbox 2237 3077 3035 3149">
    <p class='ocr_par' dir='ltr' id='par_1_96' title="bbox 2237 3077 3035 3149">
     <span class='ocr_line' id='line_1_96' title="bbox 2237 3077 3035 3149; baseline 0.005 -18"><span class='ocrx_word' id='word_1_737' title='bbox 2237 3077 2526 3134; x_wconf 83' lang='grc' dir='ltr'>πιστεῦσαι</span> <span class='ocrx_word' id='word_1_738' title='bbox 2549 3078 3035 3149; x_wconf 79' lang='grc' dir='ltr'>ζωοποιουμένους.</span> 
     </span>
    </p>
   </div>
   <div class='ocr_carea' id='block_1_97' title="bbox 2304 3200 3779 3278">
    <p class='ocr_par' dir='ltr' id='par_1_97' title="bbox 2304 3200 3779 3278">
     <span class='ocr_line' id='line_1_97' title="bbox 2304 3200 3779 3278; baseline 0.005 -21"><span class='ocrx_word' id='word_1_739' title='bbox 2304 3204 2571 3272; x_wconf 75' lang='grc' dir='ltr'>Σύνοψις</span> <span class='ocrx_word' id='word_1_740' title='bbox 2600 3200 2719 3255; x_wconf 87' lang='grc' dir='ltr'>τῶν</span> <span class='ocrx_word' id='word_1_741' title='bbox 2757 3201 2839 3268; x_wconf 86' lang='grc' dir='ltr'>τῷ</span> <span class='ocrx_word' id='word_1_742' title='bbox 2870 3204 3145 3274; x_wconf 67' lang='grc' dir='ltr'>προφήτῃ</span> <span class='ocrx_word' id='word_1_743' title='bbox 3178 3205 3401 3274; x_wconf 74' lang='grc' dir='ltr'>Δανιὴλ</span> <span class='ocrx_word' id='word_1_744' title='bbox 3432 3209 3779 3278; x_wconf 72' lang='grc' dir='ltr'>εἰρημένων.</span> 
     </span>
    </p>
   </div>
   <div class='ocr_carea' id='block_1_98' title="bbox 2317 3326 3819 3403">
    <p class='ocr_par' dir='ltr' id='par_1_98' title="bbox 2317 3326 3819 3403">
     <span class='ocr_line' id='line_1_98' title="bbox 2317 3326 3819 3403; baseline 0.005 -21"><span class='ocrx_word' id='word_1_745' title='bbox 2317 3326 2660 3395; x_wconf 78' lang='grc' dir='ltr'>Ἐκλέγονται</span> <span class='ocrx_word' id='word_1_746' title='bbox 2691 3326 2742 3379; x_wconf 90' lang='grc' dir='ltr'>οί</span> <span class='ocrx_word' id='word_1_747' title='bbox 2772 3326 2899 3399; x_wconf 79' lang='grc' dir='ltr'>περὶ</span> <span class='ocrx_word' id='word_1_748' title='bbox 2930 3326 3024 3382; x_wconf 90' lang='grc' dir='ltr'>τὸν</span> <span class='ocrx_word' id='word_1_749' title='bbox 3054 3328 3273 3398; x_wconf 77' lang='grc' dir='ltr'>Δανιὴλ,</span> <span class='ocrx_word' id='word_1_750' title='bbox 3295 3329 3389 3383; x_wconf 77' lang='grc' dir='ltr'>καὶ</span> <span class='ocrx_word' id='word_1_751' title='bbox 3429 3332 3819 3403; x_wconf 85' lang='grc' dir='ltr'>παραδίδονται</span> 
     </span>
    </p>
   </div>
   <div class='ocr_carea' id='block_1_99' title="bbox 2234 3413 3817 3493">
    <p class='ocr_par' dir='ltr' id='par_1_99' title="bbox 2234 3413 3817 3493">
     <span class='ocr_line' id='line_1_99' title="bbox 2234 3413 3817 3493; baseline -0.001 -26"><span class='ocrx_word' id='word_1_752' title='bbox 2234 3416 2311 3487; x_wconf 83' lang='grc' dir='ltr'>τῷ</span> <span class='ocrx_word' id='word_1_753' title='bbox 2342 3413 2729 3487; x_wconf 85' lang='grc' dir='ltr'>ἀρχιευνούχῳ,</span> <span class='ocrx_word' id='word_1_754' title='bbox 2749 3414 2844 3467; x_wconf 77' lang='grc' dir='ltr'>καὶ</span> <span class='ocrx_word' id='word_1_755' title='bbox 2870 3414 3142 3469; x_wconf 79' lang='grc' dir='ltr'>σιτοῦνται</span> <span class='ocrx_word' id='word_1_756' title='bbox 3164 3416 3453 3488; x_wconf 84' lang='grc' dir='ltr'>σπέρματα</span> <span class='ocrx_word' id='word_1_757' title='bbox 3473 3437 3487 3449; x_wconf 88' lang='grc'><strong>·</strong></span> <span class='ocrx_word' id='word_1_758' title='bbox 3507 3422 3601 3475; x_wconf 73' lang='grc' dir='ltr'>καὶ</span> <span class='ocrx_word' id='word_1_759' title='bbox 3629 3439 3817 3493; x_wconf 74' lang='grc' dir='ltr'>πιρει..</span> 
     </span>
    </p>
   </div>
   <div class='ocr_carea' id='block_1_100' title="bbox 2237 3501 3812 3580">
    <p class='ocr_par' dir='ltr' id='par_1_100' title="bbox 2237 3501 3812 3580">
     <span class='ocr_line' id='line_1_100' title="bbox 2237 3501 3812 3580; baseline 0.004 -23"><span class='ocrx_word' id='word_1_760' title='bbox 2237 3504 2458 3567; x_wconf 88' lang='grc' dir='ltr'>στάντες</span> <span class='ocrx_word' id='word_1_761' title='bbox 2479 3501 2557 3572; x_wconf 83' lang='grc' dir='ltr'>τῷ</span> <span class='ocrx_word' id='word_1_762' title='bbox 2586 3502 2808 3572; x_wconf 83' lang='grc' dir='ltr'>βασιλεῖ,</span> <span class='ocrx_word' id='word_1_763' title='bbox 2844 3502 3060 3557; x_wconf 88' lang='grc' dir='ltr'>πάντων</span> <span class='ocrx_word' id='word_1_764' title='bbox 3082 3504 3467 3576; x_wconf 87' lang='grc' dir='ltr'>ἀνεδείχθησαν</span> <span class='ocrx_word' id='word_1_765' title='bbox 3489 3508 3812 3580; x_wconf 74' lang='grc' dir='ltr'>σοφώτεροι.</span> 
     </span>
    </p>
   </div>
   <div class='ocr_carea' id='block_1_101' title="bbox 2246 3588 3811 3666">
    <p class='ocr_par' dir='ltr' id='par_1_101' title="bbox 2246 3588 3811 3666">
     <span class='ocr_line' id='line_1_101' title="bbox 2246 3588 3811 3666; baseline 0.003 -20"><span class='ocrx_word' id='word_1_766' title='bbox 2246 3592 2377 3663; x_wconf 84' lang='grc' dir='ltr'>Ὁρᾷ</span> <span class='ocrx_word' id='word_1_767' title='bbox 2408 3590 2469 3644; x_wconf 90' lang='grc' dir='ltr'>τὸ</span> <span class='ocrx_word' id='word_1_768' title='bbox 2500 3588 2748 3642; x_wconf 90' lang='grc' dir='ltr'>ἐνύπνιον</span> <span class='ocrx_word' id='word_1_769' title='bbox 2780 3588 3277 3663; x_wconf 87' lang='grc' dir='ltr'>Ναϐουχοδονόσορ,</span> <span class='ocrx_word' id='word_1_770' title='bbox 3313 3594 3407 3646; x_wconf 75' lang='grc' dir='ltr'>καὶ</span> <span class='ocrx_word' id='word_1_771' title='bbox 3435 3596 3564 3658; x_wconf 72' lang='grc' dir='ltr'>τοὺς</span> <span class='ocrx_word' id='word_1_772' title='bbox 3600 3598 3811 3666; x_wconf 85' lang='grc' dir='ltr'>μάγους</span> 
     </span>
    </p>
   </div>
   <div class='ocr_carea' id='block_1_102' title="bbox 2233 3675 3809 3749">
    <p class='ocr_par' dir='ltr' id='par_1_102' title="bbox 2233 3675 3809 3749">
     <span class='ocr_line' id='line_1_102' title="bbox 2233 3675 3809 3749; baseline 0.004 -17"><span class='ocrx_word' id='word_1_773' title='bbox 2233 3678 2615 3749; x_wconf 85' lang='grc' dir='ltr'>ἀπορήσαντας</span> <span class='ocrx_word' id='word_1_774' title='bbox 2666 3676 2929 3747; x_wconf 84' lang='grc' dir='ltr'>γνωρίσαι</span> <span class='ocrx_word' id='word_1_775' title='bbox 2975 3677 3070 3731; x_wconf 67' lang='grc' dir='ltr'>καλ⁸</span> <span class='ocrx_word' id='word_1_776' title='bbox 3117 3675 3369 3732; x_wconf 85' lang='grc' dir='ltr'>ἐπιλῦσαι</span> <span class='ocrx_word' id='word_1_777' title='bbox 3415 3680 3548 3734; x_wconf 87' lang='grc' dir='ltr'>αύτὸ</span> <span class='ocrx_word' id='word_1_778' title='bbox 3597 3684 3809 3738; x_wconf 86' lang='grc' dir='ltr'>κελεύει</span> 
     </span>
    </p>
   </div>
   <div class='ocr_carea' id='block_1_103' title="bbox 2236 3762 3810 3843">
    <p class='ocr_par' dir='ltr' id='par_1_103' title="bbox 2236 3762 3810 3843">
     <span class='ocr_line' id='line_1_103' title="bbox 2236 3762 3810 3843; baseline 0.004 -25"><span class='ocrx_word' id='word_1_779' title='bbox 2236 3764 2529 3834; x_wconf 84' lang='grc' dir='ltr'>σφαγῆναι.</span> <span class='ocrx_word' id='word_1_780' title='bbox 2575 3762 3034 3827; x_wconf 81' lang='grc' dir='ltr'>Κινδυνεύσαντας</span> <span class='ocrx_word' id='word_1_781' title='bbox 3069 3764 3125 3817; x_wconf 86' lang='grc' dir='ltr'>δὲ</span> <span class='ocrx_word' id='word_1_782' title='bbox 3170 3765 3263 3818; x_wconf 82' lang='grc' dir='ltr'>καὶ</span> <span class='ocrx_word' id='word_1_783' title='bbox 3300 3767 3426 3830; x_wconf 78' lang='grc' dir='ltr'>τοὺς</span> <span class='ocrx_word' id='word_1_784' title='bbox 3456 3770 3585 3840; x_wconf 78' lang='grc' dir='ltr'>περὶ</span> <span class='ocrx_word' id='word_1_785' title='bbox 3612 3771 3810 3843; x_wconf 88' lang='grc' dir='ltr'>Δανιὴλ</span> 
     </span>
    </p>
   </div>
   <div class='ocr_carea' id='block_1_104' title="bbox 2232 3849 3810 3929">
    <p class='ocr_par' dir='ltr' id='par_1_104' title="bbox 2232 3849 3810 3929">
     <span class='ocr_line' id='line_1_104' title="bbox 2232 3849 3810 3929; baseline 0.004 -24"><span class='ocrx_word' id='word_1_786' title='bbox 2232 3852 2434 3905; x_wconf 84' lang='grc' dir='ltr'>ἐσωσεν</span> <span class='ocrx_word' id='word_1_787' title='bbox 2457 3852 2486 3904; x_wconf 91' lang='lat'>6</span> <span class='ocrx_word' id='word_1_788' title='bbox 2511 3850 2661 3914; x_wconf 89' lang='grc' dir='ltr'>Θεὸς,</span> <span class='ocrx_word' id='word_1_789' title='bbox 2682 3849 3034 3919; x_wconf 73' lang='grc' dir='ltr'>ἀποκαλύψας</span> <span class='ocrx_word' id='word_1_790' title='bbox 3055 3852 3203 3922; x_wconf 77' lang='grc' dir='ltr'>αὐτῷ</span> <span class='ocrx_word' id='word_1_791' title='bbox 3224 3852 3301 3924; x_wconf 83' lang='grc' dir='ltr'>τῷ</span> <span class='ocrx_word' id='word_1_792' title='bbox 3330 3855 3528 3926; x_wconf 77' lang='grc' dir='ltr'>Δανιὴλ</span> <span class='ocrx_word' id='word_1_793' title='bbox 3551 3858 3652 3927; x_wconf 84' lang='grc' dir='ltr'>τὴν</span> <span class='ocrx_word' id='word_1_794' title='bbox 3669 3858 3810 3929; x_wconf 78' lang='grc' dir='ltr'>είδηο</span> 
     </span>
    </p>
   </div>
   <div class='ocr_carea' id='block_1_105' title="bbox 2235 3936 3808 4009">
    <p class='ocr_par' dir='ltr' id='par_1_105' title="bbox 2235 3936 3808 4009">
     <span class='ocr_line' id='line_1_105' title="bbox 2235 3936 3808 4009; baseline 0.003 -17"><span class='ocrx_word' id='word_1_795' title='bbox 2235 3955 2317 3993; x_wconf 90' lang='grc' dir='ltr'>σιν</span> <span class='ocrx_word' id='word_1_796' title='bbox 2351 3937 2445 3991; x_wconf 87' lang='grc' dir='ltr'>τοῦ</span> <span class='ocrx_word' id='word_1_797' title='bbox 2469 3937 2743 3992; x_wconf 84' lang='grc' dir='ltr'>ἐνυπνίου.</span> <span class='ocrx_word' id='word_1_798' title='bbox 2790 3936 2849 3989; x_wconf 81' lang='grc' dir='ltr'>ὐ</span> <span class='ocrx_word' id='word_1_799' title='bbox 2892 3938 3091 4008; x_wconf 83' lang='grc' dir='ltr'>Δανιὴλ</span> <span class='ocrx_word' id='word_1_800' title='bbox 3120 3938 3393 4008; x_wconf 72' lang='grc' dir='ltr'>εἰσαχθεὶς</span> <span class='ocrx_word' id='word_1_801' title='bbox 3424 3940 3574 4009; x_wconf 86' lang='grc' dir='ltr'>λέγει</span> <span class='ocrx_word' id='word_1_802' title='bbox 3593 3943 3657 3997; x_wconf 90' lang='grc' dir='ltr'>τὸ</span> <span class='ocrx_word' id='word_1_803' title='bbox 3684 3944 3808 3998; x_wconf 81' lang='grc' dir='ltr'>ἐνύ-</span> 
     </span>
    </p>
   </div>
   <div class='ocr_carea' id='block_1_106' title="bbox 2233 4024 3807 4098">
    <p class='ocr_par' dir='ltr' id='par_1_106' title="bbox 2233 4024 3807 4098">
     <span class='ocr_line' id='line_1_106' title="bbox 2233 4024 3807 4098; baseline 0.004 -18"><span class='ocrx_word' id='word_1_804' title='bbox 2233 4043 2386 4082; x_wconf 91' lang='grc' dir='ltr'>πνιον</span> <span class='ocrx_word' id='word_1_805' title='bbox 2412 4025 2491 4098; x_wconf 80' lang='grc' dir='ltr'>τῷ</span> <span class='ocrx_word' id='word_1_806' title='bbox 2523 4025 2731 4096; x_wconf 84' lang='grc' dir='ltr'>βασιλεί</span> <span class='ocrx_word' id='word_1_807' title='bbox 2770 4026 2864 4078; x_wconf 76' lang='grc' dir='ltr'>καὶ</span> <span class='ocrx_word' id='word_1_808' title='bbox 2891 4025 2989 4095; x_wconf 87' lang='grc' dir='ltr'>τὴν</span> <span class='ocrx_word' id='word_1_809' title='bbox 3020 4024 3305 4097; x_wconf 87' lang='grc' dir='ltr'>σύγκρισιν</span> <span class='ocrx_word' id='word_1_810' title='bbox 3332 4028 3520 4083; x_wconf 88' lang='grc' dir='ltr'>αὐτοῦ.</span> <span class='ocrx_word' id='word_1_811' title='bbox 3553 4030 3611 4083; x_wconf 88' lang='grc' dir='ltr'>Ὁ</span> <span class='ocrx_word' id='word_1_812' title='bbox 3640 4031 3807 4086; x_wconf 56' lang='grc' dir='ltr'>δὲκλί-</span> 
     </span>
    </p>
   </div>
   <div class='ocr_carea' id='block_1_107' title="bbox 2233 4113 3806 4185">
    <p class='ocr_par' dir='ltr' id='par_1_107' title="bbox 2233 4113 3806 4185">
     <span class='ocr_line' id='line_1_107' title="bbox 2233 4113 3806 4185; baseline 0.004 -16"><span class='ocrx_word' id='word_1_813' title='bbox 2233 4115 2323 4179; x_wconf 89' lang='grc' dir='ltr'>θος</span> <span class='ocrx_word' id='word_1_814' title='bbox 2346 4116 2375 4169; x_wconf 94' lang='lat'>6</span> <span class='ocrx_word' id='word_1_815' title='bbox 2393 4113 2619 4185; x_wconf 74' lang='grc' dir='ltr'>τμηθεὶς</span> <span class='ocrx_word' id='word_1_816' title='bbox 2636 4113 2764 4168; x_wconf 81' lang='grc' dir='ltr'>ἀνευ</span> <span class='ocrx_word' id='word_1_817' title='bbox 2796 4113 2993 4185; x_wconf 86' lang='grc' dir='ltr'>χειρῶν</span> <span class='ocrx_word' id='word_1_818' title='bbox 3023 4114 3052 4165; x_wconf 88' lang='lat'>6</span> <span class='ocrx_word' id='word_1_819' title='bbox 3074 4114 3306 4184; x_wconf 86' lang='grc' dir='ltr'>Χριστός</span> <span class='ocrx_word' id='word_1_820' title='bbox 3337 4117 3450 4169; x_wconf 90' lang='grc' dir='ltr'>ἐστι</span> <span class='ocrx_word' id='word_1_821' title='bbox 3476 4133 3492 4148; x_wconf 83' lang='lat'><strong><em>°</em></strong></span> <span class='ocrx_word' id='word_1_822' title='bbox 3516 4118 3577 4171; x_wconf 87' lang='grc' dir='ltr'>τὸ</span> <span class='ocrx_word' id='word_1_823' title='bbox 3597 4118 3655 4172; x_wconf 82' lang='grc' dir='ltr'>δὲ</span> <span class='ocrx_word' id='word_1_824' title='bbox 3676 4120 3806 4175; x_wconf 84' lang='grc' dir='ltr'>ἄνευ</span> 
     </span>
    </p>
   </div>
   <div class='ocr_carea' id='block_1_108' title="bbox 2233 4201 3805 4276">
    <p class='ocr_par' dir='ltr' id='par_1_108' title="bbox 2233 4201 3805 4276">
     <span class='ocr_line' id='line_1_108' title="bbox 2233 4201 3805 4276; baseline 0.004 -21"><span class='ocrx_word' id='word_1_825' title='bbox 2233 4204 2450 4275; x_wconf 89' lang='grc' dir='ltr'>χειρῶν,</span> <span class='ocrx_word' id='word_1_826' title='bbox 2478 4204 2540 4255; x_wconf 91' lang='grc' dir='ltr'>τὸ</span> <span class='ocrx_word' id='word_1_827' title='bbox 2582 4201 2752 4273; x_wconf 78' lang='grc' dir='ltr'>χωρὶς</span> <span class='ocrx_word' id='word_1_828' title='bbox 2786 4202 3072 4264; x_wconf 87' lang='grc' dir='ltr'>συνουσίας</span> <span class='ocrx_word' id='word_1_829' title='bbox 3105 4203 3169 4255; x_wconf 82' lang='grc' dir='ltr'>ἐκ</span> <span class='ocrx_word' id='word_1_830' title='bbox 3210 4203 3308 4274; x_wconf 84' lang='grc' dir='ltr'>τῆς</span> <span class='ocrx_word' id='word_1_831' title='bbox 3334 4204 3610 4276; x_wconf 82' lang='grc' dir='ltr'>Παρθένου</span> <span class='ocrx_word' id='word_1_832' title='bbox 3643 4208 3805 4263; x_wconf 80' lang='grc' dir='ltr'>αὐτὸν</span> 
     </span>
    </p>
   </div>
   <div class='ocr_carea' id='block_1_109' title="bbox 2230 4288 3807 4364">
    <p class='ocr_par' dir='ltr' id='par_1_109' title="bbox 2230 4288 3807 4364">
     <span class='ocr_line' id='line_1_109' title="bbox 2230 4288 3807 4364; baseline 0 -21"><span class='ocrx_word' id='word_1_833' title='bbox 2230 4291 2506 4362; x_wconf 80' lang='grc' dir='ltr'>τεχθῆναι.</span> <span class='ocrx_word' id='word_1_834' title='bbox 2532 4289 2741 4358; x_wconf 83' lang='grc' dir='ltr'>Στήσας</span> <span class='ocrx_word' id='word_1_835' title='bbox 2759 4288 2857 4358; x_wconf 90' lang='grc' dir='ltr'>τὴν</span> <span class='ocrx_word' id='word_1_836' title='bbox 2876 4289 3058 4343; x_wconf 86' lang='grc' dir='ltr'>εἰκόνα</span> <span class='ocrx_word' id='word_1_837' title='bbox 3083 4288 3567 4364; x_wconf 78' lang='grc' dir='ltr'>Ναϐουχοδονόσορ⁹</span> <span class='ocrx_word' id='word_1_838' title='bbox 3595 4295 3807 4351; x_wconf 78' lang='grc' dir='ltr'>κελεύει</span> 
     </span>
    </p>
   </div>
   <div class='ocr_carea' id='block_1_110' title="bbox 2232 4375 3805 4454">
    <p class='ocr_par' dir='ltr' id='par_1_110' title="bbox 2232 4375 3805 4454">
     <span class='ocr_line' id='line_1_110' title="bbox 2232 4375 3805 4454; baseline 0.004 -25"><span class='ocrx_word' id='word_1_839' title='bbox 2232 4377 2556 4447; x_wconf 86' lang='grc' dir='ltr'>προσκυνεῖν</span> <span class='ocrx_word' id='word_1_840' title='bbox 2604 4376 2830 4437; x_wconf 80' lang='grc' dir='ltr'>πάντας,</span> <span class='ocrx_word' id='word_1_841' title='bbox 2862 4375 3109 4439; x_wconf 74' lang='grc' dir='ltr'>καὶτοὺς</span> <span class='ocrx_word' id='word_1_842' title='bbox 3159 4380 3306 4446; x_wconf 86' lang='grc' dir='ltr'>τρεῖς</span> <span class='ocrx_word' id='word_1_843' title='bbox 3355 4379 3550 4442; x_wconf 83' lang='grc' dir='ltr'>παῖδας</span> <span class='ocrx_word' id='word_1_844' title='bbox 3590 4383 3670 4443; x_wconf 78' lang='grc' dir='ltr'>εἰς</span> <span class='ocrx_word' id='word_1_845' title='bbox 3706 4382 3805 4454; x_wconf 86' lang='grc' dir='ltr'>τὴν</span> 
     </span>
    </p>
   </div>
   <div class='ocr_carea' id='block_1_111' title="bbox 2231 4460 3803 4541">
    <p class='ocr_par' dir='ltr' id='par_1_111' title="bbox 2231 4460 3803 4541">
     <span class='ocr_line' id='line_1_111' title="bbox 2231 4460 3803 4541; baseline 0.003 -24"><span class='ocrx_word' id='word_1_846' title='bbox 2231 4464 2459 4533; x_wconf 87' lang='grc' dir='ltr'>κάμινον</span> <span class='ocrx_word' id='word_1_847' title='bbox 2485 4460 2744 4532; x_wconf 85' lang='grc' dir='ltr'>ἐμϐάλλει</span> <span class='ocrx_word' id='word_1_848' title='bbox 2777 4460 2852 4531; x_wconf 87' lang='grc' dir='ltr'>μὴ</span> <span class='ocrx_word' id='word_1_849' title='bbox 2872 4462 3376 4532; x_wconf 82' lang='grc' dir='ltr'>προσκυνήσαντας.</span> <span class='ocrx_word' id='word_1_850' title='bbox 3404 4464 3492 4529; x_wconf 81' lang='grc' dir='ltr'>Ὠς</span> <span class='ocrx_word' id='word_1_851' title='bbox 3515 4465 3573 4519; x_wconf 84' lang='grc' dir='ltr'>δέ</span> <span class='ocrx_word' id='word_1_852' title='bbox 3605 4469 3656 4521; x_wconf 91' lang='grc' dir='ltr'>οἰ</span> <span class='ocrx_word' id='word_1_853' title='bbox 3678 4472 3803 4541; x_wconf 84' lang='grc' dir='ltr'>περὶ</span> 
     </span>
    </p>
   </div>
   <div class='ocr_carea' id='block_1_112' title="bbox 2230 4546 3804 4625">
    <p class='ocr_par' dir='ltr' id='par_1_112' title="bbox 2230 4546 3804 4625">
     <span class='ocr_line' id='line_1_112' title="bbox 2230 4546 3804 4625; baseline 0.004 -23"><span class='ocrx_word' id='word_1_854' title='bbox 2230 4550 2327 4619; x_wconf 85' lang='grc' dir='ltr'>τὴν</span> <span class='ocrx_word' id='word_1_855' title='bbox 2358 4546 2585 4625; x_wconf 85' lang='grc' dir='ltr'>κάμινον</span> <span class='ocrx_word' id='word_1_856' title='bbox 2616 4546 2981 4616; x_wconf 81' lang='grc' dir='ltr'>ἀνῃρέθησαν,</span> <span class='ocrx_word' id='word_1_857' title='bbox 3016 4550 3110 4601; x_wconf 76' lang='grc' dir='ltr'>καὶ</span> <span class='ocrx_word' id='word_1_858' title='bbox 3162 4548 3361 4620; x_wconf 83' lang='grc' dir='ltr'>ῦμνουν</span> <span class='ocrx_word' id='word_1_859' title='bbox 3398 4553 3447 4605; x_wconf 89' lang='grc' dir='ltr'>οί</span> <span class='ocrx_word' id='word_1_860' title='bbox 3498 4555 3687 4619; x_wconf 86' lang='grc' dir='ltr'>παῖδες</span> <span class='ocrx_word' id='word_1_861' title='bbox 3714 4557 3804 4609; x_wconf 82' lang='grc' dir='ltr'>τὸν</span> 
     </span>
    </p>
   </div>
   <div class='ocr_carea' id='block_1_113' title="bbox 2230 4629 3804 4696">
    <p class='ocr_par' dir='ltr' id='par_1_113' title="bbox 2230 4629 3804 4696">
     <span class='ocr_line' id='line_1_113' title="bbox 2230 4629 3804 4696; baseline 0.004 -12"><span class='ocrx_word' id='word_1_862' title='bbox 2230 4631 2362 4684; x_wconf 85' lang='grc' dir='ltr'>Θεὸν</span> <span class='ocrx_word' id='word_1_863' title='bbox 2381 4669 2396 4694; x_wconf 94' lang='grc'>,</span> <span class='ocrx_word' id='word_1_864' title='bbox 2428 4629 2659 4693; x_wconf 85' lang='grc' dir='ltr'>καλέσας</span> <span class='ocrx_word' id='word_1_865' title='bbox 2688 4630 2905 4694; x_wconf 79' lang='grc' dir='ltr'>αὐτοὺς,</span> <span class='ocrx_word' id='word_1_866' title='bbox 2937 4631 3029 4683; x_wconf 67' lang='grc' dir='ltr'>καί¹</span> <span class='ocrx_word' id='word_1_867' title='bbox 3077 4632 3199 4684; x_wconf 81' lang='grc' dir='ltr'>ἰδὼν</span> <span class='ocrx_word' id='word_1_868' title='bbox 3242 4632 3433 4696; x_wconf 85' lang='grc' dir='ltr'>σώους,</span> <span class='ocrx_word' id='word_1_869' title='bbox 3458 4634 3551 4688; x_wconf 88' lang='grc' dir='ltr'>τόν</span> <span class='ocrx_word' id='word_1_870' title='bbox 3579 4653 3637 4689; x_wconf 89' lang='grc' dir='ltr'>τε</span> <span class='ocrx_word' id='word_1_871' title='bbox 3670 4638 3804 4691; x_wconf 87' lang='grc' dir='ltr'>Θεὸν</span> 
     </span>
    </p>
   </div>
   <div class='ocr_carea' id='block_1_114' title="bbox 2230 4717 3803 4791">
    <p class='ocr_par' dir='ltr' id='par_1_114' title="bbox 2230 4717 3803 4791">
     <span class='ocr_line' id='line_1_114' title="bbox 2230 4717 3803 4791; baseline -0.004 -18"><span class='ocrx_word' id='word_1_872' title='bbox 2230 4719 2502 4789; x_wconf 79' lang='grc' dir='ltr'>ἐξεπλάγη</span> <span class='ocrx_word' id='word_1_873' title='bbox 2526 4756 2541 4782; x_wconf 96' lang='grc'>,</span> <span class='ocrx_word' id='word_1_874' title='bbox 2573 4718 2667 4772; x_wconf 77' lang='grc' dir='ltr'>καὶ</span> <span class='ocrx_word' id='word_1_875' title='bbox 2707 4717 2904 4781; x_wconf 79' lang='grc' dir='ltr'>αὐτοὺς</span> <span class='ocrx_word' id='word_1_876' title='bbox 2932 4719 3073 4789; x_wconf 76' lang='grc' dir='ltr'>ἀρχῇ</span> <span class='ocrx_word' id='word_1_877' title='bbox 3120 4721 3187 4791; x_wconf 79' lang='grc' dir='ltr'>τῇ</span> <span class='ocrx_word' id='word_1_878' title='bbox 3235 4720 3342 4774; x_wconf 88' lang='grc' dir='ltr'>τῶν</span> <span class='ocrx_word' id='word_1_879' title='bbox 3388 4722 3654 4777; x_wconf 87' lang='grc' dir='ltr'>Ἰουδαίων</span> <span class='ocrx_word' id='word_1_880' title='bbox 3694 4726 3803 4779; x_wconf 70' lang='grc' dir='ltr'>ἐτι.</span> 
     </span>
    </p>
   </div>
   <div class='ocr_carea' id='block_1_115' title="bbox 2234 4806 3804 4880">
    <p class='ocr_par' dir='ltr' id='par_1_115' title="bbox 2234 4806 3804 4880">
     <span class='ocr_line' id='line_1_115' title="bbox 2234 4806 3804 4880; baseline 0.004 -19"><span class='ocrx_word' id='word_1_881' title='bbox 2234 4826 2395 4880; x_wconf 89' lang='grc' dir='ltr'>μησε,</span> <span class='ocrx_word' id='word_1_882' title='bbox 2426 4808 2521 4861; x_wconf 76' lang='grc' dir='ltr'>καὶ</span> <span class='ocrx_word' id='word_1_883' title='bbox 2558 4806 2730 4876; x_wconf 90' lang='grc' dir='ltr'>δόγμα</span> <span class='ocrx_word' id='word_1_884' title='bbox 2768 4806 2929 4875; x_wconf 77' lang='grc' dir='ltr'>ἔθηκε</span> <span class='ocrx_word' id='word_1_885' title='bbox 2958 4846 2973 4868; x_wconf 90' lang='grc'>,</span> <span class='ocrx_word' id='word_1_886' title='bbox 3002 4807 3094 4860; x_wconf 90' lang='grc' dir='ltr'>τὸν</span> <span class='ocrx_word' id='word_1_887' title='bbox 3141 4808 3565 4880; x_wconf 83' lang='grc' dir='ltr'>βλασφημοῦντα</span> <span class='ocrx_word' id='word_1_888' title='bbox 3597 4815 3678 4877; x_wconf 84' lang='grc' dir='ltr'>εἰς</span> <span class='ocrx_word' id='word_1_889' title='bbox 3712 4814 3804 4867; x_wconf 87' lang='grc' dir='ltr'>τὸν</span> 
     </span>
    </p>
   </div>
   <div class='ocr_carea' id='block_1_116' title="bbox 2228 4885 3805 4970">
    <p class='ocr_par' dir='ltr' id='par_1_116' title="bbox 2228 4885 3805 4970">
     <span class='ocr_line' id='line_1_116' title="bbox 2228 4885 3805 4970; baseline 0.004 -20"><span class='ocrx_word' id='word_1_890' title='bbox 2228 4897 2360 4951; x_wconf 89' lang='grc' dir='ltr'>Θεὸν</span> <span class='ocrx_word' id='word_1_891' title='bbox 2380 4895 2729 4950; x_wconf 87' lang='grc' dir='ltr'>ἀπόλλυσθαι.</span> <span class='ocrx_word' id='word_1_892' title='bbox 2760 4894 2893 4965; x_wconf 84' lang='grc' dir='ltr'>Ὁρᾷ</span> <span class='ocrx_word' id='word_1_893' title='bbox 2913 4896 3161 4949; x_wconf 89' lang='grc' dir='ltr'>ἐνύπνιον</span> <span class='ocrx_word' id='word_1_894' title='bbox 3188 4885 3653 4970; x_wconf 81' lang='grc' dir='ltr'>Ναϐουχοδονόσορ</span> <span class='ocrx_word' id='word_1_895' title='bbox 3677 4918 3691 4931; x_wconf 88' lang='grc'><strong>·</strong></span> <span class='ocrx_word' id='word_1_896' title='bbox 3710 4905 3805 4956; x_wconf 75' lang='grc' dir='ltr'>καὶ</span> 
     </span>
    </p>
   </div>
   <div class='ocr_carea' id='block_1_117' title="bbox 2229 4980 3803 5055">
    <p class='ocr_par' dir='ltr' id='par_1_117' title="bbox 2229 4980 3803 5055">
     <span class='ocr_line' id='line_1_117' title="bbox 2229 4980 3803 5055; baseline 0.003 -18"><span class='ocrx_word' id='word_1_897' title='bbox 2229 4984 2335 5037; x_wconf 88' lang='grc' dir='ltr'>τῶν</span> <span class='ocrx_word' id='word_1_898' title='bbox 2366 4980 2543 5052; x_wconf 83' lang='grc' dir='ltr'>σοφῶν</span> <span class='ocrx_word' id='word_1_899' title='bbox 2568 4980 2882 5043; x_wconf 83' lang='grc' dir='ltr'>Βαϐυλῶνος</span> <span class='ocrx_word' id='word_1_900' title='bbox 2907 4980 3067 5034; x_wconf 89' lang='grc' dir='ltr'>πάλιν</span> <span class='ocrx_word' id='word_1_901' title='bbox 3096 4982 3562 5055; x_wconf 84' lang='grc' dir='ltr'>διαπορησάντων.</span> <span class='ocrx_word' id='word_1_902' title='bbox 3594 4988 3803 5042; x_wconf 82' lang='grc' dir='ltr'>ἐπιλύει</span> 
     </span>
    </p>
   </div>
   <div class='ocr_carea' id='block_1_118' title="bbox 2230 5067 3788 5141">
    <p class='ocr_par' dir='ltr' id='par_1_118' title="bbox 2230 5067 3788 5141">
     <span class='ocr_line' id='line_1_118' title="bbox 2230 5067 3788 5141; baseline -0.001 -16"><span class='ocrx_word' id='word_1_903' title='bbox 2230 5069 2362 5125; x_wconf 79' lang='grc' dir='ltr'>αὐτὸ</span> <span class='ocrx_word' id='word_1_904' title='bbox 2386 5069 2415 5122; x_wconf 90' lang='lat'>6</span> <span class='ocrx_word' id='word_1_905' title='bbox 2447 5067 2663 5139; x_wconf 86' lang='grc' dir='ltr'>Δανιὴλ,</span> <span class='ocrx_word' id='word_1_906' title='bbox 2696 5067 3050 5138; x_wconf 88' lang='grc' dir='ltr'>συμϐουλεύει</span> <span class='ocrx_word' id='word_1_907' title='bbox 3084 5086 3143 5121; x_wconf 87' lang='grc' dir='ltr'>τε</span> <span class='ocrx_word' id='word_1_908' title='bbox 3176 5070 3252 5141; x_wconf 83' lang='grc' dir='ltr'>τῷ</span> <span class='ocrx_word' id='word_1_909' title='bbox 3294 5071 3523 5140; x_wconf 82' lang='grc' dir='ltr'>βασιλεῖ,</span> <span class='ocrx_word' id='word_1_910' title='bbox 3553 5075 3653 5138; x_wconf 74' lang='grc' dir='ltr'>τὰς</span> <span class='ocrx_word' id='word_1_911' title='bbox 3682 5077 3788 5128; x_wconf 82' lang='grc' dir='ltr'>ἀνο-</span> 
     </span>
    </p>
   </div>
   <div class='ocr_carea' id='block_1_119' title="bbox 2232 5154 3802 5227">
    <p class='ocr_par' dir='ltr' id='par_1_119' title="bbox 2232 5154 3802 5227">
     <span class='ocr_line' id='line_1_119' title="bbox 2232 5154 3802 5227; baseline 0.003 -18"><span class='ocrx_word' id='word_1_912' title='bbox 2232 5157 2360 5227; x_wconf 88' lang='grc' dir='ltr'>μίας</span> <span class='ocrx_word' id='word_1_913' title='bbox 2401 5154 2566 5208; x_wconf 84' lang='grc' dir='ltr'>αὐτοῦ</span> <span class='ocrx_word' id='word_1_914' title='bbox 2610 5157 2666 5208; x_wconf 89' lang='grc' dir='ltr'>ἐν</span> <span class='ocrx_word' id='word_1_915' title='bbox 2716 5154 3102 5225; x_wconf 86' lang='grc' dir='ltr'>ἐλεημοσύναις</span> <span class='ocrx_word' id='word_1_916' title='bbox 3139 5157 3537 5227; x_wconf 82' lang='grc' dir='ltr'>λυτρώσασθαι.</span> <span class='ocrx_word' id='word_1_917' title='bbox 3594 5162 3703 5215; x_wconf 74' lang='grc' dir='ltr'>Καὶ</span> <span class='ocrx_word' id='word_1_918' title='bbox 3741 5163 3802 5214; x_wconf 81' lang='grc' dir='ltr'>ού</span> 
     </span>
    </p>
   </div>
   <div class='ocr_carea' id='block_1_120' title="bbox 2232 5243 3802 5320">
    <p class='ocr_par' dir='ltr' id='par_1_120' title="bbox 2232 5243 3802 5320">
     <span class='ocr_line' id='line_1_120' title="bbox 2232 5243 3802 5320; baseline 0.004 -23"><span class='ocrx_word' id='word_1_919' title='bbox 2232 5244 2348 5315; x_wconf 86' lang='grc' dir='ltr'>μετ’</span> <span class='ocrx_word' id='word_1_920' title='bbox 2387 5245 2448 5298; x_wconf 82' lang='grc' dir='ltr'>οὐ</span> <span class='ocrx_word' id='word_1_921' title='bbox 2494 5244 2657 5298; x_wconf 85' lang='grc' dir='ltr'>πολὺν</span> <span class='ocrx_word' id='word_1_922' title='bbox 2695 5244 2883 5314; x_wconf 90' lang='grc' dir='ltr'>χρόνον</span> <span class='ocrx_word' id='word_1_923' title='bbox 2922 5243 3080 5316; x_wconf 83' lang='grc' dir='ltr'>ἐξέϐη</span> <span class='ocrx_word' id='word_1_924' title='bbox 3109 5245 3170 5298; x_wconf 89' lang='grc' dir='ltr'>τὸ</span> <span class='ocrx_word' id='word_1_925' title='bbox 3209 5245 3458 5301; x_wconf 86' lang='grc' dir='ltr'>ἐνύπνιον</span> <span class='ocrx_word' id='word_1_926' title='bbox 3483 5265 3497 5278; x_wconf 90' lang='grc'><strong>·</strong></span> <span class='ocrx_word' id='word_1_927' title='bbox 3524 5251 3617 5303; x_wconf 77' lang='grc' dir='ltr'>καὶ</span> <span class='ocrx_word' id='word_1_928' title='bbox 3646 5251 3802 5320; x_wconf 69' lang='grc' dir='ltr'>ᾔνεσε</span> 
     </span>
    </p>
   </div>
   <div class='ocr_carea' id='block_1_121' title="bbox 2229 5330 3800 5407">
    <p class='ocr_par' dir='ltr' id='par_1_121' title="bbox 2229 5330 3800 5407">
     <span class='ocr_line' id='line_1_121' title="bbox 2229 5330 3800 5407; baseline 0.003 -22"><span class='ocrx_word' id='word_1_929' title='bbox 2229 5331 2319 5385; x_wconf 90' lang='grc' dir='ltr'>τὸν</span> <span class='ocrx_word' id='word_1_930' title='bbox 2344 5331 2475 5384; x_wconf 85' lang='grc' dir='ltr'>Θεὸν</span> <span class='ocrx_word' id='word_1_931' title='bbox 2524 5332 2553 5384; x_wconf 90' lang='lat'>6</span> <span class='ocrx_word' id='word_1_932' title='bbox 2590 5330 3078 5401; x_wconf 84' lang='grc' dir='ltr'>Ναϐουχοδονόσορ.</span> <span class='ocrx_word' id='word_1_933' title='bbox 3107 5333 3227 5386; x_wconf 87' lang='grc' dir='ltr'>Τῶν</span> <span class='ocrx_word' id='word_1_934' title='bbox 3271 5335 3483 5388; x_wconf 83' lang='grc' dir='ltr'>σκευῶν</span> <span class='ocrx_word' id='word_1_935' title='bbox 3515 5337 3623 5389; x_wconf 87' lang='grc' dir='ltr'>τῶν</span> <span class='ocrx_word' id='word_1_936' title='bbox 3655 5340 3800 5407; x_wconf 79' lang='grc' dir='ltr'>ἱεραο</span> 
     </span>
    </p>
   </div>
   <div class='ocr_carea' id='block_1_122' title="bbox 2227 5418 3802 5494">
    <p class='ocr_par' dir='ltr' id='par_1_122' title="bbox 2227 5418 3802 5494">
     <span class='ocr_line' id='line_1_122' title="bbox 2227 5418 3802 5494; baseline 0.004 -23"><span class='ocrx_word' id='word_1_937' title='bbox 2227 5421 2393 5472; x_wconf 87' lang='grc' dir='ltr'>τικῶν</span> <span class='ocrx_word' id='word_1_938' title='bbox 2436 5418 2821 5489; x_wconf 82' lang='grc' dir='ltr'>ἐξενεχθέντων</span> <span class='ocrx_word' id='word_1_939' title='bbox 2872 5419 3012 5471; x_wconf 80' lang='grc' dir='ltr'>κατὰ</span> <span class='ocrx_word' id='word_1_940' title='bbox 3058 5421 3351 5491; x_wconf 81' lang='grc' dir='ltr'>πρόσταξιν</span> <span class='ocrx_word' id='word_1_941' title='bbox 3398 5424 3490 5477; x_wconf 84' lang='grc' dir='ltr'>τοῦ</span> <span class='ocrx_word' id='word_1_942' title='bbox 3541 5424 3802 5494; x_wconf 82' lang='grc' dir='ltr'>βασιλέως</span> 
     </span>
    </p>
   </div>
   <div class='ocr_carea' id='block_1_123' title="bbox 2229 5505 3804 5580">
    <p class='ocr_par' dir='ltr' id='par_1_123' title="bbox 2229 5505 3804 5580">
     <span class='ocr_line' id='line_1_123' title="bbox 2229 5505 3804 5580; baseline 0.004 -21"><span class='ocrx_word' id='word_1_943' title='bbox 2229 5506 2345 5559; x_wconf 87' lang='grc' dir='ltr'>υίοῦ</span> <span class='ocrx_word' id='word_1_944' title='bbox 2387 5505 2886 5576; x_wconf 83' lang='grc' dir='ltr'>Ναϐουχοδονόσορ,</span> <span class='ocrx_word' id='word_1_945' title='bbox 2922 5507 3016 5560; x_wconf 81' lang='grc' dir='ltr'>καὶ</span> <span class='ocrx_word' id='word_1_946' title='bbox 3050 5508 3157 5561; x_wconf 89' lang='grc' dir='ltr'>τῶν</span> <span class='ocrx_word' id='word_1_947' title='bbox 3181 5511 3524 5580; x_wconf 77' lang='grc' dir='ltr'>ἑστιωμένων</span> <span class='ocrx_word' id='word_1_948' title='bbox 3553 5514 3633 5577; x_wconf 84' lang='grc' dir='ltr'>εἰς</span> <span class='ocrx_word' id='word_1_949' title='bbox 3666 5514 3804 5566; x_wconf 71' lang='grc' dir='ltr'>αὐτὰ</span> 
     </span>
    </p>
   </div>
   <div class='ocr_carea' id='block_1_124' title="bbox 2233 5594 3804 5672">
    <p class='ocr_par' dir='ltr' id='par_1_124' title="bbox 2233 5594 3804 5672">
     <span class='ocr_line' id='line_1_124' title="bbox 2233 5594 3804 5672; baseline 0.004 -26"><span class='ocrx_word' id='word_1_950' title='bbox 2233 5595 2514 5659; x_wconf 83' lang='grc' dir='ltr'>πινόντων,</span> <span class='ocrx_word' id='word_1_951' title='bbox 2540 5594 2757 5666; x_wconf 80' lang='grc' dir='ltr'>ἐξῆλθεν</span> <span class='ocrx_word' id='word_1_952' title='bbox 2799 5596 3137 5667; x_wconf 89' lang='grc' dir='ltr'>ἀστράγαλος</span> <span class='ocrx_word' id='word_1_953' title='bbox 3181 5599 3397 5669; x_wconf 83' lang='grc' dir='ltr'>χειρὸς,</span> <span class='ocrx_word' id='word_1_954' title='bbox 3428 5602 3522 5654; x_wconf 78' lang='grc' dir='ltr'>καὶ</span> <span class='ocrx_word' id='word_1_955' title='bbox 3570 5601 3804 5672; x_wconf 73' lang='grc' dir='ltr'>ἔγραψεν</span> 
     </span>
    </p>
   </div>
   <div class='ocr_carea' id='block_1_125' title="bbox 2234 5682 3808 5757">
    <p class='ocr_par' dir='ltr' id='par_1_125' title="bbox 2234 5682 3808 5757">
     <span class='ocr_line' id='line_1_125' title="bbox 2234 5682 3808 5757; baseline 0.006 -23"><span class='ocrx_word' id='word_1_956' title='bbox 2234 5685 2289 5734; x_wconf 73' lang='grc' dir='ltr'>ἐν</span> <span class='ocrx_word' id='word_1_957' title='bbox 2321 5683 2395 5753; x_wconf 71' lang='grc' dir='ltr'>τῷ</span> <span class='ocrx_word' id='word_1_958' title='bbox 2433 5684 2848 5754; x_wconf 76' lang='grc' dir='ltr'>τοίχῳγραφὴν,</span> <span class='ocrx_word' id='word_1_959' title='bbox 2881 5682 2947 5753; x_wconf 79' lang='grc' dir='ltr'>ὴν</span> <span class='ocrx_word' id='word_1_960' title='bbox 2980 5685 3072 5739; x_wconf 70' lang='grc' dir='ltr'>καὶ</span> <span class='ocrx_word' id='word_1_961' title='bbox 3096 5685 3264 5757; x_wconf 77' lang='grc' dir='ltr'>αὐτὴν</span> <span class='ocrx_word' id='word_1_962' title='bbox 3295 5686 3397 5741; x_wconf 87' lang='grc' dir='ltr'>τῶν</span> <span class='ocrx_word' id='word_1_963' title='bbox 3429 5688 3610 5757; x_wconf 81' lang='grc' dir='ltr'>σοφῶν</span> <span class='ocrx_word' id='word_1_964' title='bbox 3632 5689 3808 5744; x_wconf 68' lang='grc' dir='ltr'>Βαϐυ-</span> 
     </span>
    </p>
   </div>
  </div>
