3966 6192
169 279 251 335 δδί
1214 265 1537 323 SYNOPSIS
1571 220 1983 337 SCRIPTlJRxE
2024 266 2295 324 ΞΛΟΙΏΕ.

172 415 428 478 includere,
447 420 499 468 et
516 410 856 480 Jerosolymre
879 406 1203 463 obsidionem
1234 403 1589 475 prrenuntiare
1607 417 1702 471 per

171 504 436 574 exemplum
462 502 638 556 lateris
657 510 711 554 et
737 498 1032 569 sartaginis.
1057 496 1278 551 Jubetur
1306 495 1430 549 item
1461 493 1514 547 in
1539 508 1701 546 unum

172 600 289 654 latus
307 593 524 648 dormire
552 602 699 646 certo
718 590 927 646 dierum
965 601 1206 652 numero,
1237 585 1517 641 declarans
1554 583 1699 638 cala-

174 691 375 745 mitatem
406 683 591 755 populo
613 683 840 737 futuram
867 682 918 734 in
947 679 1273 749 captivitate.
1316 674 1564 732 Praedicit
1609 690 1701 744 per

175 793 329 849 panes,
354 791 478 846 quos
502 790 564 829 ex
589 784 825 828 stercore
850 771 1008 827 boum
1026 769 1167 832 facit,
1195 778 1250 823 et
1276 783 1371 838 per
1388 767 1704 821 divisionem

176 867 444 937 capillorum
468 872 690 918 mortem
700 879 885 921 eorum
895 877 957 917 ac
979 860 1384 930 dispersionem;
1401 856 1549 913 urbis
1567 856 1697 911 item

179 970 313 1031 atque
337 958 584 1014 idolorum
628 956 1045 1023 devastationem
1088 952 1291 1022 adjicit.
1313 950 1473 1006 Videt
1511 948 1704 1018 iniqui-

178 1062 290 1108 tates
317 1050 512 1120 populi,
542 1058 597 1104 et
622 1046 992 1103 idololatriam.
1038 1045 1239 1099 Deinde
1280 1058 1375 1099 eos
1403 1044 1492 1113 qui
1536 1056 1706 1112 usque

181 1144 235 1197 ad
259 1141 456 1198 exitium
478 1140 619 1194 urbis
645 1139 993 1194 devenerunt.
1026 1136 1180 1191 Videt
1204 1150 1418 1190 rursum
1439 1134 1704 1190 Cherubi-

180 1249 289 1298 nos,
314 1242 361 1287 et
385 1231 513 1288 mala
538 1230 650 1285 urbi
678 1229 1017 1299 praenuntiat.
1042 1228 1115 1282 De
1141 1228 1206 1282 iis
1237 1228 1327 1297 qui
1355 1226 1409 1281 in
1437 1226 1707 1282 Christum

183 1325 583 1382 crediturierant.
607 1322 851 1378 Prmdicit
877 1335 1090 1376 rursum
1115 1320 1475 1389 captivitatem
1502 1318 1704 1389 populi,

185 1434 283 1488 quae
305 1417 393 1471 suh
415 1414 627 1472 Sedecia
651 1414 881 1480 accidit,
905 1421 959 1468 et
998 1411 1275 1468 Sedeciam
1297 1419 1618 1468 exetecatum
1647 1410 1710 1465 iri

184 1526 207 1564 a
231 1506 728 1564 Nabuchodonosore.
757 1504 1004 1560 Pracdicit
1029 1505 1168 1559 mala
1211 1518 1317 1564 non
1351 1512 1470 1571 post
1503 1502 1712 1556 diutur-

183 1615 285 1657 num
314 1609 500 1667 tempus
522 1606 794 1661 eventura,
823 1595 917 1651 sed
949 1609 1113 1665 prope
1136 1609 1275 1650 esse.
1308 1593 1536 1648 Minatur
1558 1607 1713 1661 pseu-

184 1691 498 1761 doprophetis,
529 1690 761 1761 ipsisque
782 1687 1190 1758 indeprecabilia
1211 1701 1330 1742 esse
1358 1702 1476 1756 qua:
1505 1685 1710 1756 passuri

185 1792 283 1836 sunt
305 1781 428 1836 mala
450 1779 758 1838 denuntiat:
789 1779 858 1833 ita
886 1787 945 1833 ut
989 1792 1089 1833 nec
1125 1776 1228 1833 Job
1256 1792 1357 1831 nec
1400 1776 1584 1831 Daniel
1613 1790 1713 1831 nec

188 1872 279 1928 Noe
302 1874 512 1943 ipsorum
543 1872 679 1926 ﬁlios
708 1872 914 1942 possint
934 1885 1128 1926 eruere
1157 1886 1170 1923 :
1201 1879 1253 1925 ct
1279 1879 1573 1925 extremam
1599 1869 1715 1923 illo-

186 1981 283 2020 rum
308 1964 577 2019 vastitatem
602 1979 702 2034 per
719 1963 916 2032 lignum
935 1962 1055 2016 vitis
1081 1960 1332 2016 declarat.
1364 1960 1593 2015 Enarrat
1616 1974 1713 2028 po-

189 2055 280 2124 puli
303 2055 643 2123 turpitudinem
664 2053 736 2108 ab
754 2053 924 2117 initio,
952 2058 1235 2121 antequam
1257 2051 1422 2105 Deum
1440 2050 1716 2120 amplexus

192 2144 605 2208 esset,ctdecorem
622 2152 904 2213 postquam
920 2140 1195 2212 amplexus
1204 2147 1317 2194 est:
1341 2140 1718 2196 idololatrian:-

190 2250 278 2305 que
294 2236 409 2306 ejus,
427 2246 474 2291 et
490 2235 754 2291 excidium
780 2233 921 2304 quod
948 2241 1165 2303 propter
1188 2247 1307 2288 eam
1328 2232 1519 2286 invasit
1536 2232 1712 2301 ipsos;

192 2343 373 2397 magnas
412 2329 636 2383 ostendit
681 2327 801 2398 ejus
850 2326 1157 2397 iniquitates
1202 2339 1265 2380 ex
1317 2323 1716 2394 comparatione

189 2418 493 2474 Sodomorum
520 2429 573 2475 et
600 2418 882 2484 Samaria,
909 2432 1030 2488 qua:
1050 2417 1209 2472 etiam
1235 2430 1330 2486 per
1347 2416 1551 2484 seipsas
1566 2422 1720 2470 erant

190 2508 409 2578 ingentes.
432 2509 655 2566 Possunt
683 2518 861 2563 autem
885 2508 1047 2575 bona,
1068 2522 1187 2577 quae
1210 2506 1469 2576 praedicit,
1500 2521 1715 2576 nempe,

190 2599 412 2655 δυσὶταόο
434 2609 780 2672 testamentum
805 2615 971 2653 meum
1000 2608 1159 2653 tecum
1188 2598 1207 2669 (
1238 2596 1424 2651 Ezeeh.
1454 2598 1542 2652 16.
1583 2598 1654 2653 62
1673 2595 1716 2670 ),

188 2690 242 2745 de
263 2692 576 2748 credentibus
613 2694 670 2748 in
707 2691 982 2748 Christum
1022 2688 1266 2760 intelligi.
1296 2690 1591 2744 Ascensnm
1610 2688 1720 2744 Na-

191 2781 602 2839 buchodonosoris
627 2783 977 2855 praenuntiat.
1005 2780 1276 2838 Adversus
1305 2794 1400 2836 eos
1442 2780 1531 2849 qui
1565 2779 1713 2835 dice-

193 2873 331 2928 baut:
371 2875 539 2932 Patres
562 2875 888 2930 comederunt
910 2889 1057 2928 uuam
1081 2870 1333 2936 acerbam,
1372 2880 1419 2925 et
1453 2870 1624 2925 dentes
1652 2870 1721 2939 ﬁ-

190 2966 339 3020 liorum
362 2967 757 3038 obstupuerunt(
790 2965 976 3020 Ezeclt.
1008 2964 1097 3020 18.
1119 2963 1156 3017 2
1177 2962 1217 3035 ).
1253 2964 1327 3018 De
1354 2970 1525 3019 matre
1557 2962 1725 3019 Sede-

191 3057 266 3109 cim
291 3059 431 3126 regis.
470 3058 811 3114 Teslificatur
838 3055 1143 3113 senioribus
1178 3054 1483 3125 iniquitates
1513 3062 1723 3125 patrum

193 3160 391 3203 suorum.
419 3148 547 3204 Illud
598 3158 782 3205 autem
808 3188 825 3213 ,
874 3146 1007 3212 Quia
1052 3161 1204 3216 super
1231 3154 1451 3199 montem
1494 3152 1725 3198 sanetum

193 3256 342 3307 meum,
358 3242 420 3298 de
435 3251 611 3299 monte
639 3240 859 3297 excelso
880 3239 1044 3295 Israel
1068 3238 1223 3293 dicit:
1239 3237 1457 3304 Adonei,
1484 3235 1721 3303 Domine,

195 3329 279 3383 illic
296 3334 486 3387 servient
507 3334 629 3387 mihi
660 3334 827 3387 omnis
853 3330 1032 3385 domus
1061 3327 1226 3383 Israel
1249 3329 1303 3383 in
1327 3328 1478 3398 ﬁnem
1511 3326 1723 3398 (Ezeclt.

190 3419 262 3475 20.
302 3422 382 3478 40.
424 3423 477 3477 in
538 3423 747 3493 Grec.)
777 3465 791 3488 ,
846 3421 915 3477 de
966 3420 1304 3476 credentibus
1352 3419 1406 3473 in
1455 3417 1725 3474 Christum

192 3521 337 3580 potest
350 3515 523 3584 accipi.
549 3514 627 3570 De
656 3513 922 3577 Themao,
947 3511 1012 3565 de
1051 3508 1215 3564 Israel
1238 3549 1253 3574 ,
1285 3517 1339 3565 et
1366 3508 1433 3564 de
1457 3508 1578 3563 filiis
1609 3509 1728 3562 Am-

192 3617 311 3657 mon.
342 3604 637 3674 lniquitates
667 3612 723 3659 et
769 3611 988 3675 peccata
1018 3600 1228 3656 lsraelis
1252 3609 1516 3666 recenset,
1546 3613 1727 3654 sacer-

191 3691 362 3757 dotum,
384 3696 686 3766 principum
713 3704 768 3749 et
797 3690 1405 3763 pseudOprophetarum.
1435 3688 1504 3742 Et
1532 3704 1729 3760 quare-

193 3783 306 3850 bam,
330 3788 505 3857 inquit,
531 3788 700 3841 uirum
744 3793 877 3840 recte
922 3791 1199 3838 versantem
1223 3790 1269 3836 et
1294 3789 1508 3836 stantem
1535 3782 1588 3834 in
1616 3782 1728 3850 fra-

189 3885 309 3929 ctura
331 3880 547 3934 maceria:
574 3879 655 3951 (a)
682 3886 799 3930 ante
825 3876 1003 3947 faciem
1029 3888 1192 3927 meam
1223 3873 1275 3926 in
1302 3880 1521 3941 tempore
1543 3880 1689 3924 terra:
1710 3910 1727 3936 ,

188 3977 233 4020 ut
255 3986 308 4022 ne
323 3970 370 4023 in
396 3971 542 4040 ﬁnem
560 3971 781 4024 delerent
799 3983 916 4022 eum
948 3982 968 4019 :
997 3973 1044 4020 et
1072 3981 1174 4019 non
1197 3965 1362 4017 inveni
1386 3963 1405 4034 (
1429 3963 1615 4017 Ezech.
1637 3961 1727 4019 22.

190 4058 282 4126 50).
309 4061 375 4116 De
397 4062 693 4117 idololatria
711 4059 890 4130 pepuli
919 4057 1083 4112 Israel
1113 4056 1166 4110 in
1191 4052 1424 4126 Egypto
1446 4063 1500 4108 et
1524 4062 1728 4125 postea,

188 4163 239 4203 ac
279 4150 338 4206 de
380 4151 791 4208 calamitatibus.
847 4150 1022 4219 Atque
1068 4148 1287 4217 insuper
1331 4160 1501 4216 neque
1535 4144 1733 4200 luctum

190 4254 322 4311 agere
346 4245 716 4313 permittentur
737 4255 900 4312 super
920 4236 1352 4310 contingentibus
1392 4236 1566 4291 malis.
1588 4235 1733 4291 Con-

192 4341 253 4386 tra
270 4331 591 4392 Ammanitas
605 4341 664 4390 et
688 4333 951 4390 Idumaeos
980 4373 997 4397 ,
1044 4341 1099 4386 et
1128 4329 1457 4400 alienigenas
1479 4367 1497 4394 ,
1527 4337 1581 4383 et
1609 4324 1730 4392 Sor,

192 4436 321 4491 quam
339 4425 518 4483 dicunt
535 4440 659 4482 esse
673 4424 894 4496 Tyrum.
919 4421 1164 4477 Praedicit
1178 4419 1505 4476 calamitates
1519 4432 1737 4488 magnas

190 4527 347 4573 contra
381 4518 676 4589 principem
719 4515 849 4588 Tyri
896 4523 951 4570 et
997 4512 1242 4578 Sidonis,
1295 4519 1352 4568 et
1400 4510 1689 4582 Egyptum
1718 4550 1733 4576 ,

194 4604 641 4679 inptiorumque
671 4622 875 4677 regem.
906 4604 1136 4660 Minatur
1160 4602 1485 4673 speculatori
1511 4601 1691 4673 populi
1719 4641 1734 4666 ,

191 4698 274 4754 nisi
311 4700 609 4771 przedixerit
650 4700 886 4771 populo,
911 4698 1065 4767 cujus
1100 4696 1418 4753 constitutus
1442 4702 1525 4751 est
1551 4709 1741 4764 specu-

194 4786 304 4844 lator
328 4792 391 4846 ad
416 4792 744 4847 calamitates
762 4806 794 4845 a
821 4790 931 4845 Deo
956 4788 1150 4844 illatas.
1180 4788 1259 4842 Ac
1285 4786 1617 4855 dicit,nequc
1642 4785 1742 4840 ini-

195 4891 327 4944 ‘luum
357 4882 531 4951 perire
555 4883 628 4938 ob
653 4881 859 4952 priores
886 4877 1209 4948 iniquitates,
1240 4876 1284 4932 si
1311 4892 1601 4932 conversus
1620 4874 1738 4929 fue-

196 4970 249 5023 rit
268 4972 327 5027 κει
355 4973 653 5030 faciendum
682 4987 746 5028 ea
773 4985 892 5042 qua:
920 4970 1030 5024 Deo
1055 4977 1179 5024 sunt.
1205 4967 1395 5037 placita
1420 4983 1433 5030 ;
1465 4983 1637 5037 neque
1656 4967 1742 5037 ju-

246 5159 307 5221 (n)
355 5161 502 5215 Illud.
540 5160 740 5227 V152,
788 5156 841 5208 in
887 5157 1106 5222 fractura
1147 5163 1374 5227 maceria:
1417 5149 1488 5227 (tv
1532 5152 1737 5227 omnm

197 5233 431 5295 ξρᾳγμοῦ),
464 5222 566 5283 non
602 5241 679 5283 est
721 5232 771 5282 in
817 5226 1184 5295 exemplaribus
1221 5222 1643 5295 hodiernis,__sed
1675 5237 1739 5295 ex

195 5284 403 5357 oriens
422 5284 670 5356 'Hexaptis
694 5284 1002 5357 adiunctum;
1018 5291 1196 5357 fixerat:
1218 5292 1275 5337 οι
1310 5284 1483 5357 [πολίω
1510 5284 1743 5357 limuls:

196 5346 461 5405 addidimus.
496 5346 655 5406 Toius
696 5346 831 5405 locus
873 5354 924 5403 in
966 5347 1279 5402 Edilionibus
1316 5346 1571 5397 liodiernls
1617 5346 1741 5396 LXX

198 5414 259 5482 fit;
274 5417 478 5482 habetur
502 5434 515 5461 :
542 5421 637 5467 Καὶ
670 5418 861 5482 ἐζήτρυν
894 5415 941 5469 ἐξ
972 5413 1130 5482 ᾳῦτῶν
1161 5408 1742 5482 ἄνδροειάναστεεφὸἳμενο]

198 5473 340 5551 ὀρθῶς,
368 5480 448 5551 at}!
471 5471 801 5551 έσῖῶτῇᾖρὸ
842 5477 1103 5551 προσώπρυ
1146 5471 1259 5551 ἓξὲξ
1280 5471 1562 5551 ῥξξσζχερῶς,
1591 5471 1641 5535 ἐνί
1672 5471 1741 5530 τῷ

201 5532 338 5600 tatam
358 5547 440 5599 τῆς
465 5543 624 5603 ὀργῆς.
651 5532 829 5590 Helius
858 5532 1119 5597 exemplar
1148 5532 1507 5593 Chrysostomi,
1543 5532 1591 5579 ἐν
1613 5532 1656 5579 τ.
1691 5548 1738 5578 κ.

202 5611 376 5669 τῆςτῆς.
406 5611 456 5659 ln
482 5611 695 5660 Hebrzeo
712 5614 879 5660 autem
898 5605 1101 5668 legitur,
1122 5604 1288 5678 V'lRi'l
1320 5605 1450 5659 πει,
1477 5613 1567 5665 pro
1590 5606 1740 5651 terra.

202 5688 499 5760 Septuaginta
523 5710 644 5747 vero
667 5698 901 5758 legerunt
936 5695 1074 5750 ΜΞ,
1108 5688 1157 5741 in
1179 5695 1405 5753 tempore.

3294 263 3403 321 58?.

1814 388 1956 433 slum
1986 379 2214 435 salutem
2240 380 2496 449 consequi
2525 378 2595 433 ob
2622 378 2849 449 priorem
2873 377 3133 447 justitiam
3158 423 3173 448 ,
3205 381 3250 437 si
3281 398 3403 436 ntu-

1813 477 1956 525 tatus
1980 512 1993 535 ,
2029 471 2238 541 iniquus
2270 470 2602 540 injuslusque
2645 471 2891 525 evaserit.
2940 471 3095 526 Venit
3130 472 3398 543 quispiam

1814 561 1879 613 ad
1913 560 2228 630 prophetam
2252 601 2268 626 ,
2300 562 2553 615 nuntians
2599 571 2804 631 captam
2854 559 3017 617 fuisse
3053 560 3353 619 Jerusalem
3381 578 3396 621 :

1814 652 1944 707 dicit
1972 662 2150 707 autem
2182 652 2282 708 hac
2311 653 2378 707 de
2404 668 2464 708 re
2500 652 2779 720 incusans,
2810 654 2950 723 quod
2980 669 3085 709 non
3120 655 3399 711 attendant

1813 742 1877 795 iis
1917 758 2037 812 qua:
2072 759 2100 795 a
2146 742 2420 813 prophetis
2454 743 2834 812 praedicuntur.
2874 745 3207 801 Vaticinatur
3234 762 3396 816 porro

1813 843 1998 887 contra
2057 842 2301 903 pastores
2329 832 2537 888 lsraelis
2568 851 2581 886 :
2614 837 2979 905 promittitque
3010 837 3248 891 dandum
3280 853 3401 893 esse

1813 934 2081 993 pastorem
2112 939 2312 990 unum;
2344 923 2397 979 id
2419 924 2559 994 quod
2589 926 2688 981 sub
2711 926 3042 983 Zorobabele
3068 926 3263 983 factum
3291 936 3396 996 est,

1818 1015 1870 1069 id
1899 1015 2040 1085 quod
2069 1017 2229 1071 etiam
2259 1015 2428 1071 Judmi
2460 1016 2800 1087 impudenter
2819 1018 3252 1074 dicuntnondum
3278 1034 3402 1075 eve-

1815 1105 1997 1172 nisse;
2029 1106 2208 1162 evenit
2238 1116 2414 1161 tamen
2436 1147 2452 1171 ,
2497 1116 2555 1159 ut
2580 1106 2711 1171 dixi,
2735 1108 2836 1161 sub
2874 1107 3225 1164 Zorobabele.
3257 1109 3404 1164 Vati—

1814 1195 2023 1250 cinatur
2041 1206 2228 1251 contra
2263 1194 2545 1260 ldummos,
2578 1205 2633 1250 et
2664 1196 2919 1250 Israelitis
2946 1198 3086 1253 bona
3130 1198 3395 1269 praedicit,

1816 1301 1936 1356 qua:
1958 1287 2101 1341 Deus
2130 1286 2251 1342 ideo
2278 1301 2337 1342 se
2356 1286 2555 1357 Judwis
2577 1287 2896 1340 collaturum
2923 1288 3088 1355 dicit,
3124 1306 3229 1344 non
3257 1291 3402 1360 quod

1816 1377 1893 1432 illi
1917 1375 2063 1449 digni
2092 1377 2328 1443 sint,sed
2351 1393 2419 1434 ne
2451 1392 2648 1433 nomen
2676 1378 2794 1447 ejus
2823 1376 3150 1447 profanetur.
3181 1380 3400 1436 Ducitur

1821 1467 2085 1539 prepheta
2113 1470 2167 1523 in
2194 1483 2461 1537 campum,
2490 1477 2543 1523 et
2573 1467 2861 1537 prophetat
2900 1483 3062 1537 super
3086 1483 3207 1525 ossa
3232 1470 3402 1524 arida.

1821 1561 2110 1630 PrOphetat
2130 1561 2257 1617 item
2283 1560 2351 1617 de
2381 1560 2735 1627 Zorobabele,
2765 1563 2905 1631 quod
2936 1562 3146 1619 futurus
3175 1563 3244 1618 sit
3268 1578 3403 1619 unus

1818 1652 2123 1707 Judaeorum
2145 1651 2431 1722 princeps:
2454 1660 2631 1722 potest
2661 1658 2839 1706 autem
2869 1651 2939 1706 de
2968 1653 3192 1708 Domino
3220 1664 3406 1709 nostro

1818 1744 1942 1800 Jcsu
1958 1742 2174 1799 Christo
2186 1744 2376 1813 accipi.
2393 1742 2725 1798 Vaticinatur
2736 1744 2897 1798 etiam
2911 1744 2978 1799 de
2997 1744 3110 1816 Gog
3121 1756 3175 1802 et
3189 1747 3405 1819 Magog,

1821 1837 1912 1906 qui
1940 1834 2156 1891 Judmos
2180 1834 2415 1890 invasuri
2441 1846 2595 1889 erant
2622 1844 2739 1904 post
2759 1836 2991 1891 reditum
3017 1851 3082 1899 ex
3110 1836 3404 1908 Babylone,

1820 1928 2021 1998 quique
2049 1928 2174 1982 victi
2207 1926 2442 1983 fuerunt.
2471 1926 2696 1994 Quidam
2722 1936 2898 1983 autem
2922 1927 2972 1982 id
3000 1929 3286 1998 allegorice
3310 1945 3405 1985 ac-

1821 2020 2028 2090 cipiunt
2051 2020 2118 2074 de
2143 2019 2418 2086 Ecclesiis,
2451 2027 2505 2075 et
2531 2020 2599 2074 de
2628 2020 2839 2075 diabolo
2866 2062 2882 2086 ,
2916 2021 3088 2092 deque
3125 2037 3411 2095 persequu-

1823 2114 2058 2169 tionibus
2083 2128 2203 2184 quae
2233 2114 2383 2168 vario
2406 2122 2646 2183 tempore
2675 2114 2835 2168 illanc
2865 2124 2989 2169 sunt
3009 2114 3077 2169 ab
3098 2116 3277 2186 impiis
3307 2117 3411 2172 ltu-

1826 2206 2181 2277 peratoribus.
2212 2206 2539 2261 Vaticinatur
2563 2215 2688 2260 ttem
2730 2207 2911 2276 templi
2935 2209 3410 2280 constructionem,

1824 2309 1878 2356 et
1898 2300 2294 2356 restitutionem
2319 2298 2503 2370 legalis
2523 2299 2733 2354 cultus:
2753 2314 2874 2369 qua:
2893 2300 3056 2355 etiam
3094 2311 3412 2371 exspectant

1822 2392 1991 2449 Judaei
2015 2409 2031 2459 ;
2060 2392 2153 2448 sed
2180 2408 2242 2449 ea
2261 2399 2553 2448 evenerunt
2578 2400 2817 2461 tempore
2842 2392 3027 2448 Esdrm
3043 2403 3094 2448 et
3113 2394 3414 2451 Zorobabe-

1827 2487 1914 2541 lis.
1954 2485 2296 2542 Constructio
2338 2493 2518 2551 autem
2569 2485 2792 2554 templi,
2837 2498 2995 2554 quam
3041 2485 3317 2554 praedicit,
3358 2496 3415 2542 et

1825 2591 1961 2648 aqua
1990 2591 2111 2648 qua:
2137 2575 2391 2647 paulatim
2419 2574 2790 2646 egrediebatur
2821 2587 2875 2630 et
2900 2577 3207 2646 augebatur,
3237 2586 3415 2647 potest

1826 2667 1997 2739 accipi
2024 2667 2093 2724 de
2113 2668 2178 2724 iis
2198 2667 2289 2739 qui
2314 2666 2381 2723 ad
2408 2665 2682 2725 Christum
2712 2656 2955 2721 conversi
2977 2675 3123 2730 sunt,
3147 2667 3237 2737 qui
3261 2682 3411 2722 mor-

1828 2757 1904 2813 tui
1934 2766 2091 2813 erant
2121 2765 2406 2828 antequam
2447 2757 2763 2822 crederent,
2793 2755 3035 2812 viventes
3063 2765 3241 2813 autem
3287 2756 3415 2812 facti

1829 2860 1954 2906 sunt
1980 2859 2262 2920 postquam
2284 2847 2648 2904 crediderunt.

1939 3018 2172 3060 SYNOPSIS
2198 3019 2372 3058 EORUII
2401 3017 2517 3066 ρυλε
2545 3019 2578 3056 Δ
2603 3016 2832 3069 ωκιειτε
2861 3013 3133 3055 ΡΒΟΡΗΕΤΑ
3163 3016 3320 3057 ΒΙΟΤΔ

2545 3109 2705 3151 SUNT.

1911 3219 2197 3290 Eliguutur
2219 3217 2403 3273 Daniel
2433 3226 2488 3273 et
2517 3216 2677 3281 socii,
2717 3222 2772 3271 et
2792 3213 3073 3270 traduntur
3095 3213 3421 3270 archieunu-

1834 3309 1963 3374 cbo,
1993 3318 2151 3380 atque
2182 3308 2542 3379 leguminibus
2570 3314 2859 3362 vescuntur
2888 3323 2902 3359 :
2926 3313 2979 3359 et
3003 3303 3277 3360 adstantes
3303 3307 3419 3376 regi

1832 3401 2069 3456 omnium
2122 3400 2503 3469 sapientissimi
2537 3396 2861 3467 deprehensi
2907 3403 3052 3451 sunt.
3079 3393 3237 3451 Videt
3280 3411 3427 3452 som-

1835 3497 1981 3552 nium
2021 3494 2536 3556 Nabuchodonosor,
2565 3503 2620 3549 et
2660 3508 2846 3564 magos
2869 3534 2884 3558 ,
2914 3494 3004 3563 qui
3036 3507 3142 3548 non
3170 3500 3423 3563 poterant

1836 3588 2105 3645 somnium
2133 3586 2377 3643 indicare
2405 3595 2460 3641 et
2489 3584 2854 3655 interpretari,
2881 3583 3037 3655 jubet
3058 3582 3255 3638 occidi.
3274 3581 3425 3638 Peri-

1837 3679 2082 3734 clitantes
2097 3692 2308 3748 quoque
2326 3677 2596 3733 Danielem
2608 3686 2664 3732 et
2682 3676 2859 3732 socios
2874 3675 3108 3731 servavit
3124 3674 3285 3742 Deus,
3302 3676 3426 3728 cum

1838 3768 2041 3825 Danieli
2055 3767 2246 3824 somnii
2261 3767 2499 3824 notitiam
2510 3781 2607 3838 per
2621 3766 3000 3822 revelationem
3012 3763 3176 3821 dedit.
3186 3764 3431 3819 Introdu-

1836 3871 1953 3916 ctus
1972 3859 2159 3917 Daniel
2180 3860 2447 3916 somnium
2473 3859 2586 3930 regi
2607 3854 2742 3914 dixit
2776 3858 2999 3929 ejusque
3033 3857 3430 3927 interpretatio-

1841 3967 1991 4009 nem.
2030 3951 2190 4021 Lapis
2215 3961 2394 4007 autem
2430 3951 2549 4006 sine
2569 3949 2819 4004 manibus
2843 3938 3308 3998 excisusChristus
3319 3953 3426 4008 est;

1838 4046 1956 4100 sine
1981 4043 2226 4099 manibus
2244 4057 2393 4107 vero,
2419 4040 2541 4112 quia
2563 4039 2680 4096 sine
2704 4039 2987 4096 concubitu
3014 4053 3081 4093 ex
3092 4038 3298 4107 virgine
3325 4051 3427 4092 na-

1841 4143 1929 4191 tus
1956 4143 2057 4191 est.
2110 4133 2359 4189 Erectam
2388 4147 2418 4186 a
2439 4146 2501 4188 se
2520 4138 2748 4186 statuam
2767 4128 3258 4185 Nabuchodonosor
3272 4126 3424 4195 jubet

1842 4245 2028 4286 omnes
2044 4227 2291 4293 adorare,
2311 4233 2366 4282 et
2391 4235 2500 4282 tres
2520 4238 2716 4295 pueros
2735 4224 2823 4295 qui
2851 4222 3078 4278 adorare
3103 4220 3357 4276 nolebant
3374 4220 3427 4274 in

1842 4320 2110 4378 fornacem
2134 4312 2398 4390 injicit.th
2418 4327 2596 4373 autem
2622 4316 2697 4371 illi
2714 4319 2804 4386 qui
2831 4315 2970 4371 circa
2986 4303 3259 4370 fornacem
3274 4325 3431 4370 erant

1792 4411 1803 4414 ’
1842 4410 2113 4466 interfecti
2133 4419 2335 4475 sunt,et
2362 4407 2514 4479 pueri
2536 4407 2702 4461 Deum
2726 4405 2946 4461 canticis
2966 4403 3421 4469 celebrarent,nbi

1843 4503 1988 4573 ipsos
2011 4501 2254 4558 evocavit
2273 4515 2367 4556 rex
2388 4507 2442 4555 et
2471 4498 2767 4554 incolumes
2794 4497 2944 4563 vidit,
2974 4496 3043 4552 de
3073 4495 3165 4551 Dei
3190 4495 3424 4565 potentia

1844 4604 2065 4666 stupore
2090 4593 2389 4664 perculsus,
2419 4592 2566 4662 ipsos
2591 4589 2888 4662 principatu
2920 4587 3232 4643 Judreorum
3254 4587 3425 4641 hono-

1845 4686 2003 4753 ravit,
2025 4685 2408 4755 decretumque
2437 4683 2621 4749 dedit,
2669 4691 2726 4738 ut
2750 4680 2989 4752 quisquis
3017 4681 3069 4735 iu
3114 4680 3280 4734 Deum
3309 4679 3422 4733 hla-

1844 4777 2170 4850 sphemaret,
2199 4784 2372 4832 morte
2399 4776 2743 4847 plecteretur.
2772 4772 2930 4827 Videt
2954 4771 3220 4826 somnium
3250 4769 3425 4825 Nabu-

1845 4869 2219 4927 chodonosor:
2248 4875 2302 4924 et
2328 4882 2449 4923 cum
2477 4866 2746 4935 sapientes
2773 4861 3062 4932 Babylonis
3086 4875 3296 4916 rursum
3320 4860 3437 4915 hae-

1847 4968 2051 5027 rerent,
2083 4960 2255 5030 ipsum
2287 4956 2449 5013 solvit
2495 4955 2678 5010 Daniel
2704 4994 2721 5021 ,
2752 4952 2970 5023 regique
3007 4959 3195 5006 auctor
3222 4960 3301 5008 est
3331 4999 3346 5022 ,
3373 4961 3445 5009 ut
3517 4954 3526 4964 ‘

1848 5042 2154 5123 iniquitates
2180 5065 2305 5106 suas
2329 5047 2689 5119 eleemosynis
2723 5043 2971 5100 redimat.
2999 5043 3109 5099 Nec
3128 5042 3219 5099 diu
3245 5055 3431 5117 postea

1848 5142 2042 5199 somnii
2073 5142 2253 5197 exitus
2294 5138 2505 5201 evenit;
2547 5136 2887 5206 laudavitque
2936 5133 3432 5193 Nabuchodonosor

1849 5234 2042 5290 Deum.
2074 5232 2258 5288 Sacris
2289 5228 2471 5299 templi
2499 5228 2640 5283 vasis
2661 5226 2815 5297 jussu
2848 5226 3137 5282 Baltasaris
3165 5228 3305 5298 regis
3339 5227 3429 5283 filii

1849 5320 2400 5379 Nabuchodonosoris
2426 5318 2653 5384 eductis,
2682 5333 2801 5373 cum
2831 5317 2883 5371 in
2914 5317 3020 5374 illis
3038 5302 3435 5388 potarentcon-

1852 5419 2005 5481 viva},
2048 5416 2177 5472 exiit
2213 5412 2472 5469 articulus
2508 5426 2699 5467 manus
2722 5453 2736 5477 ,
2770 5411 2859 5482 qui
2906 5411 3148 5467 exaravit
3195 5409 3247 5463 in
3276 5424 3432 5462 muro

1854 5509 2201 5578 scripturam,
2233 5520 2390 5577 quam
2422 5505 2581 5559 etiam
2607 5518 2728 5559 cum
2760 5516 2868 5557 non
2899 5510 3120 5571 possent
3157 5499 3434 5569 sapientes

1853 5598 2141 5672 Babylonis
2162 5598 2451 5669 explicare,
2484 5597 2672 5653 Daniel
2702 5595 2829 5666 legit
2845 5601 2907 5650 et
2926 5592 3310 5660 interpretatus
3324 5602 3431 5650 est;

1856 5692 2179 5760 indutosque
2204 5701 2289 5750 cst
2307 5705 2538 5760 purpura
2558 5732 2574 5759 ,
2600 5690 3204 5757 circumposueruutque
3237 5682 3289 5739 ei
3321 5690 3429 5738 tor-
