3966 6192
536 462 693 518 quem
718 457 938 501 aureum
961 482 976 506 ,
1020 439 1546 511 praedicaveruntque
1585 454 1706 495 eum
1738 451 1861 494 esse
1888 435 2107 492 tertium

538 535 832 605 principem
864 534 915 588 in
946 545 1131 601 regno.
1160 530 1291 587 Cum
1312 539 1558 601 regnaret
1584 530 1770 583 Darius
1795 527 1996 588 Medus,
2016 525 2117 580 Da-

538 624 677 680 niele
704 622 947 694 principe
971 621 1282 685 constituto,
1317 623 1527 691 cogitur
1549 636 1581 676 a
1606 618 1838 675 tribunis
1864 627 1916 673 et
1941 625 2116 672 satra-

534 715 617 784 pis
645 712 922 769 decretum
953 712 1287 782 promulgare
1315 752 1330 777 ,
1375 720 1432 765 ut
1463 710 1787 783 quicumque
1844 709 1981 764 intra
2022 707 2119 761 tri-

535 803 681 875 ginta
730 803 849 859 dies
889 802 1088 874 aliquid
1126 803 1208 858 vel
1233 802 1301 857 ab
1329 802 1545 858 homine
1570 800 1819 871 quopiam
1846 798 1928 854 vel
1958 812 1986 850 a
2014 797 2117 852 deo

535 904 761 971 peteret.
786 906 1140 966 praaterqnam
1164 911 1192 947 a
1212 909 1365 979 rege,
1402 894 1455 949 in
1481 894 1655 948 lacum
1683 892 1900 947 leonum
1930 889 2117 959 injice-

537 998 708 1042 retnr.
736 987 853 1055 Quo
899 986 1070 1053 facto,
1109 1001 1230 1041 cum
1269 986 1649 1042 obscrvassent
1694 985 1965 1039 Danielem
1997 998 2118 1054 pre-

535 1073 851 1137 cariDeum,
882 1072 1055 1141 ipsum
1084 1071 1493 1137 calumniantur,
1524 1078 1823 1140 coguntque
1852 1083 2029 1139 regem
2050 1068 2117 1122 ad

537 1165 882 1238 injiciendum
911 1164 1061 1219 illum
1094 1166 1146 1217 in
1192 1164 1389 1217 lacum.
1433 1164 1565 1217 Cum
1610 1162 1881 1231 injecisset
1909 1168 2112 1221 autem,

541 1261 631 1314 ubi
663 1268 846 1331 postea
869 1259 1091 1313 accessit
1120 1267 1172 1312 et
1197 1256 1408 1311 salvum
1439 1256 1655 1325 reperit,
1683 1254 1829 1308 illum
1874 1253 2057 1307 eduxit
2083 1266 2115 1307 e

536 1347 694 1403 lacu:
733 1348 854 1402 illos
892 1356 1068 1401 autem
1088 1346 1191 1417 lqui
1236 1345 1408 1414 ipsum
1439 1346 1491 1399 in
1522 1344 1694 1398 lacum
1726 1343 1866 1412 injici
1898 1356 2119 1397 curave-

540 1447 663 1493 rant
693 1453 814 1493 cum
846 1436 1105 1492 uxoribus
1137 1435 1405 1506 perdidit,
1458 1435 1696 1490 leonibus
1723 1434 1980 1503 objectos.
2012 1433 2117 1488 Dc-

543 1538 856 1598 cretnmque
905 1526 1294 1597 promulgavit,
1325 1536 1381 1581 ut
1406 1540 1594 1581 omnes
1641 1526 1805 1580 Deum
1845 1525 2115 1578 timerent.

550 1621 707 1677 Videt
738 1623 966 1675 ferarum
997 1619 1276 1680 visionem,
1310 1633 1405 1687 per
1428 1619 1669 1681 lemuam,
1707 1631 1926 1688 regnum
1955 1616 2121 1687 Assy-

544 1713 764 1777 riorum,
797 1726 891 1781 per
916 1724 1119 1775 ursum,
1154 1708 1425 1763 Medorum
1455 1718 1508 1763 et
1538 1708 1842 1771 Persarum,
1871 1722 1968 1777 per
1998 1721 2120 1775 par-

541 1804 692 1868 dum,
720 1799 1089 1865 Macedonum,
1120 1814 1213 1869 per
1240 1807 1483 1868 quartam
1513 1797 1699 1861 feram,
1728 1797 2117 1852 Romanorum.

550 1895 879 1949 \iaticiuatur
903 1894 1064 1948 etiam
1096 1892 1164 1948 de
1188 1891 1426 1958 Christo,
1449 1899 1504 1947 et
1548 1890 1616 1946 de
1643 1889 1906 1945 Antiocho
1929 1888 2116 1959 impio.

551 1985 649 2042 llic
673 1988 815 2041 enim
842 1994 925 2040 cst
947 1999 1112 2040 cornu
1131 1999 1368 2054 parvum,
1386 1982 1527 2054 quod
1552 1983 1787 2037 excussit
1804 1983 1899 2037 tria
1918 1981 2117 2052 priora.

552 2079 879 2135 Vaticinatur
900 2076 1167 2149 quomodo
1195 2076 1494 2131 Alexander
1514 2075 1730 2130 Macedo
1756 2088 1978 2145 regnum
1994 2074 2122 2129 Per-

546 2185 727 2226 sarum
766 2169 959 2236 solvit;
987 2169 1208 2225 arietem
1234 2167 1417 2223 dicens
1444 2182 1621 2237 regem
1644 2167 1925 2223 Persarum
1950 2207 1969 2236 ,
2010 2166 2121 2222 hir—

544 2276 667 2318 cum
697 2259 1058 2317 Alexandrum
1106 2259 1469 2315 Macedonem.
1517 2258 1714 2315 Ultima
1739 2259 1873 2315 visio
1926 2259 2014 2315 hic
2055 2259 2123 2314 de

551 2354 739 2426 regina
760 2352 929 2408 austri
959 2351 1153 2408 dicitur
1172 2353 1225 2406 in
1258 2351 1398 2426 libro
1420 2351 1845 2407 Machahmorum
1876 2352 2120 2423 reperiri.

530 2424 731 2502 ‘Belnm
760 2444 964 2502 decutit
1002 2454 1055 2500 et
1095 2424 1383 2501 draconem
1413 2443 1646 2511 occidit;
1692 2443 1746 2499 in
1787 2445 1961 2500 lacum
2001 2459 2126 2515 pro-

536 2537 723 2606 jicitur
772 2547 829 2594 et
873 2547 1156 2603 servatur,
1208 2544 1262 2591 et
1304 2536 1396 2606 qui
1442 2535 1500 2591 in
1546 2547 1707 2605 causa
1755 2544 1939 2604 erant,
1982 2534 2124 2606 quod

541 2629 820 2698 conjectus
854 2626 1082 2696 luisset,
1124 2626 1439 2697 injiciuntur
1476 2634 1535 2685 et
1579 2625 1905 2683 devorantur
1936 2640 1970 2681 a
2012 2625 2126 2683 leo—

549 2720 725 2775 nibus.

1260 2809 1431 2887 esse;

618 2947 842 3004 Juhetnr
870 2947 1113 3018 accipere
1135 2961 1355 3004 uxorem
1383 2946 1740 3013 meretricem,
1767 2955 1824 3002 et
1847 2957 2126 3004 nascentes

547 3040 778 3097 infantes
798 3053 993 3096 vocare
1020 3037 1245 3107 lem-del,
1279 3036 1402 3093 Non
1425 3038 1819 3094 misericordiam
1850 3055 2128 3112 cmtsequu-

548 3145 673 3203 tam,
701 3141 757 3190 et
785 3132 905 3188 Non
932 3133 1153 3203 populus
1177 3148 1318 3187 meus
1368 3130 1526 3202 (Osee
1568 3133 1620 3187 1.
1654 3133 1710 3188 4.
1740 3132 1794 3188 6.
1824 3132 1904 3205 9).
1935 3133 2004 3188 Et
2034 3147 2126 3188 ac-

538 3236 701 3283 etisot
738 3223 990 3296 populum
1026 3224 1095 3281 de
1122 3223 1492 3289 fornicatione,
1523 3222 1865 3295 prtedicitqne
1902 3223 1975 3279 illi
2003 3238 2126 3293 per-

542 3316 776 3382 niciem,
824 3324 881 3371 et
932 3329 1065 3385 opes
1117 3316 1375 3387 quasdam
1439 3324 1562 3385 post
1623 3315 1936 3385 perniciem.
1994 3314 2129 3374 Illud

542 3417 747 3471 autem,
780 3404 1060 3475 Disponam
1085 3414 1432 3461 testamentum
1456 3422 1574 3460 cum
1599 3405 1766 3460 bestiis
1792 3406 1906 3476 agri
1923 3445 1939 3472 ,
1962 3415 2010 3459 et
2037 3406 2121 3460 de-

543 3494 798 3567 sponsabo
816 3494 998 3565 inﬁde
1023 3494 1175 3564 (Osee
1202 3494 1260 3549 2.
1295 3495 1408 3566 l8),
1432 3503 1608 3565 potest
1629 3493 1799 3564 accipi
1816 3493 1884 3550 de
1907 3493 2131 3551 credem-

544 3588 691 3646 tihns
721 3589 775 3645 in
800 3587 1098 3644 Christum.
1126 3585 1354 3645 labetur
1373 3585 1622 3657 accipere
1651 3600 1871 3642 uxorem
1895 3584 2130 3643 fornica-

547 3680 703 3748 riam,
747 3664 1052 3736 Iudaeorum
1096 3677 1486 3735 desolationem
1526 3677 1828 3742 declarans,
1876 3678 2132 3748 ipsosque

550 3782 769 3829 accusat
792 3771 860 3829 de
879 3770 1068 3826 multis
1091 3770 1404 3841 magnisque
1430 3768 1686 3840 peccatis,
1720 3776 1827 3824 tam
1854 3769 2126 3841 populum,

552 3878 712 3933 quam
734 3860 1066 3918 sacerdotes.
1092 3859 1420 3916 Griminatur
1448 3873 1663 3931 quoque
1682 3873 1875 3917 eorum
1892 3859 2133 3916 'ebrieta-

548 3965 679 4022 tem,
696 3952 1119 4019 fornicationem,
1138 3958 1199 4006 et
1217 3949 1565 4006 iracundiam.
1588 3949 1801 4006 Incusat
1814 3948 1955 4022 quod
1980 3963 2130 4020 Spem

547 4060 580 4100 a
608 4044 720 4102 Deo
747 4039 1148 4109 transferentes,
1169 4041 1223 4096 in
1249 4041 1499 4113 Assyrios
1519 4040 1861 4108 contulerint,
1882 4049 1937 4096 et
1961 4039 2128 4113 Egy-

549 4136 673 4208 ptiis
698 4133 902 4192 conﬁsi
939 4133 1068 4193 sint.
1116 4131 1555 4203 Vaticinalurque
1580 4132 1659 4188 eis
1688 4132 1963 4187 ultionem.
1999 4132 2134 4188 Dicit

549 4228 900 4300 Ephraimum
922 4240 1044 4283 cum
1072 4240 1170 4297 per
1197 4225 1391 4282 auxilia
1418 4224 1521 4289 sibi
1552 4225 1783 4295 praestita
1813 4222 1967 4279 fortis
2002 4238 2131 4280 eva-

546 4322 743 4389 sisset,
791 4320 953 4377 rebus
997 4317 1247 4376 secundis
1293 4319 1429 4374 citra
1484 4316 1737 4372 decorum
1784 4330 1939 4372 nsum
1987 4330 2131 4372 esse.

549 4414 796 4471 Ostendit
822 4414 964 4469 Deus
1002 4421 1154 4469 suam
1196 4412 1340 4468 circa
1391 4411 1656 4468 lsraelitas
1696 4410 2130 4475 sollicitudinem,

552 4504 872 4573 illorumqne
904 4516 1029 4572 erga
1055 4519 1117 4560 se
1142 4503 1409 4574 ingratum
1450 4503 1687 4558 animum
1731 4520 1746 4557 :
1778 4512 1834 4559 et
1862 4502 2135 4560 calamita-

541 4605 634 4651 tes
652 4593 793 4664 ipsis
816 4592 1074 4663 prmdicit.

1268 4719 1414 4762 ιοει..

621 4839 1036 4911 Corruptioucm
1067 4836 1335 4894 fructuum
1365 4846 1524 4895 terrae
1563 4848 1763 4907 narrat,
1804 4849 1857 4895 ct
1896 4840 2138 4897 hortatur

554 4943 613 4987 ut
638 4932 806 4987 Deum
845 4931 946 4986 sibi
977 4930 1265 5002 propitium
1307 4929 1552 4986 reddant.
1598 4932 1925 4991 Vaticinatur
1952 4948 2139 4989 ascen-

552 5037 674 5079 sum
703 5024 909 5096 Assyrii
938 5043 955 5080 :
988 5034 1172 5095 postea
1193 5038 1322 5080 vero
1348 5024 1485 5080 bona
1511 5025 1759 5096 qumdam
1791 5025 2131 5096 pramuntiat.

553 5112 710 5180 Quod
734 5114 988 5184 apostolis
1027 5112 1223 5170 accidit
1259 5115 1400 5170 circa
1430 5116 1606 5171 varias
1634 5115 1841 5188 linguas
1875 5117 2136 5187 praedicit.

555 5203 888 5259 Vaticinatur
915 5204 1075 5260 etiam
1100 5205 1338 5275 gentium
1367 5206 1682 5278 perniciem,
1725 5223 1844 5279 quae
1866 5218 1989 5278 post
2012 5208 2137 5266 red-

556 5298 688 5353 itum
713 5312 782 5352 cx
810 5294 1078 5367 Babylone
1103 5297 1202 5353 sub
1226 5297 1557 5356 Zorobabele
1584 5301 1824 5373 contigit.
1853 5299 1951 5356 llic
1979 5316 2140 5374 porro

555 5387 706 5444 locus
727 5385 1038 5459 allegoriam
1069 5388 1325 5446 continet.

1276 5538 1433 5580 Αιοε.

629 5629 877 5688 l’radic'tt
918 5629 1224 5701 iniquitates
1276 5632 1557 5702 Damasci,
1604 5637 1781 5703 Cum,
1823 5639 1972 5712 Tyri,
2013 5640 2139 5696 ldu-

556 5735 837 5790 ηιατυς-ωε,
863 5719 1305 5793 Ammanitarnnt,
1333 5722 1697 5796 Moabitarutn,
1722 5727 1870 5785 indie
1896 5740 1947 5787 et
1970 5731 2137 5789 lsrae-

1242 325 1298 381 S.
1340 324 1616 382 JOANNIS
1638 295 2117 380 CllRYSOSTOMl
2160 318 2475 379 AllCillEP.
2516 325 3054 389 CONSTANTINOP.
3668 349 3743 406 33;

2222 434 2310 504 lis,
2336 447 2394 495 et
2413 453 2601 511 ptenas
2625 458 2745 514 qua:
2778 445 2898 503 illos
2933 457 3235 516 exceptura:
3273 460 3416 507 sunt.
3446 453 3742 519 Numerantur

2220 529 2476 587 beneﬁcia
2501 546 2532 586 a
2559 534 2668 589 Deo
2696 535 2750 590 in
2785 536 2998 594 Judaros
3021 540 3239 607 collata,
3279 543 3592 618 illorumqne
3620 553 3747 622 negli-

2219 622 2397 691 gentia
2457 631 2514 679 et
2589 636 2973 698 contemptus,
3015 639 3175 703 atque
3201 648 3459 691 mrumne
3517 652 3625 708 qua:
3663 642 3748 700 illos

2219 721 2550 783 exspectant.
2584 717 2831 776 Prasdicit
2875 722 3015 778 circa
3060 724 3315 781 mulieres
3355 725 3627 797 Samaria,
3665 733 3749 791 illas

2219 803 2491 861 ebrietatis
2535 816 2589 862 et
2629 810 2829 878 rapinae
2866 827 3141 870 accusans.
3172 815 3502 874 Vaticinatnr
3528 819 3747 881 famemet

2219 891 2622 952 dissolutionem
2650 914 2716 953 eo
2743 902 2886 970 quod
2925 918 3030 958 non
3073 914 3530 975 converterentur.
3568 923 3615 967 et
3645 918 3748 984 quod

2221 986 2403 1041 multis
2431 986 2606 1044 allecti
2640 990 2811 1061 plagis
2836 1008 2940 1049 non
2980 997 3232 1054 meliores
3258 1001 3565 1058 evaderent.
3590 1003 3746 1061 lht'ﬂSﬂi

2223 1073 2503 1145 lsraelem,
2551 1080 2693 1149 quod
2746 1095 2842 1137 eos
2889 1086 2978 1154 qui
3027 1101 3087 1142 se
3139 1088 3531 1161 redarguebant
3575 1096 3749 1153 molcsu

2223 1167 2424 1224 ferrent
2455 1188 2469 1224 :
2505 1179 2563 1225 et
2589 1171 2832 1229 hortatur
2872 1186 2933 1240 ut
2971 1189 3353 1237 convertantur
3375 1184 3442 1238 ad
3486 1185 3652 1241 Deum.
3685 1190 3747 1244 lu-

2221 1257 2455 1312 crednlis
2484 1263 2843 1318 comminatur
2866 1264 3038 1321 futura
3069 1274 3227 1324 mala.
3260 1271 3336 1327 De
3364 1273 3472 1329 illis
3497 1289 3641 1345 perm
3662 1279 3745 1333 ait:

2230 1346 2319 1402 Va:
2354 1350 2440 1420 qui
2464 1350 2750 1408 desiderant
2773 1354 2907 1410 diem
2936 1357 3140 1413 Domini
3170 1361 3190 1431 (
3206 1361 3359 1417 Amos
3384 1363 3438 1419 5.
3467 1364 3532 1421 18
3550 1366 3590 1437 ).
3615 1368 3748 1439 Aliqui

2221 1456 2349 1495 vero
2381 1441 2434 1496 id
2461 1444 2763 1500 retulerunt
2799 1446 2868 1501 ad
2908 1447 3141 1505 futurum
3172 1452 3432 1521 judicium
3463 1467 3557 1512 :ut
3580 1459 3746 1529 quidam

2222 1533 2613 1591 incredulornm
2641 1552 2780 1592 nunc
2806 1537 2989 1594 dicunt
3017 1558 3031 1594 :
3062 1541 3177 1597 Non
3218 1545 3322 1599 erit
3345 1546 3622 1615 judicium;
3646 1554 3748 1621 quod

2221 1623 2265 1676 si
2295 1623 2529 1679 futurum
2557 1634 2663 1695 est,
2691 1629 2889 1683 veniat.
2922 1630 3245 1702 Reprobatio
3271 1634 3526 1693 festorum
3564 1641 3748 1711 illonnn,

2222 1716 2604 1774 sacriﬁciorum
2633 1730 2689 1775 et
2718 1722 3112 1791 psalteriornm.
3141 1726 3365 1784 Stellam
3411 1730 3495 1787 dei
3538 1733 3749 1804 Raphan‘

2221 1806 2508 1864 Saturnum
2536 1810 2665 1866 dicit
2711 1831 2725 1868 :
2774 1816 3024 1884 quoniam
3065 1819 3292 1889 gentiles
3335 1822 3422 1877 dei
3464 1825 3546 1879 sui
3584 1825 3752 1883 Saturni

2224 1899 2430 1955 stellam
2458 1916 2580 1958 esse
2605 1902 2790 1959 dicunt
2829 1908 2882 1961 in
2916 1908 3067 1976 caelo,
3110 1925 3266 1980 quam
3311 1914 3473 1969 etiam
3517 1916 3754 1975 Satumutn

2224 2001 2434 2046 vocant.
2464 1993 2600 2050 Dicit
2626 2007 2826 2066 autem,
2859 1997 3005 2054 Num
3031 2003 3255 2058 victimas
3293 2016 3342 2060 ct
3379 2008 3623 2078 sacri/icio
3642 2012 3754 2068 obtu-

2225 2080 2352 2135 listi:
2397 2083 2526 2139 mihi
2556 2086 2706 2141 annis
2745 2088 3083 2161 quadraginta
3125 2092 3298 2164 (Amos
3339 2096 3395 2152 5.
3437 2084 3565 2171 95)?
3602 2099 3756 2172 Neque

2225 2173 2367 2229 enim
2404 2178 2628 2246 pepulus
2656 2179 2867 2247 obtulit,
2912 2183 3009 2238 sed
3052 2185 3153 2240 soli
3182 2189 3468 2260 principes,
3496 2206 3612 2248 eum
3647 2195 3758 2250 stetit

2228 2265 2647 2323 tabernaculum.
2674 2270 2771 2326 Hic
2795 2271 2866 2327 de
2895 2282 3007 2329 toto
3038 2280 3233 2347 populo
3275 2281 3530 2351 loquitur.
3573 2284 3760 2342 Accusat

2226 2358 2385 2413 etiam
2411 2360 2530 2415 illos
2558 2361 2629 2418 de
2657 2363 3011 2423 immoderato
3038 2369 3181 2437 cibo,
3222 2383 3278 2427 et
3311 2373 3634 2433 calamitates
3664 2378 3762 2445 ipsis

2230 2452 2486 2521 prmdieit.
2517 2454 2622 2511 Per
2644 2456 2901 2519 locustas.
2944 2470 3000 2516 et
3034 2470 3435 2535 testamentum,
3477 2477 3533 2524 et
3554 2469 3762 2527 adamari.

2228 2551 2355 2607 tem,
2383 2557 2570 2599 eorum
2599 2562 2784 2603 necem
2808 2550 3124 2607 vaticinatur
3146 2572 3160 2609 :
3182 2570 3414 2628 cumque
3440 2559 3552 2614 haec
3579 2562 3765 2618 Amesiat

2228 2636 2338 2726 regi
2371 2636 2742 2707 signiﬁcasset,
2776 2641 2863 2697 hic
2889 2644 3202 2716 prophetam
3228 2649 3281 2704 vi
3305 2653 3506 2722 repulit
3530 2662 3584 2709 et
3607 2655 3766 2726 abegit.

2229 2725 2323 2782 ille
2347 2742 2475 2783 vero
2501 2728 2599 2800 ipsi
2625 2740 2680 2787 et
2714 2733 2909 2803 populo
2947 2737 3085 2793 mala
3126 2741 3385 2809 praedicit.
3427 2744 3495 2800 Et
3532 2746 3668 2802 videt
3696 2725 3770 2803 vas

2228 2821 2481 2891 aucupis;
2510 2836 2609 2893 per
2630 2823 2730 2881 hoe
2755 2836 2933 2882 autem
2962 2829 3104 2901 ipsos
3129 2834 3424 2903 capiendos
3448 2852 3567 2895 esse
3587 2838 3766 2897 indicat.

2229 2910 2536 2982 lniqnitates
2574 2925 2631 2970 et
2678 2915 2957 2974 violentias
2995 2935 3179 2977 eorum
3219 2938 3519 2996 enumerat,
3567 2940 3618 2985 et
3663 2931 3772 2985 mala

2231 3002 2376 3071 ipsos
2394 3004 2659 3061 invasura.
2680 3006 2814 3064 Illud
2836 3018 3013 3066 autem
3035 3031 3049 3067 :
3072 3013 3277 3071 Occidet
3300 3020 3381 3073 sol
3404 3021 3607 3076 meridie
3630 3022 3776 3091 (Amos

2229 3094 2284 3149 8.
2312 3093 2393 3164 9),
2425 3095 2493 3153 de
2519 3106 2757 3170 tempore
2785 3103 3048 3171 passionis
3071 3104 3267 3181 Christi
3299 3112 3628 3169 vaticinatur.
3655 3114 3775 3170 Prc-

2229 3184 2357 3241 dicit
2382 3188 2540 3243 etiam
2566 3189 2634 3245 de
2660 3191 3001 3252 credentibus
3030 3197 3082 3251 in
3108 3197 3403 3257 Christum.

2920 3323 3120 3367 ABDIAS.

2307 3412 2567 3471 Ultionem
2610 3418 2681 3475 de
2720 3418 2963 3477 ldumzcis
2998 3424 3312 3482 sumendam
3354 3429 3610 3498 pradicit,
3644 3445 3779 3501 quain

2233 3504 2467 3572 subiere,
2499 3509 2622 3578 quia
2646 3524 2766 3565 cum
2789 3512 3012 3584 reliquis
3038 3513 3286 3577 hostibus
3310 3519 3619 3579 invaserunt
3638 3521 3780 3579 isne

2235 3592 2374 3650 litas.
2400 3595 2478 3652 De
2504 3596 2763 3657 Ecclesia.

2940 3731 3115 3774 ιοωιε.

2305 3821 2466 3880 Jonas
2503 3826 2761 3897 propheta
2798 3839 2980 3886 narrat
3006 3831 3182 3903 fugam
3225 3834 3278 3889 in
3317 3835 3558 3905 Tharsis,
3596 3848 3779 3911 tempe-

2226 3924 2449 3984 statem,
2474 3917 2783 3989 deglntitum
2810 3935 2868 3977 se
2880 3937 2920 3992 ,a
2940 3932 3079 3990 ceto,
3102 3935 3159 3981 et
3177 3924 3428 3997 ejectum,
3448 3932 3784 4000 paenitentiam

2228 4005 2609 4072 Ninivitarum.
2663 4022 2927 4069 servatam
2973 4015 3326 4087 cucurbitam,
3378 4032 3694 4079 crescentem
3741 4032 3786 4078 et

2227 4110 2545 4167 pereuntem
2575 4102 2965 4174 complectitur.

2892 4255 3155 4299 manus.

2309 4375 2561 4431 Futuram
2616 4377 2997 4436 desolationem
3053 4382 3308 4439 Samaria:
3365 4395 3421 4441 et
3474 4368 3798 4455 Jerosolymz'

2236 4468 2496 4537 pra-dicit,
2528 4485 2848 4542 causamque
2876 4473 3077 4544 adjicit.
3104 4474 3393 4546 thjuugit
3433 4479 3588 4533 etiam
3625 4488 3791 4531 eorum

2237 4558 2465 4615 reditum
2492 4576 2556 4615 ex
2584 4561 2877 4633 Babylone,
2917 4566 3140 4643 crimina
3174 4575 3235 4622 et
3260 4570 3623 4641 accusationes
3660 4567 3793 4637 prin-

2239 4651 2417 4720 cipum
2454 4653 2635 4722 pepuli
2662 4664 2715 4708 et
2744 4655 3104 4721 sacerdotum,
3131 4666 3291 4728 atque
3331 4656 3796 4730 pseudOpropheta-

2240 4761 2378 4800 rum.
2415 4746 2488 4801 De
2516 4746 2751 4803 Ecclesia
2779 4748 3034 4805 credente
3071 4752 3124 4805 in
3166 4751 3451 4808 Dominum
3478 4762 3720 4813 nostrum,
3749 4755 3798 4800 ει

2240 4835 2307 4890 de
2328 4834 2477 4892 Novo
2500 4836 2843 4893 Testamento
2871 4857 2884 4893 :
2909 4855 3031 4896 nam
3055 4844 3197 4912 prior
3212 4841 3297 4897 lex
3317 4844 3640 4913 przeteritura
3659 4848 3796 4895 erat:

2240 4935 2295 4982 et
2334 4927 2402 4982 de
2447 4942 2595 4999 pace.
2643 4928 2775 4984 Mala
2821 4946 3033 4987 rursum
3078 4932 3280 4989 Judteis
3327 4936 3693 5006 praedicuntur.
3733 4928 3801 4983 De

2240 5016 2436 5073 Christi
2460 5020 2758 5076 secundum
2780 5036 2995 5078 carnem
3027 5026 3394 5095 generatione,
3433 5038 3487 5083 et
3522 5027 3586 5082 de
3623 5025 3685 5079 iis
3720 5019 3801 5089 qui

2197 5152 2217 5159 -
2244 5110 2296 5165 in
2325 5110 2493 5180 ipsum
2521 5112 2771 5168 credituri
2799 5124 2942 5169 sunt.
2976 5114 3042 5169 Et
3064 5117 3157 5171 erit
3176 5117 3435 5173 residuum
3453 5118 3607 5173 Jacob
3627 5112 3796 5185 (lich-

2243 5202 2296 5257 5.
2326 5203 2379 5274 7)
2412 5202 2589 5274 :quod
2617 5203 2691 5259 ait
2716 5204 2910 5260 Paulus
2950 5208 3246 5276 apostolus,
3277 5209 3430 5275 Quod
3469 5211 3686 5264 relictam
3715 5204 3797 5257 ait

2242 5296 2513 5349 salvabitur
2542 5295 2716 5386 (Rem.
2764 5296 2817 5353 9.
2856 5297 2971 5367 27).
2997 5298 3264 5356 Iudicium
3299 5301 3527 5356 Domino
3562 5298 3798 5353 adversus

2244 5386 2495 5457 populum
2521 5404 2699 5456 suum,
2726 5398 2780 5443 et
2809 5389 3188 5446 beneﬁciorum
3213 5392 3330 5462 ejus
3353 5391 3695 5449 enumeratio,
3722 5397 3797 5438 ιῑ-

2307 5521 2323 5553 ¹
2359 5520 2416 5571 In
2458 5521 2578 5573 Edit.
2624 5530 2790 5585 noun,
2836 5522 3083 5588 Raipltan,
3126 5523 3330 5589 legitur.
3374 5527 3433 5579 In
3462 5527 3681 5579 Heln-nico
3711 5523 3804 5604 πο
3850 5582 3857 5589 ,

2244 5615 2549 5683 exprimitur.
2575 5618 2890 5683 uieronymus
2910 5629 3030 5667 vero
3045 5624 3225 5669 culos.
3263 5621 3512 5683 ahenezra
3531 5628 3716 5683 quoque
3736 5611 3805 5660 di-

2243 5680 2440 5746 citesse
2461 5686 2730 5746 saturnum,
2755 5678 2809 5729 itt
2825 5678 3232 5746 Qtrysostomus.‘
3261 5680 3313 5732 in
3351 5683 3455 5735 Act.
3487 5678 3808 5746 Apostolorum

2247 5740 2444 5806 legitur,
2469 5741 2517 5803 7,
2542 5742 2617 5805 45,
2643 5743 2783 5795 sidus
2802 5740 2881 5793 dei
2903 5740 3044 5794 vestri
3068 5742 3345 5806 Rcmpham.
