3982 6198
155 320 252 378 3&5
1293 310 1358 366 IN
1398 309 1724 367 NATALEM
1763 309 2033 369 CHRISTI
2073 312 2258 370 DIEM.

161 427 477 501 probatioque
520 425 952 481 sacrificiorum.
978 423 1142 494 Luget
1179 423 1435 493 pr0phcta
1470 423 1616 493 quasi
1645 423 1734 492 ju.

160 521 242 575 stis
267 528 316 573 et
343 517 490 572 bonis
521 517 668 571 viris
710 515 1098 570 deficientibus.
1129 514 1192 567 Et
1213 513 1272 568 in
1303 516 1406 568 line
1434 525 1550 584 post
1575 529 1732 568 accu-

161 611 392 664 sationem
419 618 470 662 et
494 607 986 662 oomruinationem
1015 621 1319 674 magnarum
1348 608 1727 669 ealatnitatunt.

161 702 278 757 bona
302 700 626 769 przeuuntiat
661 699 873 754 Israeli.

844 841 1039 884 HAIIUI.

3315 328 3424 384 386

1847 424 2042 493 Adjicit
2066 436 2242 489 autem
2275 428 2600 485 invasionem
2626 431 3036 504 Babyloniorum
3065 448 3248 494 contra
3282 440 3428 497 Nini-

1846 516 2005 582 vitas,
2034 516 2222 572 horum
2249 521 2638 588 captivitatem.
2669 524 2894 579 Enarrat
2919 530 3033 595 ejus
3065 532 3350 599 pulcuIlalll
3376 545 3429 588 ct

1841 607 2072 677 divitias,
2103 625 2234 680 quas
2266 610 2447 668 habuit
2482 625 2769 684 antequam
2799 630 3102 688 caperetur.

2181 721 2440 778 Hactenus
2465 728 2720 796 exemplar
2750 727 2957 784 habebat
2986 732 3084 800 (α).

2005 859 2123 930 Haec
2138 861 2215 930 est
2235 855 2416 930 librarii
2455 857 2641 910 Codicis
2664 859 2939 930 coisliniaui
2979 871 3091 913 nota
3127 879 3220 930 qua
3244 869 3426 930 signiti-

1839 921 1976 962 catur
1996 928 2120 976 opus
2142 916 2478 980 imperfectum
2503 934 2634 983 esse,
2661 929 2713 972 et
2736 925 2986 987 exemplar
3024 916 3165 977 suum
3191 929 3271 978 i||u
3289 916 3427 981 Hesi-

1065 961 1132 1018 de
1177 962 1434 1032 apostolis
1466 963 1719 1032 praedicit.
1841 961 1982 1025 nere.

219 967 286 1022 De
311 965 539 1037 potentia
591 963 698 1021 Dei
745 963 957 1020 disserit
1003 978 1016 1015 :

879 1611 986 1671 AD
1041 1605 1461 1670 HOMILIAM
1506 1604 1586 1668 IN
1640 1605 2027 1668 NATALEM
2083 1604 2402 1671 CHRISTI
2468 1610 2689 1673 DIEM.

161 1873 420 1931 immutata
472 1878 749 1928 manente
806 1878 1020 1924 natura.
1050 1887 1069 1922 ι
1107 1867 1205 1923 His
1253 1881 1416 1939 porro
1471 1866 1754 1940 subiungit
1792 1868 1896 1922 alia
1943 1867 2226 1938 quaedam,
2268 1885 2390 1939 qua:
2420 1882 2571 1924 num.
2609 1867 2646 1922 9.
2687 1868 2942 1940 leguntur
2981 1889 2992 1925 :
3035 1871 3136 1938 Qui
3189 1875 3245 1927 in
3285 1876 3418 1930 solio

163 1993 354 2045 sublimi
388 1991 750 2061 praecelsaque
787 1988 1038 2053 considet,
1077 1988 1122 2041 is
1156 1987 1210 2040 in
1239 1987 1492 2056 pra'sepio
1531 1987 1782 2056 ponitur:
1820 1984 2201 2056 impalpabilis,
2239 1987 2481 2058 simplex,
2517 1988 2872 2056 incorporeus,
2901 1990 3144 2043 humanis
3178 1992 3417 2046 manibus

165 2117 493 2162 contrectatur
518 2125 539 2163 :
565 2109 658 2180 qui
687 2116 1018 2178 peccatorum
1042 2104 1250 2160 vincula
1287 2105 1587 2174 disrumpit,
1644 2104 1824 2174 fasciis
1857 2105 2251 2175 constringitur.

235 2223 325 2279 His
353 2225 663 2295 conSpectis
715 2222 1039 2297 testimoniis
1084 2230 1244 2293 atque
1287 2221 1459 2288 locis,
1513 2220 1635 2291 quis
1677 2235 1787 2275 non
1821 2221 2008 2276 credat
2047 2237 2161 2276 rem
2206 2235 2329 2277 esse
2366 2220 2706 2284 confectam,
2753 2220 3144 2291 homiliamque
3179 2205 3417 2294 Chryso—

161 2352 323 2424 sto'mo
347 2343 738 2397 incunctanter
768 2340 940 2416 fuisse
973 2339 1374 2410 adiudicatum?
1406 2339 1607 2394 Verum
1639 2353 1796 2394 secus
1835 2352 1924 2392 res
1954 2337 2136 2394 cessit.
2179 2336 2314 2392 Nam
2371 2337 2604 2394 Savilius
2653 2354 2772 2393 eam
2814 2338 2955 2395 inter
2979 2340 3152 2394 “dubia
3195 2339 3413 2395 locavit.

159 2451 343 2507 Fronto
396 2451 638 2508 Ducaans
695 2451 840 2507 inter
895 2451 1079 2522 spuria
1136 2451 1328 2506 edidit.
1372 2451 1750 2506 Tillemontius
1797 2465 1928 2506 vero
1967 2459 2122 2521 putat
2157 2451 2432 2508 laudatam
2477 2467 2508 2507 a
2547 2451 2748 2524 Cyrillo
2786 2453 3156 2525 Chrysostomi
3193 2455 3416 2510 nomine

159 2568 414 2624 homiliam
438 2611 453 2634 ,
498 2568 879 2639 Chrysostomi
923 2581 1044 2623 esse
1075 2569 1346 2638 oportere
1376 2584 1388 2618 :
1426 2565 1522 2620 sed
1552 2564 1851 2622 arbitratur
1879 2565 2041 2634 hanc,
2071 2581 2238 2637 quam
2282 2581 2432 2623 nunc
2479 2567 2764 2633 habemus,
2810 2567 3087 2623 homiliam
3116 2584 3239 2625 esse
3280 2585 3413 2625 cen-

155 2694 356 2753 tonem,
392 2686 493 2742 ubi
533 2685 581 2739 is
610 2683 702 2756 qui
739 2683 885 2738 illam
932 2682 1097 2738 variis
1129 2698 1194 2737 ex
1241 2682 1375 2738 locis
1416 2680 1852 2747 consarcinavit,
1885 2691 1947 2736 ut
1976 2679 2188 2737 facilius
2220 2681 2404 2738 fucum
2433 2681 2669 2748 faceret,
2718 2683 2826 2738 duo
2870 2683 2958 2739 illa
2996 2684 3110 2740 loca
3142 2700 3171 2739 a
3219 2684 3417 2756 Cyrillo

150 2805 298 2862 allata
346 2803 675 2860 inseruerit.
731 2802 997 2874 Quodque
1049 2803 1341 2859 obscrvatu
1391 2801 1612 2874 dignum
1664 2808 1780 2867 est,
1819 2799 1897 2854 ait
1934 2799 2164 2871 Cyrillus
2202 2800 2255 2854 in
2289 2799 2409 2856 loco
2446 2801 2698 2872 superius
2738 2800 2938 2866 allato,
2987 2801 3214 2871 justitia?
3254 2805 3416 2859 solem

152 2926 596 2995 incircumscripte
646 2922 918 2992 compléxa
972 2925 1092 2996 fuit,
1137 2924 1244 2979 dici
1287 2925 1354 2979 de
1400 2932 1587 2979 sancta
1648 2922 1904 2994 Virgine,
1951 2923 2038 2977 hic
2079 2933 2260 2978 autem
2305 2925 2373 2980 de
2417 2924 2732 2980 Bethlehem
2776 2926 3060 2991 dicuntur;
3103 2929 3248 2998 quod
3287 2943 3418 2984 sane

153 3048 424 3096 centonem
474 3051 600 3093 esse
630 3037 885 3104 suadeat,
925 3037 1087 3092 modo
1118 3035 1437 3099 Athanasio,
1469 3035 1629 3091 modo
1665 3034 2055 3106 Chrysostomo
2089 3033 2374 3088 tributum.

217 3155 604 3228 luterpretatio
635 3155 828 3212 Latina
861 3167 944 3213 est
978 3156 1267 3212 Frontonis
1295 3153 1494 3210 Ducaei.

716 3773 781 3816 IN
818 3771 1200 3817 SALVATORIS
1246 3773 1471 3816 NOST-ltl
1521 3773 1668 3817 ausu
1705 3774 1955 3817 cuuis'n
2010 3772 2443 3817 univrrnuu
2487 3769 2722 3816 ORATIO
2755 3751 2862 3831 (τι).

1662 3996 1920 4006 --....-.-.-.

205 4203 279 4276 (0)
306 4203 624 4276 Hysterium
646 4219 840 4259 novom
859 4212 913 4260 et
930 4205 1242 4261 admirabile
1257 4204 1411 4259 video
1427 4223 1439 4258 :
1456 4212 1726 4274 pastorum

138 4298 355 4352 vocibus
373 4311 534 4354 aures
549 4312 688 4354 meae
701 4298 1218 4368 circumsonant,qui
1237 4313 1342 4352 non
1364 4296 1472 4352 leni
1487 4305 1643 4352 cantu
1661 4298 1734 4353 si-

141 4387 322 4457 bilant,
336 4390 432 4445 sed
445 4391 718 4446 caelestem
732 4389 986 4460 hymnum
997 4391 1727 4461 ooncinunt.Angclicanunt,

140 4480 444 4551 archangeli
464 4481 828 4547 modulantur,
842 4480 1130 4538 Cherubim
1147 4483 1401 4554 hymnum
1418 4483 1622 4551 dicunt,
1635 4483 1730 4540 Se-

139 4572 347 4640 raphim
377 4572 680 4642 gloriﬁcant
699 4613 714 4638 ,
741 4585 927 4629 omnes
952 4572 1144 4629 festum
1178 4575 1452 4631 celebrant
1474 4616 1488 4641 ,
1517 4575 1645 4631 dum
1677 4577 1728 4633 in

141 4662 296 4717 terris
334 4662 505 4718 Deum
529 4703 544 4726 .
573 4675 626 4718 et
655 4663 929 4720 hominem
955 4664 1008 4719 in
1035 4664 1180 4720 czelis
1205 4677 1432 4722 comunt
1455 4682 1610 4724 zeum
1637 4668 1729 4739 qui

142 4766 356 4807 sursum
377 4764 482 4817 est,
507 4765 727 4824 propter
749 4754 1198 4826 dispensationem
1222 4757 1471 4813 deorsum
1493 4760 1726 4824 versari;

141 4855 260 4898 cum
290 4845 387 4914 qui
406 4843 668 4900 deorsum
691 4861 806 4902 erat
826 4888 841 4911 ,
868 4857 1084 4917 propter
1112 4847 1488 4918 benignitatem
1509 4865 1727 4905 sursum

146 4945 284 4987 nunc
316 4936 518 4989 versari
548 4937 588 4989 ι.
621 4936 789 4992 Hodie
828 4937 1097 4994 Bethleem
1149 4940 1337 4995 caelum
1373 4941 1576 4996 imitata
1602 4953 1686 4998 est
1713 4963 1726 5000 :

143 5034 261 5092 qua:
289 5027 569 5083 stellarum
593 5029 805 5099 quidem
827 5031 946 5087 loco
973 5032 1191 5103 angelos
1211 5042 1464 5088 canentes
1489 5038 1726 5106 excepit,

147 5115 277 5170 solis
302 5129 480 5174 autem
513 5121 866 5192 locojnstit‘iae
903 5123 1071 5180 solem
1103 5124 1562 5196 incircumscripte
1583 5143 1732 5183 com-

145 5207 301 5274 plexa
333 5208 442 5265 fuit.
470 5211 654 5284 Neque
679 5214 765 5270 hic
791 5215 1085 5286 quaesieris,
1113 5216 1380 5288 quomodo
1404 5217 1507 5274 hoc
1533 5218 1730 5276 factum

206 5403 794 5484 ng-iuvenilium:-
817 5412 865 5460 in
888 5419 1026 5475 893.,
1056 5426 1170 5484 .eum
1193 5415 1276 5478 qui
1297 5429 1489 5484 εμτρηηι
1507 5425 1592 5478 εει,
1615 5433 1729 5484 ww

149 5468 861 5545 άεθηυτη
885 5468 1044 5525 1’9"va
1045 5475 1086 5535 1';
1109 5468 1216 5528 eunt
1245 5479 1328 5545 qui
1357 5468 1592 5532 deorsum.
1606 5468 1728 5545 ém,

148 5533 352 5586 propter
367 5533 761 5594 disperuatimiem
782 5547 973 5585 sursum
994 5533 1120 5586 nunc
1139 5533 1338 5590 versari.
1459 5555 1463 5558 ·

213 5604 642 5690 £1124
658 5611 966 5690 Codice-Reg.
991 5617 1127 5690 [8332,
1152 5624 1236 5690 qui
1257 5625 1324 5672 sic
1349 5623 1537 5690 titulum
1564 5627 1727 5690 habet,

335 5669 390 5741 3'3:
408 5674 695 5741 natiuitatem
713 5677 903 5727 Domini
917 5669 967 5728 Et
990 5681 1076 5741 Dei
1093 5669 1138 5731 et
1159 5669 1429 5737 tamen;

219 5726 300 5789 (ὁ)
330 5732 496 5784 Citatur
519 5737 596 5786 hic
619 5737 754 5787 locus
779 5741 824 5787 in
839 5726 1326 5804 ’coneii’ib’épiiéétiiai

471 5819 740 5884 ΡΑτιιοι..
785 5825 904 5888 Gn.
956 5821 1107 5889 LVI.

1837 4198 1940 4253 sit:
1964 4195 2054 4252 ubi
2081 4197 2223 4252 enim
2253 4197 2392 4254 Deus
2411 4200 2542 4269 vult,
2571 4201 2645 4258 ibi
2673 4214 2878 4263 natura:
2898 4210 3032 4268 ordo
3060 4214 3220 4274 (edit.
3245 4217 3422 4278 Voluit

1834 4288 1976 4343 enim
2003 4329 2017 4350 ,
2044 4289 2217 4358 p0tuit
2239 4330 2254 4354 ,
2287 4289 2596 4361 descendit,
2620 4295 2874 4361 salvavit;
2902 4304 3077 4358 omnia
3111 4307 3203 4362 Dei
3239 4321 3420 4367 nutum

1834 4389 2146 4450 sequuntur.
2172 4380 2342 4436 Hodie
2366 4384 2458 4451 qui
2485 4396 2582 4451 est,
2612 4387 2862 4458 gignitur,
2884 4403 2938 4447 et
2965 4410 3176 4453 rursum
3202 4403 3291 4471 qui
3321 4415 3422 4463 est.

1833 4471 1892 4525 fit
1915 4472 1965 4526 id
2019 4471 2158 4542 quod
2189 4488 2294 4528 non
2321 4486 2436 4529 erat
2460 4493 2475 4535 :
2505 4492 2626 4532 naui
2655 4496 2774 4536 cum
2803 4483 2944 4540 Deus
2969 4499 3130 4553 esset,
3160 4492 3215 4547 fit
3243 4493 3426 4563 homo;

1834 4561 1986 4659 abea
2016 4572 2392 4659 tamen,_q_uam
2426 4568 2856 4640 habeat,'deitate
2876 4593 2981 4634 non
3011 4585 3226 4640 excidit.
3247 4561 3426 4659 Neque

1834 4653 1978 4706 enim
2027 4667 2148 4708 cum
2193 4655 2406 4712 deitatis
2449 4659 2653 4728 jactura
2699 4664 2870 4724 factus
2909 4680 2992 4726 est
3021 4674 3216 4742 homo,
3251 4653 3425 4748 neque

1836 4758 2050 4799 rursum
2083 4761 2176 4816 per
2202 4749 2540 4808 succedentia
2571 4755 2896 4816 incrementa
2921 4778 2986 4818 ex
3015 4765 3231 4823 homine
3254 4770 3425 4828 factus

1834 4845 1918 4890 est
1945 4835 2114 4904 Deus;
2145 4839 2242 4896 sed
2268 4840 2502 4898 Verbum
2541 4847 2806 4906 exsistens
2827 4894 2842 4920 ,
2873 4863 3057 4910 natura
3107 4862 3319 4931 propria
3359 4867 3428 4919 ob

1835 4927 1915 4984 sui
1964 4928 2407 4998 impatibilitatem
2454 4947 2704 4994 manente
2752 4940 3065 5009 immutata,
3098 4927 3292 5008 factum
3339 4966 3424 5012 est

1833 5032 1979 5075 caro.
2013 5019 2236 5088 Quando
2261 5034 2439 5083 autem
2474 5039 2634 5085 natus
2659 5040 2775 5097 est,
2807 5032 2974 5090 Judaei
3002 5039 3218 5108 quidem
3260 5045 3428 5104 inusi-

1835 5119 2002 5166 tatum
2027 5123 2233 5183 partum
2264 5117 2560 5187 negabant,
2587 5120 2845 5178 Phariszei
2876 5141 3002 5182 vero
3031 5145 3309 5202 perperam
3341 5154 3426 5193 sa-

1833 5214 1955 5257 cros
1980 5203 2142 5260 libros
2173 5205 2676 5277 interpretabantur,
2706 5224 2760 5268 et
2784 5217 2972 5273 soribm
2998 5235 3118 5290 quae
3145 5225 3246 5296 legi
3271 5241 3424 5284 erant

1833 5294 2097 5350 contraria
2125 5296 2510 5366 loquebantur;
2541 5301 2778 5360 Herodes
2808 5322 2929 5362 eum
2960 5313 3051 5380 qui
3093 5294 3248 5371 natus
3273 5330 3387 5373 erat
3420 5360 3434 5386 ,

1833 5386 2106 5455 qumrebat
2125 5430 2140 5452 ,
2164 5403 2268 5442 non
2312 5398 2371 5444 ut
2395 5407 2516 5446 eum
2545 5391 2748 5452 honore
2788 5398 3054 5470 afficeret,
3081 5406 3174 5462 sed
3205 5419 3261 5462 ut
3303 5425 3423 5464 cum

1835 5474 2176 5532 interﬁceret.
2199 5477 2366 5536 Hodie
2385 5497 2613 5554 namque
2630 5491 2893 5546 contraria
2912 5504 3099 5550 cuncta
3118 5499 3430 5553 cernebant.

1837 5565 1956 5620 Non
1982 5570 2111 5621 enim
2139 5571 2390 5626 occultata
2430 5585 2548 5630 sunt
2571 5619 2584 5641 ,
2615 5588 2672 5632 ut
2697 5595 2816 5635 cum
2849 5582 3180 5640 Psalmorum
3211 5599 3430 5646 auctore

1834 5658 2042 5729 loquar,
2071 5678 2101 5713 a
2131 5663 2252 5730 ﬁliis
2280 5681 2452 5720 eorum
2484 5670 2536 5722 in
2575 5675 2944 5741 generationem
2989 5678 3198 5730 alterunt
3240 5677 3424 5750 (Psal.

1838 5749 1924 5803 77.
1956 5752 2029 5822 4).
2051 5751 2327 5822 Siquidem
2357 5773 2508 5832 reges
2538 5773 2817 5832 venerunt,
2849 5772 2903 5819 et
2933 5766 3198 5824 ca-lestem
3231 5749 3426 5842 Regem

2985 5859 3062 5919 εειι
