3958 6186
508 297 612 362 587

506 427 900 491 suspexerunt,
929 417 1067 487 quod
1118 417 1168 471 in
1207 425 1403 472 terram
1448 416 1694 484 venerit,
1722 431 1827 471 non
1871 417 2090 487 angelos

507 521 688 567 seciun
731 509 962 576 habens,
992 524 1096 562 non
1124 507 1473 579 archangelos
1497 549 1511 573 ,
1545 523 1650 562 non
1688 497 1912 561 thronos
1940 519 1958 570 ;
1989 523 2093 560 non

507 601 921 664 dominationes,
956 614 1061 653 non
1089 599 1333 666 virtutes,
1363 613 1470 653 non
1500 607 1808 669 potestates,
1837 597 1930 652 sed
1959 612 2093 650 nova

505 703 560 746 et
598 691 818 746 minime
849 693 968 746 trita
1013 691 1265 746 incedens
1292 691 1375 745 via
1419 705 1484 746 ex
1531 691 1731 745 illibato
1776 691 2096 760 processerit

507 794 656 839 utero
682 802 694 838 :
719 799 820 840 nec
845 794 1021 839 tamen
1050 790 1268 855 angelos
1295 799 1404 838 sua:
1427 783 1826 854 gubernationis
1855 791 2094 838 exsortes

501 877 817 946 dereliquit,
843 891 1014 946 neque
1043 885 1260 946 propter
1285 876 1705 930 incarnationem
1737 889 1886 928 suam
1927 889 1956 928 a
1999 889 2093 928 sua

484 968 705 1023 excidit
729 968 925 1023 deitate
953 986 965 1020 :
993 968 1087 1023 sed
1115 983 1268 1039 reges
1294 967 1508 1038 quidem
1536 975 1828 1032 venerunt,
1855 976 1910 1021 ut
1936 967 2095 1021 cmic-

500 1071 637 1114 stem
666 1060 864 1130 Regem
885 1060 1068 1131 gloria:
1088 1060 1393 1122 adorarent,
1416 1058 1609 1113 milites
1635 1065 1834 1125 autem,
1859 1065 1918 1112 ut
1941 1057 2094 1112 Prin-

501 1151 672 1219 cipem
701 1152 966 1207 exercitus
995 1152 1232 1206 colerent
1256 1169 1267 1204 :
1295 1149 1546 1205 mulieres
1566 1191 1580 1215 ,
1603 1165 1726 1205 eum
1756 1150 1844 1219 qui
1875 1165 1941 1205 ex
1971 1165 2096 1207 mu-

498 1243 631 1303 liere
654 1253 814 1299 natus
837 1253 938 1308 est,
984 1252 1041 1298 ut
1069 1243 1305 1297 mulieris
1339 1242 1553 1298 dolores
1581 1239 1634 1296 in
1663 1241 1900 1297 laetitiam
1939 1257 2090 1297 com-

502 1343 702 1387 mutet:
724 1334 974 1404 virgines,
1001 1333 1166 1388 filium
1189 1333 1440 1403 Virginis,
1463 1333 1788 1388 admirantes
1814 1333 1902 1402 qui
1926 1333 2016 1387 fiat
2037 1342 2094 1387 ut

497 1423 648 1478 lactis
674 1422 938 1490 conditor,
963 1424 1050 1493 qui
1079 1423 1242 1479 efﬁcit
1265 1432 1322 1476 ut
1347 1423 1568 1478 uberum
1597 1423 1769 1477 fontes
1797 1431 2089 1492 spontanea

496 1513 692 1567 fluenta
720 1511 1034 1578 diffundant,
1061 1529 1091 1568 a
1115 1513 1329 1584 Virgine
1357 1522 1528 1568 matre
1558 1514 2090 1583 puerulialimentum

495 1605 756 1674 accipiat:
787 1605 1038 1669 infantes,
1065 1621 1184 1660 eum
1211 1605 1295 1674 qui
1324 1604 1494 1659 factus
1516 1614 1596 1660 est
1618 1605 1808 1671 infans,
1830 1613 1886 1659 ut
1906 1620 1971 1660 ex
1998 1619 2092 1659 ore

496 1698 774 1752 infantium
796 1707 852 1753 et
883 1699 1186 1753 laetentium
1213 1697 1418 1752 laudem
1453 1697 1728 1767 perficeret
1755 1697 1964 1769 (Matth.
1996 1693 2088 1750 2f.

497 1788 594 1851 l6;
624 1788 771 1844 Psal.
817 1789 869 1844 8.
915 1789 971 1858 5)
1011 1806 1024 1841 :
1063 1788 1256 1858 pueri,
1284 1803 1508 1858 puerum
1533 1830 1549 1853 ,
1578 1789 1665 1858 qui
1713 1795 1976 1859 martyres
2019 1788 2088 1841 ob

496 1879 722 1934 llerodis
762 1879 1022 1934 insaniam
1062 1878 1274 1933 effecit:
1301 1878 1438 1944 viri,
1465 1893 1587 1934 eum
1615 1879 1701 1948 qui
1735 1879 1894 1933 homo
1919 1878 2088 1933 factus

493 1979 606 2035 est,
639 1981 696 2025 ut
719 1986 997 2026 servorum
1033 1972 1183 2025 malis
1211 1970 1513 2026 mederetur
1537 1987 1550 2026 :
1575 1983 1813 2040 pastores
1837 2014 1851 2037 ,
1885 1972 2083 2026 bonum
2113 2012 2116 2014 -

493 2074 793 2133 pastorem,
824 2064 914 2133 qui
944 2065 1173 2116 animam
1205 2077 1302 2132 pro
1328 2063 1516 2116 ovibus
1556 2063 1665 2116 suis
1697 2063 1844 2132 ponit
1872 2081 1885 2117 :
1909 2078 2087 2118 sacer-

490 2155 662 2218 dotes,
689 2170 810 2209 eum
837 2154 925 2224 qui
957 2153 1122 2208 factus
1153 2165 1233 2208 est
1257 2154 1497 2209 Pontifex
1524 2154 1815 2210 secundum
1841 2155 2084 2211 ordinem

490 2245 841 2300 Mdchisedec
871 2245 1052 2317 (Hebr.
1086 2247 1140 2299 7.
1172 2245 1271 2310 l7;
1304 2244 1447 2300 Psal.
1478 2245 1600 2300 109.
1633 2246 1690 2315 4)
1717 2264 1730 2300 :
1755 2246 1936 2313 servi,
1959 2261 2082 2302 eum

485 2338 578 2407 qui
607 2338 744 2391 servi
779 2336 1002 2391 formam
1032 2335 1270 2406 accepit,
1295 2344 1354 2391 ut
1385 2345 1619 2391 nostram
1645 2337 1956 2392 servitutem
1982 2339 2083 2393 ho-

490 2444 620 2483 llOt'e
660 2429 920 2483 libertatis
972 2437 1187 2483 ornaret
1238 2427 1492 2498 (Philipp.
1532 2427 1587 2480 ‘2.
1631 2426 1734 2500 7);
1766 2429 2079 2498 piscatores,

483 2537 607 2576 eum
636 2524 722 2592 qui
754 2537 818 2578 ex
853 2523 1205 2592 piscatoribus
1252 2522 1522 2577 hominum
1575 2523 1738 2578 efficit
1763 2535 2077 2580 venatores:

490 2615 756 2683 publicani
782 2655 796 2679 ,
828 2630 949 2669 eum
977 2615 1066 2684 qui
1096 2629 1162 2670 ex
1200 2615 1496 2684 publicanis
1530 2615 1788 2671 selectum
1816 2618 2083 2688 evangeli-

485 2715 622 2760 stam
653 2706 893 2775 designat
923 2705 1135 2775 (Matth.
1164 2705 1216 2761 9.
1249 2706 1325 2777 9);
1360 2708 1690 2771 meretrices,
1721 2723 1844 2764 eum
1875 2711 1965 2780 qui
1995 2709 2078 2764 la-

483 2798 681 2869 crytnis
709 2797 1023 2851 meretriciis
1049 2797 1214 2867 pedes
1241 2812 1368 2852 suos
1389 2799 1608 2867 exponit
1629 2815 1643 2864 ;
1668 2807 1826 2870 atque
1856 2810 1910 2854 ut
1931 2816 2078 2856 com-

481 2888 683 2956 plectar
712 2887 880 2955 brevi,
903 2897 1208 2958 peccatores
1228 2903 1416 2943 omnes
1435 2889 1783 2956 advenerunt,
1807 2899 1865 2946 ut
1883 2907 2076 2963 agnum

483 2981 578 3038 Dei
606 2989 921 3046 cernerent,
954 2980 1044 3050 qui
1075 2981 1209 3034 tollit
1237 2989 1451 3052 peccata
1478 2981 1697 3048 mundi,
1726 2981 1800 3052 (a)
1827 2980 1989 3055 [magi
2018 2996 2079 3040 ut

478 3090 604 3129 cum
631 3073 880 3128 satellitio
905 3086 1002 3128 suo
1027 3072 1277 3143 cingant,
1310 3081 1572 3142 pastores,
1609 3083 1666 3128 ut
1693 3089 1813 3130 eum
1842 3075 2070 3132 benedi-

468 3174 622 3229 rt-ant,
652 3164 943 3235 publicani,
965 3172 1019 3220 ut
1036 3165 1384 3238 Evangelium
1402 3165 1711 3234 prardicent,
1735 3168 2067 3234 meretrices,

462 3267 538 3310 "ut
585 3264 845 3327 unguenta
891 3255 1174 3321 deferant,
1201 3255 1532 3310 Samaritana
1557 3296 1572 3322 ,
1606 3267 1664 3310 ut
1712 3255 1912 3312 fontem
1951 3258 2075 3313 vitae

479 3349 656 3414 sitiat,
687 3347 987 3403 Chanantea
1012 3389 1027 3415 ,
1062 3355 1122 3402 ut
1161 3347 1507 3403 indubitatam
1560 3349 1715 3403 fidem
1761 3349 2070 3422 exhibeat].

480 3443 613 3503 Cum
646 3440 802 3513 igitur
826 3456 1012 3496 omnes
1037 3440 1344 3508 exsultent,
1369 3439 1496 3493 mihi
1528 3455 1737 3510 quoque
1763 3441 1935 3510 placet
1973 3457 2073 3497 cx-

478 3533 714 3600 snltare,
742 3533 971 3588 choreas
1010 3546 1168 3603 agere
1216 3531 1338 3585 volo
1362 3571 1378 3598 ,
1406 3530 1707 3601 festumque
1753 3525 2068 3590 celebrare:

453 3672 456 3675 .
479 3639 638 3694 porro
666 3623 891 3680 choreas
909 3639 1029 3694 ago,
1046 3639 1150 3678 non
1172 3622 1428 3677 citharam
1445 3622 1680 3692 pulsans;
1695 3639 1801 3678 non
1825 3624 2069 3696 thyrsum

477 3717 745 3785 quatiens,
773 3733 878 3772 non
910 3716 1064 3772 tibias
1091 3715 1302 3782 inflatis,
1332 3729 1439 3769 non
1466 3715 1607 3770 faces
1627 3716 1944 3782 accendens,
1975 3718 2069 3773 sed

483 3812 808 3864 musicorum
863 3811 1336 3865 instrumentorum
1387 3809 1508 3862 loco
1557 3807 1756 3862 Christi
1809 3824 2067 3866 cunarum

483 3903 672 3957 fascias
695 3913 931 3973 gestans.
959 3886 1050 3957 llre
1069 3917 1307 3972 namque
1337 3900 1470 3955 mihi
1495 3910 1621 3955 sunt
1645 3915 1798 3970 spes,
1827 3901 1911 3956 hze
1939 3904 2068 3959 mihi

480 3998 604 4060 vita,
638 3995 719 4051 ha:
749 3996 878 4050 mihi
906 3997 1070 4062 salus,
1102 3997 1184 4049 ha:
1211 3993 1339 4048 mihi
1371 3993 1532 4061 tibim,
1563 3994 1644 4048 lue
1669 3995 1794 4048 mihi
1826 3995 2024 4050 cithara
2052 4015 2065 4049 :

460 4098 760 4159 .propterea
793 4097 846 4142 et
877 4089 1018 4156 ipsas
1043 4098 1258 4157 gestans
1283 4085 1543 4151 advenio,
1568 4093 1624 4139 ut
1660 4101 1840 4140 earum
1873 4089 2068 4143 virtute

478 4183 782 4237 facultatem
808 4182 1069 4236 sermonis
1095 4179 1316 4249 adeptus
1341 4193 1462 4232 cum
1491 4177 1694 4248 angelis
1717 4178 1912 4245 dicam,
1946 4179 2069 4234 Glo-

478 4275 555 4325 ria
578 4274 630 4326 in
661 4273 917 4326 altissimis
947 4270 1073 4335 Deo;
1103 4286 1225 4325 cum
1256 4270 1574 4340 pastoribus,
1608 4268 1675 4322 Et
1701 4270 1752 4322 in
1780 4279 1912 4323 terra
1941 4289 2066 4341 pax,

477 4367 528 4416 iu
565 4363 848 4416 hominibus
879 4363 1244 4432 beneplacitum
1285 4360 1435 4431 (Luc.
1460 4360 1515 4414 2.
1547 4358 1656 4432 14).
1693 4361 1859 4417 Hodie
1886 4364 1974 4432 qui
2001 4379 2064 4418 ex

477 4450 636 4506 Patre
661 4452 1231 4523 ineffabillter'genitus
1262 4461 1364 4517 cst,
1393 4466 1457 4506 ex
1490 4450 1708 4522 Virgine
1731 4461 1949 4523 propter
1982 4469 2068 4510 mc

477 4541 838 4613 inexplicabili
867 4541 1027 4596 modo
1056 4543 1314 4596 nascitur.
1349 4540 1455 4596 Sed
1483 4549 1593 4596 tum
1620 4543 1833 4611 quidem
1869 4559 2064 4598 secun-

475 4640 599 4693 dum
629 4643 870 4690 naturam
897 4642 1021 4690 ante
1049 4634 1241 4688 srecula
1272 4634 1480 4704 genitus
1509 4643 1591 4689 εει
1615 4648 1682 4688 ex
1713 4635 1884 4698 Patre,
1912 4647 2068 4706 prout

473 4731 622 4784 novit
664 4728 754 4783 ille
778 4771 791 4792 ,
822 4728 910 4798 qui
941 4727 1159 4797 genuit:
1187 4726 1343 4780 hodie
1384 4740 1513 4782 vero
1538 4741 1722 4781 rursus
1761 4741 1827 4782 ex
1853 4727 2067 4800 Virgine

473 4831 672 4888 praeter
697 4831 938 4876 naturam
963 4830 1122 4876 natus
1149 4827 1230 4875 est
1247 4862 1262 4887 ,
1294 4828 1450 4890 prout
1471 4818 1701 4890 Spiritus
1724 4821 1891 4876 sancti
1920 4824 2068 4879 novit

473 4917 662 4984 gratia.
683 4915 759 4969 Et
782 4929 1008 4983 superna
1032 4913 1146 4984 ejus
1175 4913 1448 4984 generatio
1477 4928 1599 4968 vera
1629 4923 1730 4982 est,
1767 4923 1822 4970 et
1850 4913 2068 4971 inferior

475 5006 592 5073 ejus
629 5007 900 5074 generatio
938 5007 1157 5060 minimc
1203 5004 1333 5059 falsa
1362 5013 1452 5060 :et
1491 5019 1616 5060 vere
1667 5005 1805 5060 Dens
1843 5021 1909 5061 ex
1957 5007 2067 5062 Deo

476 5095 687 5163 genitus
710 5105 792 5150 est
815 5136 830 5161 ,
862 5106 918 5150 et
943 5112 1067 5151 vere
1095 5095 1254 5150 homo
1279 5095 1422 5151 idem
1446 5112 1511 5150 ex
1537 5095 1753 5167 Virgine
1778 5106 1934 5152 natus
1961 5107 2063 5152 εει.

475 5185 698 5240 Sursum
738 5186 883 5240 solus
909 5202 971 5240 ex
1001 5187 1119 5240 solo
1157 5185 1472 5257 Unigenitus
1495 5229 1510 5250 ,
1537 5186 1789 5243 deorsum
1830 5189 1976 5242 solus
2001 5204 2066 5243 ex

477 5277 593 5331 Sola
623 5275 836 5346 Virgine
876 5276 1015 5331 idem
1040 5275 1376 5346 Unigenitus.
1403 5277 1548 5333 Sicut
1574 5278 1716 5331 enim
1750 5277 1802 5332 in
1837 5293 2066 5348 superna

481 5370 825 5440 generatione
854 5377 1077 5424 matrem
1106 5369 1401 5440 intelligere
1427 5369 1644 5439 impium
1669 5380 1751 5423 est
1777 5387 1790 5423 :
1815 5369 1965 5424 sicin
1989 5371 2068 5425 in-

483 5462 665 5519 feriori
711 5461 1054 5533 generatione
1100 5471 1302 5528 patrem
1349 5461 1655 5517 existimare
1697 5461 2066 5533 blasphemum

479 5564 590 5609 est.
621 5553 778 5609 Pater
807 5553 1008 5623 absque
1045 5549 1262 5606 deﬂuxu
1281 5550 1463 5620 genuit
1487 5590 1503 5618 ,
1531 5559 1586 5605 et
1613 5551 1773 5622 Virgo
1811 5552 1927 5608 sine
1951 5567 2068 5609 oor-

490 5646 733 5713 rnptione
759 5645 962 5713 peperit
988 5660 999 5696 :
1025 5657 1144 5695 nam
1177 5655 1349 5711 neque
1381 5640 1656 5700 dcfluxum
1685 5635 1935 5699 sustinuit
1969 5643 2070 5698 Pa-

551 5777 627 5838 t'rt)
659 5785 769 5834 Qua:
795 5775 982 5827 uncinis
1006 5772 1313 5832 clauduntur,
1343 5773 1519 5824 desunt
1543 5776 1590 5824 in
1614 5783 1728 5838 Reg.

1239 303 1294 358 S.
1336 301 1612 358 JOANNIS
1649 299 2116 356 CHRVSOSTOMI
2157 299 2470 356 ARCUIEP.
2513 301 3045 365 CONSTANTINOP.

3671 319 3760 379 588

2209 428 2308 483 ter;
2328 420 2520 490 quippe
2547 423 2658 492 qui,
2685 434 2840 494 prout
2867 428 3216 484 conveniebat
3233 430 3364 496 Deo,
3381 433 3591 502 genuit:
3613 445 3765 508 netpie

2207 510 2366 580 Virgo
2394 515 2790 586 corruptionem
2828 519 3078 573 sustinuit
3126 522 3417 590 pariendo;
3448 526 3636 597 quippe
3662 543 3766 598 qua:

2203 603 2547 673 Spirilualiter
2567 607 2787 676 peperit.
2811 608 2962 665 Unde
2977 625 3149 680 neque
3161 627 3390 682 superna
3413 615 3527 682 ejus
3545 619 3769 675 nativitas

2202 696 2455 764 explicari
2489 708 2680 766 potest,
2711 716 2883 770 neque
2907 719 3217 773 progressus
3247 706 3361 774 ejus
3389 709 3444 762 in
3489 712 3770 768 novissimis

2205 789 2531 857 temporibus
2560 791 2770 846 curiose
2800 796 3144 865 pervestigari
3183 813 3242 852 se
3270 799 3418 853 sinit.
3440 799 3571 854 Nam
3613 802 3770 873 Virgi-

2202 895 2324 934 nem
2371 880 2585 950 quidem
2634 881 2791 938 hodie
2839 887 3114 954 peperisse
3160 891 3311 953 scio,
3355 899 3411 945 et
3466 891 3625 946 Deum
3665 895 3771 950 sine

2203 979 2442 1040 tempore
2468 973 2718 1042 genuisse
2752 975 2913 1029 credo
2939 997 2951 1030 :
2979 977 3192 1031 modum
3219 989 3399 1034 autem
3425 983 3769 1051 generationis

2200 1061 2414 1116 silentio
2453 1062 2614 1118 didici
2658 1068 2943 1133 venerari,
2968 1084 3074 1122 non
3101 1071 3344 1126 oratione
3384 1075 3590 1127 curiose
3636 1075 3770 1130 illam

2201 1152 2569 1222 inquirendam
2597 1159 2801 1226 accepi.
2832 1157 3103 1228 Siquidem
3133 1161 3185 1215 in
3219 1163 3325 1217 Deo
3355 1180 3459 1217 non
3488 1181 3662 1220 rerum
3695 1183 3771 1221 na-

2201 1249 2318 1298 tura
2359 1253 2442 1299 est
2475 1247 2797 1302 attendenda
2822 1290 2836 1313 ,
2862 1250 2954 1303 sed
2998 1250 3112 1320 ejus
3131 1293 3147 1316 ,
3174 1253 3261 1322 qui
3288 1262 3574 1323 Operat'ur,
3604 1258 3771 1312 virtuti

2199 1335 2329 1390 fides
2373 1337 2633 1392 habenda.
2678 1339 2788 1394 Lex
2827 1342 2970 1395 enim
3021 1355 3104 1397 est
3143 1356 3381 1409 naturie,
3429 1362 3546 1401 cum
3595 1351 3772 1404 mulier

2198 1431 2728 1498 matrimoniojuncta
2758 1433 2932 1502 parit:
2955 1449 3075 1489 cum
3103 1451 3227 1491 vero
3249 1437 3417 1492 virum
3442 1454 3542 1493 non
3565 1453 3772 1510 experta

2197 1524 2344 1588 virgo
2384 1531 2658 1591 postquam
2708 1524 2946 1590 peperit,
2978 1525 3129 1596 virgo
3162 1542 3346 1581 rursus
3387 1541 3634 1598 apparet,
3671 1541 3773 1584 tum

2195 1623 2281 1662 res
2310 1622 2550 1665 naturam
2587 1615 2814 1668 excedit.
2847 1615 2999 1682 Quod
3027 1616 3186 1687 igitur
3211 1620 3500 1674 secundum
3531 1631 3773 1676 naturam

2196 1699 2286 1764 fit,
2317 1700 2613 1770 inquiratur
2637 1723 2648 1756 :
2673 1704 2813 1774 quod
2854 1721 2980 1760 vero
3024 1717 3266 1763 naturam
3293 1722 3536 1779 superat,
3567 1713 3775 1768 silentio

2193 1791 2397 1844 colatur
2423 1811 2436 1846 :
2459 1807 2564 1847 non
2597 1803 2864 1864 tamquam
2893 1795 3216 1866 fugiendum,
3250 1799 3341 1853 sed
3382 1809 3646 1870 tamquam
3703 1803 3775 1856 in-

2194 1881 2515 1947 enarrabile,
2539 1882 2864 1954 dignumque
2891 1886 3030 1956 quod
3063 1887 3272 1942 silentio
3301 1904 3633 1944 venerrmnr.
3674 1891 3771 1946 Sed

2193 1973 2315 2027 date
2342 1973 2489 2036 mihi,
2523 1989 2724 2044 quaeso,
2757 1975 2892 2031 hanc
2919 1978 3125 2031 veniam
3153 2019 3169 2045 ,
3202 1987 3258 2033 ut
3293 1981 3344 2032 in
3374 1981 3589 2034 exordio
3616 1982 3774 2036 finem

2191 2062 2378 2118 faciam
2409 2065 2638 2120 dicendi.
2665 2065 2797 2121 Cum
2837 2069 2978 2122 enim
3009 2084 3186 2122 rerum
3235 2071 3594 2125 sublimiorum
3628 2074 3776 2128 inve-

2188 2155 2523 2226 stigationem
2541 2159 2799 2229 attingere
2815 2159 3177 2226 reformidem,
3197 2177 3300 2231 quo
3317 2175 3482 2231 pacto,
3501 2175 3597 2218 aut
3613 2181 3774 2235 quam

2187 2247 2241 2302 in
2267 2257 2471 2318 partem
2497 2251 2754 2305 orationis
2777 2251 2983 2306 clavum
3010 2251 3221 2307 flectam
3245 2254 3442 2308 nescio.
3469 2253 3604 2322 Quid
3632 2261 3775 2312 enim

2187 2338 2383 2406 dicam,
2415 2351 2507 2394 aut
2533 2343 2658 2412 quid
2688 2343 2914 2412 loquar?
2943 2343 3163 2399 Matrem
3191 2345 3362 2411 video,
3392 2362 3508 2416 qua:
3547 2352 3773 2416 peperit;

2187 2429 2349 2484 ﬁlium
2374 2442 2524 2500 partu
2551 2433 2750 2488 editum
2773 2449 2934 2489 cerno
2953 2455 2967 2490 :
2985 2435 3200 2489 modum
3225 2446 3400 2490 autem
3417 2441 3776 2507 generationis

2186 2536 2292 2574 non
2325 2523 2592 2592 conspicio
2617 2541 2628 2576 :
2653 2524 2880 2579 vincitur
2903 2525 3043 2579 enim
3075 2535 3260 2580 natura
3283 2568 3297 2590 ,
3322 2527 3547 2582 vincitur
3569 2519 3775 2584 tit-diuis

2186 2613 2371 2682 limes,
2399 2615 2611 2685 quando
2637 2615 2751 2669 vult
2783 2615 2943 2670 Deus.
2971 2615 3086 2670 Non
3115 2617 3256 2671 enim
3283 2619 3572 2672 secundum
3608 2633 3775 2674 natu-

2183 2720 2298 2760 ram
2318 2722 2404 2761 res
2424 2707 2634 2773 accidit,
2652 2709 2749 2763 sed
2773 2724 2932 2778 supra
2956 2716 3199 2767 naturam
3225 2710 3533 2765 miraculum
3555 2715 3771 2768 evenit:

2183 2798 2384 2866 quievit
2427 2800 2566 2854 enim
2617 2810 2842 2866 natura,
2883 2800 2976 2855 sed
3020 2801 3228 2857 Domini
3266 2802 3508 2857 voluntas
3552 2817 3773 2873 operata

2183 2895 2284 2943 est.
2314 2891 2359 2945 0
2389 2890 2704 2946 ineffabilem
2740 2892 2964 2962 gratiam
2990 2893 3002 2946 !
3037 2891 3352 2963 Unigenitus
3375 2935 3391 2960 ,
3419 2895 3508 2964 qui
3542 2905 3626 2951 est
3653 2909 3774 2952 ante

2185 2981 2378 3035 saecula
2405 3021 2420 3046 ,
2451 2983 2539 3052 qni
2571 2983 2710 3052 tangi
2740 2998 2843 3038 non
2875 2991 3082 3052 potest,
3108 2984 3199 3053 qui
3228 2984 3457 3054 simplex
3497 2995 3578 3040 est
3603 2997 3668 3042 et
3698 2990 3770 3048 il-

2180 3085 2489 3142 corporeus,
2517 3086 2710 3142 corpus
2732 3088 2908 3127 meum
2936 3072 3097 3127 subiit
3115 3075 3444 3144 corruptioni
3473 3077 3769 3133 obnoxium

2178 3173 2234 3220 et
2259 3165 2583 3235 aspectabile
2611 3166 2648 3218 ⁸.
2681 3164 2848 3231 Quam
2879 3165 2949 3219 ob
2968 3165 3218 3219 causam?
3243 3164 3313 3220 Ut
3337 3177 3658 3236 conspectus
3677 3171 3772 3224 do-

2177 3266 2313 3322 ceat,
2340 3256 2540 3312 docens
2564 3266 2758 3316 autem,
2778 3255 2842 3310 ad
2865 3271 2926 3310 ea
2952 3271 3072 3327 quae
3097 3273 3202 3310 non
3229 3257 3427 3312 cadunt
3444 3261 3544 3314 sub
3561 3263 3767 3327 oculos,

2178 3362 2339 3401 manu
2382 3346 2560 3401 ducat.
2585 3345 2716 3399 Nam
2747 3346 2997 3414 quoniam
3029 3347 3214 3400 oculos
3245 3347 3464 3403 auribus
3505 3349 3768 3406 fideliores

2177 3451 2296 3492 esse
2321 3438 2628 3491 existimant
2657 3436 2901 3491 homines
2919 3478 2935 3504 ,
2967 3436 3035 3492 de
3059 3453 3126 3490 eo
3155 3452 3282 3492 vero
3307 3439 3593 3506 dubitant,
3626 3442 3767 3511 quod

2176 3545 2282 3583 non
2325 3529 2538 3592 vident,
2589 3538 2869 3598 propterea
2915 3528 3162 3598 dignatus
3207 3538 3291 3584 est
3331 3539 3390 3584 et
3429 3547 3522 3600 per
3573 3547 3765 3604 corpus

2173 3622 2344 3677 oculis
2371 3629 2713 3691 conspectum
2741 3620 2822 3675 sui
2853 3621 3094 3690 praebere
3114 3662 3130 3687 ,
3161 3631 3216 3676 nt
3243 3621 3631 3679 dubitationem
3663 3629 3765 3681 tol-

2174 3713 2326 3768 feret.
2359 3714 2423 3766 Et
2469 3713 2708 3768 nascitur
2744 3727 2811 3766 ex
2852 3711 3100 3782 Virgine,
3127 3728 3244 3781 quze
3285 3729 3400 3768 rem
3445 3717 3762 3786 ignorabat:

2175 3821 2298 3859 nam
2330 3819 2503 3874 neque
2539 3813 2822 3874 cooperata
2867 3813 2952 3858 est
2985 3805 3051 3858 ad
3092 3820 3203 3859 rem
3234 3807 3522 3876 gerendam
3542 3849 3558 3872 ,
3589 3824 3766 3877 neque

2172 3897 2394 3952 contulit
2417 3897 2686 3967 quippiam
2717 3897 2782 3950 ad
2811 3895 2862 3950 id
2893 3897 3036 3966 quod
3084 3897 3241 3952 ﬁebat
3265 3917 3278 3952 :
3307 3900 3402 3954 sed
3438 3901 3635 3955 nudum
3663 3901 3764 3956 fuit

2172 4002 2380 4041 arcana:
2402 3987 2610 4041 virtutis
2629 3985 2743 4057 ejus
2773 3988 3207 4053 instrumentum;
3237 3998 3438 4044 tantum
3467 3991 3518 4045 id
3543 4003 3761 4047 noverat

2171 4076 2310 4147 quod
2341 4092 2406 4130 ex
2435 4075 2678 4132 Gabrieie
2720 4078 2982 4133 sciscitata
3011 4077 3266 4133 didicerat
3300 4097 3310 4131 :
3345 4079 3604 4145 Quomodo
3637 4083 3761 4137 mihi

2172 4171 2256 4236 [iet
2285 4167 2441 4232 istud,
2473 4169 2590 4238 quia
2619 4169 2779 4222 virum
2804 4185 2905 4221 non
2937 4184 3184 4240 cognosco
3213 4167 3365 4239 (Luc.
3393 4172 3444 4224 1.
3475 4169 3758 4241 54)2Τιιιιι

2173 4261 2344 4331 inquit
2373 4261 2460 4315 ille
2485 4277 2498 4313 :
2527 4260 2616 4315 Vis
2655 4259 2757 4315 hoc
2790 4260 2970 4315 scire?
3014 4261 3238 4331 Spiritus
3279 4273 3487 4316 sanctus
3524 4279 3758 4333 stipare-

2172 4353 2272 4406 m‘et
2299 4353 2351 4406 in
2379 4363 2425 4406 te
2447 4393 2461 4414 ,
2489 4362 2536 4407 et
2575 4353 2732 4406 virtus
2771 4350 3017 4407 Altissimi
3051 4353 3362 4407 obumbrabit
3402 4355 3490 4407 tibi
3516 4353 3666 4424 (Ibid.
3699 4372 3750 4408 ε.

2172 4445 2286 4513 55).
2325 4444 2394 4498 Et
2435 4444 2702 4514 quomodo
2749 4459 2870 4500 cum
2893 4446 3016 4514 ipsa
3062 4454 3210 4510 erat,
3238 4455 3295 4500 et
3336 4447 3496 4516 paulo
3538 4457 3648 4517 post
3680 4463 3756 4501 ex

2173 4537 2325 4605 ipsa?
2351 4535 2808 4604 Quemadmodum
2836 4537 3028 4592 artifex
3049 4577 3066 4604 ,
3091 4538 3302 4591 inventa
3335 4539 3558 4594 materia
3585 4537 3758 4593 utilis-

2172 4628 2341 4693 sima,
2385 4642 2479 4682 vas
2523 4627 2939 4696 pulcherrimum
2986 4627 3316 4684 fabricatur:
3351 4629 3422 4684 ita
3472 4630 3705 4686 Christus
3745 4679 3760 4694 ,

2173 4719 2389 4773 invento
2413 4718 2632 4788 virginis
2675 4727 2861 4774 sancto
2903 4733 3129 4788 corpore
3174 4730 3228 4774 et
3255 4720 3434 4775 anima
3459 4755 3475 4784 ,-
3503 4720 3745 4789 templum

2171 4811 2274 4866 sibi
2313 4811 2609 4866 construxit
2645 4812 2974 4876 animatum,
2997 4821 3056 4868 et
3099 4812 3372 4867 hominem
3409 4829 3514 4883 qua
3549 4814 3754 4868 ratiune

2171 4902 2370 4970 voluit,
2397 4902 2694 4959 efl‘ormavit
2733 4918 2802 4959 ex
2827 4905 3031 4975 virgine
3053 4945 3071 4970 ,
3100 4919 3329 4974 eumque
3356 4904 3566 4960 indutus
3589 4900 3744 4956 hodie

2172 4997 2453 5068 processit,
2483 5011 2655 5067 neque
2681 5005 2884 5052 naturae
2904 4995 3298 5052 deformitatem
3324 4997 3549 5052 erubuit.
3569 4994 3744 5060 Neque

2173 5091 2315 5144 enim
2345 5089 2659 5158 probrosum
2684 5089 2759 5143 illi
2786 5087 2903 5150 fuit,
2928 5097 2983 5142 ut
3002 5102 3155 5142 suum
3183 5101 3320 5156 opus
3346 5087 3465 5157 ipse
3488 5090 3690 5158 gestaret
3720 5095 3740 5132 ε

2143 5173 2344 5254 ‘ipsum
2371 5197 2583 5253 quoque
2610 5181 2877 5252 Opificium
2909 5181 3135 5235 maxima
3158 5182 3326 5250 gloria
3351 5178 3687 5236 cumulabatur
3713 5210 3735 5234 ν

2172 5274 2313 5344 quod
2337 5274 2544 5344 opificis
2563 5274 2645 5328 sui
2675 5273 2826 5328 fieret
2847 5273 3232 5327 indumentum.
3258 5272 3393 5327 Nam
3414 5267 3736 5344 quemadmo-

2173 5366 2296 5420 dum
2334 5366 2388 5420 in
2415 5366 2586 5434 prima
2633 5364 2946 5419 formatione
2972 5365 3086 5419 fieri
3110 5379 3215 5419 non
3240 5373 3454 5435 poterat
3475 5406 3488 5428 ,
3512 5372 3560 5417 ut
3577 5359 3733 5414 boo

2173 5459 2606 5524 constitueretur,
2625 5465 2906 5528 antequam
2925 5456 3094 5512 lutum
3112 5457 3163 5513 in
3182 5459 3300 5528 ejus
3316 5472 3495 5512 manus
3510 5451 3682 5507 venire!
3703 5463 3726 5498 ξ

2174 5552 2244 5604 ita
2277 5551 2386 5604 fieri
2419 5550 2604 5620 nequit
2628 5559 2685 5605 ut
2715 5565 2808 5606 vas
2835 5549 3178 5620 corruptibile
3213 5556 3595 5609 transmutatur,
3618 5535 3733 5592 ηξίὶ

2175 5639 2268 5695 fiat
2291 5640 2510 5710 Opificis
2539 5640 2927 5697 indumentum.
3597 5629 3600 5634 ’

2241 5779 2257 5806 ι
2294 5781 2428 5837 neg.,
2453 5772 2761 5836 corruptibile
2783 5781 2828 5824 et
2850 5768 3066 5827 mortuis.
