3958 6186
227 281 331 340 389

289 394 343 450 2.
370 391 445 465 (tt)
473 393 581 451 Sed
622 394 751 467 quid
779 395 952 453 dicam
974 440 990 466 ,
1021 410 1115 455 aut
1159 403 1284 473 quid
1327 404 1549 476 loquar?
1577 405 1803 477 Miracu-

215 485 325 540 lum
363 485 507 541 enim
551 487 608 541 in
649 487 1061 547 admirationem
1107 508 1194 550 me
1243 495 1494 552 traducit.
1539 499 1806 568 Antiquos

215 577 424 632 dierum
451 577 622 633 factus
645 589 729 634 est
751 579 948 648 infans,
977 591 1032 639 et
1056 585 1146 654 qui
1174 585 1227 640 in
1255 585 1395 641 solio
1415 587 1632 646 sublimi
1666 603 1804 658 prte-

212 670 465 740 eelsoque
494 670 774 739 considet,
807 673 860 728 in
891 675 1154 746 praesepio
1194 678 1442 746 ponitur;
1477 687 1532 736 et
1570 679 1661 750 qui
1705 681 1806 734 im-

214 761 494 829 palpabilis
531 771 588 819 et
630 763 858 835 simplex
883 807 898 832 ,
943 775 998 822 et
1039 767 1427 840 incompositus
1451 812 1468 838 ,
1517 781 1678 843 atque
1722 770 1803 826 in-

212 868 502 922 corporeus
543 863 625 912 est
646 896 662 921 ,
689 855 940 916 humanis
983 860 1231 916 manibus
1271 870 1638 918 contrectatur
1668 880 1679 892 ·
1709 864 1802 933 qui

209 957 552 1022 peccatorum
597 949 810 1005 vincula
852 951 1175 1024 disrumpit,
1216 954 1434 1021 fasciis,
1471 959 1591 1027 quia
1644 961 1757 1016 vult
1782 1000 1798 1024 .

209 1042 509 1113 stringitur.
541 1041 740 1098 Statuit
769 1044 912 1100 enim
941 1045 1285 1116 ignominiam
1315 1058 1525 1106 vertere
1549 1051 1602 1106 in
1629 1053 1802 1108 hono-

205 1152 357 1200 rem,
392 1133 667 1188 infamiam
714 1135 936 1190 induere
960 1137 1126 1207 gloria
1152 1179 1168 1206 ,
1200 1149 1256 1196 et
1277 1141 1616 1201 contumelia:
1663 1143 1800 1199 fines

202 1225 423 1282 modum
451 1225 664 1283 virtutis
689 1226 995 1284 ostendere.
1015 1227 1217 1290 Idcirco
1239 1247 1418 1290 meum
1444 1248 1638 1305 corpus
1665 1236 1798 1292 sub-

202 1319 276 1384 it,
310 1330 368 1375 ut
395 1321 515 1395 ejus
546 1321 705 1378 Verbi
746 1339 846 1395 ego
873 1339 1040 1395 capax
1084 1325 1206 1382 llam
1227 1344 1243 1395 ;
1267 1337 1323 1383 et
1351 1344 1525 1386 meam
1580 1345 1796 1388 carnem

201 1411 503 1482 suscipiens
521 1455 538 1481 ,
562 1413 817 1484 Spiritum
847 1415 978 1471 mihi
1008 1433 1165 1473 suum
1197 1419 1447 1492 largiens,
1477 1432 1534 1478 ut
1563 1422 1798 1494 largiens

199 1512 250 1556 et
285 1504 562 1576 accipiens
595 1507 716 1561 vitae
741 1506 870 1562 mihi
903 1507 1211 1566 thesaurum
1238 1522 1534 1582 comparet.
1565 1513 1793 1572 Carnem

199 1607 373 1649 meam
405 1597 648 1670 suscipit,
669 1606 724 1652 ut
751 1613 836 1654 me
861 1600 1454 1673 sanetilicet:Spiritum
1488 1605 1612 1660 mihi
1636 1622 1793 1663 suum

198 1685 421 1757 largitur
443 1729 458 1753 ,
491 1699 549 1744 ut
580 1690 783 1745 salvum
822 1707 909 1747 tne
945 1691 1125 1748 faciat.
1150 1691 1256 1749 Sed
1294 1695 1421 1766 quid
1465 1697 1638 1752 dicam
1663 1739 1678 1766 ,
1702 1711 1796 1756 aut

197 1777 320 1848 quid
369 1779 595 1852 loquar?
624 1781 758 1836 Ecce
800 1783 939 1856 virgo
976 1786 1220 1856 concipiet
1249 1785 1403 1864 (Isai.
1447 1789 1500 1845 7.
1535 1787 1646 1861 14).
1674 1790 1792 1850 Non

194 1866 300 1938 jam
326 1867 545 1936 dicitur,
574 1882 629 1926 ut
651 1871 907 1941 futurum,
929 1873 1023 1930 sed
1046 1876 1332 1946 suspicitur
1361 1879 1541 1950 utjam
1569 1882 1790 1939 factum.

198 1962 375 2032 Atque
411 1963 552 2033 apud
581 1963 796 2022 .Indteos
840 1966 1056 2037 quidem
1095 1967 1287 2025 factum
1333 1981 1416 2026 est
1438 2015 1453 2038 ,
1485 1974 1626 2044 apud
1655 1991 1792 2046 quos

199 2053 472 2111 dicebatur
497 2075 511 2110 :
534 2073 565 2111 a
596 2059 750 2115 nobis
773 2067 950 2116 autem
975 2060 1230 2128 creditur,
1258 2065 1400 2134 apud
1438 2081 1572 2136 quos
1597 2083 1665 2124 ne
1694 2085 1792 2124 no-

203 2147 498 2203 minabatur
523 2149 761 2220 quidem.
778 2149 910 2205 Ecce
933 2151 1071 2222 virgo
1091 2155 1351 2226 concipiet.
1377 2155 1552 2214 Litera
1573 2159 1790 2229 quidem

202 2253 480 2311 synagoga:
495 2249 600 2307 est,
621 2242 892 2313 possessio
912 2258 1041 2300 vero
1063 2245 1335 2301 Ecclesia}.
1352 2247 1443 2302 Illa
1466 2249 1687 2306 tabellas
1707 2251 1789 2308 in-

198 2332 360 2397 venit,
385 2332 500 2389 b;ec
520 2337 863 2409 margaritam
887 2337 1149 2393 inveniet:
1172 2339 1260 2394 illa
1283 2341 1456 2396 lanam
1479 2342 1653 2409 tinxit,
1673 2343 1788 2401 haec

192 2435 338 2480 veste
388 2442 649 2498 purpurea
684 2438 771 2485 est
812 2429 1014 2486 induta.
1063 2430 1338 2502 Siquidem
1381 2433 1564 2490 Judzea
1612 2436 1784 2506 ipsum

189 2520 448 2588 peperit,
493 2531 548 2576 at
591 2522 740 2577 orbis
793 2532 1056 2580 terrarum
1115 2525 1292 2594 ipsum
1339 2531 1570 2599 excepit.
1617 2529 1788 2601 Syna-

185 2624 316 2681 goga
369 2612 542 2682 ipsum
583 2614 715 2668 aluit
756 2623 810 2669 et
851 2615 1096 2670 educavit
1129 2634 1142 2670 :
1174 2616 1468 2694 Ecclesiam
1497 2618 1669 2686 ipsum
1703 2630 1784 2677 te-

184 2703 338 2767 nuit,
389 2718 561 2774 eoque
606 2705 773 2774 polita
820 2714 922 2761 est.
973 2706 1128 2777 Apud
1181 2707 1326 2761 illam
1375 2709 1577 2778 palmes
1624 2712 1782 2780 vitis,

183 2805 234 2849 et
270 2796 422 2864 apud
467 2812 552 2851 me
600 2812 844 2853 racemus
873 2799 1128 2855 veritatis.
1157 2797 1250 2854 Illa
1288 2815 1559 2856 racemum
1599 2800 1786 2860 vinde~

184 2887 409 2952 miavit,
440 2897 496 2943 et
539 2899 728 2960 gentes
779 2890 1058 2962 mysticam
1109 2891 1381 2961 potionem
1431 2892 1636 2948 bibunt.
1690 2894 1781 2950 Illa

181 2993 411 3046 granum
469 2979 717 3035 frumenti
777 2981 828 3035 iu
879 2979 1062 3036 Judzea
1105 2982 1424 3048 seminavit;
1475 2991 1531 3038 et
1596 2994 1783 3055 gentes

183 3069 296 3124 fidei
356 3068 495 3125 falce
533 3080 767 3138 segetem
822 3082 1176 3127 messuerunt.
1216 3071 1416 3128 Gentes
1467 3087 1645 3129 rosam
1696 3077 1782 3145 pie

179 3159 605 3230 decerpserunt,
638 3172 692 3216 et
727 3162 866 3232 apud
915 3162 1129 3218 .Iudreos
1188 3163 1340 3234 spina
1394 3164 1782 3224 incredulitatis

181 3252 444 3309 remansit
473 3269 488 3306 :
519 3251 694 3322 pullus
733 3253 1003 3316 avolavit,
1051 3265 1104 3308 et
1142 3253 1377 3312 assident
1418 3256 1544 3312 nido
1591 3258 1776 3314 stulti:

182 3341 301 3398 folia
337 3346 514 3398 litera:
541 3343 960 3414 interpretantur
978 3345 1178 3410 Judmi,
1211 3356 1266 3401 et
1293 3345 1520 3403 fructum
1548 3347 1780 3420 Spiritus

180 3445 374 3504 gentes
413 3434 730 3506 decerpunt.
773 3435 905 3490 Ecce
941 3437 1078 3508 virgo
1125 3438 1178 3491 in
1208 3447 1351 3492 utero
1388 3439 1651 3508 concipiet.
1686 3442 1778 3498 Dic

181 3528 335 3596 mihi,
370 3526 591 3595 .Iudtee,
633 3527 718 3583 die
761 3528 890 3582 mihi
946 3544 1125 3598 porro,
1175 3545 1331 3600 quem
1378 3532 1621 3601 peperit?
1647 3532 1778 3589 Fide

180 3621 340 3688 mihi,
371 3621 563 3676 saltem
597 3630 655 3675 ut
690 3620 903 3677 Herodi.
933 3622 1038 3678 Sed
1063 3638 1167 3677 non
1200 3623 1340 3678 ﬁdis.
1373 3625 1495 3679 Scio
1525 3641 1681 3696 quam
1708 3627 1777 3682 ob

177 3727 403 3769 causam
437 3731 452 3767 :
485 3723 704 3784 propter
743 3714 984 3770 insidias.
1028 3715 1106 3770 Illi
1154 3716 1294 3770 enim
1339 3717 1542 3787 dixisti,
1568 3728 1624 3772 ttt
1651 3735 1775 3774 eum

178 3805 514 3860 interﬁceret
545 3823 560 3859 :
598 3805 726 3859 mihi
755 3821 881 3860 vero
905 3821 1010 3860 non
1033 3807 1186 3870 dicis,
1216 3817 1270 3861 ut
1296 3824 1362 3862 ne
1390 3823 1511 3864 eum
1535 3808 1774 3866 adorem.

176 3897 490 3966 Quemnam
539 3911 670 3952 vero
715 3899 956 3967 peperit?
987 3899 1323 3966 Quemnam?
1349 3899 1563 3955 Natura:
1595 3901 1777 3956 Domi-

176 4007 329 4043 num.
367 3989 517 4044 Licet
566 3990 709 4044 enim
751 3999 808 4044 tu
851 3990 1031 4059 sileas,
1063 3990 1258 4044 clamat
1309 4002 1496 4045 natura
1527 4007 1541 4044 :
1572 3993 1779 4061 peperit

175 4082 354 4145 enim,
380 4088 438 4134 ut
464 4079 630 4134 voluit
655 4089 807 4150 partu
845 4079 953 4147 edi,
981 4080 1072 4152 qui
1106 4089 1260 4151 partu
1307 4090 1394 4136 est
1441 4082 1634 4137 editus.
1661 4081 1775 4137 Non

173 4174 323 4228 enim
368 4170 422 4226 id
469 4185 500 4224 a
545 4179 731 4225 natura
773 4172 1198 4242 permittebatur,
1226 4171 1323 4228 sed
1348 4181 1405 4227 ut
1431 4182 1634 4229 naturze
1675 4175 1780 4229 Do-

180 4267 366 4320 minus
387 4263 696 4318 inusitatum
721 4264 1010 4321 nativitatis
1028 4265 1244 4320 modum
1269 4265 1494 4333 invexit,
1518 4277 1574 4319 ut
1598 4276 1779 4321 osten-

179 4355 269 4411 dat
296 4369 366 4411 se
393 4354 666 4410 hominem
694 4353 914 4423 factum,
942 4373 1047 4412 non
1080 4367 1137 4412 ut
1171 4357 1440 4413 hominem
1485 4372 1638 4427 partu
1668 4360 1774 4426 edi,

179 4447 272 4502 sed
315 4455 383 4502 ut
426 4447 594 4502 Deum
637 4447 805 4502 nasci.
838 4449 912 4502 Ex
948 4448 1162 4518 Virgine
1183 4448 1346 4520 igitttr
1372 4449 1527 4503 hodie
1558 4450 1774 4518 prodiit,

180 4556 298 4610 qua:
360 4549 608 4595 naturam
659 4540 808 4607 vicit,
852 4549 908 4596 et
957 4541 1169 4611 nuptias
1220 4542 1532 4611 superavit‘.
1569 4543 1775 4599 Etenim

179 4631 489 4688 sanctitatis
526 4631 892 4703 Dispensatori
936 4635 1308 4700 conveniebat,
1332 4643 1390 4689 ut
1416 4650 1548 4705 puro
1573 4644 1628 4690 et
1653 4651 1778 4690 san-

180 4735 268 4780 cto
299 4733 460 4795 partu
491 4725 543 4779 in
574 4726 745 4780 lucem
789 4724 1056 4780 ederetur.
1094 4725 1210 4796 Ipse
1241 4742 1468 4797 namque
1494 4737 1598 4794 est,
1629 4727 1717 4798 qui
1745 4744 1777 4783 e

183 4825 334 4873 terra
362 4817 568 4887 virgine
595 4817 864 4886 quondam
893 4817 1141 4871 formavit
1169 4816 1451 4883 Adamum,
1474 4833 1544 4874 ex
1573 4819 1778 4875 Adamo

184 4927 322 4966 vero
362 4912 482 4967 sine
528 4912 755 4966 muliere
800 4912 1079 4987 mulierem
1115 4912 1433 4966 elIormavit.
1459 4911 1608 4967 Sicut
1633 4914 1777 4969 enim

185 5006 303 5060 sine
347 5004 576 5059 muliere
619 5002 842 5074 protulit
880 5005 1160 5060 mulierem
1207 5003 1462 5066 Adamus,
1494 5005 1573 5058 sic
1615 5005 1776 5060 etiam

189 5095 353 5166 Virgo
376 5097 495 5152 sine
521 5096 638 5151 viro
669 5095 941 5151 hominem
991 5091 1149 5152 hodie
1185 5097 1408 5166 peperit.
1439 5095 1612 5151 IIomo
1633 5098 1776 5153 enim

186 5191 511 5260 est,inquit,
561 5199 617 5246 et
659 5191 780 5260 quis
830 5197 1118 5260 cognoscet
1169 5190 1328 5244 eum?
1355 5189 1487 5245 Nam
1527 5191 1777 5259 quoniam

190 5281 496 5336 hominibus
542 5297 711 5351 genus
756 5281 1014 5336 muliebre
1062 5279 1377 5335 beneficium
1408 5280 1658 5348 debebat,
1691 5293 1778 5336 ut-

191 5385 322 5444 pote
348 5373 490 5446 quod
515 5374 684 5429 Adam
711 5375 828 5430 sine
854 5374 1076 5430 muliere
1103 5373 1378 5428 mulierem
1406 5373 1735 5445 produxerat
1760 5391 1775 5428 :

194 5474 477 5534 propterea
516 5465 668 5535 virgo
714 5465 831 5520 sine
870 5464 983 5520 viro
1007 5464 1166 5520 hodie
1197 5466 1423 5535 peperit,
1453 5479 1516 5522 ac
1545 5480 1641 5535 pro
1667 5464 1776 5520 Eva

261 5636 280 5701 ξ
320 5641 456 5701 peg,
561 5635 756 5697 prodiit,
783 5611 1004 5701 natuiom
1025 5637 1230 5696 vincens,
1254 5645 1445 5701 nuptias
1464 5651 1716 5701 superans.

260 5695 338 5755 (α)
369 5695 480 5752 (ita
519 5695 786 5758 sequuntur
817 5698 882 5747 de
925 5695 1252 5749 Iucarnation’e
1285 5699 1458 5752 Christi
1496 5695 1780 5753 concinnata

195 5763 407 5808 utantur
423 5769 452 5808 δ
473 5765 518 5808 s.
544 5757 718 5821 (ἰδέτωο
741 5757 1076 5821 Alexandrino,
1096 5762 1142 5810 in
1168 5759 1287 5812 libro
1320 5762 1377 5811 ad
1404 5766 1621 5827 lleginas.

1358 287 1424 344 IN
1462 288 1792 346 NATALEM
1828 287 2102 346 CHRISTI
2143 290 2326 349 DIEM.

3383 297 3492 359 390

1914 406 2153 464 debitum
2191 409 2289 464 viri
2319 411 2593 480 persolvit.
2625 412 2694 470 Ut
2717 415 2858 470 enim
2885 430 2996 472 non
3023 422 3324 491 superbiret
3351 423 3494 478 Δάας

1915 512 2054 563 mus,
2084 500 2226 569 quod
2247 501 2365 556 sine
2391 502 2612 560 muliere
2639 506 2914 562 mulierem
2935 510 3278 580 protulisset,
3297 511 3495 570 ideirco

1912 597 1967 644 et
1989 591 2179 647 mulier
2197 593 2313 648 sine
2333 595 2446 650 viro
2475 597 2679 666 peperit
2698 598 2890 664 virum,
2917 609 2972 654 ut
2992 601 3232 658 miraculi
3257 617 3500 658 commu—

1912 679 2073 738 nione
2103 693 2306 740 naturze
2333 685 2692 756 aequalitatem
2717 690 3042 747 ostenderet.
3072 691 3203 746 Nam
3232 693 3492 764 quemad-

1910 774 2126 830 modum
2153 777 2220 832 ab
2250 778 2454 834 Adamo
2483 789 2690 836 costam
2719 782 2959 850 abstulit,
2988 793 3042 840 et
3064 784 3328 841 Adamum
3361 786 3488 840 nihil

1910 863 2174 923 imminuit
2206 885 2220 923 :
2251 871 2328 926 sic
2367 881 2421 928 et
2448 873 2501 928 in
2529 873 2748 945 Virgine
2784 876 3078 932 animatum
3129 878 3382 948 templum
3409 879 3478 934 ef-

1908 955 2080 1024 fluxit,
2108 969 2163 1014 et
2189 961 2542 1033 virginitatem
2575 967 2791 1022 minime
2827 968 3009 1023 solvit.
3039 969 3230 1026 Salvus
3255 979 3308 1026 et
3336 970 3478 1025 inco-

1908 1047 2064 1104 lumis
2103 1054 2360 1108 remansit
2405 1055 2565 1110 etiam
2612 1067 2732 1127 post
2773 1068 2935 1114 costa:
2964 1060 3312 1129 privationem
3343 1060 3482 1115 Ada-

1905 1140 2388 1213 mus:incorrupta
2435 1147 2597 1202 etiam
2651 1149 2800 1220 virgo
2846 1151 3160 1218 permansit,
3204 1162 3484 1222 postquam

1904 1229 2079 1287 infans
2104 1248 2167 1288 ex
2197 1249 2258 1290 ea
2288 1235 2504 1306 prodiit.
2533 1238 2736 1296 Idcirco
2773 1251 2952 1298 autem
2992 1259 3098 1300 non
3143 1244 3358 1302 aliunde
3385 1246 3486 1304 sibi

1906 1322 2161 1394 templum
2189 1327 2471 1394 exstruxit,
2503 1344 2675 1401 neque
2696 1332 2839 1388 aliud
2861 1349 3054 1404 corpus
3079 1335 3362 1392 formatum
3403 1337 3486 1392 in-

1902 1413 2036 1483 duit,
2062 1433 2130 1473 ne
2155 1434 2385 1478 massam
2410 1422 2600 1480 Adami
2624 1427 2945 1482 contumelia
2963 1427 3179 1484 afficere
3196 1429 3482 1486 videretur.

1899 1507 2030 1563 Nam
2057 1512 2307 1580 quoniam
2352 1515 2606 1585 deceptus
2633 1517 2817 1586 homo,
2847 1519 3043 1576 diaboli
3074 1521 3486 1578 instrumentum

1900 1599 2068 1656 factus
2091 1611 2224 1670 erat,
2253 1613 2534 1676 propterea
2554 1608 2726 1678 ipsum
2755 1611 2844 1680 qui
2870 1612 3238 1682 supplantatus
3273 1613 3482 1672 fuerat‘

1899 1702 2166 1764 tamquam
2214 1698 2816 1776 animatum_templum
2855 1704 3107 1772 assumit,
3154 1717 3212 1761 ut
3266 1716 3494 1776 propter.

1899 1782 2035 1840 hanc
2061 1801 2180 1840 cum
2209 1803 2306 1844 suo
2331 1767 2616 1847 Conditere
2641 1793 3072 1864 conjunctionem
3103 1795 3275 1865 ipsum
3304 1813 3336 1852 a
3364 1797 3482 1853 dia-

1895 1874 2004 1930 boli
2035 1881 2426 1938 consuetudine
2456 1898 2519 1938 ac
2540 1883 2897 1943 familiaritate
2925 1886 3226 1945 divelleret.
3255 1890 3481 1946 Verum-

1898 1975 2075 2023 tamen
2103 1969 2228 2025 dum
2269 1971 2328 2026 fit
2370 1972 2553 2039 homo,
2583 1991 2690 2031 non
2712 1978 2958 2032 uLhomo
2986 1987 3136 2050 partu
3163 1979 3357 2046 editur,
3386 1981 3498 2039 sed-

1895 2067 1953 2114 ut
1984 2060 2124 2117 Deus
2151 2065 2402 2119 nascitur.
2434 2065 2492 2121 Si
2521 2068 2661 2122 enim
2688 2083 2754 2124 ex
2785 2070 3053 2124 communi
3083 2071 3332 2142 eonjugio
3354 2089 3479 2143 pro-

1892 2149 2082 2207 diisset
2111 2163 2166 2208 ut
2194 2169 2315 2225 ego,
2347 2155 2657 2227 figmentum
2686 2175 2718 2214 a
2747 2161 2904 2230 vulgo
2929 2163 3265 2218 existimatus
3292 2175 3433 2221 esset
3463 2182 3475 2218 :

1887 2240 1999 2311 jam
2027 2259 2158 2299 vero
2184 2244 2384 2302 idcirco
2405 2263 2473 2304 ex
2499 2247 2715 2322 Virgine
2741 2253 2996 2322 nascitur,
3031 2268 3255 2312 nascens
3275 2265 3476 2324 autem,

1892 2343 1947 2389 et
1975 2344 2186 2394 uterum
2213 2338 2474 2396 illibatum
2500 2353 2802 2410 conservat,
2826 2353 2882 2400 et
2909 2345 3280 2402 intemeratam
3311 2348 3476 2420 virgi-

1892 2425 2111 2482 nitatem
2129 2429 2380 2496 custodit,
2402 2442 2460 2487 nt
2489 2433 2768 2490 inusitatus
2791 2436 3030 2508 pariendi
3056 2439 3244 2494 modus
3271 2454 3476 2511 magna:

1891 2519 2021 2602 mihi
2051 2520 2172 2577 fidei
2209 2525 2520 2581 conciliator
2566 2528 2808 2582 exsistat.
2839 2527 2992 2584 Unde
3012 2528 3126 2585 sive
3156 2546 3242 2585 tne
3265 2532 3476 2602 gentilis

1889 2601 2003 2660 sive
2026 2604 2243 2662 Iudaeus
2267 2609 2580 2682 interroget,
2613 2627 2739 2666 num
2766 2611 3010 2669 Christus
3029 2630 3151 2669 cum
3183 2601 3493 2672 secundum.

1889 2707 2130 2753 naturam
2161 2700 2300 2756 Deus
2319 2712 2481 2767 esset,
2506 2703 2668 2758 homo
2693 2716 2886 2776 praeter
2913 2719 3154 2762 naturam
3183 2709 3254 2764 sit
3283 2709 3473 2778 factus,

1887 2781 2082 2851 dicam,
2110 2784 2199 2840 Sic
2224 2795 2308 2842 est
2331 2804 2344 2840 :
2370 2797 2425 2842 et
2463 2798 2654 2844 testem
2701 2791 3009 2847 inviolatum
3053 2793 3372 2864 virginitatis
3393 2797 3470 2853 si-

1885 2874 2072 2944 gillum
2103 2877 2280 2932 citabo
2311 2894 2326 2931 :
2353 2878 2425 2933 ita
2473 2895 2701 2951 namque
2741 2882 2880 2937 Deus
2910 2892 3010 2950 est,
3036 2885 3124 2956 qui
3153 2894 3358 2942 naturae
3386 2900 3474 2942 or-

1885 2964 2064 3022 dinem
2097 2968 2414 3026 vincat:ita
2464 2973 2665 3028 ventris
2712 2983 2795 3029 est
2842 2974 3015 3043 lictor,
3061 2987 3115 3030 et
3155 2976 3473 3046 virginitatis

1885 3059 2153 3128 inventor,
2185 3063 2365 3133 quiet
2412 3064 2809 3122 immaculatmn
2869 3067 3116 3124 habuerit
3183 3071 3485 3126 nativitatis

1886 3151 2127 3220 modum,
2155 3164 2210 3210 et
2249 3156 2591 3214 ineffabiliter
2638 3160 2894 3230 templum
2944 3160 3065 3227 sibi,
3097 3177 3202 3231 quo
3248 3162 3473 3219 voluerit

1884 3243 2064 3312 modo,
2091 3249 2470 3305 construxerit.
2504 3249 2597 3304 Dic
2624 3251 2754 3305 tnihi
2781 3266 2938 3322 ergo,
2963 3252 3164 3317 Judaee,
3195 3256 3472 3324 peperitne

1883 3337 2050 3409 virgo,
2078 3342 2366 3398 annon‘ISi
2417 3343 2561 3398 enim
2614 3345 2838 3414 peperit,
2888 3347 3193 3400 inusitatum
3247 3355 3456 3417 partum

1882 3430 2137 3486 confitere
2164 3449 2176 3482 :
2211 3433 2354 3502 quod
2398 3434 2441 3488 si
2467 3451 2571 3490 non
2602 3437 2826 3505 peperit,
2855 3451 2952 3490 cur
2977 3437 3242 3493 Herodem
3273 3437 3468 3493 fefelli-

1881 3521 1983 3576 sti?
2008 3522 2087 3578 Tu
2109 3524 2252 3578 enim
2281 3525 2379 3594 ipsi
2398 3527 2708 3592 sciscitanti,
2744 3528 2830 3582 ubi
2862 3526 3107 3583 Christus
3132 3541 3465 3596 nasceretur,

1881 3613 2080 3681 dixisti,
2114 3615 2170 3670 In
2201 3616 2472 3673 Bethleem
2497 3618 2714 3675 Iudaeae.
2756 3619 2893 3675 Num
2937 3621 3093 3692 igitur
3137 3637 3236 3693 ego
3280 3638 3468 3693 pagum

1881 3719 2136 3761 noveram
2165 3719 2257 3762 aut
2279 3709 2452 3763 locum
2481 3709 2692 3779 (Matth.
2739 3711 2794 3766 2.
2823 3713 2920 3783 5)?
2947 3728 3072 3768 num
3115 3728 3213 3784 ego
3241 3713 3470 3784 dignita-

1883 3808 1990 3854 tem
2017 3800 2133 3869 ejus
2160 3804 2252 3871 qui
2279 3811 2432 3857 natus
2462 3815 2577 3858 erat
2603 3813 2938 3874 perspectam
2968 3803 3266 3860 habebam?
3291 3821 3470 3861 nonne

1884 3891 2046 3950 Isaias
2091 3894 2257 3964 ipsius
2300 3905 2568 3965 tamquam
2613 3896 2706 3951 Dei
2747 3899 3075 3953 mentionem
3105 3897 3267 3953 fecit?
3297 3897 3472 3952 Poriet

1882 3984 2043 4049 enim,
2075 3985 2263 4054 inquit,
2299 3986 2485 4054 ﬁlium,
2529 3997 2576 4039 et
2615 3989 2861 4041 vocabunt
2885 4004 3075 4043 nomen
3115 3990 3225 4060 ejus
3261 3987 3472 4042 Emma-

1883 4075 2002 4129 nuel
2047 4074 2199 4147 (Isai.
2229 4076 2284 4132 7.
2316 4076 2425 4146 14).
2456 4076 2645 4132 Nonne
2673 4093 2769 4132 vos
2798 4078 3024 4148 improbi
3052 4079 3249 4134 inimici
3275 4079 3471 4133 verita.

1883 4175 1991 4222 tem
2021 4167 2423 4223 introduxistis?
2475 4185 2651 4224 nonne
2694 4185 2789 4224 vos
2818 4171 3007 4225 scribae
3032 4179 3086 4226 et
3110 4169 3362 4224 Pharisaei
3384 4170 3468 4222 tli-

1884 4259 2108 4330 ligentes
2153 4260 2283 4330 legis
2325 4261 2701 4316 observatores
2751 4277 2940 4317 omnes
2983 4278 3070 4317 res
3102 4263 3218 4333 ejus
3249 4278 3346 4319 nos
3369 4264 3487 4319 doo-

1883 4352 2070 4406 cuistis
2095 4349 2312 4423 (Matth.
2339 4353 2393 4416 I,
2425 4351 2836 4423 25)?numquid
2879 4353 3194 4410 Hebraicam
3236 4357 3468 4429 linguam

1885 4459 1983 4499 nos
2033 4444 2328 4499 callemus?
2380 4460 2555 4500 nonne
2607 4461 2702 4500 vos
2769 4447 3072 4516 Scriptor-as
3140 4448 3472 4519 interpretati

1883 4537 2050 4592 estis?
2081 4535 2370 4606 Postquam
2399 4537 2547 4608 virgo
2575 4539 2800 4608 peperit,
2827 4547 2882 4592 et
2922 4547 3206 4609 antequam
3237 4553 3468 4610 pareret,

1885 4645 1951 4685 ne
1980 4629 2250 4685 videretur
2296 4629 2447 4685 locus
2491 4631 2580 4686 ille
2625 4631 2676 4684 in
2719 4631 2944 4700 gratiam
2993 4631 3202 4687 Domini
3241 4636 3470 4703 experti,

1886 4739 2065 4778 nonne
2108 4738 2204 4778 vos
2244 4722 2555 4793 interrogati
2606 4724 2674 4777 ab
2707 4723 2918 4779 llerode
2962 4734 3150 4779 testem
3196 4725 3471 4782 Michmam

1887 4819 2201 4888 prephetam
2243 4818 2559 4888 protulistis,
2584 4827 2641 4872 ut
2667 4831 2971 4872 sermonem
2995 4827 3228 4871 vestrum
3277 4819 3474 4873 confir-

1886 4912 2090 4967 maret?
2118 4911 2182 4965 Et
2208 4923 2262 4965 tu
2287 4911 2452 4977 enim,
2481 4911 2672 4981 inquit,
2701 4909 2957 4964 Bethleem
2994 4909 3174 4961 domus
3217 4908 3469 4979 Eplmttu,

1887 5019 2199 5072 nequaquam
2233 5002 2445 5055 minima
2477 5017 2530 5054 es
2559 5001 2611 5053 in
2631 4999 2940 5070 principibus
2959 4997 3103 5052 Juda
3129 5014 3148 5052 :
3177 5015 3239 5052 ex
3269 5013 3314 5052 te
3340 5003 3473 5056 enim

1886 5097 2013 5150 πίει
2058 5095 2184 5160 dux,
2210 5095 2296 5165 qui
2325 5103 2459 5166 reget
2494 5093 2737 5164 populum
2789 5109 2954 5147 meum
2991 5089 3156 5146 Israel
3203 5092 3387 5162 (Mich.
3417 5096 3471 5150 5.

1884 5185 1940 5252 2;
1972 5187 2160 5240 Matth.
2190 5186 2246 5239 2.
2270 5184 2348 5258 6).
2376 5184 2542 5240 Recte
2561 5183 2703 5238 dixit
2726 5185 3005 5254 preplteta,
3035 5183 3116 5239 Ea:
3135 5194 3202 5239 te.
3228 5185 3302 5239 Ex
3324 5186 3476 5241 vobis

1887 5281 2037 5348 exiit,
2059 5289 2114 5334 et
2141 5279 2193 5333 in
2221 5277 2406 5334 orbem
2438 5286 2699 5332 terrarum
2726 5277 2888 5332 venit.
2915 5277 3016 5346 Qui
3043 5278 3187 5332 enim
3213 5287 3315 5341 est,
3349 5294 3476 5348 pro-

1888 5374 2160 5443 greditur;
2191 5370 2283 5442 qui
2308 5383 2438 5425 veto
2462 5384 2569 5424 non
2599 5379 2700 5434 est,
2724 5379 2956 5435 creatur,
2987 5379 3079 5424 aut
3105 5370 3179 5424 lit.
3201 5372 3271 5424 At
3291 5370 3402 5438 ipse
3419 5379 3473 5422 et

1887 5478 2024 5530 erat,
2052 5477 2108 5521 et
2145 5474 2270 5518 ante
2300 5473 2437 5528 erat,
2466 5472 2521 5516 et
2559 5476 2772 5532 semper
2811 5472 2955 5516 erat:
2979 5461 3073 5516 sed
3103 5470 3220 5517 erat
3255 5458 3469 5526 quidem

1889 5573 2103 5629 semper
2133 5566 2192 5612 ut
2235 5556 2375 5612 Deus
2399 5597 2413 5624 ,
2455 5554 2710 5611 mundum
2760 5555 3065 5626 gubernans
3106 5571 3118 5606 :
3152 5550 3310 5606 hodie
3345 5564 3471 5606 vero

1956 5695 2195 5812 'Inwiteg.
2220 5693 2420 5759 legitur,
2463 5701 2654 5758 propter
2700 5691 2910 5757 idtpsum
2957 5686 3084 5752 quod
3107 5686 3468 5736 instrumentum

1956 5774 1990 5811 ie
2018 5772 2040 5809 ι·
2097 5769 2248 5810 catur.

1892 5774 1990 5814 εδει
2018 5769 2248 5812 t'tttcatur.
