3958 6186
541 304 638 362 ΒΜ

541 418 776 491 prodiit:
810 427 866 473 ut
919 417 1080 472 homo
1121 415 1372 486 papulum
1430 413 1600 485 regit,
1657 423 1716 474 nt
1758 413 1901 477 Deus
1946 421 2123 482 autem

540 499 724 565 orbem
779 519 1041 564 terrarum
1090 508 1292 562 salvum
1345 504 1487 562 fecit.
1517 504 1561 561 Ο
1600 504 1859 576 benignos
1901 503 2120 568 hostes!

539 617 573 657 ο
624 601 893 656 modestos
941 614 1005 655 ac
1055 599 1213 673 mites
1267 608 1639 665 accusatores,
1688 598 1777 668 qui
1831 607 2013 652 natum
2071 598 2124 651 in

539 692 810 770 Bethleem
886 691 1055 768 Deum
1133 705 1254 746 esse
1333 689 1699 760 imprudentes
1762 690 2119 745 indicarunt:

535 787 623 857 qui
651 786 900 849 latentem
928 787 978 846 in
1009 785 1270 856 prmsepio
1301 784 1582 839 Dominum
1613 793 1794 839 notum
1838 783 2116 851 fecerunt,

534 878 625 947 qui
644 879 908 946 jacentem
934 877 984 930 in
1009 878 1261 947 spelunca
1286 875 1435 930 Inviti
1459 875 1778 940 indicarunt,
1797 873 2124 931 ethenellcio

534 971 780 1028 nolentes
805 985 900 1026 sua
929 981 1117 1041 sponte
1143 984 1240 1025 nos
1278 967 1605 1032 affecerunt,
1635 967 1969 1032 revelarunt,
2000 981 2120 1022 cum

534 1063 803 1118 occultare
840 1062 1203 1118 conarentur!
1260 1057 1422 1115 Vides
1476 1059 1751 1129 imperitos
1795 1058 2123 1129 magistros?

534 1157 662 1224 Quae
683 1155 878 1212 docent
909 1156 1008 1226 ipsi
1035 1143 1323 1210 nesciunt':
1353 1152 1493 1207 fame
1516 1151 1740 1207 confecti
1771 1151 2028 1218 nutriunt,
2052 1152 2121 1205 si-

533 1249 734 1304 tientes
755 1257 934 1320 potum
961 1246 1199 1316 prtrbent
1217 1287 1232 1312 ,
1262 1253 1497 1316 egestate
1520 1244 1688 1314 pressi
1714 1244 1901 1298 ditant.
1932 1243 2120 1298 Venite

533 1325 690 1412 igitur
722 1381 738 1405 ,
783 1340 974 1394 festum
1001 1353 1220 1410 agamus
1241 1379 1256 1404 ,
1286 1338 1486 1398 venite.
1518 1337 1920 1392 'solemnitatem
1978 1337 2120 1391 cele-

531 1415 766 1487 breuius.
797 1431 1082 1502 Inusitatus
1107 1429 1250 1504 enim
1278 1438 1360 1484 est
1387 1428 1686 1484 festivitatis
1712 1427 1922 1496 modus,
1953 1443 2121 1499 quan-

530 1509 815 1601 doquidem
853 1508 906 1580 et
935 1522 1262 1578 incredibilis
1293 1532 1377 1577 est
1403 1536 1580 1576 sermo
1610 1521 1919 1576 nativitatis.
1951 1521 2118 1578 Hodie

531 1631 759 1686 namque
789 1624 940 1694 vetus
963 1615 1195 1669 solutum
1225 1621 1309 1668 est
1336 1611 1626 1688 vinculum,
1659 1611 1904 1667 diabolus
1932 1612 2119 1668 eonfu-

529 1730 623 1790 sus
651 1722 753 1780 est,
793 1712 1066 1767 daemones
1109 1710 1470 1788 aufugerunt,
1503 1710 1773 1773 destructa
1810 1707 1956 1764 mors
1997 1716 2114 1774 est,

529 1805 804 1875 paradisus
831 1812 1097 1883 reseratus
1127 1845 1142 1886 τ
1173 1803 1478 1879 maledictio
1507 1802 1680 1858 deleta
1705 1811 1804 1868 est,
1839 1809 2116 1872 peccatum

529 1917 559 1965 ιε
591 1898 765 1953 medio
793 1897 1058 1974 sublatum
1085 1907 1187 1963 est,
1217 1898 1488 1973 ablegatus
1513 1906 1595 1972 est
1615 1912 1786 1970 error,
1812 1897 2006 1952 veritas
2031 1910 2117 1950 re-

527 1987 625 2044 diit
644 2031 659 2052 ,
691 1997 745 2064 et
771 1988 980 2064 pietatis
1018 2003 1196 2044 sermo
1227 1975 1572 2058 undequaque
1599 1987 1974 2043 disseminatus
2003 1997 2112 2054 est,

527 2091 582 2161 et
613 2067 889 2137 cucurrit:
921 2083 1255 2160 conversatio
1304 2082 1535 2156 catillum
1583 2082 1634 2135 in
1681 2083 1837 2137 terris
1885 2081 2115 2151 plantata

529 2185 610 2229 cst
638 2191 650 2227 :
679 2174 850 2252 angeli
876 2188 998 2252 cum
1049 2173 1355 2230 hominibus
1387 2173 1823 2240 communicant,
1853 2172 2114 2252 homines

528 2252 648 2348 cum
679 2249 889 2339 angelis.
920 2268 1182 2343 intrepide
1220 2269 1616 2347 colloquuntur.
1653 2267 1790 2336 Quid
1823 2249 1929 2322 ita?
1967 2268 2114 2338 Quo-

527 2365 669 2441 niam
699 2363 839 2418 Deus
864 2363 916 2418 in
945 2373 1142 2438 terram
1175 2363 1350 2428 venit,
1395 2373 1450 2417 et
1476 2362 1634 2417 homo
1665 2363 1717 2418 in
1747 2361 1936 2417 cmlum
1957 2376 2114 2428 ,_om-

527 2456 613 2518 nia
645 2455 842 2526 passim
869 2455 1156 2530 commixta
1183 2465 1329 2509 sunt.
1361 2453 1519 2530 Venit
1542 2453 1682 2508 enim
1707 2453 1757 2508 in
1788 2463 1927 2529 terra
1947 2496 1961 2521 ,
1993 2470 2113 2518 cum

526 2533 668 2623 totus
699 2531 750 2600 in
779 2533 912 2616 caelo
940 2546 1009 2600 sit
1039 2565 1050 2602 :
1079 2529 1310 2616 cumque
1339 2554 1481 2602 totus
1508 2545 1559 2599 in
1589 2545 1719 2600 caelo
1743 2546 1833 2611 sit,
1865 2554 2004 2604 totus
2035 2555 2117 2613 est

524 2640 576 2693 in
608 2649 768 2692 terra.
801 2636 935 2692 Cum
971 2646 1114 2692 esset
1149 2637 1289 2692 Deus
1312 2677 1325 2704 ,
1357 2635 1528 2692 factus
1553 2647 1634 2690 est
1657 2636 1817 2690 homo
1840 2677 1852 2700 ,
1881 2651 1987 2693 non
2017 2652 2113 2692 ne-

521 2715 656 2800 gans
682 2745 741 2784 se
767 2730 931 2784 Deum
959 2744 1078 2784 esse
1112 2747 1126 2784 :
1157 2744 1278 2784 cum
1310 2736 1457 2784 esset
1504 2728 1734 2784 Verbum
1781 2729 2072 2799 impatibile
2095 2771 2111 2796 ,

523 2823 694 2876 factus
721 2829 803 2876 est
827 2835 954 2875 caro
984 2838 997 2873 :
1031 2827 1090 2875 ut
1114 2819 1378 2876 habitaret
1398 2821 1449 2875 in
1474 2821 1626 2876 nobis
1652 2835 1778 2876 caro
1810 2820 1979 2876 factus
2009 2829 2109 2876 est.

523 2913 666 2988 Deus
689 2912 830 2968 enim
862 2912 1034 2968 factus
1079 2928 1186 2969 non
1209 2923 1290 2968 est
1313 2953 1329 2979 ,
1371 2912 1466 2968 sed
1491 2921 1625 2968 erat.
1669 2913 1960 2983 PrOpterea
1987 2927 2114 2969 caro

523 3006 692 3082 factus
721 3014 804 3073 est
825 3048 838 3072 ,
871 3015 926 3060 ut
954 3022 1111 3078 quem
1137 3006 1325 3062 cmlum
1356 3021 1458 3061 non
1488 3006 1750 3076 capiebat,
1785 3007 1942 3062 hodie
1973 3022 2110 3077 pra:-

521 3100 728 3178 sepium
757 3101 1070 3170 susciperet.
1102 3100 1390 3171 Pr0pterea
1417 3101 1632 3171 ponitur
1661 3100 1713 3154 in
1748 3101 2027 3170 praesepio,
2057 3110 2115 3156 ut

521 3192 568 3258 is
598 3207 628 3246 a
655 3207 760 3262 quo
785 3192 1090 3269 nutriuntur
1119 3193 1296 3253 omnia
1321 3191 1530 3262 pueruli
1556 3192 1866 3246 alimentum
1892 3207 1923 3246 a
1950 3191 2110 3262 virgi-

520 3300 590 3363 ne
617 3271 798 3363 matre
840 3271 1084 3355 accipiat.
1137 3283 1424 3354 Propterea
1463 3282 1762 3338 futurorum
1791 3283 2108 3338 saeculorum

521 3377 680 3444 Pater
725 3385 992 3446 tamquam
1032 3377 1098 3432 ab
1146 3375 1312 3431 ubere
1351 3375 1591 3445 pendens
1627 3373 1800 3432 infans
1847 3374 2113 3444 virgineas

521 3468 742 3534 minime
771 3467 965 3538 refugit
998 3469 1186 3534 ulnas,
1233 3476 1290 3522 ut
1313 3467 1486 3538 magis
1520 3480 1738 3533 accessu
1791 3465 1957 3520 facilis
1997 3465 2109 3520 fiat.

520 3561 792 3634 Siquidem
819 3570 873 3615 et
903 3561 1061 3634 hodie
1085 3560 1218 3631 magi
1245 3559 1598 3626 advenerunt,
1628 3566 1683 3613 et
1708 3567 1990 3630 tyrannum
2011 3556 2111 3611 ab-

521 3639 749 3730 negandi
790 3654 997 3730 initium
1039 3653 1317 3722 fecerunt,
1360 3660 1415 3707 et
1441 3651 1630 3706 caelum
1661 3650 1948 3722 gloriatur,
1984 3648 2110 3703 dum

521 3764 616 3822 per
645 3748 851 3820 stellam
885 3745 1176 3824 Dominum.
1193 3760 1345 3799 suum
1373 3742 1571 3798 indicat
1595 3783 1609 3810 ,
1647 3751 1702 3811 et
1728 3756 1890 3809 super
1916 3741 2109 3796 nubem

520 3841 691 3918 levem
732 3841 974 3914 corporis
1003 3840 1085 3894 sui
1117 3839 1315 3912 sed-ens.
1354 3837 1608 3914 Dominus
1635 3837 1804 3900 currit
1847 3837 1898 3891 in
1945 3834 2110 3907 Εεν-

519 3944 670 4006 ptum
701 3951 714 3989 :
745 3944 798 3989 et
824 3933 1004 4006 fugere
1033 3932 1246 4006 quidem
1282 3930 1508 4006 Herodis
1533 3929 1741 3985 videtur
1767 3929 1984 3984 insidias
2006 3971 2022 3995 ,
2051 3945 2112 3984 re

518 4036 696 4095 autem
735 4041 858 4094 vera
890 4025 1032 4098 quod
1071 4025 1138 4081 ab
1174 4025 1308 4095 Isaia
1352 4023 1552 4097 dictum
1599 4021 1772 4099 fuerat
1811 4021 2110 4092 adimplet:

525 4131 545 4163 ι
570 4113 860 4186 Eritenim,
887 4133 904 4164 ι
934 4112 1122 4186 inquit,
1147 4129 1168 4184 ι
1191 4110 1241 4164 in
1269 4109 1356 4184 die
1379 4109 1466 4182 illa
1485 4107 1646 4184 Israel
1663 4108 1914 4161 tertiusin
1941 4107 2110 4180 Assy-

518 4207 613 4273 riis
637 4248 652 4272 ,
684 4216 738 4261 et
765 4207 816 4260 in
848 4205 1115 4278 Egyptiis
1141 4204 1455 4268 benedictus
1483 4203 1585 4257 erit
1615 4200 1842 4277 populus
1877 4215 2030 4255 meus
2058 4200 2110 4253 in

521 4313 701 4376 terra,
749 4279 908 4372 quam
951 4297 1225 4374 benedixit
1269 4295 1527 4367 Dominus
1564 4292 1838 4359 Sabaoth,
1883 4290 2108 4365 dicens:

519 4391 840 4446 Benedictus
866 4391 970 4446 erit
997 4390 1222 4464 papulus
1264 4403 1415 4460 meus
1445 4387 1535 4464 qui
1563 4390 1616 4438 in
1647 4383 1883 4455 Atlgypto
1929 4393 1983 4456 et
2021 4383 2110 4458 qui

521 4488 571 4538 in
602 4482 836 4551 Assyriis
865 4492 917 4535 et
941 4483 1030 4550 qui
1057 4481 1108 4534 in
1139 4478 1298 4534 Israel
1327 4497 1346 4550 ι
1378 4478 1397 4550 (
1425 4476 1552 4531 Isai.
1585 4476 1672 4531 i9.
1700 4476 1792 4531 24.
1817 4475 1940 4546 '25).
1973 4474 2109 4541 Quid

519 4579 642 4648 ais,
690 4576 916 4651 ludive?
965 4576 1052 4644 qui
1104 4576 1306 4644 primus
1341 4589 1502 4644 cras,
1550 4574 1739 4646 tertius
1791 4572 1961 4627 factus
2010 4571 2114 4630 es?

521 4671 758 4745 .Egyptii
785 4679 840 4740 et
865 4670 1065 4741 Assyrii
1099 4668 1192 4738 tibi
1218 4667 1436 4722 antelati
1467 4675 1612 4731 sunt,
1643 4673 1698 4720 et
1727 4664 2109 4735 priinogcnitus

520 4767 683 4838 Israel
713 4780 936 4821 numero
966 4762 1228 4834 posterior
1265 4760 1390 4815 est?
1437 4760 1510 4814 Ita
1542 4768 1625 4814 est
1660 4777 1672 4813 :
1704 4758 1898 4833 merito
1943 4758 2111 4828 Assy-

522 4866 586 4918 rii
617 4863 774 4933 primi
801 4870 956 4924 erunt
991 4879 1004 4916 :
1032 4855 1461 4929 quandoquidem
1486 4864 1540 4910 et
1561 4853 1660 4924 ipsi
1691 4852 1844 4923 primi
1873 4866 1969 4924 per
1995 4868 2111 4906 ma-

522 4974 618 5024 gos
653 4971 774 5010 eum
817 4954 1214 5018 adoraverunt:
1245 4949 1481 5020 AEgyptii
1519 4962 1648 5002 vero
1673 4955 1792 5016 post
1825 4946 2074 5017 Assyrios
2097 4987 2110 5012 ,

523 5047 960 5117 quandoquidem
983 5046 1154 5114 ipsum
1179 5041 1406 5112 Herodis
1423 5039 1639 5096 insidias
1657 5039 1945 5110 fugientem
1966 5053 2114 5094 exce-

524 5147 753 5209 perunt;
786 5147 1060 5206 postremo
1085 5152 1212 5191 vero
1240 5136 1358 5189 loco
1387 5144 1696 5188 numeratur
1728 5131 1912 5199 Israel,
1941 5147 2114 5202 quan-

524 5227 811 5298 doquidem
837 5236 956 5296 post
976 5241 1252 5297 ascensum
1282 5226 1397 5295 ejus
1418 5241 1484 5302 ex
1508 5224 1742 5290 Jordane
1765 5233 1872 5300 tum
1899 5223 2113 5297 demum

525 5339 627 5394 per.
655 5319 926 5392 apostolos
953 5334 1072 5383 eum
1099 5329 1456 5388 agnoverunt.
1501 5317 1778 5388 Ingressus
1815 5324 1897 5394 est
1937 5326 2115 5372 autem

525 5416 819 5489 Egyptmn
844 5456 860 5482 ,
904 5411 1215 5468 concutiens
1241 5410 1455 5481 Egypii
1484 5409 1780 5465 mannfacta
1803 5451 1817 5474 ,
1851 5425 1956 5478 non
1980 5423 2116 5480 quo-

527 5527 634 5582 quo
662 5509 855 5576 modo,
887 5506 981 5562 sed
1015 5513 1288 5576 postquam
1317 5501 1532 5573 Egypti
1567 5502 1826 5571 vestibula
1861 5501 2123 5578 conclusit

525 5606 744 5676 inte-ritu
793 5599 1268 5673 primogenitorum
1322 5593 1485 5667 (Isai.
1541 5594 1630 5648 19.
1687 5595 1774 5663 t).
1830 5593 2118 5664 Propterea

529 5676 799 5767 tamquam
821 5680 1209 5766 primogenitus
1233 5688 1392 5744 hodie
1417 5688 1689 5758 ingressus
1709 5695 1792 5741 est
1817 5695 1872 5740 ut
1889 5687 2120 5764 antiqua:

534 5789 804 5869 utmstitiae
850 5790 1049 5845 luctum
1089 5785 1337 5843 solveret.
1385 5778 1802 5850 Primogenituin
1848 5795 1974 5835 vero
2017 5779 2124 5860 dici

1275 297 1332 352 S.
1370 293 1661 364 JOA’NNIS.
1689 295 2176 358 CIIRYSOSTOMI
2228 303 2548 360 AliCIIIEP.
2591 300 3130 358 CONSTANTINOP.

2239 411 2507 481 Christum
2541 426 2763 474 testatur
2789 420 2948 478 hodie
2977 423 3142 480 Lucas
3162 429 3453 499 evangelista
3478 449 3578 495 cum
3598 439 3712 498 dicit:

2233 505 2299 560 Et
2327 511 2516 579 peperit
2535 510 2700 580 ﬁlium
2724 530 2873 568 suum
2897 517 3290 587 primogenitum,
3315 533 3357 575 et
3381 528 3537 592 pannis
3559 529 3715 588 involvit

2230 616 2342 654 eum
2362 641 2376 664 ,
2409 611 2456 655 et
2480 603 2740 660 reclinavit
2766 622 2880 660 eum
2915 608 2969 660 in
3013 610 3286 678 praecpio,
3321 614 3429 682 quia
3451 632 3538 671 non
3563 633 3646 673 erat
3667 628 3718 680 eis

2231 691 2370 748 locus
2413 693 2468 748 in
2512 694 2784 750 diversorio
2820 696 3036 766 (ικαὶ.
3060 699 3152 768 7).
3201 699 3453 772 Ingressus
3493 717 3564 762 est
3602 712 3718 780 igitur

2231 783 2520 856 Egyptum
2548 797 2606 841 ut
2632 788 2863 858 antiqute
2899 791 3166 846 maestitia:
3201 793 3388 848 luctum
3425 798 3623 856 solveret
3649 823 3661 856 :
3685 818 3722 860 et

2230 876 2499 947 plagarum
2542 878 2659 933 loco
2687 880 2937 950 gaudium
2964 881 3161 936 invexit
3184 925 3198 947 ,
3228 894 3276 938 et
3305 883 3412 941 loco
3436 891 3584 943 noctis
3604 903 3723 964 atque

2228 967 2568 1024 tenebrarum
2600 970 2781 1025 lumen
2824 971 3010 1027 salutis
3039 971 3254 1043 largitus
3286 984 3380 1030 est.
3421 975 3722 1037 Contaminata

2229 1067 2355 1114 tunc
2386 1058 2483 1115 fuit
2521 1075 2658 1131 aqua
2701 1061 2935 1118 ﬂuminis
2980 1063 3277 1120 immaturae
3316 1068 3474 1124 relatis
3505 1071 3724 1128 infantium

2224 1149 2394 1206 cmde.
2435 1150 2705 1221 Ingressus
2731 1163 2814 1209 est
2840 1155 2998 1226 igitur
3027 1156 3078 1209 in
3107 1154 3384 1227 [Egyptum
3411 1159 3451 1213 is
3481 1163 3562 1230 qui
3580 1177 3723 1233 aquam

2225 1242 2439 1296 rttbram
2475 1243 2814 1309 reddiderat,
2846 1253 2902 1301 et
2931 1244 3160 1301 ﬂuminis
3185 1247 3393 1306 ﬂuentis
3416 1251 3511 1305 vim
3535 1253 3725 1323 gignendi

2224 1333 2450 1387 Salutem
2501 1335 2729 1402 indidit,
2775 1350 3069 1406 eormnque
3117 1338 3459 1407 impuritatem
3500 1357 3554 1397 ac
3585 1344 3726 1400 sordes

2225 1426 2454 1496 Spiritus
2484 1430 2679 1484 virtute
2702 1430 2990 1499 purgavit‘.
3014 1429 3210 1486 Afﬂicti
3231 1429 3437 1486 fuerunt
3455 1432 3670 1507 Egyptii,
3690 1449 3728 1492 et

2227 1519 2408 1575 furore
2429 1521 2662 1591 correpti
2684 1521 2849 1576 Deum
2871 1522 3223 1594 abnegarunt.
3250 1521 3505 1594 Ingressus
3526 1535 3596 1580 est
3612 1527 3728 1597 igitur

2226 1613 2278 1666 in
2302 1612 2591 1683 Egyptum
2615 1656 2630 1680 ,
2673 1613 2948 1683 religiosas
2973 1616 3178 1670 animas
3209 1616 3497 1686 cognitione
3522 1617 3599 1672 Dei
3617 1633 3729 1673 com-

2221 1704 2373 1772 plens
2397 1745 2410 1768 ,
2444 1703 2621 1759 eﬂ‘ecit
2649 1713 2705 1759 ut
2741 1705 2934 1760 ﬂumen
2969 1704 3308 1761 fecundiores
3341 1707 3490 1777 Spicis
3527 1720 3728 1780 martyres

2220 1795 2408 1851 aleret.
2433 1794 2536 1851 Sed
2561 1805 2778 1866 propter
2800 1797 3073 1868 angustias
3095 1798 3351 1868 temporis
3375 1797 3471 1854 hoc
3489 1800 3592 1855 loco
3612 1804 3730 1856 statui

2221 1879 2380 1940 linem
2411 1885 2590 1942 facere
2613 1886 2843 1956 dicendi,
2873 1887 3016 1957 quod
3037 1888 3300 1958 reliquum
3322 1899 3402 1945 est
3430 1891 3602 1960 negotii
3621 1892 3730 1944 vobis

2220 1979 2272 2032 in
2301 1977 2442 2034 diem
2467 1989 2779 2049 sequentem
2811 1988 3184 2034 reservaturus
3208 1999 3220 2034 :
3256 1981 3342 2034 hic
3365 1990 3530 2036 autem
3553 1983 3730 2036 orationi

2220 2069 2382 2125 ﬁnem
2411 2069 2702 2141 imponam,
2734 2070 2822 2125 ubi
2851 2069 2954 2125 hoc
2981 2070 3292 2141 explevero,
3324 2086 3426 2142 quo
3452 2082 3588 2141 pacto
3611 2074 3730 2126 nimi-

2219 2178 2336 2216 rum
2361 2205 2375 2226 ,
2421 2177 2544 2217 cum
2575 2163 2869 2234 impatibile
2893 2163 3126 2218 Verbum
3153 2171 3332 2231 esset,
3359 2179 3477 2220 caro
3503 2163 3667 2219 factum
3685 2166 3732 2219 sit

2219 2256 2494 2310 immutata
2523 2265 2774 2312 manente
2811 2267 3018 2311 natura.
3049 2255 3190 2323 Quid
3217 2257 3386 2312 dicam
3405 2297 3420 2319 ,
3447 2267 3530 2312 aut
3555 2257 3656 2327 quid
3676 2259 3731 2310 lo-

2217 2348 2395 2418 quar?
2423 2347 2655 2402 Fabrum
2687 2356 2741 2403 et
2767 2362 3005 2419 przesepe
3032 2347 3191 2402 video
3219 2357 3273 2403 et
3301 2347 3571 2414 infantem,
3599 2359 3643 2403 et
3665 2363 3731 2404 cu-

2219 2455 2406 2494 narum
2437 2439 2661 2505 fascias,
2697 2449 2752 2494 et
2777 2440 2996 2511 virginis
3027 2449 3240 2510 partum
3284 2440 3438 2496 rebus
3482 2443 3734 2497 necessariis

2218 2533 2549 2598 destitutum,
2577 2533 2756 2587 omnia
2781 2541 3019 2604 egestate
3042 2548 3254 2604 pressa,
3286 2535 3458 2590 omnia
3486 2533 3621 2605 plena
3641 2548 3735 2604 pati-

2219 2628 2456 2697 pertatis.
2490 2626 2676 2682 Vidisti
2704 2626 2912 2682 divitias
2935 2628 2989 2682 in
3010 2630 3186 2683 multa
3203 2629 3638 2700 paupertate?quo
3657 2641 3738 2680 mo-

2217 2721 2285 2776 do
2310 2737 2430 2777 cum
2455 2720 2605 2777 dives
2629 2728 2791 2788 esset,
2828 2735 3027 2792 egenus
3053 2730 3137 2777 est
3175 2731 3360 2778 nostra
3395 2737 3542 2778 causa
3577 2719 3738 2776 factus?

2217 2831 2322 2886 quo
2351 2814 2510 2870 modo
2543 2830 2716 2886 neque
2757 2815 2949 2870 lectum
2975 2854 2990 2880 ,
3037 2829 3219 2886 neque
3265 2815 3542 2886 stragulum
3572 2813 3738 2873 habuit.

2216 2907 2310 2963 sed
2339 2909 2390 2962 in
2419 2907 2564 2964 nudo
2586 2907 2812 2979 praesepi
2842 2915 2958 2963 erat
2989 2907 3309 2977 projectus?
3349 2906 3392 2963 Ο
3420 2914 3738 2978 paupertatem,

2215 2999 2523 3054 divitiarum
2554 3000 2753 3054 fontem
2777 3001 2790 3054 ε
2823 3013 2856 3053 o
2883 2997 3098 3055 divitias
3127 2999 3450 3065 immensas,
3479 2996 3742 3068 paupertatis

2216 3091 2451 3162 Speciem
2482 3106 2591 3160 pra:
2610 3105 2670 3146 se
2695 3089 2930 3150 ferentes
2955 3093 2968 3145 ε
2999 3090 3058 3146 In
3089 3091 3325 3162 praisepi
3347 3091 3514 3162 jacet,
3542 3099 3587 3143 et
3604 3087 3740 3141 orbein

2220 3194 2483 3240 terrarum
2526 3184 2803 3249 concutit;
2849 3183 3028 3238 fasciis
3078 3198 3348 3239 cunarum
3395 3181 3672 3243 involvitur,
3707 3188 3746 3232 et

2216 3276 2420 3347 peccati
2447 3275 2656 3330 vincula
2684 3274 3004 3346 disrumpit;
3041 3276 3293 3330 nondum
3317 3276 3369 3331 in
3403 3289 3566 3330 vocem
3589 3272 3742 3326 articu-

2216 3368 2376 3423 laiam
2404 3369 2617 3439 erupit,
2652 3375 2709 3423 et
2735 3382 2916 3438 magos
2941 3367 3153 3423 edocuit
3185 3410 3201 3437 ,
3233 3378 3290 3423 et
3314 3367 3379 3423 ad
3408 3364 3746 3422 conversionem

2214 3463 2524 3518 commovit.
2559 3460 2696 3529 Quid
2721 3459 2917 3526 dicam,
2945 3469 3037 3514 aut
3057 3460 3192 3530 quid
3223 3459 3444 3530 loquar?
3469 3459 3591 3512 Ecce
3616 3453 3747 3508 infans

2216 3558 2394 3613 fasciis
2417 3556 2727 3623 involvitur,
2755 3565 2809 3611 et
2838 3555 2890 3609 itt
2914 3556 3140 3626 praesepi
3158 3555 3314 3625 jacet
3343 3572 3357 3608 :
3385 3552 3528 3608 adest
3549 3554 3751 3605 autemet

2215 3653 2378 3708 Maria
2408 3665 2526 3722 qua)
2566 3649 2720 3721 virgo
2762 3658 2817 3704 et
2851 3659 3023 3703 mater
3049 3657 3131 3702 est
3163 3664 3183 3700 :
3229 3647 3416 3702 aderat
3439 3647 3659 3698 autemet
3680 3636 3747 3692 Jo-

2214 3745 2369 3817 seph,
2400 3745 2491 3815 qui
2523 3753 2674 3815 pater
2701 3743 3020 3813 appellatur.
3054 3741 3148 3795 llic
3185 3742 3270 3796 vir
3301 3740 3522 3804 dicitur,
3551 3737 3627 3790 illa
3653 3746 3751 3786 tutor

2214 3849 2440 3894 vocatur
2468 3857 2480 3892 :
2515 3837 2750 3908 legitima
2778 3844 2902 3892 sont
2931 3834 3142 3890 nomina
3169 3833 3510 3905 copulatione
3531 3827 3746 3883 destituta.

2216 3931 2515 3986 Verborum
2542 3939 2698 3984 tenus
2720 3928 2835 3983 haec
2851 3927 2978 3982 milii
3003 3926 3268 3995 intellige,
3299 3939 3404 3978 non
3429 3935 3593 3977 rerum
3616 3926 3750 3971 tenus.

2220 4026 2314 4084 Hic
2341 4025 2511 4080 solum
2539 4023 2904 4093 desponsavit,
2937 4029 2991 4074 et
3019 4019 3258 4088 Spiritus
3285 4027 3495 4073 sanctus
3522 4009 3751 4068 obumbra-

2215 4121 2293 4176 vit
2315 4121 2364 4175 ei
2396 4137 2408 4171 :
2443 4117 2584 4174 unde
2613 4117 2861 4172 dubitans
2881 4114 3080 4183 Joseph
3104 4155 3119 4180 ,
3161 4112 3298 4185 quid
3323 4110 3600 4182 appellaret
3625 4104 3754 4158 inlau-

2223 4223 2329 4268 tein
2362 4211 2654 4267 nesciebat.
2689 4209 2765 4263 Ex
2787 4206 3048 4262 adulterio
3076 4214 3269 4260 natum
3295 4204 3474 4258 dicere
3499 4201 3650 4271 ipsum
3674 4208 3752 4247 non

2216 4304 2464 4370 audebat,
2487 4301 2799 4372 probrosum
2817 4298 2870 4353 in
2899 4297 3156 4367 virginem
3177 4296 3365 4365 jacere
3385 4302 3659 4349 sermonem
3677 4297 3753 4337 non

2219 4405 2445 4467 poterat,
2483 4394 2648 4449 lilium
2681 4393 2853 4461 ipsum
2880 4389 3062 4444 dicere
3087 4401 3251 4442 suum
3283 4383 3605 4455 refugiebat:
3629 4374 3756 4447 probe

2158 4541 2201 4564 κ
2223 4502 2451 4557 namque
2476 4485 2678 4540 sciebat
2697 4483 2797 4536 sibi
2827 4482 3062 4552 ignotum
3084 4493 3234 4544 esse,
3264 4492 3374 4548 quo
3402 4483 3570 4564 pacto,
3593 4468 3663 4524 vel
3681 4480 3756 4564 un-

2218 4581 2286 4636 de
2315 4579 2487 4634 infans
2508 4585 2664 4641 natus
2682 4580 2828 4629 esset
2861 4589 2875 4626 :
2907 4585 3064 4642 quam
3089 4570 3158 4625 ob
3185 4583 3411 4625 causam
3439 4567 3510 4621 illi
3537 4563 3598 4619 de
3622 4577 3670 4615 re
3684 4558 3756 4610 dti-

2223 4645 2412 4729 bitant‘i
2434 4710 2448 4735 ,
2479 4668 2548 4739 de
2573 4666 2705 4742 ctelo
2733 4663 3010 4731 oraculum
3057 4661 3234 4732 angeli
3267 4675 3400 4715 voce
3426 4658 3634 4713 delatum
3658 4657 3752 4742 est:

2228 4764 2356 4819 Noli
2381 4740 2792 4832 timcrc,‘Joseph
2820 4773 2838 4811 :
2865 4744 3008 4828 quod
3028 4757 3159 4810 enim
3183 4769 3252 4809 ea:
3277 4771 3339 4807 ea
3363 4752 3574 4823 genitum
3599 4753 3657 4798 est
3675 4782 3688 4807 ,
3711 4740 3757 4790 de

2226 4856 2425 4927 Spiritu
2448 4863 2621 4908 sancto
2647 4862 2718 4921 est
2741 4848 2966 4924 (Matth.
3000 4849 3051 4902 1.
3076 4847 3146 4906 20
3163 4847 3206 4917 ).
3256 4844 3487 4915 Spiritus
3514 4837 3638 4894 enim
3659 4845 3754 4928 san:

2225 4957 2344 5003 ctus
2369 4945 2558 5016 virgini
2585 4942 2937 5010 obumbravit.
2967 4939 3141 5014 Quare
3167 4951 3303 4992 vero
3325 4952 3392 4991 ex
3415 4933 3604 5003 virgine
3625 4936 3757 5016 naso-

2226 5049 2346 5107 tur',
2373 5048 2428 5095 ct
2455 5013 2812 5107 virginitatem
2845 5013 3103 5103 illibatam
3125 5029 3358 5083 servat?
3383 5025 3514 5094 Quia
3541 5013 3754 5092 quondam

2224 5135 2480 5206 virginem
2513 5132 2677 5188 Evam
2704 5127 2915 5199 decepit
2941 5123 3186 5180 diabolus
3207 5163 3222 5188 ,
3256 5120 3459 5195 idcirco
3479 5115 3540 5171 ad
3565 5108 3752 5206 Mariam:

2224 5192 2344 5298 qut;
2371 5227 2518 5296 virgo
2543 5231 2679 5289 erat,
2708 5192 2918 5276 felicem
2946 5216 3187 5286 nuntium
3216 5192 3445 5270 Gabriel
3469 5205 3653 5263 detulit.
3676 5192 3750 5250 Sed

2225 5321 2443 5388 decepta
2472 5315 2687 5386 quidem
2718 5313 2826 5366 Eva
2858 5309 3065 5382 peperit
3094 5305 3322 5361 verbum
3349 5347 3364 5368 ,
3403 5301 3537 5373 quod
3578 5301 3750 5388 mollem

2227 5383 2402 5466 intulit
2433 5427 2445 5462 :
2474 5383 2530 5463 at
2556 5406 2760 5462 felicem
2805 5402 3047 5476 nuntium
3074 5397 3347 5476 accipiens
3384 5393 3540 5462 Maria
3575 5383 3749 5476 Vcrbtlﬂ‘

2229 5506 2279 5559 in
2305 5516 2464 5557 carne
2483 5499 2685 5571 genuit,
2714 5495 2855 5567 quod
2881 5474 3042 5550 vitam
3073 5474 3227 5546 nobis
3253 5499 3504 5545 aeternam
3539 5474 3747 5536 conciliat.

2230 5597 2463 5652 Verbum
2505 5593 2632 5648 Eva:
2663 5591 2864 5662 lignum
2907 5585 3157 5654 indicavit
3177 5625 3194 5652 ,
3229 5599 3329 5654 per
3356 5579 3507 5649 quod;
3532 5576 3699 5641 lignum
3729 5576 3754 5636 ς

2297 5783 2310 5813 ¹
2349 5785 2487 5844 tieg.,
2515 5775 2670 5836 unxit,
2695 5785 2797 5853 pro,
2814 5767 3051 5842 purgavit.
