4050 6198
369 269 467 326 39!

369 386 460 441 16v
474 380 718 452 ’κόσμον-
749 383 989 456 σήμερον
1020 379 1094 461 δὲ⁴
1117 378 1403 450 προῆλθεν,
1435 380 1510 443 ὡς
1537 379 1822 449 ἄνθρωπος
1850 375 1950 447 μέν

370 471 464 524 16v
511 470 640 523 λαὸν
679 467 1004 539 ποιμαίνων,
1053 464 1129 530 ώς
1183 464 1314 527 Θεὸς
1363 463 1419 516 δὲ
1476 463 1575 534 τὴν
1624 464 1950 533 οἰκουμένην

368 553 665 618 διασώζων.
694 553 759 604 Ὢ
779 550 1048 621 πολεμίων
1067 548 1341 617 χρηστῶνί
1366 545 1412 598 ὦ
1426 546 1746 616 κατηγόρων
1766 546 1951 615 φιλαν-

369 637 640 708 θρώπωνί
681 635 731 688 οἳ
755 633 849 687 16v
872 635 932 686 ἐν
960 630 1206 703 Βηθλεέμ
1240 628 1500 700 τεχθέντα
1528 629 1877 692 λανθάνοντες
1920 641 1949 671 ι

369 720 503 773 Θεὸν
535 717 763 782 ἔδειξαν,
791 718 847 770 οἳ
876 716 969 770 τὸν
1000 717 1058 768 ἐν
1106 713 1282 785 φάτνῃ
1323 711 1698 783 κρυπτόμενον
1739 710 1946 765 Δεσπό-

368 819 471 873 την
520 800 855 871 ἐγνώρισαν,
884 796 940 852 οἳ
962 797 1055 851 τὸν
1094 796 1155 849 ἐν
1191 795 1441 866 σπηλαίῳ
1478 793 1790 865 καθήμενον
1814 795 1950 865 ἐμή-

369 903 538 943 νυσαν
568 884 813 945 ἄκοντες,
853 881 948 934 καὶ
983 879 1359 951 εὐηργέτησαν
1401 877 1476 948 μὴ
1537 876 1803 942 θέλοντες,
1839 879 1949 931 άπικ

371 967 648 1037 εκάλυψαν
670 964 905 1033 καλύψαι
929 961 1257 1033 βουλόμενοι.
1281 957 1432 1024 Εἶδες
1452 959 1683 1031 ἀμαθεῖς
1698 959 1945 1013 διδασκά-

373 1053 531 1115 λους;
595 1052 663 1102 ’Λ
694 1078 697 1079 ν
724 1047 1085 1110 διδάσκουσιν,
1139 1045 1200 1098 ού
1263 1043 1611 1112 γινώσκουσι,
1660 1043 1948 1099 πεινῶντες

374 1134 652 1205 τρέφουσι,
705 1128 965 1199 διψῶντες
1024 1128 1321 1193 ποτίζουσι,
1393 1127 1679 1198 πενόμενοι
1731 1127 1947 1180 πλουτί-

373 1218 546 1281 Coum.
578 1213 742 1268 Δεῦτε
766 1208 880 1274 οὖν.
907 1210 1276 1283 ἐορτάσωμεν,
1296 1209 1450 1266 δεῦτε
1466 1211 1946 1282 πανηγυρίσωμεν.

372 1298 533 1364 Ξένος
564 1297 672 1369 γάρ
697 1298 726 1350 6
751 1297 848 1366 τῆς
874 1295 1068 1367 ἐορτῆς
1097 1294 1319 1365 τρόπος,
1359 1294 1546 1366 ἐπειδὴ
1571 1295 1664 1347 καὶ
1703 1293 1948 1365 παράδο-

376 1383 463 1450 ξος
488 1385 517 1437 6
541 1383 640 1452 τῆς
672 1382 975 1451 γεννήσεως
1015 1378 1190 1447 λόγος.
1233 1379 1480 1451 Σήμερον
1524 1376 1632 1448 γὰρ
1667 1378 1696 1430 6
1737 1378 1951 1449 χρόνιος

374 1467 538 1537 ἐλύθη
577 1464 791 1535 δεσμὸς,
822 1464 850 1516 6
873 1461 1115 1525 διάϐολος
1140 1459 1403 1532 ᾐσχύνθη,
1425 1462 1475 1514 οἰ
1504 1460 1757 1535 δαίμονες
1787 1461 1947 1532 ἐδρα-

375 1549 664 1611 πέτευσαν,
688 1548 717 1600 6
748 1546 972 1608 θάνατος
1006 1545 1034 1585 ἱ»
1079 1542 1263 1615 ἐλύθη,
1320 1543 1644 1615 παράδεισος
1678 1543 1947 1614 ήνεῴχθη,

374 1633 409 1701 ή
432 1630 645 1701 κατάρα
668 1627 958 1699 ἠφανίσθη.
1002 1630 1036 1698 ἡ
1074 1628 1315 1701 ἁμαρτία
1349 1626 1592 1681 ἐκποδὼν
1633 1626 1875 1695 γέγονεν,
1914 1627 1948 1697 ή

375 1714 551 1785 πλάνη
579 1712 854 1783 ἀπηλάθη,
888 1713 923 1784 ή
951 1712 1177 1782 ἀλήθεια
1208 1710 1497 1781 ἐπανῆλθε,
1539 1710 1632 1763 καί¹
1671 1710 1770 1781 τῆς
1797 1711 1943 1763 εύσε·

376 1796 527 1860 ϐείας
555 1800 583 1852 6
632 1797 787 1864 λόγος
834 1793 1111 1865 πανταχοῦ⁴
1141 1794 1404 1865 διεσπάρη
1456 1794 1550 1847 καὶ
1595 1792 1827 1864 ἔδραμεν
1851 1809 1864 1821 ·
1914 1794 1947 1863 ή

375 1881 484 1934 τῶν
509 1853 643 1935 ’ἀνω
671 1853 915 1932 πολιτεία
943 1878 1000 1930 ἐν
1013 1853 1095 1949 ’τῇ
1124 1880 1194 1948 γῇ
1223 1853 1512 1947 ἐφυτεύθη,
1552 1853 1771 1946 ἄγγελοι
1813 1853 1950 1947 μετά
1990 1853 2009 1862 ς

377 1961 681 2033 ἀνθρώπων
711 1961 1048 2027 κοινωνοῦσι,
1092 1961 1187 2015 καὶ
1219 1960 1497 2031 ἄνθρωποι
1534 1961 1673 2030 μετά
1704 1960 1955 2028 ἀγγέλων

377 2045 548 2109 ἀδεῶς
581 2044 936 2112 διαλέγονται.
974 2043 1074 2097 Διά
1111 2042 1201 2108 τίς
1268 2042 1488 2115 Ἐπειδὴ
1524 2042 1658 2107 Θεὸς
1708 2044 1802 2096 ἐπὶ
1846 2043 1947 2112 γῆς

376 2125 529 2201 ἦλθε,
559 2128 716 2202 [598]
747 2129 841 2182 καὶ
867 2127 1236 2199 άνθρωποςέν
1260 2126 1472 2199 οὐρανῷ
1495 2142 1513 2160 ν
1543 2127 1718 2181 πάντα
1746 2126 1955 2201 ἀναμὶξ⁶

377 2213 586 2282 γέγονε.
610 2208 781 2266 Ἦλθε
813 2210 922 2282 γὰρ
942 2211 1033 2265 ἐπὶ
1060 2211 1159 2281 τῆς
1180 2209 1306 2280 γῆς,
1333 2210 1452 2279 ὅλος
1474 2208 1549 2263 ὢν
1582 2209 1641 2262 ἐν
1669 2210 1915 2280 οὐρανοῖς
1932 2226 1949 2244 σ

375 2295 494 2359 ὅλος
512 2293 568 2348 δὲ
599 2293 675 2347 ὢν
704 2295 767 2347 ἐν
789 2292 1020 2364 οὐρανῷ,
1050 2293 1170 2356 ὅλος
1199 2294 1347 2346 ἐστὶν
1377 2292 1471 2349 ἐπὶ
1514 2292 1613 2363 τῆς
1652 2292 1777 2364 γῆς.
1816 2292 1956 2358 Θεὸς-

372 2378 469 2438 ῶν,
529 2375 750 2444 γέγονεν
796 2374 1101 2447 ἄνθρωπος,
1149 2375 1249 2429 οὐκ
1290 2375 1664 2446 ἀρνησάμενος
1701 2374 1762 2428 16
1811 2373 1948 2430 εἶναι

371 2458 508 2521 θεός
530 2476 544 2488 ·
579 2457 734 2527 λόγος
772 2457 849 2510 ὢν
892 2458 1128 2525 ἀπαθὴς,
1161 2457 1299 2529 σὰρξ
1335 2459 1569 2526 ἐγένετο,
1605 2459 1693 2513 διά
1721 2459 1781 2513 τὸ
1814 2460 1949 2513 ἐνοιο

372 2540 541 2607 κῆσαι
592 2541 723 2610 ἡμῖν
766 2539 901 2610 σάρξ
945 2539 1180 2607 ἐγένετο.
1224 2540 1354 2604 Θεὸς
1400 2542 1509 2613 γάρ
1561 2542 1662 2594 ούκ
1712 2541 1947 2610 ἐγένετο,

371 2622 510 2678 ἀλλά
530 2618 618 2694 ἦν.
649 2622 748 2676 Διά
775 2622 933 2677 τοῦτο
962 2622 1103 2693 σάρξ
1130 2622 1365 2691 ἐγένετο,
1406 2623 1493 2676 ἵνα
1523 2623 1583 2677 6v
1622 2623 1724 2677 οὐκ
1754 2625 1949 2695 ἐχώρει

371 2706 618 2780 οὐρανὸς,
648 2705 866 2777 δέξηται
902 2705 1096 2775 φάτνῃ.
1136 2705 1233 2759 Διά
1261 2704 1415 2759 τοῦτο
1450 2706 1510 2762 ἐν
1553 2707 1728 2779 φάτνῃ
1766 2708 1947 2777 ἐτέθη,

373 2792 459 2846 ἵνα
500 2793 530 2845 6
576 2790 803 2863 τρέφων,
834 2788 905 2842 τὰ
943 2789 1233 2859 σύμπαντα
1272 2789 1492 2843 παιδίου
1542 2792 1747 2862 τροφὴν
1799 2790 1951 2861 παρά

380 2874 581 2945 μητρὸς
620 2871 892 2943 παρθένου
925 2872 1091 2943 λάϐῃ.
1122 2872 1222 2926 Διά
1262 2872 1421 2926 τοῦτο
1454 2875 1483 2927 6
1510 2873 1619 2928 τῶν
1649 2873 1950 2944 μελλόντων

378 2956 585 3010 αἰώνων
640 2955 831 3027 Πατήρ
880 2954 956 3019 ὡς
1010 2955 1312 3025 ὑπομάζιον
1364 2955 1561 3027 βρέφος
1610 2957 1950 3028 παρθενικῶν

377 3038 624 3109 ἀνέχεται
657 3036 936 3106 ἀγκαλῶν,
963 3037 1049 3091 ἵνα
1087 3039 1182 3091 καὶ
1214 3038 1409 3109 μάγοις
1436 3038 1754 3108 εὐπρόσιτος
1787 3039 1950 3111 γένη-

372 3138 481 3176 ται.
538 3122 786 3193 Σήμερον
854 3120 964 3191 γάρ
1031 3120 1126 3174 καὶ
1189 3121 1353 3191 μάγοι
1409 3121 1729 3193 προσῆλθον,
1778 3121 1951 3194 ἀρχὴν

373 3203 626 3267 λαϐόντες
648 3203 930 3276 ἀρνεῖσθαι
952 3203 1044 3257 τὸν
1073 3203 1356 3275 τύραννον,
1382 3205 1477 3258 καὶ
1503 3207 1532 3258 6
1555 3205 1783 3277 οὐρανὸς
1814 3222 1950 3259 καυ-

372 3289 533 3359 χᾶται
561 3288 750 3360 ἀστέρι
791 3288 881 3341 τὸν
914 3287 1043 3342 ἴδιον
1082 3289 1358 3359 Δεσπότην
1387 3288 1628 3360 μηνύων,
1660 3290 1755 3343 καὶ
1781 3290 1811 3343 6
1833 3290 1949 3343 Κύ-

373 3388 488 3443 ριος
517 3371 612 3425 ἐπὶ
637 3369 862 3442 νεφέλης
905 3370 1114 3443 κούφης
1145 3371 1238 3427 τοῦ
1286 3372 1539 3443 σώματος
1589 3370 1950 3444 καθεζόμενος

369 3455 469 3507 ἐπὶ
504 3453 601 3522 τὴν
622 3454 891 3518 Αἴγυπτον
912 3453 1115 3527 τρέχει,
1157 3457 1236 3530 τῷ
1264 3457 1365 3529 μὲν
1396 3458 1572 3512 δοκεῖν
1601 3457 1820 3529 φεύγων
1850 3459 1950 3530 τήν

383 3534 626 3606 Ἡρώδου
677 3534 1005 3611 ἐπιϐουλὴν,
1029 3546 1098 3614 τῇ
1136 3543 1193 3596 δέ
1233 3541 1463 3615 ἀληθεία
1512 3540 1844 3614 ἀποπληρῶν
1888 3542 1950 3595 16

376 3616 531 3687 παρὰ
557 3616 652 3669 τοῦ
689 3620 909 3675 Ἡσαΐου
940 3624 1254 3694 εἰρημένονο
1286 3627 1491 3679 Ἔσται
1510 3625 1642 3696 γάρ,
1672 3626 1855 3695 φησὶν,
1881 3623 1952 3679 ἐν

375 3696 454 3768 τῇ
476 3698 667 3769 ἡμέρᾳ
700 3702 903 3773 ἐκείνῃ
960 3707 1209 3776 Ἰσραὴλ
1247 3710 1440 3776 τρίτος
1471 3708 1541 3762 ἐν
1581 3709 1703 3776 τοῖς
1742 3710 1951 3764 Ἀσσυ-

284 3833 289 3837 .
367 3784 547 3853 ρίοις,
587 3785 684 3838 καὶ
707 3784 777 3839 ἐν
809 3787 932 3854 τοῖς
969 3792 1310 3859 Αἰγυπτίοις
1344 3794 1748 3863 εὐλογημένος
1780 3795 1952 3849 ἔσται

373 3869 409 3921 ὁ
425 3866 577 3932 λαός
593 3884 713 3936 μου
740 3867 898 3939 έντῇ
927 3870 1025 3941 γῇ,
1052 3870 1134 3940 ἢν
1151 3875 1448 3945 εὐλόγησε
1471 3878 1685 3945 Κύριος
1714 3879 1952 3934 Σαϐαὼθ

371 3947 569 4017 λέγων
588 3952 1051 4032 Ἐὐλογημένος
1076 3956 1247 4010 ἔσται
1276 3961 1309 4010 ό
1334 3959 1483 4023 λαός
1510 3978 1624 4028 μου
1649 3966 1681 4015 ὀ
1695 3963 1764 4016 ἐν
1787 3964 1954 4032 Αἰγύ-

373 4044 501 4113 πτῳ
528 4031 625 4086 καί
655 4035 689 4087 ό
827 4035 953 4102 τοῖς
996 4038 1326 4106 Ἀσσυρίοις
1375 4040 1489 4095 καί
1517 4044 1551 4096 ό
1591 4043 1661 4097 ἐν
1695 4031 1953 4113 Ἰσραήλ.

375 4112 442 4165 Τί
497 4114 695 4199 λέγεις,
747 4112 792 4171 ὦ
828 4119 1081 4187 ’ῐουδαῖες
1136 4123 1166 4174 6
1206 4123 1420 4193 πρῶτος
1469 4125 1652 4199 τρίτος
1687 4127 1950 4195 γέγονας;

374 4198 658 4267 Αἰγύπτιοι
689 4202 780 4253 καὶ
795 4201 1069 4276 Ἀσσύριοι
1097 4198 1533 4279 προετάχθησαν,
1564 4211 1657 4263 καὶ
1686 4213 1714 4265 6
1744 4213 1955 4280 πρωτό-

374 4297 533 4345 τοκος
578 4284 790 4357 Ἰσραήλ
834 4287 1252 4360 ὐπαριθμεῖται;
1294 4293 1435 4347 Ναί·
1481 4295 1705 4359 εἰκότως
1764 4297 1955 4351 ’Λασύ-

379 4366 723 4451 ριοι-π-ρῶτοι
748 4367 960 4425 ἔσονται
986 4382 1034 4436 ε,
1079 4374 1266 4445 ἐπειδὴ
1304 4375 1397 4429 καὶ
1424 4376 1576 4430 αύτοί
1603 4379 1765 4433 αὐτὸν
1797 4380 1953 4451 πρῶ-

375 4463 462 4534 τοι
493 4447 580 4534 διά
590 4449 702 4534 τῶν
728 4451 918 4521 μάγων
944 4456 1354 4528 προσεκύνησαν
1371 4474 1385 4489 ⁸
1414 4460 1700 4528 Αἰγύπτιοι
1728 4462 1785 4516 δὲ
1817 4447 1956 4534 μετά

375 4529 504 4613 τοὺς
558 4531 892 4604 Ἀσσυρίους,
929 4538 1115 4611 ἐπειδή
1149 4541 1242 4594 καὶ
1276 4542 1430 4596 αὐτοὶ
1473 4543 1741 4613 φεύγοντα
1791 4529 1956 4602 αὑτὸν

378 4611 479 4683 τὴν
543 4614 787 4686 Ἡρώδου
857 4621 1147 4695 ἐπιϐουλὴν
1199 4611 1496 4691 ἐδέξαντο(
1526 4611 1832 4695 τελευταῖος
1895 4630 1953 4685 δὲ

391 4696 1060 4785 έισραήλ--ὑπανριθμεῖται,
1102 4706 1287 4780 ἐπειδὴ
1325 4709 1460 4780 μετά
1501 4712 1600 4782 τὴν
1637 4712 1823 4768 ἄνοδον
1851 4714 1953 4785 τὴν

375 4780 444 4865 ἐκ
475 4779 570 4865 τοῦ
604 4781 865 4865 Ἰορδάνου
893 4785 981 4839 διά
1002 4786 1111 4841 τῶν
1135 4779 1447 4846 ἀποστόλων
1461 4779 1624 4848 αὐτὸν
1639 4796 1882 4865 ἔγνωσαν
1900 4779 1952 4853 δ.

324 4914 347 4919 ,
377 4862 606 4953 Εἰσῆλθε
645 4864 704 4919 δὲ
741 4868 827 4953 εἰς
865 4867 1161 4953 Λίγυπτον,
1193 4873 1353 4927 σείων
1381 4875 1447 4929 τά
1473 4862 1825 4953 χειροποίητα
1854 4882 1955 4952 τῆς

377 4945 654 5037 Λίγύπτου
699 4950 799 5037 ούχ
859 4951 1067 5018 ἁπλῶς,
1124 4954 1239 5009 ἀλλ’
1284 4945 1805 5032 ἐπειδὴῄάπέκλεισε

378 5029 653 5122 Λίγύπτου
677 5033 746 5122 τά
778 5037 1025 5110 πρόθυρα
1057 5042 1121 5111 τῇ
1153 5040 1261 5095 τῶν
1283 5029 1641 5114 πρωτοτόκων
1663 5029 1947 5122 ἀπωλείᾳ.-

378 5112 478 5166 Διά
500 5114 661 5169 τοῦτο
684 5118 922 5191 σήμερον
959 5122 1208 5194 εἰσῆλθεν
1231 5125 1306 5190 ὡς
1330 5112 1692 5198 πρωτότοκος,
1736 5132 1823 5187 ἰνα
1853 5112 1955 5204 τῆς

442 5231 601 5299 {Sam
624 5238 753 5299 conj.
775 5239 1073 5293 λανθάνοντα,

442 5293 470 5378 ξ
498 5298 615 5378 ξος.
632 5293 842 5378 ϐξίγᾶτος,
863 5304 971 5351 sine
992 5305 1219 5378 πείθοιο,
1241 5319 1456 5370 moxque
1484 5310 1714 5361 similiter
1747 5313 1949 5378 κατάρα.

444 5364 468 5428 ξ
496 5358 626 5428 Reg;
658 5361 901 5428 Ἀσσύριοι
931 5358 1299 5428 προτάσσονται.

440 5421 469 5470 d.
496 5422 717 5494 [μηκας.
743 5421 822 5471 δια
857 5428 954 5474 τῶν
971 5421 1260 5494 ’ἀποστόλων
1294 5430 1435 5494 αὐτὸν
1469 5433 1697 5494 ἔγνωσαν.
1724 5435 1773 5483 In
1819 5435 1953 5486 edito

379 5482 698 5557 @orel.ﬂhaac"
719 5494 946 5557 coyrupla
968 5496 1144 5557 qam;
1181 5490 1451 5557 _:Iop6aivov,
1492 5482 1602 5545 οὐδὲ
1622 5482 1731 5545 τότε
1763 5482 1953 5547 έκήτῶν

375 5545 659 5611 ἀποστόλων
680 5545 1144 5611 έγνώριάανᾼβανῠι.
1181 5545 1325 5610 Ἰ.,ὀ.
1350 5571 1395 5602 τ.
1436 5545 1515 5604 διὰ
1531 5574 1580 5605 τ.
1601 5558 1650 5606 ά.
1676 5558 1819 5606 αὐτὸν

379 5608 616 5679 gummi)
650 5620 745 5655 nec
763 5608 1065 5679 qupdrabéapl
1093 5617 1152 5661 ad
1186 5608 1647 5679 interpretationem
1668 5608 1947 5679 Fronlohis.

378 5667 505 5719 Infra
524 5681 618 5727 non
636 5667 792 5733 paqu
808 5671 988 5726 desunt
1012 5672 1061 5725 iu
1086 5688 1175 5725 ms.

1460 261 1524 313 ω
1567 256 1897 314 NA'IALEM
1923 254 2197 316 CHRISTI
2238 261 2423 319 DIEM.

3510 261 3617 318 392

2047 378 2284 445 παλαιάς
2319 380 2676 452 στυγνότητος
2727 379 2949 452 διαλύσῃ
3000 379 3062 432 16
3106 379 3314 444 πένθος.
3373 380 3482 435 Καὶ
3534 380 3615 435 ὅτι

2049 466 2391 537 πρωτότοκος
2413 465 2628 534 λέγεται
2661 467 2690 519 6
2716 465 2968 536 Χριστὸς,
3013 467 3273 536 μαρτυρεῖ
3312 466 3548 535 σήμερον
3587 465 3625 519 6

2050 548 2265 611 Λουκᾶς
2289 551 2317 601 6
2338 540 2749 619 εύαγγέλιστής,
2784 548 2955 615 λέγων
2978 563 2990 576 ·
3026 545 3133 599 Καὶ
3161 547 3325 600 ἔτεκε
3355 546 3462 601 τὸν
3486 548 3618 600 υἱὸν

2047 633 2237 700 αὐτῆς
2250 633 2358 686 τὸν
2382 634 2770 702 πρωτότοκω·,
2795 632 2889 684 καὶ
2912 630 3384 700 ἐσπαργάνωσεν
3409 631 3614 691 αὑτὸν,

2047 715 2145 768 καὶ
2172 714 2495 769 ἀνέκλινεν
2519 715 2588 768 ἐν
2609 714 2683 782 τῇ
2720 714 2938 783 φάτνῃ,
2972 715 3121 768 διότι
3163 714 3274 766 οὐκ
3313 709 3392 783 ἦν·
3417 712 3619 778 αὐτοῖς

2047 801 2229 864 τόπος
2283 798 2353 852 ἐν
2391 796 2473 863 τῷ
2512 799 2895 866 καταλύματι.
2945 797 3204 867 Εἰσῆλθεν
3255 791 3348 850 οὖν
3384 796 3479 857 ἐίς
3523 795 3620 865 τὴν

2046 879 2342 949 Αἴγυπτον,
2387 881 2473 933 Wa
2508 880 2605 950 τῆς
2633 879 3262 949 παλαιᾶςέστυγνότητος
3304 877 3526 947 διαλύσῃ
3562 877 3622 929 τὸ

2047 963 2264 1028 πένθος,
2301 965 2422 1019 ἀντὶ
2449 962 2729 1034 μαστίγων
2762 963 2936 1033 χαρὰν
2957 961 3251 1023 ἐπιϐαλὼν,
3280 961 3401 1015 ἀντὶ
3432 960 3621 1023 νυκτὸς

2047 1047 2142 1102 καὶ
2168 1047 2394 1110 σκότους
2423 1045 2695 1116 σωτηρίας
2727 1047 2926 1114 φέγγος
2963 1046 3343 1117 χαρισάμενος.
3389 1042 3620 1114 Βέϐηλον
3694 1116 3699 1121 Ι

2045 1126 2113 1202 ἦν
2145 1131 2266 1184 τότε
2285 1129 2378 1182 τοῦ
2406 1130 2650 1200 ποταμοῦ
2688 1129 2749 1181 16
2792 1128 2934 1199 ὕδωρ
2963 1130 3029 1199 τῇ
3059 1128 3167 1182 τῶν
3196 1128 3388 1200 ἀώρων
3415 1127 3621 1187 νηπίων

2048 1217 2248 1285 σφαγῇ.
2294 1214 2558 1283 Εἰσῆλθεν
2597 1208 2691 1266 οὖν
2728 1214 2807 1276 είς
2842 1213 2943 1284 τὴν
2984 1214 3255 1281 Αἰγυπτον
3290 1215 3320 1266 6
3356 1212 3525 1271 ,πάλαι
3561 1211 3619 1263 16‘

2048 1296 2191 1362 ὕδωρ
2212 1296 2474 1364 φοινίξας,
2515 1296 2608 1349 καὶ
2648 1295 2871 1364 ἐποίησε
2902 1294 2971 1348 τὰ
3017 1295 3206 1367 ῥεῖθρα
3242 1294 3335 1349 τοῦ
3373 1293 3617 1363 ποταμοῦ

2049 1378 2319 1450 σωτηρίας
2365 1378 2676 1448 γεννητικὰ,
2720 1378 2780 1431 16
2817 1379 3008 1447 ἐναγὲς
3045 1379 3224 1431 αὐτῶν
3262 1379 3355 1432 καὶ
3398 1378 3620 1448 βέϐηλον

2046 1464 2272 1533 δυνάμει
2314 1462 2615 1535 καθαρίσας
2659 1474 2682 1501 θ
2728 1460 2821 1515 τοῦ
2850 1461 3183 1533 Πνεύματος.
3235 1460 3621 1531 Ἐκακώθησαν

2047 1549 2094 1601 οἰ
2128 1546 2434 1615 Αἰγύπτιοι,
2467 1548 2561 1599 καὶ
2581 1545 2836 1615 μανέντες
2858 1545 3117 1616 ἠρνοῦντο
3143 1545 3234 1599 τὸν
3256 1544 3406 1598 Θεόν.
3437 1543 3623 1614 Εἰσῆλ-

2048 1631 2139 1685 θεν
2160 1625 2255 1683 οὖν
2282 1631 2362 1694 εἰς
2384 1629 2482 1700 τὴν
2515 1629 2809 1698 Αἴγυπτον,
2849 1628 2943 1683 καὶ
2981 1627 3233 1697 γνώσεως
3273 1627 3406 1685 Θεοῦ
3447 1628 3625 1698 ψυχάς

2048 1712 2313 1781 θεοφιλεῖς
2335 1710 2618 1783 ἐπλήρωσε
2632 1726 2645 1741 ·
2675 1710 2754 1782 τῷ
2772 1711 2998 1782 ποταμῷ
3011 1711 3067 1764 δέ
3084 1711 3322 1782 παρέσχε
3343 1711 3622 1783 μάρτυρας

2045 1797 2267 1868 τρέφειν
2307 1796 2553 1866 σταχύων
2581 1793 3009 1867 εύφορωτέρους.
3055 1793 3215 1847 Ἀλλά
3236 1795 3322 1848 διὰ
3351 1794 3411 1847 16
3441 1796 3623 1849 στενὸν

2047 1879 2140 1933 τοῦ
2165 1879 2356 1951 καιροῦ
2383 1879 2617 1935 ἐνταῦθα
2649 1878 2911 1950 βούλομαι
2935 1878 3284 1934 καταπαῦσαι
3309 1878 3399 1933 16v
3426 1879 3581 1947 λόγον
3606 1896 3620 1911 υ

2048 1956 2151 2018 ὧδε
2182 1964 2203 2004 ί
2230 1964 2287 2017 δὲ
2313 1962 2671 2026 καταπαύσω,
2714 1963 2806 2017 τὸν
2836 1961 3346 2033 λόγον-πληρώσας.
3394 1962 3475 2015 ὅτι
3509 1963 3625 2026 πῶς

2047 2047 2217 2116 Λόγος
2239 2046 2315 2101 ὢν
2351 2046 2506 2118 [399]
2528 2046 2765 2118 ἀπαθὴς,
2809 2046 2944 2115 σάρξ
2977 2045 3213 2113 ἐγένετο,
3244 2046 3623 2116 ἀμεταϐλήτου

2052 2131 2314 2202 μενούσης
2363 2130 2462 2201 τῆς
2510 2129 2745 2199 φύσεως.
2789 2130 2855 2182 Τί
2886 2129 2944 2183 δὲ
2986 2130 3144 2194 είπω,
3193 2128 3226 2199 ἢ
3279 2128 3331 2181 τί
3371 2128 3623 2198 λαλήσω;

2048 2216 2289 2275 Τέκτονα
2315 2214 2411 2269 καὶ
2442 2215 2647 2284 φάτνην
2673 2214 2805 2284 ὁρῶ,
2837 2215 2930 2267 καὶ
2953 2212 3171 2286 βρέφος,
3192 2211 3286 2266 καὶ
3316 2214 3623 2285 σπάργανα,

2048 2298 2202 2369 λοχὺν
2233 2299 2500 2372 παρθένου
2546 2299 2655 2353 τῶν
2703 2298 2902 2370 χρειῶν
2944 2297 3168 2368 ἔρημον,
3212 2296 3306 2351 ὅλα
3358 2297 3627 2367 πτωχείας

2047 2383 2300 2454 ἐχόμενα,
2331 2383 2428 2438 ὅλα
2448 2384 2640 2447 πενίας
2666 2384 2922 2453 γέμοντα.
2950 2379 3103 2446 Εἶδες
3130 2380 3357 2435 πλοῦτον
3377 2382 3433 2436 ἐν
3468 2379 3627 2453 πενίᾳ

2048 2467 2251 2538 πολλῇ;
2288 2466 2406 2530 πῶς
2442 2467 2694 2531 πλούσιος
2725 2466 2803 2521 ῶν
2833 2467 2899 2521 δι’
2924 2467 3073 2536 ἡμᾶς
3105 2466 3455 2535 ἐπτώχευσε;
3509 2465 3625 2526 πῶς

2047 2553 2176 2616 οὔτε
2199 2551 2409 2622 κλίνην,
2453 2549 2576 2603 οὔτε
2616 2550 2903 2622 στρωμνήν
2942 2546 3107 2623 εἶχεν,
3158 2548 3271 2603 ἀλλ’
3323 2550 3414 2602 ἐπὶ
3457 2549 3627 2619 ξηρᾶς

2049 2636 2273 2707 ἔρριπτο
2296 2635 2502 2704 φάτνης
2525 2651 2540 2700 ;
2566 2629 2635 2686 Ὦ
2663 2634 2822 2688 πενία
2848 2635 3077 2689 πλούτου
3108 2636 3289 2704 πηγήί
3339 2627 3385 2686 ὦ
3428 2632 3623 2686 πλοῦτε

2048 2721 2271 2791 άμετρε,
2307 2718 2496 2777 πενίας
2521 2718 2815 2789 πρόσχημα
2842 2718 3053 2792 φέρωνι
3097 2720 3185 2773 Ἐν
3214 2718 3397 2789 φάτνῃ
3430 2719 3622 2782 κεῖται,

2049 2805 2142 2857 καὶ
2170 2803 2269 2875 τήν
2304 2802 2627 2873 οἰκουμένην
2674 2802 2917 2856 σαλεύει·
2957 2805 3015 2856 ἐν
3055 2804 3388 2875 σπαργάνοις
3424 2800 3626 2872 ἐμπλέ-

2048 2906 2223 2951 κεται,
2257 2885 2435 2941 καὶτὰ
2457 2886 2555 2956 τῆς
2581 2887 2854 2958 ἁμαρτίας
2880 2887 3200 2960 διαῤῥήσσει
3234 2887 3407 2956 δεσμά
3429 2904 3443 2918 ’
3473 2884 3626 2939 οὔπω

2049 2970 2309 3043 ἔναρθρον
2330 2970 2536 3043 ἔρρηξε·
2559 2971 2763 3041 φωνὴν,
2796 2970 2889 3025 καὶ
2910 2972 3035 3037 τοὺς
3056 2971 3263 3041 μάγους
3280 2970 3418 3024 ἐδίδα
3428 2969 3627 3035 ξε,,καὶ

2050 3055 2271 3126 ἐκίνησε
2323 3053 2459 3124 πρὸς
2507 3055 2861 3126 ἐπιστροφήν.
2901 3055 2967 3107 Τί
3015 3054 3239 3126 εἴπω,ῆ
3284 3053 3334 3107 τί
3368 3053 3624 3123 λαλήσωρς

2061 3137 2191 3191 Ἰδοὺ
2225 3136 2422 3207 βρέφος
2456 3136 2792 3208 σπαργάνοις
2831 3137 3183 3208 ἐμπλέκεται,
3224 3137 3318 3191 καὶ
3360 3139 3418 3188 ἐν
3453 3136 3625 3207 φάτνῃ

2051 3220 2253 3272 κεῖται·
2287 3218 2520 3289 πάρεστι
2566 3219 2622 3273 δέ
2667 3220 2761 3273 καὶ
2811 3219 2991 3291 Μαρία
3033 3219 3303 3293 παρθένος
3345 3215 3479 3272 οὖσα
3532 3219 3627 3271 καὶ

2052 3303 2268 3374 μήτηρ·
2306 3302 2485 3373 παρῆν
2523 3303 2580 3357 δὲ
2612 3304 2707 3357 καὶ
2756 3304 2956 3374 Ἰωσὴφ
2990 3302 3386 3375 ὀνομαζόμενος
3423 3303 3622 3372 πατήρ.

2049 3380 2216 3446 Οὗτος
2259 3385 2400 3456 ἀνὴρ
2439 3384 2676 3454 λέγεται,
2723 3385 2905 3456 ἐκείνη
2948 3387 3082 3459 γυνὴ
3131 3387 3621 3458 προσαγορεύεταιο

2046 3468 2286 3540 ὀνόματα
2335 3470 2533 3536 ἐννομα
2583 3468 2842 3539 συζυγίας
2897 3471 3097 3543 ἔρημα.
3141 3472 3319 3542 Μέχρι
3367 3473 3626 3542 ῥημάτων

2048 3551 2236 3624 νόησαί
2271 3570 2381 3623 μοι,
2414 3552 2530 3606 ἀλλ’
2561 3554 2620 3606 ού
2649 3555 2815 3626 μέχρι
2839 3557 3177 3627 πραγμάτων
3213 3560 3260 3610 ⁸.
3284 3557 3459 3610 Μόνον
3473 3551 3625 3620 οὗτος

2050 3636 2470 3708 ἐμνηστεύσατο,
2512 3638 2603 3692 καὶ
2638 3640 2862 3711 Πνεῦμα
2901 3641 3055 3710 ἂγιον
3099 3642 3237 3713 αὐτῇ
3278 3643 3621 3696 ἐπεσκίασεν.

2051 3719 2209 3774 Ὅθεν
2231 3716 2451 3791 ἀπορῶν
2473 3722 2502 3773 6
2539 3721 2737 3793 Ἰωσήφ
2753 3725 2851 3777 οὐκ
2872 3724 2987 3796 ᾔδει
3009 3724 3062 3778 τί
3088 3724 3305 3779 καλέσει
3325 3725 3386 3779 16
3404 3726 3622 3797 βρέφος.

2062 3802 2157 3856 Ἐκ
2186 3804 2430 3873 μοιχείας
2449 3803 2607 3867 αὐτὸς
2634 3807 2806 3861 εἰπεῖν
2839 3809 2937 3860 οὐκ
2965 3807 3181 3878 ἐτόλμα,
3203 3809 3345 3863 κατά
3370 3810 3468 3879 τῆς
3486 3827 3625 3880 παρ-

2051 3885 2205 3939 θένου
2257 3885 2573 3955 βλάσφημον
2628 3889 2916 3958 καταχέειν
2973 3891 3131 3956 λόγον
3201 3893 3302 3947 οὐκ
3362 3894 3622 3963 ἠδύνατο,

2049 3969 2238 4022 τέκνον
2258 3969 2388 4022 αὐτὸ
2418 3971 2591 4022 εἰπεῖν
2622 3970 2750 4023 ἰδιον
2788 3974 2886 4026 οὐκ
2922 3975 3194 4045 ήνείχετο’
3227 3976 3342 4048 ᾔδει
3381 3980 3491 4046 γὰρ
3527 3996 3627 4032 κα-

2050 4049 2181 4113 λῶς,
2211 4052 2291 4103 ὅτι
2312 4051 2413 4104 οὐκ
2440 4050 2581 4117 ἔγνω
2618 4053 2734 4116 πῶς
2777 4053 2809 4123 ἢ
2844 4055 3006 4108 πόθεν
3051 4056 3243 4128 ἐτέχθη
3282 4058 3357 4110 ’τὸ
3392 4059 3623 4129 βρέφος·

2052 4133 2174 4186 ὅθεν
2198 4132 2488 4203 ἀποροῦντι
2514 4134 2664 4205 αύτῷ
2687 4135 2821 4206 πρὸς
2844 4137 2903 4190 16
2934 4140 3162 4209 πρᾶγμα
3189 4143 3434 4212 χρησμὸς
3463 4143 3626 4211 ούρα-

2053 4218 2205 4272 νόθεν
2254 4218 2344 4272 διά
2395 4218 2495 4288 τῆς
2541 4217 2637 4272 τοῦ
2677 4220 2908 4289 ἀγγέλου
2963 4223 3145 4293 φωνῆς
3195 4224 3509 4296 ἐπεφέρετο,
3543 4226 3624 4279 ὅτι

2053 4302 2149 4369 Μὴ
2174 4302 2382 4371 φοϐοῦ,
2419 4302 2663 4372 Ἰωσήφο
2690 4304 2758 4357 τὸ
2795 4305 2905 4374 γὰρ
2936 4307 3307 4375 γεννώμενον
3331 4309 3401 4373 ,ἐξ
3435 4308 3625 4375 αὐτῆς

2051 4384 2121 4439 ἐκ
2164 4386 2508 4454 Πνεύματός
2565 4387 2738 4441 ἐστιν
2783 4388 2976 4457 ἁγίου.
3042 4390 3265 4461 Πνεῦμα
3310 4393 3418 4463 γάρ
3472 4394 3625 4461 ἆγιον

2053 4468 2378 4524 ἐπεσκίασεν
2401 4472 2465 4541 τῇ
2491 4470 2766 4542 παρθένῳ.
2788 4471 2886 4525 Διά
2908 4472 2961 4525 τί
2985 4471 3042 4525 δέ
3070 4474 3134 4526 ἐκ
3160 4475 3428 4545 παρθένου
3446 4476 3625 4529 τίκτε-

2052 4566 2163 4616 ται,
2195 4552 2289 4605 καὶ
2333 4552 2434 4623 τὴν
2461 4551 2757 4625 παρθενίαν
2787 4553 3017 4625 ἀζήμιον
3057 4559 3245 4628 τηρεῖ;
3293 4557 3415 4610 Ὅτι
3455 4558 3623 4613 πάλαι

2054 4632 2324 4703 παρθένον
2353 4629 2518 4688 οὖσαν
2542 4633 2638 4706 τὴν
2663 4633 2808 4697 Εύαν
2842 4637 3124 4706 ἠπάτησεν
3156 4641 3186 4692 6
3226 4640 3489 4705 διάϐολος,
3537 4642 3625 4696 διά

2052 4714 2211 4769 τοῦτο
2236 4715 2504 4787 παρθένον
2529 4712 2693 4771 οὖσαν
2720 4719 2819 4790 τὴν
2856 4721 3093 4797 Μαριὰμ
3128 4723 3157 4776 6
3198 4722 3436 4794 Γαϐριὴλ
3465 4725 3626 4795 εὐηγ-

2053 4798 2327 4867 γελίσατο.
2369 4800 2507 4855 Ἀλλ’
2549 4801 2893 4873 ἀπατηθεῖσα
2931 4805 3028 4873 μὲν
3056 4806 3089 4874 ή
3122 4803 3235 4857 Εὕα
3277 4806 3428 4875 ῥῆμα
3471 4807 3625 4860 ἔτεκε

2054 4882 2284 4937 θανάτου
2322 4884 2494 4940 αἰτιον
2517 4901 2532 4917 ⁸
2579 4885 3033 4955 εύαγγελισθείσα
3072 4886 3192 4957 δέή
3232 4888 3419 4958 Μαρία
3455 4890 3626 4959 Λόγον

2054 4966 2112 5019 ἐν
2135 4966 2299 5037 σαρκὶ
2329 4967 2605 5037 ἐγέννησε.
2628 4968 2772 5036 ζωῆς
2807 4967 3026 5022 αἰωνίου
3058 4970 3187 5044 ήμίν
3229 4971 3505 5041 πρόξενον.
3552 4973 3595 5024 Τ
3596 4973 3626 5026 6

2057 5048 2205 5119 ῥῆμα
2232 5052 2329 5121 τῆς
2359 5048 2502 5114 Εῦας
2528 5049 2681 5114 ξύλον
2708 5048 2896 5116 ἔδειξε,
2923 5049 2989 5103 δι’
3015 5047 3073 5106 οὗ
3100 5052 3190 5115 τὸν
3226 5054 3395 5126 ’Λδὰμ
3423 5058 3487 5110 ἐκ
3529 5055 3623 5110 τοῦ

2126 5395 2149 5458 ε
2174 5383 2299 5458 .1388-
2322 5383 2506 5458 κρίσεις-

2125 5442 2145 5481 ΐ
2172 5442 2294 5518 Ιίρέ.
2322 5442 2518 5518 ἰξταῦθα
2540 5447 2834 5518 καταπαύσω
2861 5452 2941 5518 τὸν
2962 5454 3117 5518 λόγον.
3142 5456 3198 5518 τὸ
3218 5457 3379 5503 λοιπὸν
3400 5461 3482 5511 τῆς
3500 5470 3619 5518 πρα-

2416 5510 2519 5567 ἑξῆς
2535 5509 2644 5572 ὑμῖν
2661 5507 3045 5575 ταμιευσάμενος.
3069 5514 3202 5564 Ὧδε
3223 5530 3334 5576 quae
3352 5507 3501 5564 lectio
3526 5507 3620 5569 lion

2053 5580 2467 5697 δρθεηῇθόὲδμέχοι
2485 5631 2702 5697 λόγωνοί
2722 5632 2881 5697 γάμον
2904 5636 3008 5685 ἀλλ’
3035 5637 3090 5684 ού
3113 5654 3163 5697 μ.
3181 5654 3233 5686 π.
3256 5637 3443 5688 Deinde
3466 5636 3599 5690 δινίί

2053 5703 2142 5753 pro
2163 5689 2297 5749 οὗτος
2320 5689 2347 5742 é
2378 5689 2476 5744 ὕει’.
2503 5689 2616 5744 Mcl.
2641 5696 2689 5744 in
2722 5689 2873 5760 imirg.
2901 5700 2926 5746 6
2952 5689 3159 5758 ἄγγελός.
