4050 6198
519 346 632 410 897

2002 333 2277 391 INCERTI

3662 329 3777 384 598

529 1003 680 1079 [ωδ]
741 1005 846 1070 Εἰς
873 1004 937 1058 τὸ
969 1002 1056 1057 ὅτι
1116 1003 1377 1069 παλαιᾶς
1406 985 1502 1056 καὶ
1559 1000 1772 1070 καινῆς
1809 999 2102 1120 Διαθήκης
2131 989 2220 1062 εἷς
2243 999 2276 1049 ὅ
2296 994 2656 1121 ἴομοθέτης·
2691 993 2786 1049 καὶ
2813 991 2989 1061 είςτὸ
3022 992 3250 1064 ἔνδυμα
3280 995 3385 1050 τοῦ
3423 995 3651 1064 ιερέως·
3690 995 3793 1047 καὶ

1928 1086 2036 1121 περ
2076 1083 2293 1121 αετανο
2319 1085 2412 1121 ac.

1928 1083 2059 1137 περι
2071 1083 2412 1138 μετανοιας.

609 1717 793 1787 α’.Τῆς
808 1712 1043 1787 Χριστοῦ
1067 1713 1342 1783 βασιλείας
1358 1713 1417 1766 16
1440 1712 1770 1780 Εὐαγγέλιον
1787 1711 2114 1787 κηρύττουσι

540 1785 833 1876 προφῆται,
863 1785 1222 1875 ἐρμηνεύουσι
1252 1800 1308 1854 δέ
1332 1801 1381 1854 οἱ
1406 1801 1504 1863 τῆς
1529 1800 1652 1863 νέας
1676 1799 1896 1870 χάριτος
1919 1785 2120 1870 ὐπηρέ-

2289 1707 2411 1768 Οἷδε
2445 1713 2653 1778 Παῦλος
2681 1713 2985 1784 ἀδιαίρετον
3012 1713 3110 1784 τὴν
3142 1711 3385 1765 Παλαιὰν
3409 1712 3501 1765 καὶ
3523 1711 3620 1782 τὴν
3649 1711 3807 1764 Νέαν

2218 1802 2495 1873 Διαθήκην
2515 1819 2530 1834 ο
2563 1802 2652 1854 διὰ
2681 1801 2838 1855 τοῦτο
2871 1801 3001 1854 ποτέ
3048 1801 3147 1872 μὲν
3185 1799 3356 1871 αὐτὴν
3399 1801 3558 1853 καλεῖ
3585 1799 3805 1869 Καινὴν

538 1910 628 1946 ται
649 1904 697 1955 ι,
727 1890 969 1961 δέχονται
1013 1890 1069 1942 δέ
1100 1890 1150 1942 οἱ
1184 1887 1278 1942 τοῦ
1323 1889 1468 1940 θείου
1518 1889 1678 1954 λόγου
1717 1888 1986 1957 ἀκροαταὶ
2025 1887 2119 1940 καὶ
2221 1891 2496 1961 Διαθήκην
2524 1902 2568 1954 ε,
2610 1891 2699 1944 ἵνα
2743 1889 2890 1959 δείξῃ
2927 1889 3044 1950 πῶς
3081 1887 3432 1957 ἀνεκαινίσθη
3481 1887 3584 1956 τῆς
3616 1888 3807 1939 οἰκου-

539 1978 766 2050 ἐρασταὶ
811 1978 905 2030 καὶ
953 1977 1254 2030 ἐπαινέται.
1299 1975 1414 2027 υύκ
1460 1974 1606 2028 ἔστιν
1653 1973 1988 2046 ἐντρυφῆσαι
2043 1971 2120 2044 τῷ
2226 1981 2392 2050 μένης
2421 1979 2488 2032 τὰ
2519 1980 2730 2050 πέρατα
2772 1973 2908 2049 (οἶδα
2936 1976 3122 2030 τοῦτον
3153 1975 3342 2046 πρώην
3387 1977 3676 2045 γυμνάσας
3714 1976 3810 2027 16v

538 2067 681 2136 λόγῳ
705 2065 803 2134 τῆς
835 2063 1111 2134 ἀληθείας,
1142 2063 1215 2133 μὴ
1243 2061 1482 2130 διψῶντα
1520 2061 1612 2114 τὸν
1653 2061 1808 2128 λόγον
1836 2063 1932 2130 τῆς
1973 2061 2120 2114 διδα-

543 2153 794 2216 σκαλίας.
825 2153 935 2204 Καὶ
973 2150 1160 2221 ῶσπερ
1193 2150 1292 2202 οὐκ
1321 2149 1434 2202 ἐστι
1468 2150 1542 2219 μὴ
1588 2148 1826 2217 διψῶντα
1861 2149 1956 2202 καὶ
2002 2164 2122 2200 πει-

2222 2069 2377 2136 λόγον
2397 2086 2410 2099 ο
2453 2067 2602 2140 [404]
2637 2067 2750 2122 ἀλλ’
2779 2065 3220 2134 ἐπαναλαμϐἀνω
3263 2064 3398 2134 πρὸς
3431 2064 3768 2133 ὑπόμνησιν)
3791 2080 3805 2091 ο

2225 2156 2379 2210 καλεῖ
2415 2153 2590 2208 τοίνυν
2623 2154 2833 2224 Καινὴν
2880 2152 3153 2222 Διαθήκην
3187 2152 3325 2222 πρὸς
3375 2151 3811 2220 ἀντιπαραθεσιν

541 2241 719 2295 νῶντα
763 2240 935 2311 ἡδέως
985 2237 1291 2293 ἀπολαῦσαι
1339 2238 1574 2308 τροφῆς,
1619 2236 1794 2300 οὕτως
1838 2235 1938 2289 οὐκ
1979 2234 2125 2288 ἐστιν
2223 2243 2322 2312 τῆς
2350 2241 2754 2312 γεγηρακυίας·
2779 2242 3081 2312 κρείττονα,
3115 2239 3247 2310 πρὸς
3275 2237 3684 2308 ἀντιδιαστολὴν
3713 2239 3812 2306 5;;

543 2328 878 2398 ὲντρυφῆσατ»
928 2326 1072 2396 λόγῳ
1121 2325 1396 2396 ἀληθείας,
1434 2324 1508 2395 μὴ
1555 2323 1791 2394 διψῶντα
1832 2322 1926 2376 τοῦ
1971 2321 2124 2389 ἁγίου
2227 2328 2772 2402 ἐλάττονος,,αἱώνιον
2802 2327 2937 2400 πρὸς
2964 2327 3390 2396 ἀντιπαράθεσιν
3418 2325 3518 2395 τῆς
3551 2325 3814 2396 προσκαί-

545 2415 862 2484 Πνεύματος
906 2413 1004 2482 τὴν
1051 2411 1420 2465 διδασκαλίαν.
1475 2410 1568 2463 Διό
1617 2427 1782 2480 φησιν
1823 2410 1852 2462 6
1896 2409 2123 2480 Σωτήρ·

547 2503 834 2570 Μακάριοι
867 2503 923 2554 oi
957 2498 1278 2563 πεινῶντες
1316 2497 1414 2550 καὶ
1443 2495 1736 2565 διψῶντες
1764 2495 1878 2563 τὴν
1908 2495 2130 2548 δικαιο-

2233 2435 2344 2489 ρου.
2371 2416 2543 2470 Καλεῖ
2572 2415 2739 2486 αὐτὴν
2767 2415 2858 2468 καὶ
2886 2413 3144 2485 δευτέραν
3166 2412 3462 2482 Διαθήκην.
3493 2411 3592 2463 Διά
3621 2410 3674 2461 τί
3703 2409 3820 2461 δευ-

2229 2505 2394 2576 τέραν
2409 2504 2549 2570 ;Ἴνα
2561 2506 2627 2574 τῇ
2651 2501 2842 2573 γνώμῃ
2868 2501 3096 2574 συνάψῃ.
3113 2500 3187 2552 T6
3208 2500 3314 2570 γὰρ
3331 2499 3821 2568 ἀπεσχοινισμένον

547 2591 770 2658 σύνηνι
799 2587 885 2642 ὅτι
919 2586 1089 2642 αὐτοὶ
1124 2584 1664 2656 χορτασθήσονταιο
1703 2585 1766 2635 Ἦ
1792 2581 1996 2653 ἀληθὴς
2023 2582 2132 2635 τῶν
2231 2593 2374 2656 τινὸς
2403 2591 2650 2662 δεύτερον
2672 2593 2732 2644 οὐ
2760 2591 2996 2660 λέγεται.
3030 2589 3167 2643 Ἀλλ’
3196 2589 3385 2660 ἐπειδὴ
3419 2587 3550 2650 Θεὸς
3585 2587 3818 2656 ἐλάλησε

551 2677 738 2748 ψυχῶν
769 2674 964 2746 τροφὴ,
1004 2675 1038 2744 ἠ
1067 2672 1270 2743 ἀληθὴς
1297 2671 1404 2724 τῶν
1437 2669 1677 2722 εὐσεϐῶν
1704 2671 1902 2741 τρυφὴ,
1937 2672 1966 2723 6
2003 2669 2135 2740 ἁλη-

2235 2681 2330 2735 καὶ
2374 2681 2431 2732 ἐν
2472 2681 2539 2750 τῇ
2565 2681 2774 2750 πρώτῃ,
2804 2679 2899 2732 καὶ
2939 2679 2996 2732 ἐν
3018 2679 3083 2748 τῇ
3113 2677 3360 2747 δευτέρᾳ,
3396 2678 3424 2728 ὁ
3453 2674 3617 2736 αὐτὸς
3661 2674 3825 2726 καλεῖ

555 2764 652 2836 θὴς
678 2763 784 2816 τῶν
813 2760 1050 2814 εὐσεϐῶν
1079 2758 1306 2822 πλοῦτος
1332 2759 1360 2810 6
1389 2757 1481 2810 τοῦ
1510 2757 1644 2810 Θεοῦ
1675 2756 1848 2825 λόγος,
1875 2759 1903 2810 6
1928 2756 2015 2810 διὰ
2040 2755 2137 2811 τοῦ
2237 2767 2460 2840 πρώτην
2501 2769 2594 2820 καὶ
2636 2767 2917 2837 δευτέραν,
2965 2765 3045 2836 τῷ
3093 2764 3314 2838 ἀριθμῷ
3367 2762 3462 2833 τὴν
3496 2763 3825 2834 cum”,th

559 2849 718 2903 Δαυῖδ
749 2848 953 2917 λέγων’
990 2847 1118 2899 ποτέ
1156 2845 1252 2916 μὲν
1286 2845 1394 2914 γὰρ
1432 2843 1508 2904 ώς
1543 2842 1790 2896 πλουτῶν
1839 2841 2134 2913 ἐναϐρύνε-

560 2956 670 3003 ται,
698 2937 827 2990 ποτέ
855 2935 912 2989 δέ
943 2935 1020 2998 ὡς
1045 2933 1268 3006 τρυφῶν
1288 2973 1303 2997 ,
1337 2933 1430 2986 καὶ
1461 2931 1607 2999 λέγει
1626 2947 1639 2960 ⁸
1677 2930 1774 2996 Ὠς
1809 2929 2035 3000 γλυκέα
2061 2929 2141 2994 τῷ

561 3026 815 3096 λάρυγγί
840 3041 960 3094 μου
986 3022 1057 3076 τὰ
1088 3019 1263 3090 λόγια
1287 3036 1426 3082 σου,
1451 3017 1602 3086 ὑπὲρ
1623 3019 1764 3087 μέλι
1798 3018 1899 3071 και
1934 3017 2148 3086 κηρίον

562 3114 643 3182 τῷ
682 3113 935 3184 στόματί
973 3130 1115 3182 μου.
1159 3107 1424 3164 Ἐνταῦθα
1473 3106 1566 3160 τοῦ
1609 3105 1922 3178 τρυφῶντος
1967 3106 2145 3176 ἀφῆκε

564 3205 768 3274 φωνήν.
797 3200 991 3272 Τρυφὴ
1021 3198 1129 3271 γὰρ
1153 3193 1222 3270 ἦν
1249 3195 1443 3267 αὐτῷ)
1463 3197 1491 3249 6
1522 3195 1616 3248 τοῦ
1643 3193 1777 3248 Θεοῦ
1803 3195 1986 3264 λόγος·
2021 3210 2086 3244 πε
2097 3193 2149 3262 ρὶ

564 3286 625 3346 οῦ
653 3290 912 3353 πολλάκις
939 3289 1118 3356 ἔλεγε·
1149 3285 1625 3354 Κατατρύφησον
1647 3283 1754 3337 τοῦ
1779 3283 2022 3350 Κυρίου,
2049 3279 2149 3334 καὶ

567 3379 686 3445 δῴη
719 3394 817 3432 σοι
847 3380 917 3431 τὰ
948 3375 1237 3444 αἰτήματα
1271 3373 1380 3442 τῆς
1429 3372 1677 3440 καρδίας
1715 3386 1853 3424 σου.
1890 3367 2148 3438 Ἀλλαχοῦ

567 3467 626 3520 δὲ
676 3466 772 3534 οὐχ
816 3465 892 3526 ὡς
937 3461 1158 3532 τρυφῶν
1215 3460 1394 3531 μόνον,
1446 3459 1583 3513 ἀλλὰ
1637 3459 1730 3511 καὶ
1777 3457 1852 3520 ὡς
1908 3455 2152 3510 πλουτῶν

569 3551 1030 3620 ἐγκαλλωπίζεται
1059 3547 1136 3618 τῷ
1173 3546 1386 3618 πλούτῳ
1413 3546 1505 3599 τοῦ
1529 3546 1716 3616 νόμου,
1747 3545 1951 3612 λέγων·
1993 3545 2148 3612 Ἀγα-

571 3644 680 3698 θόν
697 3653 799 3710 μοι
829 3642 862 3692 ό
891 3641 1074 3708 νόμος
1103 3637 1208 3691 τοῦ
1231 3636 1528 3705 στόματός
1557 3651 1674 3689 σου
1703 3633 1853 3701 ὑπὲρ
1881 3632 2154 3700 χιλιάδας

572 3728 829 3799 χρυσίου
879 3725 977 3779 καὶ
1032 3725 1340 3794 ἀργιψίου.
1393 3720 1547 3785 Εἶδες
1590 3721 1804 3792 τρυφὴν
1849 3719 2152 3782 εὐσεϐείας,

573 3817 668 3870 καὶ
698 3813 924 3868 πλοῦτον
975 3814 1031 3864 ἐν
1063 3810 1415 3882 δικαιοσύνῃ;
1458 3811 1548 3862 Δεῖ
1591 3809 1770 3862 τοίνυν
1810 3809 1956 3880 ἡμᾶς
1997 3807 2155 3878 διψᾷν

571 3904 642 3957 τὰ
669 3903 786 3956 θεῖα
807 3941 822 3964 ,
865 3901 961 3954 καὶ
994 3901 1182 3970 πεινᾷν
1211 3897 1280 3952 τὰ
1325 3897 1577 3968 οὐράνια,
1625 3896 1718 3949 καὶ
1741 3894 1885 3966 ἔχειν
1927 3893 2154 3963 ἄφθονον

575 3993 674 4064 τὴν
706 3991 1002 4047 ἀπόλαυσιν
1035 3993 1098 4043 ἐκ
1129 3989 1228 4057 τῆς
1273 3985 1559 4058 βασιλικῆς
1617 3984 1709 4038 τοῦ
1745 3983 1980 4056 Χριστοῦ
2028 4001 2158 4054 τρα·

577 4077 769 4146 πέζης,
799 4072 1117 4143 ἀντέχεσθαι
1146 4072 1203 4124 δὲ
1247 4069 1341 4123 τοῦ
1381 4068 1713 4138 Εὐαγγελίου
1741 4068 1842 4138 τῆς
1864 4067 2154 4138 σωτηρίας,

573 4165 637 4218 οὐ
666 4163 764 4217 νῦν
801 4160 1132 4234 ἀρξαμένου,
1157 4157 1293 4212 ἀλλά
1329 4158 1386 4210 ἐν
1411 4160 1524 4220 τοῖς
1561 4158 1866 4226 προφήταις
1901 4154 2158 4225 θεμελιω-

577 4252 779 4316 θέντος,
809 4251 902 4304 καὶ
935 4250 991 4301 ἐν
1035 4250 1147 4311 τοῖς
1178 4244 1494 4307 ἀποστόλοις
1526 4242 1966 4312 οἰκοδομηθέντος
1992 4252 2038 4295 ε.
2081 4241 2154 4294 Οὐ

578 4340 686 4410 γὰρ
716 4339 807 4408 ἀφ’
841 4331 902 4391 οῦ
949 4335 1120 4404 ἐφάνη
1169 4333 1422 4404 Χριστὸς,
1463 4331 1524 4384 τὸ
1551 4329 1877 4398 Εὐαγγέλιον
1918 4329 2154 4400 ἦρξατοο

578 4428 691 4482 ἀλλ’
723 4424 994 4498 ὲρριςώθη
1041 4423 1140 4493 μέν
1178 4423 1236 4474 ἐν
1285 4423 1404 4482 ταῖς
1449 4417 1652 4489 βίϐλοις
1684 4417 1792 4470 τῶν
1842 4415 2158 4487 προφητῶν,

582 4515 877 4582 ἐϐλάστησε
905 4511 963 4564 δέ
1005 4513 1062 4564 ἐν
1093 4508 1170 4579 τῷ
1198 4507 1513 4578 κηρύγματι
1553 4505 1660 4558 τῶν
1688 4504 2020 4560 ἀποστόλων.
2060 4503 2161 4557 Διά

577 4600 738 4656 τοῦτο
768 4603 796 4652 6
828 4597 1038 4660 Παῦλος
1069 4594 1348 4666 βουληθεὶς
1382 4593 1573 4659 δεῖξαι,
1613 4593 1693 4646 ὅτι
1725 4590 1786 4644 16
1833 4590 2163 4659 Εὐαγγέλιον

580 4691 681 4746 οὐκ
711 4688 818 4744 ἀπὸ
855 4688 956 4759 τῆς
984 4683 1292 4756 οἰκονομίας
1334 4681 1557 4753 ἤρξατο,
1600 4681 1714 4736 ἀλλ’
1740 4680 1848 4733 ἀπὸ
1885 4680 1993 4734 τῶν
2027 4697 2153 4750 προ.

507 4773 510 4784 ’
586 4777 771 4850 φητῶν
793 4776 1021 4847 ἔλαμψε,
1045 4774 1132 4827 διὰ
1155 4771 1257 4841 τῆς
1285 4767 1599 4838 οἰκονομίας
1627 4767 1756 4820 αὐτὸ
1777 4764 2128 4836 διαγορεύειά
2144 4781 2158 4795 ο

585 4866 826 4932 Παῦλος
859 4863 1079 4928 δοῦλος
1109 4858 1302 4928 Ἰησοῦ
1329 4854 1606 4926 Χριστοῦ,
1638 4853 1859 4921 κλητὸς
1884 4853 2164 4908 Ἀπόστο-

587 4959 716 5020 λος,
751 4950 1164 5023 ἀφωρισμένος
1200 4949 1289 5014 εις
1317 4942 1688 5014 Εύαγγέλιον
1735 4941 1904 5006 Θεοῦ,
1949 4940 1981 4994 6
2019 4957 2164 5009 προ-

589 5041 983 5110 επηγγείλατο
1015 5037 1114 5091 διὰ
1145 5033 1265 5088 τῶν
1315 5029 1636 5100 προφητῶν
1667 5027 1851 5082 αὐτοῦ
1905 5028 1976 5081 ἐν
2010 5031 2166 5096 Γρα-

590 5126 730 5197 φαῖς
761 5127 954 5195 ἁγίαις
993 5123 1125 5192 περὶ
1173 5121 1278 5177 τοῦ
1330 5119 1467 5173 ΥΙοῦ
1521 5116 1708 5172 αὑτοῦ
1738 5115 2060 5187 γενομένου
2097 5115 2164 5169 ἐκ

591 5213 931 5282 σπέρματος
958 5210 1138 5264 Δαυῒδ
1170 5207 1320 5263 κατὰ
1349 5205 1567 5276 σάρκα.

660 5345 684 5373 ³
714 5343 852 5391 Unus
873 5342 998 5402 Reg.
1020 5342 1273 5402 ὑποφῆται.

657 5404 686 5446 δ
709 5404 894 5455 Orhnes
915 5395 1029 5450 ῐῐῖὲε.
1054 5395 1148 5509 γὰὲ
1168 5395 1227 5469 ἦν
1247 5399 1394 5470 αὐτῷ.
1425 5398 1556 5448 Edili
1590 5398 1678 5460 γὰρ
1694 5395 1784 5466 ρῦν
1801 5396 1958 5468 αὐτῷ,
1980 5395 2166 5445 Ibidem

657 5481 768 5509 mos
809 5479 921 5509 mm
945 5465 971 5509 6
997 5479 1082 5509 του
1152 5478 1231 5508 εου
1253 5462 1409 5509 λογος.
1441 5460 1558 5508 Mor.
1578 5461 1605 5506 6
1637 5475 1722 5506 του
1747 5464 1872 5506 Θεου
1905 5458 2046 5509 φοϐος
2087 5459 2166 5504 καὶ

593 5481 768 5518 omnes
809 5479 921 5513 mss.
945 5465 971 5511 6
997 5458 1082 5510 τοῦ
1108 5458 1231 5509 Θεοῦ
1253 5458 1409 5520 λόγος,
1441 5460 1558 5508 Mor.
1578 5461 1605 5506 6
1637 5458 1722 5506 τοῦ
1747 5458 1872 5506 θεοῦ
1905 5458 2046 5520 φόϐος
2087 5459 2168 5520 καὶ

594 5517 748 5598 λύγος,
779 5528 884 5598 Μ,οι
908 5527 1005 5598 όιιο
1026 5536 1142 5598 [ηεξ.
1161 5517 1523 5598 κατατρύφησον
1545 5523 1614 5582 τῷ
1638 5521 1818 5583 Κυρίῳ,
1847 5527 1900 5568 el
1915 5517 1988 5568 Sic
2008 5522 2057 5568 in
2086 5517 2171 5568 Bi-

593 5584 932 5654 bli'isjlegiitur.
961 5584 1130 5635 Morel.
1159 5584 1464 5654 τοῦ-ξζυρίρυ.

659 5654 684 5683 ⁸
707 5640 912 5701 δίουᾱυο
932 5661 1044 5697 mss.
1069 5652 1224 5694 recte.
1251 5640 1423 5692 Μοίρι.
1452 5649 1504 5690 el
1529 5640 1680 5690 Savil.
1704 5642 2014 5705 ἀρξάμενοι...
2035 5641 2171 5704 θεμε-

596 5715 852 5768 lumine;
865 5749 896 5761 ..
905 5751 915 5763 .
941 5708 1339 5770 οἰκοδομηθέντες.

660 5772 690 5816 δ
717 5763 849 5826 υιιυὲ
873 5763 1168 5835 οἰκονομίας,
1186 5769 1310 5817 οὕτω
1336 5783 1436 5822 πως
1459 5763 1735 5828 διαγορεύει.

2240 2855 2626 2927 ἐργαζόμενος.
2653 2854 2753 2907 Διά
2790 2853 2950 2908 τοῦτο
2976 2856 3005 2908 6
3037 2853 3246 2918 Παῦλος
3277 2853 3578 2920 ἀδιαίρετον
3616 2851 3826 2921 κηρύτ-

2242 2960 2350 2995 των
2376 2941 2650 3012 βασιλείαν
2682 2941 2914 3011 Πατρός,
2943 2943 3037 2996 καὶ
3071 2941 3221 3006 Υίοῦ,
3256 2941 3351 2993 καὶ
3379 2939 3532 3007 ἀγίου
3569 2939 3826 3009 Πνεῦμα-

2246 3048 2356 3094 τος,
2392 3031 2520 3084 ποτέ
2561 3031 2660 3101 μὲν
2683 3030 2840 3084 καλεῖ
2862 3029 2923 3082 16
2947 3029 3276 3098 Εὐαγγέλιον
3307 3027 3400 3082 τοῦ
3427 3026 3562 3080 Θεοῦ
3597 3027 3691 3080 τοῦ
3709 3029 3824 3082 Πα-

2245 3118 2372 3189 τρδς
2403 3117 2448 3181 ί,
2488 3117 2618 3170 ποτέ
2663 3117 2720 3170 66
2754 3117 2850 3170 τοῦ
2882 3117 3036 3180 Υίοῦ,
3070 3116 3270 3184 λέγων·
3315 3115 3556 3180 Παῦλος
3601 3114 3830 3179 δοῦλος

2261 3205 2454 3272 Ἰησοῦ
2497 3204 2775 3272 Χριστοῦ,
2807 3203 3030 3272 κλητὸς
3062 3205 3452 3268 Ἀπόστολος.
3484 3202 3828 3271 ἀφωρισμέ-

2247 3309 2354 3358 νος
2386 3295 2472 3357 εις
2501 3292 2871 3361 Εὑαγγέλιον
2903 3291 3072 3347 Θεοῦ.
3107 3291 3247 3344 Ἀλλ’
3289 3292 3377 3344 ἵνα
3426 3291 3499 3362 μή
3531 3307 3616 3353 τις
3656 3290 3829 3342 ἀκού-

2253 3396 2384 3446 σας,
2431 3379 2760 3448 Εὐαγγέλιον
2808 3379 2967 3445 Θεοῦ,
3022 3379 3222 3451 νομίσῃ
3258 3378 3350 3432 τὸν
3384 3377 3513 3431 Υἰὸν
3557 3376 3634 3448 μὴ
3683 3377 3834 3446 ἔχειν

2252 3467 2539 3521 αὐθεντίαν
2568 3467 2647 3530 είς
2680 3465 2740 3520 16
2769 3467 3051 3536 κήρυγμα,
3075 3467 3132 3518 ἐν
3156 3468 3220 3535 τῇ
3257 3465 3392 3536 αὐτῇ
3417 3465 3707 3534 Ἐπιστολῇ
3744 3482 3834 3534 μι-

2253 3555 2383 3626 κρὸν
2412 3553 2621 3616 ὑποϐὰς
2653 3552 2828 3622 λέγει·
2862 3552 3106 3620 Μάρτυς
3140 3551 3250 3621 γάρ
3268 3569 3372 3621 μοι
3397 3550 3568 3604 ἐστιν
3597 3554 3632 3604 ό
3663 3551 3829 3616 Θεὸς,

2251 3635 2300 3707 ᾧ
2337 3641 2603 3708 λατρεύω
2627 3640 2696 3695 ἐν
2734 3638 2812 3704 τῷ
2857 3640 3151 3707 πνεύματί
3187 3657 3327 3708 μου,
3351 3640 3422 3692 ὲν
3456 3637 3534 3703 τῷ
3571 3641 3833 3708 Εὐαγγε-

2251 3729 2362 3796 λίῳ
2393 3729 2500 3782 τοῦ
2543 3727 2680 3782 Υίοῦ
2716 3727 2920 3782 αὐτοῦ.
2953 3721 3102 3790 Εἶδες
3131 3726 3190 3779 16
3221 3725 3406 3796 θαῦμα
3437 3725 3529 3779 τοῦ
3568 3728 3827 3795 κήρυκος,

2255 3819 2350 3874 καὶ
2378 3819 2476 3890 τὴν
2518 3818 2932 3890 ἀπηρτισμένην
2961 3817 3229 3881 διὰνοιαν;
3253 3817 3372 3870 Ἰνα
3407 3817 3481 3887 μὴ
3513 3815 3744 3887 νομισθῇ
3774 3817 3834 3869 ἐν

2258 3912 2356 3984 μὲν
2387 3909 2465 3981 τῷ
2505 3910 2653 3981 νόμῳ
2689 3909 2832 3976 ἄλλῳ
2864 3906 2982 3978 Θεῷ
3022 3907 3312 3971 δουλεύειν,
3355 3909 3412 3961 ἐν
3445 3907 3501 3960 δέ
3543 3905 3619 3977 τῷ
3648 3908 3830 3974 Εὐαγ-

2255 4004 2418 4076 γελίῳ
2445 4003 2581 4074 πρὸς
2604 4002 2760 4057 ἀλλον
2775 3997 3006 4072 ’χωρεῑν,
3037 4000 3185 4068 λέγει
3201 4019 3214 4031 θ
3237 4000 3581 4067 Εὐλογητὸς
3603 4003 3636 4053 ό
3663 4000 3830 4065 Θεὸς,

2255 4089 2302 4163 ᾧ
2329 4096 2592 4166 λατρεύω
2619 4094 2738 4148 ἀπὸ
2766 4092 3076 4161 προγόνων
3100 4091 3170 4145 ἐν
3199 4090 3428 4160 καθαρᾷ
3453 4092 3822 4158 συνειδήσει.

2257 4188 2330 4241 Οὐ
2364 4186 2472 4257 γὰρ
2515 4187 2608 4239 ἀπ’
2637 4184 2820 4251 ἄλλου,
2855 4181 3012 4252 φησὶ,
3049 4182 3186 4252 πρὸς
3229 4182 3387 4236 ἀλλον
3433 4182 3686 4254 ἔδραμον,
3719 4183 3834 4234 ἀλλ’

2257 4279 2317 4334 ὃν
2351 4273 2495 4349 εἶχον
2521 4278 2577 4330 ἐν
2601 4276 2814 4346 ἀγνοίᾳ,
2843 4273 3176 4345 προσέλαϐον
3197 4275 3253 4326 ἐν
3281 4273 3500 4342 γνώσει.
3534 4275 3644 4327 Καὶ
3676 4275 3838 4338 πάλιν

2260 4371 2289 4422 6
2321 4369 2481 4431 αὐτὸς
2514 4365 2791 4436 βουληθεὶς
2834 4365 3034 4432 δεῖξαι,
3081 4366 3161 4418 ὅτι
3211 4365 3279 4419 τὰ
3329 4366 3552 4436 ῥήματα
3593 4366 3694 4436 τῆς
3727 4368 3838 4422 Πα-

2261 4456 2413 4520 λαιᾶς
2435 4455 2706 4525 Διαθηκης
2735 4454 2829 4507 καὶ
2853 4455 2953 4524 τῆς
2968 4453 3111 4516 Νέας
3144 4453 3261 4516 ἐνός
3287 4454 3404 4505 ἐστι
3435 4454 3718 4524 στόματος,
3749 4457 3841 4506 καὶ

2261 4547 2379 4609 ἐνὸς
2418 4545 2706 4607 Δεσπότου,
2757 4545 2885 4615 μίαν
2934 4544 3237 4616 μαρτυρίαν
3281 4543 3650 4616 ἀπο-Γραφῇ
3701 4562 3844 4616 παρα

2263 4641 2476 4708 ήγαγε,
2535 4636 2848 4708 συμπλέξας
2891 4635 2971 4707 τῷ
3022 4636 3362 4706 εὐαγγελικῷ
3413 4635 3558 4707 λόγῳ
3590 4637 3688 4707 τὴν
3734 4639 3844 4690 Ila.-

2263 4731 2440 4795 λαιὰν,
2475 4729 2569 4783 καὶ
2605 4728 2786 4797 λέγει·
2817 4729 3182 4799 Γέγραπται·
3224 4732 3306 4784 Οὐ
3357 4728 3642 4798 φιμώσεις
3685 4729 3850 4794 ,Βοῦν

2263 4820 2570 4877 ἀλοῶνταο
2609 4821 2722 4888 καὶ,
2757 4821 2951 4886 Ἄξιος
2989 4823 3022 4875 ὀ
3059 4819 3312 4891 ἐργάτης
3345 4821 3452 4876 τοῦ
3477 4821 3701 4890 μισθοῦ
3737 4824 3846 4876 αὐ-

2264 4914 2391 4968 τοῦ.
2431 4913 2506 4966 Τὸ
2541 4912 2640 4984 μὲν
2673 4913 2803 4984 γὰρ,
2841 4915 2924 4966 Οὐ
2961 4913 3270 4982 φιμώσεις,
3316 4913 3556 4984 Μωῦσῆς
3596 4911 3749 4966 εἷπε·
3786 4915 3845 4966 τὸ

2267 5009 2344 5075 δὲ,
2377 5007 2568 5074 Ἄξιος
2589 5009 2635 5060 ’ό
2667 5004 2917 5076 ἐργάτης
2942 5005 3047 5059 τοῦ
3076 5004 3299 5074 μισθοῦ
3325 5005 3532 5067 αὑτοῦ,
3557 5006 3587 5057 6
3615 5006 3848 5074 Χριστὸς

2266 5102 2326 5155 ἐν
2369 5103 2481 5163 τοῖς
2517 5099 2885 5167 Εὐαγγελίοις.
2939 5096 3075 5150 Ἀλλ’
3118 5097 3204 5150 ἵνα
3248 5096 3397 5169 δείξῃ
3441 5098 3524 5150 ὅτι
3570 5096 3630 5148 ἓν
3676 5096 3848 5165 στόμα

2268 5192 2496 5245 κάκεῖνα
2533 5190 2626 5242 καὶ
2666 5189 2834 5242 ταῦτα
2879 5187 3125 5259 ἐλάλησε,
3172 5186 3239 5241 τά
3269 5190 3381 5252 τοῖς
3416 5188 3629 5259 χρόνοις
3665 5188 3848 5261 διῃρη-

2273 5284 2408 5356 μένα
2437 5283 2636 5354 συνῆψε
2671 5285 2736 5353 τῇ
2768 5280 3055 5350 συμφωνίᾳ
3087 5282 3184 5350 τῆς
3209 5279 3480 5348 ἀληθείας,
3505 5278 3675 5331 εἰπών
3696 5296 3710 5309 ·
3740 5280 3787 5331 Γ
3790 5278 3848 5330 ἐ-

2269 5389 2542 5445 γραπταν
2576 5373 2662 5429 Οὐ
2692 5372 2977 5442 φιμώσεις
2995 5370 3156 5436 ,βοῦν
3180 5371 3484 5425 ἀλοῶν-τω
3516 5370 3628 5433 καὶ,
3661 5369 3849 5432 Ἄξιος

2275 5468 2308 5519 ό
2335 5463 2590 5532 ἐργάτης
2616 5463 2720 5516 τοῦ
2752 5461 2975 5533 μισθοῦ
3015 5460 3220 5514 αὐτοῦ.
3263 5460 3465 5514 Τούτου
3497 5460 3589 5514 τοῦ
3612 5459 3852 5527 Εὐαγγε-

2345 5647 2368 5674 ο
2394 5632 2531 5682 Idem
2559 5637 2672 5695 post
2724 5633 2950 5695 διαθήκην
2997 5632 3139 5695 addit_
3173 5633 3291 5680 ποτὲ
3329 5633 3379 5680 δὲ
3407 5632 3528 5680 νέαν.
3557 5629 3683 5680 Infra
3705 5630 3861 5680 τοίνυν

2276 5705 2389 5758 post
2409 5696 2542 5758 κοιλεῖ
2563 5691 2623 5743 Eax
2655 5693 2976 5758 ῥυοὶιιιξιηιεεἶ
3001 5691 3240 5756 adjicilur.

2351 5755 2368 5796 ί
2415 5756 2549 5806 Unus
2571 5755 2694 5806 Θεοῦ
2714 5757 2790 5804 καὶ
2819 5755 3019 5817 Πατρός.
