3958 6186
1363 275 1645 332 HOMILIA
1682 277 1768 332 DE
1803 279 2298 338 LEGISLATORE.

3356 289 3462 347 598

203 1039 378 1088 UNUM
428 1041 508 1083 ET
564 1041 836 1085 EUMDEM
896 1042 1042 1087 ESSE
1102 1044 1580 1093 ιεϐιεωτοιιειί
1641 1050 1720 1092 ΕΤ
1769 1053 1773 1060 “

1855 1053 2036 1097 TEBIS
2084 1056 2162 1096 ET
2226 1057 2372 1100 Νονι
2420 1059 2854 1115 TESTAMENTI;
2920 1066 3070 1110 ITEM
3132 1069 3210 1110 υΕ
3259 1072 3452 1122 γιςετιι

1069 1171 1496 1223 εαοειιοοτηι
1533 1177 1548 1214 :
1588 1176 1841 1220 necnon
1890 1178 1970 1218 ne
2021 1180 2439 1224 roemrenru
2480 1164 2585 1245 (α).

259 2027 311 2082 l.
344 2028 508 2100 Regni
546 2027 742 2084 Christi
774 2029 1105 2101 evangelium
1138 2031 1412 2102 prophetae
1439 2033 1729 2103 prmdicant
1751 2072 1769 2098 ,

193 2120 418 2173 ministri
451 2135 576 2176 vero
616 2136 768 2175 novae
796 2123 982 2191 gratiae
1034 2123 1163 2178 illud
1194 2125 1369 2195 ipsum
1417 2125 1774 2194 interpretan-

190 2219 290 2274 tur,
347 2210 538 2266 divinae
590 2220 768 2267 autem
816 2213 1074 2269 doctrinm
1130 2215 1421 2282 auditores,
1481 2225 1770 2285 amatores,

181 2309 334 2370 atque
364 2301 690 2369 laudatores,
715 2303 766 2358 id
787 2305 959 2374 ipsum
982 2307 1393 2376 amplectuntur.
1424 2307 1606 2378 Neque
1625 2309 1769 2364 enim

180 2392 288 2447 ﬁeri
316 2402 503 2464 potest
529 2406 588 2450 ut
616 2397 736 2466 quis
773 2412 1022 2454 sermone
1050 2400 1292 2454 veritatis
1318 2400 1638 2469 oblectatur,
1679 2401 1770 2472 qui

175 2484 436 2542 doctrinae
460 2502 767 2544 sermonem
788 2504 893 2544 non
909 2490 1214 2547 avidissime
1239 2500 1475 2560 expetat.
1506 2493 1772 2561 Quemad-

174 2577 398 2632 modum
444 2579 624 2646 enim,
665 2581 708 2634 si
750 2580 869 2651 quis
917 2597 1092 2652 neque
1137 2583 1284 2638 sitiat
1325 2599 1496 2654 neque
1544 2585 1764 2652 esuriat,

174 2671 378 2724 nullam
407 2685 478 2726 ex
519 2671 640 2727 cibo
669 2681 902 2744 potaque
936 2675 1259 2745 voluptatem
1297 2678 1440 2747 capit
1474 2695 1487 2729 :
1515 2678 1593 2732 sic
1624 2678 1767 2732 veri-

172 2762 287 2815 tatis
302 2761 484 2816 verbo
498 2777 659 2818 nemo
685 2763 996 2827 delectatur.
1015 2767 1104 2834 qui
1135 2766 1366 2838 Spiritus
1386 2768 1554 2823 sancti
1574 2758 1768 2823 doctri-

171 2865 284 2905 nam
305 2866 425 2907 non
453 2853 587 2908 sitit.
613 2853 792 2924 Itaque
809 2854 1061 2910 Servator
1079 2858 1152 2910 ait
1172 2874 1184 2909 :
1207 2855 1349 2911 Beati
1373 2858 1461 2925 qui
1479 2859 1701 2912 esuriunt
1717 2866 1766 2912 et

168 2944 336 2997 sitiunt
343 2946 630 3014 justitiam,
653 2949 889 3016 quoniam
903 2949 1002 3018 ipsi
1015 2949 1336 3003 satiabuntur
1354 2949 1568 3022 (Matth.
1593 2951 1647 3006 5.
1678 2949 1758 3020 6).

171 3033 332 3090 Verus
351 3036 662 3091 animarum
673 3038 846 3106 cibus,
867 3054 1006 3095 verte
1023 3039 1229 3108 piorum
1259 3040 1485 3109 delicize,
1502 3057 1644 3098 verae
1657 3043 1764 3112 pio-

167 3141 275 3180 rum
296 3127 536 3196 divitiae,
565 3143 744 3184 sermo
771 3129 864 3186 Dei
894 3141 998 3198 est,
1027 3133 1116 3202 qui
1143 3148 1238 3202 per
1265 3133 1512 3190 Davidica
1548 3136 1764 3191 oracula

166 3215 442 3288 loquitur:
474 3219 763 3286 interdum,
795 3221 941 3278 velut
987 3223 1156 3291 dives,
1183 3225 1462 3295 gloriatur,
1493 3226 1758 3282 interdum

163 3311 350 3367 delicia
363 3319 454 3367 tur
480 3330 495 3379 ;
519 3322 574 3368 et
592 3315 668 3368 ait
701 3334 712 3369 :
741 3315 907 3381 Quam
943 3316 1117 3371 dulcia
1154 3317 1386 3386 faucibus
1415 3320 1536 3374 meis
1561 3320 1761 3392 eloquia

161 3417 241 3460 tu
264 3423 434 3477 super
458 3407 558 3462 mel
583 3419 630 3462 et
653 3410 824 3478 favum
849 3410 926 3464 ori
954 3427 1062 3464 meo
1103 3409 1276 3480 (Psal.
1309 3413 1430 3468 118.
1462 3412 1611 3483 105)1
1636 3413 1760 3468 [lare

158 3501 382 3570 quidem
409 3502 549 3571 ejus,
594 3503 684 3572 qui
730 3502 936 3558 deliciis
985 3504 1198 3569 fruitur,
1241 3521 1342 3560 vox
1367 3514 1469 3562 est.
1501 3506 1632 3561 Nam
1664 3507 1757 3562 Dei

155 3595 382 3649 verbum
402 3595 506 3664 ipsi
536 3593 744 3651 delicize
768 3607 938 3651 erant.
971 3596 1085 3663 Qua
1109 3597 1177 3652 de
1202 3613 1261 3652 re
1287 3598 1412 3652 alibi
1443 3612 1584 3669 saepe
1617 3617 1630 3652 :
1655 3598 1758 3653 De-

157 3688 334 3743 lectare
362 3689 419 3743 in
451 3686 694 3755 Domino,
729 3699 775 3743 et
796 3689 879 3743 det
904 3689 993 3743 tibi
1015 3690 1275 3758 petitiones
1295 3691 1461 3744 cordis
1487 3691 1560 3745 tui
1579 3688 1752 3760 (Psal.

153 3782 236 3836 36.
266 3784 346 3853 4).
383 3783 526 3837 Aliis
552 3797 680 3837 vero
709 3783 760 3836 in
785 3781 916 3837 locis
941 3798 1048 3838 non
1071 3791 1127 3837 ut
1145 3784 1236 3853 qui
1263 3783 1468 3838 deliciis
1488 3781 1756 3838 frueretur

154 3887 381 3942 tantum,
421 3875 522 3931 sed
555 3885 609 3929 ut
658 3875 935 3946 praedives,
973 3875 1184 3930 divitias
1215 3876 1345 3945 legis
1377 3885 1628 3942 ostentat,
1669 3877 1752 3931 di-

151 3983 294 4033 cens,
324 3967 537 4023 Bonum
565 3969 690 4022 mihi
710 3969 792 4022 lea:
819 3968 920 4022 oris
962 3969 1034 4021 tui
1063 3984 1219 4036 super
1249 3967 1410 4021 millia
1437 3969 1550 4021 auri
1578 3978 1626 4022 et
1662 3985 1750 4021 ar-

149 4062 281 4130 genti
310 4059 496 4132 (Psal.
521 4061 648 4115 118.
673 4058 791 4129 72).
825 4059 1014 4114 Viden’
1044 4058 1264 4114 delicias
1291 4059 1521 4128 pietatis,
1542 4067 1597 4114 et
1617 4058 1753 4114 divi-

149 4154 243 4207 tias
258 4153 532 4222 justitiaa?
558 4152 701 4222 Ergo
730 4161 784 4208 et
808 4166 906 4206 nos
937 4167 1031 4222 par
1059 4161 1157 4216 est,
1187 4151 1272 4206 siti
1299 4161 1352 4206 ct
1388 4150 1531 4205 fame
1570 4165 1749 4207 rerum

147 4246 461 4302 divinarum
493 4245 684 4312 teneri,
726 4253 780 4300 et
805 4243 1032 4311 deliciis,
1064 4258 1095 4298 e
1137 4242 1278 4314 regia
1317 4241 1513 4298 Christi
1539 4257 1746 4308 mensa,

148 4338 425 4394 uberrime
466 4336 739 4402 exsatiari,
779 4335 1216 4405 evangeliumque
1264 4332 1450 4389 salutis
1495 4333 1746 4403 amplecti

145 4430 279 4497 quod
311 4444 428 4484 non
457 4442 598 4481 nunc
627 4427 855 4496 primum
886 4427 1049 4496 caepit
1075 4440 1089 4478 :
1115 4425 1209 4480 sed
1238 4425 1290 4479 in
1319 4425 1592 4495 prophetis
1620 4424 1745 4481 fun-

143 4522 318 4576 datum
341 4534 514 4590 atque
539 4536 570 4575 a
607 4520 701 4576 SS.
725 4519 986 4590 apostolis
1019 4519 1404 4574 exmdilicatum
1430 4527 1530 4574 est.
1562 4517 1744 4588 Neque

142 4617 275 4668 enim
304 4616 379 4669 ab
408 4629 480 4669 eo
505 4623 761 4683 tempore,
789 4627 896 4684 quo
925 4611 1165 4667 Christus
1201 4613 1253 4666 in
1279 4627 1439 4669 carne
1475 4613 1740 4683 apparuit,

143 4708 484 4780 evangelium
528 4706 724 4776 incepit
755 4724 768 4760 :
797 4705 892 4761 sed
938 4704 1106 4759 multo
1153 4715 1276 4760 ante
1316 4705 1368 4760 in
1413 4705 1738 4776 propheticis

142 4797 281 4852 libris
307 4797 530 4852 radices
555 4796 680 4867 egit,
715 4796 1038 4866 tandemque
1079 4796 1443 4866 aposmlorum
1475 4797 1737 4865 pra-dica-

143 4891 279 4949 tione
304 4891 570 4947 efﬂoruit.
602 4891 726 4946 Ideo
752 4891 965 4957 Paulus,
993 4906 1114 4945 cum
1151 4891 1479 4961 prepositum
1517 4890 1737 4948 haberet

139 4980 538 5046 demonstrare,
569 4981 903 5052 evangelium
932 4995 1037 5034 non
1076 4981 1145 5035 ab
1188 4980 1550 5036 incarnatione
1579 4975 1737 5038 ince-

142 5074 298 5140 pisse,
334 5072 437 5128 sed
471 5089 565 5143 per
592 5072 877 5143 prophetas
909 5072 1160 5138 eluxisse,
1201 5086 1294 5141 per
1321 5071 1733 5128 incarnationem

137 5163 367 5233 idipsum
404 5154 640 5234 loquitur
673 5181 686 5217 :
711 5162 906 5219 Paulus
931 5179 1102 5217 servus
1144 5161 1269 5216 Iesu
1295 5160 1501 5227 Christi,
1532 5173 1736 5220 vocatus

137 5257 424 5322 apostolus,
451 5265 740 5326 segregatus
764 5255 1155 5326 inlivaugelium
1185 5252 1304 5320 Dei,
1327 5255 1461 5324 quod
1476 5266 1593 5310 ante
1613 5273 1733 5326 pro-

139 5350 336 5406 miserat
391 5363 482 5416 per
537 5348 808 5417 prophetas
849 5361 966 5402 suos
1016 5349 1069 5401 in
1117 5347 1398 5418 Scriptnris
1439 5351 1625 5404 sanctis
1668 5351 1732 5406 de

141 5437 268 5493 Filio
313 5457 440 5505 suo,
487 5441 573 5508 qui
611 5443 774 5512 [actus
810 5451 883 5494 est
921 5457 984 5495 ex
1020 5441 1208 5495 semine
1240 5439 1410 5494 Dauid
1455 5442 1730 5497 secundum

133 5550 333 5589 carnem
369 5533 547 5602 (Rom.
585 5535 636 5589 1.
669 5535 831 5605 1-5).

155 5628 360 5684 Nomii
372 5628 742 5685 Testamentum
756 5647 847 5684 cur
855 5630 926 5685 sic
947 5629 1438 5700 appellatum—Non
1454 5630 1726 5701 ignorabat

189 5765 264 5828 (α)
299 5763 494 5816 Collata
515 5778 623 5817 cum
650 5765 899 5818 Codicibus
931 5767 1087 5830 Regiis
1113 5764 1248 5817 1965.
1279 5765 1395 5817 1971
1422 5775 1469 5817 et
1490 5767 1628 5817 2513.

1879 2032 2266 2110 Paulus,Vetus
2279 2051 2546 2110 etNovum
2558 2056 2956 2118 Testamentum
2971 2066 3296 2126 individuum
3316 2087 3464 2132 esse:

1877 2144 2102 2206 eamque
2114 2139 2183 2193 ob
2194 2155 2410 2197 causam
2426 2145 2551 2201 illud
2566 2148 2829 2206 interdum
2845 2153 3239 2215 Testamentum
3253 2161 3457 2218 Novum

1875 2227 2130 2294 appellat,
2149 2240 2204 2284 ut
2232 2232 2582 2305 demonstret,
2601 2243 2868 2310 quomodo
2883 2245 3014 2301 lines
3029 2249 3173 2305 orbis
3193 2261 3452 2309 terrarum

1876 2317 1984 2372 sint
2007 2323 2242 2378 renovati
2261 2326 2389 2394 (non
2409 2329 2596 2400 ignaro
2616 2334 2729 2390 haec
2747 2337 2870 2393 alibi
2892 2355 2921 2393 a
2937 2341 3088 2397 nobis
3108 2342 3272 2400 fuisse
3295 2348 3458 2417 expli-

1874 2417 2026 2476 cata;
2059 2414 2152 2470 sed
2177 2425 2352 2473 tamen
2378 2419 2485 2489 hic,
2511 2434 2567 2478 ut
2595 2429 2908 2484 memoriam
2926 2442 3157 2489 vestram
3186 2414 3456 2508 refricem,

1875 2505 2106 2575 repeto);
2123 2511 2443 2566 vocatetiam
2463 2513 2858 2574 Testamentum
2877 2519 3080 2578 Novum
3093 2525 3159 2580 ad
3173 2505 3467 2586 distinctio-

1874 2611 1996 2651 nem
2018 2599 2294 2657 inveterati
2311 2605 2672 2665 indicandam:
2693 2615 3031 2681 praestantius
3047 2617 3270 2684 scilicet,
3287 2621 3350 2676 ad
3371 2621 3456 2677 di-

1871 2690 2210 2750 stinctionem
2239 2698 2506 2756 inferioris
2541 2713 2858 2773 ueternum,
2895 2712 3293 2779 comparatione
3322 2713 3458 2771 facta

1869 2783 1938 2838 ad
1968 2789 2281 2856 temporale.
2312 2791 2418 2849 Sed
2447 2805 2500 2849 et
2524 2798 2816 2854 secundum
2848 2800 3246 2860 Testamentum
3287 2808 3457 2877 ipsum

1870 2885 2042 2934 vocat.
2073 2879 2208 2946 Quid
2253 2883 2321 2938 ita
2360 2887 2694 2944 secundum?
2745 2890 2816 2946 Ut
2842 2903 3025 2950 mutua
3070 2900 3454 2955 sententiarum

1869 2972 2200 3029 connexione
2239 2991 2400 3030 unum
2447 2977 2664 3035 efﬁciat.
2707 2982 2839 3038 Nam
2887 2987 3030 3056 quod
3068 2989 3362 3046 abscissum
3390 2993 3456 3049 ab

1867 3059 2048 3132 aliquo
2074 3075 2174 3130 est,
2199 3068 2493 3126 secundum
2533 3087 2639 3127 non
2682 3076 3004 3146 appellatur.
3041 3079 3302 3147 Quoniam
3325 3099 3453 3138 vero

1868 3153 2013 3211 Deus
2037 3159 2249 3213 oracula
2289 3177 2386 3217 sua
2427 3163 2592 3220 edidit
2615 3176 2670 3221 ct
2698 3168 2750 3222 in
2779 3170 2974 3240 primo,
3016 3182 3070 3228 et
3117 3173 3168 3228 in
3195 3177 3450 3241 secundo.

1865 3247 2007 3304 idem
2032 3249 2120 3307 illc
2145 3252 2337 3310 Paulus
2379 3259 2611 3326 primum
2657 3271 2711 3315 et
2756 3264 3048 3319 secundum
3089 3277 3263 3335 vocat,
3291 3276 3449 3340 atque

1863 3346 2538 3434 numero‘convenicntiam
2572 3352 2846 3422 utriusque
2891 3363 2947 3409 et
2982 3370 3300 3412 consensum
3343 3360 3452 3414 de-

1861 3432 2049 3490 clarat.
2086 3432 2288 3494 idcirco
2315 3439 2528 3508 Paulus,
2561 3444 2650 3513 qui
2677 3445 2962 3500 indivisum
2994 3447 3184 3513 Patris,
3214 3459 3269 3504 et
3306 3450 3448 3518 Filii,

1860 3534 1916 3582 et
1941 3525 2170 3598 Spiritus
2190 3534 2359 3588 sancti
2389 3551 2609 3604 regnum
2636 3538 2906 3606 praedicat,
2929 3542 3090 3598 modo
3113 3544 3447 3614 evangelium

1860 3617 1952 3673 Dei
1987 3619 2177 3688 Patris,
2216 3625 2375 3679 modo
2404 3625 2523 3680 Filii
2561 3629 2797 3699 appellat
2827 3649 2839 3685 :
2864 3630 3066 3687 Paulus
3107 3651 3278 3689 servus
3321 3635 3447 3692 Iesu

1860 3709 2067 3780 Christi,
2101 3729 2306 3772 uocatus
2341 3720 2621 3788 apostolus,
2675 3734 2964 3796 segregatus
3013 3729 3066 3781 in
3114 3726 3446 3800 Eaangelium

1857 3801 2155 3873 DeiUlom.
2206 3810 2359 3878 1.1).
2393 3809 2592 3865 Verum
2641 3829 2706 3867 ne
2747 3815 2886 3881 quis,
2935 3830 3056 3870 cum
3100 3819 3281 3874 audiat
3316 3821 3444 3876 illud

1864 3895 2207 3965 Euangelium
2229 3901 2340 3963 Dei,
2368 3901 2658 3958 arbitretur
2685 3903 2874 3959 Filium
2916 3907 3111 3962 nullam
3159 3911 3222 3962 ad
3254 3911 3445 3978 prmdi-

1854 3989 2083 4045 candum
2127 3991 2496 4047 auctoritatem
2539 3995 2806 4062 obtinere,
2855 3998 2906 4050 in
2955 4000 3144 4056 eadem
3179 4003 3439 4072 Epistula,

1856 4082 2013 4152 paulo
2041 4092 2160 4152 post
2185 4083 2258 4137 ait
2288 4101 2301 4136 :
2337 4083 2496 4138 Testis
2525 4087 2659 4139 enim
2698 4088 2825 4141 mihi
2848 4087 3008 4155 Deus,
3037 4092 3119 4143 cui
3148 4094 3361 4147 insein
3387 4095 3439 4148 in

1852 4176 2035 4244 spiritu
2056 4191 2163 4230 meo
2183 4174 2523 4245 inEvangelio
2555 4176 2681 4232 Filii
2704 4179 2814 4248 ejus
2841 4179 3018 4251 (Rom.
3053 4181 3104 4236 1.
3138 4182 3217 4252 9).
3251 4183 3440 4239 Videu'

1854 4266 2117 4335 prmconis
2145 4266 2299 4337 hujus
2324 4267 2516 4321 mirum
2550 4268 2843 4338 ingenium,
2880 4280 2933 4327 et
2966 4273 3281 4328 sententiam
3313 4291 3435 4344 per-

1850 4357 2086 4414 lectam?
2127 4357 2206 4414 Ne
2243 4359 2638 4415 existimaretur
2683 4363 2733 4416 iu
2781 4362 2896 4434 lege
2946 4365 3158 4434 quidem
3198 4367 3286 4422 alii
3329 4369 3437 4424 Deo

1847 4453 2074 4521 servire,
2114 4455 2165 4507 in
2179 4454 2470 4524 Evangelia
2499 4469 2629 4510 vero
2655 4456 2718 4511 ad
2747 4457 2906 4511 alium
2949 4458 3111 4512 Deum
3143 4463 3437 4516 successio-

1847 4561 1970 4599 nem
2001 4545 2194 4611 l'accre,
2225 4546 2394 4616 inquit
2422 4563 2434 4598 :
2467 4545 2764 4601 Benedictus
2792 4547 2950 4616 Deus,
2978 4550 3061 4602 cui
3085 4553 3245 4604 servio
3269 4568 3302 4604 a
3322 4569 3434 4605 ma-

1834 4637 2036 4704 joribus
2069 4637 2123 4691 in
2159 4637 2464 4691 conscientia
2502 4653 2631 4708 pura
2657 4636 2732 4705 (2.
2760 4637 2891 4692 Tim.
2928 4640 2978 4693 1.
3008 4640 3084 4708 5).
3121 4639 3236 4696 Νοη
3265 4643 3431 4708 enim,

1845 4729 2035 4800 inquit,
2062 4729 2130 4784 ab
2175 4729 2280 4784 alio
2316 4729 2383 4783 ad
2427 4729 2590 4784 alium
2639 4731 2870 4795 secessi;
2920 4729 3015 4785 sed
3045 4746 3203 4800 quem
3235 4733 3432 4788 inscius

1842 4822 2105 4887 colebam,
2141 4821 2258 4891 ejus
2300 4821 2606 4892 cognitione
2649 4821 2904 4888 imbutus,
2941 4821 3250 4889 complexus
3285 4837 3428 4880 sum.

1843 4916 1912 4972 Et
1934 4917 2057 4972 alibi
2085 4931 2205 4971 cum
2235 4915 2432 4970 docere
2459 4914 2638 4979 vellet,
2670 4913 2884 4968 oracula
2909 4912 3238 4970 Testamenti
3267 4915 3429 4974 Vete-

1841 5009 1916 5064 ris
1941 5017 1996 5064 et
2021 5007 2152 5062 Novi
2177 5008 2246 5063 ab
2272 5007 2461 5062 eodem
2484 5021 2579 5060 ore
2617 5004 2912 5074 eodemque
2942 5004 3167 5060 Domino
3189 5005 3427 5077 proiecta

1840 5116 1979 5162 esse,
2009 5114 2172 5152 unum
2216 5096 2579 5154 testimonium
2611 5095 2742 5165 petit
2775 5110 2805 5148 a
2841 5094 3182 5153 Testamento
3224 5098 3426 5168 Veteri,

1837 5193 1922 5248 cui
1951 5192 2310 5263 evangelicam
2337 5191 2656 5245 sententiam
2683 5189 2957 5254 annexuit,
2987 5205 3107 5246 cum
3133 5192 3207 5247 ait
3233 5209 3248 5246 :
3279 5194 3424 5249 Scri-

1839 5297 1979 5356 ptum
1999 5295 2089 5352 est,
2122 5283 2244 5338 Non
2269 5282 2521 5337 obturabis
2562 5299 2618 5336 os
2663 5282 2773 5336 bovi
2803 5284 3188 5353 trituranti;et,
3221 5287 3423 5358 Dignus

1835 5390 1908 5435 est
1931 5379 2190 5450 operarius
2228 5376 2452 5431 mercede
2495 5392 2590 5431 sua
2619 5377 2697 5446 (l.
2750 5375 2881 5431 Tim.
2913 5378 2968 5433 5.
3017 5379 3128 5448 18).
3179 5380 3416 5446 Quorum

1835 5473 1987 5540 illud,
2023 5472 2144 5528 Non
2172 5471 2446 5538 obturabis,
2471 5469 2631 5525 Mosis
2657 5479 2740 5526 est
2768 5488 2782 5525 :
2807 5470 2931 5538 hoc,
2959 5469 3159 5543 Dignus
3189 5481 3259 5525 est
3298 5488 3419 5540 ope-

1833 5585 2000 5624 rarius
2025 5568 2250 5622 mercede
2275 5581 2369 5620 sua
2402 5563 2580 5634 (Deut.
2609 5562 2700 5620 25.
2734 5564 2802 5630 4;
2838 5563 2960 5617 Luc.
3008 5564 3095 5618 10.
3138 5563 3220 5630 7),
3263 5560 3419 5618 Chri-

1832 5668 1949 5718 stus
1967 5661 2022 5714 in
2042 5658 2344 5729 Evangeliis
2368 5655 2556 5712 edatus
2584 5664 2684 5711 est.
2713 5654 2782 5709 At
2807 5654 2916 5720 ille,
2945 5661 3002 5708 ut
3021 5656 3235 5722 planum
3272 5653 3415 5710 iace-

1834 5763 1934 5812 ret.
1985 5753 2051 5809 ab
2101 5765 2205 5808 uno
2247 5760 2300 5808 ct
2345 5748 2534 5807 eodem
2578 5762 2673 5804 ore
2721 5745 2834 5802 haec
2885 5752 2937 5800 et
2989 5742 3076 5800 illa
3117 5740 3262 5800 edita
3295 5760 3420 5805 esse
