3982 6198
567 243 677 303 599

572 355 809 425 oracula,
837 358 979 426 ideo,
1017 370 1136 428 qua:
1160 354 1424 412 distinctis
1462 353 1789 425 temporibus
1815 354 2152 426 pronuntiata

570 455 800 515 fuerant,
826 451 897 506 ob
927 448 1164 504 veritatis
1179 447 1583 503 consensionem
1601 445 1883 516 copulavit,
1901 461 2020 500 cum
2040 444 2112 499 ait
2138 463 2153 500 :

571 545 834 609 Scriptum
859 551 954 607 est,
989 539 1107 594 Non
1135 539 1386 594 obturabis
1411 555 1467 592 os
1496 539 1604 592 boui
1633 538 1892 592 trituranti
1907 554 1926 603 ;
1943 547 2022 604 et,
2052 535 2152 590 Di-

512 672 528 678 -
566 649 696 703 gnus
722 641 794 687 est
820 632 1083 700 operarius
1107 629 1332 683 mercede
1355 645 1467 683 sua.
1500 628 1663 698 llujus
1693 628 2011 696 evangelica:
2031 627 2154 682 har-

565 724 761 778 moniae
791 721 1076 792 imaginem
1108 721 1240 774 retia
1271 719 1358 773 illa
1399 718 1562 783 Petri,
1603 734 1720 788 qua:
1749 717 1906 771 hodie
1935 718 1990 772 in
2018 732 2151 772 eon-

563 820 749 884 spectu
800 820 980 868 vestro
1024 811 1197 865 laxata
1247 817 1406 873 sunt,
1453 807 1726 863 exhibent.
1772 807 1956 877 Neque
2008 808 2150 862 enim

561 904 732 960 semel
768 904 958 960 Petrus
985 911 1190 957 tantum
1218 902 1349 956 retia
1391 901 1586 956 laxavit
1619 918 1632 954 :
1663 902 1756 955 sed
1800 902 1842 954 si
1877 900 2151 955 historiam

563 1004 800 1066 spectes,
827 993 995 1050 semel
1015 1002 1246 1057 tantum;
1277 991 1372 1048 sed
1397 991 1448 1045 vi
1477 999 1531 1046 et
1558 991 1795 1047 efﬁcacia
1821 1005 1984 1060 saepe.
2011 991 2154 1058 Quo.

563 1087 666 1142 ties
696 1087 837 1142 enim
865 1085 1196 1154 evangelium
1223 1083 1556 1153 praedicatur,
1587 1082 1715 1137 nihil
1743 1097 1843 1153 ego
1880 1082 2024 1137 aliud
2063 1084 2148 1137 iu-

557 1187 735 1244 tueor,
771 1192 928 1248 quam
977 1177 1214 1240 Petrum,
1253 1183 1307 1228 et
1335 1172 1624 1240 Andream,
1674 1183 1729 1228 et
1785 1181 1950 1228 totum
1998 1172 2148 1229 illum

566 1269 792 1326 chorum
811 1268 1184 1340 apostolicum,
1202 1267 1564 1337 evangelicum
1581 1267 1706 1321 illud
1723 1275 1838 1322 rete
1856 1267 2148 1323 laxantem.

633 1361 686 1414 2.
719 1360 787 1414 Et
814 1368 930 1415 erat
955 1373 1086 1414 sane
1114 1371 1309 1413 novum
1340 1358 1698 1428 spectaculum
1719 1356 2057 1413 Servatorem
2089 1357 2146 1413 in

565 1451 696 1505 mari
721 1450 1056 1520 conspicere,
1085 1457 1139 1504 et
1166 1447 1437 1502 auditores
1467 1448 1520 1502 in
1549 1447 1724 1504 littore
1751 1448 2144 1504 consistentes:

565 1541 698 1596 tnira
723 1555 852 1596 res:
885 1539 1056 1611 pisces
1082 1540 1134 1594 in
1175 1548 1334 1604 terra,
1377 1540 1608 1609 piscator
1635 1540 1688 1595 in
1726 1540 1860 1595 mari
1900 1541 2148 1596 versaba-

566 1643 672 1690 tur.
703 1633 964 1688 lmmissio
993 1633 1131 1688 illius
1152 1633 1284 1689 retis
1314 1634 1486 1705 imago
1506 1643 1622 1688 erat
1641 1634 1895 1690 doctrina:
1913 1650 2146 1706 evange-

565 1724 701 1779 licae.
731 1722 956 1794 Reperit,
997 1722 1185 1794 inquit,
1217 1724 1492 1793 piscatores
1538 1723 1761 1779 [lavantes
1812 1725 1939 1780 retia
1993 1725 2144 1787 (Luc.

560 1813 614 1869 5.
638 1813 674 1867 2
697 1813 741 1884 ),
761 1824 816 1868 ut
836 1813 924 1884 qui
945 1828 1160 1870 omnem
1177 1823 1411 1884 captura:
1432 1828 1579 1886 spem
1601 1814 1945 1884 abiecissent.
1967 1816 2146 1873 Pisca-

560 1914 644 1959 tor
665 1904 806 1959 enim
830 1905 930 1960 nisi
952 1905 1198 1972 desperet
1219 1920 1278 1960 se
1291 1905 1491 1976 aliquid
1515 1905 1736 1976 piscium
1755 1921 1908 1976 posse
1929 1922 2141 1978 capere,

557 2003 674 2051 rete
697 1995 988 2050 nonlavat.
1021 1997 1201 2067 Itaque
1221 1997 1420 2067 reperit
1440 1997 1586 2068 ipsos
1614 1997 1867 2053 Servator
1909 2000 2040 2055 retia
2068 2001 2144 2055 la-

558 2095 766 2152 vantes,
785 2096 844 2142 ut
865 2088 954 2157 qui
973 2088 1145 2145 nullos
1168 2103 1289 2144 sese
1324 2089 1498 2158 pisces
1519 2105 1712 2160 capere
1731 2106 1888 2161 posse
1907 2092 2142 2148 conﬁde-

557 2189 691 2244 rent,
719 2181 1038 2237 etDominus
1065 2181 1372 2250 piscationis
1399 2182 1594 2249 adstat,
1621 2194 1674 2239 et
1701 2185 1826 2255 quid
1854 2185 2143 2243 facitiPri-

555 2285 700 2325 mum
727 2271 940 2340 quidem
967 2271 1263 2329 doctrinam
1293 2275 1532 2328 veritatis
1562 2275 1662 2329 illis
1691 2278 1937 2345 proponit
1966 2295 1981 2331 :
2013 2276 2136 2334 hinc

553 2360 703 2432 iubet
728 2370 845 2418 rete
873 2363 1059 2419 laxari.
1091 2363 1226 2444 Cum
1253 2364 1396 2420 enim
1423 2365 1581 2420 verba
1606 2366 1724 2421 sine
1748 2367 1999 2436 operibus
2040 2369 2158 2430 de-,

554 2457 938 2512 monstratione
987 2466 1262 2524 carerent,
1310 2457 1590 2527 oportebat
1641 2458 1936 2514 doctrinam
1985 2461 2136 2517 factis

550 2547 870 2603 conﬁrmare
903 2566 916 2603 :
945 2563 1067 2603 nam
1115 2549 1224 2605 Deo
1265 2549 1508 2618 iubente,
1549 2566 1667 2620 quae
1706 2551 1947 2621 nuspiam
1978 2568 2136 2622 repe-

551 2639 760 2693 riuntur
797 2639 1036 2694 invenies
1067 2656 1082 2694 :
1109 2649 1164 2695 et
1199 2656 1318 2710 qua:
1360 2655 1466 2695 non
1495 2649 1638 2706 sunt,
1678 2643 1877 2712 capies.
1918 2641 2133 2710 Laxate,

550 2727 646 2793 ait,
674 2728 799 2782 retia
824 2738 984 2782 uestra
1007 2728 1154 2800 (Luc.
1185 2731 1239 2786 5.
1276 2731 1330 2787 4.
1363 2731 1441 2800 5).
1474 2732 1571 2786 Cui
1605 2733 1794 2788 Petrus
1821 2753 1836 2789 :
1865 2733 2131 2806 Magister,

550 2835 640 2889 per
665 2828 819 2874 totam
845 2829 1039 2876 noctem
1057 2822 1361 2886 laborantes,
1382 2823 1511 2877 nihil
1536 2826 1776 2894 cepimus,
1805 2826 1895 2881 sed
1918 2827 1972 2880 in
1989 2827 2133 2881 uerbo

551 2921 639 2966 tuo
684 2913 867 2968 (amabo
910 2923 1033 2969 rete.
1087 2914 1338 2970 Admiror
1388 2915 1530 2972 Petri
1587 2904 1800 2974 lidem':
1847 2920 1935 2990 qui
1964 2920 2132 2989 prima

545 3006 825 3077 desperata
873 3008 1112 3074 haberet,
1165 3018 1220 3064 et
1263 3024 1397 3064 nova
1438 3011 1727 3068 crederet:
1763 3010 1822 3067 1η
1867 3011 2010 3067 verbo
2047 3021 2132 3068 tuo

547 3099 730 3155 (amabo
750 3111 870 3157 rete.
917 3101 1045 3166 Cur,
1079 3099 1144 3155 In
1183 3101 1329 3156 verbo
1373 3111 1478 3168 tuo,
1522 3103 1631 3157 ait?
1666 3103 1924 3171 Quoniam
1968 3104 2132 3160 verbo

547 3193 664 3262 ejus
691 3194 806 3247 caeli
836 3194 1030 3247 ﬁrmati
1051 3203 1193 3259 sunt,
1217 3202 1273 3249 et
1304 3204 1443 3250 terra
1473 3193 1691 3250 fundata
1716 3206 1815 3260 est,
1861 3210 2006 3252 mare
2040 3210 2132 3251 se-

546 3297 786 3356 paratum
818 3295 900 3341 est
923 3286 1092 3358 (Psal.
1133 3288 1224 3343 5'2.
1267 3288 1320 3344 6.
1373 3298 1420 3342 et
1475 3289 1598 3344 101.
1639 3288 1730 3358 26)
1759 3305 1772 3341 :
1802 3288 1962 3343 homo
2001 3303 2131 3358 pro-

547 3379 678 3448 priis
703 3379 812 3434 suis
836 3379 1052 3434 ﬁoribus
1077 3388 1362 3434 coronatus
1405 3389 1508 3445 est,
1541 3389 1596 3436 et
1627 3379 1807 3435 omnia
1847 3379 2010 3436 verbo
2037 3388 2129 3435 tuo

545 3469 937 3524 constiterunt:
970 3479 1026 3523 ut
1047 3470 1121 3523 ait
1145 3471 1340 3525 Paulus
1372 3487 1386 3525 :
1417 3471 1516 3536 Qui
1556 3480 1721 3539 portat
1767 3473 1936 3526 omnia
1984 3471 2131 3528 uerbo

553 3564 788 3632 potentiae
810 3563 948 3632 sme(
960 3562 1113 3616 Hebr.
1152 3564 1202 3617 1.
1234 3564 1314 3634 5).
1349 3562 1411 3617 In
1433 3566 1576 3618 verbo
1599 3573 1685 3618 tuo
1709 3564 1890 3618 laatabo
1913 3573 2032 3618 rete.
2065 3563 2130 3619 Et

547 3652 764 3708 verbum
797 3653 925 3709 illud
955 3654 1168 3724 quidem
1203 3663 1315 3710 rete
1336 3654 1624 3710 antecessit
1653 3673 1664 3707 :
1698 3670 1794 3710 nec
1821 3655 1996 3726 pisces
2032 3654 2128 3709 ad-

545 3751 691 3798 sunt.
711 3743 842 3798 Nam
872 3744 996 3800 licet
1034 3745 1350 3809 adfuissent,
1391 3744 1462 3801 ob
1502 3745 1780 3801 tumultum
1811 3761 1994 3801 eorum
2035 3748 2126 3817 qui

547 3835 908 3905 piscabantur,
940 3835 1165 3893 fuissent
1213 3838 1426 3908 dilapsi.
1459 3837 1563 3894 Sed
1601 3837 1872 3895 descendit
1907 3841 2128 3897 verbum

543 3926 681 3996 eius,
714 3926 814 3994 Qui
842 3937 982 3982 vocat
1017 3945 1076 3981 ea
1101 3945 1213 3998 qua:
1245 3946 1345 3983 non
1370 3939 1503 3993 sunt,
1535 3945 1598 3982 ac
1621 3930 1665 3984 si
1683 3939 1844 3986 essent
1865 3930 2039 4000 (Rom.
2069 3934 2125 3988 4.

543 4019 630 4090 17)
662 4038 675 4074 :
700 4021 936 4089 potentia
983 4021 1097 4092 ejus
1119 4023 1209 4091 qui
1229 4021 1472 4092 iubebat,
1496 4023 1645 4092 prius
1668 4039 1826 4094 quam
1849 4033 1964 4080 rete
1981 4040 2128 4082 mare

541 4110 706 4167 subiit
733 4127 746 4162 :
769 4120 825 4167 et
854 4127 1042 4182 magna
1071 4114 1152 4167 vis
1182 4113 1405 4183 piscium
1431 4124 1613 4170 coacta
1657 4123 1760 4169 est.
1806 4115 1984 4187 Imago
2011 4116 2127 4174 haec

541 4201 638 4257 fuit
663 4202 976 4259 universalis
1008 4203 1287 4260 Ecclesiae.
1331 4205 1697 4275 Rumpebatur
1739 4214 1894 4262 rete:
1922 4222 2127 4264 annue-

540 4303 666 4348 runt
689 4296 870 4361 sociis,
897 4297 989 4366 qui
1018 4298 1070 4352 in
1096 4297 1196 4352 alia
1224 4298 1463 4354 navicula
1491 4307 1664 4366 erant,
1694 4307 1755 4354 ut
1781 4299 2046 4365 venirent,
2071 4310 2126 4356 et

542 4386 642 4441 sibi
686 4387 1072 4444 anxiiiarentur
1121 4389 1271 4461 (Luc.
1315 4391 1369 4446 5.
1419 4392 1472 4446 6.
1523 4390 1603 4463 7).
1650 4391 1944 4462 Oportebat
1980 4392 2124 4449 enim

544 4493 710 4535 naves
746 4479 880 4535 duas
914 4495 1232 4537 concurrere
1285 4482 1353 4537 ad
1394 4482 1539 4537 illam
1592 4483 1961 4552 piscationem.
2012 4483 2126 4540 Nisi

545 4570 690 4626 enim
715 4570 1093 4642 prophetarum
1117 4571 1313 4628 chorus
1333 4574 1638 4643 apostolicae
1667 4575 1846 4630 manui
1867 4575 2026 4644 adsit,
2071 4584 2127 4632 et

546 4664 839 4736 opituletur
864 4681 879 4719 :
911 4674 965 4721 et
984 4665 1083 4720 nisi
1104 4665 1336 4722 oraculis
1358 4666 1736 4735 prophetarum
1763 4669 2123 4737 apostolorum

545 4765 770 4812 eventus
795 4757 1137 4826 respondeat,
1172 4771 1275 4810 non
1305 4758 1544 4826 capimus
1569 4772 1688 4826 quae
1720 4773 2000 4813 venamur.
2025 4759 2126 4814 Ita-

543 4862 647 4917 que
670 4864 790 4904 cum
812 4848 1064 4906 Servator
1084 4850 1453 4905 demonstrare
1486 4849 1660 4915 vellet,
1704 4849 1840 4905 hanc
1879 4852 2124 4920 piscatio-

455 4985 462 4989 .
545 4954 666 4994 nem
696 4941 981 5013 imaginem
1009 4959 1131 5000 esse
1179 4943 1452 5010 Ecclesiae,
1497 4953 1556 5000 ut
1597 4944 1814 5000 Petrum
1849 4946 2120 5015 erudiret;

545 5030 650 5085 hoc
671 5034 915 5102 exemplo
950 5037 1093 5091 acuit
1126 5043 1181 5092 et
1218 5035 1458 5092 incitavit
1501 5035 1568 5090 ad
1621 5035 2007 5105 fortitudinem,
2060 5053 2123 5095 ae

539 5121 672 5177 dicit
695 5123 816 5193 ipsi,
863 5125 947 5180 Ne
978 5137 1190 5194 metuas,
1235 5131 1299 5184 ab
1349 5129 1444 5185 hoc
1487 5139 1726 5201 tempore,
1775 5129 1998 5186 homines
2026 5132 2124 5188 eris

540 5215 750 5284 capiens
777 5213 926 5286 (Luc.
953 5217 1142 5289 5.10).
1171 5220 1246 5273 Ab
1284 5220 1380 5275 hoc
1428 5230 1668 5293 ternpore,
1715 5236 1822 5292 quo
1873 5222 2123 5291 potentia:

543 5323 680 5363 mea:
729 5321 911 5364 coram
955 5309 1104 5365 vobis
1141 5312 1433 5380 perieulum
1481 5313 1724 5369 factum:
1767 5311 1926 5383 idque
1971 5309 2122 5369 vobis

539 5401 812 5472 cognitum
833 5409 887 5456 et
910 5401 1067 5472 plane
1087 5411 1422 5472 perspectum
1451 5413 1552 5470 est,
1581 5405 1742 5459 etiam
1775 5403 1927 5458 bruta
1958 5403 2122 5460 verbo

543 5508 668 5551 meo
687 5492 926 5562 obedire,
953 5493 1236 5564 omniaque
1264 5503 1448 5548 nutum
1471 5509 1646 5549 meum
1673 5495 1844 5565 sequi.
1876 5494 1986 5548 lioc
2010 5493 2122 5548 ido-

543 5598 647 5640 neo
683 5585 931 5656 exemplo
970 5584 1042 5642 ob
1087 5584 1276 5642 oculos
1324 5584 1513 5654 posito,
1556 5583 1811 5654 deinceps
1851 5583 2121 5654 capiendis

545 5675 847 5737 hominibus
875 5693 1093 5752 operam
1120 5677 1268 5737 dato.
1297 5672 1479 5748 Neque
1503 5675 1646 5735 enim
1685 5675 1837 5745 dicit,
1875 5675 2119 5735 homines

2060 233 2340 292 INCERTI

3647 261 3722 318 ιω

2258 355 2569 426 piscaberis,
2603 355 2699 413 sed
2726 356 2971 414 Homines
3005 359 3141 415 rivos
3171 362 3357 432 capiens
3381 366 3482 422 eris.
3503 365 3719 441 Siquidem

2259 447 2432 516 pisces
2457 446 2566 502 vivi
2596 447 2662 502 ad
2687 459 2912 505 mortem
2941 450 3113 506 solent
3136 452 3280 522 capi;
3301 451 3514 512 hemines
3534 475 3640 516 vero
3660 479 3728 518 ca-

2258 536 2492 606 piuntur,
2527 547 2587 592 ut
2629 553 2660 592 a
2697 551 2870 594 morte
2898 539 2966 594 ad
3005 541 3166 595 vitam
3196 551 3439 599 transeant
3463 564 3476 601 :
3499 549 3642 618 itaque
3659 554 3728 620 ait,

2256 630 2332 683 Ab
2359 631 2453 684 Itoc
2474 641 2696 701 tempore
2739 632 2965 687 homines
2991 633 3090 687 eris
3130 634 3339 702 capiens.
3367 635 3461 692 Sed
3483 653 3564 694 cur
3582 641 3641 696 ait
3659 644 3731 710 illi,

2257 718 2342 773 Nc
2368 721 2559 776 metuas
2575 722 2600 774 Σ)
2627 722 2776 785 Esto,
2802 723 3120 792 promissum
3142 723 3451 793 splendidum
3485 728 3616 786 fuerit
3633 749 3646 798 ;
3664 748 3732 789 cur

2253 809 2365 864 ait:
2399 809 2481 862 Ne
2505 820 2699 865 metuas
2724 812 2750 865 .9
2772 812 2905 880 Quia
2932 813 3006 867 illi
3047 814 3098 868 in
3129 824 3351 870 mentem
3395 819 3521 874 venit
3557 822 3736 889 priorum

2255 907 2618 967 peccatorum,
2668 900 2924 955 Dominus
2971 901 3047 956 ait
3091 919 3105 956 :
3159 901 3241 957 Ne
3287 915 3463 961 metuas
3507 916 3551 963 te
3591 909 3734 981 ipsum,

2254 997 2522 1058 tamquam
2569 999 2906 1059 peceatorem
2953 1009 2967 1046 :
3009 992 3104 1048 sed
3134 993 3376 1066 deinceps
3416 996 3609 1067 teipsum
3641 1018 3736 1058 con-

2252 1080 2454 1136 sideres
2480 1093 2536 1136 ut
2559 1083 2881 1154 apostolum,
2928 1085 3017 1156 qui
3065 1085 3330 1142 dominico
3375 1088 3572 1160 imperio
3599 1094 3738 1148 orbem

2250 1172 2402 1241 quasi
2453 1187 2648 1244 sageua
2695 1176 2977 1245 complecti
3026 1176 3248 1247 iuberis.
3301 1179 3437 1235 Hanc
3474 1197 3649 1248 vocem,
3680 1183 3739 1240 Nc

2251 1271 2483 1331 metuas,
2530 1265 2756 1336 quisque
2802 1282 2869 1322 ex
2919 1267 3133 1324 Christo
3179 1269 3390 1336 audiat;
3444 1270 3520 1327 Nc
3559 1285 3743 1329 metuas:

2249 1353 2412 1408 modo
2439 1353 2508 1409 ab
2549 1355 2650 1410 hoc
2680 1366 2920 1427 tempore
2952 1359 3318 1428 pmnitentiam
3350 1370 3479 1432 agat.
3517 1363 3630 1434 Ergo
3653 1376 3738 1420 rete

2252 1443 2385 1500 illud
2410 1487 2425 1512 ,
2456 1455 2514 1500 ut
2541 1447 2785 1503 ordinem
2813 1464 2996 1504 rerum
3025 1451 3451 1521 explicandarum
3480 1453 3604 1522 prius
3629 1455 3744 1510 insti-

2249 1543 2420 1591 tutum
2445 1552 2860 1608 prosequamur,
2890 1539 3068 1610 imago
3106 1541 3206 1596 fuit
3229 1543 3531 1613 evangelica:
3556 1543 3744 1599 Servato-

2247 1626 2326 1682 ris
2370 1627 2651 1684 doctrinae.
2698 1628 2813 1684 Hoc
2846 1639 3026 1685 autem
3065 1632 3397 1702 evangelium
3429 1631 3574 1687 modo
3603 1633 3750 1689 Paulus

2248 1718 2585 1788 evangelium
2631 1719 2854 1789 iustitiae
2877 1759 2894 1786 ,
2940 1719 3101 1775 modo
3127 1722 3454 1792 evangelium
3493 1723 3645 1792 pacis,
3679 1724 3750 1778 ali-

2246 1810 2460 1881 quando
2513 1811 2852 1883 evangelium
2906 1814 3158 1883 potentite
3205 1814 3452 1885 appellat.
3492 1814 3610 1882 Quia
3647 1815 3752 1872 enim

2247 1901 2641 1971 przedieationis
2683 1903 2771 1958 illa
2797 1903 2968 1974 gratia
3010 1912 3226 1974 poterat
3255 1903 3394 1960 bella
3416 1903 3630 1973 auferre,
3650 1906 3754 1960 sedi-

2239 1993 2530 2064 tionesque
2559 1993 2839 2050 hominum
2883 1995 3024 2051 circa
3058 1995 3314 2067 pietatem
3346 2011 3450 2054 non
3477 1997 3754 2053 consentien-

2244 2084 2375 2140 tium
2399 2085 2685 2157 dissipare,
2713 2087 2839 2158 quia
2859 2102 3048 2144 omnes
3073 2087 3141 2145 ad
3165 2089 3396 2146 salutem
3430 2090 3618 2157 invitat,
3635 2104 3753 2145 evan-

2239 2175 2439 2244 gelium
2463 2176 2686 2247 iustitia:
2714 2177 2951 2235 dicitur:
2989 2181 3115 2251 quia
3162 2195 3297 2237 vero
3331 2179 3615 2238 dzemonum
3651 2179 3757 2236 bella

2240 2267 2419 2336 sedat,
2443 2271 2779 2340 evangelium
2807 2271 2954 2341 pacis
2992 2272 3300 2342 appellatur
3327 2291 3342 2328 :
3373 2287 3434 2328 ac
3456 2273 3566 2344 quia
3590 2273 3667 2328 Dei
3691 2287 3757 2327 co-

2239 2360 2536 2429 gnitionem
2572 2362 2754 2417 verbis
2782 2363 2980 2418 vilibus
3008 2365 3338 2436 promulgat,
3370 2365 3757 2435 evangeliumpo-

2239 2451 2424 2506 tentia:
2451 2452 2666 2507 dicitur.
2708 2452 2848 2509 Audi
2895 2454 3117 2509 Paulum
3145 2455 3420 2512 dicentem
3449 2473 3464 2509 :
3499 2454 3607 2509 Non
3625 2455 3759 2509 erube-

2236 2560 2323 2599 sco
2373 2547 2689 2616 euangelium
2712 2563 2733 2601 :
2763 2547 2920 2601 virtus
2947 2548 3079 2601 enim
3113 2547 3216 2603 Dei
3260 2559 3333 2606 est
3358 2548 3425 2606 ad
3446 2548 3638 2603 salutent
3657 2547 3760 2600 omni

2239 2637 2510 2705 credenti(
2548 2637 2778 2693 Rom.l.
2806 2638 2875 2695 16
2903 2639 2944 2710 ).
2990 2639 3241 2696 Potentia
3285 2641 3541 2711 siquidem
3571 2648 3664 2696 tum
3693 2638 3763 2693 de-

2235 2743 2382 2782 mum
2417 2743 2544 2784 vere
2581 2729 2836 2784 elucescit
2860 2770 2876 2796 ,
2912 2745 3035 2785 eum
3074 2731 3121 2786 is
3154 2733 3251 2802 qui
3291 2732 3557 2803 praedicit,
3579 2746 3671 2787 non
3691 2731 3763 2783 hu-

2237 2834 2395 2874 mana
2424 2820 2687 2875 rationum
2722 2821 2866 2877 serie
2899 2836 3026 2877 usus
3052 2862 3068 2888 ,
3097 2824 3371 2880 terminos
3399 2823 3541 2880 orbis
3566 2823 3765 2884 obtinet;

2234 2920 2292 2965 ut
2317 2910 2569 2968 Servator
2610 2912 2776 2968 Paulo
2801 2912 2931 2968 dicit
2962 2928 2976 2966 :
3005 2913 3201 2984 Suﬂicit
3227 2916 3330 2970 sibi
3361 2917 3521 2987 gratia
3545 2931 3642 2970 mea
3662 2929 3677 2967 .'
3695 2912 3768 2966 sir-

2236 3011 2317 3056 tus
2339 3004 2474 3058 enim
2494 3020 2603 3059 mea
2627 3007 2682 3059 in
2704 3004 3001 3073 inﬁrmitate
3026 3006 3346 3080 perﬁcitur(
3371 3007 3426 3062 2.
3453 3006 3568 3063 Cor.
3597 3005 3668 3060 12.
3693 3004 3720 3060 9
3737 3002 3769 3072 ).

2233 3092 2421 3164 Neque
2451 3095 2594 3150 enim
2621 3109 2874 3166 magnum
2899 3095 3172 3167 quidpiam
3199 3096 3317 3154 hoc
3346 3098 3562 3163 fuisset,
3587 3097 3626 3151 si
3649 3093 3771 3149 Chri-

2233 3194 2350 3241 stus
2375 3186 2514 3242 nuda
2553 3201 2649 3242 sua
2671 3187 2948 3243 divinitate
2977 3189 3167 3244 orbem
3200 3189 3567 3246 illustrasset:
3594 3186 3674 3242 sed
3699 3185 3776 3240 hoc

2232 3278 2450 3345 mirum,
2483 3278 2624 3350 quod
2649 3293 2879 3350 corpore
2921 3295 3018 3337 suo
3047 3281 3447 3350 impassibilem
3489 3289 3541 3336 et
3571 3281 3773 3345 incorpo-

2232 3383 2382 3426 ream
2413 3369 2710 3426 ostenderit
2734 3370 2985 3441 gloriam.
3017 3370 3206 3442 Neque
3242 3371 3386 3428 illud
3415 3369 3720 3434 admirabile,
3743 3365 3777 3420 si

2231 3465 2384 3518 vivus
2410 3473 2466 3518 et
2507 3464 2718 3518 viviﬁca
2762 3466 2930 3535 gloria
2977 3464 3380 3534 resplendens,
3407 3463 3520 3520 orbi
3550 3462 3690 3516 vitam
3713 3473 3778 3511 re-

2229 3558 2493 3614 stituisset
2515 3575 2528 3615 :
2552 3557 2646 3613 sed
2677 3559 2910 3627 potentia
2941 3558 3101 3614 Verbi
3121 3567 3204 3616 est
3228 3557 3386 3630 quod
3408 3565 3576 3614 morte
3595 3559 3782 3608 mortem

2233 3649 2406 3717 tollat,
2434 3659 2490 3704 et
2518 3665 2613 3720 per
2635 3652 2988 3707 contumelias
3016 3653 3319 3708 immortali
3343 3651 3513 3722 gloria
3545 3645 3777 3713 refulget!!-

2229 3743 2373 3799 Alibi
2397 3745 2557 3799 etiam
2589 3744 2787 3800 Paulus
2811 3744 3146 3814 evangelium
3174 3746 3335 3813 pacis
3368 3741 3600 3814 appellat
3628 3757 3640 3792 :
3673 3736 3785 3791 Preo

2231 3844 2425 3905 parate,
2455 3835 2550 3902 ait,
2575 3835 2727 3907 pedes
2754 3844 2944 3890 vestros
2971 3837 3025 3890 in
3061 3837 3448 3906 praeparatione
3471 3829 3697 3905 evangelii
3719 3841 3784 3894 pa-

2233 3925 2307 3978 cis
2332 3924 2351 3997 (
2381 3925 2572 3995 Epltes.
2605 3926 2660 3982 6.
2692 3927 2760 3982 15
2781 3923 2823 3999 ).
2853 3925 2995 3980 Alibi
3019 3926 3367 3995 evangelium
3393 3923 3614 3996 iustitia:
3646 3914 3787 3973 nomi-

2232 4025 2346 4082 nat,
2373 4031 2493 4072 cum
2515 4018 2625 4072 ait:
2663 4016 2784 4072 Non
2802 4017 2943 4072 enim
2971 4016 3205 4072 erubesco
3235 4016 3562 4087 evangelium
3583 4029 3601 4067 .'
3617 4007 3786 4082 justitia

2227 4107 2362 4164 enim
2382 4107 2482 4165 Dei
2500 4109 2552 4164 in
2571 4111 2681 4176 ipso
2699 4107 2974 4163 revelatur‘
2997 4105 3176 4176 (Rom.
3208 4107 3263 4162 1.
3303 4106 3396 4162 16.
3426 4104 3540 4176 17).
3565 4098 3691 4170 Quid
3718 4102 3787 4150 est

2225 4205 2436 4260 Justitia
2463 4203 2560 4258 Dei
2585 4203 2610 4256 Ρ
2635 4201 2991 4270 Posteaquam
3017 4200 3100 4254 lex
3131 4198 3309 4268 prima
3343 4198 3479 4254 solis
3503 4194 3692 4252 Judmis
3713 4188 3792 4242 fuit

2227 4295 2745 4368 data,Evangelium
2761 4308 2892 4350 vero
2919 4292 3191 4358 omnibus,
3223 4291 3579 4363 evangelium
3604 4282 3796 4359 iustitia:

2215 4388 2480 4460 appellat.
2523 4384 2800 4455 Siquidem
2831 4384 2972 4439 Deus
3015 4383 3193 4452 iustus
3215 4382 3315 4452 qui
3361 4397 3556 4437 omnes
3583 4385 3796 4448 pera‘Quc

2225 4479 2548 4553 procreavit,
2580 4491 2770 4532 omnes
2809 4489 3060 4545 peraeque
3099 4474 3401 4530 illustravit
3435 4492 3450 4529 :
3486 4465 3800 4540 illudqueiue

2225 4573 2387 4629 stitia:
2412 4579 2561 4638 erat,
2601 4583 2712 4625 non
2744 4567 2843 4622 hos
2883 4565 3099 4635 quidem
3147 4581 3402 4634 servare,
3429 4565 3557 4619 illos
3585 4575 3703 4616 vero
3720 4557 3800 4611 mi-

2228 4665 2372 4719 nime
2398 4679 2412 4718 :
2439 4671 2493 4718 et
2523 4661 2621 4716 hos
2646 4673 2864 4724 vocare,
2908 4656 3028 4712 illos
3073 4671 3250 4714 secus.
3300 4655 3364 4713 In
3399 4652 3584 4713 Veteri
3612 4646 3796 4721 quidem

2227 4755 2590 4818 Testamento,
2619 4750 2828 4805 vacatio
2848 4749 2990 4820 iusta
3019 4763 3124 4803 non
3155 4748 3250 4802 fuit
3283 4764 3298 4799 :
3332 4747 3437 4803 sed
3473 4739 3797 4802 mconomica.

2226 4863 2348 4920 qua:
2393 4845 2614 4917 iustitiae
2650 4844 2792 4897 viam
2843 4839 3200 4913 pramonivit.
3232 4837 3434 4907 Neque
3481 4846 3655 4890 tamen
3686 4829 3802 4920 hanc

2225 4919 2440 5012 quidem
2473 4938 2693 5008 iustam,
2724 4935 2869 4989 illam
2896 4949 3024 4989 vero
3052 4934 3308 5003 iniustam
3341 4931 3589 4992 dixero;
3621 4923 3709 4980 sed
3749 4919 3804 4973 il-

2226 5033 2331 5088 lam
2355 5030 2557 5086 aditum
2582 5027 2650 5082 ad
2678 5026 2816 5081 hanc
2843 5023 3161 5095 patefecisse
3179 5065 3193 5089 ,
3223 5031 3280 5077 et
3313 5023 3388 5077 ad
3441 5021 3585 5075 hanc
3608 5025 3805 5086 appara-

2227 5131 2338 5182 tum
2364 5118 2649 5192 quemdam
2681 5115 2864 5172 fuisse.
2899 5114 3094 5185 Legem
3124 5111 3312 5167 lsraeli
3336 5110 3524 5167 dedit.
3563 5110 3692 5165 lline
3723 5103 3807 5157 Da-

2289 5255 2306 5286 ¹
2343 5261 2454 5312 Quae
2478 5252 2586 5301 haec
2603 5249 2773 5308 verba.
2796 5245 2847 5312 in
2868 5246 2973 5310 ἱρεο
2994 5243 3246 5312 remum»
3275 5251 3581 5312 εαιιιιιξιεψ
3597 5243 3645 5290 in
3665 5244 3808 5312 “935i

2223 5317 2321 5388 eis
2345 5293 3144 5388 iiiﬁleéiﬁiﬁaiiéréfﬂ-iﬁe
3159 5293 3814 5388 iliéﬁiﬂi’jﬂm

2275 5366 2569 5438 itm-iustitia
2582 5374 2690 5438 peni
2704 5366 2756 5422 ὑί
2775 5369 2879 5438 ipso
2901 5366 3182 5438 reamur!
3203 5366 3470 5436 οᾳοηὶοεζο
3491 5367 3658 5438 iam!
3668 5367 3814 5438 9331‘

2243 5422 2771 5500 Etiamsi-5.5.4...
2785 5422 2867 5500 at,
2895 5430 3003 5480 ιεεεε
3025 5427 3114 5500 etii
3133 5422 3357 5480 ὴονίπίηεε
3381 5427 3615 5500 “1'94"”

2224 5483 2836 5565 ξξῑιεῖίίᾱι-άθωέξδνίρίηέέ,
2853 5483 3560 5565 ὶςναιξρειίειημξεζρρῑνξὶιὶὺυε
3577 5483 3819 5565 ,ᾳςεειρεςί

2224 5546 2456 5624 ἐιὲὶὶὶὶὗὶὶξν
2481 5546 2650 5609 merito
2688 5546 2736 5606 in
2768 5546 2851 5605 ἰαὶ)
2877 5546 3084 5624 Mati“.
3109 5550 3196 5624 ιὶεί
3229 5556 3518 5624 freemen

2224 5609 2516 5685 gitanqetit'tm
2547 5626 2757 5671 vocatur.
2797 5625 2852 5666 ιη
2877 5609 3040 5667 't’etcrt'
3068 5613 3214 5678 igitur
3248 5617 3387 5662 Test.
3426 5614 3505 5663 Sic
3529 5609 3712 5660 notavit
3742 5609 3825 5651 Du-

2227 5697 2375 5736 €205.
