4050 6198
280 383 396 446 399

267 501 386 559 λίου
418 498 583 554 εἰκὼν
605 497 674 552 τὰ
703 497 894 552 δίκτυα
921 497 1149 567 Πέτρου,
1177 495 1246 549 τά
1278 496 1515 567 σήμερον
1543 495 1628 548 ἐπ’
1657 493 1842 564 ὄψεσιν

270 581 570 660 ἡμετέραις
599 585 693 640 καὶ
721 587 912 648 ἀκοαῖς
943 583 1296 656 χαλασθέντα.
1323 583 1397 637 Οὑ
1427 581 1537 653 γὰρ
1567 582 1713 647 ἅπαξ
1747 579 1844 633 Πέ-

267 692 398 747 τρος
429 673 658 745 ἐχάλασε
689 672 757 725 τά
794 672 1004 736 δίκτυα,
1036 669 1172 724 ἀλλά
1201 672 1268 742 τῇ
1300 669 1400 741 μὲν
1433 668 1642 739 ἱστορίᾳ
1674 664 1840 733 ἅπαξ,

267 765 336 834 τῇ
377 761 433 815 δὲ
472 760 696 830 δυνάμει
730 757 1008 822 πολλάκις.
1051 756 1272 820 Ὁσάκις
1318 755 1426 826 γὰρ
1459 755 1554 808 έάν
1597 753 1840 824 κηρυχθῇ

269 850 333 902 τὸ
357 840 702 916 Εὑαγγέλιον,
730 845 880 900 οὐδὲν
911 846 1095 918 ἔτερον
1120 843 1308 916 ὁρῶ,ἢ
1344 843 1566 914 Πέτρον,
1598 843 1692 895 καὶ
1727 842 1844 894 Ἀν-

269 935 455 1008 δρέαν,
505 934 598 989 καὶ
647 933 739 987 τὸν
785 932 944 1003 χορὸν
993 930 1101 987 τῶν
1149 929 1481 994 ἀποστόλων,
1523 929 1583 982 τὸ
1630 929 1842 983 δίκτυον

269 1021 572 1083 ἀπλοῦντας
598 1018 659 1072 τὸ
689 1017 1062 1088 εὑαγγελικόν.

342 1108 407 1178 β’.
442 1108 548 1160 Καὶ
572 1101 640 1177 ἦν
673 1104 819 1171 ξένον
857 1105 1035 1175 θέαμα
1061 1104 1150 1158 τὸν
1183 1102 1412 1174 Σωτῆρα
1461 1100 1590 1154 ἰδεῖν
1637 1099 1696 1154 έν
1741 1098 1841 1153 θα-

265 1195 457 1264 λάττῃ,
487 1194 580 1245 καὶ
627 1192 752 1254 τοὺς
790 1189 1207 1261 διδασκομένους
1242 1188 1394 1260 παρά
1447 1187 1538 1241 τὸν
1592 1185 1841 1255 αἰγιαλὸν

267 1281 528 1343 ἑστῶτας.
560 1279 719 1333 Ξένον
753 1280 1005 1350 πρᾶγμα,
1033 1279 1083 1331 οἰ
1119 1275 1300 1348 ἰχθύες
1330 1275 1423 1329 ἐπὶ
1447 1275 1548 1346 τὴν
1584 1275 1709 1346 γῆν,
1746 1274 1842 1328 καὶ

265 1371 297 1422 6
319 1368 500 1429 ἁλιεὺς
527 1369 583 1420 ὲν
614 1365 872 1437 θαλάττῃ.
909 1365 974 1418 Ἦ
995 1363 1214 1427 κάθεσις
1230 1376 1255 1404 ι
1274 1361 1480 1416 ἐκείνου
1503 1361 1598 1414 τοῦ
1624 1359 1838 1415 δικτύου

266 1454 432 1509 εἰκὼν
459 1449 526 1525 ἦν
562 1451 656 1507 τοῦ
687 1445 1040 1522 εὑαγγελικοῦ
1083 1450 1263 1516 λόγου.
1298 1443 1472 1518 Εὗρε,
1506 1445 1660 1518 φησί,
1699 1446 1840 1514 τοὺς

265 1543 456 1610 ἁλιεῖς
479 1542 940 1608 ἀποπλύνοντας
962 1538 1112 1614 [405]
1142 1539 1214 1592 τὰ
1233 1537 1468 1603 δίκτυα,
1489 1535 1563 1600 ὡς
1587 1535 1841 1590 ἀπειπόν-

263 1648 364 1694 τας
390 1631 487 1703 τῆς
513 1630 708 1700 ἄγρας.
744 1628 952 1687 Ἀλιεῒκ
983 1627 1090 1698 γὰρ
1119 1625 1213 1678 ὲάν
1251 1623 1325 1696 μὴ
1354 1623 1708 1695 ἀπαγορεύσῃ
1738 1624 1838 1692 τῆς

265 1717 470 1789 Θήρας,
509 1717 571 1770 οὑ
611 1715 799 1769 πλύνει
835 1714 896 1766 τὸ
940 1714 1174 1768 δίκτυον,
1222 1703 1396 1782 Εὗρεν
1437 1707 1529 1764 οὖν
1575 1710 1771 1773 αὑτοὺς
1810 1710 1839 1763 6

263 1806 457 1876 Σωτὴρ
499 1804 828 1864 ἀπειπόντας
871 1801 971 1872 τῆς
1004 1801 1205 1872 ἄγρας,
1237 1800 1332 1853 καὶ
1370 1799 1653 1868 διφίσταται
1680 1800 1708 1850 ὁ
1737 1797 1838 1867 τῆς

265 1892 439 1965 θήρας
463 1891 760 1959 Δεσπότης,
787 1889 883 1942 καὶ
912 1887 966 1941 τί
1012 1889 1190 1952 cruat;
1226 1884 1450 1957 Πρῶτον
1484 1885 1719 1938 διδάσκει
1746 1884 1838 1937 τὸν

262 1980 422 2048 λόγον
462 1977 560 2048 τῆς
591 1976 846 2047 ἀληθείας
867 1992 880 2005 ’
913 1971 1031 2028 εἶτα
1062 1973 1272 2027 κελεύει
1307 1972 1640 2043 χαλασθῆναι
1670 1971 1730 2024 τὸ
1761 1970 1840 2024 δί-

265 2083 449 2121 κτυον.
485 2063 701 2134 Ἐπειδὴ
732 2062 840 2135 γὰρ
865 2063 934 2116 τὰ
964 2065 1180 2134 ῥήματα
1209 2053 1276 2131 ἦν
1311 2058 1670 2113 ἀναπόδεικτα
1710 2057 1838 2112 ἄνευ

264 2152 376 2207 τῶν
402 2153 595 2224 ἔργων,
632 2150 799 2222 ἐχρῆν
823 2149 1182 2220 ἀκολουθῆσαι
1210 2147 1290 2219 τῷ
1321 2147 1462 2217 λόγῳ
1493 2147 1592 2218 τὴν
1621 2145 1707 2199 διὰ
1730 2145 1838 2198 τῶν

262 2239 445 2311 ἔργων
478 2238 780 2302 ἀπόδειξιν·
815 2238 896 2291 ὅτι
928 2236 1063 2290 Θεοῦ
1103 2235 1473 2299 κελεύσαντος,
1516 2235 1610 2286 καὶ
1652 2232 1720 2286 τά
1763 2232 1838 2304 μὴ

258 2325 622 2395 εὑρισκόμενα
650 2325 916 2395 θηρᾶται,
960 2323 1148 2377 καὶτὰ
1191 2322 1265 2394 μὴ
1310 2322 1436 2375 ὄντα
1478 2318 1834 2390 λαμϐάνεται.

255 2413 594 2479 Χαλάσατε,
631 2415 786 2485 φησί,
816 2413 884 2468 τὸ
925 2413 1172 2467 δίκτυον
1211 2412 1396 2482 ὑμῶν.
1439 2412 1498 2465 Ὁ
1536 2411 1593 2465 δὲ
1632 2412 1838 2483 Πέτρος

255 2504 440 2572 λέγει·
485 2501 820 2568 Ἐπιστάτα,
852 2501 926 2555 δι’
953 2501 1103 2568 ὅλης
1135 2499 1243 2569 τῆς
1269 2500 1488 2566 νυκτὸς
1515 2499 1840 2554 κοπιάσαν-

258 2609 357 2657 τες
380 2590 561 2644 οὐδὲν
587 2589 896 2660 ἐλάϐομεν,
921 2589 1016 2642 ἐπὶ
1043 2589 1110 2642 δὲ
1131 2589 1209 2654 τῷ
1233 2588 1323 2654 σῷ
1342 2587 1560 2658 ῥήματι
1586 2587 1836 2658 χαλάσω

255 2681 326 2736 τὸ
350 2681 617 2734 δίκτυον.
643 2677 918 2750 Θαυμάζω
944 2678 1152 2747 Πέτρου
1187 2678 1282 2747 τὴν
1316 2677 1519 2741 πίστιν,
1545 2677 1614 2730 τὰ
1647 2677 1834 2748 πρῶτα

255 2766 752 2836 ἀπογινώσκοντος,
804 2767 901 2818 καὶ
935 2765 1004 2818 τὰ
1037 2765 1132 2818 νέα
1179 2765 1542 2828 πιστεύοντος.
1582 2765 1705 2818 Ἐ’πί
1753 2763 1835 2830 τῷ

259 2852 350 2919 σῷ
373 2852 593 2922 ῥήματι
619 2852 868 2920 χαλάσω
898 2851 965 2906 τὸ
997 2848 1264 2906 δίκτυον.
1291 2851 1390 2904 Διά
1417 2851 1470 2904 τί
1499 2847 1670 2915 εἷπεν,
1707 2850 1832 2905 Ἑπί

263 2941 345 3009 τῷ
373 2941 457 3008 σῷ
475 2941 698 3011 ῥήματι
716 2957 734 3005 ;
765 2941 984 3012 Ἐπειδὴ
1014 2939 1106 2993 ἐπὶ
1128 2939 1206 3010 τῷ
1239 2941 1444 3010 ῥήματι
1480 2939 1643 2992 αὑτοῦ
1684 2940 1776 2992 καὶ
1805 2941 1834 2993 6

270 3031 488 3102 οὐρανὸς
520 3029 858 3102 έστερεὼθη,
894 3029 986 3082 καί
1033 3030 1066 3098 ὴ
1100 3031 1170 3100 γῆ
1212 3026 1564 3099 ἐθεμελιώθη,
1600 3028 1695 3080 καὶ
1739 3027 1834 3082 θά-

264 3117 437 3172 λασσα
455 3116 763 3190 ἀφωρίσθη,
791 3115 886 3170 καὶ
911 3115 1194 3187 ἄνθρωπος
1214 3115 1433 3179 οἰκείοις
1454 3115 1668 3168 ἄνθεσιν
1691 3117 1834 3168 ἐστε-

259 3204 516 3276 φανώθη,
547 3203 642 3258 καὶ
687 3203 864 3258 πάντα
895 3201 972 3274 τῷ
1012 3202 1090 3274 σῷ
1133 3205 1338 3274 ῥήματι
1372 3202 1716 3274 συνέστηκεν,
1757 3201 1833 3266 ῶς

256 3309 423 3363 φησιν
461 3291 492 3345 6
519 3289 729 3354 Παῦλος
749 3307 763 3321 ·
801 3288 1000 3358 Φέρων
1039 3306 1101 3343 τε
1135 3291 1207 3343 τὰ
1247 3288 1446 3344 πάντα
1493 3289 1574 3355 τῷ
1611 3289 1832 3358 ῥήματι

252 3375 365 3446 τῆς
402 3376 708 3446 δυνάμεως
733 3375 940 3430 αὐτοῦ.
979 3376 1102 3430 Ἐπὶ
1141 3375 1209 3430 δὲ
1237 3373 1316 3442 τῷ
1357 3376 1448 3442 σῷ
1472 3377 1696 3450 ῥήματι
1723 3391 1831 3446 χα-

247 3464 426 3521 λάσω
449 3463 516 3517 τὸ
539 3464 802 3517 δίκτυον.
830 3463 1153 3534 Προκατέϐη
1195 3463 1288 3517 τοῦ
1316 3464 1531 3518 δικτύου
1560 3464 1618 3518 τὸ
1644 3465 1829 3535 ῥῆμα·

247 3551 319 3606 οὑ
358 3549 612 3621 πάρεισιν
645 3551 694 3602 οἰ
729 3549 926 3620 ἰχθύες.
959 3551 1067 3604 Καὶ
1095 3551 1203 3621 γὰρ
1229 3553 1276 3605 εἰ
1315 3553 1586 3623 παρῆσαν,
1617 3551 1704 3606 διά
1733 3551 1830 3625 τὴν

246 3636 481 3708 ὄχλησιν
525 3633 633 3688 τῶν
662 3635 996 3706 ἀγρευόντων
1049 3636 1350 3706 διέφευγον.
1385 3638 1548 3693 Ἀλλά
1593 3637 1829 3711 κατῆλθε

245 3724 320 3778 τὸ
371 3721 522 3794 ῥῆμα
568 3722 774 3775 ἐκείνου
806 3720 899 3774 τοῦ
933 3721 1282 3790 Καλοῦντος
1326 3724 1398 3778 τὰ
1428 3725 1514 3794 μὴ
1547 3726 1712 3793 ὄντα,
1748 3727 1830 3792 ὡς

247 3809 435 3864 ὄντα·
467 3806 812 3878 προκατῆλθε
841 3805 933 3859 τοῦ
964 3806 1180 3861 δικτύου
1208 3811 1240 3880 ἠ
1265 3810 1492 3881 δύναμις
1523 3811 1616 3866 τοῦ
1648 3811 1830 3867 κελεύ-

247 3911 477 3960 σαντος·
513 3893 752 3965 συνήχθη
797 3891 1000 3964 πλῆθος
1047 3894 1262 3964 ἰχθύων.
1308 3897 1485 3950 Εἰκὼν
1510 3894 1578 3970 ῆν
1613 3899 1710 3970 τῆς
1747 3899 1827 3952 οἰ·-

245 3980 586 4052 κουμενικῆς
655 3979 994 4051 Ἐκκλησίας.
1053 3983 1416 4054 Διερρήγνυτο
1463 3984 1526 4038 τὺ
1572 3985 1823 4040 δίκτυον·

243 4071 477 4124 ἔνευσαν
511 4066 591 4138 τῷ
619 4065 789 4140 πλοίῳ
823 4067 902 4139 τῷ
946 4069 1274 4140 συμμετόχῳ
1310 4069 1504 4137 ἐλθεῖν,
1551 4073 1646 4126 καὶ
1702 4090 1827 4126 συν-

243 4153 488 4228 άρασθαι
533 4153 716 4218 αὑτοῖς
740 4155 788 4207 δ.
822 4154 973 4209 Ἔδει
1013 4155 1120 4225 γὰρ
1150 4156 1242 4211 δύο
1285 4158 1466 4228 σκάφη
1507 4159 1827 4231 συνδραμεῖν

243 4247 334 4308 εἰς
368 4243 466 4315 τὴν
501 4245 692 4315 ἄγραν.
737 4242 860 4297 Ἐὰν
887 4245 995 4316 γὰρ
1035 4245 1111 4317 μὴ
1142 4249 1288 4318 παρῇ
1335 4247 1491 4318 χορὸς
1529 4249 1826 4321 προφητῶν

245 4329 468 4402 βοηθῶν
515 4331 582 4401 τῇ
637 4330 963 4403 ἀποστολικῇ
1019 4333 1198 4402 χειρὶ,
1247 4333 1340 4387 καὶ
1392 4336 1459 4406 τῇ
1510 4338 1822 4407 προφητικῇ

243 4417 552 4490 προρρήσει
587 4417 662 4488 μὴ
687 4416 1024 4490 ἀκολουθήσῃ
1050 4419 1158 4470 τῶν
1185 4419 1496 4474 ἀποστόλων
1519 4423 1552 4492 ὴ
1578 4413 1821 4487 ἔκϐασις,

241 4505 312 4560 ού
344 4505 576 4576 θηρᾶται
614 4505 682 4558 τά
710 4503 1020 4577 θηρώμενα.
1054 4505 1344 4578 Βουληθεὶς
1369 4507 1548 4564 τοίνυν
1575 4512 1605 4564 ό
1629 4511 1820 4584 Σωτὴρ

239 4589 439 4658 δεῖξαι,
469 4591 550 4646 ὅτι
587 4593 621 4662 ὴ
658 4591 766 4645 τῶν
799 4591 994 4662 ἰχθύων
1038 4592 1181 4663 ἄγρα
1213 4593 1376 4648 εἰκών
1404 4596 1522 4650 ἐστι
1563 4597 1663 4668 τῆς
1696 4599 1821 4652 Ἐκ-

242 4676 505 4750 κλησίας,
552 4679 649 4732 καὶ
689 4678 966 4749 βουληθεὶς
1013 4679 1297 4734 παιδεῦσαι
1340 4682 1542 4756 Πέτρον
1582 4683 1694 4751 ἔτι,
1741 4684 1821 4754 τῷ

244 4764 607 4836 ὑποδείγματι
649 4765 824 4837 τούτῳ
857 4765 1074 4836 ήλειψεν
1114 4767 1277 4821 αὑτὸν
1311 4771 1390 4833 εἰς
1433 4771 1684 4844 ἀνδρείαν
1724 4775 1820 4828 καὶ

240 4850 394 4918 λέγει
422 4850 588 4922 αὑτῷ-
631 4850 729 4920 Mi;
773 4853 983 4921 φοϐοῦ,
1019 4854 1138 4908 ἀπὸ
1185 4856 1292 4910 τοῦ
1324 4857 1442 4911 νῦν
1472 4857 1820 4929 ἀνθρώπους

240 4936 362 5006 ἔσῃ
400 4935 646 5008 ζωγρῶν.
684 4939 817 4993 Ἀπὸ
868 4939 973 4995 τοῦ
1009 4941 1145 5008 νῦν,
1181 4942 1273 5012 ἀφ’
1301 4936 1392 5009 οὗ,
1437 4946 1622 5016 φησὶν,
1666 4947 1818 5001 ἔπει-

243 5023 454 5095 ράσθης
482 5024 584 5096 τῆς
609 5025 908 5097 δυνάμεως,
942 5029 1035 5082 καὶ
1067 5027 1268 5100 ἔμαθες
1297 5029 1378 5083 ὅτι
1420 5033 1511 5086 καί
1541 5033 1609 5086 τά
1648 5033 1817 5103 ἄλογα

243 5113 513 5164 ὑπακούει
544 5111 709 5182 λόγῳ,
738 5115 831 5166 καί
861 5115 1036 5169 πάντα
1063 5116 1256 5170 ἕπεται
1291 5115 1369 5187 τῷ
1403 5117 1522 5189 ἐμῷ
1564 5120 1812 5191 νεύματι.

240 5197 437 5251 Λαϐὼν
459 5199 663 5268 ἀρκοῦν
683 5199 743 5252 τὸ
771 5200 1091 5272 ὑπόδειγμα,
1119 5203 1322 5276 χρῆσαι
1350 5204 1532 5260 λοιπὸν
1557 5211 1624 5279 τῇ
1647 5208 1812 5280 θήρᾳ.

241 5284 355 5337 Καὶ
391 5285 492 5337 οὑκ
530 5283 701 5352 εἶπεν,
734 5287 1076 5359 Ἀνθρώπους
1103 5290 1200 5361 ἔσῃ
1227 5290 1475 5357 ἀλιεύων,
1504 5294 1658 5360 ἀλλά,
1699 5295 1816 5348 Ἄν-

239 5371 513 5439 θρώπους
540 5375 654 5442 ἔσῃ
693 5372 940 5444 ζωγρῶν.
977 5376 1192 5448 Ἐπειδὴ
1233 5379 1282 5431 οἰ
1326 5379 1503 5449 ἰχθύες
1531 5382 1638 5435 ἀπὸ
1671 5383 1814 5454 ζωῆς

237 5462 319 5524 εἰς
353 5461 580 5515 Θάνατον
616 5463 917 5518 ἀλιεύονται
941 5475 963 5504 ε
985 5483 1000 5498 ο
1031 5467 1080 5520 οἱ
1110 5466 1167 5519 δὲ
1195 5467 1470 5540 ἄνθρωποι
1502 5473 1610 5526 ἀπὸ
1646 5472 1809 5528 θανά-

299 5673 328 5740 f
354 5671 488 5740 [lpus
502 5675 531 5731 ἡ
551 5675 736 5740 κᾶθεσις
753 5677 858 5740 γάρ.

296 5736 327 5799 ξι
367 5732 500 5799 Unus
523 5738 600 5784 καὶ
625 5732 936 5789 συλλαϐέσθαι
956 5742 1131 5799 αὑτοῖς.

297 5797 325 5826 ⁸
350 5797 435 5845 Sic
453 5796 552 5847 duo
568 5812 704 5858 mss.,
729 5803 906 5852 melius
927 5817 1072 5867 quam
1097 5796 1216 5856 ἐεόὶιὶ
1241 5807 1502 5864 ήλιεύοντο.

1446 376 1729 434 HOMILIA
1767 375 1858 434 DE
1895 371 2394 434 LEGISLATORE.

3424 377 3527 436 400

1950 509 2044 546 του
2074 495 2154 557 εἰς
2183 491 2325 563 ζωὴν
2359 488 2712 562 ἄγρεύονται·
2754 487 2886 544 Ἀπὸ
2920 487 3027 544 τοῦ
3055 489 3190 559 νῦν,
3223 491 3405 562 φησὶν,
3433 495 3512 550 ἀν

1950 578 2217 649 θρώπους
2245 579 2359 648 ἔσῃ
2393 577 2640 649 ζωγρῶν.
2669 577 2768 632 Διά
2794 576 2848 630 τί
2876 571 2970 632 οὖν
2991 572 3020 615 ἀ
3049 577 3198 646 λέγει
3222 579 3395 650 αὑτῷ,
3425 582 3523 649 Μὴ

1948 667 2135 736 φοϐοῦ
2147 683 2168 731 ;
2200 667 2403 731 Ἔστω,
2445 667 2478 737 ή
2511 664 2810 734 ἐπαγγελία
2848 663 3018 736 καλὴν
3063 660 3209 736 εἶχεν
3244 665 3367 735 ὄφιν
3388 683 3402 697 ·
3439 667 3529 722 διὰ

1948 753 2000 806 τί
2038 749 2153 817 οῦν,
2192 753 2289 822 Μὴ
2333 753 2558 824 φοϐοῦ;
2605 751 2822 824 Ἐπειδὴ
2869 751 3174 823 προσέπεσε
3223 755 3287 824 τῇ
3339 754 3531 828 μνήμῃ

1947 840 2056 894 τῶν
2091 839 2323 913 πρώτων
2353 839 2791 913 ἁμαρτημάτων,
2823 837 2918 908 Μὴ
2958 839 3168 909 φοϐοῦ,
3212 840 3369 911 φησί,
3401 857 3530 911 σαυ-

1945 926 2057 991 τὸν,
2082 926 2158 990 ὼς
2184 926 2527 998 ἁμαρτωλὸν,
2551 924 2688 980 ἀλλά
2716 925 2901 979 λοιπὸν
2925 925 3036 978 νόει
3065 925 3262 980 σαυτὸν
3288 927 3363 990 ὡς
3396 927 3528 981 ἀπόο

1948 1016 2151 1080 στολον,
2187 1017 2390 1087 ῥήματι
2415 1014 2716 1085 δεσποτικῷ
2740 1013 3104 1085 ’κελευόμενος
3140 1015 3240 1085 τὴν
3275 1016 3530 1084 οἰκουμέ-

1945 1119 2044 1174 νην
2078 1103 2430 1175 σαγηνεῦσαι.
2473 1103 2572 1172 Μὴ
2607 1103 2818 1172 φοϐοῦ,
2851 1105 2961 1166 πᾶς
3004 1103 3325 1176 ἁμαρτωλὸς
3375 1103 3527 1178 [406]

1946 1191 2098 1262 παρὰ
2135 1190 2370 1263 Χριστοῦ
2401 1191 2676 1245 ἀκουέτω·
2709 1190 2806 1258 Μὴ
2843 1190 3066 1260 φοϐοῦ·
3107 1192 3268 1262 μόνον
3295 1193 3404 1246 ἀπὸ
3432 1193 3526 1247 τοῦ

1946 1277 2039 1331 νῦν
2071 1278 2418 1349 μετανοείτω.
2457 1277 2530 1331 Τὸ
2554 1278 2732 1332 τοίνυν
2769 1275 3001 1342 δίκτυον,
3030 1277 3117 1332 ἵνα
3145 1279 3227 1343 εἰς
3264 1278 3363 1349 τὴν
3391 1292 3527 1352 ’Icpo-

1943 1364 2215 1419 λαϐοῦσαν
2257 1365 2395 1420 ἔλθω
2425 1364 2762 1429 ἀκολουθίαν,
2807 1363 2970 1419 εἰκών
3014 1367 3130 1419 ἐστι
3163 1366 3260 1436 τῆς
3291 1367 3525 1436 εὐαγγε-

1943 1451 2099 1522 λικῆς
2147 1453 2241 1506 τοῦ
2287 1453 2541 1525 Σωτῆρος
2590 1453 2952 1517 διδασκαλίας.
3001 1453 3075 1506 Τὸ
3106 1453 3163 1506 δὲ
3195 1451 3524 1522 Εὑαγγέλιον

1943 1538 2100 1592 τοῦτο
2125 1539 2280 1594 καλεῖ
2306 1540 2517 1604 Παῦλος
2540 1541 2669 1594 ποτὲ
2699 1541 2795 1611 μὲν
2809 1542 3137 1611 Εὑαγγέλιον
3159 1541 3521 1614 δικαιοσύνης,

1945 1625 2076 1679 ποτὲ
2103 1626 2160 1680 δὲ
2189 1627 2520 1697 Εὑαγγέλιον
2548 1629 2790 1698 εἰρήνης,
2825 1630 2954 1681 ποτὲ
2984 1628 3041 1682 δὲ
3066 1627 3394 1698 Εὑαγγέλιον
3433 1629 3524 1682 δυ-

1944 1712 2178 1784 νάμεως.
2215 1714 2433 1786 Ἐπειδὴ
2458 1713 2566 1785 γὰρ
2585 1713 2784 1786 δυνατὴ
2807 1715 2840 1784 ἡ
2867 1715 3025 1784 χάρις
3047 1715 3140 1768 τοῦ
3167 1716 3520 1788 κηρύγματος

1945 1799 2038 1852 καὶ
2069 1799 2336 1870 πολέμους
2362 1800 2620 1870 ἀφανίσαι
2647 1811 2692 1864 ε,
2723 1802 2819 1854 κα)⁸
2853 1803 3070 1865 στάσεις
3102 1802 3402 1874 ἀνθρώπων
3445 1807 3520 1876 μὴ

1946 1879 2560 1959 συμφωνούντωνπρδς
2605 1888 2892 1959 εὐσέϐειαν,
2933 1889 3259 1960 σκορπίσαι,
3301 1893 3395 1944 καὶ
3436 1892 3522 1945 διὰ

1947 1974 2048 2044 μὲν
2075 1973 2136 2027 τὸ
2183 1975 2391 2038 πάντας
2420 1975 2646 2029 καλέσαι
2691 1976 2828 2048 πρὸς
2877 1977 3150 2048 σωτηρίαν
3175 1977 3388 2045 λέγεται
3419 1979 3523 2031 Εὑ-

1944 2060 2196 2129 αγγέλιον
2234 2062 2578 2133 δικαιοσύνης
2603 2080 2616 2093 ·
2667 2062 2754 2116 διά
2789 2063 2845 2116 δὲ
2889 2063 2950 2116 τὸ
2995 2063 3374 2118 καταστέλλειν
3430 2065 3521 2118 τὸν

1944 2147 2180 2218 πόλεμον
2221 2148 2330 2203 τῶν
2358 2149 2628 2220 δαιμόνων
2657 2151 2872 2220 λέγεται
2907 2152 3234 2220 Εὑαγγέλιον
3261 2153 3482 2224 εἰρήνης
3503 2166 3518 2182 ⁶

1943 2233 2030 2288 διά
2072 2234 2128 2287 δὲ
2166 2235 2226 2287 τὸ
2265 2236 2506 2291 εὐτελέσι
2537 2239 2772 2309 ·ρήμασι
2817 2238 3106 2310 κηρύττειν
3151 2238 3286 2292 Θεοῦ
3320 2237 3522 2308 γνῶσιν

1943 2321 2185 2376 καλεῖται
2217 2323 2547 2392 Εὑαγγέλιον
2590 2325 2890 2396 δυνάμεως.
2924 2327 3122 2379 Ἀκουε
3170 2325 3380 2380 Παύλου
3405 2326 3521 2378 ⁸λέ-

1941 2425 2158 2478 γοντος·
2195 2410 2277 2464 Οὐ
2309 2410 2416 2481 γάρ
2445 2412 2882 2482 ἐπαισχύνομαι
2907 2413 2974 2468 τὸ
2997 2413 3398 2483 Εὑαγγέλιον·
3428 2413 3524 2468 δύ-

1942 2512 2118 2566 ναμις
2163 2497 2273 2566 γὰρ
2314 2498 2462 2552 Θεοῦ
2513 2500 2685 2553 ἐστιν
2715 2503 2800 2567 εἰς
2834 2502 3153 2570 σωτηρίαν.
3196 2502 3270 2554 Τὸ
3302 2501 3520 2554 δυνατὸν

1941 2586 2048 2656 γὰρ
2079 2587 2198 2640 τότε
2234 2587 2481 2656 φαίνεται
2512 2589 2756 2654 δυνατὸν,
2787 2590 2912 2642 ὅταν
2955 2590 3028 2660 μὴ
3062 2592 3173 2651 τοῖς
3211 2589 3522 2653 ἀκολούθοις

1941 2675 2280 2745 κεχρημένον
2313 2673 2628 2747 λογισμοῖς,
2671 2679 2920 2748 κρατήσῃ
2965 2677 3072 2730 τῶν
3125 2676 3376 2747 περάτων
3421 2676 3521 2746 τῆς

1940 2761 2072 2830 γῆς·
2102 2762 2179 2825 ὡς
2225 2762 2372 2832 λέγει
2414 2763 2443 2816 6
2485 2762 2675 2836 Σωτὴρ
2716 2763 2793 2834 τῷ
2837 2764 3066 2834 Παύλῳ·
3111 2761 3308 2832 ’Ἀρκεῖ
3344 2778 3444 2817 σοι
3478 2765 3514 2833 ἠ

1939 2847 2112 2918 χάρις
2142 2869 2260 2919 μου
2283 2867 2296 2882 ·
2330 2851 2368 2919 ἡ
2409 2850 2519 2919 γὰρ
2555 2849 2807 2920 δύναμίς
2847 2869 2969 2920 μου
3011 2851 3081 2904 ἐν
3105 2851 3389 2919 ἀσθενείᾳ
3424 2868 3518 2905 τε·
3629 2886 3632 2894 -

1937 2937 2220 2991 λειοῦται.
2251 2937 2417 2991 Οὐδὲν
2444 2933 2512 3009 ἦν
2557 2936 2724 3008 μέγα,
2766 2938 2814 2990 εἰ
2839 2941 3019 3010 γυμνῇ
3067 2941 3135 3010 τῇ
3172 2938 3386 3010 θεότητι
3419 2939 3519 3008 τὴν

1938 3024 2260 3096 οἰκουμένην
2284 3024 2568 3095 ἐφώτισεν,
2591 3024 2705 3079 ἀλλ’
2721 3028 2802 3080 ὃτι
2824 3027 2913 3080 διὰ
2939 3027 3190 3098 σώματος
3211 3027 3310 3098 τὴν
3334 3025 3517 3097 ἀπαθῆ

1937 3111 2034 3165 καὶ
2074 3110 2363 3182 ἀσώματον
2396 3111 2562 3176 ἔδειξε
2591 3112 2767 3178 δόξαν.
2798 3114 2962 3168 Οὐδὲν
2989 3111 3058 3185 ῆν
3097 3113 3431 3185 θαυμαστὸν,
3467 3115 3517 3167 εἰ

1938 3199 1967 3252 6
2005 3196 2112 3262 ζῶν
2148 3200 2410 3264 ζωοποιὸν
2453 3202 2817 3273 ἀπαστράψας
2844 3202 3022 3270 δόξαν,
3052 3203 3151 3274 τὴν
3191 3202 3517 3273 οἰκουμένην

1937 3285 2322 3358 ὲζωοποίησεν·
2341 3288 2478 3340 ἀλλὰ
2505 3289 2564 3341 τὸ
2592 3289 2817 3343 δυνατὸν
2845 3288 2938 3342 τοῦ
2968 3290 3164 3358 Λόγου,
3188 3290 3269 3343 δτι
3299 3290 3514 3360 θανάτῳ

1935 3373 2027 3426 τὸν
2057 3373 2587 3450 θάνατον-ἀφανίζει,
2617 3376 2710 3428 καί
2739 3375 2826 3429 διὰ
2855 3375 2962 3429 τῶν
2993 3375 3203 3447 ὕϐρεων
3235 3376 3336 3447 τὴν
3377 3375 3512 3430 ἀθάο

1935 3477 2093 3515 νατον
2135 3463 2514 3535 ἀπαστράπτει
2545 3463 2720 3528 δόξαν.
2765 3461 3024 3534 Ἀλλαχοῦ
3068 3463 3236 3533 λέγει,
3265 3464 3510 3533 Εὑαγγέ-

1934 3549 2045 3605 λιον
2074 3553 2322 3622 εἰρήνης·
2360 3551 2505 3618 Τοὺς
2547 3551 2656 3623 γὰρ
2697 3551 2888 3618 πόδας
2918 3551 3103 3620 ὑμῶν,
3139 3552 3294 3623 φησί,
3327 3567 3514 3621 παρα-

1934 3635 2277 3692 σκευάσατε
2307 3638 2376 3692 ἐν
2402 3637 2711 3708 ἑτοιμασίᾳ
2743 3639 2848 3693 τοῦ
2887 3640 3259 3708 Εὐαγγελίου
3287 3635 3395 3710 τῆς
3432 3647 3511 3693 ει-

1926 3723 2150 3793 ρήνης·
2183 3724 2428 3794 ἀλλαχοῦ·
2468 3726 2620 3779 καλεῖ
2661 3725 3034 3793 δικαιοσύνης,
3075 3727 3149 3790 ῶς
3196 3722 3396 3798 φησιν·
3427 3729 3510 3782 Οὐ

1933 3809 2041 3881 γάρ
2060 3811 2493 3880 ἐπαισχύνομαι
2517 3813 2583 3865 τὸ
2611 3813 2996 3882 Εὑαγγέλιον·
3021 3812 3372 3881 δικαιοσύνη
3401 3816 3511 3885 γὰρ

1937 3897 2085 3952 Θεοῦ
2115 3899 2183 3950 ἐν
2211 3896 2371 3962 αὺτῷ
2398 3899 2881 3952 ἀποκαλύπτεται
2909 3899 2952 3955 τ.
2995 3900 3061 3952 Τί
3099 3901 3243 3968 ἔστι,
3285 3907 3509 3956 Δικαιο-

1933 3986 2092 4052 σύνη
2119 3983 2264 4037 Θεοῦ
2279 3999 2300 4046 ;
2339 3982 2553 4054 Ἐπειδὴ
2573 3985 2601 4036 6
2627 3983 2838 4052 πρῶτος
2864 3985 3025 4055 νόμος
3061 3985 3328 4052 Ἰουδαίοις
3351 3989 3506 4060 ὲδόθη

1937 4070 2138 4142 μόνοις,
2173 4069 2234 4123 τὸ
2261 4068 2316 4122 δὲ
2349 4069 2678 4137 Εὑαγγέλιον
2707 4071 2860 4135 πᾶσι,
2899 4070 3053 4123 καλεῖ
3079 4071 3408 4141 Εὑαγγέλιον
3437 4075 3508 4128 δι-

1933 4158 2242 4228 καιοσύνης.
2266 4158 2484 4220 Δίκαιος
2509 4159 2618 4228 γάρ
2637 4159 2666 4211 6
2692 4156 2844 4222 Θεὸς,
2871 4159 3074 4229 ὁμοίως
3110 4161 3317 4225 πάντας
3354 4165 3508 4232 ποιή-

1933 4264 2054 4312 σας,
2085 4245 2286 4316 όμοίως
2318 4245 2527 4307 πάντας
2559 4243 2814 4315 ἐφώτισε.
2845 4241 2958 4300 Καὶ
2992 4246 3151 4300 τοῦτο
3182 4241 3250 4318 ἦν
3279 4247 3504 4314 δίκαιον,

1930 4335 1991 4389 τὸ
2021 4333 2096 4405 μὴ
2124 4333 2249 4397 τοὺς
2279 4334 2376 4404 μὲν
2407 4331 2600 4397 σῶσαι,
2628 4332 2755 4395 τοὺς
2777 4332 2834 4386 δὲ
2866 4334 2942 4405 μὴ
2971 4332 3172 4386 σῶσαι·
3194 4335 3255 4388 τὸ
3282 4334 3357 4407 μὴ
3379 4338 3504 4400 τοὺς

1933 4420 2032 4492 μὲν
2073 4419 2330 4484 καλέσαι,
2376 4419 2503 4483 τοὺς
2555 4418 2612 4472 δὲ
2649 4419 2724 4490 μὴ
2767 4420 3014 4477 καλέσαι.
3051 4421 3140 4474 Ἐν
3183 4425 3248 4494 τῇ
3296 4423 3504 4495 Παλαιᾷ

1928 4507 2174 4581 Διαθήκῃ
2214 4508 2314 4560 οὑκ
2355 4502 2484 4579 ἥνὴ
2530 4506 2720 4577 κλῆσις
2763 4505 2980 4573 δικαία,
3011 4507 3125 4561 ἀλλ’
3153 4510 3500 4583 οἰκονομικὴ,

1929 4595 2518 4667 προκατασκευάζουσα
2538 4595 2655 4649 ὁδὸν
2679 4597 2743 4667 τῇ
2772 4595 3106 4667 δικαιοσύνῃ.
3127 4598 3202 4651 Οὑ
3227 4598 3336 4670 γὰρ
3361 4598 3502 4667 λέγω

1925 4682 2128 4754 ταύτην
2172 4681 2405 4748 δικαίαν,
2453 4681 2714 4752 κάκείνην
2742 4683 2946 4746 ἄδικον,
2985 4683 3099 4736 ἀλλ’
3132 4685 3346 4756 ἐκείνην
3387 4686 3502 4740 ὁδὸν

1925 4771 2154 4841 ταύτης,
2200 4770 2296 4824 καὶ
2335 4771 2786 4842 προκατασκευὴν
2830 4771 3055 4842 ταύτης.
3088 4773 3296 4827 Ἔδωκε
3339 4774 3500 4845 νόμον

1923 4858 2001 4929 τῷ
2037 4858 2267 4930 Ἰσραήλ.
2297 4859 2406 4911 Καὶ
2437 4857 2583 4925 λέγει
2619 4859 2649 4911 6
2680 4858 2870 4913 Δαυτδ·
2911 4859 2964 4910 '0
2991 4859 3389 4928 ἀπαγγέλλων
3430 4863 3496 4916 τὸ

1921 4948 2130 5016 λόγιον
2182 4945 2369 5000 αὑτοῦ
2406 4945 2486 5012 τῷ
2521 4947 2755 5010 Ἰακὼϐ,
2806 4945 3169 5014 δικαιώματα
3223 4948 3323 5002 καί
3369 4951 3496 5018 κρι.

1985 5197 2010 5236 d
2035 5198 2343 5270 anesplss.
2367 5198 2491 5270 διατι
2510 5194 3056 5270 οὑγζφπιὶιιοδαιαςοῦν
3082 5200 3142 5270 in‘
3157 5197 3346 5261 editis.)
3365 5198 3495 5250 Infra

1918 5262 2184 5322 προσέπεσε
2205 5263 2317 5317 duo,
2343 5267 2496 5308 recte.
2524 5257 2794 5317 (Edebalur
2809 5260 3147 5322 προσέπεσον.)
3331 5257 3338 5261 ⁷

1987 5335 2010 5360 e
2037 5320 2106 5388 ll_a
2131 5330 2268 5388 rgcle
2315 5323 2499 5388 Regius
2523 5333 2667 5388 unus_.
2711 5325 2870 5388 Antea
2912 5321 3151 5370 edebatur
3167 5320 3412 5388 ἠφάνισεν,
3441 5327 3494 5371 et

1987 5337 2010 5360 ε
2037 5337 2106 5369 ua
2131 5337 2268 5370 recte
2315 5337 2499 5384 1188108
2525 5337 2667 5368 unus.
2711 5337 2870 5368 antea
2912 5337 3151 5370 edebatur
3167 5337 3344 5430 ηὲανισ

1918 5396 2030 5444 mox
2059 5383 2354 5444 ἐσκόρπισεν.
2383 5385 2503 5430 Jure
2523 5382 2799 5440 Suspicatus
2825 5393 3043 5444 errorem
3063 5391 3169 5431 erat
3230 5385 3344 5432 mil.

1988 5443 2006 5481 ῐ
2037 5443 2154 5502 Quae
2178 5443 2452 5504 Sequuntur
2474 5445 2525 5491 in
2553 5445 2801 5504 exuet-ptis
2820 5444 2946 5504 apud
2971 5443 3198 5494 Photium
3223 5444 3369 5502 paulo
3389 5454 3490 5490 am-

1919 5506 2074 5568 pliora
2092 5511 2222 5560 sunt,
2238 5503 2283 5565 p.
2309 5503 2401 5568 849
2424 5503 2677 5568 ε-ΠῶςΑοῦν
2698 5503 2982 5568 δικαιοσύνη,
3002 5504 3130 5568 Θεοῦ
3151 5505 3198 5551 έν
3216 5504 3346 5568 αὑτῷ
3367 5507 3490 5568 ἀπο-

1917 5563 2251 5628 καλύπτεταιί
2271 5567 2405 5628 πῶςς
2442 5564 2636 5628 Ἐπειδὴ,
2663 5568 2689 5614 6
2727 5569 2915 5628 πρῶτος
2933 5567 3074 5628 νόμος
3117 5563 3357 5628 Ἰουδαίοις
3389 5563 3485 5628 ἐδέ-

1918 5629 2048 5687 δοτο,
2083 5628 2163 5674 καὶ
2201 5627 2296 5674 τῶν
2315 5626 2470 5674 ἄλλων
2496 5627 2750 5687 ἀνθρώπων
2767 5623 2867 5686 ’τῆς
2890 5623 3033 5683 αὐτῆς
3055 5624 3359 5687 ὑπαρχόντων
3405 5623 3489 5687 δη-

1919 5642 2048 5687 6010,
2083 5642 2163 5674 και
2201 5642 2296 5674 των
2315 5642 2470 5674 αλλων
2496 5642 2577 5674 avo
2607 5644 2750 5675 ωπων
2782 5642 2867 5686 της
2890 5642 3033 5683 αυτης
3055 5642 3359 5686 υπαρχοντων
3405 5642 3488 5678 οη·-

1919 5689 2157 5750 μιουργίας
2193 5688 2272 5734 καὶ
2309 5688 2509 5750 φύσεως,
2549 5642 2606 5734 ’τὲ
2629 5689 2912 5750 Εὑαγγέλιον
2942 5684 3356 5750 πᾶσιν-ὁμοτίμως
3393 5684 3488 5739 τοῖς

1917 5744 2188 5812 όμορυέσιν,
2215 5744 2406 5804 εἰκότως
2427 5750 2474 5797 έν
2494 5744 2918 5812 αύτῷγδικαιοσύνῃ
2942 5744 3066 5812 Θεοῦ
3087 5744 3486 5812 ἀποκαλύπτεται,

1919 5805 1998 5860 καὶ
2020 5805 2232 5861 καλεῖται
2258 5812 2556 5869 δικαιοσύνης
2574 5805 2872 5872 Εὑαγγέλιον·
2890 5810 2936 5857 ἐν
2957 5807 3108 5857 τοίνυν
3133 5811 3189 5868 τῇ
3217 5805 3421 5869 Παλαιᾷ.
