4050 6198
551 368 649 424 ιοι

515 475 706 556 ’ματα
762 475 946 532 αὐτοῦ
1003 473 1081 539 τῷ
1125 471 1388 539 Ἰσραήλ.
1438 471 1559 524 Οὐκ
1624 467 1912 546 ἐποίησεν
1967 463 2122 517 οὕτω

553 551 729 625 ξταντὶ
757 567 935 627 ἔθνει,
963 563 1060 617 καί
1085 562 1155 616 τὰ
1183 562 1432 630 κρίματα
1459 554 1648 611 αὑτοῦ
1673 556 1784 610 οὐκ
1814 551 2124 619 ἐδήλωσεν

551 670 767 713 αυτοις.

624 744 692 805 γ’.
739 731 888 788 Ἐπεὶ
928 726 1019 786 οὖν
1051 731 1266 799 ἐκείνην
1294 729 1434 782 ἔθνει
1479 723 1846 793 ἀπεκάλυψεν,
1891 717 2126 774 ἐνταῦθα

553 825 610 880 δέ
642 821 1051 890 ζυγοστατήσας
1081 819 1173 870 τὸν
1200 817 1298 886 τῆς
1327 813 1581 883 ἀληθείας
1614 813 1793 880 λόγον,
1831 810 1995 862 πᾶσιν
2025 807 2126 860 αύ-

554 913 645 966 τδν
669 911 728 975 ἐξ
753 911 864 962 ίσου
896 907 1145 976 ἐκέρασε.
1171 903 1432 974 Πρόσεχε,
1462 898 1780 970 παρακαλῶο
1806 896 2124 966 Δικαιοσύνη

556 1000 671 1054 ἐστὶ
695 997 754 1050 16
785 995 992 1055 πάντας
1015 991 1215 1062 ὁμοίως
1246 989 1436 1052 σῶσαι,
1462 987 1555 1039 καὶ
1590 986 1663 1055 μὴ
1704 979 1842 1038 εῖναι
1867 980 2128 1052 διαφοράν

559 1083 707 1160 [407]
751 1082 935 1137 δούλου
965 1081 1058 1132 καὶ
1104 1077 1408 1157 ἐλευθέρου,
1456 1072 1729 1144 βαρϐάρου
1775 1069 2126 1141 ἢἚλληνος,

554 1153 809 1242 ⁴γυναικὸς
837 1172 870 1242 ἢ
899 1166 1120 1239 ἀνδρός·
1144 1153 1258 1216 ἀλλ⁴
1283 1163 1311 1216 6
1341 1161 1489 1229 λέγει
1520 1159 1750 1222 Παῦλος,
1779 1159 1874 1210 Ἐν
1901 1153 2131 1224 Χριστῷ

567 1258 769 1329 Ἰησοῦ
807 1259 879 1310 οὐ
911 1253 1207 1321 βάρϐαρος
1228 1291 1242 1314 ,
1275 1250 1347 1303 οὐ
1380 1248 1634 1314 Σκύθης,
1674 1247 1782 1300 οὐκ
1817 1244 2024 1311 ἄρσεν,
2061 1244 2131 1296 οὺ

554 1348 732 1417 θῆλυ,
763 1347 832 1398 οὐ
863 1343 1104 1405 δοῦλος,
1127 1341 1238 1392 οὑκ
1262 1337 1594 1404 ἐλεύθερος.
1623 1334 1785 1405 Ὁρᾷς
1807 1331 2127 1402 όμοτιμίαν;

568 1433 787 1502 Ἐπειδὴ
817 1431 924 1500 γὰρ
956 1430 989 1499 ἡ
1023 1427 1182 1496 φύσις
1219 1426 1500 1494 ὁμότιμος,
1527 1422 1574 1474 εί
1606 1420 1699 1474 καὶ
1740 1422 1858 1482 ταῖς
1887 1418 2131 1486 γνώμαις

554 1520 945 1594 ἐμερίσθημεν,
977 1515 1198 1581 συνάγει
1226 1513 1324 1582 τὴν
1360 1509 1527 1579 φύσιν
1557 1509 1636 1571 είς
1666 1507 1724 1560 16
1754 1506 1976 1594 ἀρχαῖον
2007 1503 2130 1558 κάλ·

555 1586 861 1672 λὸςξὌτάν
891 1604 998 1674 γὰρ
1029 1599 1269 1668 ἐπλάσθη
1311 1600 1340 1650 ὁ
1369 1596 1579 1666 Ἀδὰμ,
1624 1595 1724 1648 ούκ
1765 1586 1833 1663 ἦν
1863 1609 1947 1655 τις
1979 1591 2133 1644 ἀλλο-

557 1696 738 1766 γενὴς,
763 1693 824 1744 ού
857 1689 1087 1758 Σκύθης,
1115 1688 1174 1740 ού
1215 1685 1506 1756 βάρϐαρος,
1547 1682 1646 1752 οὺχ
1666 1680 1886 1751 Ἕλλην,
1919 1680 1977 1732 ού
2011 1675 2133 1731 δοῦ-
2197 1687 2202 1690 ‘

556 1784 666 1845 λος,
696 1781 794 1832 ούκ
826 1776 1126 1846 ἐλεύθερος,
1157 1773 1256 1826 ούκ
1289 1771 1476 1842 ἄρσεν,
1517 1769 1577 1822 ού
1612 1769 1772 1839 θῆλυο
1802 1769 1867 1820 ἐκ
1895 1765 2003 1836 γὰρ
2035 1765 2130 1818 τοῦ

556 1868 674 1929 ἐνὸς
709 1865 778 1918 τὰ
809 1863 902 1917 δύο
941 1863 1209 1931 ἐπήγαγε.
1245 1857 1494 1910 Δουλείαν
1531 1856 1592 1908 ού
1629 1852 1790 1922 φύσις
1819 1854 2127 1924 ἐγέννησεν,

555 1954 690 2009 ἀλλὰ
715 1950 1031 2022 προαίρεσις
1061 1947 1238 2000 ἔτεκε.
1268 1945 1481 1997 Γίνεται
1509 1943 1565 1995 δέ
1597 1943 1689 1996 καὶ
1728 1939 1938 1994 δουλεία
1962 1943 2130 2009 ἠναγ-

557 2039 806 2110 κασμένη
831 2039 863 2108 ἣ
899 2038 958 2089 ἐν
993 2034 1244 2105 συμφορᾷ
1283 2029 1466 2102 λιμοῦ,
1497 2030 1530 2101 ἢ
1559 2028 1934 2099 αἰχμαλωσίας
1964 2026 2129 2093 ἀνάγ-

558 2145 648 2200 κῃ.
706 2125 862 2178 Ἐστι
901 2125 959 2177 δέ
1006 2123 1099 2175 καὶ
1137 2121 1297 2191 έτέρα
1339 2117 1551 2172 δουλεία
1600 2115 1952 2187 αὐθαίρετος,
1995 2114 2028 2182 ἡ
2061 2111 2127 2165 δι’

557 2213 855 2283 ἐπιγαμίαν
897 2208 1289 2280 θεραπαινίδων
1333 2205 1430 2274 τὴν
1458 2203 1656 2273 ἑαυτῆς
1688 2200 1994 2271 ἐλευθερίαν
2041 2217 2129 2252 πι-

559 2302 910 2372 πράσκουσα,
955 2298 1049 2350 καὶ
1100 2294 1204 2348 ὑπὸ
1249 2293 1414 2360 ζυγὸν
1463 2289 1704 2353 δουλείας
1741 2286 2031 2359 ἐρχομένη.
2065 2285 2130 2338 ’Π

557 2391 613 2443 δὲ
645 2387 834 2459 πρώτη
872 2385 1084 2439 δουλεία
1129 2381 1235 2436 ἀπὸ
1267 2380 1443 2450 κακῆς
1487 2378 1715 2448 συνέστη
1746 2375 1990 2446 γνώμης.
2022 2373 2132 2427 Καὶ

559 2478 723 2532 πόθεν
752 2475 1064 2540 εὑρίσκεται
1098 2473 1132 2542 ἡ
1167 2471 1289 2540 ῥίζα
1328 2471 1426 2538 τῆς
1454 2467 1714 2530 δουλείας,
1745 2466 1935 2518 ἁκουεο
1978 2461 2133 2515 Μετὰ

559 2567 647 2619 16v
679 2560 1062 2630 κατακλυσμὸν
1088 2560 1116 2611 6
1145 2558 1270 2611 Νῶε
1303 2553 1443 2626 πιῲν
1469 2549 1632 2618 οἶνον,
1664 2551 1759 2604 καὶ
1790 2549 1865 2622 μὴ
1893 2547 2131 2618 κεράσας

559 2653 720 2707 αὑτὸν
753 2653 818 2721 τῇ
852 2648 1137 2718 πρεπούσῃ
1182 2645 1398 2716 κράσει,
1438 2642 1505 2695 δι’
1531 2639 1784 2711 ἀπειρίαν
1829 2635 2126 2708 ἐμεθύσθη,

558 2741 618 2791 ού
658 2738 882 2808 γνώμης
938 2735 1089 2789 νόσον
1135 2731 1537 2800 ἐνδειξάμενος,
1583 2727 1695 2781 ἀλλ’
1741 2725 1993 2794 ἀγνοίας·
2038 2723 2132 2776 καὶ

561 2823 867 2894 ἐμεθύσθη,
914 2821 1008 2875 καὶ
1041 2818 1328 2890 μεθυσθεὶς
1367 2813 1675 2887 ἐγυμνώθη.
1725 2815 1836 2867 Καὶ
1877 2811 2132 2864 εἰσελθὼν

559 2907 640 2975 εἷς
677 2909 787 2963 τῶν
818 2909 946 2963 υἱῶν
982 2907 1171 2968 αὑτοῦ,
1198 2901 1305 2958 εἶδε
1335 2903 1434 2973 τὴν
1465 2900 1558 2955 τοῦ
1603 2899 1804 2970 πατρὸς
1831 2898 2129 2969 γύμνωσιν,

561 2998 654 3052 καὶ
695 2996 943 3066 ἐγέλασε.
977 2995 1040 3047 Τί
1087 2989 1179 3046 οῦν
1207 2994 1235 3045 6
1264 2990 1444 3062 πατὴρ
1485 2987 1724 3058 ἐκνήψας
1760 2987 1938 3053 λέγει;
1983 2986 2134 3040 Ἐπι-

560 3086 889 3156 κατὰρατος
945 3082 1188 3139 Χαναὰν
1209 3094 1258 3147 ιι,
1309 3080 1450 3146 παῖς
1505 3078 1741 3145 οίκέτης
1790 3076 1961 3129 ἔσται
2011 3075 2133 3141 τοῖς

559 3173 842 3242 ἀδελφοῖς
873 3171 1080 3225 αὐτοῦ.
1111 3168 1274 3240 Ὁρᾷς
1309 3168 1426 3229 πῶς
1451 3165 1547 3236 τὴν
1569 3164 1811 3218 δουλείαν
1841 3163 2129 3233 ἐγέννησεν

559 3263 594 3332 ἡ
617 3261 889 3332 ἁμαρτίας
917 3259 1013 3312 Διὰ
1044 3258 1201 3311 τοῦτο
1241 3256 1388 3323 λέγει
1417 3255 1446 3307 6
1475 3254 1664 3324 Σωτήρ
1684 3270 1697 3284 ·
1719 3251 1845 3318 Πᾶς
1872 3255 1904 3306 ό
1940 3249 2129 3305 ποιῶν

561 3349 674 3416 τὴν
705 3349 1016 3418 ἁμαρτίαν,
1050 3345 1271 3407 δοῦλός
1315 3343 1445 3396 ἐστι
1483 3339 1592 3408 τῆς
1628 3340 1934 3411 ἁμαρτίας.
1981 3337 2134 3390 Ἐπεὶ

501 3477 504 3480 -
559 3432 650 3491 οῦν
699 3432 860 3508 ἦλθεν
901 3435 930 3486 6
971 3429 1340 3503 ἐλευθερωτὴς
1391 3427 1484 3481 τοῦ
1525 3427 1864 3498 ἀνθρωπίνου
1912 3425 2130 3494 γένους,

561 3523 655 3578 καὶ
687 3519 1032 3592 συνεχώρησε
1068 3517 1166 3588 τὴν
1194 3514 1486 3586 ἁμαρτίαν,
1529 3513 1727 3585 μᾶλλον
1757 3513 1813 3566 δὲ
1853 3508 1987 3584 ἦρεν
2021 3513 2134 3582 (ἐκ-

559 3608 741 3681 τεμὼν
790 3607 898 3678 γὰρ
948 3607 1048 3676 τὴν
1095 3603 1271 3674 ῥίζαν,
1329 3598 1648 3670 συνεξέτεμε
1687 3599 1782 3653 κα)⁸
1831 3601 1955 3663 τοὺς
1995 3616 2132 3670 καρο

560 3697 743 3765 ποῦς),
783 3695 939 3748 καλεῖ
969 3689 1314 3760 δικαιοσύνης
1348 3688 1673 3756 Εὑαγγέλιον
1710 3686 1797 3740 διὰ
1827 3685 1888 3740 16
1931 3686 2135 3748 πάντας

561 3785 758 3856 ὁμοίως
789 3783 1060 3854 φωτίζειν.
1103 3777 1514 3850 ’Υπελάμϐανον
1543 3773 1636 3831 οῦν
1670 3777 1720 3829 οί
1757 3775 2020 3839 Ἰουδαῖοι,
2052 3776 2133 3829 ὃτι

559 3960 707 4014 δοται
761 3959 960 4029 μόνοις.
995 3955 1185 4026 Ἐξέϐη
1224 3955 1280 4008 δὲ
1315 3953 1441 4024 παρ’
1483 3950 1701 4016 ἐλπίδας
1740 3953 1772 4021 ἡ
1816 3949 2131 4022 προσδοκία.

562 4047 652 4100 Διό
711 4062 876 4116 φησιν
927 4046 955 4098 6
1005 4042 1168 4097 Δαυῖδ
1195 4059 1208 4070 ·
1263 4039 1702 4108 Ὑπελὰϐομεν,
1746 4041 1779 4092 ό
1835 4037 2015 4102 Θεὸς,
2067 4036 2134 4089 τὸ

561 4135 735 4200 ἔλεός
785 4149 902 4186 σου
954 4132 1024 4184 ὲν
1061 4129 1228 4200 μέσῳ
1292 4127 1398 4181 τοῦ
1456 4125 1609 4180 λαοῦ
1670 4139 1823 4178 σου·
1870 4123 2018 4176 κατὰ
2069 4121 2134 4175 τὸ

563 4223 752 4294 ὄνομά
797 4239 948 4285 σου,
989 4223 1022 4274 ό
1065 4219 1238 4284 Θεὸς,
1285 4215 1438 4270 οὕτω
1491 4213 1590 4267 καί
1641 4213 1678 4280 ἡ
1728 4212 1964 4277 αἵνεσίς
2019 4225 2135 4263 σου

562 4311 661 4364 ἐπὶ
716 4311 787 4365 τὰ
831 4308 1056 4376 πέρατα
1106 4301 1217 4373 τῆς
1257 4303 1390 4373 γῆς.
1431 4302 1541 4355 Καὶ
1587 4299 1675 4354 ἴνα
1729 4298 1908 4369 δείξῃ,
1954 4298 2036 4350 ὅτι
2075 4295 2136 4349 16

565 4398 788 4467 ἐλεῆσαι
842 4396 910 4448 τά
964 4395 1176 4464 πέρατα
1231 4391 1328 4460 τῆς
1394 4387 1531 4457 γῆς,
1580 4385 1891 4455 δικαιοσύνη
1955 4383 2132 4448 ἐστὶν,

565 4486 852 4553 ἐπήγαγε·
902 4480 1296 4545 Δικαιοσύνης
1363 4468 1600 4542 πλήρης
1659 4473 1698 4541 ἡ
1767 4469 1936 4536 δεξιά
1995 4485 2130 4526 σου.

567 4570 735 4624 Ὅταν
767 4569 794 4608 ι)
841 4567 976 4638 βαθύ
1017 4584 1069 4618 τι
1107 4565 1198 4617 καὶ
1230 4557 1562 4634 προφητικὸν
1594 4557 1842 4630 άνακύψη
1884 4558 2132 4630 ζήτημα,

565 4657 837 4728 σύνδραμε
899 4654 976 4725 τῷ
1035 4653 1199 4722 λόγῳ,
1255 4650 1329 4721 μὴ
1381 4648 1612 4719 κροτῶν,
1655 4647 1790 4701 ἀλλὰ
1852 4646 2008 4711 νοῶν,
2059 4646 2134 4716 μὴ

561 4745 751 4809 ἁπλῶς
775 4743 1059 4815 δεχόμενος
1084 4740 1174 4794 τὸν
1208 4739 1395 4810 κρότον
1427 4737 1534 4790 τῶν
1564 4733 1843 4807 ῥημάτων,
1877 4733 2012 4788 ἀλλὰ
2037 4734 2134 4804 τὴν

565 4835 775 4889 ἔννοιαν
815 4829 1117 4903 βασανίζων
1162 4827 1271 4881 τῶν
1322 4825 1628 4898 νοημάτων.
1679 4822 1804 4876 Ἐάν
1858 4821 1964 4893 γάρ
2006 4820 2136 4893 ᾄδῃς

563 4921 634 4974 τὰ
658 4920 752 4974 τοῦ
795 4917 929 4973 Θεοῦ
960 4915 1098 4988 μετὰ
1120 4912 1403 4984 ἀληθείας,
1435 4911 1528 4965 καὶ
1561 4910 1792 4982 μάλιστα
1827 4905 1926 4980 τὴν
1954 4908 2136 4978 φωνὴν

564 5007 786 5077 ταύτην,
817 5007 883 5077 ἢν
929 5005 958 5057 6
989 5001 1149 5057 Δαυῒδ
1179 4997 1368 5055 εἶπενο
1411 4998 1835 5067 ’Υπελάϐομεν,
1879 4999 1912 5051 ό
1965 4995 2133 5060 Θεὸς,

563 5093 631 5146 τὸ
663 5093 833 5156 ἔλεός
869 5105 984 5144 σου
1031 5091 1100 5142 ὲν
1132 5089 1296 5158 μέσῳ
1339 5085 1447 5140 τοῦ
1487 5085 1640 5140 λαοῦ
1689 5100 1838 5138 σου·
1888 5083 2040 5137 κατὰ
2069 5083 2134 5135 τὸ

565 5177 754 5248 ὄνομά
786 5193 924 5240 σου,
953 5181 985 5231 ό
1016 5177 1178 5242 Θεὸς,
1220 5175 1372 5227 οὕτω
1407 5173 1504 5227 καί
1546 5173 1584 5240 ἡ
1627 5171 1860 5236 αἵνεσίς
1895 5184 2012 5223 σου
2037 5167 2139 5221 ἐπὶ

567 5267 640 5321 τὰ
658 5266 882 5333 πέρατα
909 5263 1020 5331 τῆς
1048 5262 1187 5331 τῆς·
1229 5260 1622 5325 δικαιοσύνης
1649 5257 1885 5325 πλήρης
1909 5255 1948 5323 ἡ
1973 5253 2139 5320 δεξιά

566 5370 684 5411 σου
705 5371 718 5383 ·
765 5351 994 5423 εὑρίσκῃ
1025 5350 1120 5402 καὶ
1152 5350 1294 5421 ᾅδων
1337 5349 1404 5401 τὰ
1435 5347 1528 5401 τοῦ
1563 5345 1720 5411 Θεοῦ,
1765 5345 1859 5398 καὶ
1897 5343 2136 5416 πληρού-

627 5676 656 5748 ξι
691 5669 774 5720 Sic
793 5680 984 5726 omnes,
1009 5670 1155 5726 atque
1181 5659 1248 5712 ila
1270 5661 1456 5722 legitur
1495 5657 1545 5708 in
1579 5657 1788 5724 Bibliis;
1822 5669 1949 5708 unus
1981 5654 2138 5705 codex

567 5737 835 5844 x“by-11mm
855 5793 965 5842 ὅταν
988 5788 1070 5854 μὲν
1093 5787 1189 5838 σῦν.
1215 5785 1358 5836 Alius
1382 5783 1493 5832 ὅταν
1515 5781 1610 5831 οὖν.

2106 347 2380 406 INCEBTI

3697 347 3806 404 602

2237 480 2396 532 μενος
2443 460 2754 531 Πνεύματος
2805 459 2981 528 ἁγίου,
3031 459 3088 510 Ὀ
3125 458 3230 528 γὰρ
3278 459 3512 530 γνησίως
3566 460 3809 529 ψάλλων.

2231 549 2710 619 ἀνακαινιζὸμενος
2753 549 2851 616 τὴν
2898 548 3097 618 ψυχὴν.
3149 548 3489 601 ἀποτελεῖται
3539 550 3663 611 ναὸς
3713 550 3811 601 τοῦ

2231 637 2386 706 ἁγίου
2413 636 2748 708 Πνεύματος.
2773 636 2990 707 Μὴγὰρ
3020 636 3216 706 μικρὸν
3243 637 3469 706 νομίσῃς
3489 636 3815 707 ψαλμῳδίαν

2233 719 2392 778 εἶναι.
2423 727 2582 778 Δοκεῖ
2621 726 2717 795 μὲν
2747 723 2856 795 γὰρ
2882 720 2980 794 τὴν
3015 724 3181 794 ἀκοὴν
3223 721 3453 789 θέλγειν,
3489 724 3552 794 τῇ
3583 723 3637 775 δέ
3673 723 3814 792 άλη-

2235 815 2353 885 θείᾳ
2379 816 2477 884 τὴν
2501 814 2648 886 [408]
2682 813 2859 886 ψυχὴν
2899 813 3149 885 ἐγείρειν.
3176 811 3332 866 Οῦτω
3360 813 3453 868 καὶ
3478 813 3505 866 6
3541 815 3816 885 μακάριος

2248 902 2547 964 Ἐλισσαῖος
2575 902 2602 953 6
2635 903 2918 972 προφήτης
2947 900 3428 971 παρακαλούμενος
3463 903 3613 973 παρά
3647 919 3816 954 τινων

2239 989 2504 1061 βασιλέων
2527 987 2901 1060 προφητεῦσαι
2932 987 2999 1040 τά
3036 987 3312 1057 μέλλοντα,
3345 986 3512 1056 λέγει’
3544 989 3688 1041 Δότε
3711 1007 3819 1058 μοι

2235 1077 2422 1145 ἄνδρα
2451 1077 2648 1130 εἰδότα
2684 1075 2973 1144 ψάλλειν·
3016 1070 3176 1145 ἦλθεν
3209 1076 3236 1126 6
3268 1073 3367 1144 τῆς
3411 1076 3673 1145 μουσικῆς
3711 1076 3817 1145 έμ-

2237 1181 2443 1236 πειρος,
2472 1165 2564 1218 καὶ
2600 1164 2657 1216 ἐν
2689 1163 2766 1232 τῷ
2810 1162 3054 1232 ψάλλειν,
3089 1162 3273 1230 φησὶν,
3320 1159 3544 1226 ἐκεῖνον,
3583 1158 3714 1232 ἦλθε
3753 1165 3819 1216 τὸ

2235 1251 2476 1326 Πνεῦμα,
2507 1250 2566 1304 16
2609 1250 2764 1319 ἅγιον
2805 1251 2898 1302 ἐπὶ
2939 1248 3254 1301 Ἐλισσαῖον.
3315 1245 3380 1301 Τί
3423 1245 3550 1312 οῦνς
3593 1246 3703 1320 ἆρα
3752 1250 3821 1302 16

2237 1339 2461 1409 Πνεῦμα
2495 1339 2554 1392 16
2584 1339 2736 1406 άγιον
2766 1341 2967 1406 φωναῖς
2997 1337 3265 1405 θέλγεται,
3294 1338 3387 1390 καὶ
3413 1339 3648 1408 ἐπῳδαῖς
3674 1339 3818 1392 καθ-

2238 1427 2474 1488 έλκεται,
2523 1427 2572 1478 εί
2616 1429 2683 1496 τῇ
2725 1425 2867 1496 ψυχῇ
2930 1423 3298 1478 ἐπανεπαύετο
3339 1426 3405 1494 τῇ
3459 1429 3816 1495 προφητικῇς

2244 1515 2441 1583 Ἤρκει
2471 1514 2503 1584 ἡ
2537 1513 2841 1584 καθαρότης
2881 1511 2973 1566 τοῦ
3016 1511 3291 1582 προφήτου
3335 1509 3819 1580 προσκαλέσασθαι

2239 1602 2298 1656 16
2325 1603 2544 1672 Πνεῦμα
2572 1602 2632 1654 τὸ
2675 1601 2844 1670 ἅγιον.
2875 1601 2971 1654 Διὰ
3006 1600 3058 1654 τί
3094 1596 3187 1652 οὖν
3225 1597 3394 1664 λέγει,
3431 1600 3572 1653 Δότε
3621 1601 3820 1668 ἄνδρα

2238 1689 2436 1743 εὶδότα
2476 1689 2779 1758 ψάλλειν;
2831 1690 2942 1759 Ούχ
2986 1689 3073 1742 ἵνα
3119 1688 3181 1741 τὸ
3219 1683 3439 1754 Πνεῦμα
3480 1689 3692 1759 τερφθῇ
3727 1688 3820 1741 διὰ

2237 1777 2336 1847 τῆς
2382 1776 2718 1848 ψαλμῳδίας,
2748 1775 2862 1829 ἀλλ’
2900 1776 3004 1838 ἵνα,
3040 1775 3246 1828 ἐκείνου
3286 1777 3597 1847 ψάλλοντος,
3627 1778 3657 1828 6
3690 1773 3818 1839 νοῦς

2236 1865 2329 1918 τοῦ
2372 1864 2651 1936 προφήτου
2689 1863 3112 1928 ἀνακαινισθεὶς,
3154 1863 3301 1928 ἄξιος
3330 1865 3556 1934 γένηται
3585 1863 3688 1934 τῆς
3719 1862 3816 1916 τοῦ

2235 1953 2390 2020 άγίου
2425 1952 2739 2022 Πνεύματος
2763 1953 3175 2021 ἐπιφοιτήσεως.
3193 1953 3292 2005 Διά
3316 1952 3472 2006 τοῦτο
3501 1953 3562 2005 16
3588 1951 3815 2022 Πνεῦμα

2236 2039 2404 2105 καλεῖ,
2445 2040 2530 2093 ἵνα
2555 2039 2722 2110 δείξῃ,
2765 2040 2847 2093 ὅτι
2893 2039 2954 2092 ού
2985 2041 3050 2110 τῇ
3078 2039 3364 2111 ψαλμῳδίᾳ
3394 2037 3646 2111 ἐθέλχθη,
3679 2038 3816 2093 ἀλλὰ

2235 2129 2300 2198 τῇ
2334 2128 2478 2210 ψυχῇ
2527 2130 2592 2197 τῇ
2646 2127 2751 2181 ὑπὸ
2789 2129 2888 2198 τῆς
2933 2121 3250 2210 ψαλμῳδίας
3293 2127 3652 2198 διεγερθείσῃ.
3701 2129 3816 2181 Ούκ

2235 2210 2397 2286 ἦλθεν
2430 2207 2522 2268 ἐπὶ
2549 2215 2641 2268 τὸν
2669 2214 2958 2283 ψάλλοντα,
2999 2207 3112 2268 ἀλλ’
3143 2215 3235 2267 ἐπὶ
3267 2214 3356 2268 τὸν
3381 2211 3674 2269 ἀκούοντα.
3727 2218 3819 2267 Δεῖ

2241 2302 2339 2372 μὲν
2372 2297 2463 2356 οῦν
2489 2302 2717 2355 καθόλου
2745 2300 2843 2365 τὰς
2869 2301 3123 2371 δυνάμεις
3151 2301 3258 2354 τῶν
3286 2293 3513 2372 ψαλμῶν
3561 2302 3817 2373 ἐρευνᾷν,

2238 2387 2531 2460 ἐξαιρέτως
2561 2389 2616 2443 δὲ
2649 2388 2743 2442 τοῦ
2771 2390 3009 2460 σήμερον
3040 2389 3170 2458 ἡμῖν
3196 2389 3450 2460 ῥηθέντος
3479 2390 3637 2458 ἁγίου
3675 2390 3818 2458 ψαλ-

2241 2479 2342 2550 μοῦ
2375 2490 2432 2517 ε’
2487 2476 2540 2529 Ὀ
2583 2476 2796 2542 Κύριος
2845 2471 3280 2539 ἐϐασίλευσεν,
3344 2476 3733 2545 ἀγγαλιάσθω
3775 2476 3816 2542 ἡ

2239 2568 2337 2638 γῆ,
2366 2562 2874 2634 εὐφρανθήτωσαν
2896 2559 3075 2630 νῆσοι
3107 2563 3349 2616 πολλαί.
3382 2563 3476 2628 T6,
3510 2563 3565 2615 Ὀ
3600 2567 3821 2632 Κύριος

2237 2653 2620 2715 ἐϐασῖλευσε,
2643 2650 2756 2712 πῶς
2785 2645 3220 2718 ύπολαμϐάνεις;
3259 2643 3366 2718 ἆρα
3398 2646 3473 2712 ὡς
3504 2649 3822 2718 πρόσφατον

2237 2741 2470 2796 λαϐόντα
2488 2738 2549 2792 16
2572 2739 2669 2808 τῆς
2701 2735 2975 2806 βασιλείας
3002 2733 3248 2804 ἀξίωμας
3286 2735 3346 2788 Εἰ
3379 2734 3478 2804 μὲν
3504 2735 3611 2805 γὰρ
3636 2731 3819 2800 εἶπεν,

2251 2828 2304 2881 Ὁ
2342 2831 2552 2895 Κύριος
2575 2823 2913 2890 βασιλεύει.
2949 2822 3048 2894 τὴν
3087 2821 3254 2875 ἀΐδιον
3302 2821 3462 2875 αὑτοῦ
3501 2825 3823 2894 ήρμήνευεν

2239 2915 2390 2982 ἀξίαν
2412 2932 2424 2945 ·
2464 2913 2556 2967 νῦν
2584 2913 2642 2966 δὲ
2674 2912 2842 2980 λέγει,
2879 2911 2931 2963 Ὁ
2961 2911 3173 2978 Κύριος
3196 2911 3614 2964 ἐϐασίλευσεν.
3652 2911 3824 2982 Εἴρηο

2240 3022 2329 3058 ται
2361 3003 2454 3057 καὶ
2485 3001 2672 3073 πρώην
2712 3002 2864 3070 ἡμῖν,
2894 2998 2986 3052 καὶ
3029 2997 3123 3052 νῦν
3171 2997 3511 3067 λεχθήσεται.
3567 2998 3681 3069 Πρὸ
3720 2999 3825 3068 1i};

2239 3091 2331 3147 τοῦ
2361 3089 2595 3160 Χριστοῦ
2634 3086 2956 3160 παρουσίας,
2993 3085 3099 3153 πρὸ
3129 3085 3220 3138 τοῦ
3259 3085 3611 3154 εύαγγελικοῦ
3643 3076 3824 3157 κηρῦ-

2240 3194 2468 3249 γματος,
2495 3171 2839 3228 ἐϐασιλεύετο
2862 3171 3016 3242 ἡμῶν
3038 3173 3070 3241 ἡ
3102 3168 3263 3240 φύσις
3289 3162 3392 3224 ὑπὸ
3427 3163 3519 3223 τοῦ
3544 3171 3822 3233 διαϐόλου,

2243 3265 2347 3319 ὑπὸ
2379 3265 2477 3334 τῆς
2516 3262 2806 3332 ἁμαρτίας,
2832 3260 2934 3312 ύπδ
2965 3258 3060 3313 τοῦ
3112 3258 3360 3313 θανάτου.
3413 3258 3585 3311 Πόθεν
3622 3259 3824 3324 τοῦτο;

2242 3353 2406 3420 Λέγει
2433 3349 2674 3412 Παῦλοςο
2716 3348 2943 3414 Ὥσπερ
2981 3346 3089 3415 γὰρ
3116 3345 3516 3399 ἐϐασίλευσεν
3554 3346 3590 3413 ἠ
3631 3346 3824 3414 ἀμαρ-

2241 3440 2336 3494 τία
2363 3439 2431 3492 ἐν
2459 3435 2537 3501 τῷ
2565 3429 2759 3501 θνητῷ
2783 3433 2951 3502 ἡμῶν
2979 3431 3226 3500 σώματι,
3257 3431 3409 3484 οὕτω
3435 3432 3530 3485 καὶ
3574 3433 3612 3499 ἡ
3643 3431 3825 3501 χάρις

2235 3525 2597 3591 ,ϐασιλεύσει
2626 3521 2722 3574 διὰ
2751 3519 3026 3588 Χριστοῦ.
3062 3519 3191 3572 Ἰδού
3220 3520 3255 3590 ἡ
3278 3515 3380 3589 τῆς
3412 3521 3687 3590 ἁμαρτίας
3719 3519 3822 3589 βα-

2245 3613 2436 3668 σιλεία.
2482 3611 2591 3664 Ποῦ
2644 3613 2676 3679 ἠ
2726 3607 2820 3662 τοῦ
2859 3601 3135 3671 διαϐόλους
3172 3607 3366 3659 ’Ᾱκουε
3412 3607 3505 3660 τοῦ
3562 3607 3821 3678 Σωτῆρος

2241 3701 2520 3769 λέγοντοςο
2556 3699 2624 3751 El
2667 3698 2698 3750 ό
2731 3693 3002 3761 Σατανᾶς
3049 3695 3156 3747 τὸν
3203 3692 3478 3748 Σατανᾶν
3514 3693 3818 3756 ἐκϐάλλει,

2225 3786 2384 3856 ,καθ’
2413 3786 2627 3841 ἑαυτοῦ
2668 3785 2979 3854 ἐμερίσθη’
3018 3779 3144 3849 πῶς
3193 3777 3308 3836 οὖν
3359 3777 3726 3849 σταθήσεται
3775 3783 3820 3851 ή

2237 3875 2524 3942 ,ϐασιλεία
2569 3872 2788 3935 αύτοῦ;
2848 3871 2976 3924 Ἰδοὺ
3028 3869 3061 3938 ἡ
3102 3867 3195 3920 τοῦ
3243 3866 3488 3922 διαϐόλου
3544 3861 3815 3936 βασιλεία.

2243 3963 2354 4018 Ποῦ
2388 3965 2422 4032 ὴ
2452 3960 2546 4015 τοῦ
2573 3959 2800 4014 θανάτου
2824 3974 2838 4022 ;
2867 3953 3065 4008 ’Ᾱκουε
3093 3953 3304 4007 Παύλου
3332 3953 3580 4022 λέγοντος⁹
3605 3971 3620 3984 ·
3663 3957 3824 4010 Ἐϐα-

2242 4051 2534 4105 σίλευσεν
2563 4049 2596 4102 ό
2644 4045 2896 4110 θάνατος
2927 4041 3043 4096 ἀπὸ
3076 4040 3247 4110 Ἀδὰμ
3281 4040 3453 4110 μέχρι
3499 4040 3817 4107 Μωῢσέως,

2244 4138 2338 4193 καὶ
2371 4136 2467 4190 ἐπὶ
2500 4133 2641 4198 τοὺς
2663 4130 2749 4202 μὴ
2779 4129 3258 4200 ἁμαρτήσαντας.
3295 4128 3447 4180 Ἐπεὶ
3478 4125 3571 4181 οὖν
3598 4129 3822 4200 ἐκράτει

2199 4228 2276 4296 ,κὴ
2301 4221 2578 4291 διαϐολικὴ
2611 4218 2767 4291 τριάς
2819 4219 2853 4288 η
2900 4215 3040 4269 κατὰ
3085 4215 3183 4285 τῆς
3233 4215 3392 4282 ἁγίας
3427 4216 3519 4267 καὶ
3546 4215 3821 4286 ἀχράντου

2245 4309 2472 4380 Τριάδος
2505 4306 2904 4376 τυραννήσασα,
2921 4302 3218 4367 τουτέστιν,
3241 4303 3268 4354 6
3294 4301 3556 4365 διάϐολος,
3585 4305 3618 4371 ἡ
3646 4304 3826 4372 ἁμαρ-

2242 4398 2351 4462 τία,
2372 4397 2400 4448 6
2433 4395 2687 4455 θάνατος·
2717 4391 2809 4445 καὶ
2829 4393 2857 4443 6
2886 4390 2982 4460 μὲν
3007 4387 3247 4451 διάϐολος
3273 4388 3479 4458 ἠπάτα,
3503 4389 3538 4459 ἡ
3559 4389 3616 4441 δὲ
3644 4390 3825 4460 ἁμαρ-

2243 4483 2332 4536 τία
2379 4480 2632 4551 ἐσφαζεν,
2665 4481 2693 4532 6
2729 4478 2785 4530 δὲ
2831 4477 3056 4539 θάνατος
3101 4475 3358 4528 ἔθαπτενο
3408 4476 3823 4544 εὐαγγελίζεται

2245 4571 2365 4632 τοὺς
2391 4565 2855 4639 τυραννουμένους
2884 4566 2912 4616 6
2953 4562 3133 4627 Δαυῒδ,
3160 4563 3254 4616 καὶ
3287 4563 3453 4631 λέγει,
3495 4563 3636 4616 ῶστε
3666 4565 3818 4630 ἐξελ-

2245 4656 2354 4710 θεῖν
2389 4655 2478 4710 τὺν
2507 4653 2668 4722 ζυγὸν
2701 4653 2801 4723 τῆς
2847 4651 3112 4714 δουλείας,
3146 4652 3240 4704 κα¹ί¹
3277 4650 3529 4716 δέξασθαι
3556 4650 3650 4704 τοῦ
3685 4653 3821 4719 Χρι-

2245 4741 2370 4798 στοῦ
2397 4743 2497 4815 τὴν
2520 4739 2832 4794 δεσποτείαν
2867 4738 3276 4810 κηρυττομένην
3301 4755 3313 4768 ·
3354 4739 3408 4790 '0
3439 4739 3655 4806 Κύριος
3683 4738 3822 4790 ἐεα-

2243 4836 2515 4890 σίλευσε.
2539 4828 2818 4882 Πέπαυται
2845 4825 2937 4880 τοῦ
2971 4825 3199 4879 θανάτου
3238 4826 3270 4894 ἡ
3313 4823 3580 4894 βασιλεία,
3611 4825 3824 4877 πέπαυ-

2243 4941 2332 4978 ται
2359 4922 2458 4992 τῆς
2493 4917 2763 4990 ἁμαρτίας
2792 4915 2854 4968 16
2883 4915 3104 4984 κράτος,
3143 4913 3416 4967 πέπαυται
3450 4911 3542 4965 τοῦ
3571 4911 3823 4965 διαϐόλου

2243 5014 2277 5082 ἡ
2308 5007 2544 5077 ἐξουσία.
2609 5005 2664 5056 '0
2707 5004 2920 5071 Κύριος
2959 5001 3380 5066 ἐϐασίλευσεν,
3431 5000 3824 5070 ἁγαλλιάσθω

2244 5099 2283 5168 ἡ
2455 5091 2741 5163 Ἀγαλλιᾷν
2785 5089 2892 5160 γὰρ
2929 5087 3131 5157 ὀφείλει
3165 5089 3198 5158 ἡ
3243 5088 3370 5140 ποτὲ
3421 5087 3822 5158 δεδουλωμένη,

2244 5187 2352 5240 καὶ
2378 5183 2473 5237 νῦν
2512 5175 2964 5252 ἐλευθερωθεῖσαο
3007 5177 3041 5245 ὴ
3095 5176 3222 5230 ποτὲ
3265 5174 3677 5245 πεπλανημένη,
3730 5177 3823 5226 καὶ

2245 5273 2340 5328 νῦν
2364 5265 2756 5340 δεδοξασμένηο
2795 5267 2828 5335 ἡ
2865 5263 2991 5318 ποτέ
3017 5265 3074 5316 ἐν
3105 5263 3317 5332 τάφοις,
3351 5262 3444 5315 καὶ
3473 5262 3571 5315 νῦν
3607 5265 3662 5316 ὲν
3694 5261 3819 5331 θρό-

2310 5533 2331 5559 ”
2385 5528 2521 5578 Unus
2557 5532 2668 5588 post
2699 5521 2890 5588 ψαλμοῦ
2921 5520 3245 5588 ιιιώει-ποίου
3277 5519 3483 5588 106101;;
3526 5518 3678 5588 Paplo
3712 5523 3825 5588 p_m_z_t

2246 5592 2378 5640 Idem
2399 5581 2670 5653 πρόσφᾷτον
2692 5581 2932 5653 λαϐόντος,
2955 5592 3008 5630 ει
3027 5581 3148 5631 infra
3166 5582 3399 5653 ἡρμήνευε
3420 5581 3676 5651 βασιλείαν·
3710 5581 3750 5626 εἰ

2247 5655 2390 5713 λέγει,
2421 5643 2480 5700 Ὅ
2505 5643 2676 5712 Κύριος
2717 5647 3010 5713 έϐασίλερσε,
3055 5643 3287 5713 νεωτέραν
3310 5644 3413 5713 τινὰ
3434 5643 3695 5713 κυριότητα
3743 5643 3826 5688 καὶ

2248 5703 2525 5763 δεσποτείαν
2541 5713 2567 5759 6
2582 5703 2878 5772 ’προφητικὸς
2900 5708 3036 5772 λόγος
3057 5703 3340 5772 αῖνίττεσθαι
3366 5703 3597 5763 βούλεται.
3625 5703 3825 5766 Εἰρηται

2248 5775 2402 5824 τοίνυν
2423 5773 2530 5835 ὑμῖν
2552 5765 2832 5835 καῖ’τιᾲᾡην,
2855 5769 2935 5818 καὶ
2958 5765 3038 5814 νῦν
3055 5767 3107 5816 δὲ
3131 5765 3423 5829 λεχθήσεται.
