3958 6186
164 347 249 404 lOl
1314 348 1593 406 HOMILIA
1636 349 1723 405 DE
1763 349 2263 412 LEGISLATORE.

163 464 235 517 vid
266 483 277 519 :
307 461 408 528 Qui
427 463 696 518 annuntiat
717 465 918 520 uerbum
941 481 1087 520 suum
1112 466 1292 533 Jacob,
1309 468 1540 536 justitias
1575 476 1620 522 et
1637 471 1728 540 ju-

160 555 274 608 dicia
297 570 389 607 sua
415 553 602 609 Israel.
636 554 757 610 Non
783 557 900 629 fecit
941 558 1109 612 taliter
1149 560 1286 613 omni
1315 561 1528 628 nationi,
1557 570 1604 614 et
1635 561 1727 632 ju-

158 650 275 701 diria
297 663 391 701 sua
420 665 522 702 non
560 651 901 721 manifestavit
925 652 997 706 eis
1031 652 1052 723 (
1084 651 1228 710 Psal.
1260 654 1384 709 147.
1433 655 1486 710 8.
1535 653 1588 710 9.
1637 655 1724 710 19.

159 745 217 799 ξο
242 745 278 812 ).

216 837 264 891 ’5.
287 834 516 890 Iustitia
540 837 854 908 evangelium
877 855 896 903 ;
925 839 1174 894 seruitutis
1196 841 1385 910 species
1404 841 1633 896 diuerstz.
1655 867 1728 884 —-

155 929 271 997 Quia
292 943 422 999 ergo
469 931 556 983 uni
582 932 729 1000 genti
759 931 1043 1001 patefecit,
1081 931 1168 988 hic
1203 949 1334 989 vero
1363 933 1606 990 doctrina
1631 950 1729 991 ve-

154 1020 307 1075 ritatis
338 1029 609 1091 tamquam
653 1022 718 1076 ad
759 1033 1011 1078 stateram
1037 1039 1270 1093 appensa
1291 1065 1306 1091 ,
1331 1026 1582 1081 omnibus
1606 1041 1728 1082 eam

153 1127 206 1165 ex
235 1127 386 1181 :eqno
411 1111 844 1168 communicavit.
878 1113 1338 1186 Adverte,quaeso.
1367 1115 1586 1172 Justitia
1607 1125 1690 1173 est
1709 1157 1725 1184 ,

151 1217 320 1256 omnes
350 1218 418 1258 ex
449 1218 604 1273 mque
625 1203 804 1258 salvos
833 1205 971 1260 velle
1001 1224 1015 1260 :
1049 1221 1147 1261 nec
1166 1207 1520 1263 differentiam
1550 1207 1728 1264 facere

150 1294 278 1348 servi
304 1302 403 1348 aut
433 1293 608 1358 liberi,
641 1294 849 1349 barbari
870 1305 964 1350 aut
991 1295 1184 1363 Graeci,
1209 1298 1447 1353 mulieris
1476 1298 1560 1354 vel
1585 1298 1720 1353 viri:

150 1387 231 1442 sed
259 1387 402 1456 quod
435 1387 629 1443 Paulus
653 1387 779 1443 dicit
810 1404 824 1440 :
860 1387 927 1442 In
947 1389 1147 1444 Christo
1170 1389 1296 1444 Iesu
1317 1407 1417 1446 non
1440 1391 1685 1454 barbarus
1706 1435 1721 1458 ,

149 1496 236 1532 non
258 1479 459 1549 Scytha
481 1495 500 1533 :
531 1497 631 1534 non
663 1496 790 1546 mas,
824 1497 925 1535 non
951 1481 1140 1550 femina
1169 1497 1187 1536 :
1220 1499 1312 1538 nec
1334 1501 1522 1549 servus,
1557 1502 1646 1540 nec
1663 1485 1729 1539 li-

148 1571 256 1640 brr(
284 1570 486 1626 Coloss.
511 1572 565 1626 5.
599 1573 659 1628 11
691 1571 734 1626 ὶ.
766 1572 998 1628 Videsne
1023 1575 1560 1644 aequalitatem?Quia
1582 1577 1725 1633 enim

149 1674 318 1715 natura
350 1663 589 1732 aequales
611 1678 796 1719 sumus
817 1705 832 1727 .
861 1664 984 1720 licet
1025 1666 1306 1722 sententiis
1343 1669 1717 1736 dissideamus,

154 1763 384 1806 naturam
419 1762 659 1809 nostram
687 1757 924 1825 pristiam
953 1757 1026 1811 illi
1057 1759 1440 1827 pulchritudini
1472 1763 1722 1817 restituit.

147 1841 265 1896 Cum
291 1844 442 1898 enim
473 1845 710 1901 Adamus
731 1861 763 1901 e
795 1854 936 1902 terra
968 1847 1226 1904 formatus
1254 1848 1370 1915 fuit,
1406 1866 1512 1906 non
1538 1852 1726 1908 alieni-

151 1950 292 2004 gena,
323 1951 435 1990 non
468 1936 664 2008 Scytha
687 1979 703 2005 ,
737 1953 836 1993 nec
873 1939 1132 1996 barbarus
1158 1982 1172 2004 ,
1203 1956 1302 1996 nec
1330 1942 1549 1998 Grrecus
1568 1985 1582 2010 ,
1618 1959 1722 1999 non

147 2042 344 2092 servus,
376 2046 481 2084 non
510 2031 664 2096 liber,
688 2045 795 2086 non
825 2046 960 2099 mas,
986 2048 1084 2088 nec
1110 2034 1303 2088 femina
1333 2043 1449 2090 erat
1481 2053 1496 2089 :
1523 2051 1588 2092 ex
1617 2053 1724 2093 uno

152 2119 402 2188 siquidem
425 2121 531 2176 duo
557 2122 643 2176 illa
668 2123 984 2192 procreavit.
1031 2124 1351 2181 Servitutem
1400 2143 1505 2183 non
1537 2139 1725 2186 natura

151 2211 357 2279 genuit,
401 2213 488 2267 sed
520 2213 747 2270 liberum
773 2215 1052 2272 arbitrium
1103 2221 1328 2288 peperit.
1379 2219 1484 2275 Sed
1524 2229 1578 2276 et
1624 2223 1723 2276 alia

143 2304 342 2368 species
374 2305 647 2362 servitutis
675 2316 778 2375 est,
806 2308 872 2363 ad
899 2324 1058 2379 quam
1103 2311 1426 2368 necessitate
1451 2312 1607 2369 famis
1635 2323 1726 2370 aut

138 2397 462 2465 captivitatis
503 2398 791 2471 adigimur.
842 2401 1046 2457 Praeter
1072 2403 1209 2459 hanc
1239 2420 1451 2475 quoque
1479 2407 1582 2461 alia
1609 2416 1690 2462 est
1708 2447 1723 2472 ,

136 2503 285 2556 quam
315 2499 518 2560 sponte
548 2491 822 2548 subimus:
847 2502 906 2547 ut
928 2495 1137 2550 ancillis
1163 2495 1213 2550 in
1239 2512 1433 2554 uxores
1450 2498 1644 2566 ductis,
1670 2502 1728 2556 li-

135 2579 398 2637 bertatern
427 2583 730 2650 vendimus,
751 2594 807 2640 et
830 2599 930 2642 nos
950 2587 1221 2644 servitutis
1233 2589 1362 2658 jugo
1388 2590 1722 2661 subjicimus.

133 2672 203 2726 Ac
231 2673 406 2741 prima
437 2675 656 2742 quidem
690 2676 777 2730 illa
801 2677 964 2731 animi
985 2678 1214 2749 quadam
1243 2681 1503 2749 pravitate
1527 2685 1726 2739 consti-

136 2774 232 2817 tuta
255 2777 358 2821 est.
392 2767 482 2821 Tn
512 2782 660 2831 vero,
691 2767 833 2825 unde
868 2768 981 2826 haec
1011 2771 1526 2844 servitusoriginem
1554 2776 1722 2832 duxe-

134 2859 215 2920 rit,
246 2859 500 2915 attende.
532 2860 655 2915 Post
683 2861 948 2917 diluvium
978 2862 1091 2920 Noé
1116 2881 1236 2920 cum
1265 2867 1443 2922 vinum
1478 2868 1721 2938 bibisset,

137 2967 227 3006 nec
253 2962 307 3005 ut
337 2969 442 3022 par
471 2963 589 3008 erat
624 2955 750 3010 illud
783 2964 1169 3027 temperasset,
1198 2958 1459 3029 imperitia
1495 2961 1723 3032 quadam

133 3042 426 3100 inebriatus
469 3055 556 3101 est
587 3065 600 3101 :
641 3062 812 3117 neque
837 3049 1156 3116 voluntatis,
1200 3051 1295 3106 sed
1329 3052 1554 3108 inscitize
1582 3069 1726 3108 mor-

135 3135 246 3187 bum
275 3135 506 3190 admisit
530 3153 546 3202 ;
576 3146 630 3192 et
671 3139 884 3208 quidem
911 3141 1094 3195 ebrius
1123 3141 1356 3210 seipsum
1386 3142 1682 3199 denudavit
1706 3164 1719 3199 :

129 3234 280 3295 atque
306 3244 458 3282 unus
491 3243 522 3283 e
553 3227 677 3283 ﬁliis
704 3229 996 3299 ingressus,
1035 3239 1238 3300 patrem
1264 3231 1466 3288 nudum
1492 3248 1723 3304 conspe—

128 3328 262 3370 ctum
297 3319 504 3373 irrisit.
536 3319 673 3386 Quid
705 3321 864 3390 igitur
900 3331 1052 3391 pater
1071 3322 1179 3393 jam
1209 3323 1420 3380 sobrius
1439 3325 1505 3379 ad
1535 3324 1723 3380 illum?

129 3406 439 3466 Maledicta
469 3409 741 3480 Chanaan,
779 3429 950 3469 servus
979 3415 1071 3468 erit
1098 3415 1341 3485 fratribus
1367 3417 1470 3470 suis
1497 3416 1646 3489 (Gen.
1665 3416 1720 3473 9.

126 3503 234 3569 ὕ).
274 3505 444 3559 Vides
483 3515 757 3572 peccatum
803 3505 1120 3560 servitutem
1168 3506 1561 3564 introduxisse?
1587 3508 1723 3563 Hinc
1783 3565 1794 3571 ,

121 3594 378 3648 Servator
410 3613 424 3646 :
458 3593 642 3648 Omnis
667 3596 753 3664 qui
776 3606 1034 3666 peccatum
1063 3598 1183 3667 facit
1202 3638 1217 3660 ,
1240 3613 1411 3651 servus
1433 3608 1505 3653 est
1534 3600 1724 3668 peccati

119 3695 130 3744 ι
163 3685 325 3740 Joan.
353 3687 412 3742 8.
447 3687 588 3754 51).
622 3686 905 3758 Postquam
935 3703 1064 3759 ergo
1088 3687 1365 3744 Liberator
1384 3689 1600 3744 humani
1623 3706 1720 3760 ge-

115 3778 258 3831 neris
283 3778 562 3842 advenit,
600 3779 808 3832 veniam
863 3781 1093 3848 peccatis
1121 3780 1423 3845 concessit,
1452 3781 1558 3834 imo
1593 3795 1719 3835 vero

112 3869 334 3922 sustulit
366 3869 386 3933 (
422 3867 692 3939 siquidem
724 3869 902 3925 radice
930 3872 1128 3936 excisa,
1160 3869 1361 3926 fructus
1389 3871 1548 3926 simul
1573 3872 1722 3933 esci-

112 3960 232 4031 dit),
269 3971 442 4016 vocat
470 3963 806 4032 evangelium
824 3962 1065 4030 justitize,
1095 3963 1235 4032 quod
1265 3978 1454 4018 omnes
1476 3978 1543 4018 ex
1569 3978 1722 4034 atquo

109 4049 362 4106 homines
391 4051 658 4107 illustrct.
686 4051 856 4106 Judaei
887 4053 1030 4106 enim
1062 4052 1477 4119 arbitrabantur,
1495 4069 1722 4125 evange-

109 4140 261 4205 lium,
310 4141 474 4212 quod
531 4157 625 4210 per
669 4143 842 4212 ipsum
870 4142 1338 4213 promulgabatur,
1368 4143 1434 4198 ad
1482 4159 1542 4200 se
1579 4146 1723 4200 solos

107 4238 418 4299 pertinere.
463 4234 660 4290 Verum
703 4235 818 4290 lnec
860 4236 1093 4306 ipsorum
1121 4237 1450 4306 exspectatio
1476 4237 1721 4307 inopina-

109 4336 216 4380 tum
237 4336 520 4384 eventum
546 4327 732 4383 sortita
763 4337 865 4383 est.
897 4327 1032 4382 Hinc
1049 4328 1208 4398 igitur
1224 4327 1527 4383 Davidicum
1556 4328 1718 4384 illud:

105 4418 483 4490 διαφεῖναι,
513 4417 668 4485 Deus,
702 4419 1097 4488 misericordiam
1120 4429 1259 4473 tuam
1283 4420 1336 4473 in
1359 4420 1522 4474 medio
1548 4421 1724 4491 populi

107 4511 176 4561 tui
202 4527 222 4563 :
255 4511 571 4565 secundum
598 4527 781 4564 nomen
824 4521 1001 4576 tuum,
1031 4509 1192 4577 Deus,
1223 4511 1295 4564 ita
1339 4520 1385 4564 et
1415 4511 1527 4564 laus
1556 4520 1642 4564 tua
1670 4511 1724 4564 in

101 4603 223 4666 ﬁnes
255 4614 430 4656 teme
469 4604 490 4673 (
521 4601 665 4656 Psal.
691 4604 780 4658 47.
811 4603 898 4657 10.
932 4604 992 4658 11
1033 4603 1074 4673 ).
1109 4602 1176 4657 Et
1205 4614 1262 4658 ut
1297 4603 1721 4670 demonstraret,

101 4695 238 4760 quod
297 4695 745 4750 misericordiam
796 4711 948 4751 suam
977 4695 1249 4751 declarare
1299 4696 1349 4750 in
1404 4696 1538 4752 lines
1579 4696 1724 4752 orbis

99 4796 282 4851 teme,
319 4790 406 4842 sit
444 4787 535 4841 illa
556 4787 785 4857 justitia,
817 4787 1044 4856 subjecit
1071 4786 1314 4841 :Justitia
1334 4787 1483 4857 plena
1506 4796 1576 4842 est
1600 4787 1725 4841 dea:-

101 4890 201 4931 tera
229 4891 330 4933 tua
363 4881 386 4948 (
427 4877 564 4932 Ibid.
594 4877 636 4951 ).
665 4878 1117 4948 Quotiescumque
1147 4877 1456 4947 profundior
1479 4876 1653 4948 aliqua
1670 4887 1725 4932 et

99 4974 443 5045 prophetica
473 4987 596 5027 sese
620 4971 874 5026 obtulerit
900 4971 1158 5043 quaestio,
1196 4985 1314 5024 eam
1358 4969 1720 5037 amplectere:

98 5080 198 5118 non
229 5065 478 5135 quidem
509 5064 798 5133 applausu,
849 5063 944 5117 sed
994 5061 1340 5131 intelligentia
1375 5077 1388 5113 :
1423 5075 1490 5114 ne
1519 5060 1725 5130 simpli-

94 5159 229 5211 citer
257 5156 579 5212 verborum
605 5155 842 5209 sonitum
872 5153 1158 5216 admirare,
1191 5151 1285 5207 sed
1316 5151 1640 5206 sententiam
1669 5160 1726 5206 et

97 5251 203 5304 vim
233 5250 513 5318 explora.
545 5247 602 5304 Si
632 5251 776 5303 enim
807 5262 936 5303 vere
965 5256 1019 5300 et
1047 5261 1117 5301 ex
1158 5245 1337 5298 animo
1372 5243 1580 5298 divinas
1609 5241 1724 5297 lau-

92 5341 186 5397 des
217 5340 642 5406 celebraveris,
672 5341 1008 5408 maximeque
1037 5336 1350 5392 Davidicum
1379 5335 1510 5391 illud
1532 5350 1724 5391 oracu-

93 5434 200 5488 lam
261 5433 603 5490 cantaveris
633 5449 647 5486 :
696 5432 1026 5499 Suscepimus
1049 5470 1064 5494 ,
1094 5429 1229 5484 Deus
1263 5470 1279 5496 ,
1328 5427 1722 5482 misericordiam

92 5534 228 5580 tum
270 5527 334 5580 in
402 5525 578 5579 medio
609 5525 782 5595 populi
826 5534 898 5578 tut
936 5540 956 5579 :
1001 5509 1278 5578 secundum
1320 5538 1502 5577 nomen
1540 5531 1717 5585 tuum,

91 5618 250 5685 Dm,
276 5621 366 5672 ita
399 5626 462 5670 et
487 5615 595 5671 laus
633 5627 720 5670 tua
748 5619 800 5671 in
843 5618 968 5686 lines
998 5625 1145 5671 terra:
1167 5633 1187 5672 :
1224 5612 1427 5680 justitia
1457 5612 1607 5686 plena
1649 5622 1721 5668 est

89 5711 312 5764 deuera
376 5717 487 5760 tua
514 5724 531 5762 :
557 5708 712 5763 simul
767 5718 824 5765 et
861 5709 1069 5764 divinas
1108 5707 1292 5763 laudes
1328 5707 1642 5773 celebrans,
1665 5713 1720 5761 et

85 5814 279 5860 sancto
309 5798 548 5871 Spiritu
572 5802 805 5872 repletus
828 5802 1264 5874 deprehenderis.
1284 5804 1382 5872 Qui
1409 5803 1554 5862 enim
1569 5803 1716 5874 inge-

3311 368 3418 427 402

1843 485 1946 524 nue
1966 477 2021 525 et
2056 487 2120 526 ex
2159 473 2340 529 animo
2368 475 2541 544 psallit
2566 517 2581 542 ,
2611 477 2792 534 animo
2821 491 3138 552 renovatus,
3162 490 3419 559 templum

1838 558 2070 629 Spiritus
2111 565 2281 619 sancti
2310 565 2559 622 efﬁcitur.
2606 567 2788 639 Neque
2832 575 2972 628 enim
3013 591 3233 645 parvqu
3262 558 3419 649 quid-

1835 653 1977 722 piam
2021 655 2351 725 psalmorum
2399 660 2817 718 modulationem
2866 666 3272 725 existimaveris.
3322 672 3416 728 Vi-

1835 742 1992 798 detur
2021 745 2110 800 illa
2141 747 2353 816 quidem
2379 764 2537 806 aures
2568 763 2769 808 tantum
2800 755 3133 824 demulcere,
3165 763 3307 832 atqui
3333 779 3418 820 re-
3471 773 3479 784 ‘

1836 834 1953 905 ipsa
1983 837 2216 894 animum
2258 855 2469 912 quoque
2516 845 2733 900 excitat.
2777 846 2865 902 Sic
2893 849 3052 903 etiam
3084 850 3271 907 beatus
3307 853 3416 910 Eli-

1833 939 1977 982 saaus
2005 928 2284 999 propheta,
2309 945 2432 986 cum
2457 948 2487 987 a
2513 935 2728 1003 regibus
2771 937 3086 1006 quibusdam
3105 982 3120 1005 ,
3158 952 3214 996 ut
3237 941 3410 1000 futura

1837 1018 2170 1089 praediceret,
2203 1032 2498 1092 rogaretur,
2531 1025 2605 1080 ait
2637 1046 2651 1082 :
2681 1025 2814 1082 Date
2834 1030 2959 1084 mihi
2979 1032 3160 1099 virum,
3190 1037 3275 1104 qui
3289 1039 3414 1092 sciat

1835 1109 2053 1180 psallere
2075 1112 2093 1180 (
2117 1112 2170 1166 4.
2197 1111 2324 1182 Reg.
2355 1115 2408 1169 3.
2440 1115 2509 1171 15
2535 1115 2553 1186 )
2581 1131 2596 1170 :
2627 1117 2718 1186 qui
2744 1133 2867 1173 cum
2897 1121 3158 1189 venisset,
3193 1135 3248 1180 et
3276 1127 3418 1194 psal-

1835 1199 1991 1268 leret,
2016 1201 2208 1271 inquit,
2241 1202 2470 1272 Spiritus
2494 1215 2710 1261 sanctus
2733 1223 2898 1278 super
2921 1209 3170 1267 Elisaeum
3202 1216 3416 1274 cecidit.

1833 1290 1969 1357 Quid
1990 1291 2182 1362 igitur?
2203 1309 2400 1363 ergone
2418 1295 2648 1366 Spiritus
2673 1306 2890 1354 sanctus
2909 1301 3126 1358 vocibus
3149 1305 3420 1362 modulan-

1833 1381 2285 1438 tium‘oblectatur
2303 1425 2318 1450 ,
2343 1393 2399 1440 et
2425 1385 2567 1440 velut
2593 1387 3042 1446 incantationibus
3071 1393 3319 1462 allicitur,
3341 1398 3416 1452 si-

1833 1473 2046 1542 quidem
2097 1474 2153 1528 in
2215 1474 2491 1544 prophetas
2540 1479 2721 1533 animo
2769 1481 3076 1550 acquievit?
3114 1483 3413 1544 Sulﬁeiebat

1831 1575 1980 1619 certe
2010 1565 2283 1636 prophetae
2313 1568 2515 1638 puritas
2540 1610 2554 1634 ,
2587 1578 2646 1625 ut
2669 1571 2929 1641 Spiritum
2967 1586 3211 1631 sanctum
3252 1579 3415 1636 advo-

1831 1667 1997 1713 caret.
2022 1658 2129 1713 Cur
2151 1674 2281 1731 ergo
2311 1659 2438 1716 dicit
2462 1678 2475 1714 :
2507 1659 2642 1716 Date
2666 1664 2789 1717 mihi
2823 1665 2985 1720 uirum
3007 1707 3022 1732 ,
3051 1669 3138 1738 qui
3167 1670 3417 1738 psallendi

1831 1751 1895 1804 sit
1923 1753 2086 1806 sciens
2107 1752 2134 1806 Ρ
2167 1752 2284 1808 Non
2313 1768 2445 1810 sane
2475 1764 2532 1810 ut
2555 1754 2789 1826 Spiritus
2830 1769 3047 1816 sanctus
3088 1763 3414 1832 psalmorum

1832 1841 2198 1900 modulatione
2226 1845 2607 1911 obiectaretur,
2636 1847 2730 1902 sed
2760 1858 2836 1913 ut,
2868 1849 2957 1903 illo
2983 1862 3251 1916 cantante,
3284 1869 3410 1922 pro-

1829 1935 2009 2004 pheta,
2034 1944 2213 1991 mente
2230 1946 2504 2004 renovata,
2521 1938 2749 2008 Spiritus
2775 1942 2942 1996 sancti
2971 1942 3198 1997 advcnm
3224 1944 3418 2014 dignus

1829 2026 2147 2081 elﬁceretur.
2184 2027 2414 2100 ideoque
2437 2029 2692 2099 Spiritum
2721 2033 2947 2097 invocat,
2980 2043 3036 2088 ttt
3072 2035 3286 2104 planum
3331 2035 3413 2090 la-

1829 2127 1996 2183 ceret,
2027 2133 2132 2174 non
2161 2121 2456 2191 psalmodia
2499 2121 2659 2185 allici,
2693 2125 2788 2178 sed
2827 2126 3005 2179 animo
3041 2142 3136 2196 per
3176 2128 3416 2184 modula-

1831 2210 2029 2265 tionem
2066 2213 2320 2267 excitato.
2355 2212 2538 2285 Neque
2574 2215 2663 2271 ille
2695 2216 2760 2272 ad
2798 2218 3114 2286 psallcntcm
3149 2223 3409 2290 pervenit,

1829 2301 1925 2358 sed
1967 2303 2035 2357 ad
2080 2304 2406 2360 audientem.
2453 2305 2673 2376 Oportet
2719 2310 2894 2380 itaque
2940 2313 3261 2381 psalmorum
3309 2316 3413 2370 vim

1831 2397 2157 2466 perscrutari
2186 2413 2200 2450 :
2225 2399 2494 2469 prtecipue
2524 2415 2652 2455 vero
2679 2401 2816 2470 ejus,
2844 2404 2933 2472 qui
2963 2405 3116 2461 nobis
3149 2406 3308 2464 hodie
3333 2418 3418 2463 est

1829 2488 2082 2544 recitatus
2109 2489 2125 2521 ί
2155 2504 2172 2544 :
2196 2488 2445 2546 Dominus
2469 2494 2695 2562 regnauit
2717 2531 2732 2558 ,
2769 2495 2980 2550 exsultet
3005 2506 3157 2562 mra,
3187 2499 3416 2554 (tutentur

1829 2579 2012 2635 insula:
2059 2583 2231 2636 multa:
2267 2581 2457 2653 (Psal.
2497 2584 2584 2640 96.
2622 2586 2646 2639 1
2683 2584 2726 2657 ).
2773 2586 3054 2654 Quomodo
3083 2605 3209 2663 ergo
3247 2593 3375 2648 illud
3397 2637 3413 2662 ,

1829 2671 2078 2727 Dominus
2106 2675 2354 2742 regnauit,
2381 2675 2616 2744 accipis?
2642 2691 2766 2731 num
2789 2680 2938 2747 quasi
2969 2695 3160 2738 recens
3187 2683 3255 2739 ad
3275 2685 3414 2740 lasti-

1828 2766 1972 2836 gihm
1995 2765 2124 2820 illud
2153 2767 2312 2837 regiae
2335 2767 2605 2838 dignitatis
2626 2771 2969 2839 pervenerit?
2996 2773 3051 2828 Si
3074 2773 3215 2830 enim
3238 2776 3415 2832 dixis-

1828 2867 1930 2921 set,
1966 2857 2221 2912 Dominus
2247 2867 2435 2927 regnat
2465 2874 2478 2911 :
2511 2861 2891 2930 sempiternam
2921 2862 3062 2919 illius
3100 2866 3300 2936 regiam
3328 2868 3414 2922 di-

1827 2947 2085 3017 gnitatem
2115 2955 2370 3004 notasset.
2394 2948 2512 3004 Jam
2537 2965 2665 3006 vero
2694 2950 2855 3018 dicit,
2883 2950 3138 3010 Dominus
3169 2958 3412 3026 regnavit.

1830 3039 2037 3094 Dictum
2064 3049 2147 3094 est
2188 3056 2358 3112 nuper
2383 3048 2438 3095 et
2461 3041 2570 3110 jam
2614 3042 2805 3098 iterum
2831 3043 3061 3102 dicetur.
3091 3047 3227 3102 Ante
3256 3047 3415 3103 Chri-

1827 3133 1899 3187 sti
1923 3132 2230 3199 adventum,
2263 3141 2387 3188 ante
2411 3134 2685 3210 Evangelii
2717 3136 3214 3207 promulgationem,
3241 3139 3293 3194 in
3320 3153 3414 3194 na-

1831 3234 1999 3280 turam
2032 3233 2267 3279 nostram
2319 3225 2601 3295 imperium
2631 3225 3189 3288 obtinebatdiabolus.
3223 3244 3414 3299 pecca-

1829 3323 1961 3381 tum,
1981 3329 2144 3370 mors.
2167 3313 2442 3370 Undenam
2463 3315 2599 3370 hoc?
2622 3315 2818 3372 Paulus
2839 3318 3068 3387 explicat
3091 3319 3415 3388 :cQuemad-

1827 3406 2044 3462 modum
2073 3407 2216 3461 enim
2265 3406 2504 3476 regnavit
2547 3416 2821 3476 peccatum
2869 3408 2920 3462 in
2977 3409 3187 3463 mortali
3231 3418 3415 3465 nostro

1825 3514 2071 3570 corpore,
2086 3500 2164 3554 sic
2180 3499 2339 3554 etiam
2367 3500 2533 3570 gratia
2551 3500 2788 3570 regnavit
2805 3515 2901 3571 per
2925 3499 3192 3557 Christum
3206 3521 3224 3554 ι
3239 3503 3412 3573 (Rom.

1827 3591 1882 3646 6.
1913 3591 2023 3663 η).
2056 3592 2196 3646 Ecce
2225 3591 2423 3661 peccati
2454 3605 2700 3662 regnum.
2729 3591 2954 3648 Ubinam
2984 3592 3179 3648 diaboli
3214 3593 3237 3647 'l
3276 3595 3412 3650 Audi

1827 3684 2169 3740 Servatorem
2211 3683 2522 3740 dicentem:
2571 3683 2633 3739 Si
2677 3693 2886 3738 satanas
2929 3694 3160 3738 satanam
3185 3686 3409 3756 expellit,

1827 3777 2066 3832 adversus
2102 3779 2322 3847 seipsum
2347 3778 2538 3832 diuisus
2567 3786 2638 3832 est
2667 3793 2686 3831 :
2715 3777 2965 3839 quomodo
3007 3794 3126 3848 ergo
3157 3779 3306 3833 stabit
3335 3796 3412 3834 νεα

1827 3887 1982 3942 gnum
2011 3869 2153 3924 illius
2179 3869 2198 3939 (
2225 3869 2530 3924 Matt/1.12.
2558 3869 2630 3925 26
2656 3869 2716 3940 )?
2766 3870 2904 3925 Ecce
2940 3870 3135 3926 diaboli
3167 3887 3411 3942 regnum.

1830 3961 2058 4018 Ubinam
2101 3961 2330 4015 mortis?
2356 3959 2493 4015 Audi
2524 3960 2745 4015 Paulum
2777 3959 3132 4016 disserentem
3167 3980 3180 4017 :
3213 3962 3412 4033 Regna-

1827 4056 1895 4108 vit
1922 4069 2057 4106 mors
2084 4052 2146 4105 ab
2171 4052 2334 4104 Adam
2361 4067 2517 4116 usque
2543 4051 2610 4105 ad
2645 4049 2822 4105 Mosen
2839 4093 2854 4117 ,
2881 4067 3035 4121 super
3063 4067 3166 4116 eos,
3199 4055 3286 4114 qui
3313 4070 3412 4107 non

1829 4153 2154 4216 peccaverant
2184 4144 2202 4214 (
2237 4143 2384 4196 Rom.
2415 4143 2466 4199 5.
2497 4143 2561 4197 14
2582 4141 2624 4213 ).
2651 4141 2785 4196 Cum
2825 4142 2982 4212 igitur
3003 4142 3262 4198 diabolica
3287 4145 3413 4199 trias

1828 4239 1880 4294 in
1896 4248 2134 4294 sanctam
2152 4247 2206 4293 ct
2225 4238 2553 4308 impollutam
2567 4235 2884 4290 Trinitatem
2905 4235 3238 4306 tyrannidem
3261 4251 3412 4291 suam

1829 4330 2200 4392 exercuisset,
2231 4328 2465 4393 scilicet,
2493 4326 2769 4393 diabolus,
2795 4336 3068 4398 peccatum
3091 4368 3107 4394 ,
3141 4341 3286 4382 mors
3315 4347 3329 4383 :
3359 4339 3413 4383 et

1828 4420 2073 4476 diabolus
2125 4418 2339 4490 quidem
2388 4419 2698 4488 deciperet,
2745 4427 3023 4488 peccatum
3051 4418 3412 4483 interﬁceret,

1828 4528 1976 4569 mors
2005 4527 2131 4567 vero
2169 4511 2427 4581 sepeliret
2456 4529 2468 4564 :
2503 4510 2669 4566 David
2694 4551 2710 4576 ,
2748 4511 2860 4568 .hac
2891 4510 3088 4581 triplici
3132 4511 3412 4583 tyrannide

1831 4605 2108 4676 oppressis
2136 4604 2315 4658 lmtum
2346 4603 2589 4658 nuntium
2631 4601 2822 4669 affert,
2854 4611 3176 4673 monetque,
3209 4612 3266 4656 ut
3294 4617 3414 4658 sese

1831 4712 1898 4752 ex
1929 4695 2202 4752 servitutis
2230 4695 2360 4765 jugo
2381 4694 2702 4759 subducant,
2734 4701 2788 4748 et
2809 4693 3139 4748 dominatum
3170 4683 3367 4748 Christi
3393 4737 3410 4760 ,

1829 4787 1970 4860 quod
2019 4785 2442 4857 praedicabatur,
2475 4785 2907 4856 amplectantur:
2937 4781 3185 4836 Dominus
3229 4799 3412 4852 regna-

1829 4883 1916 4937 vit.
1949 4882 2194 4952 Regnum
2221 4882 2410 4936 mortis
2443 4879 2698 4936 abolitum
2727 4886 2832 4943 est,
2864 4886 2917 4932 et
2945 4877 3145 4946 peccati
3174 4876 3412 4948 potentia

1829 4972 2101 5028 destructa
2127 4981 2229 5037 est,
2257 4983 2311 5026 et
2335 4970 2532 5026 diaboli
2567 4976 2800 5039 potestas
2827 4966 2996 5021 fracta
3025 4975 3126 5021 est.
3161 4965 3408 5020 Dominus

1827 5065 2072 5136 regnauit,
2100 5065 2313 5119 exsultet
2341 5071 2493 5117 terra.
2529 5060 2595 5115 Et
2637 5059 2827 5114 merito
2855 5073 2984 5114 sane
3013 5059 3282 5114 exsultare
3310 5058 3409 5114 dc-

1829 5156 1966 5223 buit,
1997 5170 2116 5227 qute
2135 5153 2404 5227 quondam
2440 5153 2492 5207 in
2532 5151 2842 5206 servitutem
2871 5148 3108 5216 redacta,
3137 5150 3246 5220 jam
3277 5150 3414 5206 libe-

1828 5258 1940 5304 rata
1967 5259 2051 5305 est
2083 5267 2096 5304 :
2126 5264 2246 5320 quae
2274 5247 2400 5304 olim
2429 5244 2665 5309 erravit,
2692 5243 2802 5315 jam
2848 5242 3016 5314 gloria
3057 5241 3368 5314 resplendet
3398 5259 3412 5296 :

1891 5429 1908 5460 ι
1945 5434 2072 5492 Unus
2093 5424 2313 5492 postbas
2349 5435 2512 5492 voces,
2537 5421 2680 5492 hodie
2700 5425 2771 5472 est
2793 5417 3051 5492 recitatur,
3070 5419 3224 5492 habet
3247 5432 3260 5466 :
3288 5426 3412 5492 Qun-

1828 5488 1888 5539 lis
1912 5481 2129 5540 Psalmtis
2144 5486 2169 5537 1’
2191 5486 2402 5549 ἰωῇ-³....
2429 5481 2709 5549 dignitatem
2745 5489 2979 5549 notasset;
3007 5481 3051 5532 si
3089 5487 3248 5549 autem
3271 5481 3407 5534 dicit,

2133 5547 2366 5615 regnavit,
2383 5564 2406 5592 ι
2433 5537 2635 5615 minuent
2651 5550 2862 5615 nostram
2878 5537 3125 5615 adducere
3147 5537 3412 5615 miltsew

1826 5609 2132 5685 ρνοριιειίειιε
2149 5606 2223 5685 ait.
2238 5622 2405 5685 περυαην
2428 5606 3410 5685 ςφφςέιξηι,ιξρψξέρηξῐξινῑεῖει.ῑῐξ.τεις

2051 5673 2183 5734 om
2538 5669 2664 5743 φρει
2685 5668 3129 5743 «telmessus
3142 5663 3412 5743 eausa-

1827 5723 1976 5789 cctur.
2002 5723 2111 5787 Haec
2133 5723 2276 5798 pori‘o
2292 5723 2461 5784 retulit
2479 5732 2685 5793 Photius,
2705 5731 2793 5780 sed
2811 5740 2907 5778 non
2931 5726 3134 5776 verbum
3151 5723 3214 5771 dc
3239 5723 3412 5788 verbo,

1828 5807 1974 5864 atque
1999 5799 2221 5863 escerpti
2241 5810 2394 5848 more.
