4050 6198
294 329 401 387 403

289 460 432 509 νοις·
463 445 499 516 ἡ
535 442 666 497 ποτὲ
712 443 861 518 [409]
912 445 971 498 ἐν
1006 444 1220 516 ἀτιμίᾳ,
1248 444 1341 498 καὶ
1384 443 1476 497 νῦν
1516 445 1575 497 ἐν
1616 442 1770 512 τιμῇ.
1806 438 1859 490 '0

287 533 506 601 Κύριος
530 531 949 588 ἐϐασίλευσεν.
969 532 1126 586 Οὕτω
1152 532 1244 585 καὶ
1268 530 1502 601 ἀλλαχοῦ
1529 526 1868 598 λέγεται(δεί

287 630 401 702 γάρ
424 630 494 685 τὰ
520 630 755 700 συγγενῆ
779 630 888 684 τῶν
911 628 1197 701 νοημάτων
1225 627 1537 700 παράγειν)·
1573 627 1626 680 '0
1649 627 1865 694 Κύριος

286 731 709 795 ἐϐασίλευσεν,
723 729 1084 799 εὐπρέπειαν
1107 728 1456 783 ἐνεδύσατο.
1474 727 1663 799 Ἡμεῖς
1685 723 1865 778 ἐνδυό-

294 829 436 903 μεθα
480 829 676 895 ἔξωθεν
720 829 954 900 ἱμάτιον,
988 829 1075 882 ἵνα
1116 827 1178 881 τὸ
1220 827 1465 900 ἀπρεπὲς
1513 827 1614 896 τῆς
1649 824 1864 895 φύσεως

288 929 637 1001 καλύψωμεν.
673 928 732 982 '0
764 927 819 982 δὲ
848 928 1000 994 Θεὸς,
1024 927 1111 982 ῐνα
1130 928 1184 981 τί
1210 925 1425 999 auidi/1;
1453 926 1552 997 τὴν
1574 924 1861 996 ἀσώματον

288 1032 473 1101 φύσιν,
503 1030 605 1101 τὴν
642 1029 818 1098 φωτὸς
865 1029 1162 1100 γέμουσαν,
1217 1028 1416 1100 μᾶλλον
1452 1027 1508 1080 δὲ
1541 1025 1719 1094 φωτὸς
1753 1025 1860 1077 ἁπ-

287 1134 705 1205 αστράπτουσαν
726 1142 777 1198 ⁶;
832 1130 992 1192 Ἀλλά
1023 1131 1179 1186 καλεῖ
1213 1110 1414 1202 ἔνδυμα
1452 1127 1583 1183 αὐτὸ
1610 1126 1671 1181 τὸ
1701 1126 1859 1198 σῶμα

281 1234 379 1288 τοῦ
411 1232 649 1307 Χριστοῦ
669 1251 682 1263 ·
721 1233 774 1286 '0
803 1234 1018 1302 Κύριος
1046 1232 1465 1299 ἐϐασίλευσεν,
1500 1228 1859 1300 εὐπρέπειαν

279 1328 633 1385 ἐνεδύσατο.
676 1328 1023 1403 Εύπρέπειαν
1056 1332 1212 1384 καλεῖ
1257 1330 1354 1404 τὴν
1390 1329 1567 1401 σάρκα
1598 1328 1689 1382 τοῦ
1718 1330 1857 1400 Χρι-

284 1428 435 1485 στοῦ.
462 1430 756 1504 Εὐπρεπὴς
781 1430 888 1503 γὰρ
906 1426 995 1503 ἦν,
1018 1431 1118 1485 οὐκ
1138 1430 1333 1503 ἔχουσα
1354 1426 1539 1500 αἶσχος
1561 1429 1854 1501 ἁμαρτίας.

295 1533 596 1607 ’Δμαρτὶαν
638 1534 748 1606 γάρ
795 1536 894 1589 οὐκ
931 1535 1155 1608 ἐποίησε
1195 1534 1435 1597 πώποτε,
1484 1534 1604 1588 οὐδὲ
1646 1532 1852 1605 ηὑρέθη

280 1635 432 1701 δόλος
466 1637 525 1692 ἐν
547 1637 626 1708 τῷ
649 1638 877 1709 στόματι
904 1635 1089 1692 αὐτοῦ.
1124 1636 1478 1692 Ἐνεδύσατο
1502 1636 1717 1703 Κύριος
1746 1634 1855 1688 δύ-

280 1752 493 1806 ναμιν·
530 1738 627 1792 καί
658 1735 1065 1806 περιεζώσατο.
1099 1736 1313 1808 Ἐπειδὴ
1335 1736 1428 1790 τὸν
1459 1735 1682 1806 βασιλέα
1707 1734 1851 1805 ζώνη

279 1834 495 1903 κοσμεῖ,
523 1832 635 1885 ἐστι
665 1833 722 1886 δὲ
753 1833 787 1903 ή
809 1832 953 1903 ζώνη
978 1833 1237 1903 βασιλέως
1264 1831 1570 1904 γνώρισμα,
1604 1831 1698 1884 καὶ
1730 1848 1852 1901 κρι-

281 1931 376 1984 τοῦ
399 1948 413 1962 ο
444 1932 650 2001 εἰσάγει
687 1933 848 1987 αὐτὸν
887 1934 980 1988 καὶ
1020 1931 1388 2003 βασιλεύοντα,
1430 1932 1522 1985 καὶ
1564 1931 1847 2002 κρίνοντα’

280 2025 431 2095 λέγει
461 2028 569 2099 γάρ
607 2028 866 2092 Ἠσαῒαςο
920 2030 1329 2094 Ἐξελεύσεται
1358 2028 1581 2098 ῥάϐδος
1627 2028 1696 2082 ἐκ
1738 2027 1852 2096 τῆς

273 2126 444 2195 ῥίζης
476 2127 717 2196 Ἰεσσαὶ,
768 2129 863 2184 καὶ
913 2129 1095 2198 ἄνθος
1130 2130 1200 2196 ἐξ
1243 2129 1433 2199 αὐτῆς
1463 2128 1846 2196 ἀναϐήσεται,

280 2230 382 2283 καί
418 2232 827 2288 ἀναπαύσεται
875 2235 969 2289 ἐπ’
1013 2235 1200 2290 αὑτὸν
1241 2234 1484 2304 Πνεῦμα
1536 2232 1713 2288 Θεοῦ·
1750 2234 1850 2287 καί

274 2335 450 2389 ἔσται
490 2335 842 2408 δικαιοσύνῃ
887 2338 1214 2410 ἐζωσμένος
1255 2339 1369 2408 τὴν
1405 2338 1606 2409 ὀσφὺν
1635 2338 1844 2404 αὑτοῦ,

142 2422 155 2431 ’
273 2440 377 2496 καί
402 2443 652 2513 ἀληθείᾳ
681 2448 997 2518 είλημένος
1026 2448 1131 2515 τὰς
1164 2449 1428 2517 πλευρὰς
1458 2444 1665 2503 αὐτοῦ.

344 2564 410 2618 δ’.
439 2563 611 2619 Τοῦτο
634 2566 695 2620 τὸ
725 2556 928 2639 ἔνδυμα
955 2567 1050 2622 τοῦ
1082 2568 1357 2642 Σωτῆρος,
1393 2567 1460 2622 τὸ
1494 2569 1593 2639 τῆς
1642 2567 1843 2640 σαρκὸς

269 2670 433 2739 λέγω,
467 2671 750 2742 κρυφαίως
781 2674 876 2729 καὶ
915 2674 974 2728 ἐν
1017 2674 1186 2729 εἰκόνι
1230 2671 1373 2746 εἶχεν
1401 2676 1430 2728 ό
1457 2675 1742 2746 ἀρχιερεὺς
1784 2677 1842 2728 ἐν

268 2774 351 2846 τῷ
372 2774 542 2847 νόμῳ.
571 2777 683 2830 Καὶ
726 2780 957 2850 πρόσεχε
988 2778 1252 2851 ἀκριϐῶς,
1305 2779 1423 2843 πῶς
1454 2781 1508 2833 αἱ
1557 2780 1705 2833 σκιαὶ
1741 2780 1841 2850 τὴν

270 2874 526 2946 ἀλήθειαν
566 2878 943 2949 ήρμήνευσαν,
981 2879 1099 2943 πῶς
1126 2880 1177 2933 οἱ
1203 2879 1363 2934 τύποι
1389 2879 1482 2934 τοῦ
1506 2879 1838 2949 Εύαγγελίου

276 2977 636 3049 προέλαμπον.
669 2979 829 3048 Λέγω
857 2979 915 3034 δὲ
962 2981 1166 3053 ἡρέμα,
1216 2982 1311 3035 καὶ
1352 2982 1492 3036 κατὰ
1527 2982 1589 3035 τὸ
1616 2982 1839 3039 δυνατὸν

274 3077 716 3146 συγκαταϐαίνων
737 3082 805 3151 τῇ
830 3080 966 3152 ἀκοῇ
992 3081 1103 3134 τῶν
1132 3079 1404 3150 ἀκεραίων
1434 3081 1653 3137 καὶτῶν
1681 3082 1836 3135 ἀπείη

268 3195 399 3251 ρων,
428 3179 514 3234 ἵνα
545 3179 620 3252 μὴ
655 3173 759 3235 ὧδε
807 3180 1031 3234 κάκεῖσε
1085 3182 1473 3252 περιάγωνται.
1510 3181 1782 3236 Ἐνεδύετο
1808 3182 1837 3224 ιδ

260 3281 295 3335 ό
322 3281 611 3354 ἀρχιερεὺς
650 3281 834 3337 εἰσιὼν
859 3284 940 3347 είς
972 3281 1041 3336 τά
1072 3282 1237 3352 Ἀγια
1273 3282 1381 3338 τῶν
1410 3282 1578 3352 ἁγίων
1603 3282 1833 3356 ποδήρη,

257 3383 561 3449 τουτέστιν,
590 3383 802 3454 ἱμάτιον
838 3384 947 3439 ἀπὸ
989 3382 1231 3456 κεφαλῆς
1253 3386 1417 3465 μέχρι
1439 3386 1615 3442 ποδῶν
1643 3387 1834 3459 ἀπῃω-

256 3482 523 3553 ρημένον,
562 3483 831 3556 ἐπωμίδα,
880 3483 1078 3557 ζώνην,
1109 3486 1431 3557 περισκελῆ,
1458 3486 1684 3542 πέταλον
1707 3505 1832 3561 χρυ-

253 3581 415 3645 σοῦν,
454 3582 667 3652 τιάραν,
717 3582 962 3637 τουτέστι
1000 3585 1371 3657 κορυϐάντιον,
1408 3586 1469 3640 τὸ
1523 3586 1702 3657 λόγιον
1739 3588 1833 3643 ἐπὶ

247 3680 358 3736 τοῦ
390 3679 636 3751 στήθους,
665 3682 759 3735 καὶ
786 3683 888 3737 ὅσα
916 3682 1218 3755 διαγορεύει
1240 3688 1275 3757 ἡ
1307 3687 1518 3759 Γραφὴ,
1557 3689 1651 3743 καὶ
1683 3688 1832 3743 ἐστιν

248 3781 415 3837 ἰδεῖν.
447 3780 616 3834 Ἀλλά
655 3782 754 3852 μὲν
795 3781 865 3836 τὰ
896 3784 1168 3855 σχήματα,
1196 3785 1332 3840 ἄλλα
1371 3786 1429 3839 δὲ
1456 3787 1526 3841 τὰ
1561 3790 1828 3860 νοήματα.

245 3882 336 3939 Οὐ
366 3883 474 3956 γάρ
495 3882 713 3949 πάντως
758 3883 892 3949 Θεὸς
928 3885 1263 3940 ἀναπαύεται
1293 3884 1552 3958 ὑακίνθῳ,
1576 3890 1671 3943 καὶ
1696 3906 1830 3962 πορ-

244 3981 427 4056 φύρα,
478 3983 575 4039 καλ⁵
625 3983 807 4057 κόκκῳ
842 3996 891 4050 ο,
924 3986 1018 4039 καὶ
1058 3984 1269 4057 βύσσῳ·
1318 3986 1448 4051 θεὸς
1494 3987 1602 4059 γὰρ
1644 3989 1830 4060 ψυχῶν

244 4090 483 4144 ἀπαιτεῖ
511 4088 859 4162 καθαρότητα
876 4104 891 4119 ’
925 4090 1041 4145 ἀλλ’
1067 4092 1127 4145 ἐν
1149 4094 1262 4155 τοῖς
1288 4096 1620 4162 σωματικοῖς
1644 4093 1828 4148 ἄνθεσι

243 4194 547 4265 διαγράφει
588 4193 697 4248 τῶν
730 4192 942 4265 ἀρετῶν
969 4195 1067 4267 τὴν
1104 4194 1306 4254 είκόνα.
1353 4196 1416 4248 Et
1459 4195 1568 4267 γὰρ
1613 4196 1831 4267 ἀληθῶς

241 4298 378 4360 ταῖς
406 4297 617 4362 στολαῖς
642 4298 875 4363 ἐκείναις
905 4300 1026 4363 ταῖς
1051 4298 1278 4365 ἐνδόξοις
1306 4300 1626 4368 ἀνεπαύετο,
1662 4301 1751 4356 διά
1774 4298 1829 4356 τί

243 4399 367 4470 πρὸ
387 4399 482 4452 τοῦ
510 4399 718 4472 Ἀαρὼν
742 4401 834 4455 τὸν
867 4403 1104 4475 Μωῦσῆν
1141 4406 1242 4458 οὐκ
1274 4405 1556 4473 ἐνέδυσενς
1592 4407 1731 4461 Ἀλλ’
1757 4403 1826 4479 ἧν

240 4499 492 4570 Μωῦσῆς
523 4502 614 4554 καὶ
643 4504 1061 4573 γεγυμνωμένος
1092 4505 1187 4576 τῆς
1221 4504 1443 4577 ἐσθῆτος
1468 4508 1701 4578 ἐκείνης,
1730 4510 1824 4563 καὶ

241 4599 454 4656 ὲνδύων
474 4601 642 4673 αὐτὴν
668 4604 793 4667 τοὺς
827 4604 1007 4674 ἱερεῖς.
1031 4605 1270 4677 Μωῦσῆς
1294 4608 1393 4661 ούκ
1421 4607 1614 4680 ἐλούθη
1646 4609 1820 4676 ὕδατι,

241 4708 347 4765 καὶ
375 4709 585 4765 ἐλουεν⁹
622 4711 722 4764 ούκ
746 4711 969 4783 ὲχρίσθη
1001 4712 1185 4783 ἐλαίῳ,
1221 4714 1314 4767 καὶ
1334 4713 1514 4787 ἔχριεν
1532 4732 1546 4746 ·
1575 4718 1676 4771 οὐκ
1696 4718 1822 4787 ἐφό-

246 4826 425 4883 ρησεν
455 4810 664 4881 ἱμάτιον
712 4812 1013 4883 ἱερατικὸν,
1062 4814 1157 4867 καὶ⁸
1183 4814 1310 4879 τοὺς
1343 4818 1506 4887 ἱερεῖς
1537 4819 1783 4874 ἐνέδυσεν
1803 4834 1819 4853 ο

244 4911 342 4963 ἵνα
374 4910 553 4983 μάθῃς
582 4912 664 4964 ὅτι
688 4911 767 4982 τῷ
790 4912 978 4983 τελείῳ
1002 4913 1213 4985 ἀρκείή
1238 4915 1404 4987 ἀρετὴ
1430 4916 1566 4988 πρὸς
1592 4918 1817 4989 κόσμον.

245 5010 404 5085 [MO]
439 5013 585 5067 Λάϐε
620 5014 676 5070 δὲ
709 5015 914 5069 ἄνωθεν
942 5016 1032 5069 τὸν
1065 5015 1235 5088 ἱερέα.
1263 5018 1417 5071 Ἔστι
1441 5018 1550 5090 γὰρ
1570 5023 1661 5073 καὶ
1690 5021 1823 5075 αὐτὸ

239 5113 309 5167 τὸ
337 5114 431 5167 τοῦ
471 5115 763 5186 ἐνδύματος
793 5117 962 5187 ὄνομα
1003 5116 1300 5186 ἀμφίϐολον
1335 5117 1429 5173 καὶ
1469 5119 1818 5191 ζητούμενον,

240 5220 312 5289 τῇ
357 5217 414 5271 δὲ
464 5219 749 5292 Ἑλληνικῇ
782 5220 999 5293 γλώσσῃ
1033 5222 1512 5293 μεταποιούμενον.
1553 5225 1700 5280 Λάϐε
1728 5222 1821 5280 οὖν

306 5425 332 5453 ⁸·
378 5423 463 5492 εἰς
486 5424 626 5479 editi.
647 5432 802 5483 recte,
826 5431 880 5473 ιιι
901 5426 1109 5474 videtur.
1134 5425 1257 5476 Tres
1295 5440 1405 5475 mss.
1443 5428 1616 5488 μᾶλλον
1639 5428 1689 5477 δὲ
1722 5432 1819 5492 φῶς

238 5485 696 5534 ἀπαστράπτουσαν.

304 5501 406 5533 ,αστ
436 5501 696 5534 απτουσαν.

304 5546 334 5586 b
388 5500 497 5594 Suo
524 5560 639 5595 mss.
670 5547 872 5605 ἐνδύετο,
908 5560 1034 5596 unus
1065 5546 1194 5597 addit
1224 5548 1395 5597 τοίνυν.

304 5610 330 5669 ἦ
362 5608 470 5657 Duo
486 5609 566 5655 καὶ
595 5609 816 5669 κοκκίνῳ.

302 5667 329 5709 δ
356 5669 442 5717 Sic
467 5681 656 5729 omnes,
682 5667 1029 5730 uno'exceplo,
1061 5668 1147 5731 qui
1194 5669 1344 5721 habet
1380 5671 1426 5719 τί
1461 5672 1579 5734 μετὰ
1614 5674 1668 5722 τὸ
1700 5674 1818 5739 πρό-

240 5743 424 5793 σχημα-

551 5824 819 5888 ΡΑτιιοι..
869 5829 986 5892 Gn.
1037 5828 1190 5895 LVI.

1478 320 1759 383 HOMILIA
1795 318 1886 376 DE
1922 318 2418 380 LEGISLATORE.

3430 335 3530 392 MM

1973 439 2147 526 ἀρχὴν
2188 442 2294 496 ἀπὸ
2329 443 2427 513 τῆς
2458 444 2712 516 κεφαλῆς.
2759 439 2979 516 Πρῶτοῦ
3011 448 3060 501 τε
3088 446 3190 523 ῆν;
3222 451 3256 523 ἢ
3284 456 3466 524 τιάρα,
3497 455 3530 526 ἢ

1964 525 2017 577 τί
2045 526 2335 599 ὀνομάζεις
2367 531 2418 591 τί
2439 531 2580 601 μετά
2599 532 2660 586 τὸ
2681 533 2935 602 πρόξενον
2957 534 3008 601 ἀ,
3036 537 3198 608 τιάρα
3219 555 3233 604 ;
3251 540 3393 594 Ἀντὶ
3413 525 3531 610 τοῦ,

1962 630 2129 703 τιάρα
2147 632 2265 686 ἐστὶ
2286 634 2346 688 τὸ
2370 636 2555 711 σχῆμα
2584 637 2677 691 τοῦ
2703 639 3018 711 ἐνδύματος.
3053 642 3268 715 Ἐπειδὴ
3298 647 3327 698 ὸ
3349 646 3534 718 ἀρχιε-

1965 736 2092 805 ρεὺς
2114 737 2322 811 κεφαλὴ
2343 735 2413 812 ἦν
2431 740 2525 795 τοῦ
2546 741 2695 811 λαοῦ,
2719 743 2827 799 ἔδει
2852 746 2911 799 δὲ
2938 746 3028 800 τὸν
3056 748 3273 803 πάντων
3295 752 3533 823 κεφαλὴν

1961 840 2243 912 γινόμενον
2271 842 2416 914 ἔχειν
2446 847 2586 901 κατά
2620 848 2862 920 κεφαλῆς
2884 849 2984 922 τὴν
3011 850 3292 916 ἐξουσίαν’
3330 855 3530 909 ἀπολεσ

1960 943 2164 1016 λυμένη
2191 946 2299 1019 γὰρ
2329 948 2581 1004 αύθεντία
2603 952 2873 1025 ἀφόρητός
2896 957 3041 1012 ἐστιν
3062 974 3075 987 ·
3107 957 3302 1028 ἔχουσα
3331 959 3386 1013 δὲ
3409 962 3531 1015 ἐπι-

1962 1047 2210 1118 κείμενον
2240 1050 2301 1104 τὸ
2328 1051 2570 1125 σύνθεμα
2599 1055 2697 1127 τῆς
2724 1056 3055 1128 δεσποτείας,
3087 1061 3192 1115 ὑπὸ
3218 1062 3378 1133 νόμον
3404 1064 3537 1143 ἀγετ

1957 1167 2047 1205 ται
2071 1169 2085 1183 ⁸
2115 1154 2325 1210 κελεύει
2355 1152 2446 1213 οὖν
2473 1160 2572 1233 τὴν
2600 1163 2840 1236 κεφαλὴν
2872 1167 2949 1237 μὴ
2974 1161 3113 1220 εἷναι
3130 1172 3364 1241 γυμνὴν,
3392 1170 3528 1225 ἀλλά

1958 1245 2399 1329 κεκαλυμμένην,
2458 1253 2543 1307 ἴνα
2583 1255 2730 1328 μάθῃ
2777 1258 2811 1328 ἡ
2857 1258 3066 1331 κεφαλὴ
3114 1261 3207 1314 τοῦ
3253 1262 3404 1329 λαοῦ,
3446 1265 3529 1320 ὅτι

1956 1326 2198 1420 κεφαλὴν
2231 1349 2365 1422 ἔχει.
2392 1351 2491 1408 Διά
2513 1353 2669 1409 τοῦτο
2695 1326 2867 1413 καὶέν
2890 1326 2954 1430 τῆ
2991 1326 3283 1435 Ἐκκλησία
3309 1365 3368 1418 ἐν
3389 1326 3529 1431 *ταῖς

1954 1452 2306 1521 χειροτονίαις
2317 1454 2423 1509 τῶν
2449 1457 2636 1527 ἱερέων
2653 1459 2715 1513 τὸ
2726 1459 3055 1531 Εύαγγέλιον
3070 1463 3163 1520 τοῦ
3185 1464 3418 1538 Χριστοῦ
3435 1470 3527 1523 ἐπὶ

1954 1551 2198 1622 κεφαλῆς
2228 1552 2459 1618 τίθεται,
2509 1558 2596 1611 ἵνα
2642 1559 2790 1632 μάθῃ
2829 1564 2858 1615 ὸ
2903 1564 3395 1635 χειροτονούμενος,
3440 1570 3525 1624 ὅτι

1952 1650 2052 1721 τὴν
2079 1654 2336 1727 ἀληθινὴν
2362 1659 2455 1712 τοῦ
2494 1659 2824 1729 Εὑαγγελίου
2858 1663 3055 1737 τιάραν
3096 1668 3393 1739 λαμϐάνει·
3427 1672 3522 1726 καὶ

1953 1750 2039 1804 ἴνα
2078 1753 2247 1827 μάθῃ,
2288 1757 2370 1809 ὅτι
2404 1761 2454 1811 εί
2496 1760 2589 1813 καὶ
2618 1761 2834 1817 πάντων
2861 1766 2977 1817 ἐστὶ
3007 1769 3233 1841 κεφαλὴ,
3270 1770 3384 1824 ἀλλ’
3414 1773 3521 1827 ὑπὸ

1951 1854 2173 1920 τούτους
2206 1858 2435 1928 πράττει
2463 1862 2589 1927 τοὺς
2626 1866 2843 1934 νόμους,
2886 1869 3104 1923 πάντων
3140 1871 3378 1942 κρατῶν,
3425 1878 3520 1928 καὶ

1952 1955 2031 2025 τῷ
2057 1958 2205 2029 νόμῳ
2239 1963 2626 2033 κρατούμενος,
2662 1967 2837 2021 πάντα
2878 1968 3172 2040 λογοθετῶν
3206 1983 3250 2041 ε,
3290 1970 3384 2029 καὶ
3414 1978 3520 2031 ὑπὸ

1952 2061 2044 2114 τοῦ
2087 2061 2245 2133 λόγου
2292 2066 2764 2141 νομοθετούμενος.
2818 2076 2918 2130 Διά
2955 2077 3111 2132 τοῦτο
3156 2082 3399 2149 γενναῑός
3436 2101 3520 2146 τις

1948 2166 2057 2219 τῶν
2086 2166 2346 2239 ἀρχαίων,
2365 2172 2623 2240 Ἰγνάτιος
2645 2175 2701 2230 δὲ
2723 2172 2791 2251 ἦν
2809 2179 2980 2253 ὄνομα
3004 2182 3172 2255 αὐτῷ,
3202 2181 3353 2251 οὗτος
3369 2190 3519 2259 ἱερωο

1949 2270 2083 2344 σύνῃ
2105 2274 2199 2328 καὶ
2237 2279 2520 2351 μαρτυρίῳ
2537 2279 2863 2353 διαπρέψας,
2897 2287 3225 2346 ἐπιστέλλων
3244 2293 3351 2347 τινὶ
3382 2294 3517 2366 ἱερεῖ

1946 2378 2120 2448 ἔλεγε·
2157 2380 2337 2453 Μηδὲν
2379 2385 2508 2441 ἄνευ
2544 2389 2770 2461 γνώμης
2824 2409 2917 2447 σου
2966 2395 3225 2463 γενέσθω,
3277 2400 3411 2471 μηδὲ
3448 2402 3514 2454 σὺ

1944 2479 2075 2534 ἄνευ
2107 2483 2333 2555 γνώμης
2361 2486 2496 2542 Θεοῦ
2536 2506 2590 2544 τι
2644 2495 2872 2564 πρᾶττε.
2925 2496 2968 2548 'f
2971 2496 3000 2549 ὸ
3031 2498 3210 2554 τοίνυν
3239 2501 3381 2572 ἔχειν
3424 2503 3515 2556 τὸν

1942 2591 2203 2664 ἀρχιερέα
2229 2593 2290 2648 τὸ
2316 2593 2664 2667 Εὐαγγέλιον,
2698 2604 2922 2674 σημεῖόν
2950 2605 3065 2660 ἐστι
3093 2607 3154 2661 τὸ
3186 2608 3205 2648 ἲ
3242 2611 3330 2664 ἐπ’
3366 2613 3514 2681 ἐξου-

1944 2695 2065 2750 σίαν
2094 2692 2253 2753 εῖναι.
2292 2701 2391 2755 Διά
2438 2702 2595 2757 τοῦτο
2636 2704 2783 2775 λέγει
2823 2708 3033 2776 Παῦλος
3081 2714 3209 2784 περὶ
3258 2718 3513 2783 γυναικὸς

1941 2802 2170 2888 ἐχούσης
2190 2806 2471 2880 κάλυμμα·
2499 2809 2561 2863 Ἠ
2580 2811 2715 2883 γυνὴ
2730 2812 2932 2884 ὀφείλει
2956 2815 3100 2888 ἔχειν
3118 2818 3211 2873 ἐπὶ
3227 2823 3325 2893 τῆς
3342 2839 3512 2894 κεφα-

1939 2906 2037 2980 λῆς
2074 2908 2135 2963 τὸ
2171 2911 2454 2984 κάλυμμα,
2495 2915 2524 2968 ὃ
2566 2912 2635 2988 ῆν
2677 2919 2840 2974 εἰκὼν
2883 2919 3150 2989 ἐξουσίας.
3192 2923 3298 2982 Ἦν
3337 2926 3430 2985 οὖν
3472 2934 3507 3003 ἡ

1937 3015 2104 3087 τιάρα
2131 3016 2193 3071 τὸ
2223 3019 2408 3090 σχῆμα
2425 3021 2525 3093 τῆς
2553 3023 2822 3090 ἐξουσίας.
2839 3021 2947 3082 τΗν
2967 3028 3029 3082 τὸ
3048 3032 3279 3088 πέταλον
3298 3035 3360 3089 τὸ
3382 3053 3513 3108 χρυ-

1940 3115 2086 3182 σοῦν,
2121 3111 2168 3186 ᾧ
2201 3120 2582 3193 ἐπεγέγραπτο
2609 3125 2671 3180 τὸ
2702 3129 3106 3201 γεγραμμένον,
3133 3134 3191 3189 ἐν
3219 3129 3265 3204 ᾧ
3291 3134 3513 3192 ἐκτετύ-

1936 3232 2087 3272 πωτο
2113 3219 2176 3273 τὸ
2200 3221 2294 3275 τοῦ
2321 3222 2455 3277 Θεοῦ
2497 3224 2689 3298 ὄνομα,
2721 3229 2816 3282 καὶ
2858 3230 3074 3301 πρῶτον
3104 3233 3393 3307 δείκνυσιν,
3427 3240 3512 3294 ὅτι

1936 3319 2154 3387 ἐξουσία
2181 3321 2313 3377 Θεοῦ
2354 3323 2526 3397 ὄνομα
2564 3326 2720 3383 Θεοῦ.
2763 3330 2920 3385 Μετά
2955 3332 3054 3404 τὴν
3080 3336 3273 3409 τιάραν
3313 3339 3408 3394 καὶ
3450 3342 3511 3396 τὸ

1936 3424 2169 3480 πέταλον
2191 3426 2283 3480 δύο
2309 3427 2446 3483 λίθοι
2466 3430 2560 3485 ἐπὶ
2583 3432 2692 3487 τῶν
2707 3432 2873 3506 ὤμων
2894 3438 3271 3509 σμαράγδινοι,
3297 3442 3511 3516 ἔχοντες

1933 3529 2032 3595 τὰς
2063 3529 2123 3596 ἓξ
2152 3532 2326 3602 φυλὰς
2347 3533 2616 3604 ἐντεῦθεν,
2643 3538 2736 3592 καὶ
2768 3539 2868 3604 τὰς
2893 3540 2954 3607 ἓξ
2975 3543 3241 3599 ἐντεῦθεν.
3276 3548 3507 3619 Σημείον

1932 3634 2089 3689 τοῦτο
2123 3638 2222 3708 τῆς
2268 3640 2548 3712 ἱερατικῆς
2588 3642 2783 3713 ὅψεως.
2832 3646 3120 3720 Ἀπονέμει
3163 3649 3221 3704 δὲ
3251 3652 3329 3724 τῷ
3366 3656 3504 3725 ἱερεῖ

1931 3742 2024 3794 τὸν
2057 3743 2370 3816 σμάραγδον
2394 3746 2489 3799 δύο
2516 3746 2704 3817 ἔχοντα
2731 3749 2900 3824 κάλλη
2916 3770 2930 3785 ’
2973 3754 3189 3828 καὶγὰρ
3214 3757 3499 3832 ὠχρότητα

1932 3846 2045 3918 εχει
2098 3849 2369 3921 εὐπρεπῆ,
2410 3852 2505 3905 καὶ
2538 3852 2777 3926 καθαρὸς
2808 3855 2883 3910 ὢν
2915 3859 3222 3932 κατόπτρου
3252 3864 3502 3939 ιδύναμιν

1932 3952 2140 4021 ἐπέχει.
2159 3952 2371 4024 Ἐπειδὴ
2397 3950 2490 4006 οὖν
2520 3953 2610 4007 τὸν
2633 3957 2780 4028 ἱερέα
2806 3959 2888 4015 δεῖ
2913 3963 3006 4015 καὶ
3032 3964 3263 4030 ἀσκήσει
3289 3970 3499 4041 νήφειν,

1932 4058 2142 4112 καὶτὸν
2175 4057 2287 4129 βίον
2322 4058 2626 4135 κάτοπτρον
2670 4062 2815 4133 ἐχειν
2842 4068 2952 4130 τοῖς
2985 4067 3218 4136 πολλοῖς,
3253 4071 3501 4143 βούλεται

1929 4162 2031 4232 τῆς
2076 4164 2278 4236 ἀρετῆς
2314 4167 2417 4240 τῆν
2458 4167 2643 4223 είκόνα
2685 4168 2872 4242 φέρειν
2916 4172 3008 4225 τὸν
3047 4174 3197 4245 ἱερέα
3248 4178 3340 4230 ἐπὶ
3392 4180 3502 4233 τῶν

1929 4262 2116 4334 ὤμων.
2146 4265 2246 4319 Διά
2285 4266 2340 4319 τί
2373 4268 2469 4320 ἐπὶ
2506 4267 2614 4322 τῶν
2660 4268 2860 4339 ὧμων;
2912 4271 3130 4344 Ἐπειδὴ
3155 4275 3218 4329 τὸ
3240 4277 3334 4332 τοῦ
3365 4278 3499 4334 Θεοῦ

1927 4366 2099 4439 ὄνομα
2127 4370 2223 4422 ἐπὶ
2251 4373 2350 4441 τῆς
2378 4371 2640 4442 κεφαλῆς,
2669 4373 2732 4427 τὸ
2768 4375 2969 4449 ἄρθρον
3012 4377 3105 4432 ἐπὶ
3139 4379 3233 4434 τοῦ
3275 4382 3493 4456 ἄρθρου.

1927 4472 2036 4527 Καὶ
2078 4472 2166 4527 διὰ
2215 4474 2265 4527 τί
2311 4474 2546 4528 ἐπὶτῶν
2596 4476 2793 4548 ὤμων;
2826 4478 3054 4554 οἘπειδὴ
3092 4484 3200 4555 γὰρ
3248 4488 3498 4559 πράξεώς

1925 4580 2043 4632 ἐστι
2063 4581 2287 4649 σημεῖον
2306 4596 2320 4611 ⁶
2367 4581 2400 4651 ή
2427 4580 2537 4653 γὰρ
2557 4583 2832 4655 πρακτικὴ
2856 4585 3082 4659 δύναμις
3108 4590 3165 4643 ἐν
3188 4593 3299 4656 τοῖς
3328 4593 3497 4667 ὤμοις

1925 4687 2188 4760 ἤρτηται·
2230 4689 2477 4761 βούλεται
2508 4687 2603 4746 οὖν
2645 4692 2708 4747 τὸ
2754 4694 2948 4760 κάλλος
2983 4697 3083 4767 τῆς
3120 4698 3374 4770 ἀληθείας
3403 4703 3494 4755 ἐπὶ

1922 4792 2032 4846 τῶν
2071 4794 2323 4867 πράξεων
2355 4792 2514 4853 εἶναι.
2544 4798 2643 4851 Διὰ
2668 4798 2827 4853 τοῦτο
2855 4800 3001 4870 λέγει
3025 4803 3054 4854 ό
3082 4802 3214 4867 Θεὸς
3237 4805 3374 4876 πρὸς
3396 4808 3493 4877 τὴν

1934 4900 2290 4974 Ἰερουσαλήμ
2324 4920 2488 4959 ποτε·
2530 4905 2637 4972 Θὲς
2670 4904 2786 4975 τὴν
2815 4907 3066 4976 καρδίαν
3091 4922 3208 4964 σου
3238 4911 3337 4966 ἐπί
3376 4913 3493 4968 τῶν

1923 5005 2095 5075 ὤμων
2110 5023 2250 5073 σου,
2274 5007 2535 5078 θυγάτηρ
2562 5008 2919 5079 ἡτιμωμένη,
2938 5009 3027 5065 ὅτι
3051 5010 3270 5084 Κύριος
3287 5016 3488 5074 ἔκτισε

1922 5113 2243 5182 σωτηρίαν.
2290 5113 2401 5177 Τάς
2433 5117 2621 5186 χεῖρας
2677 5116 2771 5168 καὶ
2812 5116 2940 5180 τοὺς
2988 5116 3174 5188 ὤμους
3224 5123 3305 5187 εἱς
3350 5127 3492 5196 πρά-
3606 5106 3619 5111 μ

1925 5213 2035 5279 ξεις
2072 5215 2337 5288 λαμδάνει
2366 5218 2400 5287 ἡ
2434 5217 2644 5288 Γραφὴ,
2670 5218 2745 5283 ὡς
2764 5219 2892 5274 ὅταν
2916 5220 3045 5295 λέγῃ
3071 5223 3218 5298 1411]
3240 5229 3364 5301 περὶ
3393 5230 3488 5285 τοῦ
3598 5284 3605 5288 ,

1975 5430 2218 5504 ijronlo
2243 5428 2523 5504 Ducaaus‘e}
2543 5432 2985 5504 ﬁavilqggenngn
3012 5445 3486 5504 plllanl_y09.005tdw.

1921 5487 2043 5564 ιβιδ.
2064 5502 2363 5564 om_nes
2385 5494 2466 5564 κει
2486 5494 2579 5564 ιιπρ
2595 5494 2683 5564 εοῖρ
2700 5487 2858 5558 uisu.
2882 5498 2973 5549 Ed.
2994 5487 3158 5562 νᾎμὸυζ
3171 5487 3489 5564 ’Μόῖιέιὶᾶιξὲ

1920 5548 2153 5621 lngus-est
2175 5564 2249 5621 ex_
2265 5552 2480 5621 Episgoja
2505 5555 2564 5604 ad
2595 5548 2933 5621 Pglypgirpum.

1986 5610 2007 5676 ἰ
2027 5610 2333 5676 -Ιιεςοηιίιιιιι
2361 5615 2553 5664 videtur
2575 5610 2823 5668 τοῦῘΜοιὶ
2845 5634 2972 5670 unus
3008 5622 3088 5669 ὑπ’
3118 5622 3346 5676 ἐξουσίαν.
3389 5622 3485 5671 Alii

1919 5674 1993 5721 ἐπ’
2021 5674 2251 5728 ἐξουσίαν.
2292 5674 2411 5724 lbid.
2455 5678 2677 5736 quasdam
2713 5682 2922 5732 deerant
2958 5684 3006 5732 in
3034 5674 3202 5731 Morél.
3245 5688 3300 5731 et
3332 5682 3484 5733 Sam.

1921 5747 2032 5797 qua:
2054 5747 2114 5783 cx
2142 5748 2255 5784 mss.
2282 5738 2539 5797 prodeunt.

2982 5845 3171 5906 '25
