4050 6198
529 342 634 402 ωδ

528 458 695 513 Δαυτδ
710 473 725 489 ·
765 457 873 512 Καὶ
907 455 978 509 ἐν
1009 442 1137 523 ταῖς
1179 457 1477 513 συνέσεσι.
1511 458 1632 513 τῶν
1664 457 1879 530 χειρῶν
1915 459 2102 514 αὑτοῦ

530 550 848 617 ὡδήγησεν
872 547 1113 613 αὐτούς.
1143 547 1254 601 Καὶ
1281 548 1315 619 ή
1348 548 1562 613 σύνεσις
1588 546 1698 622 ἆρα
1739 551 1797 604 ἐν
1827 551 1949 614 ταῖς
1978 566 2106 621 χερ⁴

534 642 619 696 σίν
655 642 836 705 ἐστιν;
885 638 1024 692 Ἀλλ’
1056 640 1117 693 ἐν
1163 643 1285 705 ταῖς
1302 640 1561 696 ’συνέσεσι
1600 643 1748 712 λέγει
1790 641 1969 697 αὐτῶν
1996 642 2105 697 τῶν

532 731 807 806 πράξεων.
847 730 960 784 Καὶ
999 731 1094 786 ἐπί
1134 730 1230 786 τοῦ
1271 731 1502 804 στήθους
1534 733 1841 804 ἐλάμϐανεν
1866 735 1895 788 6
1929 734 2107 804 ἱερεὺς

531 822 593 876 τὸ
647 824 853 892 λογεῖον
898 821 1025 885 τοὺς
1070 821 1277 878 δώδεκα
1324 822 1506 888 λίθους
1578 822 2106 895 ἐγκεκολαμμένους,

534 913 804 979 τουτέστι,
858 911 1095 983 σάρδιον,
1136 914 1413 979 τοπάζιον,
1453 914 1786 985 σμάραγδον,
1834 915 2104 987 ἄνθρακα,

537 1006 859 1078 σάπφειρον,
915 1005 1122 1074 ἴασπιν,
1173 1007 1447 1073 ὑάκινθον,
1506 1003 1734 1081 ἀχάτην,
1808 1010 2105 1081 ἀμέθυσον,

535 1097 870 1170 χρυσόλιθον,
900 1097 1207 1170 βηρύλλιον,
1224 1098 1314 1153 ὁνύ
1322 1117 1453 1170 χιον.
1472 1098 1561 1154 Ἑν
1576 1104 1687 1166 τοῖς
1714 1100 1921 1156 δώδεκα
1940 1101 2107 1166 λίθοις

535 1191 744 1256 τούτοις
782 1189 1096 1262 ἐμερίζοντο
1122 1191 1181 1244 αί
1211 1191 1419 1246 δώδεκα
1449 1192 1642 1262 φυλαί·
1689 1193 1825 1266 βαρὺ
1845 1194 1906 1248 τὸ
1934 1195 2104 1267 ῥῆμα.

540 1286 687 1339 ’Ᾱνω
717 1285 810 1338 ἐπὶ
846 1284 956 1338 τῶν
998 1282 1166 1355 ὤμων
1210 1280 1401 1357 μία¹ἦν
1436 1288 1470 1357 ἡ
1500 1286 1610 1339 τῶν
1648 1285 1813 1341 λίθων
1847 1288 2006 1356 φύσις
2048 1286 2108 1340 ἐν

535 1378 709 1448 ϐνομα
741 1377 960 1448 ἔχουσα,
1004 1376 1097 1430 τὸν
1129 1377 1441 1449 σμάραγδον
1463 1394 1476 1407 ·
1520 1378 1613 1432 ἐπὶ
1653 1380 1710 1433 δὲ
1753 1377 1845 1433 τοῦ
1882 1378 2110 1450 στήθους

536 1468 690 1523 κάτω
714 1467 959 1537 διάφοροι
1003 1468 1053 1521 οί
1082 1468 1242 1522 λίθοι.
1273 1466 1340 1521 Τί
1378 1468 1624 1539 βούλεται
1665 1469 1857 1535 τοῦτο;
1891 1470 2108 1542 Ἐπειδὴ

540 1558 640 1629 μία
666 1558 826 1626 φύσις
851 1559 1000 1629 ἡμᾶς
1026 1558 1304 1629 ἐγέννησε,
1333 1558 1580 1629 διάφοροι
1614 1559 1671 1613 δὲ
1706 1559 1921 1631 γνῶμαι
1961 1562 2110 1632 ἡμᾶς

540 1648 823 1719 ἐμέρισαν,
853 1647 916 1701 τὸ
962 1648 1062 1718 μὲν
1094 1648 1277 1702 δίδωσι
1301 1651 1366 1722 τῇ
1398 1650 1614 1722 γνώμῃ,
1645 1650 1707 1705 τὸ
1742 1651 1800 1705 δέ
1825 1654 1893 1722 τῇ
1927 1652 2109 1721 φύσει.

537 1735 647 1794 Ἦν
688 1739 869 1792 τοίνυν
932 1739 1066 1792 Θεοῦ
1109 1739 1280 1811 ὄνομα
1316 1742 1350 1813 ή
1387 1741 1665 1813 πρακτικὴ
1706 1742 1899 1815 ἀρετὴ,
1952 1745 1987 1815 ή
2023 1743 2113 1800 διὰ

539 1831 696 1899 λόγου
727 1830 821 1883 καὶ
846 1828 1106 1900 ἀληθείας
1138 1831 1471 1887 συνεστῶσα.
1509 1831 1620 1884 Καὶ
1648 1832 1753 1885 ὑπὸ
1782 1832 1841 1885 τὸ
1869 1834 2112 1905 κράσπε-

538 1919 628 1973 δον
656 1918 751 1973 τοῦ
786 1919 977 1990 ἱερέως
1016 1919 1079 1972 τὸ
1114 1918 1407 1991 λεγόμενον
1438 1919 1618 1991 λῶμα,
1654 1922 1812 1990 ἄνθη,
1849 1922 1984 1994 ρωἀ,
2017 1923 2111 1978 καὶ

542 2011 749 2082 ροἲσκοι
780 2022 808 2051 ι
840 2011 1051 2081 χρυσοῖ,
1093 2010 1188 2064 καὶ
1228 2011 1493 2075 κώδωνες.
1530 2010 1595 2063 Τὶ
1644 2012 1893 2066 ἐϐούλετο
1936 2013 2112 2068 ταῦτα

539 2103 599 2157 ἐν
630 2098 709 2172 τῷ
731 2102 899 2172 ἱερεῖ;
938 2095 1045 2173 ἆρα
1073 2098 1205 2165 Θεὸς
1231 2098 1534 2155 ἀνεπαύετο
1562 2100 1769 2166 τούτοις
1800 2105 1913 2167 τοῖς
1955 2103 2113 2158 ἀνθε-

541 2208 658 2255 σιν;
688 2189 799 2263 ἆρα
839 2191 1090 2245 ἐϐούλετο
1120 2194 1283 2265 γήϊνα
1307 2192 1440 2264 ἄνθη
1477 2187 1618 2247 εἶναι
1654 2195 1781 2264 περὶ⁸
1803 2193 1893 2248 τὸν
1924 2194 2112 2265 ἱερέα;

554 2284 693 2337 Ἀλλ’
721 2286 782 2337 ἐν
810 2285 892 2356 τῷ
921 2285 1161 2356 σχήματι
1191 2286 1285 2339 τοῦ
1316 2286 1504 2358 ἱερέως
1531 2285 1845 2351 ἐξεικονίζει
1872 2286 1971 2350 τὰς
1992 2288 2117 2358 ἀρε-

541 2378 661 2441 τάς.
684 2379 830 2432 Ἀνω
874 2378 968 2431 ἐπὶ
1002 2378 1104 2447 τῆς
1144 2376 1386 2448 κεφαλῆς
1435 2377 1607 2447 ὄνομα
1656 2376 1813 2440 Θεοῦ,
1872 2377 1965 2430 ἐπὶ
2015 2376 2111 2430 τοῦ

543 2467 772 2539 στήθους
795 2467 856 2521 τὸ
893 2466 1099 2537 λογεῖον
1135 2468 1185 2531 ι),
1216 2467 1284 2521 τά
1316 2467 1467 2521 κάτω
1494 2466 1628 2537 ἄνθη
1659 2466 1754 2520 καὶ
1791 2466 2015 2538 καρποὶ,
2043 2466 2113 2520 τὰ

540 2559 651 2612 τῶν
679 2559 889 2630 ἀρετῶν
917 2557 1336 2629 κατορθώματα,
1371 2557 1530 2611 ἅτινὰ
1565 2558 1712 2615 ἐστιν
1754 2556 2110 2628 ἐλεημοσύνη,

553 2650 887 2721 δικαιοσύνη,
919 2648 1317 2720 φιλανθρωπία.

614 2839 676 2886 ε’.
710 2834 802 2885 Δεῖ
830 2829 924 2885 οὖν
949 2794 1096 2903 ἡμᾶς
1133 2831 1273 2902 ἐχειν
1301 2832 1395 2886 καὶ
1426 2831 1495 2887 τὰ
1523 2829 1788 2887 ἀνθοῦντα
1813 2828 1984 2903 κάλλη
2019 2830 2116 2885 καὶ

546 2924 617 2981 τὰ
641 2925 1066 2996 πεπληρωμένα.
1093 2924 1263 2997 ’Λνθη
1306 2926 1365 2980 δέ
1408 2927 1547 2981 εἱσιν
1578 2925 1787 2998 ἱερέως,
1834 2926 2114 2997 συντυχία,

546 3018 752 3089 ὁμιλία,
781 3014 913 3091 ἦθος
958 3017 1186 3086 ἀγαθὸν,
1215 3016 1376 3087 λόγος
1417 3018 1672 3091 χρηστὸς,
1722 3018 1925 3081 πίστις,
1967 3016 2117 3082 δόξα,

547 3112 795 3184 ἀλήθεια,
845 3110 1156 3182 δικαιοσύνη
1182 3127 1195 3141 ·
1229 3111 1327 3165 καὶ
1369 3111 1570 3182 μεταξὺ
1606 3111 1810 3165 τούτων
1855 3112 1905 3165 οἱ
1936 3110 2120 3165 κώδω-

549 3221 658 3270 νες,
689 3206 723 3274 ἡ
753 3203 1038 3275 συμφωνία
1066 3202 1174 3255 τῶν
1200 3201 1381 3256 καλῶν
1407 3202 1604 3274 ἔργων.
1632 3204 1789 3256 Πᾶσα
1808 3202 1920 3273 γὰρ
1946 3202 2119 3274 ἀρετὴ

547 3292 681 3368 ἦχον
723 3293 995 3348 ἀποτελεῖ.
1039 3294 1130 3346 Διὸ
1162 3293 1310 3362 λέγει
1359 3292 1604 3358 Παῦλος·
1648 3293 1773 3362 Ἀφ’
1815 3293 1983 3362 ὑμῶν
2009 3294 2121 3364 γὰρ

547 3385 838 3454 ἐξήχηται
872 3386 906 3438 ό
952 3386 1136 3452 λόγος
1184 3383 1292 3438 τοῦ
1343 3383 1509 3438 Θεοῦ.
1556 3382 1727 3437 Πόθεν
1770 3382 1827 3435 δέ
1861 3378 2121 3452 ἧρξατοό

549 3472 720 3547 ἦχος;
761 3474 870 3529 Καὶ
924 3475 1172 3545 περιῄει,
1224 3474 1410 3545 φησὶν,
1458 3477 1492 3527 ὁ
1539 3473 1771 3542 Ἰησοῦς
1820 3473 2122 3529 διδάσκων

551 3564 760 3622 πᾶσαν
794 3569 995 3625 πόλιν.
1031 3566 1128 3619 καὶ
1157 3563 1363 3619 πᾶσαν
1402 3563 1628 3634 κώμην,
1661 3564 1757 3618 καὶ
1783 3567 2123 3634 θεραπεύων

555 3652 763 3709 πᾶσαν
785 3653 995 3716 νόσον,
1022 3651 1121 3705 καὶ
1162 3648 1369 3705 πᾶσαν
1387 3649 1714 3719 μαλακίαν.
1758 3651 1869 3704 Καὶ
1900 3650 2122 3721 ἐξῆλθεν

554 3742 686 3819 ἦχος
716 3743 842 3813 περὶ
870 3740 1034 3796 αὑτοῦ
1068 3743 1148 3804 είς
1177 3743 1358 3794 πᾶσαν
1384 3739 1481 3810 τὴν
1511 3740 1637 3809 γῆν.
1684 3742 1923 3812 Πρόσεχε
1963 3744 2123 3813 ἀκρι-

553 3833 684 3895 ϐὡς·
716 3829 873 3895 Εἶδες
901 3830 1008 3885 τῶν
1037 3830 1247 3901 ἀρετῶν
1270 3830 1361 3882 τὸν
1382 3829 1613 3900 κόσμον;
1632 3831 1865 3894 Ἐκεῖνος
1893 3834 1921 3885 6
1946 3834 2124 3904 ἱερεὺς

558 3921 801 3995 Χριστοῦ
817 3918 885 3992 ἦν
899 3920 1086 3985 τύπος.
1113 3921 1227 3974 υὺκ
1251 3918 1655 3991 ἀλληγοροῦμεν
1686 3920 1938 3989 ἐνταῦθα,
1966 3925 2015 3976 εἱ
2049 3925 2124 3995 μὴ

559 3994 808 4083 ἀφορμὰς
842 4013 1106 4082 ἐλάϐομεν
1132 4012 1283 4082 παρά
1318 4011 1550 4065 Παύλου.
1587 4011 1651 4064 Εἱ
1682 4012 1757 4083 μὴ
1797 3994 2127 4089 Παῦλος

560 4101 792 4175 μήνευσε
816 4101 915 4171 τὴν
954 4100 1182 4171 δύναμιν
1223 4100 1319 4170 τῆς
1357 4099 1724 4170 δικαιοσύνης,
1758 4104 1918 4172 ἡμεῖς
1950 4104 2124 4158 ταῦτα

562 4189 753 4261 μαθεῖν
781 4190 881 4242 οὑκ
913 4189 1246 4260 ἠδυνάμεθα.
1281 4188 1377 4242 Διά
1402 4190 1559 4243 τοῦτο
1592 4192 1736 4244 ποιεῖ
1770 4190 1982 4256 Παῦλος
2031 4194 2124 4247 τὸν

561 4282 705 4353 ἱερέα
758 4282 964 4335 ἐκεῖνον
1004 4279 1173 4333 τύπον
1211 4279 1306 4334 τοῦ
1332 4280 1615 4351 ⁴Χριστοῦ,
1659 4280 1755 4334 καὶ
1810 4280 1998 4350 λέγει·
2041 4285 2125 4338 οὺ

555 4370 665 4440 γὰρ
704 4372 792 4435 εὶς
826 4370 1207 4438 χειροποίητα
1259 4369 1397 4439 ἅγια
1443 4369 1732 4436 εἰσῆλθεν
1779 4373 1812 4425 ό
1846 4372 2121 4439 Χριστὸς,

556 4463 848 4514 ἀντίτυπα
876 4460 994 4514 τῶν
1035 4460 1360 4527 ἀληθινῶν,
1391 4461 1529 4515 ἀλλ’
1557 4463 1643 4527 εἱς
1671 4462 1857 4515 αὐτὸν
1892 4464 2000 4517 τὸν
2026 4467 2127 4519 οὐ-

549 4554 762 4620 ρανόν,
788 4550 1228 4619 ἐμφανισθῆναι
1249 4551 1328 4617 τῷ
1356 4552 1651 4620 προσώπῳ
1668 4553 1774 4607 τοῦ
1797 4554 1944 4609 Θεοῦ
1974 4555 2124 4625 ὑπὲρ

557 4641 745 4714 ἡμῶν.
774 4640 967 4704 Στάσις
994 4638 1086 4694 οὖν
1118 4638 1186 4713 ἦν
1215 4644 1272 4694 ἐν
1296 4645 1407 4705 τοῖς
1435 4643 1556 4696 τότε
1589 4643 1881 4708 Ἰουδαίοις,
1913 4647 2007 4698 καὶ
2029 4644 2127 4716 ζή-

556 4751 706 4806 τημα
740 4732 907 4801 ξένον.
944 4732 1160 4803 Ἐπειδὴ
1193 4731 1302 4803 γάρ
1330 4733 1380 4785 οί
1409 4732 1692 4786 ἀπόστολοι
1717 4734 2014 4805 ἐκήρυττον
2036 4737 2126 4790 τὸν

558 4828 810 4897 Σωτῆρα,
856 4825 951 4879 καὶ
1010 4822 1255 4895 βασιλέα,
1304 4825 1397 4878 καὶ
1449 4825 1617 4895 ἱερέα,
1664 4826 1757 4879 καὶ
1815 4828 2124 4899 προφήτην,

496 4916 501 4921 ’
558 4916 825 4986 ἐμάχοντο
875 4916 926 4969 οἱ
964 4914 1227 4979 Ἰουδαῖοι,
1268 4915 1362 4968 καὶ
1409 4914 1592 4984 ελεγον
1639 4915 1708 4969 τά
1750 4916 1892 4975 κατά
1937 4916 2120 4987 νόμον.

560 5006 752 5075 Ἄλλη,
787 5006 940 5077 φησὶ,
977 5006 1118 5078 φυλὴ
1168 5005 1462 5079 βασιλείας,
1506 5006 1599 5060 καὶ
1634 5006 1766 5077 ἄλλη
1805 5007 2122 5080 ἱερωσύνης.

571 5095 637 5148 'll
670 5096 926 5169 Λευῖτικὴ
980 5098 1141 5170 φυλὴ,
1195 5097 1516 5170 ἱερωσύνης,
1555 5098 1588 5169 ή
1634 5097 1691 5151 δὲ
1727 5098 1917 5164 Ἰούδα,
1972 5099 2126 5170 βασι-

559 5185 729 5251 λείας,
754 5188 937 5257 φησίν.
977 5188 1040 5241 Εἰ
1071 5185 1163 5242 οῦν
1190 5191 1219 5244 ό
1249 5189 1481 5261 Χριστὸς
1517 5189 1767 5260 βασιλεύς
1795 5192 1960 5256 ἐστιν,
1999 5191 2127 5245 οὑκ-

556 5277 636 5331 έτι
663 5277 811 5351 [412]
852 5280 1029 5351 ἱερεύς
1050 5297 1063 5308 ·
1096 5283 1144 5333 εἱ
1172 5281 1230 5334 δὲ
1256 5282 1452 5352 ἱερεὺς,
1478 5283 1660 5336 οὑκέτι
1682 5283 1951 5353 βασιλεύς.
1982 5284 2127 5337 Παῦ-

557 5369 649 5433 λος
710 5371 1034 5441 μαχόμενος,
1092 5373 1188 5425 καὶ⁵
1240 5374 1375 5444 πρὸς
1434 5375 1533 5446 τὴν
1592 5376 1816 5430 ἐκείνων
1871 5376 2125 5431 ὑπόνοιαν

619 5646 646 5715 ς·
671 5646 780 5715 D__uo
803 5646 916 5707 ἄνθη
952 5650 1203 5715 ροιᾶςλκαὶ
1228 5649 1428 5715 ρσῖσκοι.

622 5707 650 5774 Ρ
690 5708 815 5774 Tres
836 5707 967 5774 _mss'.
1008 5712 1204 5769 στήθους
1229 5707 1387 5774 λόγος.
1431 5713 1531 5763 Sed
1566 5714 1704 5765 locus
1729 5715 1780 5765 In
1805 5715 1953 5765 editis
1992 5713 2124 5764 bene

557 5767 744 5819 habere
769 5771 979 5821 videtur.

2040 342 2315 403 INCERTI

2210 457 2468 529 ἁρμόζων
2513 453 2606 511 τὸν
2652 456 2830 527 λόγον,
2862 460 3030 529 φησί·
3066 458 3152 529 Μὴ
3193 459 3300 533 γάρ
3329 459 3471 514 κατά
3498 458 3598 529 τήν
3625 462 3784 529 τάξιν

2207 548 2307 619 τῆς
2340 546 2608 619 ὑμετέρας
2636 549 2932 620 ἱερωσύνης
2958 550 3156 622 ἀνέστη
3182 550 3452 621 Χριστός;
3484 552 3620 622 Παρ⁹
3641 554 3781 624 ὑμῖν

2207 636 2460 708 διῄρηται
2490 636 2733 707 βασιλεία
2762 639 2858 691 καὶ
2898 638 3199 709 ἱερωσύνη·
3237 640 3296 693 ἐν
3338 639 3398 693 δὲ
3434 640 3515 711 τῷ
3557 643 3790 714 Χριστῷ

2210 725 2499 796 συνῆπται.
2548 726 2632 781 Σὺ
2669 725 2780 799 γὰρ
2827 728 3051 796 ἱερεὺς,
3093 729 3282 799 φησὶν,
3331 731 3422 795 εἰς
3447 729 3567 785 τὸν,
3597 731 3794 786 αἰῶνα

2208 816 2359 869 κατὰ
2389 816 2506 884 τὴν
2530 816 2704 882 τάξιν
2730 817 3123 887 Μελχισεδέκ.
3157 817 3257 872 Διά
3277 818 3439 874 τοῦτο
3465 820 3788 890 συλλογίζε-

2207 924 2321 973 ται,
2353 906 2446 960 καὶ
2470 907 2616 976 λέγει
2637 925 2653 940 ·
2696 909 2745 961 εἱ
2775 908 2881 980 γὰρ
2915 910 2948 980 ή
2978 907 3167 982 πρώτη
3210 911 3477 984 ἱερωσύνη
3507 908 3576 982 ἧν
3603 914 3793 984 ἀμεμ-

2210 1013 2366 1061 πτος,
2389 998 2472 1062 τίς
2496 997 2650 1068 χρεία
2677 996 2933 1069 λεχθῆναι
2961 998 3101 1053 κατά
3130 1000 3230 1072 τὴν
3260 1000 3415 1067 τάξιν
3450 999 3791 1070 Μελχισεδὲκ

2207 1087 2531 1142 ἀνίστασθαι
2578 1089 2750 1159 ἱερέα,
2799 1090 2897 1144 καὶ
2935 1091 2996 1143 οὑ
3039 1091 3179 1146 κατὰ
3211 1091 3312 1163 τὴν
3353 1092 3509 1158 τάξιν
3542 1093 3788 1163 Ἀαρώνς

2210 1181 2679 1249 Μετατιθεμένης
2730 1180 2843 1250 γὰρ
2886 1178 2994 1249 τῆς
3023 1182 3371 1248 ἱερωσύνης,
3414 1182 3485 1247 ἐξ
3514 1183 3791 1254 ἀνάγκης

2212 1273 2311 1326 καὶ
2342 1275 2531 1342 νόμου
2559 1272 2877 1341 μετάθεσις
2916 1273 3162 1341 γίνεται.
3192 1275 3508 1344 ’Δρχιερεὺς
3540 1277 3727 1330 τοίνυν
3759 1280 3792 1330 6

2212 1361 2405 1434 Σωτήρ
2434 1363 2611 1432 ἡμῶν,
2643 1362 2703 1415 οὑ
2722 1363 2874 1416 κατά
2913 1364 3006 1416 τὸν
3038 1364 3139 1434 τῆς
3164 1361 3415 1433 θεότητος
3438 1365 3617 1433 λόγον,
3646 1367 3791 1421 ἀλλά

2212 1454 2355 1507 κατά
2387 1453 2479 1506 τὸν
2511 1451 2612 1523 τῆς
2649 1452 2849 1523 σαρκὸς
2883 1452 3074 1507 τύπον·
3100 1454 3214 1508 ἀνω
3243 1454 3529 1525 σύνθρονος
3550 1455 3691 1510 Θεοῦ
3716 1457 3795 1510 δι’

2210 1546 2379 1616 ἡμᾶς,
2428 1545 2524 1597 καὶ⁴
2558 1545 2851 1616 ἀρχιερεὺς
2890 1544 3032 1597 κατά
3083 1543 3183 1616 τὴν
3224 1544 3377 1609 τάξιν
3425 1546 3787 1616 Μελχισεδέκ.

2212 1635 2349 1706 Περὶ
2373 1628 2434 1688 οὑ
2465 1635 2631 1698 πολὺς
2667 1637 2696 1688 ό
2718 1634 2895 1704 λόγος,
2927 1634 3044 1689 ἀλλ’
3069 1636 3133 1691 οὑ
3161 1633 3256 1689 τοῦ
3288 1636 3576 1707 παρόντος.
3611 1639 3797 1710 Πρόσ-

2212 1744 2327 1797 εχε,
2368 1726 2704 1799 παρακαλῶ·
2741 1722 2850 1780 Ἦν
2901 1729 2962 1781 ἐν
3000 1727 3080 1798 τῷ
3131 1728 3283 1802 νόμῳ
3336 1730 3792 1801 ὁλοκαυτώματα,

2214 1819 2374 1874 θυσία
2418 1819 2545 1889 περὶ
2583 1819 2883 1891 ἁμαρτίας,
2929 1821 3246 1892 προσφορά·
3299 1821 3469 1877 ἐλθὼν
3515 1823 3546 1875 6
3594 1821 3793 1892 Σωτὴρ

2215 1911 2377 1964 παύει
2406 1911 2505 1974 τὰς
2534 1910 2772 1975 τυπικάς
2805 1910 3145 1984 προσφορὰς,
3170 1913 3268 1966 καὶ
3300 1914 3445 1966 ποιεῖ
3460 1911 3524 1966 τὸ
3551 1911 3795 1977 σῶματδ

2215 2002 2343 2056 [διον
2381 2003 2503 2056 ἀντὶ
2532 2002 2712 2072 πάσης
2741 2001 2949 2065 θυσίας.
2976 2002 3139 2072 Λέγει
3159 2002 3371 2066 Παῦλος
3399 2004 3527 2074 περὶ
3546 2004 3642 2056 τοῦ
3676 2004 3796 2056 Σωο

2211 2095 2411 2166 τῆρος·
2445 2095 2545 2148 Διὸ
2597 2095 3015 2165 εἰσερχόμενος
3051 2097 3141 2161 είς
3184 2094 3293 2147 τὸν
3326 2095 3557 2164 κόσμον
3583 2094 3745 2163 λέγει
3771 2110 3789 2123 ·
3894 2110 3917 2115 ί

2217 2187 2450 2240 Θυσίαν
2480 2184 2580 2240 καὶ
2608 2183 2962 2255 προσφορὰν
2986 2186 3098 2239 οὐκ
3132 2184 3436 2254 ἠθέλησας
3462 2200 3474 2212 ·
3516 2183 3695 2253 σῶμα
3722 2185 3797 2238 δὲ

2213 2278 2548 2346 κατηρτίσω
2589 2294 2723 2348 μοι·
2773 2276 3235 2346 ὁλοκαυτώματα
3279 2275 3379 2330 καί
3434 2276 3569 2344 περὶ
3599 2277 3792 2345 ἀμαρ-

2213 2369 2345 2435 τίας
2376 2370 2487 2422 οὐκ
2534 2367 2875 2436 εὐδόκησας
2902 2379 2963 2408 ε·
3015 2371 3147 2423 τότε
3188 2364 3391 2422 εἶπον·
3432 2368 3579 2422 Ἰδοὺ
3621 2367 3786 2437 ἥκω·

2212 2460 2284 2514 ἐν
2309 2458 2583 2529 κεφαλίδι
2611 2461 2854 2525 βιϐλίου
2879 2460 3196 2531 γέγραπται
3224 2459 3357 2529 περὶ
3386 2459 3554 2529 ἐμοῦ.
3597 2460 3793 2514 Εἰπὼν

2213 2553 2314 2624 τὴν
2353 2551 2685 2623 προφητείαν
2730 2550 2962 2616 Παῦλος,
3018 2551 3115 2605 καὶ
3151 2551 3411 2623 είρηκὼς,
3458 2554 3539 2606 ὃτι
3585 2552 3791 2606 Θυσίαν

2182 2636 2310 2697 ’καὶ
2356 2643 2673 2715 προσφορὰν
2710 2645 2805 2698 καὶ
2856 2644 2984 2715 περὶ
3020 2643 3293 2714 ἁμαρτίας
3341 2645 3440 2697 οὑκ
3492 2642 3795 2715 ἠθέλησας,

2212 2734 2335 2787 τότε
2365 2729 2537 2797 εἷπον,
2569 2733 2698 2786 ’1δοὺ
2725 2734 2864 2804 ήκω,
2891 2734 3103 2805 ἀναιρεῖ
3129 2733 3191 2786 τὸ
3216 2731 3451 2805 πρῶτον,
3474 2732 3561 2786 ἵνα
3581 2734 3644 2787 τὸ
3665 2733 3795 2788 δεύ-

2215 2842 2372 2897 τερον
2397 2825 2593 2898 στήσῃ.
2622 2824 2734 2878 Καὶ
2763 2825 2866 2878 ποῦ
2896 2825 2930 2896 ή
2959 2824 3117 2878 θυσία
3143 2826 3294 2896 καὶή
3328 2826 3611 2897 προσφορά
3644 2827 3797 2897 εὑρίο

2220 2930 2407 2969 σκεται
2445 2915 2503 2967 ἐν
2552 2912 2631 2984 τῷ
2682 2912 2896 2984 σώματι
2941 2913 3035 2966 τοῦ
3070 2911 3344 2985 Χριστοῦς
3392 2909 3594 2977 Καθὼς
3635 2912 3796 2984 λέγει

2217 3007 2247 3060 6
2282 3003 2578 3067 ἀπόστολος
2633 3003 2873 3067 Παῦλος·
2938 3002 3273 3073 Παρακαλῶ
3304 3003 3478 3074 ὑμᾶς,
3510 3005 3795 3075 ἀδελφοί,

2218 3097 2319 3152 διὰ
2341 3095 2461 3151 τῶν
2490 3096 2806 3167 οἰκτιρμῶν
2834 3095 2941 3151 τοῦ
2987 3094 3156 3161 Θεοῦ,
3182 3096 3264 3163 ὡς
3286 3095 3466 3150 τέκνα
3490 3096 3795 3166 ἀγαπητὰ,

2219 3186 2590 3256 περιπατεῖτε
2617 3189 2686 3242 ἐν
2710 3185 2934 3257 ἀγάπῃ,
2965 3186 3160 3253 καθὼς
3187 3186 3285 3240 καί
3318 3189 3352 3240 ό
3373 3187 3624 3256 Χριστὸς
3640 3188 3801 3257 ἠγά-

2221 3291 2423 3346 πησεν
2446 3276 2628 3346 ἡμᾶς,
2674 3276 2773 3330 καί
2804 3274 3147 3344 παρέδωκεν
3177 3275 3395 3329 ἑαυτὸν
3434 3275 3587 3344 ὑπὲρ
3623 3276 3802 3345 ἡμῶν

2222 3369 2444 3427 θυσίαν
2490 3368 2588 3422 καί
2634 3368 2988 3436 προσφορὰν
3033 3366 3115 3431 τῷ
3160 3365 3310 3434 Θεῷ,
3341 3369 3428 3434 εις
3457 3367 3662 3437 ὀσμὴν
3692 3372 3799 3424 εὑ-

2222 3459 2420 3528 ωδίας.
2445 3459 2544 3513 Διά
2584 3461 2642 3515 σέ
2671 3459 2983 3530 ἀρχιερεὺς,
3012 3459 3078 3514 δι’
3107 3459 3297 3513 ἑαυτὸν
3324 3460 3475 3525 Θεός.
3502 3461 3597 3532 Μή
3624 3463 3799 3532 μετά⁴

2224 3549 2385 3602 ϐαλλε
2418 3551 2639 3623 ῥήματα
2677 3549 2812 3602 Θεοῦ
2847 3549 3069 3614 ζῶντος.
3107 3551 3202 3614 Εἰς
3239 3551 3459 3623 Πατέρα
3505 3553 3600 3606 καὶ
3644 3553 3798 3616 Υίὸν,

2224 3643 2317 3697 καὶ
2345 3643 2498 3712 ἆγιον
2534 3641 2757 3714 Πνεῦμα
2799 3638 3168 3712 ἐϐαπτίσθης·
3217 3641 3271 3695 τί
3314 3643 3556 3715 ἀναιρεῖς
3582 3644 3651 3697 τὰ
3678 3645 3799 3697 ὀνό-

2228 3755 2372 3808 ματα
2400 3736 2466 3790 τὰ
2490 3735 2688 3803 ζῶντα,
2715 3735 2807 3789 καὶ
2832 3735 3073 3804 είσάγεις
3099 3734 3360 3807 ὀνόματα,
3381 3736 3659 3808 λογισμῶν
3673 3756 3800 3808 γενο

2224 3831 2460 3900 νήματα,
2484 3828 2678 3897 λέγων,
2703 3827 3023 3899 Ἀγέννητος
3047 3826 3142 3880 καὶ
3163 3829 3435 3900 γεννητὸς.
3460 3829 3673 3894 κτιστὸς
3701 3830 3801 3884 καὶ

2224 3922 2497 3987 ἀκτιστος,
2523 3919 2599 3975 ὢν
2638 3920 2725 3973 ἀεὶ
2769 3919 2863 3972 καὶ
2898 3918 2972 3990 μὴ
3019 3917 3095 3973 ὣν
3139 3919 3262 3982 ἀεί;
3296 3919 3514 3974 Τούτων
3541 3920 3800 3992 ἀνέχεται

2225 4012 2359 4077 Θεὸς
2377 4012 2484 4066 τῶν
2505 4012 2749 4082 ματαίων
2775 4010 3070 4081 ρημάτωνς
3098 4012 3195 4065 Ἐν
3223 4011 3373 4083 ῥῆμα
3401 4012 3487 4066 ἴνα
3518 4013 3803 4085 μεταϐάλῃ

2228 4104 2512 4176 προφήτης
2540 4101 2691 4166 ποτε,
2726 4100 3096 4155 ἐκινδύνευσεν
3127 4101 3452 4155 ἀπολέσθαι·
3493 4103 3590 4157 καὶ
3633 4103 3803 4173 βλέπε

2228 4194 2470 4263 ῥήματος
2509 4190 2708 4261 μικροῦ
2742 4189 3126 4261 ἀκριϐολογίαν
3144 4209 3156 4222 ·
3181 4191 3262 4244 Τὰ
3284 4193 3504 4263 ῥήματα
3533 4194 3641 4246 τῶν
3665 4211 3807 4264 προ-

2226 4282 2413 4355 φητῶν
2455 4298 2600 4345 τινες
2634 4279 2863 4334 ἐκάλουν
2897 4281 3002 4333 ὑπὸ
3038 4281 3315 4350 ἀπειρίας,
3346 4281 3538 4353 λῆμμα
3566 4284 3800 4354 Κυρίου.

2226 4374 2390 4441 Λέγει
2437 4374 2467 4426 6
2506 4370 2638 4434 Θεὸς
2688 4369 2776 4423 διά
2816 4370 3107 4441 Ἱερεμίου·
3146 4370 3283 4425 Ἐὰν
3324 4372 3597 4442 ἐρωτήσῃ
3644 4390 3719 4427 σε
3764 4377 3804 4427 ό

2226 4462 2393 4527 λαὸς,
2430 4461 2469 4529 ἢ
2495 4463 2527 4514 ό
2552 4458 2764 4527 ἱερεὺς,
2796 4459 2836 4527 ἢ
2869 4462 2902 4513 ό
2931 4460 3262 4530 προφήτης,
3294 4461 3391 4515 καί
3416 4462 3556 4531 εἴπῃ
3584 4479 3702 4527 σοι,
3737 4464 3807 4517 Τι’

2225 4552 2293 4606 τὸ
2329 4550 2573 4619 lingua;
2627 4549 2758 4603 εἰπὲ
2810 4550 3034 4617 αὐτοῖς,
3074 4550 3161 4604 ὅτι
3201 4551 3271 4606 Τὸ
3320 4551 3530 4622 λῆμμα
3575 4555 3807 4621 Κυρίου

2225 4642 2396 4712 ὑμεῖς
2421 4642 2580 4695 ἐστε.
2610 4639 2888 4711 Amp-oua:
2915 4640 3026 4712 γὰρ
3054 4641 3210 4711 ὑμᾶς
3236 4641 3465 4713 λῆμμα,
3496 4644 3597 4696 καί
3630 4644 3808 4713 ῥάξω

2230 4734 2401 4804 ὑμᾶς,
2424 4735 2525 4788 ἵνα
2562 4734 2649 4802 μὴ
2688 4733 2903 4803 λέγητε
2951 4732 3178 4804 λῆμμα.
3208 4735 3304 4789 Ἕν
3330 4736 3480 4806 ῥῆμα
3508 4736 3597 4789 ἴνα
3635 4753 3809 4806 μετα-

2227 4825 2449 4897 ποιηθῇ,
2478 4824 2691 4879 ἀπειλεῖ
2718 4826 2747 4877 6
2769 4823 2899 4887 Θεός
2926 4839 2941 4855 ⁸
2981 4826 3074 4878 καὶ⁵
3104 4825 3168 4878 σὺ
3203 4823 3492 4896 ὁλόκληρον
3514 4825 3809 4897 δογμάτων

2229 4917 2382 4991 [415]
2420 4915 2707 4989 ἀκρίϐειαν
2745 4915 3110 4986 διαστρέφεις,
3165 4916 3376 4987 Πατρὸς
3413 4916 3585 4988 ὃνομα
3622 4935 3807 4988 παρα-

2226 5011 2593 5083 γραφόμενος,
2662 5007 2794 5061 Υἱοῦ
2859 5007 3015 5074 ἀξίαν
3078 5008 3431 5079 ἀρνούμενος,
3485 5009 3807 5079 Πνεύματος

2232 5102 2391 5171 ἁγίου
2426 5100 2584 5164 δόξαν
2630 5098 2867 5164 ἀθετῶν;
2899 5095 3045 5171 Ἀρα
3081 5097 3344 5170 διαφεύξη
3374 5100 3472 5162 τὰς
3513 5100 3608 5152 τοῦ
3664 5099 3803 5153 Θεοῦ

2227 5197 2445 5267 χεῖρας-ς
2497 5193 2646 5263 Βαρὺ
2692 5191 2785 5244 καὶ
2824 5189 3054 5261 φοϐερὸν
3096 5188 3416 5261 διαστρέψαι
3460 5189 3621 5257 λόγον
3664 5190 3802 5243 Θεοῦ

2228 5286 2447 5350 ζῶντος,
2490 5283 2694 5355 Κυρίου
2729 5281 2826 5335 τοῦ
2867 5279 3003 5333 Θεοῦ
3035 5280 3213 5352 ἡμῶν.
3252 5280 3441 5348 Λόγων
3476 5280 3802 5351 διαστρεφο-

2232 5379 2407 5453 μένων
2452 5377 2746 5445 ἀγανακτεῖ
2787 5373 2946 5438 Θεός·
3001 5373 3285 5444 δογμάτων
3324 5372 3802 5443 διαστρεφομένων

2228 5475 2328 5528 οὑκ
2361 5470 2687 5539 ἀγανακτεῖ;
2730 5466 2821 5535 Μὴ
2855 5463 3158 5535 σοφώτερος
3187 5458 3238 5516 εἶ
3261 5462 3356 5516 τοῦ
3398 5463 3680 5534 Σωτῆροςς
3725 5462 3806 5535 μὴ

2229 5560 2616 5632 ἀκριϐέστερος
2663 5552 2715 5609 εί
2746 5554 2840 5607 τοῦ
2883 5553 3243 5621 Εὑαγγελίου;
3290 5552 3564 5625 Φοϐήθητι
3628 5555 3806 5625 κρῖμα

2294 5773 2318 5803 θ
2365 5772 2488 5821 Tros
2510 5783 2623 5818 mss.
2654 5768 2742 5816 οὑκ
2767 5766 3011 5824 ἐζήτησας.

3670 342 3901 400 ωε·
