3958 6186
179 344 269 399 ιοπς
1316 334 1596 392 ιιοδιιιιΑ
1643 332 1728 389 DE

1850 332 2262 391 ZCISLATORE.

174 464 402 535 quoniam
440 461 628 515 creauit
660 456 905 512 Dominus
934 456 1144 509 salutem
1175 454 1322 520 (Jer.
1343 456 1433 508 3|.
1461 454 1525 507 21
1558 454 1596 522 ).
1647 451 1755 504 Μει-

178 571 267 610 nus
284 563 341 607 et
372 553 630 607 humeros
659 565 755 619 pro
781 548 1081 603 actionibus
1120 546 1314 615 accipit
1355 544 1652 613 Scriptura,
1701 553 1757 594 ut

173 662 282 703 cum
304 645 375 700 de
394 643 593 698 Davide
615 642 762 707 dicit,
786 639 854 694 Et
872 642 925 693 in
940 632 1266 694 intellectibus
1292 652 1531 691 manuum
1550 651 1755 689 suarum

175 738 380 792 deduxit
412 751 499 791 eos
523 736 545 806 (
570 733 662 789 Ps.
688 734 776 788 77.
804 732 928 800 72).
958 730 1222 801 Numquid
1275 731 1327 785 in
1382 729 1631 785 manibus
1673 738 1754 783 cst

176 830 467 886 intellectus
492 830 516 883 '!
537 827 644 882 Sed
675 828 729 881 in
774 824 1129 881 intellectibus
1147 822 1279 878 dicit
1321 823 1553 891 ipsarum
1589 822 1728 875 actio

176 935 309 976 num.
338 920 407 975 Et
435 921 488 974 in
531 927 750 988 pectore
772 916 1068 985 accipiebat
1097 914 1347 972 sacerdos
1368 914 1664 979 oraculum,
1697 914 1747 965 in

172 1028 269 1083 quo
286 1010 571 1067 duodecim
589 1018 744 1065 erant
762 1007 964 1079 lapides
988 1007 1256 1076 insculpti,
1279 1006 1380 1060 hoc.
1394 1016 1497 1072 est,
1520 1004 1748 1069 sardius,

173 1103 426 1173 topazius,
450 1100 780 1171 smaragdos,
812 1097 1191 1164 carbunculus,
1228 1095 1531 1165 sapphirus,
1554 1095 1744 1165 jaSpis,

173 1191 505 1265 hyacinthus,
544 1189 784 1257 achates,
814 1186 1169 1259 amethystus,
1213 1184 1595 1256 chrysolithos,
1650 1184 1747 1240 he-

172 1284 349 1353 ryllus,
396 1281 716 1353 onychinus.
746 1278 804 1333 In
832 1278 1113 1334 duodecim
1166 1277 1432 1345 lapidibus
1467 1276 1749 1332 duodecim

171 1374 332 1429 tribus
358 1371 736 1428 dividebantur
764 1388 777 1424 :
809 1384 970 1440 grave
991 1369 1213 1423 dictum.
1255 1368 1428 1438 Supra
1453 1367 1667 1437 quidem
1695 1368 1745 1421 in

170 1465 403 1521 humeris
428 1479 532 1520 una
555 1462 788 1533 lapidum
810 1473 928 1517 erat
951 1471 1137 1515 natura
1155 1475 1262 1515 uno
1274 1460 1548 1531 designata
1572 1462 1745 1515 nomi-

170 1572 247 1624 ne,
277 1554 628 1625 smaragdus;
658 1553 711 1608 in
729 1563 942 1623 pectore
963 1560 1143 1607 autem
1173 1550 1308 1605 infra
1341 1551 1542 1620 lapides
1569 1552 1746 1606 diver-

166 1650 226 1704 si.
253 1647 395 1717 Quid
421 1646 527 1701 hoc
541 1646 641 1701 sibi
672 1644 821 1700 vult?
839 1642 1265 1714 quandoquidem
1294 1657 1397 1697 una
1434 1657 1533 1698 nos
1558 1642 1745 1697 natura

168 1739 486 1810 procreavit,
507 1739 718 1792 diversa
743 1750 872 1792 vero
895 1750 992 1790 nos
1021 1733 1240 1789 consilia
1274 1742 1330 1789 et
1350 1733 1631 1802 opiniones
1659 1733 1743 1787 di-

166 1834 422 1896 viserunt,
452 1828 556 1884 hoc
580 1827 793 1898 quidem
816 1825 1054 1895 opinioni
1087 1825 1290 1890 tribuit,
1317 1824 1443 1878 illud
1477 1839 1608 1880 vero
1645 1839 1743 1879 ua-

169 1933 314 1976 turaz.
336 1921 470 1975 Erat
511 1918 671 1989 igitur
691 1917 785 1973 Dei
806 1931 1002 1971 nomen
1028 1916 1194 1970 virtus
1222 1916 1273 1968 in
1302 1916 1514 1969 actione
1550 1914 1740 1983 posita,

165 2028 278 2081 qua
299 2026 396 2083 per
418 2011 680 2065 rationem
707 2022 771 2063 ac
798 2007 1080 2063 veritatem
1103 2006 1363 2061 subsistit.
1397 2005 1463 2060 Et
1518 2005 1574 2059 in
1623 2005 1742 2059 lim-

175 2104 281 2157 bria
323 2102 637 2163 sacerdotis.
666 2114 787 2171 quae
813 2098 1011 2154 dicitur
1045 2113 1162 2163 ora,
1198 2096 1355 2152 ﬂores
1385 2098 1510 2151 mali
1542 2097 1740 2167 punici,

175 2196 309 2247 mala
325 2194 509 2265 punica
527 2202 780 2259 aurea,et
796 2190 1172 2247 tintinnabula.
1191 2190 1325 2258 Quid
1350 2190 1464 2245 bzec
1486 2190 1540 2245 in
1562 2206 1744 2245 sacer-

168 2288 290 2343 dote
329 2287 428 2342 sibi
457 2285 751 2341 volebant?
780 2283 1035 2354 numquid
1067 2282 1205 2339 Deus
1231 2283 1312 2337 bis
1355 2283 1574 2338 ﬁoribus
1596 2283 1743 2338 dele-

162 2380 440 2436 ctabatur?
463 2395 589 2435 num
615 2378 841 2434 terrenis
862 2377 1081 2432 tioribus
1105 2377 1336 2432 cinctum
1359 2391 1480 2432 esse
1496 2377 1746 2432 sacerdo-

159 2486 260 2529 tem
292 2472 664 2529 volebat?Sed
692 2472 744 2526 iu
772 2472 967 2526 vestitu
997 2469 1291 2525 sacerdotis
1336 2470 1556 2525 virtutes
1584 2466 1777 2525 eflln-l

155 2571 245 2638 git.
271 2568 455 2637 Supra
494 2566 709 2637 quidem
734 2565 784 2619 in
810 2564 985 2633 capite
1022 2577 1215 2617 nomen
1254 2563 1387 2627 Dei;
1435 2564 1486 2618 in
1529 2576 1744 2634 pectore

153 2658 437 2713 «naculum
472 2674 490 2711 :
526 2656 661 2711 infra
693 2671 819 2711 vero
846 2653 1005 2710 ﬂores
1030 2664 1084 2710 et
1113 2654 1332 2719 fructus,
1367 2656 1617 2710 virtutum
1661 2672 1743 2709 re-

151 2758 235 2804 cte
279 2748 449 2814 facta,
476 2762 595 2817 qua:
613 2754 734 2802 sunt
764 2746 1125 2815 eleemosyua,
1157 2746 1379 2815 iustitia,
1426 2748 1742 2817 benignitas.

218 2841 273 2894 5.
320 2838 515 2893 Plures
541 2838 828 2905 spiritnales
856 2837 1147 2891 sacerdotis.
1179 2835 1410 2892 Christus
1437 2840 1669 2892 sacerdos
1696 2849 1743 2891 et

148 2934 408 3002 pontifex.
422 2957 500 2970 —
516 2928 624 2983 Nos
652 2928 808 2997 igitur
833 2927 1028 2982 habere
1047 2936 1258 2998 oportet
1280 2936 1334 2982 et
1348 2927 1599 2984 ﬂorentes
1626 2930 1741 2998 pul-

143 3022 491 3078 chritudines
518 3030 570 3075 et
596 3020 888 3087 completas
911 3027 1070 3088 atque
1096 3029 1346 3074 maturas.
1379 3018 1564 3074 Flores
1586 3020 1744 3089 porro

145 3124 267 3168 sunt
294 3110 627 3175 sacerdotis,
648 3123 989 3179 congressus,
1015 3109 1359 3178 colloquium,
1389 3108 1511 3164 boni
1541 3126 1740 3179 mores,

141 3205 287 3259 mitis
330 3217 544 3264 sermo,
574 3201 727 3265 ﬁdes,
760 3202 919 3264 fama,
946 3199 1162 3263 veritas,
1198 3201 1432 3271 justitia;
1463 3211 1520 3256 et
1548 3203 1629 3257 his
1664 3203 1744 3258 in-

141 3297 379 3366 terjeeta
429 3294 802 3360 tintinnabula,
853 3296 1137 3349 consensio
1184 3295 1432 3351 nimirum
1476 3296 1739 3351 bonorum

138 3402 402 3455 operum.
431 3384 619 3440 Omnis
656 3386 799 3439 enim
844 3385 1013 3441 virtus
1057 3399 1245 3439 sonum
1287 3387 1572 3456 quemdam
1609 3388 1738 3443 edit.

136 3479 291 3536 Unde
321 3479 535 3535 Paulus
560 3477 635 3532 ait
671 3495 685 3532 :
727 3480 771 3531 Α
816 3477 949 3532 vobis
977 3479 1301 3535 eninuertno
1347 3477 1437 3533 Dei
1484 3482 1742 3548 personuit

131 3572 207 3637 (l.
236 3569 441 3625 Thess.
476 3570 528 3623 l.
560 3568 639 3637 8).
659 3569 729 3623 At
749 3568 1012 3623 undenam
1042 3568 1240 3639 incepit
1258 3570 1458 3625 sonus?
1485 3570 1738 3626 Circuibat

126 3663 311 3729 Jesus,
343 3664 455 3728 ait,
485 3661 671 3716 docens
693 3676 892 3716 onmem
913 3661 1160 3715 ciuitatem
1185 3670 1233 3715 et
1262 3678 1458 3716 omnem
1482 3663 1664 3728 uicum,
1690 3675 1739 3716 et

128 3770 328 3809 carm
361 3768 571 3808 omnem
595 3752 844 3817 morbum,
889 3761 934 3806 et
977 3767 1172 3807 onmem
1199 3752 1540 3820 inﬁrmitatem
1564 3755 1615 3809 in
1645 3772 1739 3824 po-

126 3847 257 3913 pstlo
288 3844 521 3915 (ﬂeuit.
550 3842 605 3898 9.
634 3842 726 3911 35)
760 3858 775 3895 :
804 3850 862 3898 et
883 3843 1046 3897 exivit
1074 3856 1238 3897 sonus
1263 3842 1329 3896 de
1353 3858 1420 3899 eo
1445 3845 1496 3897 in
1527 3859 1739 3900 omnem

126 3947 364 3991 terram.
422 3934 661 3990 Attende
708 3933 1005 4003 diligenter.
1048 3931 1317 3987 Virtutum
1364 3944 1609 3989 ornatum
1664 3936 1743 3989 vi-

119 4029 299 4085 disti?
334 4028 442 4084 Ille
472 4027 588 4096 ipse
616 4026 868 4081 sacerdos
894 4024 1090 4080 Christi
1124 4024 1288 4093 ﬁgura
1319 4035 1451 4079 erat.
1492 4026 1586 4081 llic
1619 4028 1740 4095 qui-

120 4118 251 4173 deus
304 4118 460 4172 nihil
500 4115 646 4170 velut
694 4130 792 4186 per
831 4114 1136 4184 allegoriam
1185 4115 1591 4184 explicaremus,
1639 4117 1739 4170 nisi

116 4210 335 4265 Paulus
382 4205 548 4263 nobis
575 4220 760 4261 ansam
791 4206 1054 4276 praberct
1095 4223 1107 4259 :
1152 4215 1208 4260 et
1253 4206 1354 4261 nisi
1400 4205 1592 4262 Paulus
1631 4207 1739 4262 vim

116 4302 271 4356 illam
301 4300 555 4372 iustitia:
590 4298 745 4354 nobis
770 4297 1111 4367 explicasset,
1142 4312 1241 4353 nos
1280 4312 1409 4354 sane
1435 4298 1550 4354 hmc
1580 4313 1738 4354 num-

112 4409 284 4462 quam
315 4391 557 4460 assequi
582 4390 961 4460 potuissemus.
980 4388 1130 4445 llanc
1149 4392 1218 4449 ob
1237 4405 1349 4445 rem
1373 4390 1570 4446 Paulus
1597 4390 1739 4447 hunc

110 4482 491 4539 sacerdotem
517 4479 718 4535 Christi
749 4479 966 4549 ﬁguram
1006 4481 1279 4551 proponit,
1321 4491 1376 4536 et
1413 4481 1489 4537 ait
1519 4496 1534 4533 :
1573 4499 1591 4532 ι
1623 4480 1737 4536 Non

106 4576 261 4630 enim
314 4576 382 4629 in
431 4582 616 4628 sancta
660 4572 958 4627 manufacta
995 4573 1229 4627 introivit
1258 4573 1524 4640 Christus,
1557 4589 1739 4630 exent-

109 4668 286 4736 plaria
344 4678 635 4729 verorum,
673 4662 768 4719 sed
815 4663 868 4717 in
913 4663 1084 4732 ipsum
1127 4664 1338 4728 cadum,
1381 4674 1439 4719 ut
1486 4674 1740 4736 appareat

106 4774 261 4815 nunc
297 4756 496 4812 vultui
539 4754 631 4810 Dei
679 4769 776 4825 pro
818 4755 972 4811 nobis
1002 4773 1022 4807 ι
1077 4754 1257 4825 (Hebr.
1298 4756 1352 4811 9.
1400 4756 1517 4824 2t).
1566 4760 1739 4827 Atque

105 4849 227 4905 lucc
257 4846 514 4917 quidem
554 4859 643 4900 res
684 4844 934 4900 seditioni
966 4845 1107 4899 inter
1146 4844 1363 4900 Judazos
1399 4848 1735 4903 occasionem

102 4943 444 5011 trahebat,
478 4940 551 4993 ita
578 4947 633 4991 ut
658 4937 726 4993 de
752 4938 998 4992 inusitata
1029 4936 1170 4992 inter
1198 4953 1258 4993 se
1284 4938 1582 5007 quatstioue
1609 4954 1736 4993 con-

100 5037 456 5091 tenderent.
486 5032 619 5086 Cntu
650 5031 793 5086 enim
824 5031 1048 5101 apostoli
1079 5041 1427 5095 servatorem,
1452 5040 1507 5084 ct
1537 5047 1734 5101 regem,

99 5138 151 5182 et
178 5125 587 5188 sacerdotem,
620 5134 674 5178 et
703 5121 1015 5192 prophetam
1042 5122 1418 5191 praedicarent,
1451 5120 1621 5177 Judaei
1647 5122 1734 5176 in-

97 5228 184 5271 ter
216 5232 290 5272 se
324 5213 771 5276 contendebant,
811 5212 989 5267 allatis
1025 5212 1078 5267 in
1117 5212 1352 5267 medium
1392 5213 1478 5276 iis,
1524 5228 1643 5281 qua:
1683 5213 1735 5267 in

96 5308 223 5379 lege
273 5307 553 5377 ipsorum
598 5306 795 5373 scripta
845 5312 1019 5359 erant.
1068 5303 1203 5369 Alia,
1246 5302 1513 5369 dicebant,
1566 5303 1736 5359 tribus

94 5402 288 5469 regni,
316 5404 389 5452 et
424 5395 532 5449 alia
554 5394 860 5450 sacerdotii.
885 5393 1117 5451 Levitica
1142 5393 1379 5465 quidem,
1410 5394 1690 5450 sacerdotii
1717 5412 1732 5449 :

92 5494 283 5546 tribus
318 5502 482 5543 vero
510 5486 666 5553 Juda,
699 5486 869 5556 regni.
900 5486 955 5543 Si
994 5485 1155 5559 igitur
1182 5485 1428 5541 Christus
1457 5501 1571 5551 res,
1605 5502 1734 5557 ergo

92 5599 206 5637 non
258 5573 563 5636 sacerdos
608 5593 623 5629 :
663 5575 745 5631 sin
786 5590 913 5631 vero
954 5575 1227 5640 sacerdos,
1277 5590 1405 5646 ergo
1451 5590 1556 5629 non
1611 5591 1729 5629 rex.

90 5674 421 5729 Adversus
455 5680 592 5735 quos
620 5665 821 5724 Paulus
845 5680 1027 5739 agens,
1056 5666 1200 5721 omni
1221 5667 1464 5721 oratione
1490 5664 1556 5719 ad
1583 5680 1735 5720 ever-

88 5770 337 5824 tendam
384 5763 543 5816 ltanc
570 5761 874 5830 opinionem
902 5768 1229 5831 comparata,
1259 5758 1333 5817 ait
1360 5776 1372 5815 :
1404 5757 1541 5815 Num
1573 5757 1732 5830 igitur

3346 347 3448 401 40ίὶ

1867 447 2111 505 Christus
2153 451 2444 505 secundum
2495 452 2782 507 sacerdotii
2828 456 2988 508 vestri
3041 456 3281 513 ordinent
3333 474 3450 514 sar.

1865 541 2041 595 rexit?
2091 542 2244 610 Apud
2297 557 2392 597 vos
2445 543 2660 612 quidem
2709 538 2931 613 regnum
2988 557 3043 601 et
3087 549 3445 604 sacerdotium

1862 631 2109 686 distincta
2135 642 2261 687 sunt
2289 650 2302 686 :
2333 635 2385 687 in
2415 634 2631 689 Christo
2657 645 2941 706 utrumque
2966 638 3310 705 coniunctum
3340 653 3441 696 est.

1866 722 1941 776 Tu
1968 724 2134 790 enim,
2164 726 2260 789 ait,
2290 726 2524 781 sacerdos
2549 742 2602 781 es
2627 728 2679 781 in
2703 737 2968 792 Meritum,
2996 731 3272 785 secundum
3300 733 3445 786 ordi—

1860 832 1973 869 nem
1999 816 2332 871 Melchisedec
2371 818 2540 887 (l’sal.
2591 818 2713 874 109.
2761 818 2837 889 4).
2869 809 3052 888 Itaque
3101 821 3444 878 ratiocinator

1862 908 2070 971 Paulus,
2105 918 2160 963 et
2185 911 2262 962 ait
2303 927 2317 962 :
2362 910 2418 963 Si
2461 910 2604 965 enim
2653 912 2881 980 primum
2927 912 3054 967 illud
3084 912 3440 970 sacerdotium

1856 1010 1974 1054 crat
2003 1001 2492 1071 irreprehensibile,
2531 1004 2654 1073 quid
2697 1005 2979 1074 oportebat
3019 1006 3217 1072 dicere,
3247 1022 3441 1063 secunc

1856 1093 1985 1148 dum
2011 1094 2254 1149 ordinem
2280 1096 2634 1152 Melchisedee
2663 1098 2995 1155 sacerdotem
3024 1111 3387 1158 surrecmrum
3418 1119 3434 1157 :

1855 1196 1911 1241 et
1936 1201 2040 1241 non
2084 1188 2377 1243 secundum
2417 1188 2661 1244 ordinem
2693 1191 2910 1244 Aaron?
2952 1191 3150 1246 Etenim
3193 1196 3436 1249 translato

1853 1278 2156 1342 sacerdotio,
2186 1295 2386 1333 necesse
2410 1289 2484 1332 est
2511 1289 2566 1331 ut
2592 1278 2715 1349 legis
2744 1282 3009 1335 translatio
3036 1282 3128 1349 fiat
3154 1282 3336 1351 (Hebr.
3379 1284 3434 1338 7.

1854 1369 1967 1439 12).
1998 1371 2139 1439 Ergo
2156 1371 2407 1427 Servator
2432 1380 2616 1426 uoster
2641 1386 2881 1425 summus
2904 1381 2987 1426 est
3016 1373 3250 1442 pontifex
3283 1391 3297 1427 :
3327 1389 3435 1429 non

1854 1463 2063 1519 ratione
2097 1463 2392 1519 divinitatis
2436 1476 2569 1528 sum,
2612 1465 2704 1518 sed
2743 1464 2813 1517 ob
2859 1463 3078 1535 ﬁguram
3120 1466 3299 1521 carnis
3336 1483 3349 1519 :
3385 1468 3435 1521 in

1852 1556 2097 1623 supernis
2126 1555 2193 1611 ad
2221 1555 2496 1617 dexteram
2525 1556 2617 1610 Dei
2648 1555 2936 1611 considens
2965 1566 3183 1626 propter
3219 1571 3336 1622 nos,
3385 1569 3438 1615 ιιι

1851 1659 2093 1700 summus
2139 1645 2410 1716 pontifex,
2463 1644 2751 1701 secundum
2798 1646 3038 1702 ordinem
3085 1647 3438 1705 lleleltisedcc

1855 1738 2015 1809 (Ibid.
2045 1739 2101 1794 5.
2140 1737 2250 1809 ll).
2303 1739 2379 1793 De
2413 1753 2520 1809 quo
2560 1740 2723 1793 multa
2768 1739 2870 1793 diei
2910 1750 3147 1809 possent,
3179 1743 3274 1797 sed
3324 1758 3429 1797 nou

1850 1839 1977 1883 sunt
2016 1828 2172 1899 hujus
2214 1829 2336 1883 loci.
2381 1830 2631 1883 Animum
2679 1829 2892 1895 adhibe,
2929 1844 3130 1901 qumso.
3174 1832 3337 1888 Erant
3380 1835 3432 1888 in

1852 1920 1967 1990 lege
2003 1920 2169 1982 veteri
2208 1919 2650 1985 holocontomata,
2681 1935 2796 1977 erat
2833 1922 3147 1977 sacriﬁcium
3178 1939 3274 1994 pro
3303 1940 3431 1994 pee-

1849 2021 1990 2077 cato,
2019 2021 2135 2066 erat
2154 2011 2354 2069 oblatio
2384 2030 2398 2067 :
2424 2013 2678 2069 Servatur
2704 2023 2881 2067 autem
2909 2013 2995 2069 ubi
3027 2014 3077 2067 in
3105 2014 3246 2069 hunc
3271 2031 3432 2070 mun-

1849 2105 1976 2159 dum
2028 2105 2261 2169 advenit,
2319 2105 2595 2161 sacriﬁciis
2645 2105 2752 2159 illis
2795 2105 2992 2176 ﬁguras
3041 2106 3428 2174 referentibus,

1851 2195 2010 2251 ﬁnem
2036 2196 2280 2265 imponit,
2313 2197 2530 2266 proprio
2557 2210 2657 2251 suo
2684 2210 2910 2267 corpore
2939 2211 3035 2265 pro
3058 2197 3203 2251 omni
3230 2197 3432 2253 sacriﬁ-

1848 2292 1935 2345 cio
1958 2289 2262 2346 substituto.
2293 2290 2367 2345 De
2389 2304 2494 2361 quo
2521 2289 2753 2344 Paulus:
2783 2307 2803 2341 ι
2828 2290 2892 2344 Ει
2913 2290 3183 2361 ingressus
3205 2291 3257 2345 in
3279 2305 3434 2345 mun-

1849 2384 1998 2450 dum,
2024 2383 2152 2439 dicit
2178 2400 2193 2437 :
2224 2383 2550 2439 Sacriﬁcium
2578 2392 2634 2438 et
2658 2381 2980 2437 oblationem
3011 2383 3223 2438 noluisti
3260 2400 3274 2437 :
3303 2397 3427 2437 cor-

1850 2491 1950 2546 pus
1976 2485 2152 2531 autem
2187 2474 2379 2545 aptasd
2421 2473 2549 2529 mihi
2580 2490 2593 2526 :
2625 2472 3050 2530 holocautomata
3079 2482 3132 2528 et
3169 2488 3268 2544 pro
3306 2488 3433 2544 μεθ-ι

1849 2576 1970 2623 cato
2011 2582 2118 2623 non
2146 2564 2446 2636 postulasti.
2470 2564 2621 2620 Tunc
2643 2565 2774 2629 disi,
2804 2563 2943 2619 Ecce
2971 2565 3149 2630 venio,
3181 2565 3236 2620 in
3256 2565 3433 2635 capite

1851 2659 1967 2713 libri
1996 2657 2251 2726 scriptum
2275 2666 2357 2712 est
2381 2655 2450 2713 de
2477 2670 2565 2711 me
2598 2675 2617 2709 ι
2650 2655 2831 2725 (Hebr.
2863 2655 2948 2711 lo.
2979 2657 3129 2720 5,-7;
3162 2655 3307 2712 Psat.
3339 2656 3432 2712 39.

1851 2751 1903 2805 7.
1929 2751 2006 2821 8).
2028 2751 2219 2805 Paulus
2242 2765 2369 2819 ergo
2388 2764 2509 2803 cum
2536 2748 2604 2803 de
2624 2747 2935 2817 prophetico
2952 2763 3171 2803 munere
3191 2748 3429 2812 dixisset,

1849 2859 1951 2897 nec
1977 2857 2082 2897 non
2111 2840 2235 2896 illud
2264 2855 2494 2910 quoque,
2523 2839 2657 2894 Cum
2683 2838 2999 2893 sacriﬁcium
3029 2849 3081 2892 et
3108 2839 3431 2894 oblationem

1848 2946 1901 2988 et
1930 2950 2027 3005 pro
2053 2941 2272 3005 peccato
2297 2931 2654 3005 repudiasses,
2699 2939 2823 2985 tunc
2867 2929 2996 2997 dixi,
3044 2930 3185 2984 Ecce
3220 2931 3376 2985 venio
3414 2947 3430 2985 ε

1852 3003 1991 3083 tollit
2020 3003 2269 3095 primum,
2304 3034 2362 3078 ut
2395 3003 2690 3078 secundum
2730 3022 2980 3077 stabiliat.
3010 3024 3077 3077 At
3102 3022 3315 3077 ubinam
3342 3037 3431 3076 sa.

1851 3120 2105 3175 oriﬁcium
2154 3129 2209 3172 et
2264 3117 2462 3173 oblatio
2516 3116 2569 3170 in
2614 3129 2839 3184 corpore
2881 3112 3079 3169 Christi
3130 3114 3432 3168 invenitur?

1850 3207 2309 3277 Quemadmodum
2335 3204 2608 3275 apostolus
2632 3204 2824 3260 Paulus
2848 3212 3106 3260 testatur:
3142 3221 3164 3256 ι
3195 3204 3431 3259 Obsecro

1850 3317 1966 3367 vos,
2001 3302 2215 3366 fratres,
2250 3314 2345 3367 per
2382 3297 2800 3353 misericordiam
2833 3297 2927 3351 Dei
2956 3306 3018 3351 ut
3044 3308 3310 3367 tamquam
3338 3296 3428 3350 ﬁlii

1850 3392 2026 3445 dilecti
2081 3389 2365 3444 ambuletis
2427 3389 2479 3442 in
2542 3388 2761 3443 caritate
2810 3403 2823 3440 :
2883 3386 3326 3456 quemadmodum
3378 3398 3432 3441 et

1848 3482 2089 3537 Christus
2125 3480 2309 3537 dilexit
2336 3493 2468 3546 nos,-
2494 3487 2548 3534 et
2571 3479 2914 3548 semetipsum
2960 3493 3055 3547 pro
3084 3479 3238 3534 nobis
3281 3478 3432 3534 dedit

1848 3572 2164 3627 sacriﬁciqu
2184 3579 2240 3625 et
2258 3569 2577 3625 oblationem
2602 3569 2732 3634 Deo,
2764 3568 2817 3623 in
2848 3566 3065 3623 odorem
3097 3569 3376 3623 suavitatis
3406 3590 3425 3619 ι

1852 3665 2067 3736 (Ephes.
2114 3664 2169 3718 5.
2212 3665 2264 3718 Ι.
2306 3662 2385 3733 ⁸2).
2435 3662 2660 3733 Propter
2698 3670 2749 3716 te
2786 3659 3031 3716 Christus
3071 3675 3315 3715 summus
3349 3669 3431 3715 est

1851 3757 2091 3830 potitifex
2122 3772 2134 3808 :
2170 3763 2387 3823 propter
2411 3754 2644 3824 seipsum
2682 3750 2840 3808 Deus.
2880 3751 2996 3806 Noli
3029 3760 3237 3806 mutare
3262 3751 3421 3806 verba

1848 3847 1940 3901 Del
1985 3846 2115 3900 vivi.
2156 3846 2209 3899 lu
2251 3844 2484 3906 Patrem.
2531 3844 2745 3907 Filium,
2789 3852 2845 3898 et
2885 3842 3142 3912 Spiritum
3187 3855 3429 3896 sanetum

1849 3937 2142 4007 baptizatus
2165 3949 2223 3989 es
2254 3953 2267 3988 :
2293 3951 2391 3988 cur
2417 3934 2641 3987 sublatis
2670 3932 2973 3988 nominibus
2999 3931 3320 3997 viventibus,
3349 3932 3430 3987 in-

1848 4027 2000 4082 ducis
2030 4026 2245 4080 nomina
2272 4024 2568 4094 excogitata
2597 4024 2799 4087 dicens,
2828 4022 3093 4091 ingenitus
3119 4030 3174 4076 et
3199 4021 3429 4091 genitus,

1847 4127 2057 4172 creatus
2076 4127 2130 4172 et
2151 4116 2434 4181 increatns,
2457 4115 2545 4185 qui
2571 4128 2787 4183 semper
2804 4122 2886 4166 est
2909 4122 2964 4167 et
2982 4112 3071 4183 qui
3094 4126 3305 4179 semper
3324 4127 3431 4167 non

1847 4210 1965 4264 est?
1989 4208 2236 4265 Hmccine
2265 4207 2406 4262 Deus
2433 4205 2605 4261 inania
2637 4205 2797 4261 verba
2828 4205 3054 4260 tolerat?
3082 4204 3303 4261 Unicum
3332 4218 3432 4257 νος

1847 4300 2095 4356 cabulum
2124 4314 2245 4354 cum
2287 4297 2571 4367 aliquando
2608 4295 2865 4367 propheta
2908 4296 3232 4362 immutaret,
3268 4296 3430 4352 etiam

1846 4390 1915 4446 de
1944 4392 2048 4445 vita
2076 4388 2401 4459 periclitatus
2426 4397 2511 4443 est
2549 4405 2563 4442 :
2594 4387 2810 4444 attende
2847 4387 3002 4443 unius
3042 4386 3243 4443 vocula:
3270 4403 3398 4443 aecu

1847 4482 2131 4536 rationem.
2160 4478 2384 4548 Quidam
2415 4480 2793 4550 prophetarum
2823 4480 2984 4536 verba
3011 4479 3276 4550 imperitia
3302 4495 3430 4550 qua-

1846 4572 1967 4626 dam
1988 4570 2717 4640 appellabantsumptioncm,
2741 4578 2928 4639 λῆμμα,
2956 4571 3182 4626 Domini.
3201 4572 3271 4627 At
3291 4571 3431 4629 Deus

1846 4679 1942 4735 per
1966 4664 2252 4719 Jeremiam
2283 4683 2294 4715 :
2331 4681 2352 4714 ι
2384 4663 2443 4718 Si
2472 4664 2825 4733 interrogabit
2850 4672 2903 4719 te
2942 4663 3189 4734 populus,
3218 4664 3301 4718 vel
3340 4679 3429 4718 sa-

1845 4754 2056 4820 cerdos,
2086 4765 2176 4809 aut
2206 4757 2484 4824 propheta,
2524 4765 2576 4809 et
2611 4754 2810 4809 dixerit
2836 4752 2931 4807 tibi
2961 4772 2975 4807 :
3003 4754 3256 4820 Quaenam
3285 4767 3430 4809 sutu-

1846 4845 1979 4914 ptio,
2013 4846 2216 4912 ὶῆμμαῗ
2243 4844 2331 4900 dic
2379 4844 2506 4915 ipsis
2549 4861 2562 4897 :
2597 4844 2705 4899 Vos
2752 4844 2881 4898 estis
2923 4844 3155 4914 sumptio
3198 4843 3429 4899 Domini.

1846 4935 2065 5006 Rapiam
2091 4937 2235 4991 enim
2264 4950 2360 4990 vos
2389 4936 2653 5004 rapinam,
2682 4944 2736 4989 et
2757 4948 3001 5004 rumpam
3030 4948 3147 4999 vos,
3179 4947 3248 4989 ne
3276 4933 3431 4989 deiu-

1846 5042 1973 5096 ceps
2009 5027 2200 5082 dicatis
2228 5026 2586 5095 sumptionem
2620 5042 2640 5078 ›
2688 5022 2819 5095 (Ἱεν.
2861 5022 2951 5079 9.5.
3002 5022 3118 5093 33).
3158 5022 3215 5079 Si
3256 5023 3433 5096 itaque

1844 5134 2009 5173 unum
2040 5119 2261 5173 verbum
2286 5118 2613 5181 immutetur,
2640 5115 2778 5169 Deus
2799 5115 3191 5169 comminatur:
3221 5124 3277 5171 tu
3304 5131 3432 5171 vero

1844 5208 2305 5280 iutegerrimorum
2340 5200 2645 5277 dogmatum
2689 5205 3083 5261 accurationem
3131 5206 3433 5276 pervertis?

1843 5300 2017 5356 Patris
2046 5315 2239 5355 nomen
2266 5297 2663 5354 eireumscribis
2701 5316 2716 5352 :
2744 5297 2863 5352 Filii
2891 5297 3202 5369 dignitatem
3227 5298 3432 5355 inlicia~

1842 5391 1937 5458 ris,
1970 5392 2138 5446 sancti
2170 5390 2401 5461 Spiritus
2426 5388 2648 5460 gloriam
2676 5389 2940 5461 abrogas?
2965 5407 3091 5446 num
3119 5405 3306 5446 manus
3335 5388 3428 5443 Dei

1841 5485 2101 5556 effugies?
2128 5484 2302 5541 Grave
2343 5494 2425 5538 est
2470 5492 2526 5539 et
2570 5482 2845 5550 horribile,
2890 5485 3111 5539 verbum
3158 5482 3254 5537 Dei
3299 5480 3426 5545 vivi,

1842 5574 2055 5630 Domini
2086 5574 2181 5629 Dei
2207 5575 2400 5642 nostri,
2443 5583 2768 5645 pervertere.
2814 5572 2869 5630 Si
2910 5571 3071 5629 verba
3100 5570 3274 5639 aliqua
3307 5582 3428 5637 pcr-

1841 5677 2137 5731 vertantur,
2169 5666 2315 5721 Deus
2346 5666 2647 5738 indignatur
2679 5685 2694 5721 :
2721 5676 2778 5723 et
2801 5663 3134 5735 dogmatibus
3157 5658 3429 5714 subversis

1843 5772 1949 5816 non
1972 5758 2267 5817 irascetur?
2287 5758 2436 5817 Tune
2460 5762 2743 5823 Sen'atorc
2769 5755 3097 5831 sapientior?
3113 5760 3240 5835 tune
3260 5748 3431 5809 Evan-
