3982 6198
531 310 633 366 Ιοο7

531 428 671 499 gelio
695 422 1036 482 accuratior?
1061 419 1392 478 Pertimesee
1416 416 1672 489 judicium
1696 415 1790 471 Dei
1820 431 1834 468 :
1865 411 1992 468 illud
2017 421 2121 468 tre-

532 520 786 576 mendum
829 530 1024 571 nomen
1068 510 1374 574 reformida,
1421 507 1676 564 malitiam
1707 520 1978 570 aversare,
2013 517 2126 574 pte-

532 611 812 668 nitentiam
852 608 947 664 tibi
974 621 1234 679 propone,
1263 614 1318 659 et
1343 602 1475 658 [idcs
1499 601 1726 656 salutem
1756 598 1848 653 tibi
1875 595 2123 668 spondet.

537 698 853 758 Ptenitentia
880 697 1024 756 enim
1054 695 1283 753 salutem
1322 693 1484 766 parit.
1511 699 1568 748 et
1595 690 1683 758 iis,
1712 689 1803 761 qui
1841 687 1894 744 in
1933 687 2126 743 haeresi

545 801 842 858 versantur,
871 789 1070 862 quique
1095 787 1233 844 adeo
1262 787 1315 842 in
1343 784 1466 841 aliis
1492 781 1726 854 peccatis
1761 778 2088 836 volutantur.

605 885 662 942 6.
681 883 996 940 Pwnitentiw
1014 880 1212 937 laudes.
1233 879 1488 950 Martyres
1500 885 1550 930 et
1567 873 1737 946 angeli
1755 881 1902 928 orant
1923 889 2015 943 pro
2035 889 2128 926 no-

533 980 628 1034 bis.
675 1007 743 1020 --
795 972 1116 1033 Paznitentla
1153 970 1304 1028 radix
1346 969 1559 1041 pietatis
1596 975 1698 1022 est.
1731 965 2127 1034 iiesipiscamus

534 1087 686 1144 ergo,
715 1073 987 1142 Deumque
1016 1083 1113 1140 per
1159 1064 1523 1138 paenitentiam
1562 1074 1863 1120 exoremus,
1893 1066 1952 1112 ut
1990 1056 2126 1112 bella

535 1161 765 1226 auferat,
791 1159 1048 1216 barbaros
1081 1156 1408 1225 exStinguat,
1434 1150 1669 1208 hostium
1697 1147 2030 1204 incursiones
2058 1144 2126 1199 ad

536 1251 761 1306 nihilum
803 1249 1009 1320 redigat.
1035 1265 1050 1303 :
1074 1254 1133 1303 et
1174 1245 1330 1301 nobis
1354 1243 1602 1298 omnibus
1638 1240 1790 1295 bouis
1818 1239 1985 1294 libere
2025 1236 2126 1291 frui

535 1341 816 1398 concedat.
855 1337 986 1396 Cum
1005 1336 1130 1409 quis
1154 1351 1224 1392 ex
1244 1335 1425 1390 animo
1443 1333 1711 1406 pmnitens
1722 1331 1788 1384 ad
1817 1330 1984 1384 Deum
2007 1343 2128 1384 sese

538 1432 846 1499 contulerit,
872 1428 1184 1502 paenitentia
1218 1427 1382 1482 Deum
1411 1423 1698 1480 admodum
1717 1423 1910 1493 placat.
1933 1421 2129 1476 Exem—

540 1529 613 1599 pli
665 1527 834 1598 gratia
876 1541 893 1581 :
939 1523 1180 1595 peccavit
1225 1516 1514 1590 aliquando
1565 1517 1814 1589 populus,
1863 1514 2124 1584 paenituit,

538 1619 707 1682 ﬂevit,
737 1616 908 1688 inquit
936 1615 1077 1671 Deus
1103 1629 1121 1670 :
1151 1629 1174 1666 ι
1197 1610 1435 1668 Audiens
1448 1608 1628 1665 audivi
1647 1607 1904 1678 gemitum
1930 1603 2129 1675 Ephra-

538 1714 612 1766 im
640 1707 981 1764 Iamentantis
1007 1715 1062 1761 et
1082 1701 1348 1760 dicentis:
1375 1698 1658 1770 Castigasti
1683 1713 1790 1761 me,
1815 1696 2056 1761 Domine,
2075 1702 2132 1748 et

541 1816 648 1854 non
677 1796 992 1855 emendatus
1016 1809 1158 1860 sum,
1175 1792 1270 1849 sed
1297 1792 1466 1848 laetus
1488 1804 1607 1845 sum
1633 1789 1776 1844 velut
1814 1787 2012 1841 vitulus
2035 1800 2131 1855 pe-

545 1893 720 1946 tulans
749 1907 764 1945 :
791 1896 1045 1945 converte
1075 1901 1182 1949 me,
1209 1895 1262 1941 et
1285 1893 1572 1941 convertar
1598 1899 1621 1937 ι
1646 1881 1778 1954 (Jer.
1805 1881 1899 1937 3|.
1923 1880 2034 1950 18).
2067 1880 2132 1934 Et

541 1983 670 2052 quid
701 1982 843 2038 Deus
870 1979 938 2036 ad
963 1979 1177 2050 ipsum?
1208 1976 1285 2032 Eo
1319 1975 1456 2048 quod
1496 1989 1750 2029 sermones
1792 1971 1891 2026 mei
1933 1971 1987 2024 in
2021 1971 2131 2042 ipso

542 2085 684 2142 sunt,
711 2089 1027 2147 nequaquam
1071 2069 1372 2151 retprdabor
1397 2069 1532 2136 ejus,
1576 2076 1624 2122 et
1659 2065 1818 2137 ipsius
1865 2062 2134 2117 miserebor

546 2169 710 2242 (ibid.
749 2185 798 2223 υ.
833 2167 952 2238 29).
994 2165 1073 2224 Ne
1102 2165 1222 2237 quis
1248 2173 1300 2218 te
1332 2167 1674 2223 conterreat,
1699 2175 1805 2214 non
1834 2156 1993 2217 fatua,
2027 2169 2131 2208 non

545 2261 701 2317 cunei
753 2259 1122 2321 barbarorum,
1151 2265 1206 2311 et
1241 2253 1408 2310 densa
1437 2251 1626 2307 nebula
1659 2267 1673 2305 :
1705 2247 1915 2305 etiamsi
1953 2246 2135 2300 hostes

545 2354 715 2410 nostri
764 2349 1179 2408 innumerabiles
1222 2349 1329 2402 sint
1357 2343 1715 2408 multitudine,
1745 2340 1997 2398 defensor
2033 2353 2134 2392 no-

546 2456 661 2503 ster
690 2446 848 2516 longe
875 2442 1065 2507 fortior
1088 2449 1192 2497 est.
1239 2439 1298 2495 Si
1328 2437 1396 2493 de
1443 2435 1784 2491 multitudine
1833 2432 2134 2500 suspicans,

549 2539 766 2601 timeas,
800 2535 1024 2590 Eliszeus
1051 2531 1310 2603 prepheta
1359 2529 1449 2583 tibi
1479 2528 1628 2592 dicit,
1657 2524 1740 2580 Nc
1775 2533 1988 2585 metuas,
2021 2523 2137 2592 ptu-

546 2645 628 2683 res
654 2627 910 2682 nobiscum
935 2632 1080 2688 sunt;
1092 2638 1245 2694 quam
1267 2637 1382 2674 cum
1400 2619 1504 2674 illis
1529 2619 1608 2688 (ι.
1635 2618 1763 2689 Reg.
1793 2617 1848 2672 6.
1878 2617 1990 2685 l6).
2025 2614 2136 2669 Illic

547 2718 763 2789 quidem
801 2715 1149 2772 barbarorum
1193 2709 1496 2776 multitudo,
1526 2709 1613 2762 hic
1657 2705 1968 2776 angelorum
2006 2703 2136 2774 pha-

549 2809 672 2863 lans
703 2815 803 2862 est.
828 2804 958 2862 Nam
981 2819 1081 2875 pro
1107 2803 1206 2874 piis
1231 2801 1536 2856 hominibus
1559 2807 1614 2854 et
1633 2797 1902 2868 angelicus
1925 2795 2136 2850 exerci-

550 2909 638 2954 tus
687 2904 906 2968 pugnat,
926 2904 988 2950 'et
1026 2892 1402 2965 prophetarum
1429 2891 1649 2955 chorus,
1675 2897 1729 2944 et
1773 2886 2136 2958 apostolorum

549 2999 808 3062 potestas,
835 2997 890 3045 et
919 2997 1212 3060 martyrum
1236 2995 1445 3054 preces.
1488 2979 1607 3037 Noli
1637 2979 1779 3034 enim
1802 2977 2133 3042 existimare,

550 3095 818 3156 martyres
846 3090 1054 3136 tantum
1071 3091 1168 3149 pro
1191 3077 1346 3132 nobis
1363 3088 1520 3129 orare
1549 3087 1566 3126 :
1591 3073 1720 3143 quin
1754 3079 1808 3124 et
1825 3067 2020 3139 angeli,
2051 3081 2138 3122 re-

552 3177 652 3231 bus
684 3174 879 3230 nostris
905 3171 1165 3236 adversis,
1193 3183 1292 3239 pro
1342 3165 1499 3222 nobis
1541 3162 1935 3233 deprecantur;
1965 3172 2140 3228 neque

549 3268 726 3323 solum
753 3266 1127 3338 deprecantur,
1148 3259 1244 3316 sed
1275 3267 1330 3314 et
1361 3269 1677 3326 responsum
1705 3269 1736 3308 a
1766 3251 2006 3308 beneﬁce
2032 3250 2139 3304 Do-

551 3360 701 3412 mino
727 3357 1014 3427 accipiunt.
1037 3351 1326 3408 Zacharias
1351 3348 1609 3420 propheta
1635 3346 1709 3400 ait
1737 3363 1752 3400 :
1781 3363 1800 3396 ι
1829 3345 2140 3413 Etrespon-

551 3449 630 3503 dit
658 3448 898 3518 angelus,
912 3445 1002 3516 qui
1031 3441 1264 3513 loquitur
1294 3439 1346 3494 iu
1375 3445 1541 3503 me,et
1567 3436 1700 3491 dixit
1727 3434 1792 3489 ad
1823 3434 2136 3488 Dominums

556 3537 740 3610 (Zach.
765 3538 819 3592 l.
849 3536 906 3592 9.
929 3543 985 3590 et
1011 3529 1101 3605 η)
1129 3547 1147 3587 :
1176 3529 1301 3585 ιιωο
1350 3537 1528 3583 autem
1554 3525 1728 3596 angeli
1765 3523 1862 3579 luit
1881 3524 2138 3594 precatio.

563 3649 584 3683 s
622 3627 848 3684 Domine
873 3627 1225 3688 exercituum,
1252 3632 1526 3691 usquequo
1566 3625 1622 3672 tu
1652 3632 1758 3671 non
1799 3614 2141 3670 misereberis

555 3723 875 3784 Jerusalem,
905 3727 962 3775 et
989 3717 1198 3772 urbium
1217 3713 1374 3778 Iuda,
1400 3726 1536 3782 quas
1555 3709 1853 3782 despexisti
1870 3707 1894 3762 ?
1911 3707 2014 3763 Iste
2030 3707 2140 3777 jam

555 3813 978 3887 septuagesimus
1005 3803 1176 3865 annus
1207 3816 1310 3864 est.
1341 3825 1361 3860 ι
1386 3803 1524 3874 Quid
1563 3803 1758 3874 igitur?
1779 3801 2144 3873 repudiavitne

556 3910 702 3966 Deus
727 3907 1020 3964 orationem
1046 3901 1252 3974 angeli?
1274 3899 1489 3956 Minime
1520 3897 1572 3954 id
1601 3895 1840 3968 quidem.
1871 3894 2008 3963 Quid
2040 3894 2144 3964 igi-

557 4015 648 4059 tur
702 4001 941 4072 reSponsi
989 3995 1171 4053 dedit?
1197 3991 1497 4062 Respondit,
1531 3989 1725 4060 inquit,
1781 3987 2029 4042 Dominus
2077 3986 2145 4040 ad

557 4093 796 4165 angelum
815 4091 1096 4162 loquentem
1116 4087 1170 4140 in
1199 4101 1278 4140 me
1295 4084 1443 4139 verba
1469 4080 1809 4136 consolatoria
1827 4117 1845 4145 ,
1875 4086 1921 4132 et
1949 4093 2146 4132 sermo-

519 4203 648 4252 _nes
689 4182 1052 4241 consolatorios
1080 4177 1244 4249 (Ibid.
1277 4193 1325 4233 υ.
1369 4176 1484 4247 I3).
1534 4175 1893 4230 Obsecremus
1916 4185 2046 4242 ergo
2091 4178 2148 4225 et.

559 4293 661 4335 nos
705 4276 989 4333 Dominum
1025 4271 1358 4343 angelorum,
1388 4277 1442 4323 et
1479 4265 1676 4336 legabit
1705 4279 1867 4319 unum
1894 4278 1960 4318 ex
1987 4277 2149 4333 ange-

563 4372 628 4426 lis
657 4369 746 4441 qui
773 4377 935 4423 totam
960 4364 1272 4436 phalangem
1301 4359 1534 4412 hostium
1555 4354 1853 4425 dissipabit.
1883 4353 1995 4423 Ego
2017 4367 2148 4408 vero

561 4471 617 4516 et
642 4460 900 4531 picturam
925 4471 990 4510 es
1015 4468 1138 4510 cera
1165 4453 1355 4506 laetam
1375 4448 1639 4512 adamavi,
1662 4443 2145 4516 pietaterefertam.

563 4553 622 4607 In
668 4548 899 4619 imagine
928 4544 1034 4600 vidi
1073 4541 1357 4612 angelum,
1391 4537 1738 4593 barbarorum
1769 4535 1914 4590 illam
1949 4535 2146 4590 nubem

563 4641 932 4716 proﬂigantem
958 4633 1060 4710 (a),
1090 4633 1195 4687 vidi
1217 4630 1470 4686 barbaras
1497 4635 1682 4697 gentes
1723 4626 2066 4691 conculcari,
2093 4635 2150 4681 et

567 4733 821 4792 Davidcm
853 4744 978 4786 vere
996 4725 1298 4782 exclamare
1328 4737 1344 4776 :
1374 4717 1607 4793 Domine,
1619 4718 1672 4771 in
1687 4717 1887 4771 civitate
1911 4727 1999 4769 tua
2020 4717 2153 4769 ima-

630 4914 702 4975 (α)
739 4913 822 4961 mc
842 4907 981 4960 locus
998 4904 1209 4975 habetur
1228 4901 1280 4951 tn
1297 4891 2150 4975 seemssslnﬂtifsaaeﬁfg

569 4954 1069 5033 hiswv'erbi'stviggaet
1102 4954 1217 5018 aera
1233 4954 1496 5033 _per'f_usqm

1096 5015 1625 5100 messanae
1639 5015 2153 5100 enecasse:

568 5078 1080 5162 :g.*.;;*g‘.;n'.§;;'ia_segn
1101 5078 1273 5162 ενὸηιρ
1309 5078 1548 5162 noceas}
1581 5078 2155 5162 ξὲὲιεὲἑξξξὲἱρπθίίιίίὲ

571 5139 1075 5219 ἦῖιῖξξᾶὦῖἱῖἱιέιὶὶὶιῖἳ.
1091 5159 1196 5219 _Ego
1216 5157 1270 5219 et.
1284 5160 1348 5219 ea:
1367 5141 1700 5219 cera__fttsilem_
1709 5140 1966 5219 ﬁpigtut'glff
1983 5174 1998 5198 9
2023 5139 2155 5219 gllgd

568 5201 940 5284 mamilius.“
959 5201 1105 5284 quod
1136 5201 1440 5284 apuduoan.
1480 5201 1837 5284 Damascequ
1857 5209 1986 5284 lorat.
2028 5201 2058 5249 5
2089 5201 2155 5284 de

569 5261 1506 5343 imaginibus,.stlnierant'scripturant,
1523 5274 1607 5343 aut
1626 5265 1766 5343 apud
1776 5262 2072 5343 95121113112“:
2097 5261 2154 5322 Ι,

569 5321 1281 5409 i955“é72é§i_ai'namanesi
1292 5321 1599 5409 'tmaginem‘,’
1621 5321 1715 5398 aut.
1738 5325 1830 5374 hoc
1978 5321 2157 5373 Beure'.

571 5387 1196 5464 Ffts,hsct'iptufantAcerte
1231 5387 1532 5464 impressqm.
1563 5388 1747 5464 Graecis
1779 5387 1910 5464 enim
1940 5401 2158 5457 κηροτρεφε,

571 5449 858 5530 ᾧίῖιῖιτᾶήεὲί
876 5471 1027 5530 ,_qu:e
1048 5456 1101 5508 Iit
1126 5469 1190 5530 ex
1215 5449 1360 5530 ceris.
1379 5450 1794 5530 solebantnepniﬂ
1807 5459 1870 5530 ex
1881 5449 2033 5530 ggeris
2056 5449 2158 5530 pia:

573 5508 720 5591 ﬁlii;
731 5508 1324 5591 asserit-ituramjuurere
1343 5551 1360 5586 ε
1379 5523 1434 5564 ut
1453 5508 1797 5591 dmeLPlinius
1821 5508 1853 5556 ι.
1869 5509 2028 5591 35510.
2058 5509 2110 5591 1,
2138 5523 2153 5559 :

570 5575 714 5641 Egi-{3’
729 5575 932 5652 pingere
947 5595 1005 5632 ac
1028 5579 1318 5652 scripturam
1342 5577 1558 5652 utut-ere,
1577 5575 2159 5652 qgtis‘prinymeacagua:

574 5635 861 5710 $555,155
889 5649 1070 5710 constat
1095 5635 1336 5710 {quidam
1361 5635 1582 5706 Aristidis
1606 5635 2160 5710 inventumpfugnt‘iet

575 5692 746 5764 ίίἶίίῗι
761 5692 1400 5774 :vcaplviliv,"serihit_ceram
1424 5699 1580 5774 varios
1614 5695 1662 5742 in
1683 5692 1877 5743 colores
1895 5693 2158 5774 pigmentis

580 5758 781 5827 ὗ·ᾘίιῖἇὰ
806 5758 1078 5824 reddendas
1101 5765 1456 5823 similitudines,
1483 5758 1613 5808 unde
1646 5769 1847 5817 κηροχυτιῆ
1887 5761 1964 5804 est
1993 5766 2158 5806 ceram

1579 295 1848 355 INCERTI
1889 293 2166 382 IIOMILIA
2205 292 2297 347 DE
2337 291 2835 353 LEGISLATOBE.
3697 305 3774 361 gos

2237 413 2401 483 ginem
2427 414 2653 483 ipsorum
2689 415 2758 469 ad
2789 414 3002 470 nihilum
3027 416 3224 490 redigcs
3245 415 3418 490 (Psal.
3449 419 3540 474 72.
3559 420 3666 489 ‘20).
3697 422 3780 478 Sed

2235 514 2287 558 et
2314 519 2454 560 nunc
2481 505 2668 560 beatus
2693 505 2856 562 David
2883 505 2952 562 de
2967 507 3120 563 nobis
3135 508 3278 564 dicat
3308 526 3323 564 :
3355 509 3478 564 Fiat
3495 512 3575 565 via
3595 513 3782 582 ipsorum

2237 596 2452 651 tenebrat
2471 606 2518 651 et
2544 597 2722 669 lapsus
2737 637 2756 667 ,
2781 606 2829 654 et
2853 600 3062 672 angelus
3086 596 3298 656 Domini
3320 615 3643 674 persequatur
3674 607 3784 674 ipsos

2237 689 2410 760 (Psal.
2452 691 2543 747 54.
2567 693 2648 764 6).
2679 693 2818 749 Deus
2839 694 3014 749 varias
3040 695 3352 750 occasiones
3368 737 3383 759 ,
3410 707 3468 750 ut
3495 697 3668 752 hostes
3687 715 3782 767 pes-

2235 796 2354 836 sum
2401 791 2550 852 eant,
2581 797 2871 854 procurare
2899 784 3068 839 novit.
3119 786 3278 840 Acies
3320 785 3409 840 illa
3434 786 3782 852 Scnnacherib,

2235 875 2378 943 regis
2401 875 2768 946 Assyriorum,
2797 875 2986 946 ingens
3007 884 3144 945 erat,
3171 885 3227 930 et
3253 893 3389 930 unus
3425 877 3644 948 angelus
3670 879 3782 948 lega-

2236 973 2322 1018 tus
2352 974 2566 1020 centum
2591 965 2854 1035 octoginla
2883 965 3118 1036 quinque
3137 965 3300 1020 millia
3323 967 3558 1022 hostium
3580 979 3782 1039 prostra-

2235 1056 2311 1108 vit
2340 1055 2416 1126 (4.
2444 1055 2575 1128 Reg.-
2623 1054 2739 1126 I9).
2783 1055 2893 1114 Nos
2946 1055 3191 1112 homines
3243 1055 3494 1111 humanis
3531 1060 3782 1115 rationibus

2236 1146 2414 1200 omnia
2440 1153 2629 1200 eventa
2655 1147 2929 1212 metimur,
2959 1147 3344 1218 nobiscumque
3371 1148 3628 1202 dicimus:
3656 1149 3780 1216 Quid,

2237 1236 2282 1288 si
2334 1236 2387 1289 in
2433 1237 2632 1290 nostris
2659 1235 2898 1306 partibus
2923 1237 3100 1292 nullus
3126 1237 3282 1293 miles
3308 1239 3642 1294 inveniatur?
3663 1243 3780 1308 quid,

2236 1325 2281 1378 si
2314 1325 2618 1397 priusquam
2644 1328 2911 1382 exercitus
2937 1327 3046 1383 dux
3075 1328 3273 1395 veniat,
3301 1345 3491 1385 omnes
3537 1346 3628 1387 nos
3663 1333 3785 1387 deva-

2236 1416 2424 1471 stent?
2447 1415 2575 1487 quid
2599 1415 2896 1473 iaciemus?
2919 1417 3056 1474 Num
3072 1419 3232 1490 igitur
3247 1419 3371 1488 quia
3401 1429 3456 1474 tu
3488 1423 3781 1490 prtcveniris,

2239 1507 2595 1576 praevenietur
2625 1507 2802 1564 Deus?
2829 1525 2953 1564 num
2975 1510 3099 1580 quia
3127 1518 3182 1564 tu
3213 1525 3322 1564 non
3348 1511 3546 1581 ubique
3568 1528 3642 1578 es,
3673 1514 3784 1566 Deus

2239 1614 2344 1654 non
2374 1599 2568 1670 ubique
2603 1601 2721 1656 est?
2746 1616 2870 1656 num
2901 1601 3057 1673 igitur
3085 1603 3226 1658 Deus
3255 1603 3358 1658 hoc
3382 1604 3593 1675 quidem
3619 1616 3781 1675 potest,

2239 1691 2368 1746 illud
2395 1707 2522 1747 vero
2551 1708 2655 1748 non
2687 1694 2902 1763 potest?
2926 1695 3070 1750 Mare
3093 1695 3442 1751 inanimatum
3473 1697 3523 1752 ei
3544 1699 3783 1769 obtempe-

2239 1783 2396 1848 ravit,
2422 1792 2483 1838 et
2506 1783 2762 1840 demersit
2791 1803 2806 1839 :
2832 1785 2971 1840 bruti
3003 1787 3176 1855 pisces
3203 1801 3325 1843 sese
3351 1788 3630 1858 capiendos
3653 1790 3783 1844 Petm

2237 1873 2500 1941 obtulere,
2530 1885 2583 1930 et
2609 1877 2852 1946 angelus,
2883 1877 2927 1930 si
2955 1877 3090 1931 Dens
3126 1877 3371 1947 imperet,
3397 1893 3586 1935 ontncs
3609 1881 3775 1934 verita-

2240 1967 2308 2021 tis
2331 1966 2514 2024 hostes
2552 1985 2662 2024 non
2707 1968 2944 2024 funditus
2969 1970 3207 2026 delebit?
3257 1971 3367 2027 Nos
3403 1981 3598 2028 tantum
3639 1976 3786 2028 sobrie

2239 2067 2294 2113 et
2343 2060 2589 2116 modeste
2642 2061 2881 2116 vivamus
2913 2080 2927 2117 :
2960 2071 3165 2117 tantum
3195 2063 3361 2118 Deum
3393 2081 3632 2135 rogemus
3657 2068 3787 2136 eique

2239 2151 2620 2220 supplicemus.
2654 2151 2934 2221 Imperavit
2962 2153 3100 2224 apud
3127 2163 3340 2210 veteres
3367 2154 3474 2210 dux
3501 2158 3788 2226 praestantis.

2239 2244 2429 2307 simus,
2459 2256 2619 2311 quem
2651 2257 2750 2312 ego
2778 2244 3044 2298 communi
3075 2244 3290 2299 nomine
3317 2245 3554 2314 designo,
3575 2247 3792 2300 utomni-

2239 2330 2338 2386 bus
2369 2332 2667 2387 innotescat
2693 2350 2707 2386 :
2735 2333 2832 2388 fuit
2853 2373 2870 2400 ,
2897 2333 3272 2404 inquam,dux
3300 2336 3696 2406 alienigenarum
3723 2337 3793 2391 Si-

2238 2437 2357 2480 sara
2391 2423 2542 2494 (Iud.
2571 2425 2630 2494 4)
2663 2442 2676 2478 :
2709 2426 2862 2495 cujus
2899 2429 3057 2480 etiam
3089 2426 3256 2482 David
3283 2430 3603 2484 mentionem
3645 2429 3752 2482 facit
3780 2445 3791 2480 :

2243 2516 2357 2571 Fac
2384 2517 2510 2589 ipsis
2542 2518 2674 2571 sicut
2707 2516 2922 2572 Madian
2942 2528 2988 2572 et
3018 2519 3230 2582 Sisara,
3273 2522 3403 2574 sicut
3423 2519 3596 2575 Jabim
3635 2523 3682 2574 in
3709 2535 3797 2574 tor-

2240 2620 2382 2666 rente
2430 2608 2607 2666 Cisson
2633 2609 2807 2683 (Psal.
2835 2609 2926 2664 82.
2954 2609 3066 2680 I0).
3095 2609 3268 2666 Jabim
3320 2611 3534 2681 quidem
3574 2629 3662 2667 rex
3699 2621 3799 2666 erat

2240 2705 2659 2774 alienigenarum
2689 2719 2705 2758 :
2733 2703 2913 2759 Sisara
2938 2719 3067 2758 vero
3091 2703 3198 2759 dux
3227 2707 3522 2760 exercitus.
3545 2705 3694 2760 Erant
3717 2720 3799 2758 au-

2244 2807 2350 2854 tem
2382 2799 2480 2868 ipsi
2509 2812 2702 2853 currus
2737 2795 2898 2852 ferrei
2943 2797 3254 2868 octingenti,
3277 2805 3332 2852 et
3370 2812 3558 2852 manus
3597 2797 3798 2852 inﬁnita.

2244 2890 2480 2960 Populus
2497 2890 2674 2961 itaque
2692 2887 3001 2944 indecorum
3019 2889 3569 2960 extimuit,conspexit
3585 2890 3803 2960 ingentes

2245 2985 2362 3039 illas
2412 2984 2615 3052 copias,
2645 2991 2699 3037 et
2741 2981 3042 3038 exhorruit.
3084 2981 3219 3050 Quid
3247 2983 3406 3053 igitur
3433 2983 3804 3038 amantissimus

2244 3075 2520 3130 hominum
2564 3075 2701 3128 Deus
2740 3088 2838 3142 per
2881 3072 3271 3144 prophetissam
3326 3072 3586 3128 choram
3631 3072 3803 3127 defen-

2244 3170 2352 3223 sori
2372 3169 2584 3238 pietatis
2609 3167 2853 3223 indicat?
2881 3166 2965 3222 Ne
3002 3178 3215 3234 metuas,
3243 3167 3320 3222 ait
3350 3185 3366 3223 :
3407 3185 3521 3222 ecce
3562 3167 3704 3220 tradit
3727 3166 3806 3218 tibi

2243 3262 2412 3331 ipsum
2439 3240 2688 3314 Dominus
2713 3259 2766 3314 in
2804 3275 2984 3314 manus
3010 3267 3122 3313 tuas
3152 3257 3350 3332 (ludia.
3375 3259 3432 3314 4.
3467 3259 3576 3329 ii),
3597 3273 3689 3313 nec
3715 3265 3808 3311 erit

2248 3352 2454 3407 facinus
2481 3350 2607 3405 illud
2641 3366 2830 3405 manus
2857 3360 2962 3405 tua:
2983 3391 2999 3416 ,
3041 3349 3135 3405 sed
3165 3364 3354 3405 manus
3391 3350 3676 3404 muliebris.
3706 3348 3806 3402 Ad-

2246 3454 2414 3510 verte,
2443 3443 2712 3514 quomodo
2743 3445 2882 3499 Deus
2901 3443 3258 3514 arrogantiam
3298 3445 3553 3498 coercuit.
3582 3441 3684 3496 Viri
3715 3456 3807 3494 non

2247 3537 2630 3602 sustinuerant,
2661 3545 2715 3590 et
2737 3535 2928 3590 mulier
2950 3536 3244 3590 exercitum
3264 3533 3438 3589 duxit.
3464 3533 3720 3605 Ingressus
3736 3540 3808 3584 est

2243 3629 2422 3687 Sisara
2443 3627 2512 3682 ad
2538 3627 2838 3694 mulierem,
2869 3643 2988 3697 qua:
3015 3626 3130 3682 Jael
3154 3625 3454 3693 dicebatur,
3476 3638 3663 3683 etcum
3689 3632 3806 3678 aestu

2249 3720 2538 3785 laboraret,
2561 3735 2753 3790 aquam
2782 3721 2852 3774 ab
2881 3719 2991 3789 ipsa
3021 3719 3153 3789 petit
3183 3736 3198 3773 :
3228 3718 3318 3772 illa
3347 3734 3480 3774 vero
3516 3719 3592 3774 lac
3629 3718 3672 3773 ei
3698 3731 3807 3786 por-

2248 3811 2406 3866 rexit.
2461 3811 2594 3866 Vide
2616 3811 2929 3881 sapientiam
2957 3811 3216 3866 mulieris.
3244 3809 3377 3865 Cum
3406 3811 3546 3866 enim
3573 3811 3646 3864 Iac
3665 3808 3804 3864 refri-

2249 3901 2470 3972 gerandi
2506 3902 2612 3956 vim
2647 3901 2917 3968 obtineat,
2940 3911 2995 3956 et
3017 3915 3263 3956 somnum
3303 3904 3571 3969 conciliet,
3590 3901 3701 3956 ideo
3734 3901 3805 3952 lac

2251 3995 2350 4068 ipsi
2403 3995 2578 4062 atiert,
2605 4005 2662 4049 ut
2703 3995 2978 4064 Scriptura
3017 4008 3144 4048 vere
3187 3995 3516 4064 pronuntiat,
3537 4009 3647 4064 qua:
3690 3991 3754 4042 ait
3787 4005 3800 4040 :

2252 4094 2448 4160 Aquam
2475 4088 2538 4142 ab
2584 4088 2697 4160 ipsa
2730 4087 2898 4158 petiit,
2930 4096 2978 4140 et
3010 4087 3101 4141 illa
3125 4087 3203 4141 lac
3243 4086 3423 4140 obtulit
3450 4085 3603 4158 (Ibid.
3627 4101 3672 4138 tt.
3699 4081 3797 4146 l9),

2251 4194 2309 4240 ut
2329 4183 2486 4238 simul
2516 4190 2572 4238 et
2599 4181 2743 4236 sitim
2773 4180 3144 4250 restiugueret,
3176 4188 3232 4234 et
3271 4179 3597 4248 consopiret.
3628 4173 3802 4230 Deinde

2251 4277 2552 4333 dormiente
2576 4275 2894 4344 alienigena,
2937 4273 3164 4343 arripuit
3207 4272 3298 4326 illa
3325 4273 3520 4326 mulier
3544 4273 3730 4326 clavum
3756 4275 3800 4317 et

2252 4367 2524 4431 malleum,
2548 4374 2602 4421 et
2621 4364 2689 4419 ad
2719 4363 2926 4419 hostem
2949 4363 3200 4418 accurrit.
3230 4361 3361 4417 Vide
3381 4361 3677 4432 sapientiam
3697 4371 3797 4410 mu-

2253 4458 2418 4514 Iieris.
2448 4455 2556 4512 Cur
2579 4455 2665 4510 illa
2689 4471 2794 4510 non
2810 4454 2984 4526 potius
3002 4453 3236 4524 gladium
3258 4461 3351 4507 aut
3381 4452 3700 4513 Inaehtcram,
3719 4443 3797 4500 St‘d

2253 4549 2503 4621 paxillum
2536 4547 2796 4618 arripuit?
2838 4545 3106 4602 Metuebat
3126 4585 3141 4610 ,
3169 4545 3412 4609 scilicet,
3441 4554 3500 4599 ut
3528 4541 3717 4604 mulier,
3743 4552 3796 4590 ne

2255 4643 2344 4699 ille
2371 4649 2714 4710 experrectus
2757 4636 3183 4709 deprehenderet
3225 4636 3395 4703 illam,
3420 4634 3637 4706 gladium
3658 4642 3792 4685 manu

2255 4741 2546 4790 tenentem.
2575 4731 2728 4786 Hanc
2767 4730 2836 4784 ob
2876 4743 3091 4784 causam
3121 4727 3211 4782 illa
3248 4729 3454 4783 nullum
3480 4726 3621 4782 virile
3659 4721 3793 4776 telum

2257 4825 2503 4893 arripuit,
2532 4822 2627 4878 sed
2667 4821 2965 4877 institutum
3013 4819 3272 4874 muliebre
3297 4819 3595 4888 assumpsit.
3644 4812 3796 4868 Solent

2257 4921 2399 4977 enim
2423 4918 2678 4974 mulieres
2698 4915 2983 4970 succinctae
3013 4913 3265 4983 paxillum
3285 4911 3337 4966 in
3362 4914 3606 4981 parietem
3632 4917 3792 4978 pange-

2259 5029 2339 5079 re,
2363 5022 2418 5068 et
2441 5013 2518 5066 sic
2538 5025 2694 5066 suum
2717 5021 2852 5078 opus
2877 5007 3150 5075 suscipere
3177 5015 3229 5059 et
3248 5004 3490 5075 aggredi.
3522 5004 3638 5057 Rem
3666 4997 3792 5066 igitur

2257 5105 2362 5159 alia
2404 5103 2486 5157 via
2526 5101 2778 5164 instituit,
2803 5107 2858 5152 ut
2879 5107 3027 5152 extra
3057 5112 3270 5151 omnem
3297 5097 3637 5166 suspicionem
3659 5093 3783 5143 esset.

2260 5197 2394 5252 Cum
2419 5209 2545 5249 vero
2575 5193 2718 5247 Deus
2747 5188 3116 5253 auxiliaretur,
3145 5187 3236 5242 Dei
3262 5203 3475 5258 quoque
3503 5194 3622 5247 erat,
3650 5190 3782 5232 (ιι-πυ-

2261 5290 2369 5344 lum
2401 5285 2528 5341 illud
2549 5283 2617 5338 ad
2642 5283 2839 5338 exitum
2872 5279 3142 5334 deducere
3185 5296 3198 5332 :
3228 5294 3406 5348 neque
3429 5278 3564 5332 enim
3593 5264 3782 5326 mulieris

2263 5381 2367 5436 hoc
2415 5387 2740 5446 stratagema
2787 5381 2941 5439 erat,
2987 5371 3082 5425 sed
3116 5371 3210 5425 Dei
3237 5371 3510 5424 oraculum
3543 5367 3639 5421 ειη
3670 5372 3784 5413 manu

2264 5470 2488 5526 mulieris
2514 5467 2608 5522 erit
2649 5480 2783 5519 mors
2831 5476 2917 5518 tua
2963 5459 3161 5533 (Judic.
3182 5461 3233 5515 4.
3252 5460 3327 5532 9).
3360 5460 3499 5515 Deus
3547 5469 3659 5525 ergo
3692 5460 3784 5502 cum

2265 5628 2466 5693 tundere
2488 5629 2533 5675 et
2556 5621 2761 5686 liquare.
2784 5633 2809 5664 ι
2837 5623 2895 5693 tit
2916 5624 3082 5693 autem
3105 5603 3788 5693 huiusDucaeiiuot‘afﬂrstligin;

2265 5670 2734 5752 {Eiii'gsiui',bbees
2758 5681 2966 5744 pretium
2989 5686 3066 5727 est
3100 5670 3270 5728 uoiare
3315 5679 3386 5729 sic
3432 5678 3479 5726 in
3523 5678 3648 5725 textu
3666 5670 3790 5716 (nam

2267 5754 2396 5816 legi:
2427 5764 2490 5812 ip}:
2513 5762 2571 5798 ita".
2595 5762 2661 5807 τὴν
2680 5760 2870 5811 ιηςόχντον
2893 5755 3024 5806 “regis
3046 5752 3226 5802 ἠγάπησα,
