  <div class='ocr_page' id='page_1' title='image "/cluster/home/n/w/nwhite01/storage/ocr_20150623/56/hvd.32044048208490/402.png"; bbox 0 0 4050 6198; ppageno 0'>
   <div class='ocr_carea' id='block_1_1' title="bbox 1385 227 3510 300">
    <p class='ocr_par' dir='ltr' id='par_1_1' title="bbox 1385 227 3510 300">
     <span class='ocr_line' id='line_1_1' title="bbox 1385 227 3510 300; baseline 0.008 -19"><span class='ocrx_word' id='word_1_1' title='bbox 1385 227 1665 285; x_wconf 71' lang='lat' dir='ltr'>IIOMILIA</span> <span class='ocrx_word' id='word_1_2' title='bbox 1700 230 1786 285; x_wconf 85' lang='lat' dir='ltr'>DE</span> <span class='ocrx_word' id='word_1_3' title='bbox 1825 231 2324 295; x_wconf 73' lang='lat' dir='ltr'>LEGISLATORE.</span> <span class='ocrx_word' id='word_1_4' title='bbox 2866 240 2875 243; x_wconf 54' lang='grc'><strong><em>⁷</em></strong></span> <span class='ocrx_word' id='word_1_5' title='bbox 3402 243 3510 300; x_wconf 76' lang='lat'>608</span> 
     </span>
    </p>
   </div>
   <div class='ocr_carea' id='block_1_2' title="bbox 1938 351 3508 429">
    <p class='ocr_par' dir='ltr' id='par_1_2' title="bbox 1938 351 3508 429">
     <span class='ocr_line' id='line_1_2' title="bbox 1938 351 3508 429; baseline 0.005 -24"><span class='ocrx_word' id='word_1_6' title='bbox 1938 351 2166 409; x_wconf 84' lang='grc' dir='ltr'>διώκων</span> <span class='ocrx_word' id='word_1_7' title='bbox 2211 358 2451 423; x_wconf 82' lang='grc' dir='ltr'>αὐτούς.</span> <span class='ocrx_word' id='word_1_8' title='bbox 2489 352 2710 411; x_wconf 76' lang='grc' dir='ltr'>Οἱδεν“ό</span> <span class='ocrx_word' id='word_1_9' title='bbox 2756 356 2887 420; x_wconf 81' lang='grc' dir='ltr'>Θεὸς</span> <span class='ocrx_word' id='word_1_10' title='bbox 2932 357 3216 429; x_wconf 80' lang='grc' dir='ltr'>διαφόρους</span> <span class='ocrx_word' id='word_1_11' title='bbox 3254 358 3508 429; x_wconf 82' lang='grc' dir='ltr'>ἀφορμὰς</span> 
     </span>
    </p>
   </div>
   <div class='ocr_carea' id='block_1_3' title="bbox 252 220 361 283">
    <p class='ocr_par' dir='ltr' id='par_1_3' title="bbox 252 220 361 283">
     <span class='ocr_line' id='line_1_3' title="bbox 252 220 361 283; baseline -0.028 0"><span class='ocrx_word' id='word_1_12' title='bbox 252 220 361 283; x_wconf 70' lang='grc'>407</span> 
     </span>
    </p>
   </div>
   <div class='ocr_carea' id='block_1_4' title="bbox 254 335 1833 420">
    <p class='ocr_par' dir='ltr' id='par_1_4' title="bbox 254 335 1833 420">
     <span class='ocr_line' id='line_1_4' title="bbox 254 335 1833 420; baseline 0.006 -26"><span class='ocrx_word' id='word_1_13' title='bbox 254 335 412 408; x_wconf 86' lang='grc' dir='ltr'>Θεοῦ,</span> <span class='ocrx_word' id='word_1_14' title='bbox 455 339 725 414; x_wconf 81' lang='grc' dir='ltr'>φοϐήθητι</span> <span class='ocrx_word' id='word_1_15' title='bbox 755 342 933 398; x_wconf 86' lang='grc' dir='ltr'>ἐκεῖνο</span> <span class='ocrx_word' id='word_1_16' title='bbox 956 344 1018 399; x_wconf 90' lang='grc' dir='ltr'>τὸ</span> <span class='ocrx_word' id='word_1_17' title='bbox 1037 344 1265 417; x_wconf 82' lang='grc' dir='ltr'>φοϐερὸν</span> <span class='ocrx_word' id='word_1_18' title='bbox 1299 347 1490 420; x_wconf 79' lang='grc' dir='ltr'>ϐνομα,</span> <span class='ocrx_word' id='word_1_19' title='bbox 1516 349 1609 401; x_wconf 75' lang='grc' dir='ltr'>καὶ</span> <span class='ocrx_word' id='word_1_20' title='bbox 1634 348 1833 403; x_wconf 81' lang='grc' dir='ltr'>ἀπόδυ-</span> 
     </span>
    </p>
   </div>
   <div class='ocr_carea' id='block_1_5' title="bbox 256 440 3505 522">
    <p class='ocr_par' dir='ltr' id='par_1_5' title="bbox 256 440 3505 522">
     <span class='ocr_line' id='line_1_5' title="bbox 256 440 3505 522; baseline 0.003 -28"><span class='ocrx_word' id='word_1_21' title='bbox 256 457 350 495; x_wconf 87' lang='grc' dir='ltr'>σαι</span> <span class='ocrx_word' id='word_1_22' title='bbox 403 440 507 512; x_wconf 81' lang='grc' dir='ltr'>τὴν</span> <span class='ocrx_word' id='word_1_23' title='bbox 557 441 754 497; x_wconf 80' lang='grc' dir='ltr'>κακίαν</span> <span class='ocrx_word' id='word_1_24' title='bbox 776 482 792 508; x_wconf 92' lang='grc'>,</span> <span class='ocrx_word' id='word_1_25' title='bbox 832 444 925 498; x_wconf 77' lang='grc' dir='ltr'>καὶ</span> <span class='ocrx_word' id='word_1_26' title='bbox 967 445 1203 500; x_wconf 86' lang='grc' dir='ltr'>ἀνάλαϐε</span> <span class='ocrx_word' id='word_1_27' title='bbox 1248 447 1348 518; x_wconf 82' lang='grc' dir='ltr'>τὴν</span> <span class='ocrx_word' id='word_1_28' title='bbox 1391 449 1701 519; x_wconf 79' lang='grc' dir='ltr'>μετάνοιαν,</span> <span class='ocrx_word' id='word_1_29' title='bbox 1735 451 1833 504; x_wconf 78' lang='grc' dir='ltr'>καὶ</span> <span class='ocrx_word' id='word_1_30' title='bbox 1936 450 2241 517; x_wconf 81' lang='grc' dir='ltr'>παρασχεῖν</span> <span class='ocrx_word' id='word_1_31' title='bbox 2258 449 2395 518; x_wconf 87' lang='grc' dir='ltr'>πρὸς</span> <span class='ocrx_word' id='word_1_32' title='bbox 2413 448 2513 519; x_wconf 81' lang='grc' dir='ltr'>τὴν</span> <span class='ocrx_word' id='word_1_33' title='bbox 2534 448 2642 502; x_wconf 86' lang='grc' dir='ltr'>τῶν</span> <span class='ocrx_word' id='word_1_34' title='bbox 2666 448 2948 518; x_wconf 84' lang='grc' dir='ltr'>πολεμίων</span> <span class='ocrx_word' id='word_1_35' title='bbox 2962 447 3299 519; x_wconf 86' lang='grc' dir='ltr'>καθαίρεσιν.</span> <span class='ocrx_word' id='word_1_36' title='bbox 3327 450 3505 522; x_wconf 83' lang='grc' dir='ltr'>Πολλὴ</span> 
     </span>
    </p>
   </div>
   <div class='ocr_carea' id='block_1_6' title="bbox 253 532 3507 623">
    <p class='ocr_par' dir='ltr' id='par_1_6' title="bbox 253 532 3507 623">
     <span class='ocr_line' id='line_1_6' title="bbox 253 532 3507 623; baseline 0.003 -29"><span class='ocrx_word' id='word_1_37' title='bbox 253 541 524 610; x_wconf 70' lang='grc' dir='ltr'>ἐγγυᾶταί</span> <span class='ocrx_word' id='word_1_38' title='bbox 558 545 707 614; x_wconf 83' lang='grc' dir='ltr'>σουὴ</span> <span class='ocrx_word' id='word_1_39' title='bbox 737 544 921 608; x_wconf 86' lang='grc' dir='ltr'>πίστις</span> <span class='ocrx_word' id='word_1_40' title='bbox 958 547 1059 617; x_wconf 88' lang='grc' dir='ltr'>τὴν</span> <span class='ocrx_word' id='word_1_41' title='bbox 1093 548 1387 618; x_wconf 82' lang='grc' dir='ltr'>σωτηρίαν.</span> <span class='ocrx_word' id='word_1_42' title='bbox 1418 549 1694 605; x_wconf 85' lang='grc' dir='ltr'>Μετάνοια</span> <span class='ocrx_word' id='word_1_43' title='bbox 1720 551 1831 623; x_wconf 84' lang='grc' dir='ltr'>γάρ</span> <span class='ocrx_word' id='word_1_44' title='bbox 1932 532 2001 608; x_wconf 76' lang='grc' dir='ltr'>ἦν</span> <span class='ocrx_word' id='word_1_45' title='bbox 2031 540 2064 608; x_wconf 68' lang='grc' dir='ltr'>ἡ</span> <span class='ocrx_word' id='word_1_46' title='bbox 2096 540 2401 609; x_wconf 79' lang='grc' dir='ltr'>παράταξις</span> <span class='ocrx_word' id='word_1_47' title='bbox 2437 540 2532 593; x_wconf 69' lang='grc' dir='ltr'>τοῦ</span> <span class='ocrx_word' id='word_1_48' title='bbox 2568 540 2910 610; x_wconf 75' lang='grc' dir='ltr'>Σενναχηρὶμ</span> <span class='ocrx_word' id='word_1_49' title='bbox 2938 539 3202 609; x_wconf 74' lang='grc' dir='ltr'>βασιλέως</span> <span class='ocrx_word' id='word_1_50' title='bbox 3234 540 3343 593; x_wconf 76' lang='grc' dir='ltr'>τῶν</span> <span class='ocrx_word' id='word_1_51' title='bbox 3381 542 3507 594; x_wconf 82' lang='grc' dir='ltr'>Ἀσ-</span> 
     </span>
    </p>
   </div>
   <div class='ocr_carea' id='block_1_7' title="bbox 1934 628 3506 703">
    <p class='ocr_par' dir='ltr' id='par_1_7' title="bbox 1934 628 3506 703">
     <span class='ocr_line' id='line_1_7' title="bbox 1934 628 3506 703; baseline 0.002 -22"><span class='ocrx_word' id='word_1_52' title='bbox 1934 630 2155 699; x_wconf 88' lang='grc' dir='ltr'>συρίων,</span> <span class='ocrx_word' id='word_1_53' title='bbox 2203 631 2297 683; x_wconf 80' lang='grc' dir='ltr'>καὶ</span> <span class='ocrx_word' id='word_1_54' title='bbox 2345 628 2428 694; x_wconf 73' lang='grc' dir='ltr'>εἷς</span> <span class='ocrx_word' id='word_1_55' title='bbox 2461 630 2687 699; x_wconf 78' lang='grc' dir='ltr'>ἄγγελος</span> <span class='ocrx_word' id='word_1_56' title='bbox 2723 631 3046 693; x_wconf 73' lang='grc' dir='ltr'>ἀποσταλεὶς</span> <span class='ocrx_word' id='word_1_57' title='bbox 3088 630 3280 683; x_wconf 78' lang='grc' dir='ltr'>ἑκατὸν</span> <span class='ocrx_word' id='word_1_58' title='bbox 3324 632 3506 703; x_wconf 81' lang='grc' dir='ltr'>ὀγδοή-</span> 
     </span>
    </p>
   </div>
   <div class='ocr_carea' id='block_1_8' title="bbox 1849 721 3503 793">
    <p class='ocr_par' dir='ltr' id='par_1_8' title="bbox 1849 721 3503 793">
     <span class='ocr_line' id='line_1_8' title="bbox 1849 721 3503 793; baseline 0.004 -23"><span class='ocrx_word' id='word_1_59' title='bbox 1849 722 1887 793; x_wconf 54' lang='grc' dir='ltr'>,ξ</span> <span class='ocrx_word' id='word_1_60' title='bbox 1930 738 2097 775; x_wconf 87' lang='grc' dir='ltr'>κοντα</span> <span class='ocrx_word' id='word_1_61' title='bbox 2141 721 2301 775; x_wconf 80' lang='grc' dir='ltr'>πέντε</span> <span class='ocrx_word' id='word_1_62' title='bbox 2341 722 2581 793; x_wconf 83' lang='grc' dir='ltr'>χιλιάδας</span> <span class='ocrx_word' id='word_1_63' title='bbox 2605 722 2896 793; x_wconf 72' lang='grc' dir='ltr'>ἔστρωσεν.</span> <span class='ocrx_word' id='word_1_64' title='bbox 2937 722 3125 792; x_wconf 84' lang='grc' dir='ltr'>Ἡμεῖς</span> <span class='ocrx_word' id='word_1_65' title='bbox 3149 724 3197 775; x_wconf 70' lang='lat' dir='ltr'>oi</span> <span class='ocrx_word' id='word_1_66' title='bbox 3227 722 3503 792; x_wconf 82' lang='grc' dir='ltr'>ἄνθρωποι</span> 
     </span>
    </p>
   </div>
   <div class='ocr_carea' id='block_1_9' title="bbox 1843 784 3500 883">
    <p class='ocr_par' dir='ltr' id='par_1_9' title="bbox 1843 784 3500 883">
     <span class='ocr_line' id='line_1_9' title="bbox 1843 784 3500 883; baseline 0.031 -67"><span class='ocrx_word' id='word_1_67' title='bbox 1843 784 1891 823; x_wconf 53' lang='grc' dir='ltr'>ιτς</span> <span class='ocrx_word' id='word_1_68' title='bbox 1929 811 2288 882; x_wconf 63' lang='grc' dir='ltr'>ἀνθρωπίνοις</span> <span class='ocrx_word' id='word_1_69' title='bbox 2335 784 2615 883; x_wconf 50' lang='grc' dir='ltr'>ῑογισμοῖς</span> <span class='ocrx_word' id='word_1_70' title='bbox 2653 784 2958 883; x_wconf 70' lang='grc' dir='ltr'>μέτροΰμεν</span> <span class='ocrx_word' id='word_1_71' title='bbox 2998 784 3065 866; x_wconf 80' lang='grc' dir='ltr'>τὰ</span> <span class='ocrx_word' id='word_1_72' title='bbox 3113 784 3500 883; x_wconf 78' lang='grc' dir='ltr'>συμϐαίνοντα,</span> 
     </span>
    </p>
   </div>
   <div class='ocr_carea' id='block_1_10' title="bbox 253 642 1830 718">
    <p class='ocr_par' dir='ltr' id='par_1_10' title="bbox 253 642 1830 718">
     <span class='ocr_line' id='line_1_10' title="bbox 253 642 1830 718; baseline 0.007 -22"><span class='ocrx_word' id='word_1_73' title='bbox 253 642 531 714; x_wconf 80' lang='grc' dir='ltr'>σωτηρίαν</span> <span class='ocrx_word' id='word_1_74' title='bbox 546 646 704 709; x_wconf 81' lang='grc' dir='ltr'>ποιεῖ,</span> <span class='ocrx_word' id='word_1_75' title='bbox 729 646 822 698; x_wconf 80' lang='grc' dir='ltr'>καὶ</span> <span class='ocrx_word' id='word_1_76' title='bbox 843 645 951 700; x_wconf 88' lang='grc' dir='ltr'>τῶν</span> <span class='ocrx_word' id='word_1_77' title='bbox 971 647 1029 701; x_wconf 82' lang='grc' dir='ltr'>ἐν</span> <span class='ocrx_word' id='word_1_78' title='bbox 1053 647 1284 718; x_wconf 78' lang='grc' dir='ltr'>αἱρέσει,</span> <span class='ocrx_word' id='word_1_79' title='bbox 1308 649 1532 704; x_wconf 75' lang='grc' dir='ltr'>καὶτῶν</span> <span class='ocrx_word' id='word_1_80' title='bbox 1550 652 1609 706; x_wconf 79' lang='grc' dir='ltr'>ἐν</span> <span class='ocrx_word' id='word_1_81' title='bbox 1632 655 1830 717; x_wconf 84' lang='grc' dir='ltr'>κακαῖς</span> 
     </span>
    </p>
   </div>
   <div class='ocr_carea' id='block_1_11' title="bbox 251 741 904 813">
    <p class='ocr_par' dir='ltr' id='par_1_11' title="bbox 251 741 904 813">
     <span class='ocr_line' id='line_1_11' title="bbox 251 741 904 813; baseline 0.008 -19"><span class='ocrx_word' id='word_1_82' title='bbox 251 741 487 813; x_wconf 82' lang='grc' dir='ltr'>πράξεσι</span> <span class='ocrx_word' id='word_1_83' title='bbox 508 744 904 813; x_wconf 81' lang='grc' dir='ltr'>τυγχανόντων.</span> 
     </span>
    </p>
   </div>
   <div class='ocr_carea' id='block_1_12' title="bbox 326 842 1826 925">
    <p class='ocr_par' dir='ltr' id='par_1_12' title="bbox 326 842 1826 925">
     <span class='ocr_line' id='line_1_12' title="bbox 326 842 1826 925; baseline 0.009 -29"><span class='ocrx_word' id='word_1_84' title='bbox 326 847 401 907; x_wconf 82' lang='grc' dir='ltr'>ς’.</span> <span class='ocrx_word' id='word_1_85' title='bbox 437 842 718 898; x_wconf 83' lang='grc' dir='ltr'>Μετάνοια</span> <span class='ocrx_word' id='word_1_86' title='bbox 741 845 873 915; x_wconf 77' lang='grc' dir='ltr'>ῥίζα</span> <span class='ocrx_word' id='word_1_87' title='bbox 893 847 1222 914; x_wconf 76' lang='grc' dir='ltr'>θεοσεϐείας.</span> <span class='ocrx_word' id='word_1_88' title='bbox 1254 852 1698 925; x_wconf 83' lang='grc' dir='ltr'>Μετανοήσωμεν</span> <span class='ocrx_word' id='word_1_89' title='bbox 1732 852 1826 910; x_wconf 81' lang='grc' dir='ltr'>οῦν</span> 
     </span>
    </p>
   </div>
   <div class='ocr_carea' id='block_1_13' title="bbox 252 938 1826 1022">
    <p class='ocr_par' dir='ltr' id='par_1_13' title="bbox 252 938 1826 1022">
     <span class='ocr_line' id='line_1_13' title="bbox 252 938 1826 1022; baseline 0.011 -31"><span class='ocrx_word' id='word_1_90' title='bbox 252 939 346 993; x_wconf 77' lang='grc' dir='ltr'>καὶ</span> <span class='ocrx_word' id='word_1_91' title='bbox 395 938 804 1012; x_wconf 84' lang='grc' dir='ltr'>δυσωπήσωμεν</span> <span class='ocrx_word' id='word_1_92' title='bbox 844 942 935 997; x_wconf 83' lang='grc' dir='ltr'>τὸν</span> <span class='ocrx_word' id='word_1_93' title='bbox 972 944 1105 998; x_wconf 83' lang='grc' dir='ltr'>Θεὸν</span> <span class='ocrx_word' id='word_1_94' title='bbox 1147 949 1214 1018; x_wconf 78' lang='grc' dir='ltr'>τῇ</span> <span class='ocrx_word' id='word_1_95' title='bbox 1260 950 1551 1022; x_wconf 78' lang='grc' dir='ltr'>μετανοίᾳ,</span> <span class='ocrx_word' id='word_1_96' title='bbox 1597 952 1684 1005; x_wconf 82' lang='grc' dir='ltr'>ἵνα</span> <span class='ocrx_word' id='word_1_97' title='bbox 1729 954 1826 1009; x_wconf 73' lang='grc' dir='ltr'>καὶ</span> 
     </span>
    </p>
   </div>
   <div class='ocr_carea' id='block_1_14' title="bbox 252 1043 1824 1129">
    <p class='ocr_par' dir='ltr' id='par_1_14' title="bbox 252 1043 1824 1129">
     <span class='ocr_line' id='line_1_14' title="bbox 252 1043 1824 1129; baseline 0.01 -34"><span class='ocrx_word' id='word_1_98' title='bbox 252 1043 524 1114; x_wconf 82' lang='grc' dir='ltr'>πολέμους</span> <span class='ocrx_word' id='word_1_99' title='bbox 553 1046 815 1119; x_wconf 78' lang='grc' dir='ltr'>ἀφανίσῃ,</span> <span class='ocrx_word' id='word_1_100' title='bbox 858 1050 951 1104; x_wconf 74' lang='grc' dir='ltr'>καὶ</span> <span class='ocrx_word' id='word_1_101' title='bbox 984 1050 1290 1123; x_wconf 87' lang='grc' dir='ltr'>βαρϐάρους</span> <span class='ocrx_word' id='word_1_102' title='bbox 1336 1054 1531 1129; x_wconf 82' lang='grc' dir='ltr'>σϐέσῃ,</span> <span class='ocrx_word' id='word_1_103' title='bbox 1579 1056 1675 1109; x_wconf 77' lang='grc' dir='ltr'>καὶ</span> <span class='ocrx_word' id='word_1_104' title='bbox 1714 1057 1824 1110; x_wconf 91' lang='grc' dir='ltr'>τῶν</span> 
     </span>
    </p>
   </div>
   <div class='ocr_carea' id='block_1_15' title="bbox 251 1143 1823 1229">
    <p class='ocr_par' dir='ltr' id='par_1_15' title="bbox 251 1143 1823 1229">
     <span class='ocr_line' id='line_1_15' title="bbox 251 1143 1823 1229; baseline 0.011 -33"><span class='ocrx_word' id='word_1_105' title='bbox 251 1143 467 1217; x_wconf 82' lang='grc' dir='ltr'>ἐχθρῶν</span> <span class='ocrx_word' id='word_1_106' title='bbox 511 1146 610 1210; x_wconf 82' lang='grc' dir='ltr'>τὰς</span> <span class='ocrx_word' id='word_1_107' title='bbox 658 1148 1052 1214; x_wconf 70' lang='grc' dir='ltr'>ἐπαναστάσεις</span> <span class='ocrx_word' id='word_1_108' title='bbox 1095 1151 1340 1228; x_wconf 79' lang='grc' dir='ltr'>θραύσῃ,</span> <span class='ocrx_word' id='word_1_109' title='bbox 1384 1156 1479 1210; x_wconf 75' lang='grc' dir='ltr'>καὶ</span> <span class='ocrx_word' id='word_1_110' title='bbox 1526 1156 1638 1228; x_wconf 83' lang='grc' dir='ltr'>δῴη</span> <span class='ocrx_word' id='word_1_111' title='bbox 1691 1159 1823 1229; x_wconf 79' lang='grc' dir='ltr'>ημῖν</span> 
     </span>
    </p>
   </div>
   <div class='ocr_carea' id='block_1_16' title="bbox 253 1244 1820 1325">
    <p class='ocr_par' dir='ltr' id='par_1_16' title="bbox 253 1244 1820 1325">
     <span class='ocr_line' id='line_1_16' title="bbox 253 1244 1820 1325; baseline 0.011 -30"><span class='ocrx_word' id='word_1_112' title='bbox 253 1244 475 1298; x_wconf 89' lang='grc' dir='ltr'>πάντων</span> <span class='ocrx_word' id='word_1_113' title='bbox 498 1244 608 1299; x_wconf 86' lang='grc' dir='ltr'>τῶν</span> <span class='ocrx_word' id='word_1_114' title='bbox 640 1246 862 1316; x_wconf 80' lang='grc' dir='ltr'>ἀγαθῶν</span> <span class='ocrx_word' id='word_1_115' title='bbox 892 1248 991 1320; x_wconf 80' lang='grc' dir='ltr'>τὴν</span> <span class='ocrx_word' id='word_1_116' title='bbox 1020 1250 1334 1307; x_wconf 84' lang='grc' dir='ltr'>ἀπόλαυσιν.</span> <span class='ocrx_word' id='word_1_117' title='bbox 1378 1255 1519 1310; x_wconf 81' lang='grc' dir='ltr'>Πολὺ</span> <span class='ocrx_word' id='word_1_118' title='bbox 1569 1257 1702 1310; x_wconf 83' lang='grc' dir='ltr'>Θεὸν</span> <span class='ocrx_word' id='word_1_119' title='bbox 1730 1259 1820 1325; x_wconf 82' lang='grc' dir='ltr'>ἐξ·</span> 
     </span>
    </p>
   </div>
   <div class='ocr_carea' id='block_1_17' title="bbox 253 1343 1817 1432">
    <p class='ocr_par' dir='ltr' id='par_1_17' title="bbox 253 1343 1817 1432">
     <span class='ocr_line' id='line_1_17' title="bbox 253 1343 1817 1432; baseline 0.011 -37"><span class='ocrx_word' id='word_1_120' title='bbox 253 1343 494 1399; x_wconf 84' lang='grc' dir='ltr'>ιλεοῦται</span> <span class='ocrx_word' id='word_1_121' title='bbox 528 1347 815 1416; x_wconf 85' lang='grc' dir='ltr'>μετάνοια,</span> <span class='ocrx_word' id='word_1_122' title='bbox 850 1350 978 1404; x_wconf 80' lang='grc' dir='ltr'>ὅταν</span> <span class='ocrx_word' id='word_1_123' title='bbox 1018 1369 1103 1414; x_wconf 91' lang='grc' dir='ltr'>τις</span> <span class='ocrx_word' id='word_1_124' title='bbox 1126 1353 1363 1425; x_wconf 82' lang='grc' dir='ltr'>γνησίως</span> <span class='ocrx_word' id='word_1_125' title='bbox 1400 1357 1725 1432; x_wconf 82' lang='grc' dir='ltr'>προσδράμῃ</span> <span class='ocrx_word' id='word_1_126' title='bbox 1752 1361 1817 1431; x_wconf 80' lang='grc' dir='ltr'>τῇ</span> 
     </span>
    </p>
   </div>
   <div class='ocr_carea' id='block_1_18' title="bbox 254 1440 1820 1526">
    <p class='ocr_par' dir='ltr' id='par_1_18' title="bbox 254 1440 1820 1526">
     <span class='ocr_line' id='line_1_18' title="bbox 254 1440 1820 1526; baseline 0.011 -35"><span class='ocrx_word' id='word_1_127' title='bbox 254 1441 528 1513; x_wconf 81' lang='grc' dir='ltr'>μετανοίᾳ.</span> <span class='ocrx_word' id='word_1_128' title='bbox 557 1440 681 1497; x_wconf 78' lang='grc' dir='ltr'>υἷόν</span> <span class='ocrx_word' id='word_1_129' title='bbox 705 1462 759 1498; x_wconf 91' lang='grc' dir='ltr'>τι</span> <span class='ocrx_word' id='word_1_130' title='bbox 787 1445 928 1514; x_wconf 89' lang='grc' dir='ltr'>λέγω</span> <span class='ocrx_word' id='word_1_131' title='bbox 945 1461 959 1475; x_wconf 87' lang='grc'><strong>·</strong></span> <span class='ocrx_word' id='word_1_132' title='bbox 991 1447 1242 1519; x_wconf 85' lang='grc' dir='ltr'>Ἤμαρτέ</span> <span class='ocrx_word' id='word_1_133' title='bbox 1266 1466 1395 1504; x_wconf 89' lang='grc' dir='ltr'>ποτε</span> <span class='ocrx_word' id='word_1_134' title='bbox 1423 1453 1452 1504; x_wconf 92' lang='lat'>6</span> <span class='ocrx_word' id='word_1_135' title='bbox 1480 1450 1604 1517; x_wconf 88' lang='grc' dir='ltr'>λαὸς</span> <span class='ocrx_word' id='word_1_136' title='bbox 1624 1457 1671 1519; x_wconf 80' lang='grc'>⁸,</span> <span class='ocrx_word' id='word_1_137' title='bbox 1698 1472 1820 1526; x_wconf 84' lang='grc' dir='ltr'>μετ-</span> 
     </span>
    </p>
   </div>
   <div class='ocr_carea' id='block_1_19' title="bbox 249 1539 1818 1623">
    <p class='ocr_par' dir='ltr' id='par_1_19' title="bbox 249 1539 1818 1623">
     <span class='ocr_line' id='line_1_19' title="bbox 249 1539 1818 1623; baseline 0.011 -30"><span class='ocrx_word' id='word_1_138' title='bbox 249 1539 438 1612; x_wconf 81' lang='grc' dir='ltr'>ενόησε</span> <span class='ocrx_word' id='word_1_139' title='bbox 467 1542 563 1596; x_wconf 73' lang='grc' dir='ltr'>καὶ</span> <span class='ocrx_word' id='word_1_140' title='bbox 583 1543 864 1615; x_wconf 84' lang='grc' dir='ltr'>ἐδάκρυσε,</span> <span class='ocrx_word' id='word_1_141' title='bbox 887 1547 1035 1616; x_wconf 82' lang='grc' dir='ltr'>λέγει</span> <span class='ocrx_word' id='word_1_142' title='bbox 1063 1550 1091 1601; x_wconf 99' lang='lat'>6</span> <span class='ocrx_word' id='word_1_143' title='bbox 1118 1548 1251 1612; x_wconf 90' lang='grc' dir='ltr'>Θεός</span> <span class='ocrx_word' id='word_1_144' title='bbox 1269 1566 1285 1581; x_wconf 79' lang='grc' dir='ltr'><strong><em>ο</em></strong></span> <span class='ocrx_word' id='word_1_145' title='bbox 1301 1551 1556 1606; x_wconf 85' lang='grc' dir='ltr'>Ἀκούων</span> <span class='ocrx_word' id='word_1_146' title='bbox 1579 1553 1818 1623; x_wconf 77' lang='grc' dir='ltr'>ἤκουσα</span> 
     </span>
    </p>
   </div>
   <div class='ocr_carea' id='block_1_20' title="bbox 248 1641 1818 1726">
    <p class='ocr_par' dir='ltr' id='par_1_20' title="bbox 248 1641 1818 1726">
     <span class='ocr_line' id='line_1_20' title="bbox 248 1641 1818 1726; baseline 0.01 -31"><span class='ocrx_word' id='word_1_147' title='bbox 248 1641 355 1696; x_wconf 86' lang='grc' dir='ltr'>τοῦ</span> <span class='ocrx_word' id='word_1_148' title='bbox 393 1645 730 1715; x_wconf 79' lang='grc' dir='ltr'>στεναγμοῦ</span> <span class='ocrx_word' id='word_1_149' title='bbox 758 1646 1003 1718; x_wconf 71' lang='grc' dir='ltr'>Ἕφραῒμ</span> <span class='ocrx_word' id='word_1_150' title='bbox 1020 1689 1036 1713; x_wconf 92' lang='grc'>,</span> <span class='ocrx_word' id='word_1_151' title='bbox 1067 1649 1428 1721; x_wconf 82' lang='grc' dir='ltr'>ὀδυρομένου</span> <span class='ocrx_word' id='word_1_152' title='bbox 1465 1652 1566 1707; x_wconf 81' lang='grc' dir='ltr'>καί</span> <span class='ocrx_word' id='word_1_153' title='bbox 1609 1655 1818 1726; x_wconf 71' lang='grc' dir='ltr'>λέγον-</span> 
     </span>
    </p>
   </div>
   <div class='ocr_carea' id='block_1_21' title="bbox 246 1743 1811 1823">
    <p class='ocr_par' dir='ltr' id='par_1_21' title="bbox 246 1743 1811 1823">
     <span class='ocr_line' id='line_1_21' title="bbox 246 1743 1811 1823; baseline 0.01 -30"><span class='ocrx_word' id='word_1_154' title='bbox 246 1757 351 1808; x_wconf 83' lang='grc' dir='ltr'>τος</span> <span class='ocrx_word' id='word_1_155' title='bbox 370 1758 384 1772; x_wconf 74' lang='grc' dir='ltr'><strong><em>ο</em></strong></span> <span class='ocrx_word' id='word_1_156' title='bbox 420 1743 816 1811; x_wconf 85' lang='grc' dir='ltr'>Ἐπαίδευσάς</span> <span class='ocrx_word' id='word_1_157' title='bbox 840 1763 937 1815; x_wconf 81' lang='grc' dir='ltr'>με,</span> <span class='ocrx_word' id='word_1_158' title='bbox 957 1748 1148 1815; x_wconf 81' lang='grc' dir='ltr'>Κύριε,</span> <span class='ocrx_word' id='word_1_159' title='bbox 1176 1749 1274 1803; x_wconf 77' lang='grc' dir='ltr'>καί</span> <span class='ocrx_word' id='word_1_160' title='bbox 1293 1751 1404 1804; x_wconf 90' lang='grc' dir='ltr'>οὑκ</span> <span class='ocrx_word' id='word_1_161' title='bbox 1435 1751 1811 1823; x_wconf 80' lang='grc' dir='ltr'>ἐπαιδεύθην,</span> 
     </span>
    </p>
   </div>
   <div class='ocr_carea' id='block_1_22' title="bbox 246 1840 1816 1925">
    <p class='ocr_par' dir='ltr' id='par_1_22' title="bbox 246 1840 1816 1925">
     <span class='ocr_line' id='line_1_22' title="bbox 246 1840 1816 1925; baseline 0.011 -31"><span class='ocrx_word' id='word_1_162' title='bbox 246 1840 383 1895; x_wconf 72' lang='grc' dir='ltr'>ἀλλ’</span> <span class='ocrx_word' id='word_1_163' title='bbox 407 1842 702 1912; x_wconf 75' lang='grc' dir='ltr'>ἐγενόμην</span> <span class='ocrx_word' id='word_1_164' title='bbox 718 1844 799 1909; x_wconf 89' lang='grc' dir='ltr'>ὠς</span> <span class='ocrx_word' id='word_1_165' title='bbox 813 1847 1047 1915; x_wconf 81' lang='grc' dir='ltr'>μόσχος</span> <span class='ocrx_word' id='word_1_166' title='bbox 1067 1846 1384 1918; x_wconf 80' lang='grc' dir='ltr'>ἀδίδακτος</span> <span class='ocrx_word' id='word_1_167' title='bbox 1403 1867 1417 1882; x_wconf 71' lang='grc'><strong><em>⁸</em></strong></span> <span class='ocrx_word' id='word_1_168' title='bbox 1440 1852 1816 1925; x_wconf 72' lang='grc' dir='ltr'>ἑπίστρεψόν</span> 
     </span>
    </p>
   </div>
   <div class='ocr_carea' id='block_1_23' title="bbox 241 1941 1807 2025">
    <p class='ocr_par' dir='ltr' id='par_1_23' title="bbox 241 1941 1807 2025">
     <span class='ocr_line' id='line_1_23' title="bbox 241 1941 1807 2025; baseline 0.012 -32"><span class='ocrx_word' id='word_1_169' title='bbox 241 1956 337 2010; x_wconf 79' lang='grc' dir='ltr'>με,</span> <span class='ocrx_word' id='word_1_170' title='bbox 361 1941 458 1995; x_wconf 78' lang='grc' dir='ltr'>καί</span> <span class='ocrx_word' id='word_1_171' title='bbox 476 1942 1013 2015; x_wconf 72' lang='grc' dir='ltr'>ἐπιστραφήσομαι.</span> <span class='ocrx_word' id='word_1_172' title='bbox 1031 1950 1140 2002; x_wconf 80' lang='grc' dir='ltr'>Καὶ</span> <span class='ocrx_word' id='word_1_173' title='bbox 1169 1950 1222 2004; x_wconf 89' lang='grc' dir='ltr'>τί</span> <span class='ocrx_word' id='word_1_174' title='bbox 1246 1950 1381 2023; x_wconf 87' lang='grc' dir='ltr'>πρὸς</span> <span class='ocrx_word' id='word_1_175' title='bbox 1410 1952 1571 2008; x_wconf 85' lang='grc' dir='ltr'>αὐτὸν</span> <span class='ocrx_word' id='word_1_176' title='bbox 1594 1956 1624 2009; x_wconf 94' lang='lat'>6</span> <span class='ocrx_word' id='word_1_177' title='bbox 1642 1956 1807 2025; x_wconf 87' lang='grc' dir='ltr'>Θεός;</span> 
     </span>
    </p>
   </div>
   <div class='ocr_carea' id='block_1_24' title="bbox 258 2034 1813 2126">
    <p class='ocr_par' dir='ltr' id='par_1_24' title="bbox 258 2034 1813 2126">
     <span class='ocr_line' id='line_1_24' title="bbox 258 2034 1813 2126; baseline 0.015 -34"><span class='ocrx_word' id='word_1_178' title='bbox 258 2039 404 2093; x_wconf 80' lang='grc' dir='ltr'>Ἀνθ’</span> <span class='ocrx_word' id='word_1_179' title='bbox 429 2034 519 2094; x_wconf 85' lang='grc' dir='ltr'>ὧν</span> <span class='ocrx_word' id='word_1_180' title='bbox 536 2046 590 2098; x_wconf 88' lang='grc' dir='ltr'>οί</span> <span class='ocrx_word' id='word_1_181' title='bbox 616 2043 783 2113; x_wconf 76' lang='grc' dir='ltr'>λόγοι</span> <span class='ocrx_word' id='word_1_182' title='bbox 805 2062 925 2114; x_wconf 85' lang='grc' dir='ltr'>μου</span> <span class='ocrx_word' id='word_1_183' title='bbox 944 2046 1102 2101; x_wconf 78' lang='grc' dir='ltr'>εἰσὶν</span> <span class='ocrx_word' id='word_1_184' title='bbox 1131 2048 1201 2102; x_wconf 83' lang='grc' dir='ltr'>ἐν</span> <span class='ocrx_word' id='word_1_185' title='bbox 1236 2050 1414 2119; x_wconf 88' lang='grc' dir='ltr'>αὐτῷ,</span> <span class='ocrx_word' id='word_1_186' title='bbox 1458 2055 1530 2109; x_wconf 83' lang='grc' dir='ltr'>οὐ</span> <span class='ocrx_word' id='word_1_187' title='bbox 1551 2056 1639 2126; x_wconf 83' lang='grc' dir='ltr'>μὴ</span> <span class='ocrx_word' id='word_1_188' title='bbox 1664 2057 1813 2115; x_wconf 82' lang='grc' dir='ltr'>ἀνα-</span> 
     </span>
    </p>
   </div>
   <div class='ocr_carea' id='block_1_25' title="bbox 238 2140 1812 2230">
    <p class='ocr_par' dir='ltr' id='par_1_25' title="bbox 238 2140 1812 2230">
     <span class='ocr_line' id='line_1_25' title="bbox 238 2140 1812 2230; baseline 0.013 -38"><span class='ocrx_word' id='word_1_189' title='bbox 238 2140 668 2212; x_wconf 75' lang='grc' dir='ltr'>μνησθήσομαι</span> <span class='ocrx_word' id='word_1_190' title='bbox 698 2145 905 2211; x_wconf 87' lang='grc' dir='ltr'>αὐτοῦ,</span> <span class='ocrx_word' id='word_1_191' title='bbox 940 2147 1038 2201; x_wconf 80' lang='grc' dir='ltr'>καί</span> <span class='ocrx_word' id='word_1_192' title='bbox 1075 2149 1321 2217; x_wconf 60' lang='lat' dir='ltr'>Mariam</span> <span class='ocrx_word' id='word_1_193' title='bbox 1349 2155 1554 2209; x_wconf 83' lang='grc' dir='ltr'>αὐτόν.</span> <span class='ocrx_word' id='word_1_194' title='bbox 1604 2157 1812 2230; x_wconf 88' lang='grc' dir='ltr'>Μηδείς</span> 
     </span>
    </p>
   </div>
   <div class='ocr_carea' id='block_1_26' title="bbox 243 2242 1809 2333">
    <p class='ocr_par' dir='ltr' id='par_1_26' title="bbox 243 2242 1809 2333">
     <span class='ocr_line' id='line_1_26' title="bbox 243 2242 1809 2333; baseline 0.017 -27"><span class='ocrx_word' id='word_1_195' title='bbox 243 2258 306 2293; x_wconf 87' lang='grc' dir='ltr'>σε</span> <span class='ocrx_word' id='word_1_196' title='bbox 333 2242 595 2308; x_wconf 74' lang='grc' dir='ltr'>πτοείτω.</span> <span class='ocrx_word' id='word_1_197' title='bbox 639 2245 714 2316; x_wconf 81' lang='grc' dir='ltr'>μὴ</span> <span class='ocrx_word' id='word_1_198' title='bbox 754 2249 944 2320; x_wconf 68' lang='grc' dir='ltr'>φήμην</span> <span class='ocrx_word' id='word_1_199' title='bbox 1005 2250 1079 2321; x_wconf 78' lang='grc' dir='ltr'>μὴ</span> <span class='ocrx_word' id='word_1_200' title='bbox 1133 2251 1423 2326; x_wconf 78' lang='grc' dir='ltr'>βαρδάρων</span> <span class='ocrx_word' id='word_1_201' title='bbox 1465 2258 1680 2328; x_wconf 61' lang='grc' dir='ltr'>γνόφος,</span> <span class='ocrx_word' id='word_1_202' title='bbox 1733 2261 1809 2333; x_wconf 77' lang='grc' dir='ltr'><strong>μὴ</strong></span> 
     </span>
    </p>
   </div>
   <div class='ocr_carea' id='block_1_27' title="bbox 237 2343 1810 2435">
    <p class='ocr_par' dir='ltr' id='par_1_27' title="bbox 237 2343 1810 2435">
     <span class='ocr_line' id='line_1_27' title="bbox 237 2343 1810 2435; baseline 0.015 -41"><span class='ocrx_word' id='word_1_203' title='bbox 237 2343 437 2415; x_wconf 80' lang='grc' dir='ltr'>ὀμίχλη</span> <span class='ocrx_word' id='word_1_204' title='bbox 472 2346 638 2418; x_wconf 85' lang='grc' dir='ltr'>πολλή</span> <span class='ocrx_word' id='word_1_205' title='bbox 660 2347 808 2421; x_wconf 50' lang='grc' dir='ltr'>’,κᾶν</span> <span class='ocrx_word' id='word_1_206' title='bbox 838 2349 1198 2423; x_wconf 76' lang='grc' dir='ltr'>ἀναρίθμητοι</span> <span class='ocrx_word' id='word_1_207' title='bbox 1222 2349 1355 2410; x_wconf 82' lang='grc' dir='ltr'>ὦσιν</span> <span class='ocrx_word' id='word_1_208' title='bbox 1379 2358 1428 2412; x_wconf 89' lang='grc' dir='ltr'>οί</span> <span class='ocrx_word' id='word_1_209' title='bbox 1461 2359 1810 2435; x_wconf 86' lang='grc' dir='ltr'>πολέμιοιτῷ</span> 
     </span>
    </p>
   </div>
   <div class='ocr_carea' id='block_1_28' title="bbox 236 2441 1808 2531">
    <p class='ocr_par' dir='ltr' id='par_1_28' title="bbox 236 2441 1808 2531">
     <span class='ocr_line' id='line_1_28' title="bbox 236 2441 1808 2531; baseline 0.015 -38"><span class='ocrx_word' id='word_1_210' title='bbox 236 2441 468 2511; x_wconf 85' lang='grc' dir='ltr'>πλήθει,</span> <span class='ocrx_word' id='word_1_211' title='bbox 521 2446 555 2498; x_wconf 92' lang='lat'>6</span> <span class='ocrx_word' id='word_1_212' title='bbox 590 2447 859 2519; x_wconf 76' lang='grc' dir='ltr'>ἡμέτερος</span> <span class='ocrx_word' id='word_1_213' title='bbox 903 2451 1217 2523; x_wconf 85' lang='grc' dir='ltr'>ὐπέρμαχος</span> <span class='ocrx_word' id='word_1_214' title='bbox 1265 2456 1628 2531; x_wconf 78' lang='grc' dir='ltr'>ἰσχυρότερος.</span> <span class='ocrx_word' id='word_1_215' title='bbox 1681 2461 1808 2517; x_wconf 88' lang='grc' dir='ltr'>Ἐάν</span> 
     </span>
    </p>
   </div>
   <div class='ocr_carea' id='block_1_29' title="bbox 235 2540 1806 2634">
    <p class='ocr_par' dir='ltr' id='par_1_29' title="bbox 235 2540 1806 2634">
     <span class='ocr_line' id='line_1_29' title="bbox 235 2540 1806 2634; baseline 0.015 -40"><span class='ocrx_word' id='word_1_216' title='bbox 235 2540 509 2616; x_wconf 61' lang='grc' dir='ltr'>ἅιλιάσῃς</span> <span class='ocrx_word' id='word_1_217' title='bbox 566 2546 627 2600; x_wconf 86' lang='grc' dir='ltr'>τὸ</span> <span class='ocrx_word' id='word_1_218' title='bbox 677 2548 889 2620; x_wconf 78' lang='grc' dir='ltr'>πλῆθος.</span> <span class='ocrx_word' id='word_1_219' title='bbox 925 2551 1273 2624; x_wconf 82' lang='grc' dir='ltr'>ὑφορώμενος</span> <span class='ocrx_word' id='word_1_220' title='bbox 1296 2595 1312 2620; x_wconf 92' lang='grc'>,</span> <span class='ocrx_word' id='word_1_221' title='bbox 1360 2557 1503 2627; x_wconf 82' lang='grc' dir='ltr'>λέγει</span> <span class='ocrx_word' id='word_1_222' title='bbox 1563 2561 1700 2634; x_wconf 84' lang='grc' dir='ltr'>πρὸς</span> <span class='ocrx_word' id='word_1_223' title='bbox 1745 2564 1806 2617; x_wconf 83' lang='grc' dir='ltr'>σὲ</span> 
     </span>
    </p>
   </div>
   <div class='ocr_carea' id='block_1_30' title="bbox 249 2642 1807 2728">
    <p class='ocr_par' dir='ltr' id='par_1_30' title="bbox 249 2642 1807 2728">
     <span class='ocr_line' id='line_1_30' title="bbox 249 2642 1807 2728; baseline 0.015 -34"><span class='ocrx_word' id='word_1_224' title='bbox 249 2642 549 2707; x_wconf 81' lang='grc' dir='ltr'>Ἐλισσαῖος</span> <span class='ocrx_word' id='word_1_225' title='bbox 580 2649 610 2700; x_wconf 91' lang='lat'>6</span> <span class='ocrx_word' id='word_1_226' title='bbox 638 2650 941 2721; x_wconf 80' lang='grc' dir='ltr'>προφήτης·</span> <span class='ocrx_word' id='word_1_227' title='bbox 976 2653 1073 2722; x_wconf 80' lang='grc' dir='ltr'>Μὴ</span> <span class='ocrx_word' id='word_1_228' title='bbox 1117 2655 1305 2724; x_wconf 76' lang='grc' dir='ltr'>φοϐοῦ</span> <span class='ocrx_word' id='word_1_229' title='bbox 1324 2674 1339 2688; x_wconf 86' lang='grc'>·</span> <span class='ocrx_word' id='word_1_230' title='bbox 1374 2660 1621 2728; x_wconf 77' lang='grc' dir='ltr'>πλείους</span> <span class='ocrx_word' id='word_1_231' title='bbox 1645 2664 1807 2718; x_wconf 72' lang='grc' dir='ltr'>εἰσιν</span> 
     </span>
    </p>
   </div>
   <div class='ocr_carea' id='block_1_31' title="bbox 234 2745 1806 2836">
    <p class='ocr_par' dir='ltr' id='par_1_31' title="bbox 234 2745 1806 2836">
     <span class='ocr_line' id='line_1_31' title="bbox 234 2745 1806 2836; baseline 0.014 -39"><span class='ocrx_word' id='word_1_232' title='bbox 234 2745 291 2798; x_wconf 75' lang='lat' dir='ltr'><strong><em>ot</em></strong></span> <span class='ocrx_word' id='word_1_233' title='bbox 321 2746 465 2814; x_wconf 57' lang='grc' dir='ltr'>μεθ’</span> <span class='ocrx_word' id='word_1_234' title='bbox 488 2746 677 2816; x_wconf 78' lang='grc' dir='ltr'>ἡμῶν,</span> <span class='ocrx_word' id='word_1_235' title='bbox 728 2750 766 2819; x_wconf 80' lang='grc' dir='ltr'><em>ἢ</em></span> <span class='ocrx_word' id='word_1_236' title='bbox 798 2753 853 2806; x_wconf 83' lang='grc' dir='ltr'>οι</span> <span class='ocrx_word' id='word_1_237' title='bbox 893 2754 1020 2822; x_wconf 80' lang='grc' dir='ltr'>μετ’</span> <span class='ocrx_word' id='word_1_238' title='bbox 1058 2754 1273 2811; x_wconf 83' lang='grc' dir='ltr'>αὐτῶν.</span> <span class='ocrx_word' id='word_1_239' title='bbox 1322 2759 1478 2813; x_wconf 67' lang='grc' dir='ltr'>Ἐκεῖ</span> <span class='ocrx_word' id='word_1_240' title='bbox 1512 2761 1806 2836; x_wconf 81' lang='grc' dir='ltr'>βαρϐάρων</span> 
     </span>
    </p>
   </div>
   <div class='ocr_carea' id='block_1_32' title="bbox 236 2836 1806 2934">
    <p class='ocr_par' dir='ltr' id='par_1_32' title="bbox 236 2836 1806 2934">
     <span class='ocr_line' id='line_1_32' title="bbox 236 2836 1806 2934; baseline 0.015 -43"><span class='ocrx_word' id='word_1_241' title='bbox 236 2838 436 2910; x_wconf 74' lang='grc' dir='ltr'>πλῆθος</span> <span class='ocrx_word' id='word_1_242' title='bbox 458 2882 473 2906; x_wconf 93' lang='grc'>,</span> <span class='ocrx_word' id='word_1_243' title='bbox 511 2836 614 2897; x_wconf 80' lang='grc' dir='ltr'>ὧδε</span> <span class='ocrx_word' id='word_1_244' title='bbox 643 2846 889 2914; x_wconf 90' lang='grc' dir='ltr'>ἀγγέλων</span> <span class='ocrx_word' id='word_1_245' title='bbox 934 2850 1165 2920; x_wconf 84' lang='grc' dir='ltr'>φάλαγξ.</span> <span class='ocrx_word' id='word_1_246' title='bbox 1204 2854 1327 2908; x_wconf 90' lang='grc' dir='ltr'>Τῶν</span> <span class='ocrx_word' id='word_1_247' title='bbox 1374 2856 1611 2912; x_wconf 88' lang='grc' dir='ltr'>εὐσεϐῶν</span> <span class='ocrx_word' id='word_1_248' title='bbox 1638 2861 1806 2934; x_wconf 85' lang='grc' dir='ltr'>ὑπερ-</span> 
     </span>
    </p>
   </div>
   <div class='ocr_carea' id='block_1_33' title="bbox 243 2942 1801 3030">
    <p class='ocr_par' dir='ltr' id='par_1_33' title="bbox 243 2942 1801 3030">
     <span class='ocr_line' id='line_1_33' title="bbox 243 2942 1801 3030; baseline 0.016 -38"><span class='ocrx_word' id='word_1_249' title='bbox 243 2942 403 3011; x_wconf 83' lang='grc' dir='ltr'>μαχεῖ</span> <span class='ocrx_word' id='word_1_250' title='bbox 440 2943 775 3013; x_wconf 71' lang='grc' dir='ltr'>άγγελικὸςδ</span> <span class='ocrx_word' id='word_1_251' title='bbox 802 2950 1060 3018; x_wconf 83' lang='grc' dir='ltr'>στρατὸς,</span> <span class='ocrx_word' id='word_1_252' title='bbox 1104 2956 1399 3025; x_wconf 74' lang='grc' dir='ltr'>προφητῶν</span> <span class='ocrx_word' id='word_1_253' title='bbox 1436 2958 1629 3030; x_wconf 82' lang='grc' dir='ltr'>χορὸς,</span> <span class='ocrx_word' id='word_1_254' title='bbox 1664 2963 1801 3016; x_wconf 88' lang='grc' dir='ltr'>ἀπο-</span> 
     </span>
    </p>
   </div>
   <div class='ocr_carea' id='block_1_34' title="bbox 240 3040 1798 3135">
    <p class='ocr_par' dir='ltr' id='par_1_34' title="bbox 240 3040 1798 3135">
     <span class='ocr_line' id='line_1_34' title="bbox 240 3040 1798 3135; baseline 0.024 -44"><span class='ocrx_word' id='word_1_255' title='bbox 240 3040 432 3094; x_wconf 83' lang='grc' dir='ltr'>στόλων</span> <span class='ocrx_word' id='word_1_256' title='bbox 457 3042 704 3117; x_wconf 85' lang='grc' dir='ltr'>δύναμις,</span> <span class='ocrx_word' id='word_1_257' title='bbox 754 3049 1047 3122; x_wconf 85' lang='grc' dir='ltr'>μαρτύρων</span> <span class='ocrx_word' id='word_1_258' title='bbox 1075 3055 1379 3125; x_wconf 74' lang='grc' dir='ltr'>πρεσϐεῖαι.</span> <span class='ocrx_word' id='word_1_259' title='bbox 1410 3058 1502 3130; x_wconf 79' lang='grc' dir='ltr'>Μὴ</span> <span class='ocrx_word' id='word_1_260' title='bbox 1533 3062 1761 3135; x_wconf 81' lang='grc' dir='ltr'>νομίσῃς</span> <span class='ocrx_word' id='word_1_261' title='bbox 1782 3102 1798 3128; x_wconf 69' lang='grc' dir='ltr'>ν</span> 
     </span>
    </p>
   </div>
   <div class='ocr_carea' id='block_1_35' title="bbox 236 3135 1795 3225">
    <p class='ocr_par' dir='ltr' id='par_1_35' title="bbox 236 3135 1795 3225">
     <span class='ocr_line' id='line_1_35' title="bbox 236 3135 1795 3225; baseline 0.015 -36"><span class='ocrx_word' id='word_1_262' title='bbox 236 3135 316 3190; x_wconf 76' lang='grc' dir='ltr'>δτι</span> <span class='ocrx_word' id='word_1_263' title='bbox 349 3137 622 3213; x_wconf 75' lang='grc' dir='ltr'>μάρτυρες</span> <span class='ocrx_word' id='word_1_264' title='bbox 659 3143 819 3214; x_wconf 91' lang='grc' dir='ltr'>μόνον</span> <span class='ocrx_word' id='word_1_265' title='bbox 846 3147 1239 3217; x_wconf 86' lang='grc' dir='ltr'>πρεσϐεύουσιν</span> <span class='ocrx_word' id='word_1_266' title='bbox 1266 3153 1405 3225; x_wconf 81' lang='grc' dir='ltr'>ὑπὲρ</span> <span class='ocrx_word' id='word_1_267' title='bbox 1430 3155 1586 3225; x_wconf 80' lang='grc' dir='ltr'>ήμῶν</span> <span class='ocrx_word' id='word_1_268' title='bbox 1604 3173 1617 3187; x_wconf 89' lang='grc'><strong>·</strong></span> <span class='ocrx_word' id='word_1_269' title='bbox 1659 3158 1795 3213; x_wconf 90' lang='grc' dir='ltr'>ἀλλά</span> 
     </span>
    </p>
   </div>
   <div class='ocr_carea' id='block_1_36' title="bbox 229 3233 1800 3315">
    <p class='ocr_par' dir='ltr' id='par_1_36' title="bbox 229 3233 1800 3315">
     <span class='ocr_line' id='line_1_36' title="bbox 229 3233 1800 3315; baseline 0.016 -28"><span class='ocrx_word' id='word_1_270' title='bbox 229 3233 323 3288; x_wconf 72' lang='grc' dir='ltr'>καὶ</span> <span class='ocrx_word' id='word_1_271' title='bbox 346 3235 565 3305; x_wconf 82' lang='grc' dir='ltr'>ἄγγελοι</span> <span class='ocrx_word' id='word_1_272' title='bbox 592 3239 651 3293; x_wconf 83' lang='grc' dir='ltr'>ἐν</span> <span class='ocrx_word' id='word_1_273' title='bbox 678 3245 795 3307; x_wconf 84' lang='grc' dir='ltr'>ταῖς</span> <span class='ocrx_word' id='word_1_274' title='bbox 821 3242 1061 3315; x_wconf 73' lang='grc' dir='ltr'>θλίψεσιν</span> <span class='ocrx_word' id='word_1_275' title='bbox 1092 3248 1392 3306; x_wconf 89' lang='grc' dir='ltr'>ίκετεύουσι</span> <span class='ocrx_word' id='word_1_276' title='bbox 1414 3254 1505 3308; x_wconf 84' lang='grc' dir='ltr'>τὸν</span> <span class='ocrx_word' id='word_1_277' title='bbox 1525 3254 1678 3310; x_wconf 77' lang='grc' dir='ltr'>Θεόνο</span> <span class='ocrx_word' id='word_1_278' title='bbox 1703 3258 1800 3311; x_wconf 66' lang='grc' dir='ltr'>καὶ⁸</span> 
     </span>
    </p>
   </div>
   <div class='ocr_carea' id='block_1_37' title="bbox 225 3331 1796 3423">
    <p class='ocr_par' dir='ltr' id='par_1_37' title="bbox 225 3331 1796 3423">
     <span class='ocr_line' id='line_1_37' title="bbox 225 3331 1796 3423; baseline 0.017 -41"><span class='ocrx_word' id='word_1_279' title='bbox 225 3331 290 3384; x_wconf 89' lang='grc' dir='ltr'>οὐ</span> <span class='ocrx_word' id='word_1_280' title='bbox 320 3331 480 3401; x_wconf 89' lang='grc' dir='ltr'>μόνον</span> <span class='ocrx_word' id='word_1_281' title='bbox 510 3334 861 3404; x_wconf 75' lang='grc' dir='ltr'>ἱκετεύουσιν,</span> <span class='ocrx_word' id='word_1_282' title='bbox 907 3342 1042 3396; x_wconf 88' lang='grc' dir='ltr'>ἀλλά</span> <span class='ocrx_word' id='word_1_283' title='bbox 1080 3346 1175 3398; x_wconf 75' lang='grc' dir='ltr'>καὶ</span> <span class='ocrx_word' id='word_1_284' title='bbox 1218 3347 1512 3421; x_wconf 85' lang='grc' dir='ltr'>ἀπόκρισιν</span> <span class='ocrx_word' id='word_1_285' title='bbox 1551 3351 1796 3423; x_wconf 87' lang='grc' dir='ltr'>δέχονται</span> 
     </span>
    </p>
   </div>
   <div class='ocr_carea' id='block_1_38' title="bbox 223 3427 1793 3520">
    <p class='ocr_par' dir='ltr' id='par_1_38' title="bbox 223 3427 1793 3520">
     <span class='ocr_line' id='line_1_38' title="bbox 223 3427 1793 3520; baseline 0.018 -42"><span class='ocrx_word' id='word_1_286' title='bbox 223 3427 378 3498; x_wconf 71' lang='grc' dir='ltr'>ποιρά</span> <span class='ocrx_word' id='word_1_287' title='bbox 406 3429 501 3483; x_wconf 90' lang='grc' dir='ltr'>τοῦ</span> <span class='ocrx_word' id='word_1_288' title='bbox 528 3430 849 3504; x_wconf 82' lang='grc' dir='ltr'>Εὐεργέτου.</span> <span class='ocrx_word' id='word_1_289' title='bbox 898 3438 1061 3508; x_wconf 83' lang='grc' dir='ltr'>Λέγει</span> <span class='ocrx_word' id='word_1_290' title='bbox 1103 3443 1377 3514; x_wconf 85' lang='grc' dir='ltr'>Ζαχαρίας</span> <span class='ocrx_word' id='word_1_291' title='bbox 1408 3446 1438 3498; x_wconf 92' lang='lat'>6</span> <span class='ocrx_word' id='word_1_292' title='bbox 1476 3449 1793 3520; x_wconf 77' lang='grc' dir='ltr'>προφήτηςο</span> 
     </span>
    </p>
   </div>
   <div class='ocr_carea' id='block_1_39' title="bbox 220 3528 1797 3617">
    <p class='ocr_par' dir='ltr' id='par_1_39' title="bbox 220 3528 1797 3617">
     <span class='ocr_line' id='line_1_39' title="bbox 220 3528 1797 3617; baseline 0.017 -38"><span class='ocrx_word' id='word_1_293' title='bbox 220 3528 339 3581; x_wconf 74' lang='grc' dir='ltr'>Καὶ</span> <span class='ocrx_word' id='word_1_294' title='bbox 382 3528 668 3599; x_wconf 79' lang='grc' dir='ltr'>ἀπεκρίθη</span> <span class='ocrx_word' id='word_1_295' title='bbox 697 3537 730 3587; x_wconf 92' lang='grc' dir='ltr'>ό</span> <span class='ocrx_word' id='word_1_296' title='bbox 758 3534 1040 3605; x_wconf 65' lang='grc' dir='ltr'>ἅγγελος,</span> <span class='ocrx_word' id='word_1_297' title='bbox 1076 3543 1111 3595; x_wconf 92' lang='grc' dir='ltr'>ό</span> <span class='ocrx_word' id='word_1_298' title='bbox 1159 3542 1369 3599; x_wconf 67' lang='grc' dir='ltr'>λαλῶν</span> <span class='ocrx_word' id='word_1_299' title='bbox 1393 3546 1464 3600; x_wconf 81' lang='grc' dir='ltr'>ἐν</span> <span class='ocrx_word' id='word_1_300' title='bbox 1501 3548 1652 3617; x_wconf 76' lang='grc' dir='ltr'>ἐμοὶ,</span> <span class='ocrx_word' id='word_1_301' title='bbox 1697 3551 1797 3605; x_wconf 77' lang='grc' dir='ltr'>καί</span> 
     </span>
    </p>
   </div>
   <div class='ocr_carea' id='block_1_40' title="bbox 215 3623 1796 3719">
    <p class='ocr_par' dir='ltr' id='par_1_40' title="bbox 215 3623 1796 3719">
     <span class='ocr_line' id='line_1_40' title="bbox 215 3623 1796 3719; baseline 0.018 -40"><span class='ocrx_word' id='word_1_302' title='bbox 215 3623 361 3681; x_wconf 73' lang='grc' dir='ltr'>εἶπε</span> <span class='ocrx_word' id='word_1_303' title='bbox 379 3629 531 3697; x_wconf 84' lang='grc' dir='ltr'>πρὸς</span> <span class='ocrx_word' id='word_1_304' title='bbox 553 3632 794 3700; x_wconf 83' lang='grc' dir='ltr'>Κύριον.</span> <span class='ocrx_word' id='word_1_305' title='bbox 812 3636 961 3709; x_wconf 85' lang='grc' dir='ltr'>Δύτη</span> <span class='ocrx_word' id='word_1_306' title='bbox 989 3641 1023 3711; x_wconf 83' lang='grc' dir='ltr'><strong>ἡ</strong></span> <span class='ocrx_word' id='word_1_307' title='bbox 1047 3641 1179 3715; x_wconf 82' lang='grc' dir='ltr'>εὐχὴ</span> <span class='ocrx_word' id='word_1_308' title='bbox 1207 3644 1302 3699; x_wconf 89' lang='grc' dir='ltr'>τοῦ</span> <span class='ocrx_word' id='word_1_309' title='bbox 1332 3647 1566 3716; x_wconf 83' lang='grc' dir='ltr'>ἀγγέλου</span> <span class='ocrx_word' id='word_1_310' title='bbox 1585 3665 1597 3678; x_wconf 92' lang='grc'>·</span> <span class='ocrx_word' id='word_1_311' title='bbox 1616 3652 1796 3719; x_wconf 82' lang='grc' dir='ltr'>Κύριε</span> 
     </span>
    </p>
   </div>
   <div class='ocr_carea' id='block_1_41' title="bbox 215 3729 1797 3818">
    <p class='ocr_par' dir='ltr' id='par_1_41' title="bbox 215 3729 1797 3818">
     <span class='ocr_line' id='line_1_41' title="bbox 215 3729 1797 3818; baseline 0.016 -38"><span class='ocrx_word' id='word_1_312' title='bbox 215 3729 659 3801; x_wconf 84' lang='grc' dir='ltr'>παντοκράτορ,</span> <span class='ocrx_word' id='word_1_313' title='bbox 701 3733 814 3802; x_wconf 81' lang='grc' dir='ltr'>ἕως</span> <span class='ocrx_word' id='word_1_314' title='bbox 846 3739 991 3792; x_wconf 83' lang='grc' dir='ltr'>πότε</span> <span class='ocrx_word' id='word_1_315' title='bbox 1039 3743 1112 3795; x_wconf 82' lang='grc' dir='ltr'>οὐ</span> <span class='ocrx_word' id='word_1_316' title='bbox 1133 3743 1219 3810; x_wconf 83' lang='grc' dir='ltr'>μὴ</span> <span class='ocrx_word' id='word_1_317' title='bbox 1262 3745 1524 3816; x_wconf 73' lang='grc' dir='ltr'>ἐλεήσῃς</span> <span class='ocrx_word' id='word_1_318' title='bbox 1549 3749 1666 3818; x_wconf 79' lang='grc' dir='ltr'>τὴν</span> <span class='ocrx_word' id='word_1_319' title='bbox 1693 3752 1797 3805; x_wconf 87' lang='grc' dir='ltr'>Ἰε-</span> 
     </span>
    </p>
   </div>
   <div class='ocr_carea' id='block_1_42' title="bbox 208 3828 1793 3917">
    <p class='ocr_par' dir='ltr' id='par_1_42' title="bbox 208 3828 1793 3917">
     <span class='ocr_line' id='line_1_42' title="bbox 208 3828 1793 3917; baseline 0.015 -36"><span class='ocrx_word' id='word_1_320' title='bbox 208 3828 568 3899; x_wconf 72' lang='grc' dir='ltr'>ρουσαλὴμ,</span> <span class='ocrx_word' id='word_1_321' title='bbox 596 3832 696 3886; x_wconf 74' lang='grc' dir='ltr'>καὶ</span> <span class='ocrx_word' id='word_1_322' title='bbox 732 3836 841 3901; x_wconf 77' lang='grc' dir='ltr'>τὰς</span> <span class='ocrx_word' id='word_1_323' title='bbox 864 3839 1071 3906; x_wconf 72' lang='grc' dir='ltr'>πόλεις</span> <span class='ocrx_word' id='word_1_324' title='bbox 1119 3842 1323 3909; x_wconf 88' lang='grc' dir='ltr'>Ἰούδα,</span> <span class='ocrx_word' id='word_1_325' title='bbox 1352 3844 1426 3911; x_wconf 73' lang='grc' dir='ltr'>ἀς</span> <span class='ocrx_word' id='word_1_326' title='bbox 1448 3849 1793 3917; x_wconf 72' lang='grc' dir='ltr'>ὑπερεῖδες-ς</span> 
     </span>
    </p>
   </div>
   <div class='ocr_carea' id='block_1_43' title="bbox 220 3925 1792 4014">
    <p class='ocr_par' dir='ltr' id='par_1_43' title="bbox 220 3925 1792 4014">
     <span class='ocr_line' id='line_1_43' title="bbox 220 3925 1792 4014; baseline 0.011 -33"><span class='ocrx_word' id='word_1_327' title='bbox 220 3925 410 3981; x_wconf 81' lang='grc' dir='ltr'>Τοῦτο</span> <span class='ocrx_word' id='word_1_328' title='bbox 440 3927 889 4000; x_wconf 76' lang='grc' dir='ltr'>ἑϐδομηκοστὸν</span> <span class='ocrx_word' id='word_1_329' title='bbox 929 3935 1083 4003; x_wconf 78' lang='grc' dir='ltr'>ἔτος.</span> <span class='ocrx_word' id='word_1_330' title='bbox 1118 3937 1184 3991; x_wconf 91' lang='grc' dir='ltr'>Τί</span> <span class='ocrx_word' id='word_1_331' title='bbox 1213 3935 1337 4006; x_wconf 81' lang='grc' dir='ltr'>οῦν;</span> <span class='ocrx_word' id='word_1_332' title='bbox 1370 3942 1732 4014; x_wconf 72' lang='grc' dir='ltr'>ἀπεπέμψατο</span> <span class='ocrx_word' id='word_1_333' title='bbox 1762 3948 1792 3999; x_wconf 93' lang='lat'>6</span> 
     </span>
    </p>
   </div>
   <div class='ocr_carea' id='block_1_44' title="bbox 212 4025 1795 4113">
    <p class='ocr_par' dir='ltr' id='par_1_44' title="bbox 212 4025 1795 4113">
     <span class='ocr_line' id='line_1_44' title="bbox 212 4025 1795 4113; baseline 0.015 -36"><span class='ocrx_word' id='word_1_334' title='bbox 212 4025 353 4089; x_wconf 84' lang='grc' dir='ltr'>Θεὸς</span> <span class='ocrx_word' id='word_1_335' title='bbox 380 4026 479 4099; x_wconf 79' lang='grc' dir='ltr'>τὴν</span> <span class='ocrx_word' id='word_1_336' title='bbox 517 4032 812 4101; x_wconf 88' lang='grc' dir='ltr'>πρεσϐείαν</span> <span class='ocrx_word' id='word_1_337' title='bbox 838 4034 934 4089; x_wconf 91' lang='grc' dir='ltr'>τοῦ</span> <span class='ocrx_word' id='word_1_338' title='bbox 966 4037 1235 4107; x_wconf 75' lang='grc' dir='ltr'>ἀγγέλους</span> <span class='ocrx_word' id='word_1_339' title='bbox 1267 4041 1358 4113; x_wconf 82' lang='grc' dir='ltr'>Μὴ</span> <span class='ocrx_word' id='word_1_340' title='bbox 1389 4042 1628 4110; x_wconf 61' lang='grc' dir='ltr'>γένοιτω</span> <span class='ocrx_word' id='word_1_341' title='bbox 1660 4047 1795 4102; x_wconf 88' lang='grc' dir='ltr'>ἀλλά</span> 
     </span>
    </p>
   </div>
   <div class='ocr_carea' id='block_1_45' title="bbox 210 4122 1795 4210">
    <p class='ocr_par' dir='ltr' id='par_1_45' title="bbox 210 4122 1795 4210">
     <span class='ocr_line' id='line_1_45' title="bbox 210 4122 1795 4210; baseline 0.015 -36"><span class='ocrx_word' id='word_1_342' title='bbox 210 4122 267 4174; x_wconf 87' lang='grc' dir='ltr'>τί</span> <span class='ocrx_word' id='word_1_343' title='bbox 287 4142 304 4189; x_wconf 88' lang='grc'>;</span> <span class='ocrx_word' id='word_1_344' title='bbox 341 4123 662 4197; x_wconf 81' lang='grc' dir='ltr'>Ἀπεκρίθη,</span> <span class='ocrx_word' id='word_1_345' title='bbox 693 4131 848 4201; x_wconf 78' lang='grc' dir='ltr'>φησὶ,</span> <span class='ocrx_word' id='word_1_346' title='bbox 871 4133 1086 4201; x_wconf 85' lang='grc' dir='ltr'>Κύριος</span> <span class='ocrx_word' id='word_1_347' title='bbox 1114 4135 1267 4203; x_wconf 82' lang='grc' dir='ltr'>πρὸς</span> <span class='ocrx_word' id='word_1_348' title='bbox 1283 4137 1391 4192; x_wconf 85' lang='grc' dir='ltr'>τὸν</span> <span class='ocrx_word' id='word_1_349' title='bbox 1413 4137 1669 4210; x_wconf 76' lang='grc' dir='ltr'>ἄγγελον</span> <span class='ocrx_word' id='word_1_350' title='bbox 1689 4143 1795 4196; x_wconf 88' lang='grc' dir='ltr'>τὸν</span> 
     </span>
    </p>
   </div>
   <div class='ocr_carea' id='block_1_46' title="bbox 208 4218 1792 4302">
    <p class='ocr_par' dir='ltr' id='par_1_46' title="bbox 208 4218 1792 4302">
     <span class='ocr_line' id='line_1_46' title="bbox 208 4218 1792 4302; baseline 0.014 -32"><span class='ocrx_word' id='word_1_351' title='bbox 208 4218 525 4275; x_wconf 73' lang='grc' dir='ltr'>λαλοῦντα</span> <span class='ocrx_word' id='word_1_352' title='bbox 549 4221 620 4277; x_wconf 76' lang='grc' dir='ltr'>ἐν</span> <span class='ocrx_word' id='word_1_353' title='bbox 656 4224 786 4293; x_wconf 79' lang='grc' dir='ltr'>ἐμοὶ</span> <span class='ocrx_word' id='word_1_354' title='bbox 812 4226 1048 4297; x_wconf 75' lang='grc' dir='ltr'>ῥήματα</span> <span class='ocrx_word' id='word_1_355' title='bbox 1088 4232 1519 4302; x_wconf 79' lang='grc' dir='ltr'>παρακλητικὰ,</span> <span class='ocrx_word' id='word_1_356' title='bbox 1561 4237 1658 4290; x_wconf 77' lang='grc' dir='ltr'>καί</span> <span class='ocrx_word' id='word_1_357' title='bbox 1686 4239 1792 4292; x_wconf 78' lang='grc' dir='ltr'>λό-</span> 
     </span>
    </p>
   </div>
   <div class='ocr_carea' id='block_1_47' title="bbox 213 4322 1791 4404">
    <p class='ocr_par' dir='ltr' id='par_1_47' title="bbox 213 4322 1791 4404">
     <span class='ocr_line' id='line_1_47' title="bbox 213 4322 1791 4404; baseline 0.015 -40"><span class='ocrx_word' id='word_1_358' title='bbox 213 4330 368 4381; x_wconf 80' lang='grc' dir='ltr'>γους</span> <span class='ocrx_word' id='word_1_359' title='bbox 398 4322 899 4388; x_wconf 72' lang='grc' dir='ltr'>παρακλητικούς.</span> <span class='ocrx_word' id='word_1_360' title='bbox 931 4324 1411 4399; x_wconf 82' lang='grc' dir='ltr'>Παρακαλέσωμεν</span> <span class='ocrx_word' id='word_1_361' title='bbox 1434 4328 1528 4384; x_wconf 89' lang='grc' dir='ltr'>τὸν</span> <span class='ocrx_word' id='word_1_362' title='bbox 1550 4331 1657 4387; x_wconf 92' lang='grc' dir='ltr'>τῶν</span> <span class='ocrx_word' id='word_1_363' title='bbox 1689 4335 1791 4404; x_wconf 88' lang='grc' dir='ltr'>ἀγ-</span> 
     </span>
    </p>
   </div>
   <div class='ocr_carea' id='block_1_48' title="bbox 209 4408 1792 4492">
    <p class='ocr_par' dir='ltr' id='par_1_48' title="bbox 209 4408 1792 4492">
     <span class='ocr_line' id='line_1_48' title="bbox 209 4408 1792 4492; baseline 0.017 -32"><span class='ocrx_word' id='word_1_364' title='bbox 209 4408 393 4477; x_wconf 85' lang='grc' dir='ltr'>γέλων</span> <span class='ocrx_word' id='word_1_365' title='bbox 421 4412 717 4485; x_wconf 88' lang='grc' dir='ltr'>Δεσπότην,</span> <span class='ocrx_word' id='word_1_366' title='bbox 748 4418 845 4471; x_wconf 66' lang='grc' dir='ltr'>καὶ</span> <span class='ocrx_word' id='word_1_367' title='bbox 865 4418 962 4473; x_wconf 76' lang='grc' dir='ltr'>ἕνα</span> <span class='ocrx_word' id='word_1_368' title='bbox 985 4419 1217 4491; x_wconf 81' lang='grc' dir='ltr'>ἄγγελον</span> <span class='ocrx_word' id='word_1_369' title='bbox 1241 4424 1548 4492; x_wconf 79' lang='grc' dir='ltr'>ἀποστελεῖ,</span> <span class='ocrx_word' id='word_1_370' title='bbox 1576 4430 1671 4485; x_wconf 78' lang='grc' dir='ltr'>καὶ</span> <span class='ocrx_word' id='word_1_371' title='bbox 1693 4434 1792 4486; x_wconf 83' lang='grc' dir='ltr'>πᾶ-</span> 
     </span>
    </p>
   </div>
   <div class='ocr_carea' id='block_1_49' title="bbox 210 4505 1787 4594">
    <p class='ocr_par' dir='ltr' id='par_1_49' title="bbox 210 4505 1787 4594">
     <span class='ocr_line' id='line_1_49' title="bbox 210 4505 1787 4594; baseline 0.015 -36"><span class='ocrx_word' id='word_1_372' title='bbox 210 4521 315 4559; x_wconf 89' lang='grc' dir='ltr'>σαν</span> <span class='ocrx_word' id='word_1_373' title='bbox 345 4505 456 4560; x_wconf 91' lang='grc' dir='ltr'>τῶν</span> <span class='ocrx_word' id='word_1_374' title='bbox 482 4509 737 4565; x_wconf 77' lang='grc' dir='ltr'>ἐναντίων</span> <span class='ocrx_word' id='word_1_375' title='bbox 765 4512 862 4583; x_wconf 79' lang='grc' dir='ltr'>τὴν</span> <span class='ocrx_word' id='word_1_376' title='bbox 891 4516 1144 4586; x_wconf 77' lang='grc' dir='ltr'>φάλαγγα</span> <span class='ocrx_word' id='word_1_377' title='bbox 1180 4522 1486 4593; x_wconf 88' lang='grc' dir='ltr'>σκορπίσει.</span> <span class='ocrx_word' id='word_1_378' title='bbox 1524 4524 1666 4594; x_wconf 83' lang='grc' dir='ltr'>Ἐγὼ</span> <span class='ocrx_word' id='word_1_379' title='bbox 1692 4530 1787 4582; x_wconf 76' lang='grc' dir='ltr'>καὶ</span> 
     </span>
    </p>
   </div>
   <div class='ocr_carea' id='block_1_50' title="bbox 205 4599 1789 4694">
    <p class='ocr_par' dir='ltr' id='par_1_50' title="bbox 205 4599 1789 4694">
     <span class='ocr_line' id='line_1_50' title="bbox 205 4599 1789 4694; baseline 0.017 -43"><span class='ocrx_word' id='word_1_380' title='bbox 205 4599 309 4673; x_wconf 78' lang='grc' dir='ltr'>τὴν</span> <span class='ocrx_word' id='word_1_381' title='bbox 343 4602 645 4674; x_wconf 79' lang='grc' dir='ltr'>κηρόχυτον</span> <span class='ocrx_word' id='word_1_382' title='bbox 669 4608 886 4679; x_wconf 79' lang='grc' dir='ltr'>γραφὴν</span> <span class='ocrx_word' id='word_1_383' title='bbox 911 4611 1176 4684; x_wconf 80' lang='grc' dir='ltr'>ἠγάπησα</span> <span class='ocrx_word' id='word_1_384' title='bbox 1206 4615 1488 4683; x_wconf 88' lang='grc' dir='ltr'>εὐσεϐείας</span> <span class='ocrx_word' id='word_1_385' title='bbox 1516 4617 1664 4694; x_wconf 70' lang='grc' dir='ltr'>[ιιι]</span> <span class='ocrx_word' id='word_1_386' title='bbox 1688 4641 1789 4677; x_wconf 82' lang='grc' dir='ltr'>πε-</span> 
     </span>
    </p>
   </div>
   <div class='ocr_carea' id='block_1_51' title="bbox 207 4699 1787 4795">
    <p class='ocr_par' dir='ltr' id='par_1_51' title="bbox 207 4699 1787 4795">
     <span class='ocr_line' id='line_1_51' title="bbox 207 4699 1787 4795; baseline 0.015 -44"><span class='ocrx_word' id='word_1_387' title='bbox 207 4699 606 4773; x_wconf 88' lang='grc' dir='ltr'>πληρωμένην.</span> <span class='ocrx_word' id='word_1_388' title='bbox 634 4699 785 4758; x_wconf 77' lang='grc' dir='ltr'>Εἶδον</span> <span class='ocrx_word' id='word_1_389' title='bbox 809 4708 863 4759; x_wconf 86' lang='grc' dir='ltr'>ἐν</span> <span class='ocrx_word' id='word_1_390' title='bbox 891 4709 1058 4763; x_wconf 78' lang='grc' dir='ltr'>εικόνι</span> <span class='ocrx_word' id='word_1_391' title='bbox 1085 4711 1314 4780; x_wconf 78' lang='grc' dir='ltr'>ἄγγελον</span> <span class='ocrx_word' id='word_1_392' title='bbox 1341 4714 1629 4773; x_wconf 86' lang='grc' dir='ltr'>ἐλαύνοντα</span> <span class='ocrx_word' id='word_1_393' title='bbox 1649 4720 1787 4795; x_wconf 86' lang='grc' dir='ltr'>νέφη</span> 
     </span>
    </p>
   </div>
   <div class='ocr_carea' id='block_1_52' title="bbox 208 4793 1787 4882">
    <p class='ocr_par' dir='ltr' id='par_1_52' title="bbox 208 4793 1787 4882">
     <span class='ocr_line' id='line_1_52' title="bbox 208 4793 1787 4882; baseline 0.017 -35"><span class='ocrx_word' id='word_1_394' title='bbox 208 4793 530 4867; x_wconf 86' lang='grc' dir='ltr'>βαρϐάρων,</span> <span class='ocrx_word' id='word_1_395' title='bbox 561 4795 699 4854; x_wconf 76' lang='grc' dir='ltr'>εἶδον</span> <span class='ocrx_word' id='word_1_396' title='bbox 724 4803 1036 4874; x_wconf 82' lang='grc' dir='ltr'>πατούμενα</span> <span class='ocrx_word' id='word_1_397' title='bbox 1078 4807 1369 4882; x_wconf 87' lang='grc' dir='ltr'>βαρϐάρων</span> <span class='ocrx_word' id='word_1_398' title='bbox 1397 4812 1558 4882; x_wconf 85' lang='grc' dir='ltr'>φῦλα,</span> <span class='ocrx_word' id='word_1_399' title='bbox 1587 4793 1787 4874; x_wconf 76' lang='grc' dir='ltr'>καὶτὸν</span> 
     </span>
    </p>
   </div>
   <div class='ocr_carea' id='block_1_53' title="bbox 204 4889 1786 4981">
    <p class='ocr_par' dir='ltr' id='par_1_53' title="bbox 204 4889 1786 4981">
     <span class='ocr_line' id='line_1_53' title="bbox 204 4889 1786 4981; baseline 0.017 -38"><span class='ocrx_word' id='word_1_400' title='bbox 204 4889 375 4945; x_wconf 73' lang='grc' dir='ltr'>Δαυτδ</span> <span class='ocrx_word' id='word_1_401' title='bbox 396 4890 728 4964; x_wconf 87' lang='grc' dir='ltr'>ἀληθεύοντα</span> <span class='ocrx_word' id='word_1_402' title='bbox 749 4911 762 4926; x_wconf 73' lang='grc'><strong><em>⁸</em></strong></span> <span class='ocrx_word' id='word_1_403' title='bbox 794 4896 993 4967; x_wconf 82' lang='grc' dir='ltr'>Κύριε.</span> <span class='ocrx_word' id='word_1_404' title='bbox 1028 4901 1099 4957; x_wconf 85' lang='grc' dir='ltr'>ἐν</span> <span class='ocrx_word' id='word_1_405' title='bbox 1122 4903 1195 4973; x_wconf 76' lang='grc' dir='ltr'>τῇ</span> <span class='ocrx_word' id='word_1_406' title='bbox 1220 4908 1395 4962; x_wconf 78' lang='grc' dir='ltr'>πόλει</span> <span class='ocrx_word' id='word_1_407' title='bbox 1418 4925 1534 4965; x_wconf 90' lang='grc' dir='ltr'>σου</span> <span class='ocrx_word' id='word_1_408' title='bbox 1559 4911 1674 4981; x_wconf 81' lang='grc' dir='ltr'>τὴν</span> <span class='ocrx_word' id='word_1_409' title='bbox 1702 4916 1786 4969; x_wconf 85' lang='grc' dir='ltr'>εί-</span> 
     </span>
    </p>
   </div>
   <div class='ocr_carea' id='block_1_54' title="bbox 205 4990 1784 5082">
    <p class='ocr_par' dir='ltr' id='par_1_54' title="bbox 205 4990 1784 5082">
     <span class='ocr_line' id='line_1_54' title="bbox 205 4990 1784 5082; baseline 0.014 -40"><span class='ocrx_word' id='word_1_410' title='bbox 205 4991 360 5044; x_wconf 79' lang='grc' dir='ltr'>κόνα</span> <span class='ocrx_word' id='word_1_411' title='bbox 406 4990 606 5047; x_wconf 87' lang='grc' dir='ltr'>αὐτῶν</span> <span class='ocrx_word' id='word_1_412' title='bbox 635 4993 1081 5065; x_wconf 80' lang='grc' dir='ltr'>ἐξουδενώσεις.</span> <span class='ocrx_word' id='word_1_413' title='bbox 1126 5000 1347 5070; x_wconf 83' lang='grc' dir='ltr'>Λεγέτω</span> <span class='ocrx_word' id='word_1_414' title='bbox 1377 5006 1470 5059; x_wconf 79' lang='grc' dir='ltr'>καὶ</span> <span class='ocrx_word' id='word_1_415' title='bbox 1516 5007 1610 5061; x_wconf 90' lang='grc' dir='ltr'>νῦν</span> <span class='ocrx_word' id='word_1_416' title='bbox 1656 5012 1784 5082; x_wconf 78' lang='grc' dir='ltr'>περὶ</span> 
     </span>
    </p>
   </div>
   <div class='ocr_carea' id='block_1_55' title="bbox 202 5091 1785 5176">
    <p class='ocr_par' dir='ltr' id='par_1_55' title="bbox 202 5091 1785 5176">
     <span class='ocr_line' id='line_1_55' title="bbox 202 5091 1785 5176; baseline 0.015 -33"><span class='ocrx_word' id='word_1_417' title='bbox 202 5094 234 5159; x_wconf 79' lang='grc' dir='ltr'><strong>ή</strong></span> <span class='ocrx_word' id='word_1_418' title='bbox 245 5092 366 5161; x_wconf 84' lang='grc' dir='ltr'>μῶν</span> <span class='ocrx_word' id='word_1_419' title='bbox 398 5091 428 5143; x_wconf 95' lang='lat'>6</span> <span class='ocrx_word' id='word_1_420' title='bbox 463 5095 735 5167; x_wconf 86' lang='grc' dir='ltr'>μακάριος</span> <span class='ocrx_word' id='word_1_421' title='bbox 777 5099 940 5153; x_wconf 82' lang='grc' dir='ltr'>Δαυῖδ</span> <span class='ocrx_word' id='word_1_422' title='bbox 960 5116 974 5130; x_wconf 88' lang='grc'><strong>·</strong></span> <span class='ocrx_word' id='word_1_423' title='bbox 1013 5102 1332 5173; x_wconf 81' lang='grc' dir='ltr'>Γενηθήτω</span> <span class='ocrx_word' id='word_1_424' title='bbox 1352 5108 1390 5174; x_wconf 79' lang='grc' dir='ltr'>ἡ</span> <span class='ocrx_word' id='word_1_425' title='bbox 1418 5107 1559 5176; x_wconf 85' lang='grc' dir='ltr'>όδύς</span> <span class='ocrx_word' id='word_1_426' title='bbox 1585 5111 1785 5167; x_wconf 85' lang='grc' dir='ltr'>αὐτῶν</span> 
     </span>
    </p>
   </div>
   <div class='ocr_carea' id='block_1_56' title="bbox 201 5188 1783 5274">
    <p class='ocr_par' dir='ltr' id='par_1_56' title="bbox 201 5188 1783 5274">
     <span class='ocr_line' id='line_1_56' title="bbox 201 5188 1783 5274; baseline 0.015 -34"><span class='ocrx_word' id='word_1_427' title='bbox 201 5188 429 5255; x_wconf 78' lang='grc' dir='ltr'>σκότος</span> <span class='ocrx_word' id='word_1_428' title='bbox 449 5189 547 5244; x_wconf 81' lang='grc' dir='ltr'>καὶ</span> <span class='ocrx_word' id='word_1_429' title='bbox 586 5192 903 5264; x_wconf 78' lang='grc' dir='ltr'>ὀλίσθημα,</span> <span class='ocrx_word' id='word_1_430' title='bbox 931 5196 1028 5251; x_wconf 81' lang='grc' dir='ltr'>καί</span> <span class='ocrx_word' id='word_1_431' title='bbox 1057 5197 1313 5271; x_wconf 64' lang='grc' dir='ltr'>ἅγγελος</span> <span class='ocrx_word' id='word_1_432' title='bbox 1347 5201 1570 5274; x_wconf 83' lang='grc' dir='ltr'>Κυρίου</span> <span class='ocrx_word' id='word_1_433' title='bbox 1603 5224 1783 5264; x_wconf 83' lang='grc' dir='ltr'>κατα·-</span> 
     </span>
    </p>
   </div>
   <div class='ocr_carea' id='block_1_57' title="bbox 264 5506 1147 5564">
    <p class='ocr_par' dir='ltr' id='par_1_57' title="bbox 264 5506 1147 5564">
     <span class='ocr_line' id='line_1_57' title="bbox 264 5506 1147 5564; baseline 0.016 -13"><span class='ocrx_word' id='word_1_434' title='bbox 264 5506 290 5536; x_wconf 58' lang='lat'><strong>3</strong></span> <span class='ocrx_word' id='word_1_435' title='bbox 320 5506 401 5554; x_wconf 72' lang='lat' dir='ltr'>Sic</span> <span class='ocrx_word' id='word_1_436' title='bbox 423 5507 735 5560; x_wconf 78' lang='lat' dir='ltr'>resliluimus</span> <span class='ocrx_word' id='word_1_437' title='bbox 754 5525 814 5561; x_wconf 80' lang='lat' dir='ltr'>ex</span> <span class='ocrx_word' id='word_1_438' title='bbox 853 5513 1010 5564; x_wconf 81' lang='lat' dir='ltr'>tribus</span> <span class='ocrx_word' id='word_1_439' title='bbox 1033 5529 1147 5564; x_wconf 86' lang='lat' dir='ltr'>mss.</span> 
     </span>
    </p>
   </div>
   <div class='ocr_carea' id='block_1_58' title="bbox 250 5564 1773 5677">
    <p class='ocr_par' dir='ltr' id='par_1_58' title="bbox 250 5564 1773 5677">
     <span class='ocr_line' id='line_1_58' title="bbox 250 5564 1773 5677; baseline 0.014 -63"><span class='ocrx_word' id='word_1_440' title='bbox 250 5564 404 5677; x_wconf 43' lang='lat' dir='ltr'>£31m</span> <span class='ocrx_word' id='word_1_441' title='bbox 440 5582 570 5620; x_wconf 85' lang='lat' dir='ltr'>unus</span> <span class='ocrx_word' id='word_1_442' title='bbox 620 5580 774 5635; x_wconf 72' lang='lat' dir='ltr'>recte,</span> <span class='ocrx_word' id='word_1_443' title='bbox 816 5584 866 5627; x_wconf 74' lang='lat' dir='ltr'>et</span> <span class='ocrx_word' id='word_1_444' title='bbox 904 5578 974 5626; x_wconf 91' lang='lat' dir='ltr'>sic</span> <span class='ocrx_word' id='word_1_445' title='bbox 1012 5579 1137 5643; x_wconf 70' lang='lat' dir='ltr'>legit</span> <span class='ocrx_word' id='word_1_446' title='bbox 1179 5579 1445 5644; x_wconf 80' lang='lat' dir='ltr'>interpres.</span> <span class='ocrx_word' id='word_1_447' title='bbox 1494 5583 1601 5634; x_wconf 69' lang='grc' dir='ltr'>Δνῆ</span> <span class='ocrx_word' id='word_1_448' title='bbox 1634 5585 1773 5648; x_wconf 69' lang='grc' dir='ltr'>εὐαγ-</span> 
     </span>
     <span class='ocr_line' id='line_1_59' title="bbox 333 5646 399 5677; baseline 0 0"><span class='ocrx_word' id='word_1_449' title='bbox 333 5646 399 5677; x_wconf 77' lang='grc' dir='ltr'>οε.</span> 
     </span>
    </p>
   </div>
   <div class='ocr_carea' id='block_1_59' title="bbox 199 5646 399 5690">
    <p class='ocr_par' dir='ltr' id='par_1_59' title="bbox 199 5646 399 5690">
     <span class='ocr_line' id='line_1_60' title="bbox 199 5646 399 5690; baseline -0.005 -10"><span class='ocrx_word' id='word_1_450' title='bbox 199 5646 399 5690; x_wconf 69' lang='grc' dir='ltr'>γελικος.</span> 
     </span>
    </p>
   </div>
   <div class='ocr_carea' id='block_1_60' title="bbox 1928 903 3499 975">
    <p class='ocr_par' dir='ltr' id='par_1_60' title="bbox 1928 903 3499 975">
     <span class='ocr_line' id='line_1_61' title="bbox 1928 903 3499 975; baseline -0.001 -16"><span class='ocrx_word' id='word_1_451' title='bbox 1928 907 2022 959; x_wconf 77' lang='grc' dir='ltr'>καὶ</span> <span class='ocrx_word' id='word_1_452' title='bbox 2046 904 2276 975; x_wconf 86' lang='grc' dir='ltr'>λέγομεν</span> <span class='ocrx_word' id='word_1_453' title='bbox 2302 905 2424 959; x_wconf 87' lang='grc' dir='ltr'>καθ’</span> <span class='ocrx_word' id='word_1_454' title='bbox 2447 904 2674 968; x_wconf 80' lang='grc' dir='ltr'>ἑαυτούς</span> <span class='ocrx_word' id='word_1_455' title='bbox 2691 919 2706 934; x_wconf 74' lang='grc' dir='ltr'><strong><em>ο</em></strong></span> <span class='ocrx_word' id='word_1_456' title='bbox 2738 905 2803 957; x_wconf 90' lang='grc' dir='ltr'>Τί</span> <span class='ocrx_word' id='word_1_457' title='bbox 2829 904 3054 973; x_wconf 89' lang='grc' dir='ltr'>γίνεται,</span> <span class='ocrx_word' id='word_1_458' title='bbox 3070 903 3172 964; x_wconf 73' lang='grc' dir='ltr'>ἐάν</span> <span class='ocrx_word' id='word_1_459' title='bbox 3202 903 3275 975; x_wconf 86' lang='grc' dir='ltr'>μὴ</span> <span class='ocrx_word' id='word_1_460' title='bbox 3300 903 3499 975; x_wconf 81' lang='grc' dir='ltr'>εὑρεθῇ</span> 
     </span>
    </p>
   </div>
   <div class='ocr_carea' id='block_1_61' title="bbox 1928 992 3611 1065">
    <p class='ocr_par' dir='ltr' id='par_1_61' title="bbox 1928 992 3611 1065">
     <span class='ocr_line' id='line_1_62' title="bbox 1928 992 3611 1065; baseline 0.002 -18"><span class='ocrx_word' id='word_1_461' title='bbox 1928 992 2265 1065; x_wconf 86' lang='grc' dir='ltr'>στρατιώτης</span> <span class='ocrx_word' id='word_1_462' title='bbox 2284 996 2342 1047; x_wconf 87' lang='grc' dir='ltr'>ἐν</span> <span class='ocrx_word' id='word_1_463' title='bbox 2363 996 2477 1058; x_wconf 83' lang='grc' dir='ltr'>τοῖς</span> <span class='ocrx_word' id='word_1_464' title='bbox 2500 994 2692 1064; x_wconf 86' lang='grc' dir='ltr'>μέρεσι</span> <span class='ocrx_word' id='word_1_465' title='bbox 2717 993 2924 1057; x_wconf 86' lang='grc' dir='ltr'>τούτοις</span> <span class='ocrx_word' id='word_1_466' title='bbox 2945 1010 2959 1058; x_wconf 89' lang='grc'><strong>;</strong></span> <span class='ocrx_word' id='word_1_467' title='bbox 2989 993 3084 1046; x_wconf 85' lang='grc' dir='ltr'>ἐὰν</span> <span class='ocrx_word' id='word_1_468' title='bbox 3104 992 3234 1063; x_wconf 72' lang='grc' dir='ltr'>πρὶν</span> <span class='ocrx_word' id='word_1_469' title='bbox 3262 993 3294 1063; x_wconf 82' lang='grc' dir='ltr'>ἢ</span> <span class='ocrx_word' id='word_1_470' title='bbox 3317 994 3499 1065; x_wconf 80' lang='grc' dir='ltr'>φθάσῃ</span> <span class='ocrx_word' id='word_1_471' title='bbox 3597 1021 3611 1029; x_wconf 52' lang='grc' dir='ltr'><strong>κ</strong></span> 
     </span>
    </p>
   </div>
   <div class='ocr_carea' id='block_1_62' title="bbox 1924 1083 3497 1157">
    <p class='ocr_par' dir='ltr' id='par_1_62' title="bbox 1924 1083 3497 1157">
     <span class='ocr_line' id='line_1_63' title="bbox 1924 1083 3497 1157; baseline -0.001 -18"><span class='ocrx_word' id='word_1_472' title='bbox 1924 1087 1953 1139; x_wconf 90' lang='lat'>6</span> <span class='ocrx_word' id='word_1_473' title='bbox 1999 1085 2325 1156; x_wconf 81' lang='grc' dir='ltr'>στρατηγὸς,</span> <span class='ocrx_word' id='word_1_474' title='bbox 2375 1086 2584 1148; x_wconf 85' lang='grc' dir='ltr'>πάντας</span> <span class='ocrx_word' id='word_1_475' title='bbox 2616 1084 2932 1155; x_wconf 83' lang='grc' dir='ltr'>πορθήσωσι</span> <span class='ocrx_word' id='word_1_476' title='bbox 2952 1124 2966 1147; x_wconf 92' lang='grc'>,</span> <span class='ocrx_word' id='word_1_477' title='bbox 2997 1083 3051 1137; x_wconf 87' lang='grc' dir='ltr'>τί</span> <span class='ocrx_word' id='word_1_478' title='bbox 3078 1084 3371 1153; x_wconf 87' lang='grc' dir='ltr'>ποιοῦμεν;</span> <span class='ocrx_word' id='word_1_479' title='bbox 3406 1084 3497 1157; x_wconf 79' lang='grc' dir='ltr'>Μὴ</span> 
     </span>
    </p>
   </div>
   <div class='ocr_carea' id='block_1_63' title="bbox 1923 1174 3497 1249">
    <p class='ocr_par' dir='ltr' id='par_1_63' title="bbox 1923 1174 3497 1249">
     <span class='ocr_line' id='line_1_64' title="bbox 1923 1174 3497 1249; baseline 0 -21"><span class='ocrx_word' id='word_1_480' title='bbox 1923 1175 2032 1246; x_wconf 82' lang='grc' dir='ltr'>γὰρ</span> <span class='ocrx_word' id='word_1_481' title='bbox 2065 1176 2249 1246; x_wconf 87' lang='grc' dir='ltr'>ἐπειδὴ</span> <span class='ocrx_word' id='word_1_482' title='bbox 2295 1176 2359 1229; x_wconf 84' lang='grc' dir='ltr'>σύ</span> <span class='ocrx_word' id='word_1_483' title='bbox 2392 1176 2753 1249; x_wconf 83' lang='grc' dir='ltr'>προλαμϐάνῃ</span> <span class='ocrx_word' id='word_1_484' title='bbox 2773 1214 2788 1239; x_wconf 87' lang='grc'>,</span> <span class='ocrx_word' id='word_1_485' title='bbox 2824 1175 2919 1230; x_wconf 75' lang='grc' dir='ltr'>καὶ</span> <span class='ocrx_word' id='word_1_486' title='bbox 2943 1174 3076 1238; x_wconf 84' lang='grc' dir='ltr'>Θεὸς</span> <span class='ocrx_word' id='word_1_487' title='bbox 3118 1175 3497 1247; x_wconf 66' lang='grc' dir='ltr'>προλαμϐάνει</span> 
     </span>
    </p>
   </div>
   <div class='ocr_carea' id='block_1_64' title="bbox 1922 1264 3495 1345">
    <p class='ocr_par' dir='ltr' id='par_1_64' title="bbox 1922 1264 3495 1345">
     <span class='ocr_line' id='line_1_65' title="bbox 1922 1264 3495 1345; baseline -0.001 -24"><span class='ocrx_word' id='word_1_488' title='bbox 1922 1285 2047 1335; x_wconf 90' lang='grc' dir='ltr'>ται;</span> <span class='ocrx_word' id='word_1_489' title='bbox 2081 1267 2156 1340; x_wconf 86' lang='grc' dir='ltr'>μὴ</span> <span class='ocrx_word' id='word_1_490' title='bbox 2197 1267 2306 1339; x_wconf 82' lang='grc' dir='ltr'>γὰρ</span> <span class='ocrx_word' id='word_1_491' title='bbox 2337 1266 2522 1339; x_wconf 83' lang='grc' dir='ltr'>ἐπειδὴ</span> <span class='ocrx_word' id='word_1_492' title='bbox 2553 1269 2756 1345; x_wconf 22' lang='grc' dir='ltr'>σύᾏούκ</span> <span class='ocrx_word' id='word_1_493' title='bbox 2786 1264 2839 1321; x_wconf 78' lang='grc' dir='ltr'>εἶ</span> <span class='ocrx_word' id='word_1_494' title='bbox 2878 1267 3176 1338; x_wconf 86' lang='grc' dir='ltr'>πανταχοῦ,</span> <span class='ocrx_word' id='word_1_495' title='bbox 3220 1267 3352 1331; x_wconf 88' lang='grc' dir='ltr'>Θεὸς</span> <span class='ocrx_word' id='word_1_496' title='bbox 3394 1268 3495 1320; x_wconf 88' lang='grc' dir='ltr'>οὐκ</span> 
     </span>
    </p>
   </div>
   <div class='ocr_carea' id='block_1_65' title="bbox 1920 1358 3494 1430">
    <p class='ocr_par' dir='ltr' id='par_1_65' title="bbox 1920 1358 3494 1430">
     <span class='ocr_line' id='line_1_66' title="bbox 1920 1358 3494 1430; baseline 0.001 -18"><span class='ocrx_word' id='word_1_497' title='bbox 1920 1359 2053 1413; x_wconf 65' lang='grc' dir='ltr'>ἐστι’</span> <span class='ocrx_word' id='word_1_498' title='bbox 2080 1359 2386 1429; x_wconf 88' lang='grc' dir='ltr'>πανταχοῦ;</span> <span class='ocrx_word' id='word_1_499' title='bbox 2421 1358 2496 1430; x_wconf 81' lang='grc' dir='ltr'>μὴ</span> <span class='ocrx_word' id='word_1_500' title='bbox 2524 1358 2633 1429; x_wconf 82' lang='grc' dir='ltr'>γάρ</span> <span class='ocrx_word' id='word_1_501' title='bbox 2658 1359 2718 1413; x_wconf 90' lang='grc' dir='ltr'>τὸ</span> <span class='ocrx_word' id='word_1_502' title='bbox 2751 1359 2848 1429; x_wconf 81' lang='grc' dir='ltr'>μὲν</span> <span class='ocrx_word' id='word_1_503' title='bbox 2890 1358 3110 1411; x_wconf 86' lang='grc' dir='ltr'>δύναται</span> <span class='ocrx_word' id='word_1_504' title='bbox 3142 1358 3294 1423; x_wconf 85' lang='grc' dir='ltr'>Θεὸς,</span> <span class='ocrx_word' id='word_1_505' title='bbox 3344 1359 3405 1411; x_wconf 91' lang='grc' dir='ltr'>τὸ</span> <span class='ocrx_word' id='word_1_506' title='bbox 3436 1359 3494 1413; x_wconf 83' lang='grc' dir='ltr'>δὲ</span> 
     </span>
    </p>
   </div>
   <div class='ocr_carea' id='block_1_66' title="bbox 1919 1447 3493 1519">
    <p class='ocr_par' dir='ltr' id='par_1_66' title="bbox 1919 1447 3493 1519">
     <span class='ocr_line' id='line_1_67' title="bbox 1919 1447 3493 1519; baseline 0.001 -17"><span class='ocrx_word' id='word_1_507' title='bbox 1919 1450 1979 1502; x_wconf 87' lang='grc' dir='ltr'>οὐ</span> <span class='ocrx_word' id='word_1_508' title='bbox 2010 1447 2262 1513; x_wconf 89' lang='grc' dir='ltr'>δύναται;</span> <span class='ocrx_word' id='word_1_509' title='bbox 2299 1449 2361 1501; x_wconf 85' lang='grc' dir='ltr'>Ἢ</span> <span class='ocrx_word' id='word_1_510' title='bbox 2393 1448 2596 1519; x_wconf 70' lang='grc' dir='ltr'>ἄψυχος</span> <span class='ocrx_word' id='word_1_511' title='bbox 2630 1449 2870 1503; x_wconf 89' lang='grc' dir='ltr'>θάλασσα</span> <span class='ocrx_word' id='word_1_512' title='bbox 2908 1450 3204 1519; x_wconf 83' lang='grc' dir='ltr'>ὑπήκουσε,</span> <span class='ocrx_word' id='word_1_513' title='bbox 3238 1452 3333 1504; x_wconf 74' lang='grc' dir='ltr'>καὶ</span> <span class='ocrx_word' id='word_1_514' title='bbox 3362 1450 3493 1505; x_wconf 84' lang='grc' dir='ltr'>ἐϐύ-</span> 
     </span>
    </p>
   </div>
   <div class='ocr_carea' id='block_1_67' title="bbox 1920 1540 3488 1615">
    <p class='ocr_par' dir='ltr' id='par_1_67' title="bbox 1920 1540 3488 1615">
     <span class='ocr_line' id='line_1_68' title="bbox 1920 1540 3488 1615; baseline 0.001 -20"><span class='ocrx_word' id='word_1_515' title='bbox 1920 1542 2069 1595; x_wconf 82' lang='grc' dir='ltr'>θισεν</span> <span class='ocrx_word' id='word_1_516' title='bbox 2088 1557 2103 1571; x_wconf 88' lang='grc'><strong>·</strong></span> <span class='ocrx_word' id='word_1_517' title='bbox 2135 1542 2183 1594; x_wconf 89' lang='grc' dir='ltr'>οἱ</span> <span class='ocrx_word' id='word_1_518' title='bbox 2212 1540 2395 1609; x_wconf 78' lang='grc' dir='ltr'>ἄλογοι</span> <span class='ocrx_word' id='word_1_519' title='bbox 2430 1540 2611 1611; x_wconf 78' lang='grc' dir='ltr'>ἰχθύες</span> <span class='ocrx_word' id='word_1_520' title='bbox 2648 1541 2967 1612; x_wconf 78' lang='grc' dir='ltr'>ὑπήκουσαν</span> <span class='ocrx_word' id='word_1_521' title='bbox 2984 1545 3052 1615; x_wconf 82' lang='grc' dir='ltr'>τῇ</span> <span class='ocrx_word' id='word_1_522' title='bbox 3078 1543 3222 1615; x_wconf 78' lang='grc' dir='ltr'>ἄγρᾳ</span> <span class='ocrx_word' id='word_1_523' title='bbox 3243 1543 3451 1615; x_wconf 85' lang='grc' dir='ltr'>Πέτρου</span> <span class='ocrx_word' id='word_1_524' title='bbox 3473 1562 3488 1577; x_wconf 91' lang='grc'><strong>·</strong></span> 
     </span>
    </p>
   </div>
   <div class='ocr_carea' id='block_1_68' title="bbox 1917 1629 3490 1704">
    <p class='ocr_par' dir='ltr' id='par_1_68' title="bbox 1917 1629 3490 1704">
     <span class='ocr_line' id='line_1_69' title="bbox 1917 1629 3490 1704; baseline 0.004 -20"><span class='ocrx_word' id='word_1_525' title='bbox 1917 1631 2012 1685; x_wconf 74' lang='grc' dir='ltr'>καὶ</span> <span class='ocrx_word' id='word_1_526' title='bbox 2042 1629 2290 1699; x_wconf 81' lang='grc' dir='ltr'>ἄγγελος,</span> <span class='ocrx_word' id='word_1_527' title='bbox 2318 1631 2414 1685; x_wconf 82' lang='grc' dir='ltr'>ἐὰν</span> <span class='ocrx_word' id='word_1_528' title='bbox 2438 1630 2700 1704; x_wconf 84' lang='grc' dir='ltr'>κελευσθῇ</span> <span class='ocrx_word' id='word_1_529' title='bbox 2728 1673 2742 1696; x_wconf 93' lang='grc'>,</span> <span class='ocrx_word' id='word_1_530' title='bbox 2770 1633 2924 1697; x_wconf 86' lang='grc' dir='ltr'>ὅλους</span> <span class='ocrx_word' id='word_1_531' title='bbox 2951 1635 3050 1687; x_wconf 84' lang='grc' dir='ltr'>οὐκ</span> <span class='ocrx_word' id='word_1_532' title='bbox 3073 1636 3326 1703; x_wconf 83' lang='grc' dir='ltr'>ἀφανίσει</span> <span class='ocrx_word' id='word_1_533' title='bbox 3365 1638 3490 1699; x_wconf 79' lang='grc' dir='ltr'>τοὺς</span> 
     </span>
    </p>
   </div>
   <div class='ocr_carea' id='block_1_69' title="bbox 1916 1722 3487 1798">
    <p class='ocr_par' dir='ltr' id='par_1_69' title="bbox 1916 1722 3487 1798">
     <span class='ocr_line' id='line_1_70' title="bbox 1916 1722 3487 1798; baseline 0.004 -22"><span class='ocrx_word' id='word_1_534' title='bbox 1916 1722 2142 1793; x_wconf 79' lang='grc' dir='ltr'>ἐχθροὺς</span> <span class='ocrx_word' id='word_1_535' title='bbox 2168 1722 2265 1793; x_wconf 81' lang='grc' dir='ltr'>τῆς</span> <span class='ocrx_word' id='word_1_536' title='bbox 2290 1722 2574 1794; x_wconf 87' lang='grc' dir='ltr'>ἀληθείας;</span> <span class='ocrx_word' id='word_1_537' title='bbox 2597 1725 2778 1778; x_wconf 57' lang='grc' dir='ltr'>Μόνον)</span> <span class='ocrx_word' id='word_1_538' title='bbox 2805 1725 3084 1796; x_wconf 72' lang='grc' dir='ltr'>νήφωμεν,</span> <span class='ocrx_word' id='word_1_539' title='bbox 3108 1727 3274 1796; x_wconf 83' lang='grc' dir='ltr'>μόνον</span> <span class='ocrx_word' id='word_1_540' title='bbox 3306 1746 3487 1798; x_wconf 85' lang='grc' dir='ltr'>παρα-</span> 
     </span>
    </p>
   </div>
   <div class='ocr_carea' id='block_1_70' title="bbox 1916 1810 3488 1888">
    <p class='ocr_par' dir='ltr' id='par_1_70' title="bbox 1916 1810 3488 1888">
     <span class='ocr_line' id='line_1_71' title="bbox 1916 1810 3488 1888; baseline 0.003 -21"><span class='ocrx_word' id='word_1_541' title='bbox 1916 1814 2254 1884; x_wconf 86' lang='grc' dir='ltr'>καλέσωμεν,</span> <span class='ocrx_word' id='word_1_542' title='bbox 2286 1813 2450 1883; x_wconf 84' lang='grc' dir='ltr'>μόνον</span> <span class='ocrx_word' id='word_1_543' title='bbox 2480 1814 2866 1886; x_wconf 84' lang='grc' dir='ltr'>ίκετεύσωμεν.</span> <span class='ocrx_word' id='word_1_544' title='bbox 2904 1817 3154 1888; x_wconf 85' lang='grc' dir='ltr'>Ἐνόμισέ</span> <span class='ocrx_word' id='word_1_545' title='bbox 3180 1835 3264 1881; x_wconf 86' lang='grc' dir='ltr'>τις</span> <span class='ocrx_word' id='word_1_546' title='bbox 3289 1810 3488 1883; x_wconf 61' lang='grc' dir='ltr'>ὲν“τοῖς</span> 
     </span>
    </p>
   </div>
   <div class='ocr_carea' id='block_1_71' title="bbox 1914 1906 3485 1982">
    <p class='ocr_par' dir='ltr' id='par_1_71' title="bbox 1914 1906 3485 1982">
     <span class='ocr_line' id='line_1_72' title="bbox 1914 1906 3485 1982; baseline 0.002 -22"><span class='ocrx_word' id='word_1_547' title='bbox 1914 1906 2164 1978; x_wconf 89' lang='grc' dir='ltr'>ἀρχαίοις</span> <span class='ocrx_word' id='word_1_548' title='bbox 2196 1907 2570 1981; x_wconf 85' lang='grc' dir='ltr'>στρατηλάτης</span> <span class='ocrx_word' id='word_1_549' title='bbox 2599 1909 2850 1981; x_wconf 75' lang='grc' dir='ltr'>ἀριστοςο</span> <span class='ocrx_word' id='word_1_550' title='bbox 2888 1908 3031 1978; x_wconf 81' lang='grc' dir='ltr'>λέγω</span> <span class='ocrx_word' id='word_1_551' title='bbox 3068 1908 3132 1982; x_wconf 79' lang='grc' dir='ltr'>δὴ</span> <span class='ocrx_word' id='word_1_552' title='bbox 3174 1909 3338 1981; x_wconf 79' lang='grc' dir='ltr'>κοινῷ</span> <span class='ocrx_word' id='word_1_553' title='bbox 3365 1911 3485 1963; x_wconf 84' lang='grc' dir='ltr'>ὀνό-</span> 
     </span>
    </p>
   </div>
   <div class='ocr_carea' id='block_1_72' title="bbox 1915 2001 3487 2079">
    <p class='ocr_par' dir='ltr' id='par_1_72' title="bbox 1915 2001 3487 2079">
     <span class='ocr_line' id='line_1_73' title="bbox 1915 2001 3487 2079; baseline 0.004 -27"><span class='ocrx_word' id='word_1_554' title='bbox 1915 2016 2067 2070; x_wconf 90' lang='grc' dir='ltr'>ματι,</span> <span class='ocrx_word' id='word_1_555' title='bbox 2099 2001 2187 2056; x_wconf 76' lang='grc' dir='ltr'>ἵνα</span> <span class='ocrx_word' id='word_1_556' title='bbox 2207 2003 2341 2056; x_wconf 82' lang='grc' dir='ltr'>πᾶσι</span> <span class='ocrx_word' id='word_1_557' title='bbox 2365 2004 2669 2076; x_wconf 89' lang='grc' dir='ltr'>κατάδηλος</span> <span class='ocrx_word' id='word_1_558' title='bbox 2686 2004 2911 2076; x_wconf 85' lang='grc' dir='ltr'>γένηται</span> <span class='ocrx_word' id='word_1_559' title='bbox 2928 2023 2941 2037; x_wconf 74' lang='grc' dir='ltr'><strong><em>ο</em></strong></span> <span class='ocrx_word' id='word_1_560' title='bbox 2971 2005 3189 2077; x_wconf 88' lang='grc' dir='ltr'>ἐνόμισέ</span> <span class='ocrx_word' id='word_1_561' title='bbox 3213 2023 3297 2070; x_wconf 89' lang='grc' dir='ltr'>τις</span> <span class='ocrx_word' id='word_1_562' title='bbox 3320 2024 3487 2079; x_wconf 75' lang='grc' dir='ltr'>στραο</span> 
     </span>
    </p>
   </div>
   <div class='ocr_carea' id='block_1_73' title="bbox 1911 2091 3484 2166">
    <p class='ocr_par' dir='ltr' id='par_1_73' title="bbox 1911 2091 3484 2166">
     <span class='ocr_line' id='line_1_74' title="bbox 1911 2091 3484 2166; baseline 0.003 -22"><span class='ocrx_word' id='word_1_563' title='bbox 1911 2091 2079 2162; x_wconf 88' lang='grc' dir='ltr'>τηγὸς</span> <span class='ocrx_word' id='word_1_564' title='bbox 2104 2092 2212 2145; x_wconf 87' lang='grc' dir='ltr'>τῶν</span> <span class='ocrx_word' id='word_1_565' title='bbox 2243 2093 2552 2162; x_wconf 81' lang='grc' dir='ltr'>ἀλλοφύλων</span> <span class='ocrx_word' id='word_1_566' title='bbox 2585 2097 2614 2148; x_wconf 91' lang='lat'>6</span> <span class='ocrx_word' id='word_1_567' title='bbox 2650 2095 2888 2166; x_wconf 84' lang='grc' dir='ltr'>Σισάρα·</span> <span class='ocrx_word' id='word_1_568' title='bbox 2923 2095 3193 2166; x_wconf 79' lang='grc' dir='ltr'>μέμνηται</span> <span class='ocrx_word' id='word_1_569' title='bbox 3223 2094 3279 2148; x_wconf 83' lang='grc' dir='ltr'>δὲ</span> <span class='ocrx_word' id='word_1_570' title='bbox 3319 2094 3484 2149; x_wconf 90' lang='grc' dir='ltr'>αὐτοῦ</span> 
     </span>
    </p>
   </div>
   <div class='ocr_carea' id='block_1_74' title="bbox 1913 2182 3482 2253">
    <p class='ocr_par' dir='ltr' id='par_1_74' title="bbox 1913 2182 3482 2253">
     <span class='ocr_line' id='line_1_75' title="bbox 1913 2182 3482 2253; baseline 0.002 -18"><span class='ocrx_word' id='word_1_571' title='bbox 1913 2182 2008 2236; x_wconf 73' lang='grc' dir='ltr'>καὶ</span> <span class='ocrx_word' id='word_1_572' title='bbox 2037 2182 2198 2238; x_wconf 81' lang='grc' dir='ltr'>Δαυῒδ</span> <span class='ocrx_word' id='word_1_573' title='bbox 2230 2183 2402 2252; x_wconf 85' lang='grc' dir='ltr'>λέγων</span> <span class='ocrx_word' id='word_1_574' title='bbox 2422 2202 2437 2215; x_wconf 70' lang='grc' dir='ltr'>ι</span> <span class='ocrx_word' id='word_1_575' title='bbox 2466 2186 2733 2252; x_wconf 85' lang='grc' dir='ltr'>Ποίησον</span> <span class='ocrx_word' id='word_1_576' title='bbox 2768 2184 2976 2251; x_wconf 46' lang='grc' dir='ltr'>αὐτοῖς,</span> <span class='ocrx_word' id='word_1_577' title='bbox 3007 2185 3085 2248; x_wconf 83' lang='grc' dir='ltr'>ὠς</span> <span class='ocrx_word' id='word_1_578' title='bbox 3114 2183 3188 2252; x_wconf 80' lang='grc' dir='ltr'>τῇ</span> <span class='ocrx_word' id='word_1_579' title='bbox 3220 2183 3482 2253; x_wconf 68' lang='grc' dir='ltr'>Μαδιάμ,</span> 
     </span>
    </p>
   </div>
   <div class='ocr_carea' id='block_1_75' title="bbox 1911 2271 3484 2344">
    <p class='ocr_par' dir='ltr' id='par_1_75' title="bbox 1911 2271 3484 2344">
     <span class='ocr_line' id='line_1_76' title="bbox 1911 2271 3484 2344; baseline 0.002 -19"><span class='ocrx_word' id='word_1_580' title='bbox 1911 2272 2010 2326; x_wconf 78' lang='grc' dir='ltr'>καί</span> <span class='ocrx_word' id='word_1_581' title='bbox 2046 2271 2126 2338; x_wconf 86' lang='grc' dir='ltr'>τῷ</span> <span class='ocrx_word' id='word_1_582' title='bbox 2165 2274 2409 2343; x_wconf 75' lang='grc' dir='ltr'>Σισάρα,</span> <span class='ocrx_word' id='word_1_583' title='bbox 2455 2275 2537 2341; x_wconf 83' lang='grc' dir='ltr'>ὡς</span> <span class='ocrx_word' id='word_1_584' title='bbox 2581 2272 2664 2340; x_wconf 80' lang='grc' dir='ltr'>τῷ</span> <span class='ocrx_word' id='word_1_585' title='bbox 2712 2275 2929 2344; x_wconf 74' lang='grc' dir='ltr'>Ἰαϐεἱμ</span> <span class='ocrx_word' id='word_1_586' title='bbox 2964 2275 3033 2327; x_wconf 74' lang='grc' dir='ltr'>ἐν</span> <span class='ocrx_word' id='word_1_587' title='bbox 3068 2272 3148 2339; x_wconf 80' lang='grc' dir='ltr'>τῷ</span> <span class='ocrx_word' id='word_1_588' title='bbox 3191 2273 3484 2344; x_wconf 70' lang='grc' dir='ltr'>χειμάρρῳ</span> 
     </span>
    </p>
   </div>
   <div class='ocr_carea' id='block_1_76' title="bbox 1908 2360 3480 2437">
    <p class='ocr_par' dir='ltr' id='par_1_76' title="bbox 1908 2360 3480 2437">
     <span class='ocr_line' id='line_1_77' title="bbox 1908 2360 3480 2437; baseline 0.001 -20"><span class='ocrx_word' id='word_1_589' title='bbox 1908 2364 2175 2420; x_wconf 82' lang='grc' dir='ltr'>Κισσῶν.</span> <span class='ocrx_word' id='word_1_590' title='bbox 2216 2366 2272 2419; x_wconf 87' lang='lat'>&#39;0</span> <span class='ocrx_word' id='word_1_591' title='bbox 2313 2365 2518 2437; x_wconf 76' lang='grc' dir='ltr'>Ἰαϐεὶμ</span> <span class='ocrx_word' id='word_1_592' title='bbox 2549 2366 2803 2436; x_wconf 78' lang='grc' dir='ltr'>βασιλεὺς</span> <span class='ocrx_word' id='word_1_593' title='bbox 2841 2360 2910 2437; x_wconf 74' lang='grc' dir='ltr'>ἦν</span> <span class='ocrx_word' id='word_1_594' title='bbox 2955 2364 3063 2420; x_wconf 88' lang='grc' dir='ltr'>τῶν</span> <span class='ocrx_word' id='word_1_595' title='bbox 3093 2365 3424 2434; x_wconf 79' lang='grc' dir='ltr'>ἀλλοφύλων,</span> <span class='ocrx_word' id='word_1_596' title='bbox 3452 2368 3480 2418; x_wconf 83' lang='lat'>6</span> 
     </span>
    </p>
   </div>
   <div class='ocr_carea' id='block_1_77' title="bbox 1907 2450 3483 2528">
    <p class='ocr_par' dir='ltr' id='par_1_77' title="bbox 1907 2450 3483 2528">
     <span class='ocr_line' id='line_1_78' title="bbox 1907 2450 3483 2528; baseline 0.003 -23"><span class='ocrx_word' id='word_1_597' title='bbox 1907 2453 2116 2525; x_wconf 91' lang='grc' dir='ltr'>Σισάρα</span> <span class='ocrx_word' id='word_1_598' title='bbox 2159 2456 2612 2526; x_wconf 85' lang='grc' dir='ltr'>ἀρχιστράτηγος.</span> <span class='ocrx_word' id='word_1_599' title='bbox 2659 2450 2768 2509; x_wconf 81' lang='grc' dir='ltr'>Ἦν</span> <span class='ocrx_word' id='word_1_600' title='bbox 2811 2455 2960 2527; x_wconf 84' lang='grc' dir='ltr'>αὐτῷ</span> <span class='ocrx_word' id='word_1_601' title='bbox 3010 2457 3232 2527; x_wconf 72' lang='grc' dir='ltr'>ἅρματα</span> <span class='ocrx_word' id='word_1_602' title='bbox 3288 2456 3483 2528; x_wconf 81' lang='grc' dir='ltr'>σιδηρᾶ</span> 
     </span>
    </p>
   </div>
   <div class='ocr_carea' id='block_1_78' title="bbox 1906 2544 3479 2617">
    <p class='ocr_par' dir='ltr' id='par_1_78' title="bbox 1906 2544 3479 2617">
     <span class='ocr_line' id='line_1_79' title="bbox 1906 2544 3479 2617; baseline 0.001 -19"><span class='ocrx_word' id='word_1_603' title='bbox 1906 2544 2223 2611; x_wconf 76' lang='grc' dir='ltr'>ὀκτακόσια,</span> <span class='ocrx_word' id='word_1_604' title='bbox 2242 2546 2338 2599; x_wconf 79' lang='grc' dir='ltr'>καὶ</span> <span class='ocrx_word' id='word_1_605' title='bbox 2366 2545 2567 2616; x_wconf 84' lang='grc' dir='ltr'>πλῆθος</span> <span class='ocrx_word' id='word_1_606' title='bbox 2591 2547 2837 2617; x_wconf 81' lang='grc' dir='ltr'>ἄπειρον.</span> <span class='ocrx_word' id='word_1_607' title='bbox 2856 2545 3126 2617; x_wconf 83' lang='grc' dir='ltr'>Ἐφοϐήθη</span> <span class='ocrx_word' id='word_1_608' title='bbox 3152 2547 3181 2598; x_wconf 91' lang='lat'>6</span> <span class='ocrx_word' id='word_1_609' title='bbox 3212 2545 3340 2611; x_wconf 84' lang='grc' dir='ltr'>λαὸς</span> <span class='ocrx_word' id='word_1_610' title='bbox 3369 2546 3479 2599; x_wconf 85' lang='grc' dir='ltr'>τῶν</span> 
     </span>
    </p>
   </div>
   <div class='ocr_carea' id='block_1_79' title="bbox 1919 2632 3479 2707">
    <p class='ocr_par' dir='ltr' id='par_1_79' title="bbox 1919 2632 3479 2707">
     <span class='ocr_line' id='line_1_80' title="bbox 1919 2632 3479 2707; baseline -0.001 -19"><span class='ocrx_word' id='word_1_611' title='bbox 1919 2633 2207 2699; x_wconf 82' lang='grc' dir='ltr'>Ἰουδαίων,</span> <span class='ocrx_word' id='word_1_612' title='bbox 2237 2632 2345 2689; x_wconf 76' lang='grc' dir='ltr'>εἶδε</span> <span class='ocrx_word' id='word_1_613' title='bbox 2380 2634 2440 2689; x_wconf 90' lang='grc' dir='ltr'>τὸ</span> <span class='ocrx_word' id='word_1_614' title='bbox 2473 2636 2651 2704; x_wconf 81' lang='grc' dir='ltr'>νέφος,</span> <span class='ocrx_word' id='word_1_615' title='bbox 2682 2637 2777 2689; x_wconf 73' lang='grc' dir='ltr'>καὶ</span> <span class='ocrx_word' id='word_1_616' title='bbox 2819 2634 3023 2707; x_wconf 75' lang='grc' dir='ltr'>ἔφριξε.</span> <span class='ocrx_word' id='word_1_617' title='bbox 3058 2635 3122 2687; x_wconf 88' lang='grc' dir='ltr'>Τί</span> <span class='ocrx_word' id='word_1_618' title='bbox 3156 2632 3248 2688; x_wconf 78' lang='grc' dir='ltr'>οὖν</span> <span class='ocrx_word' id='word_1_619' title='bbox 3283 2637 3313 2689; x_wconf 88' lang='lat'>6</span> <span class='ocrx_word' id='word_1_620' title='bbox 3358 2634 3479 2704; x_wconf 85' lang='grc' dir='ltr'>φιλ-</span> 
     </span>
    </p>
   </div>
   <div class='ocr_carea' id='block_1_80' title="bbox 1906 2725 3477 2801">
    <p class='ocr_par' dir='ltr' id='par_1_80' title="bbox 1906 2725 3477 2801">
     <span class='ocr_line' id='line_1_81' title="bbox 1906 2725 3477 2801; baseline 0.001 -21"><span class='ocrx_word' id='word_1_621' title='bbox 1906 2727 2189 2801; x_wconf 81' lang='grc' dir='ltr'>ἅνθρωπος</span> <span class='ocrx_word' id='word_1_622' title='bbox 2229 2726 2362 2790; x_wconf 89' lang='grc' dir='ltr'>Θεὸς</span> <span class='ocrx_word' id='word_1_623' title='bbox 2396 2725 2544 2796; x_wconf 89' lang='grc' dir='ltr'>λέγει</span> <span class='ocrx_word' id='word_1_624' title='bbox 2590 2727 2679 2781; x_wconf 78' lang='grc' dir='ltr'>διὰ</span> <span class='ocrx_word' id='word_1_625' title='bbox 2708 2727 2810 2798; x_wconf 82' lang='grc' dir='ltr'>τῆς</span> <span class='ocrx_word' id='word_1_626' title='bbox 2850 2727 3175 2798; x_wconf 83' lang='grc' dir='ltr'>προφήτιδος</span> <span class='ocrx_word' id='word_1_627' title='bbox 3219 2726 3477 2797; x_wconf 86' lang='grc' dir='ltr'>Δεϐώρας</span> 
     </span>
    </p>
   </div>
   <div class='ocr_carea' id='block_1_81' title="bbox 1902 2817 3476 2890">
    <p class='ocr_par' dir='ltr' id='par_1_81' title="bbox 1902 2817 3476 2890">
     <span class='ocr_line' id='line_1_82' title="bbox 1902 2817 3476 2890; baseline -0.001 -18"><span class='ocrx_word' id='word_1_628' title='bbox 1902 2818 1981 2890; x_wconf 80' lang='grc' dir='ltr'>τῷ</span> <span class='ocrx_word' id='word_1_629' title='bbox 2025 2819 2325 2889; x_wconf 83' lang='grc' dir='ltr'>ὐπερμάχῳ</span> <span class='ocrx_word' id='word_1_630' title='bbox 2370 2819 2469 2889; x_wconf 82' lang='grc' dir='ltr'>τῆς</span> <span class='ocrx_word' id='word_1_631' title='bbox 2518 2818 2836 2884; x_wconf 86' lang='grc' dir='ltr'>εὐσεϐείας;</span> <span class='ocrx_word' id='word_1_632' title='bbox 2874 2819 2971 2886; x_wconf 80' lang='grc' dir='ltr'>Μὴ</span> <span class='ocrx_word' id='word_1_633' title='bbox 3014 2817 3314 2887; x_wconf 71' lang='grc' dir='ltr'>φοϐηθῇς*</span> <span class='ocrx_word' id='word_1_634' title='bbox 3345 2818 3476 2872; x_wconf 81' lang='grc' dir='ltr'>ιδοὺ</span> 
     </span>
    </p>
   </div>
   <div class='ocr_carea' id='block_1_82' title="bbox 1901 2910 3480 2980">
    <p class='ocr_par' dir='ltr' id='par_1_82' title="bbox 1901 2910 3480 2980">
     <span class='ocr_line' id='line_1_83' title="bbox 1901 2910 3480 2980; baseline 0 -17"><span class='ocrx_word' id='word_1_635' title='bbox 1901 2910 2273 2978; x_wconf 82' lang='grc' dir='ltr'>παραδίδωσι</span> <span class='ocrx_word' id='word_1_636' title='bbox 2300 2924 2398 2963; x_wconf 90' lang='grc' dir='ltr'>σοι</span> <span class='ocrx_word' id='word_1_637' title='bbox 2425 2912 2613 2965; x_wconf 77' lang='grc' dir='ltr'>αὐτὸν</span> <span class='ocrx_word' id='word_1_638' title='bbox 2633 2913 2846 2979; x_wconf 84' lang='grc' dir='ltr'>Κύριος</span> <span class='ocrx_word' id='word_1_639' title='bbox 2868 2913 2955 2976; x_wconf 80' lang='grc' dir='ltr'>είς</span> <span class='ocrx_word' id='word_1_640' title='bbox 2980 2910 3086 2976; x_wconf 84' lang='grc' dir='ltr'>τὰς</span> <span class='ocrx_word' id='word_1_641' title='bbox 3109 2910 3312 2980; x_wconf 69' lang='grc' dir='ltr'>χεῖράς</span> <span class='ocrx_word' id='word_1_642' title='bbox 3332 2927 3480 2974; x_wconf 80' lang='grc' dir='ltr'>σου,</span> 
     </span>
    </p>
   </div>
   <div class='ocr_carea' id='block_1_83' title="bbox 1901 3001 3474 3073">
    <p class='ocr_par' dir='ltr' id='par_1_83' title="bbox 1901 3001 3474 3073">
     <span class='ocr_line' id='line_1_84' title="bbox 1901 3001 3474 3073; baseline -0.001 -18"><span class='ocrx_word' id='word_1_643' title='bbox 1901 3002 1993 3055; x_wconf 81' lang='grc' dir='ltr'>καὶ</span> <span class='ocrx_word' id='word_1_644' title='bbox 2022 3002 2173 3055; x_wconf 78' lang='grc' dir='ltr'>ἔσται</span> <span class='ocrx_word' id='word_1_645' title='bbox 2199 3001 2262 3054; x_wconf 90' lang='grc' dir='ltr'>τὸ</span> <span class='ocrx_word' id='word_1_646' title='bbox 2295 3001 2625 3072; x_wconf 86' lang='grc' dir='ltr'>κατόρθωμα</span> <span class='ocrx_word' id='word_1_647' title='bbox 2660 3002 2721 3055; x_wconf 92' lang='grc' dir='ltr'>οὐ</span> <span class='ocrx_word' id='word_1_648' title='bbox 2749 3002 2850 3071; x_wconf 85' lang='grc' dir='ltr'>τῆς</span> <span class='ocrx_word' id='word_1_649' title='bbox 2884 3002 3064 3073; x_wconf 78' lang='grc' dir='ltr'>χειρός</span> <span class='ocrx_word' id='word_1_650' title='bbox 3093 3019 3210 3064; x_wconf 82' lang='grc' dir='ltr'>σου,</span> <span class='ocrx_word' id='word_1_651' title='bbox 3250 3002 3366 3055; x_wconf 90' lang='grc' dir='ltr'>ἀλλ’</span> <span class='ocrx_word' id='word_1_652' title='bbox 3395 3003 3474 3065; x_wconf 88' lang='grc' dir='ltr'>εἰς</span> 
     </span>
    </p>
   </div>
   <div class='ocr_carea' id='block_1_84' title="bbox 1900 3090 3474 3162">
    <p class='ocr_par' dir='ltr' id='par_1_84' title="bbox 1900 3090 3474 3162">
     <span class='ocr_line' id='line_1_85' title="bbox 1900 3090 3474 3162; baseline 0 -21"><span class='ocrx_word' id='word_1_653' title='bbox 1900 3091 2086 3161; x_wconf 80' lang='grc' dir='ltr'>χεῖρας</span> <span class='ocrx_word' id='word_1_654' title='bbox 2113 3090 2389 3158; x_wconf 81' lang='grc' dir='ltr'>γυναικός.</span> <span class='ocrx_word' id='word_1_655' title='bbox 2434 3091 2608 3145; x_wconf 85' lang='grc' dir='ltr'>Βλέπε</span> <span class='ocrx_word' id='word_1_656' title='bbox 2641 3092 2759 3155; x_wconf 85' lang='grc' dir='ltr'>πῶς</span> <span class='ocrx_word' id='word_1_657' title='bbox 2799 3093 2828 3144; x_wconf 92' lang='lat'>6</span> <span class='ocrx_word' id='word_1_658' title='bbox 2858 3091 2989 3155; x_wconf 87' lang='grc' dir='ltr'>Θεὸς</span> <span class='ocrx_word' id='word_1_659' title='bbox 3032 3091 3135 3162; x_wconf 73' lang='grc' dir='ltr'>τὴν</span> <span class='ocrx_word' id='word_1_660' title='bbox 3161 3091 3474 3157; x_wconf 78' lang='grc' dir='ltr'>ἀλαζονείαν</span> 
     </span>
    </p>
   </div>
   <div class='ocr_carea' id='block_1_85' title="bbox 1898 3178 3468 3252">
    <p class='ocr_par' dir='ltr' id='par_1_85' title="bbox 1898 3178 3468 3252">
     <span class='ocr_line' id='line_1_86' title="bbox 1898 3178 3468 3252; baseline 0.003 -22"><span class='ocrx_word' id='word_1_661' title='bbox 1898 3178 2180 3233; x_wconf 86' lang='grc' dir='ltr'>ἐκόλασεν.</span> <span class='ocrx_word' id='word_1_662' title='bbox 2216 3180 2441 3251; x_wconf 77' lang='grc' dir='ltr'>’Ἄνδρες</span> <span class='ocrx_word' id='word_1_663' title='bbox 2466 3181 2564 3250; x_wconf 87' lang='grc' dir='ltr'>οὐχ</span> <span class='ocrx_word' id='word_1_664' title='bbox 2609 3180 2943 3251; x_wconf 82' lang='grc' dir='ltr'>ὑπέστησαν,</span> <span class='ocrx_word' id='word_1_665' title='bbox 2978 3182 3073 3235; x_wconf 75' lang='grc' dir='ltr'>καὶ</span> <span class='ocrx_word' id='word_1_666' title='bbox 3105 3181 3242 3251; x_wconf 83' lang='grc' dir='ltr'>γυνὴ</span> <span class='ocrx_word' id='word_1_667' title='bbox 3277 3184 3468 3252; x_wconf 77' lang='grc' dir='ltr'>ἐστρα-</span> 
     </span>
    </p>
   </div>
   <div class='ocr_carea' id='block_1_86' title="bbox 1897 3268 3469 3343">
    <p class='ocr_par' dir='ltr' id='par_1_86' title="bbox 1897 3268 3469 3343">
     <span class='ocr_line' id='line_1_87' title="bbox 1897 3268 3469 3343; baseline 0.003 -23"><span class='ocrx_word' id='word_1_668' title='bbox 1897 3268 2155 3340; x_wconf 84' lang='grc' dir='ltr'>τήγησεν.</span> <span class='ocrx_word' id='word_1_669' title='bbox 2209 3270 2468 3342; x_wconf 82' lang='grc' dir='ltr'>Εἰσῆλθεν</span> <span class='ocrx_word' id='word_1_670' title='bbox 2505 3274 2535 3326; x_wconf 91' lang='lat'>6</span> <span class='ocrx_word' id='word_1_671' title='bbox 2567 3272 2775 3342; x_wconf 86' lang='grc' dir='ltr'>Σισάρα</span> <span class='ocrx_word' id='word_1_672' title='bbox 2810 3271 3026 3340; x_wconf 83' lang='grc' dir='ltr'>φεύγων</span> <span class='ocrx_word' id='word_1_673' title='bbox 3057 3273 3192 3343; x_wconf 88' lang='grc' dir='ltr'>πρὸς</span> <span class='ocrx_word' id='word_1_674' title='bbox 3233 3272 3332 3343; x_wconf 82' lang='grc' dir='ltr'>τὴν</span> <span class='ocrx_word' id='word_1_675' title='bbox 3371 3290 3469 3341; x_wconf 85' lang='grc' dir='ltr'>γυ-</span> 
     </span>
    </p>
   </div>
   <div class='ocr_carea' id='block_1_87' title="bbox 1897 3360 3470 3435">
    <p class='ocr_par' dir='ltr' id='par_1_87' title="bbox 1897 3360 3470 3435">
     <span class='ocr_line' id='line_1_88' title="bbox 1897 3360 3470 3435; baseline 0.006 -24"><span class='ocrx_word' id='word_1_676' title='bbox 1897 3362 2057 3413; x_wconf 86' lang='grc' dir='ltr'>ναῖκα</span> <span class='ocrx_word' id='word_1_677' title='bbox 2074 3360 2217 3432; x_wconf 82' lang='grc' dir='ltr'>Ἰαὴλ</span> <span class='ocrx_word' id='word_1_678' title='bbox 2242 3360 2563 3434; x_wconf 89' lang='grc' dir='ltr'>λεγομένην,</span> <span class='ocrx_word' id='word_1_679' title='bbox 2587 3364 2683 3416; x_wconf 76' lang='grc' dir='ltr'>καὶ</span> <span class='ocrx_word' id='word_1_680' title='bbox 2707 3362 2948 3416; x_wconf 88' lang='grc' dir='ltr'>καύσωνι</span> <span class='ocrx_word' id='word_1_681' title='bbox 2967 3364 3401 3435; x_wconf 82' lang='grc' dir='ltr'>κατειλημμένος</span> <span class='ocrx_word' id='word_1_682' title='bbox 3423 3368 3470 3427; x_wconf 68' lang='grc' dir='ltr'>θ,</span> 
     </span>
    </p>
   </div>
   <div class='ocr_carea' id='block_1_88' title="bbox 1899 3450 3466 3524">
    <p class='ocr_par' dir='ltr' id='par_1_88' title="bbox 1899 3450 3466 3524">
     <span class='ocr_line' id='line_1_89' title="bbox 1899 3450 3466 3524; baseline 0.004 -20"><span class='ocrx_word' id='word_1_683' title='bbox 1899 3450 2045 3504; x_wconf 70' lang='grc' dir='ltr'>αἰτεῖ</span> <span class='ocrx_word' id='word_1_684' title='bbox 2074 3451 2205 3522; x_wconf 88' lang='grc' dir='ltr'>παρ’</span> <span class='ocrx_word' id='word_1_685' title='bbox 2235 3452 2405 3522; x_wconf 82' lang='grc' dir='ltr'>αὐτῆς</span> <span class='ocrx_word' id='word_1_686' title='bbox 2447 3451 2624 3524; x_wconf 75' lang='grc' dir='ltr'>ὕδωρ·</span> <span class='ocrx_word' id='word_1_687' title='bbox 2674 3455 2707 3524; x_wconf 79' lang='grc' dir='ltr'>ἡ</span> <span class='ocrx_word' id='word_1_688' title='bbox 2746 3453 2806 3507; x_wconf 85' lang='grc' dir='ltr'>δὲ</span> <span class='ocrx_word' id='word_1_689' title='bbox 2852 3454 3057 3519; x_wconf 81' lang='grc' dir='ltr'>ποτίζει</span> <span class='ocrx_word' id='word_1_690' title='bbox 3093 3455 3257 3508; x_wconf 87' lang='grc' dir='ltr'>αὐτὸν</span> <span class='ocrx_word' id='word_1_691' title='bbox 3302 3455 3466 3524; x_wconf 86' lang='grc' dir='ltr'>γάλα.</span> 
     </span>
    </p>
   </div>
   <div class='ocr_carea' id='block_1_89' title="bbox 1896 3539 3471 3617">
    <p class='ocr_par' dir='ltr' id='par_1_89' title="bbox 1896 3539 3471 3617">
     <span class='ocr_line' id='line_1_90' title="bbox 1896 3539 3471 3617; baseline 0.006 -25"><span class='ocrx_word' id='word_1_692' title='bbox 1896 3539 2041 3610; x_wconf 87' lang='grc' dir='ltr'>Ὅρα</span> <span class='ocrx_word' id='word_1_693' title='bbox 2065 3541 2256 3610; x_wconf 83' lang='grc' dir='ltr'>σοφίαν</span> <span class='ocrx_word' id='word_1_694' title='bbox 2281 3543 2557 3611; x_wconf 83' lang='grc' dir='ltr'>γυναικός.</span> <span class='ocrx_word' id='word_1_695' title='bbox 2594 3544 2947 3617; x_wconf 71' lang='grc' dir='ltr'>Ἐπειδὴ·γάρ</span> <span class='ocrx_word' id='word_1_696' title='bbox 2972 3540 3041 3616; x_wconf 83' lang='grc' dir='ltr'>ἦν</span> <span class='ocrx_word' id='word_1_697' title='bbox 3066 3547 3471 3616; x_wconf 72' lang='grc' dir='ltr'>καταψυκτικὸν</span> 
     </span>
    </p>
   </div>
   <div class='ocr_carea' id='block_1_90' title="bbox 1893 3629 3470 3708">
    <p class='ocr_par' dir='ltr' id='par_1_90' title="bbox 1893 3629 3470 3708">
     <span class='ocr_line' id='line_1_91' title="bbox 1893 3629 3470 3708; baseline 0.006 -26"><span class='ocrx_word' id='word_1_698' title='bbox 1893 3629 1953 3682; x_wconf 89' lang='grc' dir='ltr'>τὸ</span> <span class='ocrx_word' id='word_1_699' title='bbox 1980 3631 2143 3699; x_wconf 89' lang='grc' dir='ltr'>γάλα,</span> <span class='ocrx_word' id='word_1_700' title='bbox 2175 3634 2270 3686; x_wconf 72' lang='grc' dir='ltr'>καὶ</span> <span class='ocrx_word' id='word_1_701' title='bbox 2297 3634 2377 3698; x_wconf 88' lang='grc' dir='ltr'>είς</span> <span class='ocrx_word' id='word_1_702' title='bbox 2396 3633 2560 3689; x_wconf 75' lang='grc' dir='ltr'>ὕπνον</span> <span class='ocrx_word' id='word_1_703' title='bbox 2591 3636 3056 3708; x_wconf 88' lang='grc' dir='ltr'>προκαλούμενον,</span> <span class='ocrx_word' id='word_1_704' title='bbox 3074 3638 3280 3704; x_wconf 77' lang='grc' dir='ltr'>ποτίζει</span> <span class='ocrx_word' id='word_1_705' title='bbox 3307 3638 3470 3693; x_wconf 86' lang='grc' dir='ltr'>αὐτὸν</span> 
     </span>
    </p>
   </div>
   <div class='ocr_carea' id='block_1_91' title="bbox 1895 3720 3471 3800">
    <p class='ocr_par' dir='ltr' id='par_1_91' title="bbox 1895 3720 3471 3800">
     <span class='ocr_line' id='line_1_92' title="bbox 1895 3720 3471 3800; baseline 0.008 -26"><span class='ocrx_word' id='word_1_706' title='bbox 1895 3720 2057 3789; x_wconf 84' lang='grc' dir='ltr'>γάλα,</span> <span class='ocrx_word' id='word_1_707' title='bbox 2088 3723 2175 3777; x_wconf 83' lang='grc' dir='ltr'>ἵνα</span> <span class='ocrx_word' id='word_1_708' title='bbox 2202 3724 2476 3797; x_wconf 81' lang='grc' dir='ltr'>ἀληθεύσῃ</span> <span class='ocrx_word' id='word_1_709' title='bbox 2509 3727 2543 3797; x_wconf 83' lang='grc' dir='ltr'>ἡ</span> <span class='ocrx_word' id='word_1_710' title='bbox 2576 3727 2769 3798; x_wconf 81' lang='grc' dir='ltr'>Γραφὴ</span> <span class='ocrx_word' id='word_1_711' title='bbox 2798 3729 2831 3799; x_wconf 81' lang='grc' dir='ltr'>η</span> <span class='ocrx_word' id='word_1_712' title='bbox 2861 3728 3115 3797; x_wconf 86' lang='grc' dir='ltr'>λέγουσα,</span> <span class='ocrx_word' id='word_1_713' title='bbox 3150 3731 3329 3800; x_wconf 85' lang='grc' dir='ltr'>Ὗδωρ</span> <span class='ocrx_word' id='word_1_714' title='bbox 3358 3733 3471 3787; x_wconf 84' lang='grc' dir='ltr'>αὐ-</span> 
     </span>
    </p>
   </div>
   <div class='ocr_carea' id='block_1_92' title="bbox 1896 3810 3470 3897">
    <p class='ocr_par' dir='ltr' id='par_1_92' title="bbox 1896 3810 3470 3897">
     <span class='ocr_line' id='line_1_93' title="bbox 1896 3810 3470 3897; baseline 0.009 -34"><span class='ocrx_word' id='word_1_715' title='bbox 1896 3810 2010 3879; x_wconf 81' lang='grc' dir='ltr'>τὴν</span> <span class='ocrx_word' id='word_1_716' title='bbox 2034 3812 2245 3881; x_wconf 70' lang='grc' dir='ltr'>ᾔτησε,</span> <span class='ocrx_word' id='word_1_717' title='bbox 2285 3815 2384 3869; x_wconf 78' lang='grc' dir='ltr'>καί</span> <span class='ocrx_word' id='word_1_718' title='bbox 2408 3816 2563 3885; x_wconf 72' lang='grc' dir='ltr'>γάλα</span> <span class='ocrx_word' id='word_1_719' title='bbox 2593 3819 2837 3884; x_wconf 74' lang='grc' dir='ltr'>ἔδωκεν,</span> <span class='ocrx_word' id='word_1_720' title='bbox 2879 3821 2965 3874; x_wconf 85' lang='grc' dir='ltr'>ίνα</span> <span class='ocrx_word' id='word_1_721' title='bbox 2999 3822 3093 3879; x_wconf 74' lang='grc' dir='ltr'>καὶ</span> <span class='ocrx_word' id='word_1_722' title='bbox 3124 3823 3339 3897; x_wconf 73' lang='grc' dir='ltr'>ποτίσῃ,</span> <span class='ocrx_word' id='word_1_723' title='bbox 3372 3823 3470 3879; x_wconf 77' lang='grc' dir='ltr'>καὶ</span> 
     </span>
    </p>
   </div>
   <div class='ocr_carea' id='block_1_93' title="bbox 1894 3900 3465 3979">
    <p class='ocr_par' dir='ltr' id='par_1_93' title="bbox 1894 3900 3465 3979">
     <span class='ocr_line' id='line_1_94' title="bbox 1894 3900 3465 3979; baseline 0.008 -26"><span class='ocrx_word' id='word_1_724' title='bbox 1894 3902 2141 3976; x_wconf 79' lang='grc' dir='ltr'>κοιμίσῃ.</span> <span class='ocrx_word' id='word_1_725' title='bbox 2195 3900 2328 3958; x_wconf 79' lang='grc' dir='ltr'>Εῐτα</span> <span class='ocrx_word' id='word_1_726' title='bbox 2373 3905 2726 3975; x_wconf 88' lang='grc' dir='ltr'>κοιμηθέντος</span> <span class='ocrx_word' id='word_1_727' title='bbox 2771 3908 2866 3961; x_wconf 92' lang='grc' dir='ltr'>τοῦ</span> <span class='ocrx_word' id='word_1_728' title='bbox 2918 3909 3241 3979; x_wconf 79' lang='grc' dir='ltr'>ἀλλοφύλου,</span> <span class='ocrx_word' id='word_1_729' title='bbox 3284 3912 3465 3977; x_wconf 77' lang='grc' dir='ltr'>ἔλαϐε,</span> 
     </span>
    </p>
   </div>
   <div class='ocr_carea' id='block_1_94' title="bbox 1895 3993 3465 4071">
    <p class='ocr_par' dir='ltr' id='par_1_94' title="bbox 1895 3993 3465 4071">
     <span class='ocr_line' id='line_1_95' title="bbox 1895 3993 3465 4071; baseline 0.008 -27"><span class='ocrx_word' id='word_1_730' title='bbox 1895 3993 2081 4064; x_wconf 83' lang='grc' dir='ltr'>φησὶν,</span> <span class='ocrx_word' id='word_1_731' title='bbox 2108 3996 2141 4065; x_wconf 81' lang='grc' dir='ltr'>ὴ</span> <span class='ocrx_word' id='word_1_732' title='bbox 2170 3995 2308 4064; x_wconf 85' lang='grc' dir='ltr'>γυνὴ</span> <span class='ocrx_word' id='word_1_733' title='bbox 2334 3996 2514 4066; x_wconf 85' lang='grc' dir='ltr'>ἐκείνη</span> <span class='ocrx_word' id='word_1_734' title='bbox 2545 3997 2825 4052; x_wconf 88' lang='grc' dir='ltr'>πάσσαλον</span> <span class='ocrx_word' id='word_1_735' title='bbox 2857 4000 2953 4053; x_wconf 75' lang='grc' dir='ltr'>καὶ</span> <span class='ocrx_word' id='word_1_736' title='bbox 2984 4000 3217 4071; x_wconf 88' lang='grc' dir='ltr'>σφῦραν,</span> <span class='ocrx_word' id='word_1_737' title='bbox 3248 4004 3341 4057; x_wconf 80' lang='grc' dir='ltr'>καὶ</span> <span class='ocrx_word' id='word_1_738' title='bbox 3363 4007 3465 4056; x_wconf 84' lang='grc' dir='ltr'>ἐπ-</span> 
     </span>
    </p>
   </div>
   <div class='ocr_carea' id='block_1_95' title="bbox 1893 4079 3467 4160">
    <p class='ocr_par' dir='ltr' id='par_1_95' title="bbox 1893 4079 3467 4160">
     <span class='ocr_line' id='line_1_96' title="bbox 1893 4079 3467 4160; baseline 0.01 -27"><span class='ocrx_word' id='word_1_739' title='bbox 1893 4079 2098 4154; x_wconf 88' lang='grc' dir='ltr'>έδραμε</span> <span class='ocrx_word' id='word_1_740' title='bbox 2117 4084 2196 4155; x_wconf 85' lang='grc' dir='ltr'>τῷ</span> <span class='ocrx_word' id='word_1_741' title='bbox 2219 4084 2482 4157; x_wconf 87' lang='grc' dir='ltr'>πολεμίῳ.</span> <span class='ocrx_word' id='word_1_742' title='bbox 2510 4087 2620 4140; x_wconf 79' lang='grc' dir='ltr'>Καὶ</span> <span class='ocrx_word' id='word_1_743' title='bbox 2646 4088 2747 4160; x_wconf 86' lang='grc' dir='ltr'>ὅρα</span> <span class='ocrx_word' id='word_1_744' title='bbox 2772 4090 2964 4155; x_wconf 89' lang='grc' dir='ltr'>σοφίαν</span> <span class='ocrx_word' id='word_1_745' title='bbox 2990 4092 3266 4159; x_wconf 85' lang='grc' dir='ltr'>γυναικός.</span> <span class='ocrx_word' id='word_1_746' title='bbox 3297 4094 3393 4147; x_wconf 76' lang='grc' dir='ltr'>Διὰ</span> <span class='ocrx_word' id='word_1_747' title='bbox 3414 4097 3467 4148; x_wconf 90' lang='grc' dir='ltr'>τί</span> 
     </span>
    </p>
   </div>
   <div class='ocr_carea' id='block_1_96' title="bbox 1892 4176 3468 4255">
    <p class='ocr_par' dir='ltr' id='par_1_96' title="bbox 1892 4176 3468 4255">
     <span class='ocr_line' id='line_1_97' title="bbox 1892 4176 3468 4255; baseline 0.006 -26"><span class='ocrx_word' id='word_1_748' title='bbox 1892 4178 1994 4230; x_wconf 90' lang='grc' dir='ltr'>οὐκ</span> <span class='ocrx_word' id='word_1_749' title='bbox 2021 4177 2178 4230; x_wconf 79' lang='grc' dir='ltr'>ἔλαϐε</span> <span class='ocrx_word' id='word_1_750' title='bbox 2209 4176 2364 4245; x_wconf 83' lang='grc' dir='ltr'>ξίφος</span> <span class='ocrx_word' id='word_1_751' title='bbox 2479 4179 2770 4250; x_wconf 88' lang='grc' dir='ltr'>μάχαιραν,</span> <span class='ocrx_word' id='word_1_752' title='bbox 2806 4180 2939 4233; x_wconf 91' lang='grc' dir='ltr'>ἀλλά</span> <span class='ocrx_word' id='word_1_753' title='bbox 2963 4182 3270 4248; x_wconf 89' lang='grc' dir='ltr'>πάσσαλον;</span> <span class='ocrx_word' id='word_1_754' title='bbox 3309 4186 3468 4253; x_wconf 78' lang='grc' dir='ltr'>Ἐφο-</span> 
     </span>
    </p>
   </div>
   <div class='ocr_carea' id='block_1_97' title="bbox 1894 4270 3465 4350">
    <p class='ocr_par' dir='ltr' id='par_1_97' title="bbox 1894 4270 3465 4350">
     <span class='ocr_line' id='line_1_98' title="bbox 1894 4270 3465 4350; baseline 0.005 -27"><span class='ocrx_word' id='word_1_755' title='bbox 1894 4270 2054 4341; x_wconf 88' lang='grc' dir='ltr'>ϐήθη,</span> <span class='ocrx_word' id='word_1_756' title='bbox 2083 4270 2159 4334; x_wconf 86' lang='grc' dir='ltr'>ὡς</span> <span class='ocrx_word' id='word_1_757' title='bbox 2182 4270 2341 4340; x_wconf 82' lang='grc' dir='ltr'>γυνὴ,</span> <span class='ocrx_word' id='word_1_758' title='bbox 2361 4271 2435 4342; x_wconf 81' lang='grc' dir='ltr'>μὴ</span> <span class='ocrx_word' id='word_1_759' title='bbox 2457 4270 2684 4336; x_wconf 77' lang='grc' dir='ltr'>ἔξυπνος</span> <span class='ocrx_word' id='word_1_760' title='bbox 2704 4272 2991 4343; x_wconf 89' lang='grc' dir='ltr'>γενόμενος</span> <span class='ocrx_word' id='word_1_761' title='bbox 3019 4273 3296 4347; x_wconf 85' lang='grc' dir='ltr'>καταλάϐῃ</span> <span class='ocrx_word' id='word_1_762' title='bbox 3317 4274 3465 4350; x_wconf 68' lang='grc'>[415]</span> 
     </span>
    </p>
   </div>
   <div class='ocr_carea' id='block_1_98' title="bbox 1892 4361 3467 4436">
    <p class='ocr_par' dir='ltr' id='par_1_98' title="bbox 1892 4361 3467 4436">
     <span class='ocr_line' id='line_1_99' title="bbox 1892 4361 3467 4436; baseline 0.004 -19"><span class='ocrx_word' id='word_1_763' title='bbox 1892 4363 2062 4433; x_wconf 81' lang='grc' dir='ltr'>αὐτὴν</span> <span class='ocrx_word' id='word_1_764' title='bbox 2081 4361 2415 4432; x_wconf 86' lang='grc' dir='ltr'>κατέχουσαν</span> <span class='ocrx_word' id='word_1_765' title='bbox 2437 4361 2608 4432; x_wconf 83' lang='grc' dir='ltr'>ξίφος.</span> <span class='ocrx_word' id='word_1_766' title='bbox 2634 4363 2745 4417; x_wconf 78' lang='grc' dir='ltr'>Διά,</span> <span class='ocrx_word' id='word_1_767' title='bbox 2758 4364 2916 4417; x_wconf 88' lang='grc' dir='ltr'>τοῦτο</span> <span class='ocrx_word' id='word_1_768' title='bbox 2933 4366 2993 4418; x_wconf 92' lang='grc' dir='ltr'>οὐ</span> <span class='ocrx_word' id='word_1_769' title='bbox 3022 4365 3291 4436; x_wconf 74' lang='grc' dir='ltr'>λαμϐάνει.</span> <span class='ocrx_word' id='word_1_770' title='bbox 3304 4368 3467 4423; x_wconf 85' lang='grc' dir='ltr'>ὅπλον</span> 
     </span>
    </p>
   </div>
   <div class='ocr_carea' id='block_1_99' title="bbox 1891 4452 3466 4531">
    <p class='ocr_par' dir='ltr' id='par_1_99' title="bbox 1891 4452 3466 4531">
     <span class='ocr_line' id='line_1_100' title="bbox 1891 4452 3466 4531; baseline 0.005 -25"><span class='ocrx_word' id='word_1_771' title='bbox 1891 4452 2105 4524; x_wconf 82' lang='grc' dir='ltr'>ἀνδρὸς,</span> <span class='ocrx_word' id='word_1_772' title='bbox 2135 4452 2252 4506; x_wconf 82' lang='grc' dir='ltr'>ἀλλ’</span> <span class='ocrx_word' id='word_1_773' title='bbox 2279 4452 2617 4524; x_wconf 85' lang='grc' dir='ltr'>ἐπιτήδευμα</span> <span class='ocrx_word' id='word_1_774' title='bbox 2647 4457 2975 4523; x_wconf 74' lang='grc' dir='ltr'>γυναικεῖον.</span> <span class='ocrx_word' id='word_1_775' title='bbox 3011 4456 3173 4521; x_wconf 82' lang='grc' dir='ltr'>Ἐθος</span> <span class='ocrx_word' id='word_1_776' title='bbox 3200 4458 3309 4531; x_wconf 77' lang='grc' dir='ltr'>γάρ</span> <span class='ocrx_word' id='word_1_777' title='bbox 3343 4462 3466 4524; x_wconf 89' lang='grc' dir='ltr'>ταῖς</span> 
     </span>
    </p>
   </div>
   <div class='ocr_carea' id='block_1_100' title="bbox 1887 4543 3465 4624">
    <p class='ocr_par' dir='ltr' id='par_1_100' title="bbox 1887 4543 3465 4624">
     <span class='ocr_line' id='line_1_101' title="bbox 1887 4543 3465 4624; baseline 0.005 -26"><span class='ocrx_word' id='word_1_778' title='bbox 1887 4543 2314 4616; x_wconf 76' lang='grc' dir='ltr'>διεζωσμέναιςά</span> <span class='ocrx_word' id='word_1_779' title='bbox 2361 4545 2578 4614; x_wconf 72' lang='grc' dir='ltr'>γυναιξὶ</span> <span class='ocrx_word' id='word_1_780' title='bbox 2611 4546 2885 4601; x_wconf 90' lang='grc' dir='ltr'>πάσσαλον</span> <span class='ocrx_word' id='word_1_781' title='bbox 2912 4550 3269 4623; x_wconf 78' lang='grc' dir='ltr'>κατακρούειν</span> <span class='ocrx_word' id='word_1_782' title='bbox 3299 4555 3356 4606; x_wconf 87' lang='grc' dir='ltr'>ὲν</span> <span class='ocrx_word' id='word_1_783' title='bbox 3385 4552 3465 4624; x_wconf 81' lang='grc' dir='ltr'>τῷ</span> 
     </span>
    </p>
   </div>
   <div class='ocr_carea' id='block_1_101' title="bbox 1890 4633 3465 4709">
    <p class='ocr_par' dir='ltr' id='par_1_101' title="bbox 1890 4633 3465 4709">
     <span class='ocr_line' id='line_1_102' title="bbox 1890 4633 3465 4709; baseline 0.003 -22"><span class='ocrx_word' id='word_1_784' title='bbox 1890 4635 2074 4705; x_wconf 84' lang='grc' dir='ltr'>τοίχῳ,</span> <span class='ocrx_word' id='word_1_785' title='bbox 2109 4635 2203 4690; x_wconf 73' lang='grc' dir='ltr'>καὶ</span> <span class='ocrx_word' id='word_1_786' title='bbox 2231 4633 2375 4688; x_wconf 80' lang='grc' dir='ltr'>οὓτω</span> <span class='ocrx_word' id='word_1_787' title='bbox 2406 4635 2645 4706; x_wconf 84' lang='grc' dir='ltr'>μετιέναι</span> <span class='ocrx_word' id='word_1_788' title='bbox 2669 4633 2766 4709; x_wconf 80' lang='grc' dir='ltr'>τὴν</span> <span class='ocrx_word' id='word_1_789' title='bbox 2803 4635 2935 4689; x_wconf 77' lang='grc' dir='ltr'>ἰδίαν</span> <span class='ocrx_word' id='word_1_790' title='bbox 2966 4637 3247 4709; x_wconf 87' lang='grc' dir='ltr'>ἐργασίαν.</span> <span class='ocrx_word' id='word_1_791' title='bbox 3281 4640 3465 4692; x_wconf 80' lang='grc' dir='ltr'>Κατα-</span> 
     </span>
    </p>
   </div>
   <div class='ocr_carea' id='block_1_102' title="bbox 1888 4722 3466 4801">
    <p class='ocr_par' dir='ltr' id='par_1_102' title="bbox 1888 4722 3466 4801">
     <span class='ocr_line' id='line_1_103' title="bbox 1888 4722 3466 4801; baseline 0.003 -21"><span class='ocrx_word' id='word_1_792' title='bbox 1888 4726 2143 4791; x_wconf 83' lang='grc' dir='ltr'>σκευάζει</span> <span class='ocrx_word' id='word_1_793' title='bbox 2162 4722 2255 4781; x_wconf 83' lang='grc' dir='ltr'>οὖν</span> <span class='ocrx_word' id='word_1_794' title='bbox 2273 4727 2381 4780; x_wconf 87' lang='grc' dir='ltr'>ἀπὸ</span> <span class='ocrx_word' id='word_1_795' title='bbox 2403 4727 2497 4780; x_wconf 88' lang='grc' dir='ltr'>τοῦ</span> <span class='ocrx_word' id='word_1_796' title='bbox 2514 4727 2825 4782; x_wconf 81' lang='grc' dir='ltr'>ἀνυπόπτου</span> <span class='ocrx_word' id='word_1_797' title='bbox 2849 4728 2967 4782; x_wconf 86' lang='grc' dir='ltr'>ὁδὸν</span> <span class='ocrx_word' id='word_1_798' title='bbox 2992 4729 3144 4781; x_wconf 85' lang='grc' dir='ltr'>δευτέ</span> <span class='ocrx_word' id='word_1_799' title='bbox 3153 4747 3269 4801; x_wconf 79' lang='grc' dir='ltr'>ραν.</span> <span class='ocrx_word' id='word_1_800' title='bbox 3287 4730 3466 4785; x_wconf 80' lang='grc' dir='ltr'>Ἐπει-</span> 
     </span>
    </p>
   </div>
   <div class='ocr_carea' id='block_1_103' title="bbox 1884 4814 3461 4892">
    <p class='ocr_par' dir='ltr' id='par_1_103' title="bbox 1884 4814 3461 4892">
     <span class='ocr_line' id='line_1_104' title="bbox 1884 4814 3461 4892; baseline 0.001 -20"><span class='ocrx_word' id='word_1_801' title='bbox 1884 4816 1949 4889; x_wconf 81' lang='grc' dir='ltr'>δὴ</span> <span class='ocrx_word' id='word_1_802' title='bbox 1979 4818 2035 4871; x_wconf 79' lang='grc' dir='ltr'>δὲ</span> <span class='ocrx_word' id='word_1_803' title='bbox 2067 4820 2096 4871; x_wconf 94' lang='lat'>6</span> <span class='ocrx_word' id='word_1_804' title='bbox 2124 4817 2257 4882; x_wconf 80' lang='grc' dir='ltr'>Θεὸς</span> <span class='ocrx_word' id='word_1_805' title='bbox 2289 4818 2620 4891; x_wconf 82' lang='grc' dir='ltr'>συνήργησε,</span> <span class='ocrx_word' id='word_1_806' title='bbox 2670 4819 2764 4872; x_wconf 72' lang='grc' dir='ltr'>καὶ</span> <span class='ocrx_word' id='word_1_807' title='bbox 2790 4819 2925 4872; x_wconf 87' lang='grc' dir='ltr'>Θεοῦ</span> <span class='ocrx_word' id='word_1_808' title='bbox 2949 4814 3018 4891; x_wconf 79' lang='grc' dir='ltr'>ἦν</span> <span class='ocrx_word' id='word_1_809' title='bbox 3046 4818 3207 4892; x_wconf 79' lang='grc' dir='ltr'>ἔργον</span> <span class='ocrx_word' id='word_1_810' title='bbox 3236 4819 3461 4891; x_wconf 88' lang='grc' dir='ltr'>πληρῶ-</span> 
     </span>
    </p>
   </div>
   <div class='ocr_carea' id='block_1_104' title="bbox 1887 4907 3463 4985">
    <p class='ocr_par' dir='ltr' id='par_1_104' title="bbox 1887 4907 3463 4985">
     <span class='ocr_line' id='line_1_105' title="bbox 1887 4907 3463 4985; baseline 0.002 -22"><span class='ocrx_word' id='word_1_811' title='bbox 1887 4928 1977 4965; x_wconf 91' lang='grc' dir='ltr'>σαι</span> <span class='ocrx_word' id='word_1_812' title='bbox 1999 4910 2071 4964; x_wconf 86' lang='grc' dir='ltr'>τά</span> <span class='ocrx_word' id='word_1_813' title='bbox 2092 4911 2193 4982; x_wconf 82' lang='grc' dir='ltr'>τῆς</span> <span class='ocrx_word' id='word_1_814' title='bbox 2235 4911 2604 4983; x_wconf 81' lang='grc' dir='ltr'>προφητείας·</span> <span class='ocrx_word' id='word_1_815' title='bbox 2631 4912 2694 4964; x_wconf 90' lang='grc' dir='ltr'>οὐ</span> <span class='ocrx_word' id='word_1_816' title='bbox 2725 4910 2835 4983; x_wconf 83' lang='grc' dir='ltr'>γὰρ</span> <span class='ocrx_word' id='word_1_817' title='bbox 2869 4907 2937 4982; x_wconf 79' lang='grc' dir='ltr'>ἦν</span> <span class='ocrx_word' id='word_1_818' title='bbox 2968 4911 3183 4981; x_wconf 80' lang='grc' dir='ltr'>ἐκείνης</span> <span class='ocrx_word' id='word_1_819' title='bbox 3212 4911 3272 4965; x_wconf 84' lang='grc' dir='ltr'>τὸ</span> <span class='ocrx_word' id='word_1_820' title='bbox 3301 4929 3463 4985; x_wconf 85' lang='grc' dir='ltr'>στρα-</span> 
     </span>
    </p>
   </div>
   <div class='ocr_carea' id='block_1_105' title="bbox 1883 5000 3462 5076">
    <p class='ocr_par' dir='ltr' id='par_1_105' title="bbox 1883 5000 3462 5076">
     <span class='ocr_line' id='line_1_106' title="bbox 1883 5000 3462 5076; baseline -0.001 -20"><span class='ocrx_word' id='word_1_821' title='bbox 1883 5004 2108 5074; x_wconf 86' lang='grc' dir='ltr'>τήγημα</span> <span class='ocrx_word' id='word_1_822' title='bbox 2131 5042 2146 5067; x_wconf 87' lang='grc'>,</span> <span class='ocrx_word' id='word_1_823' title='bbox 2183 5003 2319 5058; x_wconf 85' lang='grc' dir='ltr'>ἀλλά</span> <span class='ocrx_word' id='word_1_824' title='bbox 2358 5003 2492 5057; x_wconf 82' lang='grc' dir='ltr'>Θεοῦ</span> <span class='ocrx_word' id='word_1_825' title='bbox 2521 5004 2581 5056; x_wconf 87' lang='grc' dir='ltr'>τὸ</span> <span class='ocrx_word' id='word_1_826' title='bbox 2629 5001 2991 5073; x_wconf 83' lang='grc' dir='ltr'>άπόφθεγμα’</span> <span class='ocrx_word' id='word_1_827' title='bbox 3035 5002 3139 5056; x_wconf 76' lang='grc' dir='ltr'>Ἐν</span> <span class='ocrx_word' id='word_1_828' title='bbox 3164 5000 3315 5071; x_wconf 77' lang='grc' dir='ltr'>χειρί</span> <span class='ocrx_word' id='word_1_829' title='bbox 3352 5003 3462 5076; x_wconf 84' lang='grc' dir='ltr'>γὰρ</span> 
     </span>
    </p>
   </div>
   <div class='ocr_carea' id='block_1_106' title="bbox 1883 5092 3455 5166">
    <p class='ocr_par' dir='ltr' id='par_1_106' title="bbox 1883 5092 3455 5166">
     <span class='ocr_line' id='line_1_107' title="bbox 1883 5092 3455 5166; baseline -0.002 -16"><span class='ocrx_word' id='word_1_830' title='bbox 1883 5098 2169 5165; x_wconf 80' lang='grc' dir='ltr'>γυναικὸς</span> <span class='ocrx_word' id='word_1_831' title='bbox 2202 5095 2375 5150; x_wconf 81' lang='grc' dir='ltr'>ἔσται</span> <span class='ocrx_word' id='word_1_832' title='bbox 2418 5097 2452 5150; x_wconf 87' lang='grc' dir='ltr'>ό</span> <span class='ocrx_word' id='word_1_833' title='bbox 2489 5092 2743 5160; x_wconf 84' lang='grc' dir='ltr'>θάνατός</span> <span class='ocrx_word' id='word_1_834' title='bbox 2781 5109 2916 5149; x_wconf 90' lang='grc' dir='ltr'>σου.</span> <span class='ocrx_word' id='word_1_835' title='bbox 2954 5094 3268 5166; x_wconf 80' lang='grc' dir='ltr'>Συνήργησε</span> <span class='ocrx_word' id='word_1_836' title='bbox 3303 5095 3455 5159; x_wconf 86' lang='grc' dir='ltr'>Θεὸς,</span> 
     </span>
    </p>
   </div>
   <div class='ocr_carea' id='block_1_107' title="bbox 1885 5190 3458 5267">
    <p class='ocr_par' dir='ltr' id='par_1_107' title="bbox 1885 5190 3458 5267">
     <span class='ocr_line' id='line_1_108' title="bbox 1885 5190 3458 5267; baseline -0.001 -20"><span class='ocrx_word' id='word_1_837' title='bbox 1885 5191 2040 5266; x_wconf 83' lang='grc' dir='ltr'>ὐπνῳ</span> <span class='ocrx_word' id='word_1_838' title='bbox 2062 5193 2230 5267; x_wconf 69' lang='grc' dir='ltr'>δήσαις</span> <span class='ocrx_word' id='word_1_839' title='bbox 2267 5194 2357 5248; x_wconf 83' lang='grc' dir='ltr'>τὸν</span> <span class='ocrx_word' id='word_1_840' title='bbox 2382 5190 2686 5265; x_wconf 78' lang='grc' dir='ltr'>ἀλάστορα,</span> <span class='ocrx_word' id='word_1_841' title='bbox 2714 5191 2807 5246; x_wconf 80' lang='grc' dir='ltr'>καὶ</span> <span class='ocrx_word' id='word_1_842' title='bbox 2860 5190 3096 5246; x_wconf 88' lang='grc' dir='ltr'>λαϐοῦσα</span> <span class='ocrx_word' id='word_1_843' title='bbox 3131 5192 3165 5264; x_wconf 83' lang='grc' dir='ltr'>ἠ</span> <span class='ocrx_word' id='word_1_844' title='bbox 3199 5190 3338 5264; x_wconf 75' lang='grc' dir='ltr'>γυνὴ</span> <span class='ocrx_word' id='word_1_845' title='bbox 3369 5192 3458 5246; x_wconf 73' lang='grc' dir='ltr'>τὸν</span> 
     </span>
    </p>
   </div>
   <div class='ocr_carea' id='block_1_108' title="bbox 1951 5518 3451 5586">
    <p class='ocr_par' dir='ltr' id='par_1_108' title="bbox 1951 5518 3451 5586">
     <span class='ocr_line' id='line_1_109' title="bbox 1951 5518 3451 5586; baseline -0.009 -4"><span class='ocrx_word' id='word_1_846' title='bbox 1951 5528 1973 5556; x_wconf 84' lang='grc'><strong><em>⁸</em></strong></span> <span class='ocrx_word' id='word_1_847' title='bbox 2002 5524 2135 5574; x_wconf 73' lang='lat' dir='ltr'>Unus</span> <span class='ocrx_word' id='word_1_848' title='bbox 2154 5522 2539 5585; x_wconf 77' lang='grc' dir='ltr'>κατειλημμένος.</span> <span class='ocrx_word' id='word_1_849' title='bbox 2565 5527 2717 5575; x_wconf 72' lang='lat' dir='ltr'>recte.</span> <span class='ocrx_word' id='word_1_850' title='bbox 2738 5521 2880 5575; x_wconf 77' lang='lat' dir='ltr'><strong>Alius</strong></span> <span class='ocrx_word' id='word_1_851' title='bbox 2902 5522 3250 5586; x_wconf 75' lang='grc' dir='ltr'>ἐπειλημμένος.</span> <span class='ocrx_word' id='word_1_852' title='bbox 3277 5518 3451 5568; x_wconf 69' lang='lat' dir='ltr'>Morel.</span> 
     </span>
    </p>
   </div>
   <div class='ocr_carea' id='block_1_109' title="bbox 1882 5586 2497 5645">
    <p class='ocr_par' dir='ltr' id='par_1_109' title="bbox 1882 5586 2497 5645">
     <span class='ocr_line' id='line_1_110' title="bbox 1882 5586 2497 5645; baseline -0.01 -7"><span class='ocrx_word' id='word_1_853' title='bbox 1882 5591 1936 5638; x_wconf 77' lang='grc' dir='ltr'>ει</span> <span class='ocrx_word' id='word_1_854' title='bbox 1959 5586 2109 5635; x_wconf 79' lang='lat' dir='ltr'>Savil.</span> <span class='ocrx_word' id='word_1_855' title='bbox 2134 5586 2497 5645; x_wconf 86' lang='grc' dir='ltr'>ἀπειλημμένος.</span> 
     </span>
    </p>
   </div>
   <div class='ocr_carea' id='block_1_110' title="bbox 1945 5647 2585 5710">
    <p class='ocr_par' dir='ltr' id='par_1_110' title="bbox 1945 5647 2585 5710">
     <span class='ocr_line' id='line_1_111' title="bbox 1945 5647 2585 5710; baseline -0.005 -12"><span class='ocrx_word' id='word_1_856' title='bbox 1945 5648 1972 5688; x_wconf 74' lang='grc' dir='ltr'><em>ά</em></span> <span class='ocrx_word' id='word_1_857' title='bbox 2014 5648 2120 5698; x_wconf 91' lang='lat' dir='ltr'>Duo</span> <span class='ocrx_word' id='word_1_858' title='bbox 2141 5660 2256 5698; x_wconf 79' lang='lat' dir='ltr'>mss.</span> <span class='ocrx_word' id='word_1_859' title='bbox 2279 5647 2585 5710; x_wconf 80' lang='grc' dir='ltr'>διαζομέναις.</span> 
     </span>
    </p>
   </div>
  </div>
