4050 6198
514 244 619 304 409

506 362 787 419 πάσσαλον
815 363 908 417 καὶ
935 362 1033 433 τὴν
1065 327 1297 433 σφῦρακί,
1317 345 1553 434 ’διήλασε
1588 364 1727 417 κατά
1753 365 1846 418 τοῦ
1883 363 2080 436 κροτά-

510 467 613 519 (pou
642 450 806 505 αὐτοῦ
829 450 1001 513 οὕτως
1042 449 1297 519 ἰσχυρῶς,
1325 450 1399 512 ὡς
1430 451 1525 503 καὶ
1552 451 1650 520 τῆς
1680 452 1782 520 γῆς
1806 450 2075 520 aenea:-

511 538 605 589 καὶ
650 535 792 590 οὔτω
832 533 1038 605 μεταξὺ
1070 536 1179 588 τῶν
1210 536 1385 589 ποδῶν
1408 537 1507 606 τῆς
1538 538 1793 605 γυναικὸς
1818 539 2076 590 ἀπέθανε.

580 623 648 685 ζ’.
689 621 781 693 Μὴ
809 621 985 675 λείπει
1006 622 1086 693 τῷ
1110 622 1232 692 Θεῷ
1256 624 1549 694 πρόφασις,
1570 625 1662 677 καὶ
1691 624 1779 677 ὅτε
1811 624 2077 694 βούλεται,

509 710 609 763 οῦκ
624 708 906 779 ἐμποδίζει
924 710 984 762 τὸ
1017 708 1092 781 μὴ
1117 712 1371 780 παρεῖναι
1393 727 1456 763 συ
1464 711 1728 781 μμαχίανο
1743 711 1877 764 Θεοῦ
1897 711 2080 776 ὅπλον,

509 796 644 851 Θεοῦ
679 796 1039 868 στρατιώτης,
1067 797 1204 851 Θεοῦ
1231 798 1481 869 δύναμις,
1508 799 1685 869 νεῦμα
1724 799 1885 870 μόνον
1917 799 2078 853 Θεοῦ.

510 884 601 955 Τῷ
625 883 846 955 Χριστῷ
869 883 1029 939 τοῦτο
1056 885 1300 956 εἴπωμεν
1317 903 1333 917 ·
1358 886 1496 939 Εἰπὲ
1534 886 1696 957 λόγῳ,
1727 888 1821 941 καὶ
1850 903 2082 958 σκορπισ

517 971 803 1042 «θήσονται
823 973 873 1024 οἱ
893 971 1075 1043 ἐχθροί
1107 989 1203 1027 σου
1222 989 1237 1004 ·
1262 973 1384 1027 είπέ
1414 973 1577 1043 λόγῳ,
1606 975 1702 1028 καὶ¹
1727 975 1971 1045 ἐλεήσεις
1984 975 2087 1046 τὴν

516 1058 668 1111 πόλιν
702 1074 827 1113 σου·
868 1059 990 1113 είπέ
1016 1059 1179 1131 λόγῳ,
1212 1061 1307 1114 καὶ
1349 1061 1712 1131 οἰκτειρήσεις
1753 1061 1846 1115 τὸν
1882 1062 2087 1131 κόσμον

513 1166 630 1204 σου.
664 1148 923 1220 Εῑπωμεν
959 1151 1137 1221 αὐτῷ’
1175 1151 1330 1207 Ἰδοὺ
1352 1155 1408 1205 οἱ
1431 1153 1633 1222 ἐχθροί
1665 1169 1783 1207 σου
1818 1153 2081 1222 ἤχησαν,

516 1238 614 1292 καὶ
644 1240 699 1294 oi
727 1238 1056 1308 μισοῦντές
1081 1254 1157 1292 σε
1188 1235 1341 1309 ἦραν
1361 1240 1655 1309 κεφαλήν.
1682 1241 1866 1304 Θέλεις
1896 1241 2089 1313 μαθεῖν

517 1326 609 1378 καὶ
639 1325 806 1396 ἄλλης
837 1325 1097 1395 γυναικὸς
1142 1329 1524 1399 στρατήγημα,
1554 1328 1740 1399 ἐπειδὴ
1778 1328 1935 1382 τοῦτο
1961 1329 2089 1397 ἠθέ-

516 1414 677 1483 λησεν
714 1414 744 1466 ό
774 1412 938 1479 Θεός;
977 1412 1171 1478 ’Δλλος
1207 1430 1292 1478 τις
1322 1409 1412 1484 ἦν,
1454 1413 1741 1484 ’Λειμελὲχ
1767 1413 1957 1483 ὄνομα,
2001 1415 2089 1467 ἀν-

516 1499 650 1552 ελὼν
667 1499 859 1554 ἐαυτοῦ
883 1499 1143 1569 ἀδελφοὺς
1169 1499 1555 1573 ἐϐδομήκοντα,
1569 1503 1665 1555 καὶ⁵
1682 1502 1961 1572 κρατήσας
1982 1502 2093 1555 ἀπὸ

518 1588 620 1657 τῆς
654 1586 907 1658 τοιαύτης
948 1586 1362 1657 ἀδελφοκτονίας
1382 1629 1398 1653 ,
1434 1588 1612 1642 πάντα
1645 1586 1736 1642 τὸν
1777 1588 1903 1642 λαὸν
1952 1588 2091 1658 ἔχων

518 1672 848 1745 ὑποχείριον,
874 1674 1235 1729 συνεπάλαισέ
1274 1693 1379 1730 τινι
1422 1676 1572 1730 πόλει
1602 1675 1965 1747 τειχομαχῶν,
1993 1678 2089 1730 καὶ

517 1758 737 1813 πάντων
779 1760 1169 1831 ναρκησάντων
1218 1762 1355 1833 πρὸς
1391 1762 1491 1833 τὴν
1533 1761 1661 1815 θέαν
1697 1760 1792 1815 τοῦ
1828 1761 2085 1833 πολέμου,

526 1847 683 1901 πάλιν
726 1848 755 1899 ό
789 1846 923 1912 Θεὸς
955 1848 1210 1918 γυναικὸς
1252 1852 1410 1922 χεῖρα
1442 1849 1739 1921 νευρώσας,
1789 1852 1934 1905 ποιεῖ
1968 1869 2089 1905 τινα

519 1937 751 1997 γυναῖκα
776 1936 1009 2008 φανῆναι
1037 1938 1103 1990 ἐκ
1127 1937 1221 1990 τοῦ
1248 1938 1459 2010 τείχους
1480 1978 1497 2001 ,
1521 1939 1643 2010 ἥτις
1672 1938 1892 2009 κλάσμα
1920 1938 2087 2011 μύλου

519 2021 779 2091 λαϐοῦσα,
804 2024 1067 2097 ἐπέρριψε
1090 2027 1156 2098 τῇ
1179 2027 1387 2098 κεφαλῇ
1409 2026 1504 2081 τοῦ
1531 2029 1815 2099 τυράννου.
1838 2029 1931 2083 καὶ
1962 2046 2090 2083 συν-

521 2110 742 2182 έτριψεν
770 2111 934 2166 αὑτοῦ
967 2113 1028 2167 τὸ
1063 2113 1304 2184 κρανίον.
1357 2114 1466 2168 Καὶ
1492 2116 1593 2186 ὅρα
1618 2114 1711 2168 τοῦ
1741 2116 2089 2189 ὑπερηφάνου

518 2198 617 2271 τὴν
646 2200 881 2271 ἄμετρον
908 2202 1104 2257 κακίαν
1131 2201 1621 2258 συναποθανοῦσαν.
1653 2205 1816 2274 Λέγει
1842 2206 1920 2275 τῷ
1953 2223 2092 2277 παρ-

521 2285 714 2340 εστῶτι
742 2287 1023 2360 δορυφόρῳ
1041 2305 1056 2321 ο
1082 2289 1320 2344 Σπὰσαι
1355 2290 1470 2360 τὴν
1496 2291 1798 2362 μάχαιράν
1825 2306 1964 2357 σου,
1992 2292 2092 2346 καί

522 2373 767 2439 πλῆξόν
800 2391 910 2444 με,
961 2375 1062 2429 ἵνα
1096 2375 1183 2445 μὴ
1227 2378 1473 2431 εῑπωσι·
1529 2379 1700 2447 Γυνὴ
1751 2379 1939 2433 αὑτὸν
1977 2381 2092 2435 ἀπ-

522 2462 769 2519 έκτεινε.
820 2463 893 2517 Τὸ
923 2466 1081 2536 σῶμα
1120 2466 1283 2520 αὑτοῦ
1327 2466 1660 2538 ἀπέθνησκε,
1710 2469 1804 2521 καὶ
1850 2470 1884 2539 ἡ
1923 2468 2094 2539 ὕπερ-

525 2550 732 2621 ηφανία
761 2550 951 2623 ἔμενεν
970 2568 985 2584 ⁸
1012 2551 1298 2607 ἀπετίθετο
1323 2552 1422 2626 τὴν
1457 2555 1626 2625 ζωὴν,
1652 2554 1745 2608 καὶ
1766 2556 1866 2608 οὐκ
1900 2554 2092 2609 ἀπετί-

527 2638 650 2691 θετο
673 2636 773 2709 τὴν
806 2637 1129 2705 κενοδοξίαν.
1159 2638 1271 2692 Καὶ
1296 2639 1390 2693 νῦν
1433 2640 1496 2693 οὐ
1537 2640 1711 2694 λείπει
1741 2641 1821 2713 τῷ
1848 2639 1967 2713 Θεῷ
1999 2646 2095 2697 Δε-

528 2724 710 2796 ϐώρα,
742 2725 804 2778 οὐ
828 2724 1003 2779 λείπει
1032 2726 1111 2799 τῷ
1143 2725 1263 2797 Θεῷ
1314 2727 1482 2799 Ἰαήλ.
1522 2730 1759 2799 Ἔχομεν
1797 2729 1891 2784 καὶ⁵
1936 2733 2097 2801 ἡμεῖς

529 2810 626 2881 τὴν
647 2810 810 2881 ἁγίαν
833 2811 1104 2883 Παρθένον
1125 2814 1219 2867 καὶ
1239 2813 1497 2868 Θεοτόκον
1522 2817 1738 2887 Μαρίαν
1764 2818 2096 2889 πρεσϐεύου-

532 2917 632 2955 σαν
658 2900 797 2973 ὑπὲρ
824 2902 1041 2973 ἡμῶνι.
1076 2902 1140 2957 El
1173 2904 1280 2973 γὰρ
1320 2905 1354 2975 ἡ
1405 2905 1642 2975 τυχοῦσα
1684 2908 1821 2979 γυνὴ
1852 2906 2094 2980 ἐνίκησε,

532 2987 682 3060 πόσῳ
712 2989 911 3059 μᾶλλον
938 2990 971 3061 ἡ
995 2989 1089 3043 τοῦ
1113 2990 1351 3062 Χριστοῦ
1383 2994 1566 3063 μήτηρ
1600 2994 1951 3064 καταισχύνει
1970 2997 2100 3061 τοὺς

1699 233 1769 289 IN
1808 232 2137 291 ΠΟΜΙΙᾸΑΜ
2177 230 2592 302 SEQUENTEM

3654 238 3765 292 ΜΟ

2179 360 2481 430 στρατηγὸν
2500 356 2921 428 ἀγωνιζόμενον.
2948 354 3063 407 Οὐκ
3082 350 3302 424 ἐνόμισε
3328 351 3570 423 μνήματι
3598 349 3774 404 ἅπτε·

2181 446 2325 511 σθαι,
2354 446 2449 500 καὶ
2494 444 2690 517 εὑρέθη
2733 442 2885 513 αὐτῷ
2911 442 3111 512 τάφοςο
3142 440 3346 511 νεκρὰν
3373 439 3587 509 ἐνόμισε
3606 480 3622 501 ,
3660 439 3765 491 καὶ

2180 533 2454 605 ἐνεκρώθη
2473 533 2565 585 ὑπ’
2582 531 3025 601 αὐτῆς.Ἕχομεν
3043 529 3446 599 τὴνδὲσποιναν
3478 526 3634 597 ἡμῶν
3657 524 3774 595 τὴν

2180 620 2343 689 ἁγίαν
2362 619 2579 690 Μαρίαν
2607 620 2707 690 τὴν
2737 618 2998 672 Θεοτόκον
3015 636 3030 650 ο
3053 615 3190 670 ἀλλά
3217 615 3377 686 χρεία
3406 614 3500 671 καλ⁸
3530 613 3779 668 ἀποστό-

2178 713 2304 768 λων.
2333 711 2587 781 Είπωμεν
2625 708 2844 780 Παύλῳ,
2879 705 3061 771 καθὼς
3095 701 3249 761 εἷπον
3280 706 3330 757 οἱ
3358 705 3479 757 τότε
3498 718 3511 732 ·
3548 704 3778 769 Διαϐὰς

2179 800 2266 863 εὶς
2298 796 2676 854 Μακεδονίαν
2696 794 3017 863 βοήθησον
3046 792 3211 861 ἡμῖν.
3253 791 3489 862 Ἔχομεν
3526 791 3773 844 ἀποστόο

2181 885 2327 946 λους,
2370 884 2444 954 μὴ
2479 885 2858 954 ναρκήσωμεν.
2892 879 3039 953 [416]
3090 879 3324 950 Ἐχομεν
3364 879 3462 949 τὴν
3479 878 3778 932 δέσποιναν

2184 970 2341 1041 ἡμῶν
2369 968 2468 1040 τὴν
2493 969 2775 1033 Θεοτόκον,
2809 970 2907 1040 τὴν
2939 969 3100 1037 ἁγίαν
3131 966 3488 1038 ἀειπαρθὲνον
3524 966 3811 1035 Μαρίαν,σ

2188 1058 2263 1129 μὴ
2301 1057 2643 1128 ὀκνήσωμεν.
2692 1057 2929 1127 Ἐχομεν
2960 1057 3052 1110 τὸν
3099 1056 3259 1127 χορὸν
3291 1053 3403 1108 τῶν
3432 1053 3776 1126 Μαρτύρων,

2190 1144 2265 1215 μὴ
2291 1143 2716 1215 ῥαθυμήσωμεν.
2757 1144 2851 1214 Μὴ
2903 1142 3063 1214 μόνον
3105 1141 3489 1211 ἱκετεύσωμεν,
3534 1141 3673 1204 ἀλλ’,
3718 1142 3777 1193 εί

2186 1231 2353 1293 δοκεῖ,
2381 1231 2477 1286 καὶ
2500 1229 2910 1300 νηστεύσωμεν.
2944 1229 3163 1282 Βέλτιον
3191 1229 3482 1297 νηστεῦσαι
3515 1228 3779 1297 νηστείαν

2190 1316 2378 1383 πόθου,
2432 1317 2527 1370 καὶ
2567 1316 2643 1387 μὴ
2680 1316 2935 1388 νηστείαν
2976 1314 3169 1385 λιμοῦ·
3210 1314 3415 1385 βέλτιον
3470 1314 3780 1385 νηστεῦσαι

2189 1402 2441 1475 νηστείαν
2466 1402 2707 1472 ἀγάπης,
2729 1403 2825 1456 καὶ
2857 1403 2933 1473 μὴ
2961 1400 3214 1471 νηστείαν
3250 1402 3516 1471 ἀνάγκης.
3546 1401 3713 1468 Λέγει
3744 1404 3781 1454 ὀ

2192 1490 2385 1563 Σωτὴρ
2412 1491 2539 1563 περὶ
2564 1490 2673 1543 τῶν
2697 1490 2965 1561 δαιμόνων
2983 1507 2998 1521 ⁸
3035 1489 3106 1544 Τὸ
3133 1489 3306 1557 γένος
3333 1489 3507 1542 τοῦτο
3546 1492 3659 1542 οὐκ
3684 1490 3791 1542 ἐκ-

2194 1580 2526 1647 πορεύεται,
2576 1580 2629 1633 εί
2650 1578 2736 1649 μὴ
2762 1578 2833 1632 ὲν
2856 1576 3170 1647 προσευχῇ
3199 1576 3297 1631 καὶ
3328 1577 3598 1644 νηστείᾳ.
3637 1577 3781 1629 Διί-

2193 1683 2359 1736 μονας
2390 1665 2681 1735 φυγαδεύει
2730 1665 2862 1736 εὐχὴ
2900 1666 2993 1718 καὶ
3038 1662 3281 1733 νηστεία,
3327 1664 3421 1716 καὶ
3459 1661 3785 1732 βαρϐάρους

2188 1755 2289 1807 οὐκ
2312 1752 2561 1817 ἐλαύνεις
2589 1753 2700 1806 Καὶ
2724 1753 2824 1823 ἤδη
2851 1748 3025 1817 εἷπον,
3050 1750 3146 1805 καὶ
3173 1749 3337 1803 πάλιν
3367 1748 3511 1816 λέγω
3530 1766 3545 1779 ·
3577 1751 3783 1818 Παρα-

2190 1840 2506 1912 καλέσωμεν
2545 1840 2644 1913 τὴν
2668 1841 2827 1907 ἁγίαν
2851 1838 3061 1904 ἔνδοξον
3092 1837 3367 1908 Παρθένον
3388 1839 3481 1890 καὶ
3509 1835 3788 1889 Θεοτόκον

2191 1928 2411 1998 Μαρίαν
2431 1945 2447 1960 ο
2484 1927 2953 1999 παρακαλέσωμεν
2983 1926 3110 1989 τοὺς
3160 1925 3351 1993 ἁγίους
3390 1924 3485 1978 καὶ
3525 1923 3789 1988 ἐνδόξους

2190 2015 2537 2078 ἀποστόλους·
2578 2013 3047 2085 παρακαλέσωμεν
3080 2011 3206 2075 τοῦς
3229 2011 3415 2079 ἁγίους
3459 2010 3782 2081 μάρτυρας.

2203 2101 2330 2154 Ἐάν
2360 2117 2444 2164 τις
2483 2103 2541 2154 ἐν
2572 2100 2789 2173 ἀνάγκῃ
2837 2098 3116 2160 καταστὰς
3163 2095 3484 2166 προσδράμῃ
3515 2097 3628 2148 τινὶ
3666 2095 3788 2148 τῶν

2191 2187 2451 2252 δυνατῶν,
2497 2188 2559 2239 οῦ
2600 2187 2855 2258 προσέχει
2889 2183 3037 2255 αῦτῷ
3066 2182 3320 2253 γνησίως.
3357 2183 3470 2253 Πρὸ
3498 2183 3783 2252 ἀνάγκης.

2200 2274 2387 2344 φησὶν,
2418 2274 2517 2327 οὐκ
2545 2273 2692 2344 ᾔδεις
2737 2289 2804 2343 με
2844 2271 3074 2342 τιμῆσαι
3114 2271 3147 2341 ἧ
3180 2269 3533 2342 θεραπεῦσαι,
3568 2269 3688 2323 ἀλλ’
3718 2272 3791 2321 ἐν

2192 2364 2257 2432 τῇ
2288 2361 2521 2433 ἀνάγκῃ.
2565 2359 2898 2423 Ἀνῦποπτος
2928 2358 3060 2429 τιμὴ
3098 2359 3132 2427 ἡ
3175 2357 3280 2421 ἐξω
3319 2357 3591 2426 ἀνάγκης.
3647 2356 3792 2409 Ἐὰν

2193 2449 2300 2519 πρὸ
2324 2448 2569 2517 ἀνάγκης
2587 2445 2933 2521 θεραπεύσεις
2960 2446 3052 2498 τὸν
3078 2445 3355 2516 δικαστὴν,
3375 2447 3432 2497 ἐν
3452 2449 3516 2515 τῇ
3549 2444 3786 2516 ἀνάγκῃ

2193 2538 2446 2609 εὑρήσεις
2492 2535 2800 2606 σύμμαχον.
2845 2530 2969 2587 υἷδε
3010 2534 3140 2605 γὰρ,
3189 2534 3271 2587 ὅτι
3312 2534 3410 2604 οὺχ
3449 2536 3483 2605 ἡ
3533 2533 3789 2602 ἀνάγκη,

2196 2624 2312 2679 ἀλλ’
2344 2626 2373 2679 ὁ
2401 2623 2562 2686 πόθος
2590 2640 2650 2676 σε
2681 2623 2880 2693 ἧγαγε.
2904 2621 3194 2692 Γενώμεθα
3228 2619 3323 2676 οὖν
3350 2621 3456 2675 τῶν
3479 2620 3789 2692 μαρτύρων

2199 2716 2274 2785 μὴ
2304 2716 2361 2767 ἐν
2384 2715 2449 2786 τῇ
2485 2714 2700 2786 ἀνάγκῃ
2725 2713 2889 2782 φίλοι,
2929 2712 3043 2766 ἀλλ’
3069 2715 3127 2766 ἐν
3162 2715 3229 2784 τῇ
3258 2713 3448 2784 ἀγάπῃ
3470 2752 3483 2766 ,
3512 2713 3626 2782 Πρὸ
3658 2729 3789 2781 χει..

2199 2801 2396 2872 μῶνος,
2440 2800 2517 2864 ὡς
2563 2801 2623 2853 ἐν
2665 2800 2915 2872 χειμῶνι,
2965 2798 3293 2871 λυπηθῶμεν
3318 2838 3334 2863 ,
3369 2801 3454 2853 ἵνα
3493 2802 3552 2852 ἐν
3596 2799 3792 2869 καιρῷ

2195 2886 2458 2960 χειμῶνος
2484 2886 2545 2941 τὸ
2585 2886 2686 2958 ἐαρ
2722 2886 2994 2958 εὕρωμεν.
3040 2886 3227 2941 Ταῦτα
3269 2887 3502 2957 λέγομεν
3533 2886 3638 2940 οῦκ
3674 2886 3790 2940 αῦο

2199 2975 2544 3042 θεντοῦντες,
2587 2975 2723 3029 ἀλλά
2773 2975 3210 3047 παρακαλοῦντες
3236 2993 3251 3007 ·
3302 2975 3362 3029 οὐ
3425 2973 3791 3045 νομοθετοῦν-

530 3077 756 3148 ὲκθροὺς
802 3078 901 3149 τῆς
957 3061 1248 3150 ἀληθείαςς
1299 3061 1607 3133 Πανοὲπλιαν
1660 3061 2019 3154 ἐνδυόμενος-ιι
2070 3087 2103 3140 δ
2198 3081 2318 3154 τες,
2353 3063 2488 3154 {in}
2531 3062 2939 3154 δυεξῳποῦγτεςθ
2984 3063 3298 3154 ἱκετεύομεν
3346 3062 3554 3154 πάντες
3580 3061 3785 3154 νῆςιαι-

532 3164 753 3235 Ἑχθρὸς
773 3164 989 3236 ἐνόμισε
1008 3167 1241 3235 γυναῖκα
1259 3162 1399 3222 εἶναι
1420 3166 1840 3242 χλευαζομένην,
1860 3172 1952 3227 καὶ
1974 3163 2101 3244 εὗρε

596 3469 620 3497 ⁸
655 3461 790 3526 linus
805 3465 923 3526 ὑπὲρ
942 3466 1079 3524 ἡμῶν
1101 3466 1428 3522 ἀδιαλείπτως.

534 3525 789 3634 ὒτξὲὲιυε
807 3525 1123 3587 ἀνδεδυμένος,
1165 3529 1290 3577 torte
1323 3529 1517 3578 melius.
1555 3526 1683 3578 Infra
1708 3528 1839 3579 idem
1859 3529 2099 3591 μνήματος

2214 3151 2418 3213 Ἱκανὸς
2445 3149 2503 3203 δὲ
2536 3153 2565 3205 ὁ
2596 3150 2729 3214 Θεὸς
2776 3150 2916 3221 ὑπὲρ
2943 3151 3123 3203 πᾶσαν
3156 3149 3362 3210 πίστιν,
3411 3147 3553 3218 ὑπὲρ
3594 3147 3789 3199 πάντα.

2203 3238 2380 3306 λόγον,
2403 3238 2497 3291 καὶ
2525 3240 2652 3302 τοὺς
2677 3237 2902 3309 ἐχθροὺς
2929 3238 3315 3306 καταισχῦναι,
3343 3234 3438 3288 καὶ
3461 3235 3561 3303 τὴν
3587 3236 3785 3286 οἰκου-

2209 3324 2377 3395 μένην
2418 3325 2661 3394 ὲλεῆσαι.
2692 3326 2789 3380 καὶ
2837 3325 2962 3388 τοὺς
3006 3323 3244 3394 βασιλεῖς
3272 3323 3521 3392 τιμῆσαι,
3553 3321 3650 3373 καὶ
3680 3319 3792 3391 τὴν

2208 3411 2480 3482 βασιλείαν
2505 3412 2722 3481 στῆσαι.
2750 3412 2847 3466 καὶ⁹
2876 3412 2977 3483 τὴν
3008 3410 3171 3465 αὑτοῦ
3192 3410 3350 3474 δόξαν
3373 3408 3686 3482 φαιδρῦναι,
3719 3410 3791 3462 ἐν

2205 3498 2423 3570 Χριστῷ
2459 3497 2634 3569 Ἰησοῦ
2679 3497 2757 3569 τῷ
2810 3499 2999 3572 Κυρίῳ
3024 3497 3202 3570 ἡμῶν,
3229 3491 3275 3567 ᾧ
3306 3500 3340 3569 ἡ
3372 3497 3499 3564 δόξα
3535 3498 3617 3561 εἰς
3652 3497 3787 3560 τοὺς

2204 3584 2427 3648 αἰῶνας.
2470 3585 2661 3656 Ἀμήν.

946 3814 953 3821 Ι

533 3850 706 3866 #-
728 3848 2089 3863 Ἥ

535 3867 703 3878 _
730 3866 2089 3878 —_—u——I——_—-—

2192 3842 3755 3876 Μ

535 3859 705 3866 ρή
729 3859 928 3861 -κῄ
953 3859 958 3860 γ
987 3859 1142 3878 ﬂii"
1325 3859 1351 3860 η
1475 3859 1486 3860 κ
1517 3859 1616 3861 mrin
1689 3859 1696 3860 κ
1870 3859 1882 3861 τ
1945 3859 1966 3860 κν
2224 3859 2230 3861 ε
2869 3859 3025 3875 ’,η-..ι
3148 3861 3152 3874 ι
3477 3861 3524 3872 ,,,
3547 3861 3580 3872 ,η
3598 3859 3754 3873 ____

1972 4077 2351 4146 MONITUM

600 4298 751 4354 lianc
805 4296 1083 4353 homiliam
1132 4310 1198 4351 ex
1245 4293 1382 4351 Cod.
1443 4294 1613 4365 Regio
1655 4292 1797 4347 2M7
1843 4290 2171 4359 exseriptam
2220 4290 2372 4361 prior
2401 4290 2574 4348 edidit
2622 4287 2927 4345 Cotelerius
2967 4286 3141 4343 Temo
3182 4290 3217 4345 5
3263 4286 3604 4343 Monument.
3643 4285 3794 4342 Eccl.

528 4413 582 4465 ι).
640 4390 902 4455 {el-157,
952 4388 1207 4459 illamque
1259 4388 1649 4458 Chrysostomo
1693 4399 1939 4440 asserere
1969 4383 2305 4438 cenaturin
2358 4383 2526 4447 notis,
2580 4398 2635 4452 p.
2671 4381 2795 4444 558,
2827 4381 2913 4435 bis
2944 4381 3119 4436 verbis
3159 4398 3173 4434 :
3222 4398 3241 4432 ι
3270 4380 3584 4435 Orationem
3624 4378 3791 4442 hanc,

410 4491 420 4515 '
529 4485 848 4553 genuinum,
880 4493 942 4536 ιιι
969 4483 1199 4547 videtur,
1230 4480 1428 4537 summi
1459 4480 1695 4536 doctoris
1719 4493 1878 4549 opus,
1907 4477 2111 4547 prolem
2143 4492 2340 4550 magno
2380 4492 2491 4532 non
2517 4476 2677 4547 plane
2704 4474 3051 4530 inﬁciendam
3090 4472 3324 4545 parenti.
3355 4472 3600 4528 habitam
3618 4471 3792 4527 fuisse

527 4575 833 4632 Antiochia:
874 4573 1005 4629 illud
1042 4574 1302 4638 ostendit,
1331 4573 1475 4644 quod
1524 4574 1591 4628 ad
1631 4573 1817 4636 linem,
1846 4580 2009 4641 prout
2048 4570 2204 4639 solet,
2253 4571 2322 4627 de
2346 4569 2623 4626 communi
2652 4578 2806 4640 patre
2838 4584 2935 4623 seu
2978 4568 3236 4637 episcopo
3287 4565 3548 4636 loquitur,
3591 4580 3796 4633 nempe

531 4667 808 4723 Flaviano.
833 4667 1126 4737 Exceptum
1151 4664 1332 4736 potius
1360 4663 1684 4719 crediderim
1719 4680 1783 4720 ex
1815 4679 1910 4719 ore
1932 4662 2254 4733 perorantis,
2292 4677 2452 4732 quam
2492 4676 2523 4715 a
2564 4676 2726 4717 manu
2759 4659 3137 4729 componentis
3169 4657 3497 4727 profectam;
3539 4656 3640 4709 nisi
3668 4658 3795 4727 quis

530 4759 909 4831 interpolatam
956 4756 1127 4813 malit.
1168 4775 1187 4809 ι
1244 4755 1381 4823 Quia
1427 4770 1558 4811 vero
1600 4771 1709 4810 non
1743 4771 1935 4825 parum
1960 4753 2223 4809 momenti
2250 4752 2501 4809 conferre
2541 4768 2703 4824 posse
2732 4752 2949 4809 videtur
2978 4750 3048 4805 ad
3100 4749 3492 4820 explorandum
3516 4758 3574 4803 et
3610 4748 3795 4802 locum

528 4863 587 4909 ct
613 4863 828 4924 tempus
860 4868 969 4925 quo
991 4852 1175 4907 habita
1205 4850 1397 4906 concio
1420 4849 1540 4915 fuit,
1568 4848 1619 4904 id
1648 4849 1794 4919 quod
1823 4864 2055 4904 numero
2092 4848 2125 4903 6
2148 4847 2217 4903 de
2240 4847 2451 4903 duabus
2477 4845 2869 4918 posterioribus
2900 4841 3125 4899 Joannis
3160 4841 3414 4913 Epistolis
3442 4841 3664 4900 dicitur,
3702 4839 3795 4896 hic

532 4958 714 5003 notam
742 4948 994 5005 Cotelerii
1039 4949 1095 5003 in
1148 4948 1328 5003 locum
1359 4945 1509 5001 illum
1552 4945 1789 5015 adjicere
1830 4944 2006 5000 visum
2045 4960 2089 5000 es

2210 4961 2231 4994 ι
2261 4943 2385 4997 Τῶν
2406 4942 2463 4996 δὲ
2486 4938 3016 5013 ἐκκλησιαζομένων.
3066 4941 3205 4996 Nota
3246 4937 3532 5010 diligenter
3577 4939 3793 5010 insigne

535 5044 934 5111 testimonium;
961 5053 1023 5099 ut
1046 5052 1322 5114 quaeratur
1349 5059 1419 5098 an
1453 5050 1509 5098 et
1537 5058 1647 5113 quo
1689 5041 1852 5096 modo
1887 5040 1941 5095 in
1971 5041 2137 5096 variis
2157 5039 2314 5097 Joan.
2355 5037 2724 5110 Chrysostomi
2766 5038 3022 5107 operibus
3052 5038 3293 5094 citentur
3319 5034 3576 5105 Epistulae
3605 5045 3789 5105 postc-

533 5139 707 5193 riores
729 5137 974 5203 Joannis,
1003 5154 1140 5209 quas
1169 5139 1238 5195 ab
1262 5138 1501 5209 antiquis
1528 5137 1583 5192 in
1607 5153 1817 5193 canone
1840 5136 2245 5208 Seripturarum
2269 5137 2475 5206 positas
2504 5149 2613 5188 non
2644 5133 2829 5197 fuisse,
2886 5149 2988 5187 nec
3017 5132 3215 5187 Joanni
3255 5132 3502 5202 apostolo
3538 5130 3789 5191 tributas,

536 5229 688 5285 testis
730 5238 817 5285 est
847 5230 1088 5301 locuples
1113 5230 1383 5287 Eusebius
1416 5230 1452 5285 Ι.
1483 5228 1537 5294 5,
1584 5245 1705 5300 cap.
1736 5230 1827 5297 25,
1858 5244 1921 5284 ac
1952 5238 2074 5299 post
2100 5243 2228 5283 eum
2266 5228 2626 5297 Hieronymus
2656 5223 2712 5277 in
2735 5222 3009 5292 Catalogo,
3039 5233 3096 5280 et
3122 5223 3497 5279 OEcumenius
3535 5222 3593 5275 in
3626 5218 3793 5274 Com-

535 5323 839 5378 mentariis.
866 5322 1176 5390 Quinetiam
1202 5323 1440 5394 viguisse
1475 5339 1597 5378 eam
1638 5321 2064 5377 controversiam
2097 5321 2240 5375 circa
2280 5329 2524 5389 tempora
2570 5318 2796 5373 Joannis
2839 5318 3013 5372 nostri
3054 5316 3390 5388 signiﬁcatur
3431 5331 3529 5385 per
3558 5313 3795 5383 Amphi-

535 5416 773 5472 lochium
809 5416 864 5472 in
895 5418 1092 5472 lambis
1130 5417 1198 5472 ad
1240 5416 1551 5483 Seleucum,
1595 5432 1801 5488 perque
1834 5414 2270 5488 Topograpliiam
2316 5412 2704 5479 Christianam,
2735 5428 2896 5482 quam
2927 5411 3059 5466 citat
3107 5409 3336 5466 Allatins
3386 5408 3611 5465 Dissert.
3667 5409 3689 5461 1
3727 5407 3795 5462 de

536 5507 689 5564 libris
715 5509 1102 5565 ecclesiasticis
1128 5510 1461 5566 Graecorum.
1494 5529 1514 5563 ι

606 5603 745 5660 Tres
778 5603 1033 5680 Epistolaa
1080 5612 1290 5659 tantum
1333 5603 1615 5660 catholica:
1659 5604 2154 5661 commemorantur
2184 5616 2345 5671 supra
2378 5599 2434 5655 in
2471 5597 2701 5670 Synnpsi
2740 5596 3131 5669 Chrysoslomi,
3176 5611 3374 5667 nempe
3403 5593 3613 5659 Jacobi,
3647 5590 3795 5647 l’ct:i
