3958 6186
201 232 294 290 ωε)
1639 225 1968 284 ΜυΝΙΤυΜ.

193 346 495 403 administer
521 344 659 399 illius
680 343 928 400 facinoris
956 351 1118 407 esset,
1141 357 1331 397 somno
1360 341 1569 397 hostem
1609 343 1756 396 illum

194 439 420 496 devinxit
445 456 460 493 :
487 445 542 492 et
567 437 780 501 mulier,
806 436 1002 505 paxillo
1026 444 1238 505 arrepto
1274 443 1326 488 et
1357 434 1570 499 malleo,
1585 434 1762 504 adegit

195 547 279 604 per
322 539 560 598 tempora
601 529 707 582 ictu
755 539 860 582 tam
903 526 1062 592 forti,
1092 536 1148 580 ut
1178 528 1335 581 etiam
1369 537 1562 581 terram
1593 542 1758 596 pene-

194 631 346 676 traret
374 637 386 672 :
417 629 474 676 et
501 620 576 675 sic
601 618 821 688 quidem
859 618 950 674 ille
993 618 1128 672 intra
1161 618 1326 688 pedes
1355 617 1592 673 mulieris
1615 633 1760 673 mor-

195 727 303 771 tuus
325 722 428 768 85!.

252 807 302 860 7.
344 803 460 859 Νοη
503 803 700 857 desunt
744 802 852 855 Deo
891 801 1304 863 occasiones,'et
1329 815 1450 855 cum
1481 800 1595 869 ipse
1621 799 1753 866 vult,

193 897 310 953 nihil
354 895 519 950 refert
567 909 664 948 nos
712 894 874 948 etiam
918 893 1187 947 sociorum
1239 893 1448 948 auxiliis
1495 893 1754 950 destitui:

191 987 274 1043 Dei
320 1001 488 1046 arma,
536 983 632 1038 Dei
667 984 837 1045 miles,
869 983 960 1037 Dei
1014 984 1202 1047 virtus,
1257 984 1404 1037 solus
1452 993 1612 1040 nutus
1663 985 1758 1040 Dei

187 1076 353 1133 omnia
384 1084 625 1144 possunt.
651 1073 762 1128 Hoc
782 1073 992 1128 Christo
1020 1073 1260 1128 dicamus
1284 1090 1296 1126 :
1324 1074 1418 1128 Dic
1439 1074 1680 1138 verbum,
1703 1082 1759 1130 et

191 1167 360 1221 hostes
387 1165 460 1220 tui
483 1163 886 1234 dissipabuntur
911 1182 924 1216 :
951 1163 1040 1220 die
1074 1165 1319 1228 verbum,
1348 1173 1404 1220 et
1449 1165 1756 1221 misericor-

187 1260 262 1314 dia
311 1259 583 1314 civit-atem
616 1266 760 1312 tuam
813 1257 1010 1313 aﬂicies
1043 1274 1057 1309 :
1089 1256 1176 1312 dic
1221 1256 1464 1323 verbum,
1493 1267 1548 1312 ct
1575 1256 1756 1313 mundi

191 1352 256 1405 tui
297 1349 664 1406 misereberis.
695 1349 942 1403 Dicamus
988 1348 1098 1414 illi,
1134 1346 1266 1402 Ecce
1291 1349 1453 1402 hostes
1478 1348 1550 1401 tui
1575 1363 1756 1402 sonue-

186 1425 315 1507 runt,
341 1455 389 1496 et
412 1442 498 1511 qui
521 1450 568 1494 te
585 1440 817 1505 oderunt,
848 1440 1156 1494 sustulerunt
1175 1450 1326 1510 caput
1358 1439 1528 1512 (Psal.
1561 1439 1650 1495 8‘2.
1672 1439 1752 1510 5).

190 1532 342 1586 Visne
366 1532 584 1586 alterius
625 1532 864 1586 ediscere
891 1531 1130 1585 mulieris
1156 1540 1498 1602 stratagema,
1520 1532 1661 1601 quod
1701 1541 1756 1586 et

189 1627 350 1694 ipsum
391 1624 572 1679 divina
615 1627 889 1679 voluntate
933 1633 1297 1694 perpetratum
1323 1626 1437 1679 est?
1464 1626 1591 1680 Erat
1616 1625 1754 1680 alius

187 1717 460 1785 quispiam,
489 1716 706 1770 nomine
729 1715 1068 1781 Abimelecb,
1093 1717 1180 1785 qui
1214 1715 1510 1771 interfectis
1539 1726 1754 1783 septua-

183 1810 316 1877 ginta
346 1808 613 1873 fratribus,
636 1817 854 1878 totoque
907 1809 1101 1878 ponulo
1130 1823 1226 1878 per
1257 1807 1359 1863 hoc
1403 1808 1752 1864 fratricidium

186 1901 230 1952 in
264 1914 416 1952 suam
459 1907 776 1968 potestatem
812 1899 1060 1965 redacto,
1099 1899 1378 1969 oppidum,
1402 1900 1628 1954 admotis
1657 1915 1752 1955 co-

185 1992 295 2057 piis,
319 2007 627 2062 oppugnare
646 1993 806 2061 coépit
827 1990 1031 2062 (Judic.
1056 1987 1112 2059 9)
1143 2009 1156 2044 :
1185 1999 1240 2046 et
1257 1993 1508 2048 omnibus
1533 1992 1598 2047 ad
1623 1993 1748 2048 belli

189 2081 367 2135 faciem
400 2083 634 2135 attonitis
661 2092 714 2136 et
735 2081 1065 2151 stupefactis,
1097 2082 1238 2136 Deus
1285 2082 1476 2136 iterum
1507 2084 1751 2138 mulieris

185 2188 390 2226 manum
413 2174 696 2238 roboravit,
729 2189 952 2244 eamque
987 2189 1018 2228 e
1046 2173 1310 2229 moenibus
1337 2175 1570 2244 conspici
1595 2190 1751 2230 cura-

180 2265 263 2328 vit,
289 2280 411 2333 quae
436 2263 524 2318 ubi
556 2265 780 2318 frustum
801 2263 870 2320 de
895 2263 1067 2334 lapide
1095 2264 1284 2319 molari
1318 2266 1666 2333 arripuisset,
1694 2267 1746 2320 in

170 2365 323 2423 caput
353 2355 559 2426 tyranni
591 2355 830 2423 projecit,
861 2364 1120 2424 caputque
1144 2355 1409 2410 contrivit.
1434 2356 1536 2411 Sed
1563 2357 1747 2411 obser-

170 2459 224 2496 va
255 2445 525 2513 ingentem
561 2445 776 2512 superbi
807 2444 945 2498 illius
981 2445 1270 2515 nequitiam
1289 2461 1408 2499 cum
1451 2446 1566 2515 ipso
1594 2462 1745 2501 como

163 2535 499 2590 morientem.
550 2535 686 2589 Dicit
711 2535 925 2590 satelliti
955 2534 1182 2590 adstanti
1208 2578 1224 2601 ,
1274 2535 1477 2606 Striuge
1515 2537 1744 2608 gladium

163 2637 312 2692 (aunt,
350 2639 399 2682 et
429 2646 509 2682 me
544 2639 764 2698 percute,
803 2645 865 2682 ue
893 2627 1084 2693 dicunt,
1134 2629 1323 2683 Mulier
1359 2631 1524 2698 ipsum
1560 2631 1745 2684 occidit

163 2720 313 2776 (Ibid;
340 2738 391 2775 υ.
422 2723 499 2790 ι).
528 2722 733 2790 Corpus
768 2721 1100 2777 moriebatur
1123 2763 1138 2787 ,
1170 2722 1416 2790 superbia
1445 2723 1694 2778 manebat
1723 2739 1736 2776 :

156 2815 307 2868 vitam
356 2815 456 2868 ille
510 2815 722 2882 quidem
766 2830 887 2870 cum
933 2823 1106 2870 morte
1144 2816 1551 2882 commutabat,
1591 2831 1740 2872 vana:

157 2905 328 2971 gloriae
384 2905 630 2960 studium
674 2921 778 2959 non
832 2906 1214 2961 commutabat.
1266 2907 1330 2961 Et
1375 2906 1587 2977 quidem
1641 2906 1739 2962 hac

154 3004 300 3050 atate
349 3011 474 3049 non
507 2995 664 3049 deest
685 2995 793 3050 Deo
816 2996 1047 3062 Debora,
1095 3010 1202 3053 non
1242 2997 1397 3052 deest
1452 2998 1562 3053 Deo
1595 2997 1733 3053 Jael.

155 3087 420 3141 llabemus
447 3096 501 3140 et
530 3103 629 3141 nos
655 3098 891 3142 sanctam
915 3085 1188 3158 Virginem
1208 3103 1272 3144 ac
1300 3089 1392 3144 Dei
1422 3091 1736 3160 genitricem

148 3177 359 3233 Mariam
386 3220 402 3241 ,
433 3193 552 3248 quae
580 3194 677 3248 pro
703 3179 857 3234 nobis
887 3177 1190 3238 intercedit.
1221 3180 1276 3236 Si
1303 3182 1446 3236 enim
1475 3184 1674 3252 qumvis
1703 3199 1734 3238 e

148 3271 294 3341 vulgo
315 3271 524 3326 mulier
547 3271 822 3326 victoriam
848 3271 1076 3327 obtinuit
1101 3314 1118 3339 ,
1149 3285 1346 3342 quanto
1381 3276 1549 3343 magis
1573 3275 1733 3330 Citri-

144 3362 204 3414 sti
231 3372 416 3417 mater
448 3361 631 3416 hostes
655 3362 891 3418 veritatis
917 3362 1192 3418 confundit
1211 3365 1236 3418 l'
1261 3363 1440 3418 Hostis
1467 3365 1554 3419 ille
1582 3365 1730 3420 omni

144 3467 420 3507 armorum
471 3469 668 3523 genere
715 3454 1028 3518 instructus,
1052 3456 1254 3524 putavit
1301 3456 1579 3511 mulierem
1609 3471 1731 3512 esse

141 3544 517 3615 risudignam,
548 3552 606 3598 et
628 3544 828 3599 invenit
870 3545 1060 3600 ducem
1089 3554 1404 3600 certantem.
1435 3546 1552 3601 Non
1576 3557 1732 3617 puta-

136 3635 210 3690 vit
235 3650 302 3692 se
327 3651 504 3708 prope
528 3638 832 3707 sepulcrum
871 3651 990 3694 esse
1014 3679 1030 3704 ,
1059 3649 1112 3695 et
1142 3639 1414 3696 inventum
1442 3649 1524 3696 est
1546 3641 1617 3695 illi
1648 3655 1728 3696 se-

3357 244 3455 301 ΗΟ

1870 345 2112 414 pulcrum
2145 364 2158 399 :
2187 358 2450 404 mortuam
2480 350 2622 404 illam
2653 351 3025 420 existimabat,
3054 365 3106 409 et
3136 356 3202 411 ab
3226 358 3336 426 ipsa
3372 360 3452 412 iu-

1871 437 2118 491 terfectus
2145 447 2246 491 est.
2283 439 2548 494 llabemus
2593 442 2872 496 Dominam
2927 454 3164 500 nostram
3213 460 3459 504 sanctam-

1866 525 2083 580 Mariam
2105 528 2385 596 Deiparam
2419 547 2432 583 :
2461 530 2552 585 sed
2577 541 2630 585 et
2654 533 3011 602 apostolorum
3046 538 3294 604 precibus
3315 554 3449 608 opus

1865 625 1967 669 est.
1999 617 2245 673 Dicamus
2274 631 2327 673 et
2355 635 2454 676 nos
2494 622 2678 684 Paulo.
2704 625 3149 692 quemadmodum
3195 638 3248 682 et
3291 630 3450 699 prisci

1865 708 1944 761 illi
1975 728 1987 763 :
2021 710 2146 763 Cum
2166 713 2218 764 in
2241 711 2590 767 Macedoniam
2622 718 2969 794 pertrqnst'eris
2996 760 3010 784 ,
3036 720 3176 772 nobis
3203 720 3456 776 auxitiare

1865 801 1999 866 (Act.
2032 803 2119 857 l6.
2163 804 2238 875 9).
2292 805 2558 862 llabemus
2610 811 2899 878 apostolos,
2950 826 3018 866 ne
3061 820 3445 881 torpescamus.

1863 891 2151 953 Habemus.
2181 895 2414 965 inquam,
2443 897 2710 953 dominam
2729 910 2963 955 nostram
2983 911 3222 957 sanctam
3249 905 3442 972 Deipa-

1863 999 1997 1049 ram,
2026 994 2081 1039 et
2099 1001 2312 1057 semper
2333 985 2602 1057 Virginem
2625 990 2864 1056 Mariam,
2894 1009 2960 1047 ne
2985 994 3312 1064 pigritemnr.
3345 996 3443 1050 lla-

1863 1075 2050 1131 bemus
2078 1077 2299 1132 chorum
2324 1092 2637 1152 martyrum,
2669 1098 2736 1137 ne
2771 1083 2988 1139 desides
3033 1085 3221 1141 simus.
3264 1086 3446 1157 Neque

1861 1180 1990 1221 vero
2017 1177 2218 1223 tantum
2249 1185 2558 1239 precemur,
2591 1172 2708 1238 sed,
2731 1173 2774 1227 si
2797 1174 3027 1241 videtur,
3057 1175 3218 1230 etiam
3239 1174 3443 1247 jejuno-

1863 1273 1999 1311 mus.
2042 1259 2218 1315 Satius
2270 1270 2354 1317 est
2390 1261 2632 1332 jejunare
2673 1264 2932 1334 jejunium
2983 1267 3252 1335 desiderii,
3284 1285 3441 1338 quam

1861 1350 2014 1405 famis
2047 1368 2060 1403 :
2092 1351 2278 1417 satius,
2310 1351 2570 1422 jejunium
2597 1353 2896 1410 dilectionis
2917 1397 2945 1429 ,ι
2966 1372 3122 1426 quam
3155 1361 3445 1415 necessita-

1863 1441 1948 1494 tis.
1981 1442 2232 1497 Servator
2249 1442 2316 1498 de
2339 1445 2670 1500 daemonibus
2693 1446 2767 1500 ait
2793 1465 2804 1498 :
2839 1445 3005 1501 Genus
3041 1449 3134 1502 hoc
3162 1467 3263 1503 non
3293 1451 3437 1522 ejici-

1861 1545 1942 1587 tur
1966 1535 2062 1588 nisi
2080 1535 2132 1588 in
2161 1537 2385 1589 oratione
2397 1546 2443 1589 et
2461 1537 2662 1606 jejunio
2689 1538 2900 1608 (Matth.
2930 1541 3018 1594 17.
3048 1540 3163 1612 ‘20).
3187 1541 3370 1598 Oratio
3390 1554 3440 1598 et

1853 1626 2109 1695 jejunium
2134 1625 2405 1682 daemones
2433 1627 2676 1697 proﬂigat
2702 1646 2715 1682 :
2748 1639 2803 1683 et
2829 1627 3092 1685 barbaros
3119 1647 3224 1685 non
3258 1633 3439 1701 proﬂi-

1857 1716 2039 1784 gabit?
2063 1715 2214 1784 Quod
2234 1726 2358 1771 ante
2382 1717 2489 1772 dixi
2515 1733 2702 1774 rursus
2739 1719 2896 1774 dico:
2929 1736 3177 1790 rogemus
3203 1733 3445 1778 sanctam

1855 1807 2142 1877 gloriosam
2167 1808 2432 1876 Virginem
2480 1817 2535 1864 et
2579 1809 2858 1880 Deiparam
2907 1811 3164 1865 Mariam:
3193 1829 3441 1883 rogemus

1855 1909 2068 1954 sanctos
2118 1910 2174 1957 et
2217 1901 2500 1970 praeclaros
2558 1903 2829 1972 apostolos
2873 1921 2887 1957 :
2933 1918 3182 1974 rogemus
3226 1915 3438 1960 sanctos

1854 2002 2137 2062 martyres.
2167 1993 2222 2047 Si
2251 1993 2370 2063 quis
2397 1993 2714 2048 necessitate
2739 1993 2964 2063 quadam
2991 1995 3230 2061 adactus,
3261 1997 3438 2051 subito

1855 2083 1922 2138 ad
1972 2084 2202 2154 aliquem
2253 2085 2607 2154 potentiorem
2636 2084 2928 2155 confugiat,
2978 2087 3023 2141 is
3073 2103 3176 2141 non
3209 2087 3441 2142 libenter-

1852 2176 2025 2246 ipsum
2077 2176 2292 2245 excipit.
2333 2179 2473 2232 Ante
2503 2179 2904 2244 necessitatem,
2931 2179 3133 2249 inquit,
3163 2181 3436 2236 nesciebas

1853 2271 1981 2324 mihi
2038 2271 2295 2324 honorem
2343 2279 2398 2324 et
2421 2269 2622 2324 cultum
2670 2281 2947 2339 praestare,
2979 2271 3071 2327 sed
3121 2274 3436 2329 necessitate

1799 2424 1807 2431 η
1852 2364 2158 2433 compulsus
2184 2364 2236 2418 id
2266 2364 2399 2433 agis.
2433 2363 2594 2418 Extra
2637 2365 3005 2420 necessitatem
3029 2365 3202 2421 honor
3229 2367 3319 2422 ille
3345 2384 3434 2422 su-

1849 2464 2065 2523 Spectns
2094 2469 2196 2507 non
2223 2462 2324 2508 est.
2355 2453 2410 2509 Si
2449 2463 2573 2509 ante
2603 2455 2976 2510 necessitatem
3001 2456 3236 2526 judicem
3263 2459 3431 2527 colas,

1851 2548 1902 2600 in
1935 2546 2252 2602 necessitate
2285 2545 2580 2616 adiutorem
2608 2548 2864 2616 reperies.
2895 2547 3052 2603 Novit
3069 2551 3213 2605 enim
3245 2560 3296 2605 te
3327 2567 3431 2606 non

1848 2639 2184 2704 necessitate,
2215 2637 2310 2693 sed
2356 2653 2538 2692 amore
2581 2639 2684 2708 agi.
2730 2639 2912 2694 Simus
2939 2640 3116 2710 itaque
3140 2651 3430 2714 martyrum

1847 2729 2024 2795 amici,
2055 2746 2159 2784 non
2215 2747 2281 2786 ex
2327 2731 2664 2798 necessitate,
2710 2732 2804 2787 sed
2854 2747 2920 2788 ex
2959 2733 3244 2790 dilectione
3271 2745 3432 2791 :ante

1847 2829 2236 2890 tempestatem,
2266 2834 2323 2878 ιιι
2374 2825 2777 2895 tempestatibus
2818 2825 3002 2881 afﬂicti
3045 2827 3342 2893 doleamus,
3376 2839 3431 2885 ut.

1845 2913 1897 2968 in
1928 2923 2238 2985 tempestate
2264 2932 2356 2972 ver
2376 2917 2728 2973 inveniamus.
2760 2919 2888 2974 "th
2917 2919 3164 2981 dicimus.
3190 2938 3295 2977 non
3326 2922 3428 2976 im-

1845 3015 2128 3077 perantes,
2173 3007 2267 3062 sed
2311 3007 2620 3074 hortantes;
2676 3024 2782 3063 non
2818 3009 2988 3078 legem
3039 3009 3299 3074 ferentes,
3332 3012 3428 3067 sed

1842 3098 2182 3153 obsecrantes
2226 3116 2240 3152 :
2291 3115 2570 3168 precamur
2597 3109 2652 3153 ut
2681 3116 2869 3156 omnes
2898 3100 3076 3156 sobrie
3096 3103 3293 3157 vivant.
3324 3102 3426 3156 Ρο-

1843 3200 2142 3246 testantem
2178 3192 2338 3258 Deus,
2373 3201 2566 3260 praeter
2605 3192 2781 3256 fidem,
2816 3201 3008 3262 przeter
3048 3194 3310 3248 rationem
3340 3193 3426 3247 bo-

1840 3293 1949 3338 stes
1978 3283 2263 3352 ignominia
2302 3283 2536 3348 allicere,
2565 3284 2709 3337 orbis
2747 3283 2987 3338 misereri
3020 3325 3035 3349 ,
3069 3285 3422 3354 Imperatores

1841 3376 2042 3430 honore
2071 3375 2308 3439 afﬁcere,
2341 3376 2620 3445 imperium
2648 3377 2883 3440 firmare,
2906 3392 3165 3446 suamque
3201 3377 3424 3446 gloriam

1839 3469 2104 3524 illustrare
2126 3469 2178 3522 in
2199 3467 2413 3524 Christo
2432 3468 2557 3524 Jcsu
2589 3468 2812 3524 Domino
2832 3476 3038 3536 nostro,
3061 3469 3146 3524 cui
3171 3469 3341 3540 gloria
3364 3468 3418 3523 in

1837 3559 2052 3614 saecula.
2077 3559 2278 3614 Amen.

169 3839 3403 3901 Μ

168 3859 523 3872 -——_

1222 4085 1306 4147 ΙΝ
1365 4085 1778 4152 HOMILIAM
1837 4091 2350 4166 SEQUENTEM.

135 4293 338 4362 prima,
375 4303 436 4349 et
464 4292 850 4395 Joannisitem
887 4295 1082 4395 prima,
1113 4313 1234 4366 qua:
1267 4305 1387 4395 erat
1410 4298 1595 4395 Opinio
1641 4299 1900 4372 Syrorum
1927 4315 1994 4395 et
2011 4307 2265 4364 Ecclesia:
2291 4308 2666 4379 Antiochena},
2713 4315 2768 4371 id
2818 4318 2960 4388 quod
3006 4319 3208 4377 ibidem
3239 4325 3410 4395 pluri-

132 4387 232 4436 bus
259 4385 850 4439 couuuonstravimus.
903 4384 1033 4440 Inde
1062 4402 1190 4441 vero
1223 4388 1484 4443 asseritur
1524 4388 1664 4445 hanc
1694 4385 1994 4457 bomiliam:
2024 4396 2068 4450 si
2116 4412 2230 4452 non
2270 4398 2665 4471 Cbrysostomi.
2722 4384 2876 4477 cujus
2930 4425 3128 4466 nomen
3167 4384 3407 4484 praefert,

130 4478 371 4548 alicujus
407 4486 561 4531 certe
593 4493 656 4531 ex
695 4478 1040 4548 presbyteris,
1095 4479 1266 4548 ipsius
1311 4481 1604 4546 sodalibus,
1637 4501 1792 4549 esse;
1839 4486 1890 4541 id
1920 4488 2084 4543 etiam
2125 4489 2252 4546 inde
2280 4493 2560 4562 probatur,
2591 4499 2734 4567 quod
2763 4501 3141 4561 admirandum
3167 4478 3401 4578 patrem,

127 4573 175 4623 id
211 4581 303 4625 est
341 4571 668 4640 episcopum
707 4571 1042 4636 Flavianum,
1083 4574 1234 4642 quasi
1264 4587 1584 4644 praesentem
1633 4581 1990 4638 concionator
2009 4599 2403 4645 commemoret
2431 4602 2485 4646 et
2515 4603 2703 4650 contra
2735 4599 3027 4656 Auommos
3057 4571 3278 4674 pugnet,
3309 4571 3402 4678 qui

126 4673 241 4715 tum
275 4662 612 4732 frequentes
661 4673 818 4717 erant
846 4663 1170 4718 Antiochia}.
1218 4665 1589 4736 Chrysostomi
1645 4681 1795 4726 certe
1843 4688 1952 4727 non
1981 4692 2102 4731 esse
2145 4681 2324 4750 arguit
2369 4684 2679 4740 omnimodo
2726 4689 2846 4759 styli
2897 4662 3204 4760 diversitas,
3254 4662 3403 4755 tanta

121 4759 343 4813 scilicet
372 4768 638 4827 quantam
668 4759 754 4813 vix
788 4759 917 4813 alibi
969 4776 1224 4830 umquam
1257 4761 1656 4832 deprehendas.
1703 4766 1884 4825 lnnuit
1925 4769 2327 4842 Tillemontius,
2377 4794 2538 4848 posse
2584 4780 2864 4838 Severiani
2896 4801 3038 4853 esse,
3085 4790 3176 4858 qui
3222 4807 3404 4849 coram

119 4851 538 4921 Chrysostomo
582 4853 995 4924 archiepisc0po
1036 4855 1658 4930 Constantinopolitano,
1693 4873 1822 4920 tunc
1865 4867 2174 4940 episcopus,
2219 4872 2672 4942 concionaretur;
2721 4880 2814 4934 sed
2858 4897 2968 4936 non
3019 4851 3405 4946 animadvertit

116 4945 527 5044 Iillernontius
565 4947 681 5001 haec
713 4947 767 5001 in
799 4949 1040 5004 Ecclesia
1072 4952 1305 5020 quadam
1332 4954 1475 5010 dicta
1510 4957 1698 5024 fuisse,
1742 4962 1830 5016 ubi
1853 4960 2083 5020 Joannis
2113 4969 2351 5024 secunda
2392 4981 2447 5024 et
2480 4973 2635 5026 tertia
2669 4974 2903 5044 Epistola
2930 4978 3073 5035 inter
3106 4984 3404 5043 canonicos

119 5033 298 5141 libros
330 5052 450 5141 non
487 5037 935 5146 admittebantur,
959 5038 1011 5092 id
1034 5041 1176 5109 quod
1200 5042 1266 5095 de
1297 5041 1635 5100 Antiochena
1660 5048 1898 5106 Ecclesia
1930 5070 2140 5121 verum,
2164 5067 2373 5114 certum
2396 5033 2846 5134 exploratumque
2880 5080 2984 5135 est,
3023 5033 3083 5128 ut

113 5145 240 5181 mus
281 5129 349 5182 in
389 5130 716 5233 Diatriba-in
741 5130 1013 5233 Synopsin
1040 5150 1238 5233 supra;
1268 5135 1336 5190 de
1365 5136 1967 5212 ConstantinOpolitana
2003 5164 2134 5205 vero
2174 5149 2413 5207 Ecclesia
2446 5129 2628 5221 nemo,
2667 5129 2810 5231 quod
2854 5129 3042 5233 sciam,
3075 5129 3229 5226 dixit:
3261 5129 3398 5231 ίι-ίῖιξ

112 5239 286 5288 porro
318 5231 539 5321 certum
574 5226 789 5321 videtur
828 5227 970 5282 hanc
1001 5227 1275 5284 bomiliam
1321 5231 1623 5289 Antiochia:
1664 5233 1925 5294 Flaviano
1967 5242 2225 5314 episcopo
2272 5258 2539 5315 praesente
2594 5226 3001 5321 pronuntiatam
3029 5226 3226 5321 fuisse,

107 5315 281 5416 tinem
311 5315 559 5435 liotui'lia':
591 5315 676 5371 hic
703 5317 950 5435 quisquis
987 5317 1074 5435 sitI
1096 5319 1448 5376 concionator
1487 5339 1606 5380 sese
1636 5340 1885 5399 purgata
1925 5334 2252 5402 quibusdam
2283 5337 2382 5393 sibi
2423 5315 2670 5413 object-is.
2698 5348 2832 5404 Cum
2865 5354 3008 5410 enim
3264 5315 3395 5412 con:

107 5407 412 5462 citmando
440 5408 668 5464 dixisset
721 5411 789 5465 ab
819 5412 1160 5467 auditoribus
1189 5415 1326 5469 male
1373 5429 1620 5489 excepta,
1651 5421 1778 5477 hinc
1823 5437 2012 5481 exorto
2059 5445 2296 5494 rumore,
2337 5433 2389 5487 in
2427 5407 2673 5506 sentienti
2721 5445 2983 5502 concione
3023 5407 3231 5520 obje'cta
3285 5447 3389 5504 sibi

107 5500 368 5571 depulit,
409 5510 463 5554 et
487 5520 544 5556 sc
569 5503 752 5556 omnia
777 5515 1026 5559 accurate
1062 5508 1359 5562 secundum
1385 5510 1720 5568 Catholicam
1748 5515 1908 5570 fidem
1937 5517 2136 5574 dixisse
2169 5500 2560 5595 comprobavit.
