3982 6198
543 266 637 322 111
2026 239 2300 298 ιΝςΕιιτι
3648 234 3736 287 ΗΞ

551 494 3746 563 W

1457 902 1868 994 SANCTI
1945 897 2370 990 PATRIS
2444 893 2880 988 NOSTRI

531 1153 644 1317 ί
797 1214 1699 1399 JOANNIS
1832 1201 3385 1435 CHRYSOSTOMI

1495 1615 1644 1731 IN
1737 1612 2292 1726 DICTUM
2381 1607 2850 1752 ILLUD,

1341 1910 1422 2005 In
1472 1925 1597 1988 qua
1646 1912 1956 1984 potestate
1993 1904 2118 1964 hwc
2160 1900 2322 1981 facis
2376 1894 2636 1976 (Matth.
2685 1895 2788 1957 21.
2842 1889 2956 1969 23)
2998 1893 3028 1952 ‘t

631 2569 684 2624 1.
708 2564 967 2622 Humana:
989 2557 1175 2617 salutis
1200 2552 1515 2626 principium
1538 2557 1638 2614 est,
1657 2546 1816 2620 timor
1844 2541 1937 2597 Dei
1965 2541 2006 2607 ‘,
2029 2550 2144 2592 om-

557 2661 814 2728 niumque
847 2656 1111 2711 bonorum
1142 2657 1446 2704 nostrorum
1473 2640 1624 2698 radix
1651 2648 1733 2694 est
1762 2637 1844 2691 lex
1879 2632 1970 2688 Dei
2001 2649 2014 2685 :
2044 2643 2142 2684 ne-

557 2767 661 2824 que
688 2763 814 2805 vero
842 2747 926 2802 lex
959 2742 1054 2799 Dei
1084 2741 1200 2797 sine
1231 2739 1440 2800 timore,
1475 2746 1648 2804 neque
1674 2731 1833 2785 timur
1869 2725 1984 2780 sine
2024 2722 2145 2791 lege

557 2813 679 2899 esse
707 2839 894 2910 possit.
933 2836 1066 2892 Nam
1103 2834 1188 2889 lex
1229 2829 1597 2886 mandatorum
1641 2821 1944 2878 ministrum
1984 2813 2146 2868 habet

557 2905 847 2990 timorem:
888 2929 1051 2985 timor
1084 2935 1262 2981 autem
1303 2927 1686 2992 praeceptorum
1725 2911 1957 2983 iudicem
1984 2905 2146 2962 habet

557 3030 750 3099 legem.
781 3025 882 3094 Qui
913 3038 1040 3094 ergo
1064 3037 1185 3076 cum
1214 3020 1402 3073 timore
1437 3013 1642 3070 accedit
1677 3009 1745 3065 ad
1775 3008 1969 3078 legem,
1995 3011 2050 3059 et
2075 3000 2144 3057 ad

558 3122 728 3178 Deum
771 3118 903 3188 legis
949 3117 1211 3177 datorem,
1259 3113 1304 3166 is
1342 3110 1480 3164 inter
1517 3113 1731 3162 sanctos
1773 3107 2047 3163 versatur,
2089 3103 2145 3150 et

555 3212 710 3282 iustis
737 3207 1089 3271 adscribitur;
1130 3211 1317 3260 contra
1353 3199 1442 3271 qui
1478 3199 1724 3254 timorem
1768 3193 1861 3248 Dei
1891 3190 2145 3246 audacter

556 3300 883 3372 aggreditur,
911 3307 966 3352 et
1003 3312 1124 3352 cum
1166 3291 1469 3362 arrogantia
1505 3289 1571 3344 ad
1597 3286 1828 3343 divinam
1857 3285 2026 3354 legem
2049 3295 2144 3336 ac-

555 3391 721 3457 cedit,
754 3390 798 3443 is
823 3387 990 3458 gratia
1020 3401 1128 3440 non
1155 3386 1421 3456 dignatur,
1453 3382 1562 3437 imo
1597 3389 1652 3435 et
1673 3394 1700 3432 a
1731 3377 1928 3447 pietate
1956 3372 2144 3443 expel-

557 3482 704 3537 litur.
753 3479 880 3535 ideo
919 3477 1011 3549 qui
1043 3491 1166 3532 cum
1205 3477 1397 3530 timore
1426 3483 1481 3529 et
1507 3469 1772 3527 desiderio
1800 3467 1866 3523 ad
1910 3466 2143 3522 divinam

556 3575 728 3644 legem
757 3571 1035 3637 accedunt,
1068 3568 1120 3624 hi
1147 3577 1294 3624 recte
1333 3565 1552 3620 omnino
1580 3563 1842 3618 docentur
1867 3570 1920 3615 et
1941 3556 2143 3613 illumi-

555 3674 772 3729 nantur,
803 3673 860 3720 et
896 3663 964 3719 ab
994 3661 1108 3732 ipsa
1145 3658 1370 3715 veritate
1399 3656 1464 3710 ad
1495 3669 1673 3711 veram
1712 3651 2022 3722 religionem
2062 3649 2144 3704 in-

556 3758 851 3814 stituuntur
881 3773 894 3810 :
925 3753 1164 3809 incidunt
1193 3751 1334 3806 enim
1380 3749 1432 3803 in
1473 3749 1644 3818 ipsum
1672 3744 1914 3807 veritatis
1940 3743 2142 3798 fontem

555 3851 820 3913 «licentes,
846 3845 1150 3902 Benedietus
1173 3861 1242 3904 es.
1279 3843 1533 3906 Domine;
1557 3840 1682 3894 doce
1716 3855 1795 3892 me
1809 3835 2141 3908 justiﬁcatio-

554 3960 644 4000 nes
690 3952 805 3997 tuas
827 3939 996 4014 (Psal.
1030 3939 1154 3994 118.
1187 3937 1300 4007 12).
1332 3934 1528 3991 Verum
1569 3930 1759 3998 sancti,
1799 3929 1890 4000 qui
1935 3928 2006 3982 ita
2044 3925 2138 3996 pii,

554 4040 630 4094 ita
669 4035 902 4108 religiosi
940 4041 1087 4100 sunt,
1122 4032 1199 4087 sic
1229 4030 1507 4084 veritatem
1533 4025 1601 4081 ab
1628 4025 1738 4095 ipsa
1769 4023 1994 4079 veritate
2027 4020 2143 4077 edi-

553 4138 741 4195 scunt;
768 4137 820 4182 at
842 4124 1083 4182 veritatis
1102 4121 1323 4189 inimici,
1342 4121 1451 4175 imo
1467 4117 1643 4190 potius
1663 4117 1784 4171 vita:
1803 4130 1914 4170 suae
1936 4113 2137 4180 hostes,

551 4220 908 4294 arrogantiam
928 4227 984 4276 et
1007 4216 1200 4273 fastum
1226 4210 1552 4283 simplicitati
1575 4207 1938 4280 przeferentes,
1961 4213 2142 4276 tyran-

555 4316 679 4370 nico
706 4313 886 4369 habitu
925 4308 1168 4366 veritatis
1213 4307 1487 4362 doctorem
1537 4302 1757 4357 adeunt.
1809 4298 1960 4367 Quod
2009 4313 2142 4354 sane

552 4407 796 4461 fecerunt
815 4403 1007 4466 Judzei,
1035 4410 1094 4458 ut
1119 4416 1185 4456 ex
1205 4397 1524 4470 evangelicis
1539 4395 1696 4451 dictis
1721 4393 1882 4449 modo
1897 4391 2137 4448 audistis.

553 4497 768 4553 Etenim
796 4495 1078 4550 Dominum
1103 4500 1346 4547 nostrum
1361 4490 1564 4553 Iesum,
1587 4488 1784 4558 Regem
1809 4493 2134 4548 sanctorum,

549 4591 606 4645 in
639 4588 839 4659 templo
862 4593 1184 4652 versantem,
1209 4583 1260 4637 in
1287 4583 1405 4653 ipso
1423 4580 1622 4650 templo
1641 4579 1858 4642 adeunt,
1884 4592 1992 4632 non
2017 4590 2140 4632 cum

549 4700 639 4753 eo,
666 4697 828 4756 quem
853 4679 1095 4744 decebat,
1123 4677 1336 4740 timore,
1367 4691 1472 4730 non
1503 4683 1560 4728 ut
1583 4672 1762 4727 famuli
1789 4673 2000 4738 herum,
2029 4687 2139 4729 non

610 4795 627 4826 ‘
671 4791 822 4842 Juxta
865 4785 1038 4846 ενι-ιιι.
1085 4783 1234 4834 Alex.
1280 4779 1404 4846 edit.
1448 4781 1559 4846 adv.
1602 4774 2138 4846 Anthropomorphitas

547 4867 654 4915 cap.
675 4839 734 4915 il
768 4839 951 4915 avdito;
991 4846 1172 4915 ιςιξρὶρυ
1208 4843 1682 4915 ἁχγὸςι-τοιρτέστέν,
1709 4839 2140 4915 samaegrae-

549 4899 820 4964 cti'usCod.
850 4899 1132 4974 lieg._10'26
1156 4921 1168 4956 :
1193 4899 1564 4974 φόβοςςξζυρίοιί.
1589 4904 1697 4963 Quo
1723 4899 1792 4974 ἱίιυ
1812 4899 1981 4974 chice
2007 4900 2138 4974 l’iher

554 4962 654 5023 is‘te
678 4962 820 5023 titulo
847 4962 954 5022 1]οέ
971 4971 1185 5021 donatur
1204 4962 1227 5016 ἐ
1259 4962 1496 5021 ἐπιλύσέις
1527 4962 2139 5027 δογματικῶν-ζητημάςτων

558 5036 796 5097 Κυρίλλου
815 5033 902 5082 τοῦ
923 5023 2004 5097 aytwrd'rou_&pxgsutqu61tou'"’A):eEatv§eeiac.
2034 5023 2139 5070 ἐπι-

527 5141 529 5145 Α
559 5085 850 5158 ζητίηθέντῳν
886 5085 1016 5158 πᾳρἁ
1051 5085 1534 5158 Τιῦςρξίοὺᾌιαξιρνου
1561 5087 1648 5158 καὶ
1674 5093 1759 5146 τῆς
1785 5085 2102 5158 ἀδέλφὸξητοξ
2123 5095 2138 5109 ⁶

560 5147 648 5231 aut:
667 5147 694 5204 ἐ
732 5155 820 5204 τοῦ
864 5147 1001 5231 ἁγὶῥ-ξ»
1017 5147 1275 5231 ⁸Κιερίλξου
1316 5152 1552 5231 enimuere
1588 5151 1686 5223 τῷν
1721 5147 2141 5231 2ιιξρριτὶνεχῐὶεισέὶηι

559 5218 776 5268 πεύσεων
802 5210 932 5279 παρᾶ
952 5210 1171 5279 Τιϐερίὸυ
1197 5215 1419 5279 διᾳκόγου
1455 5213 1538 5262 καὶ
1579 5212 1675 5260 τῶν
1715 5210 1933 5272 satisan,
2007 5212 2094 5256 aut
2125 5219 2138 5255 :

560 5281 800 5344 Κυρίλλου
822 5277 941 5341 πρὸς
968 5277 1201 5344 Τιβέριον.
1227 5277 1446 5344 Coteler.

733 5327 1012 5413 orationem
1034 5327 1176 5399 hanc,
1201 5339 1505 5413 genuinum,
1539 5342 1596 5385 ut
1616 5327 2036 5413 videturjnsummi
2053 5328 2142 5413 do-

557 5390 707 5466 rtciris
729 5390 1094 5475 5§G_§,_'ﬁr6i§m_
1112 5390 1420 5475 magnonuon
1454 5390 2140 5475 planeinﬁciandlatnlp‘arenti,

559 5452 789 5528 habitat:
797 5452 968 5522 iifiés'é
978 5452 1254 5516 Kntiochi’m
1273 5460 1406 5528 illud
1429 5452 1675 5516 ostendit,
1697 5455 1838 5528 quod
1863 5452 1945 5528 _a_d‘
1958 5452 2104 5528 finem
2123 5491 2138 5513 ,

561 5515 1286 5604 prout-soletjvdeﬁommuni
1324 5532 1461 5604 patre
1497 5515 1870 5604 seuvfpis'copo
1895 5515 2106 5579 loquitur
2125 5555 2138 5576 ,

561 5582 998 5662 ἧὲῖᾖεῖέιᾷἑὶέιιιο.
1020 5596 1278 5652 Exceptam
1303 5582 1459 5648 potius
1477 5582 1774 5662 crediderim
1804 5592 1869 5628 ex
1900 5590 2006 5650 ore.
2024 5589 2140 5650 per-

562 5640 745 5713 3313's;
795 5640 976 5722 ’ἶιὶίεῖἧῖ
991 5640 1034 5722 a
1056 5640 1199 5702 manu
1221 5640 1564 5722 componentis
1598 5644 1886 5709 profectam;
1921 5640 2010 5691 nisi
2032 5643 2141 5704 quis

565 5715 905 5788 interimlatam
928 5718 1079 5770 malit.
1103 5715 1305 5765 caletur.

2251 2538 2308 2584 ut
2335 2527 2579 2583 homines
2603 2526 2804 2592 Deum;
2833 2525 2929 2581 sed
2955 2539 3129 2596 neque
3147 2532 3210 2581 ut
3232 2525 3489 2599 discipuli
3517 2529 3804 2600 magistrum.

2250 2621 2452 2676 Inimici
2479 2620 2741 2685 veritatis,
2763 2627 2818 2674 et
2839 2618 3087 2689 nequitiae
3112 2618 3482 2689 indagatores,
3505 2636 3647 2676 suam
3664 2632 3806 2677 oste»

2249 2712 2439 2767 dentes
2477 2709 2897 2780 malignitatem,
2943 2709 3189 2764 humanis
3231 2711 3537 2767 ratiociniis
3565 2728 3809 2782 supernam

2249 2805 2566 2876 sapientiam
2603 2800 2988 2859 circumvenire
3032 2801 3403 2858 conabantur.
3444 2803 3576 2860 Nam
3602 2807 3670 2860 ait
3697 2824 3708 2858 :
3734 2806 3812 2860 Λι-

2248 2905 2500 2952 cesserant
2528 2897 2580 2949 in
2610 2895 2798 2962 templo
2826 2895 2893 2947 ad
2916 2893 3093 2947 Iesum
3121 2895 3419 2951 sacerdotes
3443 2906 3489 2951 et
3515 2899 3718 2952 seniores
3739 2913 3812 2967 po-

2250 2989 2358 3060 puli
2398 2989 2614 3042 dicentes
2641 3003 2660 3042 :
2685 2985 2754 3040 In
2789 3002 2890 3056 qua
2927 2994 3169 3054 potestate
3205 2985 3315 3040 haec
3341 2989 3528 3058 facis?
3560 2999 3606 3043 et
3631 2990 3730 3060 quis
3747 2987 3814 3042 tibi

2249 3077 2386 3133 dedit
2423 3078 2556 3131 hanc
2597 3085 2883 3148 potestatem
2909 3074 3118 3148 (Matth.
3146 3075 3238 3130 2|.
3272 3076 3372 3146 ‘25)
3401 3080 3426 3132 ζ’
3462 3079 3506 3135 Ο
3541 3094 3631 3135 cor
3656 3081 3814 3134 timore

2251 3169 2594 3226 destitutum!
2625 3168 2802 3239 qualia
2840 3166 3020 3231 audet,
3062 3167 3236 3236 qualia
3279 3167 3565 3238 loquitur!
3597 3179 3816 3240 quantum

2248 3260 2549 3330 arrogantia
2576 3258 2880 3315 extollitur!
2909 3256 2953 3312 Ο
2992 3257 3357 3329 improborum
3400 3257 3768 3332 insipientiam!
3789 3276 3816 3312 ο

2249 3353 2549 3408 Servatoris
2593 3350 2965 3407 clementiam!
3010 3350 3136 3406 Haec
3175 3350 3426 3422 loquitur
3472 3355 3666 3421 lutum,
3702 3363 3750 3410 et
3775 3352 3817 3408 id

2249 3446 2439 3517 figulus
2465 3446 2663 3516 patitur
2700 3461 2714 3498 :
2757 3444 2979 3514 erigitur
3025 3452 3213 3499 contra
3254 3444 3529 3515 Opiﬁcem
3557 3448 3812 3517 opiﬁcium,

2247 3545 2303 3593 et
2332 3537 2383 3591 id
2407 3536 2598 3592 tolerat
2627 3535 2905 3618 Beneficus
2945 3536 3144 3590 nemini
3172 3534 3451 3592 obnoxius
3476 3555 3488 3591 :
3516 3539 3754 3593 rationem
3774 3543 3816 3590 et

2247 3629 2467 3685 verbum
2513 3638 2760 3698 repetunt
2797 3643 2828 3684 a
2873 3628 2966 3683 Dei
3011 3627 3224 3695 Verbo,
3263 3637 3318 3683 et
3369 3639 3690 3702 potestatem
3723 3633 3816 3698 ejus

2248 3721 2458 3776 curiose
2485 3721 2814 3791 perquirunt,
2844 3734 2962 3790 qute
2992 3728 3073 3773 est
3098 3719 3447 3775 auctoritatis
3477 3722 3699 3776 culmen.
3729 3720 3815 3789 0p-

2247 3825 2476 3886 portune
2499 3813 2740 3869 dicamus
2769 3812 2884 3867 haec
2911 3812 3167 3882 sapientis
3191 3812 3355 3868 verba
3383 3831 3398 3867 :
3431 3813 3478 3870 Ο
3507 3815 3682 3878 homo,
3705 3812 3816 3881 Quid

2247 3907 2468 3978 superbit
2496 3917 2630 3961 terra
2658 3915 2705 3960 et
2729 3905 2854 3960 cinis
2877 3903 3072 3977 (Eccle.
3098 3905 3184 3960 10.
3208 3904 3302 3976 9)?
3323 3905 3504 3962 Deum
3531 3911 3813 3978 interrogas,

2246 4009 2302 4056 et
2327 3999 2556 4070 requiris
2580 3999 2648 4054 ab
2674 3999 2766 4055 illo
2795 3998 3056 4053 rationem
3085 4013 3272 4054 eorum
3298 4014 3430 4070 qua:
3461 4011 3723 4071 operatur,
3741 4015 3816 4054 au-

2245 4091 2448 4161 desque
2473 4105 2759 4161 supernam
2791 4090 2932 4144 illam
2959 4099 3277 4160 potestatem
3310 4091 3398 4148 sic
3428 4093 3582 4148 affari
3613 4111 3629 4147 :
3660 4092 3717 4145 In
3735 4105 3815 4158 qua

2246 4192 2487 4254 potestate
2509 4183 2614 4237 hazc
2635 4182 2800 4253 faris?
2825 4182 2931 4237 Cur
2952 4183 3096 4236 illum
3124 4182 3450 4254 interrogas,
3477 4201 3652 4255 neque
3675 4187 3814 4255 ipsam

2246 4289 2426 4331 rerum
2455 4274 2706 4329 virtutem
2736 4272 3025 4344 exploras?
3050 4272 3300 4328 Scrutare
3329 4274 3456 4344 ipse
3483 4276 3751 4346 diligenter
3772 4275 3814 4326 in

2245 4366 2455 4421 occulto
2485 4364 2678 4419 anima:
2707 4375 2919 4430 senatu,
2948 4365 3220 4435 explorata
3257 4382 3442 4420 rerum
3478 4379 3683 4432 natura,
3710 4382 3814 4420 num

2245 4474 2364 4529 quae
2393 4457 2524 4512 ﬁunt
2543 4457 2761 4512 humani
2782 4457 2989 4513 consilii
3015 4457 3141 4522 sint,
3164 4472 3231 4512 an
3259 4457 3461 4513 divinae
3487 4457 3812 4523 auctoritatis,

2245 4549 2502 4619 praeclara
2545 4563 2738 4617 nempe
2780 4548 2866 4602 illa
2904 4547 3109 4602 Domini
3137 4559 3306 4617 gesm.
3335 4548 3613 4621 Interroga
3638 4559 3818 4604 natura:

2245 4639 2412 4712 leges,
2440 4640 2716 4711 potestatis
2741 4640 3021 4706 terminos,
3055 4641 3356 4710 seriemque
3387 4643 3774 4697 ratiociniorum
3800 4655 3812 4692 :

2242 4749 2357 4813 qua.
2389 4741 2651 4803 potestate
2691 4732 2951 4788 suscitare
2987 4744 3226 4788 mortuos
3261 4742 3444 4804 potest
3475 4751 3491 4789 :
3540 4735 3814 4796 hominum,

2243 4841 2310 4882 an
2339 4825 2471 4880 Dei?
2509 4825 2638 4892 Quis
2675 4834 2849 4894 potest
2887 4826 3126 4894 leprosos
3164 4824 3450 4893 mundare,
3484 4827 3698 4880 morbos
3718 4822 3815 4892 pcl-

2243 4917 2385 4983 lere,
2442 4931 2760 4984 omnemque
2804 4916 2996 4970 animae
3034 4918 3381 4986 corporisque
3430 4916 3679 4972 morbum
3715 4912 3816 4970 solo

2244 5012 2410 5067 verbo
2441 5009 2664 5066 tollere?
2687 5008 2909 5075 Deinde,
2940 5009 3058 5079 quis
3085 5019 3260 5078 potest
3283 5025 3350 5065 ex
3379 5010 3496 5065 luto
3521 5010 3702 5064 oculos
3720 5005 3813 5060 for-

2241 5117 2411 5169 mare,
2440 5102 2578 5156 Deus
2603 5116 2670 5155 an
2701 5101 2862 5155 homo
2880 5100 2903 5154 ?
2921 5099 3030 5155 Cur
3047 5115 3148 5154 non
3179 5101 3346 5170 ipsam
3374 5116 3560 5156 rerum
3591 5109 3808 5156 naturam

2240 5192 2558 5263 interrogas,
2597 5191 2693 5248 sed
2735 5191 2989 5247 audacter
3032 5190 3288 5261 Opificem
3329 5193 3585 5262 exploras
3625 5191 3803 5248 dicens.

2239 5282 2306 5339 In
2334 5301 2434 5352 qua
2462 5292 2702 5355 potestate
2733 5283 2840 5336 haec
2861 5283 3029 5352 facis?
3056 5282 3252 5337 lterum
3288 5285 3427 5338 enim
3454 5283 3620 5338 verba
3647 5285 3807 5350 repeto

2239 5393 2446 5442 eorum,
2482 5378 2569 5447 qui
2591 5377 2768 5433 omnia
2795 5375 2950 5432 facile
2976 5375 3194 5443 audent,
3232 5378 3321 5447 qui
3352 5392 3379 5430 a
3407 5375 3598 5432 Verbo
3622 5375 3708 5430 Dei
3734 5387 3808 5426 ra-

2240 5470 2439 5526 tionem
2459 5476 2723 5540 repetunt,
2753 5477 2805 5524 et
2829 5467 3119 5523 ratiociniis
3145 5468 3593 5525 circumscribere
3624 5469 3810 5522 lentant

2238 5579 2381 5628 cum,
2409 5561 2496 5633 qui
2537 5559 2942 5631 comprehendit
2985 5561 3254 5631 sapientes
3295 5562 3347 5616 in
3394 5561 3596 5615 astutia
3641 5570 3808 5613 eorum

2241 5655 2288 5724 (l
2349 5653 2464 5708 Cor.
2499 5653 2551 5708 5.
2587 5651 2698 5721 19).
2729 5652 2773 5709 0
2795 5651 3144 5709 dementiam!
3192 5653 3301 5708 Deo
3333 5651 3504 5708 Verbo
3539 5648 3809 5723 experien-
