4050 6198
382 229 476 284 ιιι
1238 241 1242 245 ·
1354 229 1420 285 IN
1462 227 1689 296 ILLUD,
1733 229 1799 284 ΙΝ
1840 227 1956 296 ου)

2058 230 2450 302 ‘OTESTATE,
2490 233 2643 292 ETC.

3516 241 3639 298 ιιε.

395 523 3617 576 M

1112 912 1339 1002 ΤΟΥ
1411 916 1556 1003 ΕΝ
1622 910 1988 1005 ΑΓΙοΙΣ
2058 912 2493 1006 ΠΑΤΡΟΣ
2563 842 2891 1008 ΗΜΩΝ

378 1231 1395 1413 ΙΩΑΝΝΟΥ
1448 1235 1890 1410 ΤΟΥ
1924 1236 3624 1418 ΧΡΥΣΟΣΤΟΜΟΥ

960 1650 1203 1765 ΕΙΣ
1274 1647 1482 1765 ΤΟ
1567 1645 2091 1765 ΡΗΤΟΝ
2186 1646 2395 1765 ΤΟ
2473 1641 3038 1792 ΛΕΓΟΝ,

1474 1946 1576 2002 Ἐν
1612 1949 1755 2015 ποίᾳ
1793 1947 2045 2016 ἐξουσίᾳ
2080 1947 2267 2004 ταῦτα
2303 1947 2529 2015 ποιεῖς;

450 2925 520 2975 α’.
552 2919 721 2992 Ἀρχὴ
769 2921 1043 2994 σωτηρίας
1079 2919 1380 2992 ἀνθρώπων
1416 2921 1446 2975 6
1477 2918 1570 2975 τοῦ
1602 2919 1738 2976 Θεοῦ
1768 2921 1954 2992 φόϐος,

387 3007 474 3060 καὶ
508 3006 632 3079 ῥίζα
661 3008 880 3062 πάντων
905 3010 1013 3064 τῶν
1042 3009 1102 3063 ἐν
1133 3010 1263 3079 ἡμῖν
1283 3007 1504 3076 ἀγαθῶν
1536 3011 1565 3063 ὀ
1591 3007 1684 3063 τοῦ
1713 3008 1846 3063 Θεοῦ
1868 3009 1957 3063 νό-

387 3112 501 3165 μος,
528 3094 651 3148 οὐτε
682 3095 739 3150 δὲ
766 3094 902 3150 Θεοῦ
931 3096 1092 3167 νόμος
1119 3097 1246 3151 ἄνευ
1273 3096 1459 3166 φόϐου,
1486 3095 1612 3150 οὐτε
1644 3097 1806 3166 φόϐος
1826 3096 1954 3150 ἄνευ

386 3186 564 3250 νόμου.
614 3184 670 3236 '0
718 3181 827 3254 γὰρ
881 3182 1044 3252 νόμος
1098 3182 1207 3236 τῶν
1257 3183 1643 3253 ἐπιταγμάτων
1675 3183 1956 3255 ὑπηρέτην

381 3271 491 3343 ἔχει
524 3270 614 3323 τὸν
642 3269 804 3339 φόϐον
828 3286 842 3300 ·
864 3272 893 3324 6
927 3270 984 3323 δὲ
1030 3270 1192 3340 φόϐος
1225 3270 1333 3324 τῶν
1364 3272 1849 3342 προστεταγμένων
1877 3270 1957 3324 δι-

384 3357 587 3429 καστὴν
617 3357 727 3427 ἔχει
772 3358 864 3413 τὸν
898 3359 1081 3430 νόμον.
1145 3358 1203 3412 '0
1251 3359 1350 3431 μὲν
1376 3355 1469 3414 οῦν
1519 3360 1668 3431 φόϐῳ
1698 3359 1775 3432 τῷ
1805 3361 1954 3432 νόμῳ

382 3445 834 3517 προσερχόμενος,
863 3449 956 3501 καί¹
999 3447 1076 3517 τῷ
1110 3446 1203 3500 τδν
1247 3448 1409 3518 νόμον
1435 3448 1575 3502 δόντι
1607 3446 1745 3519 Θεῷ,
1779 3448 1957 3517 ἁγίοις

383 3531 811 3599 ἐμπολιτεύεται,
845 3533 940 3587 καὶ
981 3535 1147 3598 ὁσίοις
1199 3535 1573 3608 ἀναγράφεται
1594 3552 1609 3566 ο
1640 3538 1669 3589 6
1694 3536 1751 3589 δὲ
1783 3554 1955 3591 κατα·-

385 3616 597 3687 τολμῶν
623 3617 718 3670 τοῦ
752 3618 896 3671 θείου
927 3619 1113 3686 φόϐου,
1148 3621 1243 3674 καὶ
1275 3623 1412 3693 μετὰ
1446 3623 1759 3687 ἀλαζονείας
1787 3641 1956 3696 προσ-

387 3700 606 3773 έρχεται
630 3702 706 3773 τῷ
749 3701 877 3774 θείῳ
926 3703 1095 3775 νόμῳ,
1124 3705 1248 3759 οὐτε
1289 3709 1387 3779 τῆς
1436 3709 1656 3780 χάριτος
1686 3710 1950 3776 ἀξιοῦται,

385 3787 521 3843 ἀλλά
546 3787 640 3841 καὶ
669 3789 766 3858 τῆς
796 3789 1074 3854 εὐσεϐείας
1104 3791 1441 3847 ἐκϐάλλεται.
1474 3796 1575 3849 Διά
1599 3795 1754 3850 τοῦτο
1781 3798 1830 3850 οἱ
1855 3796 1954 3869 μὲν

308 3872 337 3885 ’
385 3876 535 3947 φόϐῳ
556 3878 651 3931 καὶ
680 3877 828 3949 πόθῳ
862 3879 1175 3949 προσιόντες
1207 3880 1283 3951 τῷ
1308 3881 1434 3952 θείῳ
1476 3884 1644 3954 νόμῳ,
1678 3885 1816 3955 μετὰ
1847 3887 1955 3940 πά-

383 3983 485 4036 σης
508 3965 802 4036 εὐθύτητος
832 3967 1170 4022 διδάσκονται
1203 3970 1298 4022 καὶ
1330 3970 1672 4039 φωτίζονται,
1699 3972 1793 4027 καὶ
1824 3974 1954 4046 παρ’

383 4055 553 4125 αὐτῆς
573 4055 673 4125 τῆς
697 4054 953 4126 ἀληθείας
978 4055 1147 4127 αὐτὴν
1171 4056 1509 4129 παιδεύονται
1532 4058 1630 4129 τὴν
1652 4060 1953 4115 εὐσέϐειαν·

385 4142 747 4196 ὑποπίπτουσι
780 4142 891 4213 γάρ
913 4142 1048 4214 αὐτῇ
1078 4145 1144 4214 τῇ
1180 4147 1326 4215 πηγῇ
1357 4128 1459 4215 τῆς
1485 4128 1757 4216 ἀληθείας,
1782 4145 1956 4216 λέγον-

381 4249 472 4295 τες
490 4250 502 4262 ’
542 4233 889 4303 Εὐλογητὸς
913 4228 987 4296 εἴ,
1012 4234 1190 4301 Κύριε
1210 4251 1223 4265 ο
1245 4234 1497 4300 δίδαξόν
1512 4254 1591 4305 με
1621 4236 1693 4290 τὰ
1721 4236 1956 4291 δικαιώ-

381 4322 537 4390 ματά
563 4339 698 4377 σου.
750 4320 888 4374 Ἀλλ’
921 4322 971 4376 οἱ
1001 4322 1099 4393 μὲν
1125 4322 1269 4391 ἅγιοι
1298 4321 1472 4387 οὕτως
1516 4324 1780 4389 εὐλαϐεῖς,
1816 4324 1958 4379 οὕτω

385 4408 640 4478 φιλόθεοι,
698 4407 840 4462 οὐτω
877 4411 1007 4480 παρ’
1040 4409 1211 4478 αὐτῆς
1258 4409 1429 4479 αὐτὴν
1484 4409 1811 4479 μανθάνουσι
1857 4410 1957 4483 τὴν

384 4497 639 4568 ἀλήθειαν
658 4514 672 4529 ·
694 4499 741 4551 οί
774 4497 831 4552 δὲ
858 4497 958 4567 τῆς
1008 4497 1265 4569 ἀληθείας
1307 4498 1511 4569 ἐχθροὶ,
1545 4498 1745 4569 μᾶλλον
1769 4500 1826 4553 δὲ
1856 4500 1958 4570 τῆς

386 4588 595 4643 ἑαυτῶν
621 4586 768 4658 ζωῆς
816 4586 1077 4654 πολέμιοι,
1138 4586 1457 4652 ἀλαζονείαν
1490 4587 1584 4640 καὶ
1634 4588 1803 4656 τῦφον
1855 4588 1959 4659 τῆς

386 4675 685 4746 ἁπλότητος
717 4676 1170 4745 προτιμήσαντες,
1197 4675 1502 4746 τυραννικῷ
1530 4676 1767 4747 σχήματι
1789 4694 1958 4748 προσ-

387 4764 636 4835 έρχονται
662 4761 740 4832 τῷ
761 4761 861 4831 τῆς
889 4760 1171 4823 εὐσεϐείας
1197 4761 1519 4832 διδασκάλῳ.
1552 4764 1614 4816 Ὃ
1635 4763 1699 4834 δὴ
1728 4764 1958 4835 πεποιή-

387 4867 515 4904 κασι
544 4849 639 4904 καὶ
677 4847 945 4903 Ἰουδαίων
993 4847 1198 4911 παῖδες.
1230 4849 1303 4912 ὡς
1335 4850 1535 4920 ἀρτίως
1567 4851 1631 4903 ἐκ
1662 4850 1771 4905 τῶν
1794 4851 1959 4920 εὐαγ-

386 4938 619 5006 γελικῶν
636 4935 811 5006 λόγων
838 4933 1130 5007 ἀκηκόατε.
1177 4934 1266 5004 Τῷ
1299 4936 1408 5006 γὰρ
1443 4936 1630 5005 Κυρίῳ
1657 4936 1816 5006 ήμῶν
1851 4937 1957 5008 ἰη-

389 5024 504 5087 σοῦ,
526 5022 605 5094 τῷ
636 5021 846 5094 βασιλεῖ
869 5024 977 5075 τῶν
1003 5021 1193 5089 ἁγίων,
1218 5020 1602 5091 ἐνδιατρίϐοντι
1624 5022 1682 5074 ἐν
1712 5021 1793 5093 τῷ
1822 5023 1957 5095 ναῷ,

391 5114 781 5185 προσέρχονται
801 5111 858 5163 ἐν
884 5108 1031 5179 αὐτῷ
1056 5108 1134 5179 τῷ
1165 5107 1299 5178 ναῷ.
1330 5109 1390 5161 οὐ
1426 5110 1563 5179 μετά
1586 5108 1680 5163 τοῦ
1720 5111 1960 5180 πρέπον-

387 5218 479 5265 τος
522 5201 686 5270 φόϐου
713 5240 728 5264 ,
761 5200 860 5269 οὐχ
892 5195 1041 5270 [418]
1073 5196 1148 5261 ὡς
1199 5195 1404 5265 οἰκέται
1440 5196 1672 5269 δεσπότῃ
1698 5239 1711 5260 ,
1748 5198 1846 5269 οὐχ
1885 5200 1961 5265 ὡς

389 5288 664 5359 ἄνθρωποι
712 5287 850 5356 Θεῷ,
912 5284 1021 5340 ἀλλ’
1054 5284 1173 5337 οὐδὲ
1211 5283 1287 5347 ὼς
1336 5282 1573 5355 μαθηταὶ
1633 5284 1956 5358 διδασκάλῳ.

403 5374 617 5446 Ἐχθροὶ
651 5373 749 5444 τῆς
782 5371 1056 5442 ἀληθείας,
1088 5372 1179 5424 καὶ
1208 5370 1440 5441 θηραταί
1465 5370 1681 5438 κακίας,
1715 5374 1813 5445 τὴν
1842 5376 1962 5429 ἐαυ.

388 5460 497 5514 τῶν
527 5452 922 5529 ἐνδεικνύμενοι
954 5457 1237 5528 πονηρίαν,
1279 5458 1558 5528 λογισμοῖς
1599 5460 1959 5531 ἀνθρωπίνοις

391 5547 686 5621 ἐπειρῶντο
718 5545 1076 5619 περιγράφειν
1107 5543 1204 5615 τὴν
1225 5544 1415 5612 σοφίαν
1439 5544 1537 5615 τὴν
1565 5546 1956 5618 ὐπερκόσμιον.

389 5633 750 5708 ΙΙροσῆλθον
776 5634 905 5705 γὰρ,
936 5631 1100 5704 φησὶν
1124 5671 1140 5699 ,
1170 5631 1239 5687 ἐν
1278 5629 1356 5697 τῷ
1379 5631 1509 5701 ἱερῷ
1540 5631 1620 5699 τῷ
1669 5634 1863 5704 Ἰησοῦ
1906 5639 1959 5692 οἱ

2058 2918 2235 2989 ἱερεῖς
2256 2921 2353 2975 καὶ
2382 2923 2438 2975 ot
2461 2923 2844 2993 πρεσϐύτεροι
2870 2924 2975 2980 τοῦ
2993 2923 3146 2980 λαοῦ
3173 2925 3451 2994 λέγοντες
3469 2940 3483 2957 ·
3530 2925 3635 2980 Ἔν

2055 3008 2201 3077 ποίᾳ
2245 3008 2496 3078 ἐξουσίᾳ
2532 3010 2716 3065 ταῦτα
2741 3011 2973 3079 ποιεῖςς
3016 3013 3115 3067 καί
3160 3014 3251 3079 τίς
3297 3028 3397 3067 σοι
3446 3011 3634 3067 ἔδωκε

2055 3093 2172 3162 τὴν
2194 3094 2488 3160 ἐξουσίαν
2515 3098 2775 3166 ταύτην;
2808 3099 2872 3151 Ὢ
2896 3100 2995 3170 τῆς
3022 3100 3227 3168 ἀφόϐου
3257 3099 3509 3170 καρδίαςί
3533 3101 3636 3154 ὅσα

2054 3179 2257 3257 τολμᾷι
2284 3183 2384 3237 ὅσα
2409 3184 2732 3254 φθέγγεταιι
2758 3186 2860 3240 ὅσα
2883 3185 3017 3257 πρὸς
3042 3186 3357 3251 ἀλαζονείαν
3390 3187 3632 3258 αἴρεταιί

2060 3268 2125 3321 Ὦ
2157 3269 2260 3340 τῆς
2283 3270 2393 3323 τῶν
2432 3270 2685 3342 πονηρῶν
2735 3272 2956 3337 ἀνοίαςί
3012 3272 3058 3326 ὣ
3107 3273 3207 3343 τῆς
3245 3273 3338 3327 τοῦ
3384 3273 3636 3344 Σωτῆρος

2055 3355 2430 3422 ἀνεξικακίαςί
2464 3356 2757 3427 Φθέγγεται
2780 3358 3004 3413 τοιαῦτα
3036 3359 3224 3431 πηλὸς,
3258 3360 3351 3413 καὶ
3383 3360 3634 3429 ἀνέχεται

2055 3446 2084 3498 6
2111 3443 2388 3516 πλάστης·
2418 3445 2704 3517 ἐπαίρεται
2728 3446 2870 3500 κατά
2905 3444 2999 3500 τοῦ
3033 3445 3368 3518 δημιουργοῦ
3403 3446 3463 3500 τὸ
3493 3446 3633 3500 πλά-

2057 3551 2190 3605 σμα,
2220 3534 2313 3587 καὶ
2333 3532 2647 3598 ἀνεξικακεί
2673 3537 2701 3589 6
2734 3535 3029 3608 εὐεργέτης
3061 3538 3089 3589 6
3111 3534 3402 3599 ἀνεύθυνος
3424 3552 3438 3567 ο
3471 3536 3636 3590 ἀπαι-

2053 3621 2205 3674 τοῦσι
2230 3620 2387 3689 λόγον
2413 3620 2566 3692 παρά
2586 3620 2678 3676 τοῦ
2712 3622 2847 3677 Θεοῦ
2878 3624 3074 3691 Λόγου,
3120 3623 3212 3677 καὶ
3250 3623 3351 3694 τὴν
3386 3623 3635 3690 ἐξουσίαν

2057 3710 2596 3782 πολυπραγμονοῦσι,
2630 3712 2733 3783 τὴν
2765 3714 3010 3784 κορυφὴν
3041 3712 3140 3783 τῆς
3189 3712 3489 3777 αὐθεντίας.
3543 3714 3637 3768 Εἵ-

2058 3814 2247 3867 πωμεν
2275 3797 2543 3869 εὐκαίρως
2563 3800 2656 3853 καί⁹
2681 3802 2841 3871 ἡμεῖς
2865 3800 2934 3853 τά
2964 3800 3058 3853 τοῦ
3094 3799 3260 3869 σοφοῦ
3284 3818 3298 3832 ο
3331 3796 3401 3854 Ὦ
3428 3801 3638 3874 ἀνθρω-

2058 3905 2148 3950 πε,
2174 3886 2242 3941 Τί
2261 3886 2603 3947 ἀλαζονεύει
2630 3888 2707 3958 γῆ
2731 3890 2828 3945 καί
2854 3890 3113 3956 σποδός;
3142 3891 3274 3959 Θεὸν
3292 3893 3521 3964 ἐρωτᾷς,
3538 3891 3635 3947 καὶ

2056 3974 2214 4044 λόγον
2246 3976 2495 4038 ἀπαιτεῖς
2524 3977 2653 4047 παρ’
2682 3977 2845 4029 αὐτοῦ
2868 3977 2976 4031 τῶν
3001 3978 3145 4032 ἰδίων
3166 3980 3362 4049 ἔργων,
3397 3980 3491 4033 καὶ
3512 3980 3633 4033 τολ-

2062 4062 2169 4134 μᾷς
2204 4060 2386 4129 λέγειν
2434 4061 2571 4133 πρὸς
2619 4063 2719 4133 τὴν
2763 4062 3133 4134 ὑπερκόσμιον
3192 4065 3476 4129 ἐξουσίαν·
3531 4067 3636 4120 Ἐν

2061 4148 2202 4216 ποίᾳ
2252 4148 2501 4217 ἐξουσίᾳ
2530 4148 2717 4203 ταῦτα
2743 4148 2968 4213 ποιεῖς;
3001 4147 3154 4202 Διατί
3201 4150 3258 4202 δὲ
3295 4149 3431 4213 ὅλως
3475 4151 3636 4208 αὐτὸν

2059 4237 2288 4309 ἐρωτᾷς,
2349 4236 2442 4288 καὶ
2473 4235 2573 4287 οὐκ
2631 4234 2803 4304 αὐτὴν
2862 4232 2962 4305 τὴν
3019 4222 3358 4304 πραγμάτων
3408 4234 3637 4306 δύναμιν

2057 4325 2280 4395 ἐρευνᾷς
2300 4340 2315 4387 ;
2352 4321 2633 4376 Ἐεέτασον
2661 4322 2823 4386 αὐτὸς
2843 4320 3085 4391 ἀκριϐῶς
3113 4324 3171 4376 ἐν
3193 4321 3269 4392 τῷ
3292 4323 3518 4395 κρυπτῷ
3536 4325 3634 4395 τῆς

2056 4414 2233 4485 ψυχῆς
2261 4414 2647 4485 βουλευτηρίῳ,
2675 4412 2775 4484 τὴν
2802 4413 2909 4466 τῶν
2942 4413 3285 4484 πραγμάτων
3320 4413 3485 4482 φύσιν
3511 4415 3634 4466 ἐπι-

2060 4503 2420 4574 σκεψάμενος,
2458 4505 2508 4557 εί
2563 4502 2908 4574 ἀνθρωπίνης
2959 4503 3103 4555 ἐστὶν
3132 4503 3341 4567 ἐννοίας
3388 4502 3457 4557 τά
3486 4503 3633 4570 γινόο

2062 4609 2220 4663 μενα,
2242 4591 2275 4663 ἢ
2299 4590 2449 4652 θείας
2476 4590 2761 4655 αὐθεντίας
2787 4590 2854 4644 τά
2877 4591 2955 4663 τῷ
2982 4589 3170 4663 Κυρίῳ
3203 4590 3630 4663 κατορθούμενα.

2070 4678 2375 4751 Ἐρώτησυν
2404 4679 2499 4733 καί⁸
2545 4678 2760 4743 φύσεως
2793 4678 3010 4749 νόμους,
3053 4679 3148 4731 καὶ
3178 4677 3423 4743 ἐξουσίας
3451 4678 3630 4748 ὄρους,

2058 4766 2154 4820 καὶ
2181 4765 2456 4837 λογισμῶν
2489 4766 2828 4830 ἀκολουθίαν,
2868 4767 2997 4819 ποία
3027 4765 3245 4830 ἐξουσία
3286 4764 3508 4819 δύναται
3550 4783 3634 4819 νε-

2059 4854 2225 4926 κροὺς
2250 4855 2477 4926 ἐγεῖραι,
2495 4853 2842 4924 ἀνθρώπωνῆ
2860 4852 2994 4904 Θεοῦ
3013 4867 3029 4917 ;
3052 4851 3144 4913 Τίς
3165 4851 3386 4905 δύναται
3400 4850 3633 4923 λεπροὺς

2060 4940 2362 5012 καθαίρειν,
2391 4940 2485 4994 καὶ
2514 4940 2701 5003 νόσους
2726 4937 3069 5001 ἀπελαύνειν,
3109 4937 3203 4990 καὶ
3239 4939 3417 4993 πᾶσαν
3443 4938 3630 5011 ψυχῶν

2058 5028 2155 5082 καὶ
2185 5029 2452 5099 σωμάτων
2480 5028 2792 5099 ἀρρωστίαν
2820 5026 2963 5096 λόγῳ
2994 5024 3138 5096 μόνῳ
3168 5024 3415 5092 διώκεινς
3456 5023 3588 5082 Εἶτα
3612 5070 3627 5089 .

2058 5115 2143 5180 τίς
2167 5114 2388 5169 δύναται
2415 5115 2523 5169 ἀπὸ
2553 5113 2725 5186 πηλοῦ
2758 5113 3068 5183 ὀφθαλμοὺς
3100 5112 3412 5180 διαπλάσαι,
3436 5115 3567 5179 Θεὸς
3595 5117 3628 5187 ἢ

2059 5202 2378 5274 ἀνθρωπος;
2405 5200 2558 5255 Διατί
2607 5202 2681 5273 μὴ
2707 5201 2806 5272 τὴν
2839 5200 3000 5270 φύσιν
3039 5201 3207 5271 αὐτὴν
3235 5202 3343 5255 τῶν
3375 5206 3632 5274 πραγμά-

2059 5307 2167 5345 των
2196 5291 2422 5362 ἐρωτᾷς,
2457 5288 2592 5344 ἀλλά
2628 5290 2764 5361 μετὰ
2793 5288 3127 5361 θρασύτητος
3157 5290 3246 5344 τὸν
3275 5291 3512 5363 ἐργάτην
3532 5309 3630 5344 πο·

2060 5379 2463 5449 λυπραγμονεῖς
2512 5376 2686 5446 λέγων
2709 5418 2725 5445 ,
2771 5378 2873 5431 Ἐν
2922 5376 3063 5444 ποίᾳ
3133 5377 3387 5445 ἐξουσίᾳ
3444 5378 3631 5431 ταῦτα

2064 5465 2289 5531 ποιεῖς;
2333 5465 2796 5536 Ἐπαναλαμϐάνω
2821 5466 2931 5538 γάρ
2956 5466 3023 5520 τὰ
3073 5465 3295 5536 ῥήματα
3331 5463 3493 5516 πάλιν
3522 5465 3631 5518 τῶν

2065 5554 2133 5608 τά
2154 5552 2330 5607 πάντα
2354 5553 2551 5624 ῥᾳδίως
2576 5552 2917 5625 τολμώντων,
2947 5551 3054 5604 τῶν
3080 5548 3453 5604 ἀπαιτούντων
3472 5550 3630 5618 λόγον)

2065 5641 2157 5698 τὸν
2183 5642 2273 5697 τοῦ
2302 5641 2435 5698 Θεοῦ
2466 5642 2654 5714 Λόγον,
2690 5644 2781 5697 καὶ
2809 5640 3170 5716 περιγράφειν
3205 5637 3483 5709 λογισμοῖς
3514 5640 3630 5696 ἐπι-
