4050 6198
523 240 630 296 ωε.

521 354 846 428 χειρούντων
872 354 963 407 τὸν
988 353 1352 423 δρασσόμενον
1381 352 1505 413 τούς
1536 351 1730 419 σοφοὺς
1774 349 1831 401 ἐν
1864 351 1927 417 τῇ
1957 364 2091 399 παν·

524 444 719 514 ουργίᾳ
741 442 937 496 αὐτῶν.
966 442 1030 491 Ὠ
1050 440 1148 509 τῆς
1178 438 1359 502 ἀνοίας
1383 440 1397 492 ι
1428 436 1547 507 Θεῷ
1570 438 1728 506 Λόγῳ
1759 436 2092 507 προσάγουσι

529 533 722 599 πεῖραν
748 528 939 595 λόγων,
986 519 1033 593 ᾧ
1063 527 1215 578 πᾶσα
1248 525 1411 595 τέχνη
1445 524 1619 591 λόγων
1661 522 1948 584 εὐάλωτος,
1999 524 2094 574 καὶ

526 619 673 669 πᾶσα
700 612 975 683 λογισμῶν
1003 611 1419 683 μεμελετημένη
1436 610 1630 680 πλοκή.
1654 609 1719 662 Τί
1747 610 1855 679 γάρ
1884 608 2095 679 ἀνθρώ-

525 719 679 764 πινος
713 700 886 770 ίσχύει
919 700 1075 767 λόγος
1114 698 1251 770 πρὸς
1292 698 1425 750 Θεὸν
1461 696 1670 764 Λόγον;
1700 696 1754 748 τί
1793 696 1850 749 δὲ
1879 714 2096 765 σεσοφι-

526 790 698 858 σμένη
726 786 892 840 κακία
916 787 1052 855 πρὸς
1083 784 1452 856 ὐπερκόσμιον
1481 784 1670 852 σοφίαν
1694 800 1709 845 ;

606 876 703 927 Ἐν
728 876 867 941 ποίᾳ
899 874 1152 941 ἐξουσίᾳ
1180 872 1364 926 ταῦτα
1390 872 1614 936 ποιεῖς;
1652 869 1958 941 Ἐρώτησον
2002 869 2097 923 τὸν

526 961 915 1031 παραλυτικὸν,
944 960 1029 1013 διά
1064 960 1222 1023 ποίας
1262 959 1510 1024 ἐξουσίας
1554 960 1633 1020 είς
1664 958 1828 1028 ρῶσιν
1871 957 2086 1009 ἀνακλί-

525 1064 708 1100 νεται·
765 1046 1039 1117 ἐρώτησον
1076 1046 1351 1115 θαύματα,
1409 1046 1502 1098 καὶ
1539 1044 1614 1114 μὴ
1653 1044 2094 1114 πολυπραγμόνει

521 1134 615 1187 τοῦ
670 1134 1071 1205 θαυματοποιοῦ
1115 1135 1213 1205 τὴν
1267 1133 1530 1199 ἐξουσίαν.
1587 1134 1700 1186 Οὐκ
1742 1134 2094 1202 ἀποκρίνεται

522 1225 651 1293 ὑμῖν
679 1226 713 1295 ή
762 1223 883 1278 θεία
934 1224 1111 1293 χάρις,
1162 1224 1413 1289 ἀναξίους
1463 1216 1806 1292 ἀποκρίσεως
1835 1222 2092 1289 κρίνουσα

518 1314 645 1375 τοὺς
669 1311 854 1373 κακῶς
878 1310 1215 1381 ἐρωτῶντας.
1248 1310 1500 1374 Τοιοῦτος
1518 1313 1625 1382 γάρ
1652 1313 1679 1364 6
1703 1312 1796 1363 τοῦ
1830 1309 1964 1363 Θεοῦ
1990 1310 2093 1364 Λό-

520 1417 647 1465 γος*
677 1401 807 1452 ὅταν
859 1398 943 1469 ἴδη
996 1398 1173 1468 ψυχὴν
1225 1398 1442 1451 σκολιὰν
1489 1400 1582 1451 καὶ
1629 1397 2089 1468 διεστραμμένην,

519 1486 831 1539 ἀποσείεται
860 1486 1027 1556 αὐτὴν
1054 1486 1129 1548 ὡς
1160 1485 1384 1551 ἀναξίαν
1413 1486 1513 1555 τῆς
1542 1486 1782 1560 χάριτος,
1806 1485 2093 1538 καὶπολλὰ

520 1575 777 1636 πολλάκις
805 1572 1122 1637 σπουδάζων
1163 1572 1474 1642 μανθάνειν,
1506 1573 1764 1642 ἀλήθειαν
1802 1574 1862 1625 οὐ
1895 1573 2092 1642 τυγχά-

516 1678 598 1713 νει
634 1659 785 1732 παρά
810 1659 907 1728 τῆς
950 1644 1253 1729 ἀληθείας.’
1277 1659 1583 1730 Ἐρωτῶσιν
1626 1644 1866 1713 ’Ἰουδαῖοι
1893 1659 2091 1713 πολλά-

519 1767 624 1813 κις,
650 1750 743 1802 καὶ
761 1750 881 1801 οὐδὲ
910 1748 1055 1814 ἆπαξ
1089 1750 1471 1818 μανθάνουσιν,
1507 1750 1691 1821 ἐπειδὴ
1734 1750 1917 1813 κακῶς
1951 1752 2091 1820 ἐρω-

514 1838 695 1889 τῶσιν.
725 1837 815 1898 EE;
842 1835 1093 1889 τοσοῦτον
1120 1836 1298 1889 αὐτῶν
1331 1836 1430 1898 τὰς
1460 1836 1637 1906 ψυχὰς
1664 1837 1979 1902 ἐϐασάνιζεν
2007 1839 2087 1901 εἰς

512 1923 703 1993 ὀδύνην
727 1925 760 1993 ἡ
789 1922 883 1976 τοῦ
906 1924 1153 1995 Σωτῆρος
1181 1926 1383 1995 σιωπὴ,
1407 1924 1483 1987 ὡς
1503 1926 1675 1978 εἰπεῖν
1695 1925 1816 1979 τότε
1840 1926 1901 1978 τὸ
1921 1943 2087 1995 πονη-

518 2011 608 2079 ρὸν
637 2012 810 2063 ἐκεῖνο
844 2011 1116 2082 συνέδριον
1136 2029 1149 2041 ·
1185 2012 1341 2077 ’Ἕως
1359 2013 1503 2066 πότε
1534 2011 1649 2080 τὴν
1676 2011 1888 2082 ψυχὴν
1915 2011 2088 2081 ἡμῶν

516 2098 667 2171 [419]
695 2099 915 2167 αῖρεις;
942 2103 1010 2153 Εἰ
1034 2099 1115 2153 σὺ
1146 2095 1203 2154 εἷ
1228 2103 1261 2153 ὀ
1289 2101 1558 2169 Χριστὸς,
1591 2099 1723 2153 εἰπὲ
1759 2100 1904 2170 ἡμῖν
1937 2103 2086 2169 παῤ-

508 2190 716 2256 ρησίᾳ.
763 2188 901 2241 Ἀλλ’
938 2188 1059 2241 οὐδὲ
1099 2188 1235 2258 μετά
1271 2188 1475 2259 ταύτην
1524 2189 1709 2252 αὐτοῖς
1755 2188 1852 2260 τὴν
1902 2190 2087 2259 φωνὴν

513 2276 868 2343 ἀποκρίνεται
889 2293 903 2307 ο
937 2276 1143 2341 ἀνάξιοι
1167 2278 1277 2349 γάρ
1297 2273 1436 2348 ἦσαν
1465 2277 1806 2349 ἀποκρίσεως
1829 2280 1876 2331 οί
1899 2278 2086 2342 κακῶς

514 2363 844 2432 ἐρωτῶντες.
884 2364 950 2416 Τί
987 2360 1080 2417 οῦν
1129 2364 1265 2435 πρὸς
1310 2365 1507 2426 αὐτοὺς
1538 2367 1567 2418 6
1615 2366 1843 2436 Σωτήρ;
1894 2361 2087 2418 Εἶπον

512 2450 673 2518 ὑμῖν,
698 2451 798 2504 καί
814 2453 925 2505 οὐκ
945 2452 1247 2520 ἠκούσατε
1264 2466 1279 2481 ο
1302 2452 1360 2505 τί
1378 2452 1566 2506 πάλιν
1589 2452 1793 2506 θέλετε
1808 2454 2084 2514 ἀκούειν;

520 2542 562 2591 Τ
559 2541 597 2592 ὰ
617 2539 779 2608 ἔργα,
812 2539 850 2593 d
877 2540 992 2609 ἐγὼ
1027 2540 1205 2604 ποιῶ,
1235 2541 1422 2594 ταῦτα
1453 2540 1737 2609 μαρτυρεῖ
1757 2543 1887 2609 περὶ
1912 2540 2078 2608 ἐμοῦ.

522 2628 686 2700 Ὁρᾷς
711 2630 793 2682 ὃτι
833 2630 1077 2698 βούλεται
1105 2630 1173 2683 τά
1212 2630 1348 2701 ἔργα
1378 2630 1703 2700 ἐρωτᾶσθαι,
1744 2630 1839 2683 καὶ
1886 2632 1960 2700 μὴ
1986 2630 2083 2702 τὴν

513 2715 760 2779 ἐξουσίαν
818 2716 1425 2787 πολυπραγμονεῖσθαις
1496 2717 1801 2787 Ἐρωτῶσιν
1838 2720 1885 2771 οί
1954 2720 2084 2771 Ἰου-

511 2801 670 2863 δαῖοι,
711 2804 780 2855 El
809 2802 891 2856 σὺ
922 2800 982 2858 εἶ
1017 2806 1049 2857 ό
1076 2805 1346 2871 Χριστὸς,
1380 2804 1511 2858 ειπὲ
1549 2803 1695 2874 ἡμῖν
1733 2806 2039 2874 παῤῥησίᾳ
2063 2823 2077 2837 ο

510 2888 622 2954 ἕως
659 2890 805 2942 πότε
826 2888 939 2957 τὴν
973 2890 1185 2959 ψυχὴν
1212 2893 1381 2960 ἡμῶν
1400 2892 1618 2959 αἵρεις;
1650 2892 1744 2947 καὶ
1789 2893 1851 2945 οὐ
1901 2892 2081 2947 δίδωσι

510 2979 575 3047 τῇ
604 2976 905 3048 ἀμφιϐολίᾳ
936 2977 1119 3031 λύσιν·
1156 2978 1381 3050 ηρώτων
1430 2980 1539 3051 γάρ
1567 2981 1664 3050 οὐχ
1694 2981 1778 3033 ἵνα
1815 2980 2078 3050 μάθωσιν,

510 3064 731 3118 ἀλλ’ἵνα
757 3067 1224 3137 κατηγορήσωσιν.
1264 3068 1322 3121 '0
1351 3068 1408 3121 δὲ
1436 3069 1725 3140 ἀρχιερεὺς
1753 3069 2026 3138 Καϊάφας,
2052 3071 2081 3124 6

508 3155 608 3223 τῆς
645 3154 968 3235 συναγωγῆς
998 3156 1211 3226 ἐκείνης
1238 3154 1406 3221 ἄξιος,
1439 3158 1518 3220 είς
1544 3156 1793 3210 τοσοῦτον
1815 3153 1945 3229 ἦλθε
1974 3175 2081 3230 μα-

508 3243 648 3306 νίας,
690 3242 765 3307 ὼς
809 3245 1014 3297 εἰπεῖν’
1064 3244 1298 3313 Ὁρκίζω
1344 3262 1419 3299 σε
1456 3246 1608 3299 κατὰ
1642 3247 1748 3300 τοῦ
1787 3246 1935 3302 Θεοῦ
1973 3248 2080 3302 τοῦ

509 3330 740 3396 ζῶντος,
767 3332 897 3385 εἰπὲ
925 3331 1087 3400 ἡμῖν,
1101 3335 1155 3386 εί
1183 3334 1266 3387 σὺ
1292 3330 1349 3386 εί
1371 3338 1403 3388 ό
1433 3336 1563 3399 Υἱὸς
1581 3333 1689 3388 τοῦ
1709 3335 2078 3404 Εὑλοτητοῦ.

520 3418 578 3471 ὐ
592 3418 649 3472 δὲ
666 3420 855 3490 Σωτὴρ
875 3419 1138 3474 διδάσκων
1156 3423 1304 3490 ήμᾶς
1318 3422 1443 3485 τούς
1458 3416 1649 3490 λόγους
1666 3422 1783 3492 μετ’
1799 3421 2081 3486 εὐλαϐείας

507 3505 776 3577 δέχεσθαι,
814 3507 950 3577 πρὸς
979 3507 1081 3578 μὲν
1112 3508 1203 3561 τὸν
1249 3509 1409 3579 ὅρκον
1447 3510 1819 3580 ἀποκρίνεται,
1852 3510 1986 3580 πρὸς
2022 3510 2080 3563 δὲ

507 3595 568 3647 τὸ
599 3594 1069 3665 ἀμφιϐαλλόμενον
1089 3595 1241 3649 λύσιν
1278 3597 1379 3649 οὐκ
1426 3597 1645 3650 ἔδωκεν.
1681 3600 1849 3660 Εἰπὲ,
1892 3598 2077 3668 φησὶν,

510 3681 672 3751 ἡμῖν,
703 3684 757 3736 εὶ
781 3682 862 3736 σὺ
881 3678 939 3736 εἷ
968 3685 1001 3737 ό
1033 3683 1165 3747 Υίὸς
1196 3682 1299 3737 τοῦ
1337 3683 1707 3754 Εὐλογητοῦ.
1743 3683 1904 3754 Λέγει
1944 3685 2080 3757 πρὸς

508 3770 670 3824 αὐτὸν
691 3771 721 3822 6
741 3768 943 3841 Κύριος
966 3786 981 3801 '
1012 3769 1095 3824 Σὺ
1143 3765 1349 3845 εἷπαςζ
1382 3771 1476 3824 καὶ
1506 3770 1596 3825 τὸν
1617 3771 1777 3843 ὅρκον
1821 3772 2079 3845 ἐτίμησεν

505 3840 863 3927 ὁμολογήσας,
904 3855 1000 3909 καὶ
1020 3856 1115 3929 τὴν
1138 3840 1349 3911 κακίαν
1370 3858 1472 3911 οὐκ
1503 3858 1639 3928 ἐπλη
1649 3840 1936 3930 ροφόρησε,
1962 3840 2081 3930 βδε-

506 3942 804 4014 λυξάμενος
830 3942 929 4015 τὴν
962 3946 1314 4016 πανουργίαν.
1377 3946 1678 4018 Ἐζήτησαν
1726 3948 1777 4001 οί
1838 3948 2079 4001 Ἰουδαῖοι

506 4029 693 4095 κακῶς
714 4071 730 4095 ,
782 4032 898 4103 καὶ.Χ
927 4033 1273 4104 ἀποκρίσεως
1315 4033 1416 4087 οὐκ
1442 4033 1629 4104 ἔτυχον
1653 4054 1667 4068 ο
1703 4035 1797 4089 καὶ
1830 4036 1977 4103 μάλα
2014 4054 2077 4105 γε

506 4119 760 4184 εἰκότωςο
786 4121 990 4175 σκολιοὶ
1009 4121 1117 4194 γάρ
1143 4122 1392 4193 λογισμοὶ
1415 4124 1740 4195 χωρίζουσιν
1786 4124 1895 4177 ἀπὸ
1917 4124 2075 4178 Θεοῦ.

505 4209 619 4263 Οὐκ
643 4209 941 4280 ἐπέτρεπεν
971 4210 1135 4265 αὐτόῦ
1164 4212 1262 4283 τήν
1295 4212 1487 4281 σοφίαν
1515 4214 1626 4275 τοῖς
1655 4212 1837 4275 κακῶς
1864 4213 1962 4281 τὴν
1992 4230 2079 4267 σο-

504 4297 633 4365 φίαν
656 4296 820 4350 αὐτοῦ
847 4296 1409 4367 πολυπραγμονοῦσιν.
1444 4301 1545 4365 Εἰς
1583 4299 1950 4368 κακότεχνον
1969 4299 2078 4369 γὰρ

503 4385 716 4455 ψυχὴν
735 4387 847 4440 οὐκ
875 4388 1285 4443 είσελεύσετιιι
1312 4388 1519 4457 σοφία.

575 4509 641 4580 β’.
671 4509 780 4563 Καὶ
807 4510 857 4562 οί
886 4510 986 4579 μὲν
1019 4512 1275 4575 πολλάκις
1300 4514 1657 4584 ζητήσαντες,
1698 4516 1796 4585 οὐχ
1841 4510 1998 4587 εὖρον
2017 4518 2078 4571 τὸ

502 4597 835 4667 ζητούμενον
857 4612 875 4630 ο
907 4596 1041 4667 γυνὴ
1074 4597 1130 4649 δέ
1161 4617 1244 4661 τις
1284 4601 1485 4663 ἀδόλως
1532 4603 1623 4654 καὶ
1647 4602 1847 4672 γνησίᾳ
1897 4602 2075 4655 πίστει

504 4684 894 4755 προσελθοῦσα,
924 4685 986 4737 οὐ
1026 4685 1333 4754 πειράσασα
1378 4686 1479 4757 τὴν
1511 4687 1891 4757 ἀκατάληπτον
1915 4689 2075 4741 δύνα-

506 4791 619 4844 μιν,
645 4774 780 4830 άλλά
810 4774 903 4828 καὶ
940 4774 998 4827 ἐν
1023 4773 1285 4844 άπλότητι
1320 4773 1400 4844 τῷ
1445 4776 1633 4846 Κυρίῳ
1660 4776 2030 4845 προσελθοῦσα
2054 4814 2073 4843 ,

503 4863 596 4914 καὶ
626 4862 755 4933 ψιλῇ
792 4864 888 4933 μὲν
914 4866 980 4933 τῇ
1007 4863 1170 4930 λέξει,
1209 4864 1409 4935 γνησίᾳ
1439 4864 1498 4917 δὲ
1546 4868 1611 4936 τῇ
1644 4865 1822 4919 πίστει
1853 4868 2074 4937 φήσασα

504 4949 640 5020 πρὸς
662 4952 852 5004 αὐτόν·
881 4953 1134 5023 Οἴδαμεν
1158 4953 1245 5007 ὅτι
1271 4954 1417 5007 ὅταν
1435 4956 1581 5023 ἔλθῃ
1612 4957 1884 5021 Μεσσίας
1918 4958 1950 5009 ό
1975 4959 2075 5009 λε-

502 5038 752 5106 γόμενος
774 5041 1041 5109 Χριστὸς,
1081 5044 1265 5108 αὐτὸς
1285 5042 1428 5111 ἡμῖν
1448 5043 1684 5098 ἅπαντα
1715 5044 2036 5114 ἀναγγελεῖ
2052 5066 2068 5081 ο

502 5124 702 5187 εὐθέως
726 5128 922 5196 ἤκουσε
951 5130 1100 5198 παρά
1127 5130 1219 5183 τοῦ
1245 5131 1566 5198 ἀγαπῶντος
1588 5133 1864 5204 ἁπλότητα
1881 5151 1894 5164 ο
1923 5134 2073 5202 Ἐγώ

500 5216 617 5281 εἶμι
669 5217 702 5267 ὀ
746 5216 951 5269 λαλῶν
997 5235 1115 5271 σοι.
1169 5220 1394 5273 Οὐδέπω
1421 5220 1690 5291 ἠρώτησε,
1730 5224 1824 5275 καὶ
1870 5223 2071 5288 εὐθέως

501 5301 732 5372 ἔμαθενο
762 5303 973 5357 οὐδέπω
994 5305 1086 5357 τὸν
1120 5306 1219 5374 τῆς
1254 5307 1491 5372 πίστεως
1512 5309 1732 5381 ἔσπειρε
1764 5310 1940 5378 λόγον,
1975 5313 2069 5365 καὶ

501 5392 702 5455 εὐθέως
743 5391 835 5445 τὸν
867 5392 1075 5462 καρπὸν
1115 5393 1215 5462 τῆς
1247 5395 1525 5459 εὐσεϐείας
1580 5397 1842 5466 ἐθέρισεν.
1882 5401 2069 5467 Ἀγιος

501 5481 607 5549 γὰρ
637 5482 665 5532 6
700 5479 851 5543 Θεὸς,
881 5481 1069 5543 ἀπλοίς
1106 5481 1197 5533 καὶ
1222 5482 1395 5549 ἁγίοις
1420 5485 1919 5556 ἐπαναπαιιόμενος,
1940 5489 2067 5541 ὅταν

501 5567 777 5638 ἁπλότητα
815 5569 896 5639 ἴδῃ
922 5568 1013 5621 τοῦ
1041 5570 1476 5640 προσερχομένου
1502 5611 1517 5634 ,
1567 5575 1727 5627 ἁπλοῖ
1774 5576 1866 5629 καὶ
1904 5577 2066 5640 αὐτὸς

504 5656 602 5724 τῆς
623 5656 812 5710 ἑαυτοῦ
831 5657 1015 5727 σοφίας
1031 5657 1127 5727 τὴν
1145 5658 1462 5730 εὐεργεσίαν
1483 5676 1496 5691 ·
1516 5661 1645 5715 ὅταν
1670 5663 1753 5733 ἴδῃ
1774 5662 2062 5732 διεστραμ-

1982 232 2261 289 INCERTI

3625 243 3718 299 5M

2200 345 2367 416 μένην
2404 350 2571 422 κακίᾳ
2600 353 2798 423 ψυχὴν,
2827 354 3029 407 κωλύει
3064 349 3156 419 τὴν
3189 354 3523 425 εὐεργεσίαν,
3560 355 3643 407 καὶ
3666 358 3718 410 οὐ

2193 435 2475 501 προσίεται
2526 439 2621 509 τὴν
2657 440 3027 496 διδασκαλίαν.
3068 440 3265 493 ’Ἄκουε
3301 439 3461 493 αὐτοῦ
3501 440 3722 509 λέγοντος

2190 516 2280 570 διὰ
2304 520 2579 586 Μωῦσέως
2595 540 2612 555 ⁸
2648 525 2789 579 Ἐὰν
2806 526 2976 594 ὑμεῖς
3003 528 3341 594 πορεύησθε
3382 526 3527 595 πρὸς
3546 543 3616 594 με
3643 529 3726 593 δρ⁴

2193 608 2308 671 θοι,
2348 608 2509 676 κάγὼ
2533 611 2682 678 πρὸς
2702 610 2857 680 ὑμᾶς
2881 613 3054 678 ὀρθός
3078 631 3091 643 ·
3117 613 3212 665 ἐὰν
3237 612 3295 665 δὲ
3328 613 3481 682 ὐμεζ
3510 610 3724 677 πλάγιοι,

2193 693 2349 761 κάγὼ
2380 699 2651 767 χρήσομαι
2683 700 2808 766 ὑμῖν
2837 699 2993 770 θυμῷ
3021 699 3233 769 πλαγίῳ
3255 716 3273 732 ο
3292 701 3390 768 οὐχ
3409 700 3487 751 ὅτι
3510 699 3599 768 τὴν
3616 700 3726 751 ἐαυ-

2192 781 2293 850 τῆς
2321 783 2593 855 εὐθύτητα
2619 787 2905 854 πλαγιάζει
2938 790 2972 857 ή
3011 787 3131 840 θεία
3156 788 3351 856 φύσις,
3376 788 3488 840 ἀλλ’
3525 788 3600 839 ὅτι
3630 792 3727 851 τοῖς

2194 874 2448 940 πονηροῖς
2475 873 2837 931 κατ’,εὐθεῐαν
2858 873 2927 927 τὰ
2952 874 3102 947 παρά
3132 874 3229 944 τῆς
3257 873 3510 943 ἀληθείας
3536 874 3628 925 οὐκ
3649 874 3727 944 ἔρ.

2192 975 2371 1029 χεται.
2408 960 2512 1014 Ἐν
2542 963 2684 1029 ποίᾳ
2711 963 2965 1029 ἐξουσίᾳ
3006 963 3191 1017 ταῦτα
3221 962 3449 1027 ποιεῖς;
3475 963 3510 1029 ἢ
3538 962 3622 1027 τίς
3645 979 3730 1016 σοι

2191 1045 2375 1099 ἔδωκε
2411 1047 2524 1115 τὴν
2547 1048 2837 1112 ἐξουσίαν
2872 1051 3131 1116 tacitur;
3179 1049 3237 1102 '0
3258 1049 3315 1101 δὲ
3347 1048 3532 1119 Σωτήρ
3550 1049 3726 1110 αὐτοῖς.

2204 1131 2467 1187 Ἐνταῦθα
2492 1136 2745 1206 πρόσεχε,
2777 1136 2893 1199 πῶς
2921 1138 3046 1208 ὅρον
3084 1139 3213 1206 ἡμῖν
3256 1137 3351 1189 καὶ
3377 1136 3570 1188 κανόνα
3608 1135 3731 1188 διδα-

2192 1221 2418 1283 σκαλίας
2456 1222 2770 1276 ὑποτίθεται
2812 1226 2842 1276 6
2872 1224 3090 1276 πάντων
3123 1222 3340 1293 Κύριος.
3378 1223 3474 1286 Τίς
3518 1222 3571 1274 δὲ
3598 1218 3729 1285 οὗτός

2191 1309 2307 1361 ἐστι
2332 1324 2348 1373 ;
2377 1309 2634 1362 Βούλεται
2666 1312 2811 1380 ἡμᾶς
2838 1309 2979 1363 ὥστε
3012 1313 3126 1374 τοῖς
3152 1311 3410 1381 πονηροῖς
3441 1309 3728 1379 αἱρετικοῖς,

2202 1394 2524 1467 Ἱουδαίοιςῆ
2548 1396 2823 1468 Ἕλλησιν,
2849 1398 2882 1468 ἦ
2919 1398 3125 1468 ἑτέροις
3162 1398 3321 1455 τισὶν,
3342 1396 3733 1465 ἀπεσχισμένοις

2189 1481 2287 1550 τῆς
2306 1482 2606 1549 εὐσεϐείας,
2630 1484 2711 1555 μὴ
2735 1485 3127 1556 ἀποκρίνεσθαι
3148 1485 3328 1538 πάντα
3351 1484 3485 1552 πρὸς
3507 1484 3598 1545 τὰς
3619 1484 3729 1552 ἐρω-

2187 1570 2395 1638 τήσεις.
2427 1571 2586 1624 Ἐστι
2615 1572 2747 1642 γὰρ,
2772 1572 2885 1624 ἐστι
2915 1571 3169 1634 πολλάκις
3220 1570 3494 1641 ἐρωτῆσαι
3523 1570 3726 1644 ἀποκρίο

2190 1674 2326 1721 σεως
2347 1658 2445 1712 οὐκ
2472 1659 2600 1726 ἀξια
2626 1678 2641 1692 ο
2673 1663 2769 1715 καὶ
2799 1660 2880 1714 δεῖ
2906 1660 3056 1732 μῖθ]
3085 1660 3303 1723 πάντως
3338 1659 3473 1729 πρὸς
3493 1659 3585 1721 τὰς
3609 1658 3728 1725 φαύ-

2186 1740 2312 1807 λους
2336 1745 2538 1808 ταύτας
2584 1745 2693 1800 τῶν
2733 1749 3124 1818 ἐπερωτήσεων
3175 1747 3538 1817 ἀντερωτήσει
3570 1746 3731 1809 δικαίᾳ

2187 1829 2383 1899 λέγειν.
2414 1833 2513 1886 Διά
2534 1833 2692 1886 τοῦτό
2726 1852 2858 1904 φησι
2883 1835 3017 1906 πρὸς
3035 1835 3232 1897 αὐτοὺς
3262 1836 3293 1887 6
3322 1832 3523 1903 Κύριος
3541 1848 3554 1861 ·
3580 1833 3726 1898 Ἐρω-

2186 1919 2351 1983 τήσω
2378 1918 2533 1989 ὑμᾶς
2556 1919 2718 1991 κότὼ
2741 1921 2947 1991 λόγον,
2988 1920 3061 1973 ὃν
3097 1921 3176 1975 ἂν
3207 1920 3419 1988 εἷπητέ
3437 1937 3555 1988 μοι,
3591 1919 3731 1986 κάγὼ

2184 2007 2327 2076 ὑμῖν
2349 2007 2799 2078 ἀποκρινοῦμαι.
2834 2008 2906 2062 Τὸ
2941 2008 3214 2062 Ἰωάννου
3234 2008 3564 2075 βάπτισμα,
3593 2006 3726 2075 φησὶ.

2184 2098 2369 2149 πόθεν
2384 2093 2499 2167 ἦν;
2522 2098 2593 2162 ἐξ
2623 2097 2900 2165 οὐρανοῦ,
2939 2097 2977 2165 ἣ
3011 2097 3081 2161 ἐξ
3108 2097 3473 2165 άνθρὼπων;
3494 2096 3623 2166 ὐρα
3652 2110 3727 2163 μοι

2183 2185 2283 2255 τὴν
2305 2185 2483 2257 πηγὴν
2503 2187 2602 2254 τῆς
2622 2187 2834 2254 σοφίας,
2857 2188 2926 2257 τῇ
2949 2187 3290 2258 ἐπερωτήσει
3315 2187 3376 2239 τὺ
3398 2184 3581 2254 ψεῦδος
3601 2183 3730 2249 ὲλέγ·

2183 2288 2382 2340 χουσαν
2404 2286 2419 2301 ο
2449 2274 2549 2344 ὅρα
2584 2291 2675 2344 μοι
2729 2274 2820 2327 τὸν
2858 2272 2954 2326 τοῦ
2986 2273 3121 2327 Θεοῦ
3166 2274 3348 2343 Λόγον
3392 2272 3731 2341 συλλογισμοξ

2183 2361 2280 2430 τὴν
2302 2360 2500 2414 κακίαν
2528 2361 2901 2431 άνατρέποντα
2921 2379 2934 2393 ο
2973 2361 3247 2432 σκόπησον
3299 2360 3356 2413 δὲ
3408 2362 3499 2414 κα)⁵
3547 2358 3635 2430 τὴν
3657 2376 3730 2411 και

2184 2448 2328 2509 κίαν,
2368 2447 2486 2511 πῶς
2510 2451 2622 2504 τοῖς
2655 2448 2804 2511 ίδίοις
2840 2448 3188 2502 ἀναλίσκεται
3228 2447 3441 2518 βέλεσι,
3492 2447 3581 2499 καί
3625 2448 3728 2507 ταῖς

2181 2534 2409 2597 οἰκείαις
2440 2537 2887 2603 συγκατασπᾶται
2910 2533 3318 2606 κακοτεχνίαις.
3354 2537 3423 2587 Τὸ
3444 2532 3726 2600 βάπτισμα

2194 2620 2475 2676 Ἰωάννου
2501 2626 2687 2677 πόθεν
2706 2619 2785 2694 ἦν
2799 2639 2819 2686 ;
2846 2622 2915 2687 ἐξ
2943 2621 3225 2689 οὐρανοῦ,
3246 2623 3291 2690 ἠ
3311 2622 3381 2686 ἐξ
3405 2619 3727 2687 ἀνθρώπων;

2194 2716 2419 2785 Ἐκεῖνοι
2449 2713 2577 2784 παρ’
2612 2714 2825 2776 ἑαυτοῖς
2867 2708 3184 2774 ἐϐασάνιζον
3211 2709 3317 2763 τοῦ
3370 2711 3601 2779 ῥήματος
3645 2706 3726 2776 τὴν

2179 2801 2431 2872 δύναμιν,
2460 2800 2553 2854 καί
2584 2816 2748 2869 φασιν
2767 2815 2781 2828 ·
2834 2798 2977 2851 Ἐὰν
3022 2797 3311 2863 είπωμεν,
3349 2795 3450 2857 Ἐξ
3476 2789 3725 2861 οὐρανοῦ,

2180 2888 2479 2958 ἐρεῖήμῖν,
2523 2888 2680 2945 Atat!
2707 2881 2820 2940 οὖν
2836 2885 2923 2955 μὴ
2954 2884 3395 2945 ἐπιστεύσατε;
3423 2877 3617 2950 Οἷδενή
3642 2896 3725 2931 κα·

2183 2976 2279 3030 κία
2303 2976 2394 3030 τὸν
2421 2976 2618 3046 ἑαυτῆς
2641 2972 2851 3027 ὄλισθον
2869 2988 2885 3002 ⁸
2915 2967 3055 3025 οἶδεν
3083 2970 3165 3024 δτι
3201 2964 3291 3034 οἷς
3322 2968 3599 3042 προτείνει.
3624 2964 3725 3018 τού-

2180 3081 2293 3127 τοις
2323 3063 2660 3133 ἀφανίζεται.
2722 3059 2934 3131 Ἐπειδὴ
2988 3058 3061 3131 μὴ
3115 3058 3440 3128 ὑπήκουσαν
3488 3054 3723 3114 Ἰωάννου,

2180 3150 2470 3221 ἐφοϐοῦντο
2493 3152 2686 3214 εἰπεῖν,
2710 3149 2793 3202 ὅτι
2818 3149 2881 3201 ἐκ
2898 3146 3052 3207 Θεοῦ,
3080 3146 3167 3200 ἵνα
3197 3145 3279 3218 μὴ
3302 3143 3605 3217 παραπόδας
3624 3143 3725 3194 ἀκο-

2179 3239 2416 3310 λουθήσῃ
2444 3239 2473 3291 6
2500 3236 2735 3307 ἔλεγχος.
2771 3236 2908 3289 Ἐὰν
2933 3234 3001 3288 δὲ
3019 3235 3307 3303 εἴπωμεν,
3328 3233 3397 3298 ἐξ
3413 3229 3727 3301 ἀνθρώπων,

2178 3326 2512 3396 φοϐούμεθα
2538 3324 2645 3378 τὸν
2665 3324 2872 3392 ὄχλον,
2898 3320 2984 3391 μὴ
3017 3318 3421 3390 λιθασθῶμεν.
3451 3319 3553 3372 Καὶ
3577 3316 3670 3386 γὰρ
3692 3316 3723 3381 ἠ

2178 3413 2308 3488 περὶ
2332 3411 2421 3467 τὸν
2447 3412 2655 3467 δίκαιον
2702 3411 2975 3482 πρόληψις
3017 3408 3397 3480 ἀπαραίτητον
3428 3406 3543 3461 καθ’
3590 3401 3722 3474 ήμῶν

2177 3500 2315 3556 οἴσει
2341 3501 2440 3572 τὴν
2465 3500 2639 3572 δίκην.
2697 3500 2814 3562 Πᾶς
2862 3499 2972 3570 γάρ
3006 3500 3034 3551 6
3062 3497 3188 3561 λαὸς
3216 3491 3338 3568 εἶχε
3376 3497 3465 3550 τὸν
3504 3492 3724 3559 Ἰωάννην

2176 3588 2252 3653 ὡς
2282 3591 2582 3659 προφήτην.
2632 3587 2745 3641 Οὐκ
2775 3585 3063 3656 ἠϐούλοντο
3088 3579 3184 3638 οὖν
3210 3584 3274 3637 τὸ
3329 3583 3520 3653 ἀληθὲς
3553 3580 3722 3637 εἰπεῖν.

2177 3677 2259 3741 ὅτι
2288 3677 2353 3730 ἐκ
2371 3675 2505 3730 Θεοῦ
2524 3691 2539 3705 ο
2567 3673 2924 3744 άπεσείσαντο
2944 3673 3053 3745 γάρ
3075 3672 3172 3726 τοῦ
3188 3672 3331 3727 Θεοῦ
3356 3671 3452 3743 τὴν
3480 3667 3729 3739 ἀλήθειαν,

2179 3767 2271 3819 καὶ
2303 3763 2364 3816 τὸ
2383 3762 2574 3833 ψεῦδος
2595 3764 2768 3816 εἰπεῖν
2787 3761 2887 3814 οὐκ
2905 3760 3146 3831 ἐτόλμων
3165 3777 3179 3791 ·
3207 3758 3314 3830 τῆς
3342 3760 3450 3829 γάρ
3471 3759 3725 3824 ἀναισχυν-

2177 3853 2296 3915 τίας
2326 3850 2581 3921 δικαστὴν
2613 3846 2757 3920 εἶχον
2791 3848 2883 3901 τὸν
2926 3847 3114 3917 φόϐον,
3147 3847 3241 3900 καὶ
3271 3846 3464 3900 τοῦτον
3500 3844 3557 3897 οὐ
3583 3842 3722 3901 θεῖον,

2177 3939 2312 3994 ἀλλά
2348 3938 2706 4009 ἀνθρώπινον.
2743 3936 2853 3991 Καὶ
2882 3936 2991 4006 γὰρ
3027 3934 3202 3998 οὕτως
3223 3933 3375 4006 ἔχει·
3412 3932 3586 3987 πολλοὶ
3617 3926 3725 3981 πολ·

2176 4027 2334 4092 λάκις
2362 4027 2495 4080 Θεοῦ
2533 4026 2696 4095 φόϐον
2722 4027 2823 4079 οὐκ
2850 4023 3084 4096 ἔχοντες,
3115 4023 3445 4095 ἀνθρωπίνῳ
3468 4020 3605 4091 φόϐῳ
3623 4019 3725 4072 600-

2176 4115 2441 4169 λεύουσιν.
2482 4112 2800 4182 Ἐφοϐοῦντο
2823 4111 2914 4165 τὸν
2934 4111 3081 4167 λαόν.
3109 4110 3234 4165 Εἴθε
3257 4112 3353 4164 τὸν
3377 4109 3527 4171 Θεὸν,
3553 4107 3636 4159 καὶ
3662 4099 3724 4171 μὴ

2176 4202 2269 4255 τόν
2292 4201 2451 4255 λαόνσ
2484 4201 2544 4254 τὸ
2597 4200 2696 4270 μὲν
2725 4200 2834 4270 γάρ
2889 4198 3154 4263 εὐσεϐεῖν,
3198 4197 3260 4251 τό
3298 4198 3356 4252 δὲ
3386 4195 3610 4251 ἀσεϐεῖν.
3635 4188 3724 4243 Λέ-

2178 4305 2364 4357 γουσιν
2393 4287 2561 4357 αὐτῷ,
2599 4289 2721 4341 Οὐκ
2750 4285 3013 4354 οἴδαμεν.
3042 4286 3185 4355 Ὅρα
3228 4285 3349 4349 πῶς
3379 4286 3411 4355 ή
3450 4280 3606 4336 κακία
3630 4279 3722 4337 τοῖς

2179 4377 2432 4448 πονηροῖς
2465 4374 2768 4446 ἐμφωλεύει
2793 4390 2806 4406 ·
2837 4374 2939 4445 δρα
2990 4373 3107 4436 πῶς
3145 4372 3347 4443 ἑαυτῆς
3383 4372 3479 4442 την
3520 4365 3723 4421 ἀτοπίαν

2173 4468 2210 4537 ή
2241 4466 2465 4519 ἀσέϐεια
2493 4463 2773 4534 κηρύττει.
2798 4462 3008 4534 Ὠσπερ
3035 4462 3141 4533 γάρ
3173 4461 3309 4532 ἔχις,
3358 4462 3392 4533 η
3429 4477 3479 4513 τι
3510 4456 3609 4511 τῶν
3636 4471 3720 4506 πο-

2176 4554 2486 4625 νηροτάτων
2541 4552 2776 4623 θηρίων,
2832 4553 2944 4614 τοῖς
2998 4550 3284 4620 ὑπονόμων
3341 4562 3367 4591 ι
3413 4541 3718 4617 ἐμφωλεῦον,

2173 4643 2357 4712 ἠρέμα
2387 4639 2689 4711 προκύπτει
2717 4639 2818 4708 τῆς
2838 4637 3205 4702 καταδύσεως,
3243 4636 3337 4691 καί
3368 4636 3544 4690 τέλεον
3571 4645 3696 4702 προσ

2174 4729 2345 4782 ελθεῖν
2372 4729 2472 4781 οὐκ
2496 4728 2666 4781 ἐθέλει
2686 4743 2699 4755 ·
2736 4726 2878 4781 οὕτω
2924 4727 3019 4780 καὶ
3047 4726 3097 4779 ot
3139 4725 3400 4790 Ἰουδαῖοι,
3451 4721 3526 4792 τῷ
3550 4713 3719 4788 φωλεῷ

2172 4818 2271 4887 τῆς
2298 4816 2495 4879 κακίας
2521 4814 2807 4880 συζῶντες,
2831 4816 2911 4877 είς
2935 4813 3050 4883 φῶς
3066 4814 3165 4885 τήν
3192 4814 3404 4866 ἑαυτῶν
3428 4811 3487 4864 οὐ
3513 4802 3714 4879 προσφέ·

2173 4924 2328 4981 ρουσι
2361 4905 2606 4977 γνώμην.
2639 4906 2730 4958 Διὸ
2759 4907 2851 4958 καὶ
2878 4906 2907 4957 6
2933 4904 3135 4974 Κύριος
3166 4903 3303 4973 πρὸς
3331 4899 3551 4962 αὐτούς·
3584 4889 3717 4981 Οὐδέ

2169 4976 2285 5065 ἐγὼ
2313 4994 2469 5064 λέγω
2502 4976 2661 5063 ὑμῖν.
2691 4994 2834 5065 Ὅρα
2854 4991 3022 5062 πῶςη
3052 4990 3229 5061 σιωπὴ
3251 4992 3347 5062 τὴν
3379 4989 3572 5042 άτοπον
3597 4976 3715 5052 ἐρώ-

2168 5100 2325 5153 τησιν
2354 5082 2609 5135 ἐκόλασεν
2630 5099 2642 5111 ·
2676 5082 2776 5153 δρα
2805 5081 2921 5145 πῶς
2951 5081 3047 5150 τὴν
3086 5078 3279 5133 κακίαν
3307 5078 3406 5131 οὐκ
3442 5065 3714 5142 ἐπληροφόο

2170 5187 2359 5242 ρησεν,
2392 5169 2502 5223 ἀλλ’
2526 5169 2831 5240 ἀπέστησεν
2866 5168 3059 5230 αὐτοὺς
3087 5167 3144 5219 ὲν
3169 5166 3320 5237 μέσῳ
3344 5163 3451 5218 τῶν
3494 5159 3710 5242 συλλογί-

2170 5240 2344 5327 σμῶν.
2376 5257 2484 5309 Καὶ
2517 5257 2654 5326 ὅπερ
2682 5256 2849 5309 Επαθέ
2892 5272 3019 5308 ποτε
3047 5257 3080 5324 ἡ
3108 5253 3227 5318 δνος
3255 5253 3347 5307 τοῦ
3378 5249 3613 5316 Βαλαὰμ.
3644 5240 3707 5312 μὴ

2168 5344 2458 5415 δυνηθεῖσα
2484 5345 2726 5397 ἐκκλῖναι
2742 5342 2891 5408 δεξιά
2915 5342 2947 5413 ἢ
2971 5343 3158 5413 ἀριστε
3168 5343 3256 5412 ρὰ,
3277 5341 3365 5396 διὰ
3389 5339 3479 5392 τὸν
3503 5330 3707 5402 άγγελον

2166 5434 2256 5486 τὸν
2276 5433 2670 5503 ἀντιστήσαντα
2700 5430 2900 5504 ταύτῃ·
2932 5429 3105 5494 οὕτως
3154 5428 3355 5482 ἔπαθεν
3392 5428 3425 5497 ἡ
3469 5414 3703 5482 ἰουδαὶκὴ

2229 5602 2245 5624 ⁸
2298 5601 2591 5663 Ὗπονόμων,
2635 5614 2748 5657 vnx,
2795 5606 2847 5646 ιιι
2891 5597 3103 5658 videtur,
3154 5604 3396 5662 currupla.
3453 5586 3698 5643 Colelch

2172 5665 2437 5730 legendum
2455 5665 2706 5713 existimal
2728 5663 2994 5725 ὑπονόμοις.
