3958 6186
280 267 389 324 H3

275 383 402 436 liam
453 379 741 434 verborum
781 373 1031 439 oderunt,
1072 387 1104 428 a
1131 385 1239 443 quo
1277 382 1334 428 et
1371 385 1532 427 omne
1572 369 1860 424 verborum

275 458 584 534 artiﬁcium,
613 479 669 525 et
703 467 879 524 omnis
906 475 1234 537 praeparatus
1273 463 1674 519 ratiociniorum
1709 475 1861 516 com-

271 566 462 635 plexus
490 561 647 618 facile
673 560 983 631 percipitur.
1015 558 1151 626 Quid
1190 558 1333 613 enim
1362 563 1541 620 potest
1570 555 1860 610 humanum

272 656 496 712 verbum
530 663 717 710 contra
764 652 997 708 Verbum
1030 651 1241 707 Deum?
1279 648 1406 719 quid
1447 645 1863 717 scphismatibus

269 746 533 801 instructa
558 743 841 817 sapientia,
862 751 1048 799 contra
1072 742 1343 798 czelestem
1372 737 1727 808 sapientiam?

349 840 519 909 Opera
549 839 662 908 ipsa
682 845 974 906 potestatem
1009 833 1157 891 Verbi
1189 832 1281 887 Dei
1308 831 1541 902 probant.
1568 859 1641 870 —
1668 827 1736 883 In
1762 845 1865 899 qua

269 943 521 1003 potestate
546 932 655 986 hcc
690 928 855 1001 facis?
880 927 1149 997 Interroga
1180 924 1550 995 paralyticum,
1581 937 1676 991 per
1703 936 1861 991 quam

271 1032 594 1094 potestatem
627 1034 791 1075 sanus
837 1017 1152 1075 recumbat:
1189 1016 1462 1083 interroga
1501 1012 1778 1078 miracula,
1811 1020 1866 1066 et

268 1114 599 1172 mirabilium
645 1109 937 1167 Patratoris
966 1115 1281 1178 potestatem
1308 1104 1520 1160 curiose
1556 1118 1625 1157 ne
1648 1101 1860 1172 perqui-

269 1224 385 1263 ras.
415 1206 534 1263 Non
566 1201 856 1272 respondet
889 1200 1040 1255 vobis
1063 1199 1240 1253 divina
1273 1197 1443 1268 gratia
1462 1236 1478 1261 ,
1514 1194 1865 1263 responsione

268 1299 524 1369 indignos
558 1295 805 1367 judicans
838 1307 934 1348 eos
968 1291 1060 1362 qui
1089 1304 1367 1360 perperam
1399 1288 1746 1356 interrogant.
1791 1285 1863 1338 Ita

265 1392 414 1447 sedet
452 1388 547 1445 Dei
578 1386 852 1443 Verbum:
889 1399 1013 1440 cum
1051 1382 1195 1438 videt
1235 1383 1469 1435 animam
1509 1379 1775 1449 obliquam
1812 1386 1867 1432 et

268 1495 606 1554 perversam,
636 1477 858 1547 expellit
882 1490 1023 1542 eam,
1062 1483 1121 1530 ut
1148 1474 1315 1545 gratia
1340 1471 1631 1541 indignam,
1661 1479 1712 1524 et
1742 1484 1865 1525 cum

264 1575 441 1629 stiulta
467 1586 612 1642 saepe
646 1570 855 1624 discere
889 1574 1134 1633 conetur,
1174 1562 1452 1620 veritatem
1479 1578 1586 1618 non
1621 1562 1869 1631 impetrat

264 1682 301 1721 a
332 1665 582 1722 veritate.
614 1661 951 1732 luterrogant
975 1658 1146 1715 Judaei
1172 1672 1336 1727 sape,
1365 1671 1429 1711 ac
1458 1671 1528 1711 ne
1551 1655 1717 1711 semel
1744 1653 1865 1725 qui-

264 1758 400 1813 dem
428 1756 661 1820 discunt,
691 1754 816 1824 quia
841 1752 978 1807 male
1003 1751 1351 1820 interrogant.
1382 1748 1560 1817 Usque
1587 1747 1724 1802 adeo
1746 1746 1865 1801 illo-

268 1867 395 1905 rum
426 1848 637 1904 animos
671 1846 948 1903 cruciabat
984 1844 1284 1901 Servatoris
1322 1841 1616 1907 silentium,
1649 1850 1706 1895 ut
1745 1849 1869 1895 tunc

269 1942 483 1997 diceret
513 1940 683 1994 malus
713 1938 804 1994 ille
839 1950 1168 1992 consessus:
1205 1934 1477 2004 Quousque
1513 1932 1737 1985 animam
1776 1947 1868 1986 no-

273 2044 435 2088 strast
461 2033 598 2088 tollis
615 2033 643 2087 .’
668 2031 732 2088 Si
757 2040 812 2084 tu
837 2046 892 2086 es
917 2028 1175 2096 Christus,
1200 2028 1284 2081 dic
1313 2026 1455 2081 nobis
1485 2025 1657 2096 palam
1684 2022 1863 2093 (Joan.

282 2129 376 2183 10.
402 2127 511 2197 24).
539 2125 646 2182 Sed
673 2139 848 2193 neque
877 2131 999 2193 post
1038 2121 1176 2176 hanc
1202 2133 1388 2175 vocem
1421 2118 1527 2173 illis
1555 2115 1866 2185 respondet,

277 2219 405 2289 quia
424 2216 771 2288 responsione
793 2213 937 2286 digni
963 2227 1070 2268 non
1097 2219 1273 2272 erant.
1295 2211 1383 2280 qui
1414 2209 1551 2264 male
1570 2209 1867 2278 interroga-

273 2317 488 2365 verunt.
515 2308 654 2376 Quid
681 2309 860 2378 itaque
901 2306 982 2362 eis
1016 2303 1303 2360 Servator?
1345 2301 1467 2356 Dixi
1496 2300 1654 2363 vobis.
1682 2308 1728 2355 et
1767 2314 1869 2352 non

267 2400 535 2465 audistis;
558 2399 680 2471 quid
704 2400 888 2453 iterum
909 2397 1060 2451 vultis
1083 2395 1265 2449 audire
1295 2392 1460 2464 (Ibid.
1484 2393 1539 2449 9.
1576 2392 1707 2462 27)?
1731 2390 1868 2461 Ope-

265 2509 359 2557 ra,
389 2507 506 2562 qua:
540 2507 631 2563 ego
666 2491 821 2561 facio,
863 2490 978 2561 ipsa
1016 2488 1352 2542 testimonium
1393 2486 1652 2555 perhibent
1694 2486 1758 2538 de
1794 2500 1872 2538 me

266 2585 445 2657 (Ibid.
478 2585 567 2642 10.
605 2584 724 2652 25).
757 2583 920 2639 Vides
943 2582 1083 2639 velle
1110 2596 1232 2638 eum
1262 2590 1319 2637 ut
1346 2595 1507 2649 opera
1533 2580 1872 2648 interrogen-

265 2688 388 2745 tur,
416 2693 522 2733 non
563 2686 620 2733 ut
644 2676 713 2732 de
751 2683 1014 2745 potestate
1042 2672 1378 2745 inquiratur?
1417 2669 1871 2741 lnterrogantiu-

260 2769 422 2824 dati:
469 2768 531 2825 Si
573 2778 629 2822 tu
667 2784 722 2823 es
758 2766 1009 2831 Christus,
1046 2766 1130 2820 die
1168 2765 1314 2820 nobis
1353 2761 1570 2834 palam;
1614 2776 1875 2834 quousque

257 2860 506 2915 animum
528 2866 753 2913 nostram
791 2857 928 2912 tollis
955 2854 1135 2926 (Joan.
1166 2854 1426 2925 10.21)?
1461 2869 1562 2910 nec
1588 2853 1872 2924 quaestioni

257 2957 371 3014 dat
387 2955 712 3012 solutionem
737 2971 750 3007 :
781 2951 1181 3022 interrogabant
1197 2951 1343 3006 enim
1365 2963 1471 3005 non
1492 2946 1754 3015 discendi,
1776 2945 1873 3002 sed

257 3047 567 3105 accusandi
608 3060 792 3102 causa.
837 3043 1065 3115 Caiphas
1106 3051 1282 3098 autem
1334 3042 1579 3112 princeps
1619 3037 1874 3095 sacerdo-

260 3155 414 3205 tum,
436 3154 706 3212 synagoga
733 3139 822 3194 illa
861 3137 1073 3207 dignus,
1116 3134 1170 3190 in
1210 3142 1408 3189 tantam
1447 3135 1735 3197 amentiam
1771 3129 1871 3186 de-

259 3242 523 3299 venerat,
554 3241 613 3287 ut
638 3231 883 3289 diceret:
923 3230 1121 3299 Adiuro
1157 3237 1206 3282 te
1247 3243 1338 3296 per
1373 3224 1539 3281 Deum
1576 3226 1762 3289 uiuum,
1791 3224 1874 3278 dic

238 3327 448 3391 uobis,
498 3326 544 3379 si
587 3333 643 3378 tu
688 3339 742 3378 es
784 3320 953 3377 Filius
986 3320 1246 3374 Benedicti
1283 3318 1497 3390 (Matth.
1537 3317 1627 3373 26.
1658 3317 1771 3388 63).
1803 3316 1875 3371 At

252 3421 538 3476 Servator
561 3415 762 3472 docens
792 3429 891 3470 nos
917 3426 1197 3468 sermones
1230 3427 1353 3467 cum
1386 3411 1584 3481 pietate
1604 3410 1870 3479 accipere,

259 3510 547 3580 adjurauti
594 3508 807 3579 quidem
854 3506 1176 3576 respondet.
1218 3519 1389 3573 neque
1437 3512 1610 3558 tamen
1652 3502 1873 3559 dubium

260 3603 457 3658 solvit.
517 3599 617 3654 Dic
666 3599 831 3665 nobis,
880 3597 1083 3668 inquit,
1125 3598 1169 3651 si
1205 3610 1256 3651 tu
1304 3614 1355 3650 es
1405 3594 1573 3650 Filius
1613 3594 1875 3650 Benedicti

262 3691 738 3767 (Matth.26.6-i).
765 3691 853 3747 Ait
879 3690 952 3745 illi
983 3688 1235 3744 Dominus
1262 3704 1276 3742 :
1306 3686 1382 3741 Tu
1410 3687 1584 3742 dixisti
1610 3702 1630 3741 :
1648 3701 1711 3741 ac
1725 3687 1875 3759 jura-

261 3799 521 3844 mentum
547 3800 643 3856 per
668 3784 1060 3842 confessionem
1089 3781 1388 3847 honoravit,
1417 3795 1592 3850 neque
1616 3780 1873 3836 malitiam

258 3881 571 3938 artiorem
610 3876 758 3942 fecit,
789 3876 1039 3933 astutiam
1077 3873 1437 3928 abominatus.
1476 3871 1619 3927 Male
1645 3870 1874 3941 quaesie-

260 3985 395 4031 rant
423 3973 620 4038 Iudaei,
650 3987 749 4028 nec
773 3984 1089 4040 responsum
1118 3968 1222 4023 illis
1258 3975 1341 4022 est
1376 3982 1389 4018 :
1429 3964 1588 4035 idque
1613 3964 1732 4034 jure
1758 3978 1874 4018 me-

260 4070 412 4132 rito;
443 4080 575 4121 nam
597 4064 829 4136 obliqua:
860 4061 1212 4135 cogitationes
1245 4074 1275 4113 a
1319 4059 1430 4114 Deo
1458 4066 1728 4128 separant.
1757 4056 1873 4112 Non

256 4159 465 4217 emisit
487 4155 805 4226 sapientiam
832 4169 983 4210 suam
1015 4153 1081 4208 iis
1108 4150 1199 4223 qui
1226 4149 1369 4203 male
1399 4148 1541 4203 illam
1566 4148 1879 4204 scrutaban-

259 4268 381 4309 tur.
418 4250 491 4306 In
520 4248 820 4304 malevolam
838 4246 971 4302 enim
995 4244 1217 4299 animam
1243 4258 1347 4297 non
1374 4240 1598 4296 introibit
1627 4240 1877 4311 sapientia

261 4351 441 4424 (δαν.
472 4346 526 4401 t.
558 4342 637 4416 ι).

341 4439 404 4494 2.
443 4439 622 4507 Atque
659 4434 736 4490 illi
780 4440 904 4505 post
939 4430 1246 4501 frequentes
1282 4424 1607 4497 qmestiones
1643 4422 1698 4478 id
1734 4422 1878 4494 quod

254 4532 601 4607 quaerebant
623 4545 727 4584 non
756 4530 1105 4584 invenerunt:
1127 4522 1320 4578 mulier
1333 4536 1459 4576 vero
1473 4518 1738 4590 quzedam,
1757 4532 1878 4588 qua:

254 4633 399 4683 sine
424 4624 559 4681 dolo
577 4634 633 4679 et
657 4638 779 4679 cum
815 4621 1024 4676 sincera
1072 4616 1174 4672 (ide
1207 4621 1526 4679 accesserat,
1554 4626 1661 4667 non
1683 4620 1741 4666 ut
1763 4623 1878 4665 ten-

258 4725 425 4774 taret
462 4716 611 4771 illam
654 4707 1247 4782 incomprehensibilem
1284 4705 1532 4760 virtutem
1561 4741 1578 4769 ,
1622 4698 1716 4757 sed
1755 4715 1879 4756 cum

259 4808 632 4879 simplicitate
652 4806 934 4860 Dominum
958 4801 1165 4867 adiens,
1190 4797 1425 4855 dictione
1444 4796 1612 4861 tenui,
1637 4795 1730 4851 sed
1754 4809 1882 4863 pura

263 4904 393 4958 Iide
412 4900 604 4956 dicens
627 4916 642 4952 :
671 4898 876 4954 Scimus
904 4893 1039 4965 quod
1062 4909 1179 4947 cum
1202 4891 1389 4946 reneri:
1425 4887 1661 4954 Messias,
1696 4887 1783 4957 qui
1804 4887 1886 4939 di-

260 4997 420 5049 ritur
449 4990 701 5053 Christus,
744 4988 854 5056 ipse
897 4983 1038 5039 nobis
1072 4980 1388 5036 annuutiabit
1417 4978 1586 5033 omnia
1620 4975 1800 5046 (Joan.
1826 4976 1881 5030 4.

258 5087 379 5157 9:3)
411 5101 431 5139 :
470 5083 652 5138 statim
691 5079 893 5136 audivit
935 5077 1005 5132 ab
1043 5083 1284 5129 amatore
1334 5070 1688 5140 simplicitatis
1727 5085 1740 5121 :
1773 5066 1885 5139 Ego

266 5198 402 5236 sum
430 5178 520 5245 qui
553 5178 733 5245 loquor
769 5183 933 5228 tecum
951 5169 1114 5243 (Ibid.
1143 5185 1192 5223 υ.
1219 5164 1339 5237 26).
1365 5163 1610 5219 Nondum
1658 5162 1887 5216 interro-

262 5279 532 5339 gaverat,
552 5276 607 5325 et
631 5267 811 5324 statim
831 5263 1019 5319 didicit
1040 5278 1057 5329 ;
1085 5258 1322 5317 nondum
1345 5255 1466 5312 ﬁdei
1487 5254 1704 5311 verbum
1726 5251 1888 5308 semi-

266 5370 541 5428 iuverat,
568 5368 625 5416 et
648 5357 830 5415 statim
858 5356 1085 5412 fructum
1114 5351 1324 5424 pietatis
1344 5346 1631 5419 decerpsit.
1661 5346 1888 5402 Sanctus

264 5456 494 5526 quippe
526 5453 668 5510 Deus
689 5451 741 5508 in
770 5448 1103 5520 simplicibus
1126 5454 1181 5502 et
1200 5444 1399 5501 sanctis
1424 5439 1732 5512 requiescit,
1762 5452 1885 5493 cum

266 5546 601 5603 arcadentis
630 5543 1020 5614 simplicitatem
1051 5538 1279 5604 viderit;
1310 5535 1541 5605 explicat
1577 5533 1739 5588 etiam
1776 5531 1889 5601 ipse

266 5639 572 5712 sapientiae
593 5653 705 5694 sua:
732 5633 1132 5692 beneﬁcentiam
1162 5649 1178 5686 :
1209 5646 1330 5686 cum
1352 5627 1541 5682 viderit
1568 5632 1744 5678 autem
1776 5623 1888 5676 ani-

278 5752 444 5791 mam
489 5729 722 5800 nequitia
763 5741 1101 5801 perversam,
1150 5721 1465 5779 beneﬁcium
1508 5715 1744 5782 cohibet,
1790 5730 1889 5770 nec

1279 257 1346 315 ΞΝ
1385 257 1609 324 lLLUD,
1650 254 1717 311 IN
1755 254 1897 322 ρυΑ
1936 253 2355 320 POTESTATE.
2399 262 2552 318 ETC.

3448 278 3554 329 4H

1971 368 2266 426 doctrinam
2292 374 2505 429 emittit.
2541 375 2676 432 Audi
2699 377 2826 448 quid
2854 378 2966 449 ipse
2984 378 3124 436 dicat
3149 397 3243 452 per
3268 383 3502 456 Moysmn
3539 408 3572 451 :.

1969 458 2031 514 Si
2054 477 2141 516 vos
2167 463 2539 547 ambulaveritis
2558 484 2680 539 erga
2705 485 2785 522 me
2820 472 2962 536 recti,
3005 485 3053 526 et
3086 491 3178 544 ego
3220 492 3338 547 ergo
3365 492 3450 532 vos
3478 496 3557 532 re—

1967 560 2076 606 ctus
2093 552 2167 623 (α)
2189 536 2370 625 (Leuit.
2391 555 2481 611 26.
2509 557 2599 613 25.
2616 536 2739 629 ’24);
2763 560 2805 614 si
2823 572 3001 617 autem
3024 536 3357 636 vosvnbliqvui,
3383 579 3438 622 et
3456 587 3556 636 ego

1970 652 2088 698 utar
2113 644 2264 701 vobis
2296 644 2478 702 furore
2505 648 2752 720 obliquo;
2791 668 2895 707 non
2922 654 3063 723 quod
3092 655 3267 711 divina
3310 671 3493 714 natura
3524 677 3553 714 ,ι

1971 744 2114 788 recto
2135 734 2394 804 declinet;
2422 740 2517 794 sed
2540 741 2680 810 quod
2708 742 2985 813 improbis,
3011 762 3073 801 ea
3095 764 3213 817 quae
3238 765 3301 803 ex
3330 754 3555 808 veritate

1972 825 2397 894 proﬁciscuntur,
2434 846 2538 885 non
2570 842 2713 887 recta
2745 836 3054 904 procedant.
3088 838 3153 893 In
3182 859 3281 912 qua
3310 853 3555 913 potestate

1969 918 2076 972 htec
2102 919 2230 989 facis
2251 919 2279 973 ?
2316 932 2406 974 aut
2446 924 2558 992 quis
2594 925 2682 978 tibi
2718 926 2857 980 dedit
2884 930 3017 982 hanc
3055 935 3385 999 potestatem?
3417 936 3555 991 Tum

1970 1012 2222 1067 Servator
2258 1013 2356 1068 eis.
2388 1014 2483 1070 llic
2506 1019 2742 1083 attende,
2770 1037 2926 1090 quam
2960 1025 3112 1079 nobis
3140 1026 3397 1082 doctrina:
3430 1046 3556 1085 nor—

1971 1117 2111 1156 mam
2164 1113 2220 1158 et
2271 1107 2508 1175 regulam
2561 1123 2823 1179 proponat
2865 1115 3233 1172 universorum
3277 1119 3553 1177 Dominus.

1970 1195 2223 1261 Qumnam
2257 1197 2372 1252 haec
2398 1200 2513 1253 est?
2550 1199 2670 1255 Vult
2699 1217 2795 1257 nos
2843 1204 3100 1276 improbis
3138 1207 3424 1277 haereticis,
3463 1212 3559 1268 Ju-

1972 1287 2123 1351 daeis,
2154 1288 2461 1358 gentilibus,
2492 1293 2577 1347 vel
2605 1293 2728 1348 aliis
2758 1293 2849 1363 qui
2886 1311 2915 1348 a
2960 1298 3043 1365 pia
3089 1300 3345 1371 religione
3387 1303 3559 1360 desci-

1972 1381 2164 1448 verint,
2191 1398 2296 1437 non
2322 1384 2648 1453 respondere
2663 1400 2875 1455 semper
2896 1388 3268 1461 interrogatos.
3291 1393 3560 1466 Contingit

1969 1476 2133 1536 enim,
2181 1476 2440 1545 contingit
2472 1491 2635 1548 saape,
2671 1479 3145 1551 interrogationem
3184 1501 3287 1540 non
3316 1503 3439 1543 esse
3475 1505 3559 1544 re—

1969 1566 2257 1633 sponsione
2290 1566 2503 1637 dignam
2533 1586 2547 1624 :
2579 1578 2737 1640 atque
2767 1586 2863 1642 par
2896 1583 2979 1628 est
3012 1577 3229 1631 omnino
3258 1578 3560 1650 hujusmodi

1972 1656 2473 1728 interrogationibus
2534 1660 2708 1731 justas
2772 1663 3217 1736 interrogationes
3268 1688 3560 1743 0pp0llel'e.

1971 1747 2095 1802 Ideo
2113 1748 2188 1803 ait
2208 1749 2313 1804 illis
2339 1749 2597 1806 Dominus
2627 1770 2642 1808 :
2677 1752 3011 1825 Interrogabo
3041 1775 3126 1813 vos
3164 1771 3212 1814 et
3250 1778 3342 1833 ego
3369 1781 3562 1818 sermo-

1971 1854 2105 1907 nem,
2143 1855 2290 1909 quem
2326 1841 2373 1895 si
2414 1843 2644 1898 dixeritis
2669 1845 2813 1913 mihi,
2853 1857 2899 1901 et
2944 1864 3035 1918 ego
3062 1849 3196 1906 vobis
3232 1855 3559 1922 respondebo.

1969 1928 2188 1986 Joannis
2216 1931 2515 2003 baptismus,
2560 1936 2749 2007 inquit,
2775 1940 2910 1993 unde
2933 1942 3084 1995 erat?
3124 1960 3188 1997 ea:
3223 1946 3368 2010 ctelo,
3406 1964 3471 2001 an
3502 1966 3564 2003 ea:

1972 2022 2257 2079 hominibus
2277 2024 2491 2097 (Matth.
2522 2027 2612 2082 21.
2638 2028 2728 2084 24.
2765 2030 2887 2101 25)?
2919 2031 3051 2087 Vide
3078 2034 3208 2088 mihi
3246 2037 3441 2092 fontem
3470 2053 3561 2092 sa-

1974 2115 2206 2184 pientia},
2253 2127 2313 2173 ut
2351 2119 2766 2191 interrogatione
2806 2124 3141 2181 mendacium
3183 2138 3369 2199 arguat
3399 2147 3414 2196 ;
3442 2132 3564 2189 vide

1972 2204 2100 2260 mihi
2131 2206 2360 2263 Verbum
2409 2209 2522 2276 Dei,
2562 2213 2705 2281 quod
2735 2214 3058 2287 syllogismis
3086 2222 3373 2290 nequitiam
3406 2238 3565 2280 ever-

1974 2298 2060 2352 tit:
2091 2297 2210 2353 vide
2234 2314 2448 2371 quoque
2473 2302 2750 2373 malitiam,
2796 2309 3063 2377 quomodo
3091 2311 3201 2365 suis
3232 2313 3351 2367 telis
3375 2315 3562 2370 confo-

1972 2392 2185 2458 diatur,
2229 2408 2294 2448 ac
2336 2395 2446 2451 suis
2486 2397 2662 2465 pravis
2712 2400 2915 2455 artibus
2968 2402 3247 2458 avellatur.
3298 2405 3565 2476 Baptisma

1971 2483 2189 2540 Joannis
2215 2487 2351 2541 unde
2366 2498 2471 2571 erat
2491 2489 2518 2542 .9
2543 2505 2608 2544 ea:
2625 2491 2769 2558 ca'lo,
2794 2509 2861 2547 an
2886 2510 2950 2547 ex
2973 2494 3257 2552 hominibus
3277 2501 3304 2554 ?
3332 2499 3410 2554 Illi
3432 2496 3565 2571 quo-

1972 2594 2076 2648 que
2112 2579 2253 2649 apud
2280 2596 2339 2636 se
2367 2568 2630 2637 sermonis
2658 2583 2765 2638 vim
2802 2587 3171 2655 explorabant,
3200 2600 3255 2647 et
3287 2568 3474 2650 aiunt:
3503 2598 3565 2650 Si

1974 2669 2271 2739 dixerimus,
2291 2669 2376 2727 Ea:
2395 2673 2537 2739 cazlo,
2562 2674 2694 2728 dicet
2730 2677 2892 2742 nobis,
2923 2677 3025 2731 Cur
3047 2697 3166 2749 ergo
3207 2668 3308 2737 nan
3341 2687 3565 2741 credidi-

1973 2767 2063 2816 stis
2092 2760 2254 2833 (Ibid.
2287 2780 2336 2818 υ.
2379 2758 2518 2837 26)?
2562 2765 2719 2821 Novit
2764 2768 3076 2839 improbitas
3114 2774 3337 2830 exitium
3374 2786 3563 2844 suum;

1975 2854 2122 2908 novit
2143 2868 2204 2910 se
2235 2870 2330 2925 per
2365 2872 2484 2926 quae
2517 2858 2807 2928 protendit,
2844 2875 2941 2930 per
2967 2876 3028 2917 ea
3055 2863 3278 2921 destrui.
3316 2867 3448 2936 Quia
3471 2869 3566 2925 Jo-

1974 2948 2097 3001 anni
2128 2963 2232 3004 non
2268 2948 2787 3022 obtemperaverant,
2827 2956 3151 3012 verebantur
3184 2959 3362 3017 dicere
3391 2961 3563 3032 ipsum

1958 3054 2045 3113 (ex
2071 3039 2181 3096 Deo
2200 3056 2343 3108 esse,
2372 3059 2440 3100 ne
2462 3059 2493 3100 e
2520 3045 2745 3117 vestigio
2778 3058 3093 3117 sequeretur
3118 3053 3481 3121 reprehensio.
3505 3056 3567 3112 Si

1975 3143 2141 3189 autem
2167 3135 2463 3204 dixerimus,
2499 3136 2584 3193 Ea:
2610 3139 2929 3206 hominibus,
2966 3143 3196 3200 timentus
3234 3147 3464 3214 turbam,
3505 3167 3569 3205 ne

1976 3227 2443 3299 lapidemur(Luc.
2484 3229 2576 3284 20.
2618 3231 2696 3304 6).
2741 3230 2876 3286 Nam
2916 3246 3287 3306 pmoccupata
3320 3238 3387 3293 de
3419 3238 3569 3310 justo

1974 3317 2157 3387 opinio
2198 3319 2580 3375 inexorabilem
2620 3321 2904 3377 adversum
2957 3339 3057 3379 nos
3107 3325 3246 3383 feret
3284 3329 3567 3387 ultionem.

1980 3406 2157 3463 Omnis
2175 3410 2309 3463 enim
2336 3410 2556 3479 papulas
2584 3411 2794 3466 habebat
2824 3410 3078 3469 Joannem
3114 3416 3247 3470 sicut
3271 3420 3570 3489 praphetant

1981 3497 2193 3572 (Matth.
2221 3500 2311 3555 2i.
2339 3498 2454 3574 26).
2502 3501 2798 3559 Nolueruut
2838 3520 2968 3575 ergo
2994 3521 3118 3562 vera
3147 3506 3347 3577 dicere,
3376 3527 3570 3583 nempe

1975 3592 2117 3664 quod
2155 3609 2222 3649 ex
2267 3593 2380 3651 Deo
2423 3604 2608 3651 esset:
2641 3596 2740 3652 Dei
2780 3612 3009 3669 namque
3042 3600 3322 3657 veritatem
3360 3602 3572 3674 abjece-

1975 3693 2118 3751 runt,
2148 3700 2211 3741 ac
2233 3684 2570 3742 mendacium
2599 3687 2779 3744 dicere
2799 3703 2905 3743 non
2925 3689 3039 3744 ausi
3074 3699 3234 3757 sunt;
3263 3691 3571 3763 impruden-

1979 3778 2068 3832 tia:
2104 3778 2249 3833 enim
2294 3776 2526 3849 judicent
2567 3777 2838 3835 habebant
2869 3780 3137 3847 timorem,
3181 3781 3434 3854 hancque
3462 3802 3569 3840 non

1978 3868 2236 3931 divinum,
2263 3868 2359 3925 sed
2388 3868 2700 3924 humanum.
2731 3869 2863 3925 Nam
2892 3872 2963 3926 ita
2986 3887 3045 3928 se
3066 3888 3153 3930 res
3190 3873 3350 3931 habet
3375 3892 3391 3943 ;
3418 3877 3571 3933 multi

1978 3974 2122 4029 saepe
2150 3958 2244 4014 Dei
2263 3960 2454 4014 timore
2473 3954 2580 4016 nun
2603 3962 2833 4030 praediti,
2856 3962 3088 4018 lnnnano
3108 3967 3347 4021 serviunt
3370 3969 3568 4023 timori.

1980 4050 2264 4108 Timebant
2290 4050 2523 4121 plebem.
2563 4050 2774 4108 Utinam
2814 4053 2998 4120 Deum,
3036 4070 3141 4109 non
3172 4056 3412 4124 plebem!
3444 4058 3571 4113 illud

1981 4158 2212 4216 namque
2238 4135 2449 4213 pictatis
2471 4151 2574 4211 est,
2606 4142 2709 4198 hoc
2732 4144 3037 4213 impietatis.
3074 4146 3264 4200 Dicunt
3291 4149 3358 4211 ei,
3388 4147 3572 4203 Nesci-

1982 4254 2094 4291 mus
2118 4235 2311 4307 (Marc.
2340 4236 2427 4291 il.
2450 4234 2566 4307 '53).
2600 4234 2731 4290 Vide
2750 4235 3017 4306 quomodo
3036 4236 3268 4308 nequitia
3292 4237 3345 4292 in
3374 4238 3574 4309 impro-

1983 4331 2068 4386 bis
2096 4330 2303 4385 latitet:
2331 4329 2451 4385 vide
2492 4329 2761 4400 quomodo
2785 4327 3167 4386 absurditatem
3196 4345 3348 4386 suam
3380 4333 3573 4403 impie-

1987 4434 2067 4479 tas
2107 4424 2387 4494 prtcdicat.
2433 4422 2566 4478 Nam
2610 4423 2749 4479 sicut
2789 4424 3007 4495 vipera,
3055 4434 3149 4479 aut
3190 4424 3572 4483 immanissima

1984 4534 2209 4589 quaeque
2235 4519 2368 4583 fera,
2398 4518 2452 4573 in
2480 4516 2716 4572 latibulis
2740 4517 2960 4588 degens,
2982 4518 3180 4573 sensim
3202 4535 3234 4574 e
3259 4536 3424 4590 specu
3451 4536 3574 4591 pro-

1987 4610 2088 4677 dit,
2120 4625 2220 4666 nec
2252 4610 2474 4665 omnino
2496 4610 2613 4664 vult
2648 4609 2864 4679 prodire
2890 4626 2902 4662 :
2934 4610 3013 4665 sic
3047 4620 3101 4665 et
3130 4609 3300 4665 Judmi
3341 4612 3392 4665 in
3422 4621 3573 4667 antro

1988 4704 2262 4773 pravitatis
2287 4710 2584 4769 versantes,
2632 4702 2950 4757 sententiam
2979 4716 3128 4755 suam
3176 4704 3227 4756 in
3269 4703 3439 4758 lucem
3472 4721 3576 4759 non

1988 4796 2283 4867 proferunt.
2308 4794 2663 4863 Quamobrem
2690 4794 2944 4847 Dominus
2961 4793 3037 4847 ait
3058 4793 3164 4847 illis
3184 4812 3197 4848 :
3223 4793 3334 4848 Nec
3354 4812 3445 4867 ego
3464 4797 3579 4851 dico

1987 4888 2123 4943 vobis
2146 4886 2359 4959 (Matth.
2388 4886 2480 4940 2|.
2507 4885 2620 4957 27).
2652 4884 2781 4940 Vide
2808 4884 3080 4954 quomodo
3100 4886 3368 4941 silentium
3395 4888 3581 4944 absur~

1988 4982 2111 5037 dant
2134 4979 2598 5049 interrogationem
2630 4978 2968 5048 castigaverit
2997 4994 3012 5032 :
3040 4976 3164 5034 vide
3188 4980 3458 5049 quomodo
3488 4998 3582 5039 ne-

1989 5074 2171 5145 quitia:
2207 5087 2314 5127 non
2352 5070 2541 5126 fecerit
2580 5070 2731 5134 satis,
2775 5067 2870 5123 sed
2908 5068 3162 5124 averterit
3189 5085 3284 5125 eos
3318 5071 3373 5125 in
3404 5073 3585 5128 medio

1991 5167 2413 5224 ratiociniorum.
2446 5164 2511 5219 Et
2532 5162 2674 5233 quod
2702 5161 2828 5216 olim
2868 5161 3090 5232 contigit
3130 5162 3296 5217 asina:
3323 5164 3580 5227 Balaann,

1993 5272 2174 5317 utnec
2192 5258 2260 5315 ad
2283 5258 2580 5323 dexteram,
2609 5269 2709 5309 nec
2745 5252 2811 5308 ad
2835 5254 3107 5309 sinistram
3143 5264 3324 5326 posset
3347 5255 3581 5311 declina-

1992 5369 2073 5417 re,
2120 5358 2337 5420 propter
2378 5345 2646 5418 angelum,
2692 5344 2781 5416 qui
2824 5344 3014 5400 obvius
3042 5347 3217 5400 stabat
3261 5343 3452 5416 (Num.
3489 5345 3580 5398 29..

1990 5443 2085 5514 26)
2131 5460 2145 5495 :
2187 5441 2240 5497 id
2277 5439 2472 5496 accidit
2507 5437 2744 5495 Judaicte
2787 5437 3147 5505 improbitati,
3192 5451 3311 5504 qua:
3362 5450 3462 5489 nec
3514 5435 3581 5491 ad

1991 5537 2269 5593 dexteram
2312 5530 2550 5589 veritatis
2590 5544 2721 5586 ausa
2758 5538 2841 5585 est
2883 5530 3182 5599 respicere,
3221 5525 3290 5578 ob
3328 5524 3581 5582 Servuto~

2056 5720 2135 5782 (tt)
2167 5726 2277 5769 tunc
2301 5729 2398 5768 non
2420 5715 2479 5767 ad
2504 5714 2711 5767 verbum
2735 5726 2796 5763 ex
2823 5711 3061 5771 scriptura
3085 5704 3338 5761 desmnpta
3361 5715 3493 5755 sunt.
