3958 6186
496 274 602 328 Mil

480 404 608 445 rem
637 389 977 458 abnegatam,
1009 394 1182 451 neque
1217 377 1284 434 ad
1324 375 1595 432 sinistram
1622 369 1907 437 mendacii,
1938 379 2082 425 metu

497 482 683 550 plebis.

570 590 837 646 Ila'reticis
861 585 1112 659 quomodo
1143 581 1570 654 respondendum.
1602 578 1793 636 Contra
1816 576 2087 632 Anomaeos

495 684 765 752 ugitur.——
787 680 1012 749 Oportet
1036 677 1196 748 igitur
1218 690 1314 731 nos
1355 688 1590 746 quoque,
1632 672 1846 738 fratres,
1875 671 1975 725 hac
1995 684 2083 724 re-

494 772 615 839 gula
640 787 669 824 a
695 770 917 825 Domino
941 776 1180 838 accepta,
1224 780 1330 820 non
1359 765 1537 820 omnia
1565 763 1829 819 luereticis
1855 762 2085 816 interro-

494 862 742 933 gantibus
768 861 965 916 dicere.
994 858 1129 915 Cum
1155 857 1296 912 male
1320 855 1729 926 interrogaverit
1772 851 2080 919 hiereticus,

499 957 663 1009 altera
682 953 822 1023 justa
855 950 1273 1021 interrogatione
1297 947 1581 1003 absurdam
1599 946 1716 1016 ejus
1735 946 2082 1015 quaestionem

496 1048 662 1102 solve.
691 1049 846 1115 Saepe
867 1052 1208 1115 percontatur
1233 1041 1516 1096 luereticus
1543 1057 1558 1094 :
1585 1039 1733 1094 Nosti
1762 1038 1963 1099 Deum,
2013 1050 2083 1090 an

498 1154 604 1193 non
637 1137 815 1192 nosti?
836 1136 892 1192 Si
922 1136 1144 1201 dixeris,
1175 1131 1330 1201 Novi,
1351 1133 1528 1188 statim
1549 1131 1760 1200 reponit
1786 1147 1800 1183 :
1824 1128 1967 1199 Ergo
1986 1142 2075 1182 no-

497 1232 564 1284 sti
585 1229 725 1300 quod
745 1229 913 1284 colis?
938 1228 1099 1293 Sane,
1126 1225 1298 1296 inquit
1336 1225 1474 1294 pius.
1499 1224 1628 1290 Quis
1657 1222 1798 1278 enim
1825 1220 2084 1276 sustineat

496 1322 698 1386 dicere,
728 1336 787 1375 se
812 1319 863 1374 id
892 1320 1071 1375 colere
1094 1317 1237 1387 quod
1277 1330 1381 1370 non
1409 1315 1596 1370 novit?
1623 1313 1788 1369 lnstat
1816 1313 1905 1368 illc
1930 1331 1943 1369 :
1970 1311 2082 1368 No-

497 1415 563 1468 sti
595 1429 722 1483 ergo
751 1412 840 1467 Dei
867 1408 1242 1465 substantiam?
1270 1407 1324 1463 Si
1350 1416 1401 1462 te
1419 1409 1556 1462 scire
1578 1405 1874 1475 negaveris,
1900 1404 2082 1459 statim

497 1506 683 1575 objicit
711 1522 724 1558 :
758 1505 896 1574 Ergo
923 1517 1026 1556 non
1054 1501 1195 1556 nosti
1225 1500 1276 1555 id
1306 1498 1445 1570 quod
1477 1499 1628 1552 colis.
1669 1496 1800 1552 Vide
1831 1495 1960 1550 mihi
1989 1495 2086 1552 de-

501 1608 636 1651 torta
663 1597 856 1661 verba;
885 1593 1004 1649 vide
1026 1593 1377 1663 malignorum
1432 1589 1757 1660 serpentium
1801 1587 2082 1643 versutias.

505 1689 693 1744 Vides:
713 1672 896 1742 verum
926 1686 1125 1741 turbari
1148 1699 1251 1740 non
1269 1690 1500 1754 oportet.
1523 1682 1652 1737 Illud
1672 1682 1838 1749 enim,
1869 1680 2085 1748 fratres,

501 1781 774 1837 sciendum
803 1787 905 1845 est,
937 1777 1134 1834 multos
1161 1792 1283 1834 esse
1307 1775 1508 1832 sciendi
1534 1774 1738 1829 modos.
1764 1774 1948 1828 Potest
1966 1773 2085 1842 quis

500 1874 636 1927 seire
659 1873 819 1926 Deum
840 1884 979 1934 esse,
1011 1883 1109 1924 nec
1130 1876 1305 1924 tamen
1327 1868 1470 1924 scire
1494 1865 1762 1938 quomodo
1795 1867 1886 1919 sit.
1908 1864 2088 1931 Quan-

502 1963 786 2032 doquidem
812 1961 973 2016 etiam
997 1960 1136 2030 apud
1165 1975 1263 2014 nos
1280 1959 1523 2014 homines
1548 1960 1729 2012 multa:
1756 1964 1880 2011 sunt
1904 1954 2087 2026 cogni-

502 2056 662 2110 tionis
692 2055 811 2109 vite.
843 2053 976 2109 Novi
1009 2054 1150 2109 hunc
1171 2053 1440 2108 hominem
1475 2051 1527 2106 in
1551 2052 1652 2107 ista
1691 2050 1822 2106 urbe
1844 2064 2086 2117 manere,

501 2163 601 2203 nec
649 2157 823 2202 tamen
857 2147 980 2202 novi
1006 2162 1164 2217 quam
1203 2155 1377 2202 artem
1421 2154 1709 2201 exerceat:
1757 2145 1879 2199 novi
1922 2144 2091 2199 alium

502 2240 659 2295 talem
684 2248 1024 2295 exercentem
1050 2247 1241 2305 artem,
1269 2253 1367 2292 nec
1396 2237 1518 2292 novi
1546 2236 1687 2292 unde
1708 2251 1879 2307 genus
1903 2235 2087 2291 ducat.

500 2333 697 2388 Partim
737 2347 929 2402 nempe
957 2347 1224 2403 cognosco
1244 2373 1259 2399 ,
1293 2331 1484 2402 partim
1528 2332 1736 2401 ignoro.
1769 2330 1824 2385 ln
1854 2322 2088 2398 summa,

501 2427 834 2496 particularis
848 2427 1081 2497 cognitio
1095 2441 1202 2481 non
1232 2425 1436 2480 inducit
1462 2424 1755 2496 perfectam
1783 2424 2084 2489 scientiam,

500 2534 673 2589 neque
728 2534 837 2575 non
885 2519 1064 2574 omnia
1111 2533 1473 2589 cognoscere,
1525 2518 1894 2587 particularem
1950 2518 2090 2574 tollit

498 2611 875 2679 cognitionem.
906 2609 1044 2677 Quid
1072 2609 1239 2680 ergo?
1269 2608 1402 2663 Novi
1424 2623 1545 2664 esse
1589 2608 1777 2675 Deum,
1832 2608 2087 2679 illumque

503 2703 723 2765 bonum,
754 2700 1133 2765 immortalem,
1173 2700 1629 2769 incorruptibilem
1650 2741 1665 2765 ,
1697 2716 1856 2770 quem
1887 2700 2088 2771 cogita-

502 2791 646 2845 tione
671 2805 865 2861 capere
896 2807 1000 2845 non
1033 2791 1320 2861 possimus,
1355 2790 1976 2861 incomprehensibilem,
2006 2792 2089 2846 in-

498 2895 844 2950 corporeum,
873 2881 1276 2937 immutabilem.
1301 2881 1427 2937 llaec
1446 2881 1622 2936 omnia
1650 2884 1794 2950 novi,
1820 2893 1875 2939 et
1897 2898 2089 2954 cogno-

497 2985 657 3026 scens
704 2972 894 3027 adoro.
924 2973 1202 3040 Quomodo
1230 2982 1409 3028 autem
1446 2975 1515 3029 sit
1543 2990 1649 3028 non
1695 2976 1858 3039 novi,
1913 2989 2089 3045 neque

497 3064 718 3117 edoctus
733 3078 850 3118 sum
866 3065 1145 3136 exquirere
1164 3066 1434 3136 quomodo
1449 3067 1537 3134 sit,
1560 3067 1653 3123 sed
1669 3068 1810 3138 quod
1827 3069 1917 3124 sit.
1944 3069 2089 3138 Apo-

497 3155 635 3209 stolo
664 3155 807 3210 enim
834 3156 1091 3225 majorem
1122 3158 1387 3213 neminem
1415 3159 1632 3213 invenio
1654 3159 1954 3226 doctorem,
1994 3159 2088 3230 qui

499 3249 669 3318 possit
690 3250 949 3319 majorem
981 3250 1110 3305 mihi
1137 3251 1390 3321 pietatem
1412 3252 1751 3322 suppeditare
1779 3267 1793 3307 :
1823 3253 1915 3323 qui
1943 3253 2086 3308 clara

498 3353 631 3394 voce
655 3354 783 3393 usus
809 3339 877 3395 ad
902 3339 1043 3395 hunc
1063 3341 1277 3396 modum
1300 3341 1458 3397 docet
1488 3358 1502 3396 :
1531 3341 1745 3398 Credere
1768 3342 1900 3396 enim
1929 3359 2085 3412 opor-

494 3438 564 3484 tet
586 3430 904 3485 accedentem
931 3432 1000 3485 ad
1026 3431 1213 3494 Deum.
1235 3434 1355 3502 quia
1401 3442 1477 3487 est
1502 3422 1686 3502 (Hebr.
1719 3432 1806 3488 11.
1838 3432 1893 3503 6)
1930 3450 1944 3486 :
1977 3447 2083 3486 non

494 3523 763 3592 quomodo
779 3533 882 3590 est,
911 3523 1004 3580 sed
1032 3525 1166 3593 Quia
1191 3534 1283 3591 est,
1314 3535 1361 3580 et
1384 3526 1747 3597 inquirentibus
1771 3542 1826 3580 se
1850 3540 2083 3580 remune-

496 3625 638 3670 rator
654 3626 746 3671 est.
766 3615 946 3687 Itaque
961 3616 1101 3686 quod
1122 3617 1244 3672 novi
1266 3618 1404 3685 colu.
1428 3618 1541 3672 Non
1557 3616 1713 3673 didici
1728 3616 1817 3674 Dei
1835 3617 2085 3673 substan-

496 3709 620 3764 tiam
652 3709 952 3778 explorare.
981 3708 1212 3766 Credere
1234 3709 1416 3775 didici,
1438 3709 1668 3776 fratres;
1698 3708 1941 3776 credere,
1975 3725 2083 3766 non

496 3799 740 3855 scrutari.
759 3798 899 3869 Lege
923 3797 1312 3855 confessionem
1331 3808 1498 3867 tuam,
1523 3799 1794 3865 haeretica,
1819 3801 1870 3855 in
1889 3815 2084 3856 arcano

495 3898 549 3944 et
562 3888 842 3944 tremendo
857 3889 1114 3961 mysterio
1135 3889 1417 3961 prolatam.
1430 3889 1654 3959 Quando
1668 3892 1736 3947 ad
1762 3891 2083 3962 baptismum

492 3980 789 4045 accessisti,
820 3980 949 4051 quid
972 3980 1193 4036 dixisti?
1220 3998 1289 4037 an
1318 3998 1585 4054 quterens,
1630 3999 1700 4039 an
1743 3986 1956 4041 curiose
1989 4000 2084 4041 ex-

493 4072 734 4141 plorans,
766 4072 851 4128 vel
879 4072 1130 4129 credens?
1155 4074 1273 4129 Alia
1299 4075 1606 4132 conditione
1636 4077 1851 4143 venisti,
1882 4085 1935 4132 et
1960 4092 2082 4132 cum

496 4163 604 4220 alio
625 4172 779 4235 pacto
810 4164 887 4238 (a)
912 4166 1160 4238 dignatus
1182 4182 1241 4223 es
1271 4167 1357 4222 illa
1382 4168 1573 4239 gratia.
1622 4170 1701 4224 Ac
1725 4168 1771 4224 si
1812 4168 1928 4225 haec
1955 4184 2083 4225 sen-

495 4258 636 4315 tiens
664 4258 837 4330 gratia
859 4261 1089 4316 donatus
1117 4276 1197 4329 es,
1233 4261 1389 4318 fidem
1417 4270 1474 4318 et
1495 4270 1645 4332 pacta
1670 4261 1915 4330 violasti,
1942 4274 1997 4318 et
2027 4263 2081 4318 in

496 4351 792 4407 tremendis
816 4351 1030 4422 quidem
1074 4354 1462 4425 horrendisque
1503 4355 1771 4426 mysteriis
1797 4353 1953 4410 fidem
1982 4354 2080 4410 ob-

496 4442 687 4507 tulisti,
705 4452 853 4496 extra
882 4444 1133 4514 mysteria
1155 4460 1283 4499 vero
1308 4445 1648 4515 constitutus,
1667 4445 1824 4502 fidem
1850 4446 2082 4501 circum-

495 4533 710 4598 scribis,
740 4542 794 4588 et
818 4535 1165 4604 quaestionem
1190 4552 1393 4592 moves.

569 4626 625 4682 5.
656 4626 1012 4681 Anomazorum
1054 4626 1286 4696 objecu'o.
1332 4626 1503 4699 Opera
1547 4627 1644 4684 Dei
1678 4646 1780 4684 non
1829 4631 2080 4699 capimus,

497 4729 686 4792 quanto
733 4719 900 4773 minus
944 4717 1289 4773 Deum—At
1337 4718 1455 4774 vide
1483 4719 1608 4788 quid
1647 4720 1792 4775 dicat
1833 4720 2083 4778 inimicus

496 4812 761 4867 veritatis.
791 4810 929 4867 Num
957 4810 1151 4866 frustra
1183 4810 1324 4866 Deus
1361 4811 1640 4866 ratiocinia
1672 4811 1824 4867 nobis
1855 4812 2082 4868 indidit?

498 4918 625 4958 num
672 4903 866 4959 frustra
912 4903 1215 4973 accepimus
1253 4901 1436 4973 judicii
1486 4900 1834 4958 facultatem?
1861 4902 2087 4974 Oportet

498 4994 795 5049 rationibus
832 4994 1150 5065 investigare
1183 4993 1363 5059 fidem,
1392 5008 1490 5048 nec
1517 4994 1633 5049 sine
1670 4996 1916 5051 examine
1954 4996 2083 5051 reli-

499 5087 711 5155 gionem
742 5100 882 5141 esse.
923 5087 1108 5143 Recte.
1138 5087 1333 5142 Verum
1375 5086 1634 5142 examinis
1681 5102 1921 5143 normam
1964 5104 2085 5144 esse

501 5186 713 5247 Oportet
762 5176 939 5232 divina
979 5180 1223 5249 eloquia,
1278 5180 1593 5251 regulasque
1635 5180 1849 5251 pietatis
1888 5197 1919 5237 a
1975 5183 2084 5238 Deo

504 5269 660 5324 nobis
714 5268 955 5324 traditas.
998 5270 1080 5325 Tu
1118 5287 1246 5327 vero
1290 5274 1504 5344 regulas
1547 5284 1931 5346 transgressus,
1977 5270 2084 5331 non

567 5454 641 5517 (η)
675 5450 1012 5519 [amendandus
1032 5465 1125 5519 per
1146 5455 1449 5519 occasionem
1473 5462 1550 5505 est
1570 5456 1831 5519 Lcidradus
1849 5456 1915 5519 de
1936 5458 2088 5519 Bapti-

501 5528 610 5586 snto_
623 5513 735 5578 cap.
758 5517 896 5586 6,_ut
926 5515 980 5586 iu
1004 5513 1066 5565 eo
1088 5515 1159 5586 sic
1192 5513 1386 5577 legatur
1411 5525 1549 5586 :ﬂas
1579 5518 1820 5586 pactiones
1845 5513 2017 5586 fideles
2036 5519 2087 5569 in

503 5574 699 5642 nariam
714 5575 963 5642 pro/etim
983 5574 1298 5642 angelicam]
1307 5575 1508 5642 nomina
1523 5574 1869 5642 proﬁtentiutit
1890 5579 1941 5629 in
1964 5580 2087 5631 libro

503 5637 815 5699 excipiuntur
842 5640 982 5698 riuo,
1006 5637 1099 5703 non
1119 5651 1150 5686 (ι
1171 5637 1373 5703 quolibet
1405 5637 1593 5690 homine
1613 5637 1642 5698 ,⁷
1660 5640 1747 5691 sed
1779 5655 1811 5691 a
1838 5641 2086 5703 superiore

505 5703 687 5751 uetitas
702 5708 949 5766 potestate.
974 5699 1208 5753 Veterum
1230 5699 1570 5754 Analectorum
1590 5710 1724 5754 't'om.
1747 5704 1794 5754 5.
1820 5699 2021 5757 cotcter.

1988 252 2257 309 lNCERTl
2305 265 2314 276 '
3582 260 3661 318 ili

2188 370 2420 424 inhaeres
2446 367 2642 423 divinis
2670 362 2957 436 Scripturis
2977 406 2992 430 ,
3035 364 3127 421 sed
3157 364 3316 422 divina
3347 371 3582 442 scrutaris,
3623 385 3667 431 et

2186 462 2295 516 vim
2332 461 2496 516 infers
2521 459 2766 526 veritati;
2811 467 2867 514 et
2892 459 3089 529 ubique
3110 458 3313 515 affectas
3338 463 3556 519 rationum
3583 483 3669 522 uts-

2186 554 2268 623 gis
2293 551 2445 623 sequi
2487 550 2757 616 salebras,
2785 565 2945 620 quam
2998 549 3124 605 fidei
3176 550 3543 623 servire,-quasi
3573 557 3671 613 alio-

2187 661 2305 702 rum
2332 646 2576 716 peritiam
2618 644 2838 710 habeas,
2867 654 2959 700 aut
2986 645 3230 713 aliorum,
3254 662 3427 717 nempe
3445 666 3546 718 qua;
3581 668 3676 708 σοι-

2188 748 2406 801 nuntur,
2438 736 2843 806 experientiam.
2899 736 3165 792 Renuntia
3190 737 3309 793 mihi
3351 740 3677 800 ratiociniorutn

2187 831 2326 887 serie
2346 829 2534 896 fultus,
2559 829 2827 901 quomodo
2838 831 3026 885 czrlum
3044 830 3209 897 stetit,
3228 831 3276 885 in
3292 839 3421 887 tanta
3437 834 3681 903 altitudine,

2187 923 2241 978 in
2269 932 2375 978 tam
2410 922 2667 977 immensa
2696 923 3049 990 concavitate,
3077 932 3132 979 et
3167 922 3359 978 nullum
3385 925 3432 979 in
3459 934 3685 983 tantoatn-

2187 1015 2299 1069 bitu
2327 1014 2548 1070 fulcrum
2574 1014 2811 1071 habens?
2827 1015 3104 1084 Quomodo
3131 1016 3291 1080 stetit,
3317 1032 3347 1072 a
3372 1033 3468 1089 quo
3482 1032 3685 1091 gestator,

2188 1123 2313 1179 qua:
2356 1107 2698 1163 fundamenta
2738 1118 2863 1164 sunt
2904 1109 3096 1180 quibus
3140 1110 3353 1166 nititur?
3394 1129 3486 1184 qua
3526 1117 3689 1173 ratione

2189 1216 2286 1270 per
2336 1208 2539 1254 tantum
2584 1210 2789 1270 tempus
2835 1214 2939 1257 non
2981 1202 3205 1258 solvitur
3254 1203 3574 1273 pulchritudo,
3611 1223 3689 1263 non

2187 1296 2327 1365 perit
2350 1303 2642 1350 concentus
2661 1294 2816 1365 ejus?
2837 1294 3071 1351 Ostende
3090 1296 3355 1351 columnas
3377 1312 3484 1368 quae
3503 1298 3691 1365 fulciant,

2187 1385 2410 1441 ostende
2436 1386 2605 1442 basim
2635 1395 2797 1441 tanta:
2822 1387 2948 1442 moli
2976 1387 3287 1457 subjectam.
3315 1388 3501 1458 Ecquid
3525 1389 3697 1447 deeele

2188 1478 2416 1549 loquor,
2449 1495 2556 1534 non
2581 1479 2650 1535 de
2690 1489 2830 1535 terra
2871 1495 3034 1550 quam
3063 1480 3248 1536 calce?
3283 1482 3499 1536 Primum
3535 1484 3693 1554 explica

2189 1570 2321 1627 mihi
2367 1580 2523 1627 terrm
2552 1571 3008 1628 constitutionem.
3036 1571 3190 1641 Quod
3226 1572 3364 1628 enim
3391 1587 3535 1643 super
3571 1589 3697 1645 aquas

2189 1662 2406 1717 fundata
2455 1664 2526 1719 sit
2563 1661 2733 1734 (Psal.
2757 1663 2847 1718 23.
2878 1664 2959 1733 2),
2991 1662 3093 1717 hoc
3143 1674 3201 1720 et
3226 1679 3324 1734 ego
3364 1666 3546 1735 accepi,
3585 1674 3629 1721 et
3657 1674 3698 1721 tu

2189 1754 2485 1810 confiteris.
2512 1756 2581 1809 At
2616 1756 2887 1825 quomodo
2915 1770 3075 1825 super
3125 1770 3292 1826 aquas
3318 1755 3598 1821 firmatasit,
3628 1772 3699 1811 ex-

2191 1859 2350 1914 pone.
2388 1844 2468 1919 Ne
2493 1845 2804 1915 simpliciter
2827 1860 3127 1901 sermonem
3171 1846 3419 1916 excipias,
3445 1845 3528 1902 sed
3548 1848 3701 1917 quesi-

2192 1945 2366 1991 torum
2389 1936 2649 1991 rationem
2667 1935 2832 1993 redde
2856 1954 2869 1991 :
2898 1938 3168 2007 quomodo
3188 1946 3264 1992 tot
3285 1937 3506 2008 tantique
3520 1946 3700 2001 montes,

2189 2028 2375 2094 colles,
2421 2029 2588 2083 valles
2638 2043 2801 2098 super
2846 2043 3012 2098 aquas
3063 2028 3326 2085 ferantur.
3368 2029 3455 2085 Dic
3491 2030 3705 2099 quomodo

2190 2135 2340 2175 mare
2364 2129 2667 2190 separatum
2697 2121 2799 2184 sit;
2830 2119 2916 2175 dic
2946 2135 3057 2190 quo
3091 2130 3257 2191 pacto
3278 2130 3355 2177 tot
3380 2121 3600 2178 fluetibus
3620 2122 3704 2193 agi-

2191 2221 2379 2279 tatum,
2403 2223 2456 2268 et
2479 2214 2530 2268 in
2554 2214 2868 2269 immensam
2887 2228 3114 2284 surgens
3128 2213 3475 2281 altitudinem,
3496 2230 3598 2271 cum
3613 2230 3703 2271 ate-

2189 2321 2313 2360 nam
2344 2305 2555 2376 attingit
2579 2306 2837 2373 solvatur,
2865 2313 2920 2361 et
2949 2306 3272 2377 legislatoris
3301 2308 3559 2362 terminum
3588 2321 3705 2362 reve-

2189 2406 2391 2453 reatur.
2439 2396 2817 2467 Interpretare,
2866 2397 3048 2464 frater,
3078 2399 3349 2468 quomodo
3388 2414 3501 2453 cum
3540 2414 3635 2452 una
3658 2398 3708 2451 sit

2190 2498 2352 2553 terra,
2384 2503 2486 2544 una
2514 2500 2703 2555 mater,
2759 2480 2983 2545 diversa:
3032 2490 3235 2559 planta:
3287 2492 3408 2557 sint,
3460 2490 3583 2544 unde
3603 2489 3707 2544 radi-

2191 2595 2281 2634 ces
2306 2596 2530 2648 atnarte,
2554 2580 2695 2635 unde
2733 2580 2919 2636 dulces
2944 2623 2960 2649 ,
2989 2581 3136 2636 unde
3176 2582 3436 2636 fructuum
3464 2581 3709 2635 varietates.

2192 2672 2309 2729 Una
2340 2682 2478 2728 terra
2505 2674 2810 2744 germinans
2837 2681 2943 2740 est,
2976 2689 3114 2729 unus
3138 2673 3313 2729 imber
3336 2674 3424 2728 alit
3452 2691 3466 2725 :
3492 2673 3613 2728 unde
3630 2672 3711 2726 dif-

2191 2767 2441 2822 ferentia?
2462 2767 2678 2838 Expliea
2707 2767 2849 2823 unde
2869 2767 3183 2838 prodierunt
3205 2770 3394 2833 fontes,
3418 2776 3469 2823 et
3489 2766 3715 2838 exquibus

2191 2859 2398 2931 abyssis
2428 2876 2443 2913 :
2473 2875 2577 2929 qua
2602 2860 2808 2915 ratione
2852 2858 2966 2914 hme
2993 2862 3203 2929 possint
3240 2859 3609 2931 comprehendi.
3636 2858 3715 2913 Ve-

2191 2968 2309 3008 rum
2355 2953 2568 3023 quando
2609 2952 2677 3008 de
2705 2952 2789 3009 his
2833 2952 3294 3022 dubitaverimus,
3326 2969 3476 3010 unam
3513 2952 3716 3008 habemus

2190 3061 2373 3101 veram
2397 3055 2450 3101 et
2472 3046 2611 3116 piam
2638 3046 2994 3116 quaestionum
3023 3046 3373 3104 solutionem.
3399 3053 3557 3118 Atque
3572 3045 3716 3101 beatus

2193 3139 2358 3193 David
2407 3141 2605 3195 cecinit
2635 3140 2717 3195 his
2759 3140 2984 3196 verbis:
3033 3140 3169 3206 Quia
3218 3152 3408 3197 rectum
3448 3150 3513 3196 est
3559 3139 3717 3195 serium

2194 3228 2418 3298 Domini,
2440 3239 2487 3285 et
2508 3231 2675 3285 omnia
2693 3247 2846 3301 opera
2865 3233 2978 3303 ejus
2995 3234 3053 3286 in
3073 3232 3182 3300 ﬁde
3209 3232 3381 3304 (Psal.
3405 3228 3717 3300 ΜΛ).ονοη

2187 3325 2305 3381 sine
2326 3325 2432 3380 fide
2456 3325 2834 3396 comprehendi
2859 3335 3154 3397 nequeunt.
3184 3335 3242 3383 et
3269 3325 3529 3383 Deussine
3550 3322 3637 3379 ﬁde
3658 3321 3720 3375 in-

2188 3416 2358 3470 veniri
2386 3416 2617 3487 poterit?
2652 3415 2826 3486 Opera
2852 3432 2957 3472 non
2981 3418 3097 3472 sine
3125 3416 3255 3480 fide,
3281 3426 3336 3472 et
3360 3416 3514 3471 Filius
3539 3415 3718 3470 demon-

2188 3507 2487 3563 stratione?
2518 3507 2654 3575 Quia
2679 3516 2875 3562 rectum
2904 3517 2976 3563 est
3006 3511 3215 3563 verbum
3237 3507 3473 3574 Domini,
3513 3514 3554 3560 et
3586 3502 3722 3559 omnis

2189 3618 2344 3674 apem
2367 3604 2480 3673 ejus
2506 3602 2557 3655 in
2585 3601 2707 3669 ﬁde.
2739 3600 2935 3657 Verum
2962 3616 3080 3669 nos,
3110 3602 3318 3658 relictis
3348 3598 3568 3656 veritatis
3589 3595 3720 3651 hosti-

2190 3694 2310 3758 bus,
2341 3693 2407 3748 ad
2434 3708 2617 3748 sanam
2649 3702 2925 3764 tutamque
2951 3693 3110 3748 fidem
3130 3692 3436 3759 redeamus,
3456 3691 3634 3762 piaeque
3654 3700 3725 3741 re-

2188 3784 2399 3855 ligionis
2415 3784 3027 3855 regulamostendamus,
3048 3785 3163 3855 ipsa
3177 3785 3403 3841 veritate
3414 3782 3719 3852 etfulgeutem.

2189 3878 2334 3933 Inter
2359 3887 2566 3934 veteres
2585 3877 2765 3949 Moyse
2792 3893 2958 3933 nemo
2974 3878 3078 3933 fide
3104 3879 3360 3948 dignior:
3388 3878 3438 3932 in
3463 3870 3720 3933 recentiori-

2185 3973 2287 4030 bus
2310 3987 2470 4028 nemo
2517 3971 2680 4026 Paulo
2705 3971 3014 4042 sapientior.
3046 3971 3246 4038 Quzere
3275 3980 3502 4027 veterem
3544 3968 3724 4029 statum,

2186 4072 2242 4121 et
2268 4065 2537 4120 neminem
2559 4063 2737 4134 Moyse
2763 4062 3020 4133 majorem
3048 4063 3293 4131 reperies
3320 4080 3333 4116 :
3358 4077 3474 4116 nam
3521 4060 3634 4117 Noui
3667 4066 3722 4122 tt,

2187 4167 2235 4212 et
2265 4157 2495 4210 invenisti
2538 4156 2755 4226 gratiam
2779 4170 2887 4226 prta
2912 4154 3176 4209 omnibus‘
3203 4154 3413 4227 (Exod.
3442 4151 3642 4221 35.12).
3680 4148 3725 4201 la

2187 4262 2333 4304 novo
2364 4248 2707 4303 Testamento
2754 4261 2915 4300 nemo
2939 4245 3106 4300 Paulo
3137 4246 3467 4316 perfectior:
3499 4243 3590 4299 Vas
3610 4239 3720 4295 enim

2187 4340 2443 4396 electionis
2465 4348 2535 4394 est
2557 4338 2694 4409 (Act.
2720 4337 2773 4395 9.
2800 4337 2916 4408 15),
2934 4338 3318 4410 Christumque
3339 4339 3493 4395 habet
3518 4337 3564 4391 in
3584 4334 3723 4402 seipse

2189 4434 2515 4505 loquentem.
2558 4431 2637 4488 Ne
2665 4432 3122 4502 praetergrediaris
3172 4418 3433 4488 terminos
3480 4427 3649 4497 Moysis
3682 4433 3722 4474 et

2188 4525 2360 4583 Pauli.
2390 4524 2531 4593 Quid
2559 4524 2767 4580 invenit
2793 4523 3032 4596 Moyses,
3062 4524 3586 4596 comprehensionem
3626 4513 3724 4573 sub-

2187 4621 2417 4683 stantiae,
2445 4634 2522 4674 an-
2550 4618 2775 4689 gloriam
2806 4616 2946 4673 Dei?
3003 4617 3237 4688 Moyses,
3294 4616 3503 4681 fratres,
3527 4611 3648 4668 venit
3679 4606 3719 4659 in

2188 4711 2672 4783 concupiscentiam
2703 4708 2819 4773 Dei,
2842 4718 2899 4764 ut
2922 4708 3082 4764 homo
3106 4709 3414 4781 religiosus,
3439 4717 3495 4763 et
3510 4697 3722 4778 ignoravi!

2187 4821 2249 4862 se
2278 4805 2357 4860 rei
2382 4801 2725 4873 impossibilis
2744 4800 3015 4857 desiderio
3042 4802 3210 4856 teneri
3241 4817 3256 4854 :
3289 4811 3519 4856 attamen
3544 4810 3623 4867 per
3642 4805 3716 4854 αι.

2188 4914 2309 4969 quze
2331 4895 2479 4966 petiit
2493 4912 2523 4951 a
2549 4895 2679 4963 Deo,
2701 4893 2827 4966 quid
2846 4893 3175 4967 desidera-ret
3198 4892 3452 4949 ostendit.
3474 4886 3601 4959 Quid
3611 4883 3721 4940 enim

2188 4989 2300 5044 ait?
2328 4987 2566 5053 Obsecro,
2597 4985 2835 5053 Domine,
2879 4987 2929 5040 si
2952 4986 3115 5040 inveni
3142 4986 3371 5056 gratiam
3410 4986 3461 5038 in
3502 4984 3720 5047 contra“

2189 5093 2295 5148 tuo,
2325 5083 2589 5152 manifeste
2625 5081 2822 5136 videant
2861 5090 2931 5147 te,
2965 5080 3168 5136 ostende
3214 5089 3266 5134 te
3291 5079 3417 5134 mihi
3460 5069 3719 5149 (Exodi?)-

2192 5175 2304 5248 15).
2334 5177 2521 5232 Frater
2567 5184 2686 5230 erat
2718 5174 2765 5228 is
2817 5172 3044 5244 Philippi
3071 5171 3301 5228 dicentis
3328 5186 3344 5223 :
3381 5167 3583 5225 Ostende
3610 5158 3718 5216 nobis

2191 5270 2420 5337 Patrem,
2443 5279 2488 5324 et
2514 5268 2694 5340 εηθῖείε
2716 5267 2856 5323 "om
2877 5264 3054 5339 (100m
3086 5266 3170 5321 η·
3188 5265 3271 5335 8)·
3296 5262 3531 5328 nomine"
3549 5269 3598 5314 ω

2191 5368 2259 5422 sti
2280 5409 2294 5431 ,
2318 5365 2564 5420 Invenisti
2586 5364 2801 5437 gratiam
2845 5362 2899 5417 in
2942 5370 3209 5432 conspectu
3239 5376 3353 5414 meo
3376 5374 3398 5415 :
3423 5352 3608 5412 ostende
3626 5344 3715 5401 uti“

2193 5461 2529 5532 temetipsum,
2560 5469 2617 5513 ut
2642 5458 2904 5530 manifeste
2930 5455 3125 5512 videam
3148 5464 3216 5510 te.
3244 5452 3385 5510 Vidit
3408 5446 3602 5523 quidem
3623 5449 3713 5497 θυιι

2258 5637 2274 5701 ξ
2301 5630 2711 5701 (‘.:esarii_Quaest.
2739 5629 2873 5701 176_:
2910 5631 3026 5701 3:96;
3056 5631 3271 5701 tiamne.
3299 5630 3316 5689 (
3332 5627 3364 5701 f.
3400 5624 3518 5688 παρὰ
3546 5612 3710 5672 πάντας)

2198 5697 2467 5760 ἀνθρώπους
2497 5696 2643 5757 ἔγνων
2668 5710 2742 5756 σε,
2777 5694 2859 5742 καὶ
2881 5692 3012 5756 εὗρες
3031 5695 3163 5757 χάριν
3189 5692 3390 5740 ἐνώπιόν
3410 5704 3511 5751 μου.
