4050 6198
358 316 470 373 MS

349 424 540 489 κακία,
569 424 693 479 οὔτε
746 426 883 499 πρὸς
917 426 987 481 τὰ
1023 427 1173 492 δεξιά
1198 428 1298 500 τῆς
1325 430 1582 502 ἀληθείας
1605 431 1925 509 τολμήσασα

355 517 505 580 ἰδεῖν,
562 516 653 571 διὰ
694 516 794 589 τὴν
844 518 941 572 τοῦ
984 519 1232 590 Σωτῆρος
1261 520 1510 592 ἄρνησιν,
1540 520 1664 574 οὐτε
1691 520 1828 592 πρὸς
1855 520 1927 575 τά

351 609 617 680 ἀριστερά
636 610 730 663 τοῦ
746 610 996 680 ψεύδους,
1029 611 1118 666 διά
1146 611 1239 666 τὸν
1269 612 1364 666 τοῦ
1390 613 1522 668 λαοῦ
1546 613 1728 684 φόϐον.

424 763 518 815 Δεῖ
544 761 724 816 τοίνυν
752 765 847 818 καὶ
898 765 1066 836 ήμᾶς,
1107 766 1348 836 ἀδελφοὶ,
1373 766 1562 821 τοῦτον
1582 768 1674 820 τὸν
1726 766 1924 821 κανόνα

356 855 508 927 παρά
524 854 619 908 τοῦ
642 855 849 927 Κυρίου
879 855 1273 927 λαμϐάνοντας,
1308 856 1382 929 μὴ
1427 857 1605 912 πάντα
1644 860 1767 922 ταῖς
1794 859 1930 929 ἐρω-

357 947 545 1017 τήσεσι
564 946 675 1000 τῶν
701 947 991 1018 αίρετικῶν
1014 947 1233 1003 διδόναι.
1265 946 1435 1003 Ὅταν
1464 948 1647 1013 κακῶς
1677 950 1927 1019 ἐρωτήσῃ

358 1038 628 1110 αἱρετικὸς
646 1077 661 1100 ,
690 1039 1054 1110 ἀντερωτήσει
1092 1039 1277 1111 δικαίᾳ
1317 1038 1479 1092 λῦσον
1513 1037 1662 1109 αὐτῷ
1683 1038 1781 1110 τήν
1811 1039 1931 1092 ἄτο-

359 1147 461 1184 πον
485 1129 695 1184 πεῦσιν.
741 1128 1076 1184 Πυνθάνεται
1131 1128 1389 1193 πολλάκις
1427 1130 1729 1193 αίρετικός·
1770 1124 1931 1193 Οἶδας

359 1222 449 1276 τὸν
477 1221 630 1287 Θεὸν,
670 1223 702 1291 ἢ
736 1222 835 1275 οὐκ
862 1219 1036 1287 οἷδας;
1086 1221 1213 1275 Ἐάν
1232 1223 1412 1292 εἴπῃς,
1447 1216 1691 1287 amoma,
1725 1221 1930 1285 εὐθέως

362 1316 555 1383 ἐπάγει
579 1332 592 1344 ·
624 1310 782 1379 Οἶδας
804 1311 898 1369 οὖν
919 1315 948 1367 ὸ
980 1314 1255 1379 εὐσεϐεῖς;
1278 1314 1408 1378 Ναὶ,
1439 1315 1602 1386 φησὶν
1629 1315 1658 1367 ό
1680 1312 1928 1382 εὐσεϐής.

364 1407 462 1467 Τίς
485 1404 595 1477 γὰρ
620 1407 766 1469 ὅπως
795 1407 1055 1476 ὑπομένει
1080 1405 1276 1475 λέγων,
1304 1407 1385 1459 ὅτι
1416 1407 1482 1457 Ὀ
1510 1404 1586 1475 μὴ
1614 1400 1729 1457 οἶδα
1752 1403 1929 1469 σέϐω;

365 1493 533 1547 Πάλιν
559 1493 787 1561 ἐπάγει·
819 1491 980 1558 Οἶδας
1006 1490 1100 1548 οὖν
1132 1494 1227 1548 τοῦ
1259 1492 1394 1547 Θεοῦ
1418 1493 1517 1563 τὴν
1541 1493 1760 1556 οὐσίαν;
1803 1491 1930 1545 Ἐἀν

365 1581 542 1655 εἴπῃς,
569 1584 649 1637 ὃτι
678 1584 790 1637 Οὐκ
819 1580 956 1650 οἶδα,
984 1583 1183 1648 εὐθέως
1211 1584 1566 1655 ἀντιτίθησιν·
1600 1582 1807 1638 Οὐκοῦν
1835 1585 1934 1637 οὑκ

373 1670 517 1738 οἶδας
538 1676 591 1727 τί
622 1674 820 1740 σέϐεἱς.
848 1677 990 1747 Ὅρα
1035 1693 1124 1747 μοι
1165 1674 1311 1748 [421]
1349 1674 1419 1728 τά
1442 1674 1631 1728 σκολιά
1670 1675 1888 1745 ῥήματα
1917 1687 1933 1703 ⁸

374 1754 477 1834 δρα
530 1783 620 1835 μοι
651 1765 759 1818 τῶν
788 1766 1039 1837 πονηρῶν
1068 1766 1244 1836 δφεων
1270 1766 1369 1830 τὰς
1396 1765 1688 1828 ποικιλίας.
1737 1765 1937 1835 ὀρᾷςς

373 1855 485 1908 ἀλλ’
509 1856 568 1909 οὐ
600 1855 681 1909 δεῖ
708 1857 1084 1928 ταράττεσθαι.
1133 1859 1339 1911 Ἐκεῖνο
1371 1856 1500 1927 γάρ,
1540 1856 1777 1924 ἀδελφοὶ,
1804 1854 1939 1908 είδέ-

370 1960 460 1997 ναι
489 1945 615 2015 χρὴ,
644 1946 726 1998 ὅτι
755 1946 849 1999 τοῦ
884 1947 1081 2000 εἰδέναι
1119 1946 1301 2001 πολλοὶ
1353 1947 1564 2018 τρόποι.
1599 1945 1825 2000 Δύναταί
1856 1960 1938 2008 τις

351 2033 572 2095 ,εἰδέναι
609 2038 690 2090 ὃτι
712 2036 825 2089 ἐστι
862 2036 1014 2101 Θεὸς,
1048 2036 1108 2091 οὑ
1138 2036 1200 2091 τὸ
1228 2038 1344 2102 πῶς
1375 2040 1510 2092 ἐστι.
1555 2037 1711 2091 Ἐπεὶ
1738 2036 1833 2090 καὶ
1854 2035 1940 2104 ἐφ’

375 2123 531 2196 ἡμῶν
551 2125 657 2179 τῶν
687 2126 987 2193 ἀνθρώπων
1018 2128 1205 2182 πολλαὶ
1231 2128 1332 2199 τῆς
1375 2127 1627 2197 γνώσεως
1656 2127 1784 2181 ὁδοί.
1810 2125 1943 2180 Οἶδα

376 2215 525 2269 τόνδε
565 2217 656 2271 τὸν
704 2216 988 2289 ἄνθρωπον
1014 2221 1074 2273 ἐν
1102 2220 1226 2290 τῇδε
1272 2222 1337 2291 τῇ
1375 2219 1526 2273 πόλει
1569 2217 1847 2286 διάγοντα,
1876 2217 1938 2271 οὐ

379 2308 486 2379 μὴν
513 2304 630 2362 οίδα
657 2310 751 2363 καὶ
773 2310 930 2363 ποίαν
957 2311 1274 2382 μετέρχεται
1302 2311 1563 2379 ἐργασίαν
1583 2326 1596 2339 ·
1620 2305 1735 2363 οῖδα
1755 2305 1941 2379 ἕτερον

374 2399 531 2469 τήνδε
567 2401 815 2470 μετιόντα
843 2401 942 2472 τὴν
968 2402 1231 2473 ἐργασίαν
1250 2394 1271 2464 ,’
1298 2402 1360 2455 οὐ
1391 2401 1497 2471 μὴν
1517 2396 1633 2453 οἶδα
1660 2399 1753 2453 καὶ
1778 2398 1942 2451 πόθεν

378 2490 531 2561 φέρει
565 2491 627 2543 τὸ
657 2491 831 2560 γένος,
861 2493 972 2546 Καὶ
1018 2493 1172 2563 μέρει
1203 2492 1312 2563 γὰρ
1358 2490 1630 2559 γινώσκω,
1684 2489 1841 2561 μέρει
1886 2488 1944 2542 δέ

377 2581 575 2649 ἀγνοῶ.
604 2584 713 2636 Καὶ
729 2583 967 2648 πάντως,
990 2582 1112 2637 οὐτε
1145 2586 1178 2655 ἡ
1207 2583 1405 2655 μερική
1428 2582 1628 2652 γνῶσις
1654 2580 1945 2650 ὀλόκληρον

378 2672 586 2741 εἰσάγει
612 2673 835 2741 γνῶσιν,
863 2673 987 2727 οὐτε
1014 2674 1075 2727 τὸ
1115 2673 1190 2745 μὴ
1225 2673 1365 2728 κατά
1412 2674 1588 2727 πάντα
1633 2670 1942 2741 γινώσκειν,

372 2763 477 2834 ,τήν
504 2765 735 2836 μερικὴν
765 2764 981 2836 ἀναιρεῖ
1012 2756 1234 2834 γνῶσιν.
1270 2764 1335 2818 Τί
1356 2760 1487 2830 οὗν;
1536 2760 1666 2817 Οἶδα
1694 2761 1787 2816 τὸν
1813 2761 1946 2815 Θεὸν

377 2854 461 2910 ὅτι
489 2855 657 2933 ἐστιν,
691 2856 774 2910 ὅτι
813 2856 1018 2925 ἀγαθός
1055 2858 1226 2921 ἐστιν,
1260 2856 1341 2909 ὅτι
1374 2855 1637 2916 ἀθάνατός
1667 2856 1832 2916 ἐστιν,
1864 2853 1947 2906 ὅτι

384 2949 659 3021 ἄφθαρτός
690 2953 862 3016 ἐστιν,
895 2951 975 3004 ὅτι
1007 2950 1570 3023 ἀπερινόητός,ἐστιν,
1601 2950 1683 3002 ὅτι
1739 2946 1947 3001 ἀκατά-

380 3039 583 3114 ληπτός
625 3044 793 3109 ἐστιν,
827 3042 1116 3113 ἀσώματός
1167 3044 1316 3095 ἐστιν
1342 3084 1357 3108 ,
1404 3039 1763 3103 ἀναλλοίωτός
1806 3040 1947 3093 ἐστι.

382 3130 567 3185 Ταῦτα
596 3132 775 3186 πάντα
800 3128 935 3197 οῖδα,
969 3132 1065 3186 καὶ
1100 3131 1257 3195 εἰδὼς
1285 3129 1594 3203 προσκυνῶ.
1621 3129 1694 3181 Τὸ
1723 3128 1780 3181 δὲ
1832 3126 1952 3189 πῶς

383 3222 530 3299 ἐστιν
556 3222 656 3276 οὐκ
686 3217 824 3284 οἶδα,
878 3222 1001 3276 οὐδὲ
1044 3220 1328 3291 ἐδιδάχθην
1379 3219 1852 3290 πολυπραγμονεῖν
1889 3216 1954 3270 τὸ

386 3314 502 3379 πῶς
524 3316 690 3380 ἐστιν,
707 3315 822 3369 ἀλλ’
850 3316 931 3370 ὅτι
958 3314 1125 3370 ἔστιν.
1150 3313 1258 3368 Τοῦ
1284 3312 1394 3386 γάρ
1417 3312 1737 3367 Ἀποστόλου
1766 3309 1954 3364 οὐδένα

385 3406 626 3477 εὑρίσκω
651 3407 871 3476 μείζονα
886 3405 1222 3471 διδάσκαλον,
1241 3405 1535 3477 δυνάμενόν
1558 3420 1648 3475 μοι
1672 3402 1954 3474 κρείττονα

387 3496 488 3565 τὴν
520 3495 795 3549 εὐσέϐειαν
828 3496 1210 3551 ὑποτίθεσθαι·
1254 3496 1313 3560 ὃς
1341 3495 1568 3567 λαμπρᾷ
1614 3493 1956 3565 χρησάμενος

392 3588 461 3655 τῇ
498 3588 647 3656 φωνῇ
694 3579 795 3639 ὧδέ
838 3605 914 3659 πη
944 3588 1185 3641 διδάσκει
1221 3586 1426 3656 λέγων’
1470 3585 1799 3641 Πιστεῦσαι
1846 3582 1955 3653 τὰρ

396 3675 493 3729 δεῖ
512 3675 619 3730 τὸν
641 3680 1123 3747 προσερχόμενον
1142 3678 1283 3745 Θεῷ,
1312 3679 1400 3731 ὅτι
1431 3677 1604 3731 ἐστιν
1624 3694 1638 3706 ·
1674 3676 1735 3729 οὐ
1760 3675 1822 3728 τὸ
1843 3674 1960 3737 πῶς

399 3767 567 3831 ἐστιν,
596 3764 711 3819 ἀλλ’
742 3766 869 3820 Ὀτι
898 3766 1049 3832 ἐστι,
1082 3766 1183 3821 καὶ
1226 3767 1352 3833 τοῖς
1388 3763 1740 3833 ἐκζητοῦσιν
1775 3764 1963 3818 αὐτὸν

394 3856 840 3928 μισθαποδότης
898 3859 1139 3927 γίνεται.
1206 3858 1367 3911 ’Ὥστε
1403 3857 1431 3910 δ
1467 3854 1583 3911 οἶδα
1631 3856 1791 3910 σέϐω.
1849 3856 1964 3909 Οὐκ

399 3949 601 4020 ἔμαθον
626 3948 813 4003 οὐσίαν
841 3948 975 4003 Θεοῦ
1003 3948 1475 4021 πολυπραγμονεῖν
1492 3964 1507 3978 ο
1530 3947 1804 4001 πιστεύειν
1830 3945 1965 4016 ἔμαι

399 4039 512 4106 θον,
557 4040 809 4107 ἀδελφοί·
843 4039 1137 4106 πιστεύειν,
1166 4041 1228 4093 οὐ
1258 4039 1748 4110 πολυπραγμονεῖν.
1814 4037 1969 4091 ’Λνά-

401 4131 569 4201 γνωθί
596 4148 691 4185 σου
720 4131 819 4203 τὴν
835 4129 1140 4202 ὁμολογίαν,
1160 4129 1420 4202 αίρετικὲ,
1448 4129 1546 4201 τήν
1569 4129 1628 4182 ἐν
1644 4127 1722 4198 τῷ
1744 4127 1968 4201 κρυπτῷ

403 4225 498 4279 καὶ
549 4223 763 4297 φοϐερῷ
816 4223 1097 4296 μυστηρίῳ
1131 4221 1604 4295 συμφωνηθεῖσαν.
1638 4221 1766 4273 Ὀτε
1798 4236 1969 4291 προσ-

402 4314 566 4385 ῆλθες
590 4314 969 4387 βαπτισθῆναι,
1027 4314 1082 4368 τί
1127 4310 1316 4380 εἷπεςς
1350 4312 1550 4385 ζητῶν,
1584 4312 1971 4384 πολυπραγμο-

403 4402 552 4456 νείαν
584 4402 818 4474 ἐρευνῶν
876 4414 926 4467 ι,
962 4402 997 4473 ἢ
1043 4403 1346 4468 πιστεύων;
1409 4402 1618 4465 ’Δλλως
1649 4397 1834 4473 ἦλθες,
1878 4401 1972 4454 καὶ

408 4492 547 4563 μετὰ
573 4493 745 4548 ἀλλων
778 4494 1059 4565 συνθηκῶν
1081 4493 1423 4567 κατηξιώθης
1446 4494 1546 4565 τῆς
1577 4492 1797 4565 χάριτος
1828 4489 1972 4545 ἐκεί-

406 4598 523 4652 νης.
564 4582 631 4635 Et
656 4600 719 4652 γε
752 4584 1082 4654 κατηξίωσαι
1126 4584 1346 4639 τοιαῦτα
1385 4586 1617 4656 φρονῶν,
1672 4582 1767 4637 καὶ
1827 4598 1971 4653 παρ-

407 4673 742 4745 εσπόνδησας
768 4675 865 4737 τὰς
891 4674 1181 4746 συνθήκας,
1213 4676 1308 4729 καὶ
1332 4676 1424 4729 ἐπὶ
1462 4676 1561 4746 μὲν
1592 4675 1700 4728 τῶν
1728 4672 1972 4745 φοϐερῶν

406 4764 503 4819 καὶ
536 4766 776 4837 φρικτῶν
800 4767 1108 4837 μυστηρίων
1132 4767 1230 4837 τὴν
1262 4768 1443 4821 πίστιν
1470 4769 1837 4838 προσήγαγες,
1868 4764 1973 4830 ἔξω

407 4858 462 4912 δὲ
480 4857 587 4911 τῶν
611 4858 920 4929 μυστηρίων
938 4858 1249 4929 γενόμενος,
1267 4860 1623 4932 περιγράφεις
1643 4859 1744 4931 τήν
1769 4860 1970 4924 πίστιν,

408 4948 503 5001 καὶ
524 4948 853 5025 προσφέρεις
883 4947 1129 5020 ζήτησιν.

478 5109 549 5171 γ’,
589 5102 729 5156 Ἀλλ’
757 5103 859 5173 ὅρα
887 5102 937 5156 τί
963 5120 1126 5174 φησιν
1152 5103 1181 5156 δ
1214 5100 1404 5174 ἐχθρὸς
1430 5101 1534 5173 τῆς
1581 5101 1855 5171 ἀληθείαςο
1882 5101 1975 5173 Μὴ

410 5195 519 5265 γὰρ
543 5194 726 5267 ἀργῶς
764 5197 895 5265 ήμῖν
926 5196 955 5247 ό
978 5194 1110 5259 Θεὸς
1154 5195 1350 5248 δέδωκε
1391 5194 1716 5266 λογισμούς;
1764 5194 1840 5265 μὴ
1867 5194 1976 5265 γάρ

413 5286 599 5350 ἁπλῶς
628 5286 930 5357 εἰλήφαμεν
962 5285 1055 5340 τοῦ
1089 5285 1181 5339 νοῦ
1208 5285 1268 5341 τὸ
1296 5287 1616 5358 κριτήριονς
1644 5288 1737 5340 Δεῖ
1767 5288 1859 5341 καὶ
1890 5286 1979 5339 λο-

412 5380 629 5447 γισμοῖς
659 5379 884 5449 ἐρευνᾷν
909 5376 1007 5448 τὴν
1027 5376 1227 5444 πίστιν,
1248 5379 1341 5431 καὶ
1364 5377 1438 5449 μὴ
1464 5376 1817 5443 ἀνεξέταστον
1838 5372 1977 5430 εἷναι

411 5467 513 5540 τήν
544 5468 845 5525 εὐσέϐειαν.
890 5468 1106 5533 Καλῶς.
1169 5468 1328 5523 Ἀλλά
1375 5468 1476 5539 τῆς
1512 5467 1812 5533 ἐξετάσεως
1854 5470 1979 5541 ὅρον

478 5703 504 5733 ⁸
532 5699 683 5751 Forte
701 5701 1118 5766 πολυπραγμονῶν,
1142 5702 1356 5766 ίρευνῶν.
1377 5701 1611 5756 Comma.

1324 316 1391 373 IN
1431 316 1659 386 ILLUD,
1700 286 1767 373 ω
1804 315 1947 385 ρυΑ
1988 312 2415 379 POTES’I‘ATE,
2456 310 2608 367 ETC.

3497 311 3601 367 “6

2031 421 2173 480 εἶναι
2208 423 2329 496 [δεῖ]
2356 423 2425 477 τά
2453 422 2571 477 θεῖα
2604 421 2780 491 λόγια,
2811 421 2905 475 καὶ
2941 420 3066 484 τοὺς
3108 421 3237 491 παρ’
3269 419 3429 475 αὑτοῦ
3469 423 3604 492 ἡμῖν

2027 524 2280 588 δοθέντας
2301 523 2403 593 τῆς
2430 522 2711 586 εὐσεϐείας
2737 521 2985 585 κανόνας.
3026 521 3098 575 Σὺ
3136 520 3193 573 δὲ
3216 522 3340 586 τοὺς
3369 523 3601 587 κανόνας

2031 618 2394 691 ὑπερϐαίνων,
2426 618 2489 671 οὑ
2512 620 2741 689 στοιχεῖς
2770 620 2890 681 ταῖς
2933 616 3308 681 θεοπνεύστοις
3335 619 3603 689 Γραφαῖς,

2031 713 2169 768 ἀλλά
2199 714 2677 785 πολυπραγμονεῖς
2715 713 2783 768 τά
2821 714 2957 777 θεῖα,
2988 714 3083 767 καὶ
3111 711 3316 783 βιάζεις
3344 714 3444 786 τὴν
3476 715 3607 786 ἀλή-

2034 809 2207 873 θειαν,
2242 809 2337 863 καὶ
2365 808 2639 879 πανταχοῦ
2670 807 2922 872 σπεύδεις
2954 809 3048 861 καὶ
3077 808 3353 879 λογισμῶν
3379 810 3605 879 ἀνωμα-

2031 904 2125 977 λίᾳ
2155 903 2354 976 μᾶλλον
2386 904 2771 974 ἀκολουθῆσαι,
2803 903 2836 975 ἢ
2862 904 3040 957 πίστει
3071 903 3374 969 δουλεῦσαι,
3419 904 3607 974 ῶσπερ

2030 1003 2140 1057 τῶν
2158 1002 2331 1057 ἄλλων
2358 1000 2701 1073 κατειληφὼς
2746 1000 2845 1071 τὴν
2879 1002 3094 1072 πεῖραν,
3126 1001 3161 1071 ἢ
3193 1001 3301 1055 τῶν
3342 1001 3518 1056 ἀλλων
3549 1004 3608 1055 ἐν

2033 1098 2200 1169 πείρᾳ
2248 1098 2535 1168 γενόμενος
2588 1096 2697 1149 τῶν
2727 1097 3041 1167 ὁρωμένων.
3098 1096 3451 1165 Ἀπάγγειλόν
3497 1114 3607 1167 μοι,

2034 1192 2311 1264 λογισμῶν
2339 1186 2629 1265 ἀκολουθία
2662 1193 3026 1265 χρησάμενος,
3061 1194 3177 1259 πῶς
3203 1194 3432 1265 ἕστηκεν
3461 1195 3490 1247 ό
3516 1196 3608 1247 οὐ-

2039 1288 2215 1359 ρανὸς,
2248 1289 2329 1352 είς
2359 1288 2610 1343 τοσοῦτον
2637 1289 2769 1359 ὕψος
2804 1288 3207 1360 κοιλαινόμενος
3232 1289 3475 1361 ἄπειρον,
3515 1291 3610 1343 καὶ

2041 1381 2206 1451 μηδὲν
2244 1383 2301 1434 ἐν
2326 1381 2563 1453 τοσαύτη
2592 1385 2905 1454 περιγραφῇ
2928 1382 2986 1436 τὸ
3007 1383 3286 1454 ὑπερεῖδον
3314 1384 3470 1458 ἔχων,
3495 1382 3611 1447 πῶς

2041 1476 2294 1547 ἕστηκεν,
2325 1477 2430 1530 τίνι
2460 1475 2805 1546 βαστάξεται,
2844 1477 2984 1540 τίνες
3010 1480 3065 1531 αί
3110 1482 3368 1551 κρηπῖδες
3419 1480 3501 1548 ἐφ’
3535 1473 3612 1533 ὧν

2043 1577 2404 1647 ἐστήρικταις
2440 1577 2558 1641 πῶς
2599 1579 2655 1631 ἐν
2708 1577 2945 1649 τοσούτῳ
2994 1581 3170 1652 χρόνῳ
3217 1581 3276 1633 οὐ
3326 1580 3509 1635 λύεται
3550 1582 3612 1635 τὸ

2039 1672 2254 1736 κάλλος,
2288 1674 2388 1727 οὑκ
2416 1671 2735 1743 ἀφανίζεται
2757 1679 2790 1744 ή
2824 1674 3097 1743 ἁρμονίας
3137 1678 3317 1742 Δεῖξον
3354 1680 3478 1742 τοὺς
3512 1679 3612 1750 βα-

2041 1772 2333 1836 στάζοντας
2364 1772 2565 1839 κίονας,
2600 1770 2749 1845 [422]
2801 1772 2972 1839 δεῖξον
3016 1776 3114 1844 τὴν
3169 1776 3481 1848 ὐποδάθραν
3513 1778 3613 1849 τὴν

2038 1872 2312 1937 τοσούτοις
2338 1874 2520 1942 ὄγκοις
2544 1874 2928 1946 ὑποκειμένην.
2964 1876 3029 1928 Τί
3056 1876 3109 1929 δὲ
3153 1877 3262 1948 ἐρῶ
3295 1879 3423 1949 περὶ
3451 1881 3614 1949 οὐρα-

2041 1964 2154 2029 νοῦ,
2182 1966 2275 2019 καὶ
2295 1966 2357 2019 οὐ
2388 1967 2515 2036 περὶ
2548 1966 2652 2036 γῆς
2683 1966 2750 2037 ῆν
2792 1967 2984 2033 πατῶ;
3011 1968 3239 2040 Πρῶτον
3281 1971 3615 2042 ἐρμήνευσόν

2046 2073 2138 2127 μοι
2164 2056 2265 2126 τῆς
2292 2060 2393 2128 γῆς
2432 2056 2531 2129 τήν
2552 2057 2906 2113 κατάστασιν.
2946 2061 3065 2113 Ὀτι
3096 2061 3195 2131 μὲν
3236 2061 3344 2134 γάρ
3377 2062 3469 2116 ἐπὶ
3494 2062 3617 2115 ὑδά-

2044 2162 2154 2200 των
2179 2146 2589 2218 τεθεμελίωται,
2611 2148 2769 2203 τοῦτο
2792 2149 2947 2218 κάγὼ
2975 2152 3302 2223 παρέλαϐον,
3335 2153 3429 2207 καὶ
3456 2155 3617 2219 αὑτὸς

2044 2238 2349 2308 ὁμολογεῖς.
2384 2239 2508 2303 Πῶς
2536 2240 2593 2293 δέ
2622 2240 2839 2296 ἐπὶτῶν
2858 2241 3063 2296 ὑδάτων
3086 2244 3423 2315 ἐστήρικται,
3451 2246 3620 2316 ἐρμή-

2044 2345 2253 2382 νευσον.
2279 2330 2369 2399 Μὴ
2406 2329 2592 2393 ἁπλῶς
2628 2330 2996 2405 ἀκολουθήσῃς
3023 2332 3100 2404 τῷ
3128 2332 3289 2404 λόγῳ,
3325 2334 3459 2388 ἀλλὰ
3482 2335 3622 2404 λογι-

1984 2472 1993 2475 Α
2048 2420 2183 2490 σμὸν
2214 2418 2411 2482 ἀπόδος
2431 2418 2537 2472 τῶν
2575 2419 2921 2491 ζητουμένων
2945 2436 2959 2449 ο
2991 2421 3109 2485 πῶς
3134 2422 3233 2493 ὅρη
3271 2423 3507 2478 τοσαῦτα
3527 2424 3621 2478 καὶ

2045 2508 2367 2581 τηλικαῦτα,
2402 2510 2496 2561 καὶ
2544 2508 2721 2579 βουνοὶ
2748 2511 2843 2565 καὶ
2872 2512 3123 2576 πεδιάδες
3149 2514 3242 2566 ἐπὶ
3291 2514 3498 2568 ὑδάτων
3527 2516 3621 2584 φέ-

2049 2617 2268 2673 ρονται;
2303 2600 2437 2653 Εἰπὲ
2464 2600 2581 2664 πῶς
2610 2600 2643 2671 ή
2675 2601 2917 2656 θάλασσα
2944 2602 3269 2675 ἀφώρισται’
3304 2606 3422 2658 είπέ
3448 2604 3564 2669 πῶς
3583 2607 3618 2676 ή

2046 2691 2319 2755 τοσούτοις
2382 2693 2676 2765 μαινομένη
2724 2694 2928 2764 κύμασι
2980 2696 3074 2748 καὶ
3112 2697 3193 2758 είς
3234 2694 3368 2766 ὕψος
3399 2677 3623 2767 ἄπειρον

2048 2782 2449 2855 κορυφουμένη,
2483 2784 2700 2838 ἐπειδάν
2729 2786 3003 2857 πλησιάσῃ
3057 2788 3124 2856 τῇ
3153 2786 3383 2858 ψάμμῳ,
3413 2787 3621 2850 λύεται,

2050 2876 2277 2930 αἰδεῖται
2304 2875 2396 2928 τὸν
2425 2877 2549 2947 ὅρον
2585 2875 2680 2929 τοῦ
2707 2877 3017 2947 νομοθέτου.
3053 2878 3439 2950 Ἐρμήνευσον,
3468 2880 3623 2933 ἀδελ-

2052 2966 2141 3036 φέ,
2177 2966 2293 3029 πῶς
2327 2968 2451 3037 μιᾶς
2493 2966 2598 3037 γῆς
2629 2966 2814 3039 οὐσης,
2865 2971 2991 3039 μιᾶς
3033 2969 3271 3042 μητρὸς,
3304 2970 3532 3042 διάφορα
3557 2971 3626 3025 τά

2054 3056 2440 3128 βλαστήματασ,
2476 3056 2639 3111 πόθεν
2667 3060 2724 3111 αί
2781 3060 2974 3129 πικραὶ
3003 3061 3168 3130 ῥίζαι,
3199 3059 3362 3114 πόθεν
3404 3062 3461 3114 αἱ
3497 3061 3627 3129 γλυ-

2053 3151 2218 3210 κεῖαι,
2252 3148 2414 3203 πόθεν
2437 3148 2547 3202 τῶν
2591 3149 2818 3221 καρπῶν
2856 3152 2912 3204 αί
2945 3150 3217 3223 διαφοραί.
3252 3152 3366 3205 Μία
3391 3152 3461 3223 γῆ
3496 3151 3627 3222 βλα-

2055 3240 2339 3305 στάνουσα,
2366 3235 2446 3304 εἷς
2493 3240 2697 3311 ὄμϐρος
2725 3243 2753 3295 ό
2795 3241 3026 3313 τρέφων,
3089 3241 3315 3312 πόθενή
3357 3241 3626 3312 διαφοράς

2066 3330 2430 3402 Ἑρμήνευσον
2458 3331 2620 3386 πόθεν
2646 3333 2905 3403 προῖεσαν
2937 3333 2994 3385 αί
3028 3333 3223 3403 πηγαὶ,
3249 3333 3345 3385 καὶ
3374 3334 3437 3385 ἐκ
3458 3332 3629 3386 ποίων

2056 3421 2308 3476 ἀϐύσσων
2326 3461 2341 3485 ,
2366 3421 2484 3485 πῶς
2509 3420 2681 3476 ταῦτα
2700 3421 2921 3475 δυνατὸν
2953 3424 3300 3479 καταλαϐεῖν.
3342 3423 3481 3478 Ἀλλ’
3501 3426 3629 3480 ὅταν

2058 3512 2187 3582 περὶ
2214 3509 2384 3565 ταῦτα
2415 3512 2802 3584 ἀπορήσωμεν,
2830 3512 3025 3584 ἔχομεν
3057 3514 3183 3584 μίαν
3207 3514 3384 3587 ἀληθῆ
3420 3517 3514 3570 καὶ
3537 3519 3631 3570 εὑ-

2060 3602 2191 3670 σεϐῆ
2247 3602 2355 3656 τῶν
2390 3604 2779 3675 ἀπορουμένων
2810 3603 2909 3675 τὴν
2956 3604 3130 3660 λύσιν.
3158 3607 3264 3661 Καὶ
3294 3610 3324 3661 ὁ
3362 3609 3630 3679 μακάριος

2060 3692 2220 3746 Δαυῖδ
2247 3693 2584 3764 ἐμελῴδησεν
2615 3689 2717 3749 ὧδέ
2747 3713 2824 3767 πη
2845 3695 3019 3764 λέγων
3041 3714 3052 3725 ·
3090 3699 3217 3752 Ὀτι
3262 3700 3444 3765 εὐθὺς
3469 3705 3503 3754 ὁ
3528 3704 3632 3755 λό-

2062 3802 2166 3854 γος
2188 3785 2295 3838 τοῦ
2317 3787 2560 3853 Κυρίου,
2585 3787 2681 3840 καί
2727 3788 2923 3842 πάντα
2947 3789 3019 3842 τὰ
3057 3788 3199 3858 ἔργα
3231 3791 3415 3845 αὑτοῦ
3436 3792 3505 3844 ὲν
3536 3794 3634 3846 πί-
3742 3805 3753 3815 ‘

2065 3891 2214 3929 στει.
2248 3876 2329 3929 Τά
2370 3875 2506 3947 ἔργα
2554 3878 2681 3930 ἄνευ
2715 3878 2948 3941 πίστεως
2986 3881 3087 3931 οὐκ
3144 3880 3255 3933 ἐστι
3289 3883 3631 3945 καταλαϐεῖν,

2068 3966 2164 4019 καὶ
2191 3965 2322 4017 Θεὸν
2350 3964 2478 4019 ἄνευ
2502 3971 2735 4030 πίστεως
2758 3968 2936 4038 εὑρεῖν
2961 3969 3181 4023 δυνατόν
3203 3987 3217 4031 ;
3247 3971 3326 4023 Τὰ
3352 3973 3487 4044 ἔργα
3504 3975 3633 4028 ἄνευ

2069 4055 2322 4120 πίστεως,
2356 4056 2452 4109 καὶ
2472 4056 2501 4108 ὁ
2524 4055 2650 4119 Υἱὸς
2679 4059 2736 4110 ἐν
2766 4058 3066 4124 ἀποδείξεις
3108 4062 3233 4115 Ὀτι
3262 4063 3441 4128 εὐθὺς
3465 4068 3498 4118 ὀ
3531 4068 3635 4118 λό-

2070 4164 2176 4219 γος
2195 4146 2301 4201 τοῦ
2328 4148 2570 4215 Κυρίου,
2595 4147 2689 4201 καί
2723 4148 2918 4202 πάντα
2959 4151 3029 4203 τὰ
3058 4150 3202 4221 ἔργα
3233 4155 3417 4207 αὑτοῦ
3439 4155 3508 4207 ἐν
3538 4158 3636 4208 πί-

2071 4258 2221 4298 στει.
2258 4241 2417 4295 Ἀλλὰ
2444 4242 2550 4313 γὰρ
2586 4243 2711 4306 τούς
2740 4242 2968 4315 ἐχθροὺς
3010 4245 3108 4316 τῆς
3130 4246 3385 4316 ἀληθείας
3409 4248 3638 4318 ἀφέντες

2072 4336 2252 4406 ἡμεῖς,
2284 4334 2376 4387 ἐπὶ
2400 4333 2499 4406 τήν
2553 4334 2678 4406 ὑγιῆ
2720 4335 2813 4389 καὶ
2849 4336 3063 4407 ἀσφαλῆ
3109 4339 3207 4409 τῆς
3252 4338 3485 4404 πίστεως
3514 4341 3633 4412 (sic)

2074 4427 2476 4497 ἐπανέλθωμεν,
2501 4427 2594 4480 καὶ
2613 4426 2875 4497 δείξωμεν
2893 4429 2981 4482 τὸν
2999 4431 3200 4485 κανόνα
3214 4434 3313 4503 τῆς
3340 4433 3637 4499 εὐσεϐείας,

2072 4520 2141 4574 δι’
2169 4518 2337 4589 αὐτῆς
2360 4517 2458 4589 τῆς
2479 4517 2738 4590 ἀληθείας
2765 4519 3131 4592 ἐκλάμποντα.
3153 4523 3340 4586 Οὐδεὶς
3365 4525 3641 4589 Μωῦσέως

2074 4611 2131 4664 ἐν
2160 4612 2270 4672 τοῖς
2289 4608 2533 4680 ἀρχαίοις
2554 4606 3011 4681 ἀξιοπιστότερος,
3030 4610 3203 4674 οὐδεὶς
3224 4610 3434 4665 Παύλου
3455 4614 3512 4664 ἐν
3530 4617 3641 4675 τοῖς

2073 4701 2216 4764 νέοις
2251 4700 2570 4772 σοφώτερος.
2625 4699 2945 4772 Ἐρεύνησον
2973 4701 3070 4773 τὴν
3101 4701 3330 4756 παλαιὰν
3372 4704 3641 4757 κατάστα-

2077 4808 2182 4855 σιν,
2210 4792 2303 4846 καὶ
2330 4792 2605 4856 Μωῡσέως
2626 4792 2816 4847 οὐδένα
2844 4792 3063 4863 μείζονα
3094 4792 3346 4862 εὑρήσεις
3368 4809 3381 4823 θ
3411 4795 3643 4862 Ἔγνων

2075 4884 2184 4954 γάρ
2212 4899 2305 4945 σε,
2333 4882 2429 4936 καὶ
2448 4878 2621 4953 εὗρες
2642 4883 2817 4951 χάριν
2837 4884 2994 4951 παρὰ
3017 4881 3264 4949 πάντας.
3292 4884 3476 4948 Οὐδεὶς
3501 4887 3644 4939 Παύ-

2077 4974 2171 5028 λου
2197 4976 2254 5027 ἐν
2280 4976 2346 5044 τῇ
2378 4974 2492 5045 Νέᾳ
2523 4974 2851 5043 τελειότερος
2874 4988 2887 5003 ·
2919 4973 3140 5038 Σκεῦος
3158 4973 3265 5044 γάρ
3290 4975 3459 5028 ἐστιν
3473 4975 3644 5031 ἐκλοο

2081 5064 2212 5135 τῆς,
2248 5066 2340 5117 καὶ
2368 5063 2629 5118 λαλοῦντα
2658 5062 2794 5133 ἔχων
2823 5065 2880 5115 ἐν
2928 5063 3103 5133 ἐαυτῷ
3128 5064 3218 5117 τὸν
3267 5066 3517 5137 Χριστόν.
3552 5069 3644 5139 Μὴ

2080 5154 2325 5225 ὑπερϐῇς
2356 5155 2478 5217 τοὺς
2507 5153 2600 5206 τοῦ
2638 5152 2917 5217 Μωῦσέως
2964 5155 3119 5225 ὅρους
3163 5157 3255 5208 καὶ
3283 5157 3375 5210 τοῦ
3406 5159 3642 5213 Παύλου.

2081 5245 2146 5298 Τί
2178 5240 2303 5313 εὗρε
2340 5244 2580 5315 Μωῦσῆς
2606 5284 2622 5308 ,
2661 5244 2961 5316 κατάληψιν
2994 5246 3199 5310 οὐσίας,
3228 5247 3261 5317 ἦ
3287 5249 3445 5316 δόξαν
3476 5249 3642 5312 Θεοῦ;

2080 5335 2339 5406 Μωῦσῆς,
2374 5332 2612 5402 ἀδελφοὶ,
2646 5328 2807 5405 ἦλθεν
2835 5336 2915 5399 είς
2947 5334 3243 5407 ἐπιθυμίαν
3268 5337 3425 5401 Θεοῦ,
3448 5336 3523 5398 ὡς
3550 5337 3649 5389 ἄν·

2086 5428 2303 5499 θρωπος
2334 5423 2598 5494 φιλόθεος,
2629 5425 2722 5478 καὶ
2741 5426 2973 5496 ἠγνόησε
3006 5428 3122 5497 μὲν,
3142 5428 3223 5481 ὅτι
3244 5427 3498 5480 ἀδύνατον
3550 5427 3650 5478 ἐπ-

2084 5518 2303 5589 εθύμει·
2337 5518 2486 5589 ὅμως
2506 5516 2562 5570 δὲ
2590 5517 2657 5571 δι’
2694 5510 2769 5571 ὧν
2801 5517 3002 5589 ᾔτησεν
3028 5518 3118 5573 τὸν
3150 5518 3300 5580 Θεὸν,
3336 5514 3550 5581 ἔδειξεν.
3582 5518 3649 5571 Τί

2086 5612 2193 5683 γάρ
2218 5627 2381 5681 φησι;
2404 5610 2633 5680 Δέομαι,
2659 5611 2851 5680 Κύριε,
2880 5612 2931 5665 εί
2947 5610 3170 5678 εὕρηκα
3197 5606 3373 5677 χάρη⁸
3394 5606 3650 5663 ἐνώπιόν

2093 5717 2230 5770 σου,
2279 5699 2565 5772 γνωστῶς
2617 5700 2721 5756 ἴδω
2768 5717 2865 5767 σε,
2906 5698 3241 5771 ἐμφάνισόν
3259 5715 3362 5768 μοι
3398 5700 3645 5755 σαυτόν.
