4050 6198
426 302 528 359 ιιι

441 414 690 482 Ἀδ.λφὸς
711 410 779 486 ἦν
798 407 949 478 οὗτος
974 414 1066 467 τοῦ
1087 414 1352 469 Φιλίππου
1372 414 1465 467 τοῦ
1483 415 1730 483 λέγοντος
1756 429 1768 443 ·
1794 414 2001 478 Δεῖξον

427 516 575 589 ἡμῖν
590 519 697 573 τὸν
719 517 969 585 Πατέρα,
992 518 1091 571 καί
1116 518 1289 586 ἀρκεῖ
1308 519 1471 589 ἡμῖν.
1507 520 1699 591 Κύριε,
1725 521 1790 573 σὺ
1820 515 2001 584 εἶπας,

428 625 512 678 ὅτι
561 620 748 691 Εὗρες
795 622 970 693 χάριν
1015 624 1274 678 ἐνώπιόν
1328 643 1474 694 μου.
1532 624 1870 694 ἐμφάνισόν
1902 642 2004 694 μοι

430 728 711 792 σεαυτὸν,
732 726 893 793 ὅπως
918 726 1200 796 γνωτῶς
1224 728 1327 782 ww
1355 742 1450 783 σε.
1482 724 1603 783 Εἶδε
1635 730 1732 799 μὲν
1768 730 1876 799 γὰρ
1908 729 2006 783 a6-

429 831 522 884 τὸν
552 831 645 885 καὶ
672 831 763 884 ἐπὶ
789 832 888 901 τῆς
926 831 1111 903 βάτου,
1144 828 1281 885 εἶδεν
1309 833 1471 887 αὑτὸν
1504 812 1693 886 καὶῖκ
1720 832 1813 887 τοῦ
1846 834 2005 904 ὄρους

433 936 586 1002 Σινά,
604 931 742 989 εἶδεν
764 935 927 989 αὑτὸν
952 937 1047 989 καὶ
1066 937 1131 988 ἐκ
1148 936 1421 1008 διαφόρων
1448 938 1781 1006 ἐπιφανέντα
1804 938 2001 1004 τόπων,

434 1041 531 1093 καὶ
558 1041 831 1112 διαφόρως
865 1043 966 1113 τὴν
1014 1044 1334 1112 ἐπιφάνειαν
1393 1042 1557 1096 αὑτοῦ
1590 1042 1960 1113 ἐνδειξάμενον
1982 1059 1998 1075 ο

434 1148 551 1200 ἀλλ’
579 1150 608 1201 6
635 1149 904 1220 μακάριος
932 1151 1137 1213 ἐκεῖνος
1168 1149 1410 1219 Μωῦσῆς
1464 1150 1625 1203 αὑτὸν
1662 1150 1787 1203 ίδεῖν
1824 1150 2008 1203 ἐπόθει

435 1255 536 1323 τῆς
575 1252 790 1322 φύσεως
814 1255 905 1307 τὸν
933 1257 1285 1326 χαρακτῆραο
1329 1253 1613 1323 ἄνθρωπος
1658 1252 1754 1319 ὣν,
1797 1252 2007 1325 ἀνθρώ-

438 1374 569 1409 πινα
595 1358 724 1427 περὶ
751 1358 849 1427 τῆς
875 1358 1241 1429 ὑπερκοσμίου
1264 1357 1544 1428 δυνάμεως
1572 1356 1915 1425 ἑφαντάζετο.
1951 1357 2008 1410 ὐ

438 1462 496 1515 δέ
532 1460 664 1523 Θεὸς
687 1458 778 1512 τὸν
806 1462 907 1532 μὲν
942 1460 1090 1533 [423]
1128 1460 1295 1514 πόθον
1329 1461 1423 1514 τοῦ
1454 1460 1644 1514 πιστοῦ
1684 1461 2010 1532 θεράποντος

441 1563 684 1629 ἐδέξατοο
736 1565 913 1617 πείθει
963 1567 1060 1636 τὴν
1089 1565 1432 1636 ἀνθρωπίνην
1466 1564 1643 1635 ὄρεξιν
1674 1565 1781 1618 τῶν
1807 1565 2008 1619 ἀδυνά-

438 1683 548 1719 των
569 1666 958 1736 ἐπιθυμοῦσαν.
991 1666 1055 1718 Τί
1084 1666 1192 1737 γάρ
1235 1684 1367 1738 φησι
1399 1666 1534 1739 πρὸς
1579 1667 1770 1731 αὐτόν;
1804 1666 2012 1733 Οὐδείς

442 1766 652 1835 ὄψεται
687 1768 753 1822 τὸ
780 1769 1105 1837 πρόσωπόν
1126 1786 1248 1838 μου
1268 1809 1283 1835 ,
1318 1769 1416 1822 καί
1449 1766 1705 1836 ζήσεται.
1738 1769 1813 1821 Οὑ
1847 1769 2014 1838 χωρεί

434 1870 773 1951 ποθούμενον
819 1871 853 1940 ἡ
908 1868 1017 1923 τῶν
1066 1870 1372 1924 ποθούντων
1433 1870 1690 1940 δύναμις,
1745 1869 1807 1923 οὑ
1857 1869 2012 1941 φέρει

444 1972 610 2043 θνητὴ
636 1972 758 2042 ὑψις
782 1972 878 2043 τὴν
902 1971 1167 2027 ἀθάνατον
1202 1972 1382 2041 φύσιν.
1408 1972 1473 2025 Τί
1506 1969 1632 2036 οὖν,
1667 1965 1715 2025 ὧ
1747 1970 2011 2035 Δέσποτα,

443 2073 875 2145 καταλιμπάνεις
908 2072 997 2126 τὸν
1046 2072 1209 2126 πόθον
1257 2071 1709 2143 ἀπαραμύθητον,
1764 2072 1858 2125 καὶ
1893 2071 2014 2126 οὐδὲ

446 2174 604 2228 σκιὰν
634 2173 894 2245 παρέχεις
928 2173 1026 2243 τῆς
1046 2171 1339 2243 ἐπιθυμίας
1368 2171 1446 2242 τῷ
1480 2171 1867 2242 φανταζομένῳ
1892 2186 2016 2224 τοσ-

440 2276 600 2330 οῦτον
635 2275 797 2328 πόθον
822 2293 837 2342 ς
867 2273 1029 2328 Ὅθεν
1055 2273 1189 2345 φησί
1214 2292 1227 2305 ·
1278 2274 1480 2343 Τίθημί
1520 2287 1595 2327 σε
1631 2276 1720 2339 είς
1757 2273 1871 2342 τὴν
1909 2273 2017 2326 πέ-

446 2393 612 2445 τραν,
639 2376 737 2428 καί
762 2371 1135 2448 σκεπάζωτῇ
1153 2375 1306 2444 χειρί
1320 2392 1440 2443 μου
1460 2391 1475 2404 ’
1497 2373 1593 2429 καὶ
1619 2373 1690 2426 ἑν
1706 2371 1785 2438 τῷ
1810 2372 2017 2442 παρέρ-

446 2482 657 2546 χεσθαι
683 2476 796 2547 τὴν
828 2476 1018 2541 δόξαν
1045 2495 1160 2546 μου
1185 2477 1304 2546 ὄψῃ
1336 2476 1408 2529 τὰ
1436 2476 1699 2540 ὀπίσθια,
1729 2474 1803 2528 τὰ
1828 2474 1895 2527 δὲ
1917 2474 2017 2545 ἐμ-

446 2580 707 2646 πρόσθια
724 2579 834 2632 οὐκ
868 2578 1011 2647 ὄψῃ.
1053 2580 1154 2632 Ἐν
1171 2576 1252 2643 τῷ
1271 2577 1690 2647 παρέρχεσθαι,
1718 2578 1819 2630 οὑκ
1841 2572 2014 2643 εἶπεν,

447 2679 602 2750 Ἐμὲ,
630 2678 784 2742 ἀλλὰ,
809 2678 926 2746 Τὴν
945 2678 1132 2753 δόξαν
1145 2694 1285 2747 μου
1305 2678 1364 2731 ού
1388 2678 1494 2750 γὰρ
1514 2678 1679 2743 ἔστιν,
1709 2678 2018 2749 ὑπερϐάντα

448 2775 547 2845 τὴν
581 2775 757 2840 δόξαν,
788 2773 973 2825 οὐσίαν
1005 2773 1202 2845 εὑρεῖν.
1242 2774 1483 2845 Μωῦσῆς
1514 2773 1665 2826 οὐδὲν
1701 2767 1828 2846 εὗρε
1858 2773 2019 2827 πλέον

449 2871 629 2941 δόξης,
661 2870 754 2925 καὶ
785 2870 985 2940 ταύτην
1014 2869 1113 2924 οὐκ
1147 2865 1283 2923 είδεν
1313 2871 1392 2934 είς
1429 2869 1741 2942 ὀλόκληρον,
1784 2852 1918 2925 ἀλλά
1950 2872 2020 2926 τά

449 2969 596 3023 νῶτα
614 2986 627 2998 ·
654 2968 754 3022 ούκ
784 2967 969 3038 ἐπειδὴ
990 2966 1179 3032 νώτοις
1204 2968 1294 3021 καὶ
1316 2966 1539 3038 στήθεσι
1566 2968 1961 3040 διαγέγραπται
1984 2971 2017 3040 ή

452 3064 571 3119 θεία
596 3064 756 3136 φύσις
772 3081 785 3096 ·
809 3064 953 3134 ἁπλῆ
978 3065 1086 3135 γάρ
1109 3066 1225 3118 ἐστι
1252 3065 1346 3119 καὶ
1366 3064 1679 3129 ἀσύνθετος·
1705 3065 1818 3119 ἀλλ’
1835 3065 2021 3137 ἐπειδὴ

346 3166 357 3177 ⁸
448 3164 479 3217 6
503 3161 634 3225 Θεὸς
662 3161 852 3215 ἐαυτὸν
870 3160 1012 3227 οὑτω
1037 3160 1315 3232 γνωρίζει,
1339 3162 1399 3216 οὐ
1426 3164 1569 3217 κατά
1595 3161 1695 3233 τὴν
1722 3161 1871 3233 αὑτῷ
1894 3163 2023 3234 πρέ-

451 3274 660 3313 πουσαν
684 3256 863 3323 ἀξίαν,
883 3257 1018 3312 ἀλλά
1044 3258 1185 3312 κατά
1208 3258 1307 3329 τὴν
1332 3258 1558 3329 δύναμιν
1581 3258 1687 3313 τῶν
1724 3259 2022 3330 μελλόντων

450 3353 743 3410 ἀπολαύειν
765 3355 864 3426 τῆς
887 3354 1083 3424 ὅψεως.
1112 3355 1348 3425 Μωῦσῆς
1376 3354 1531 3419 δόξαν
1557 3355 1782 3424 ἔφθασε,
1812 3357 1903 3409 καὶ
1924 3357 2024 3427 τὴν

450 3450 609 3517 δόξαν
633 3451 730 3521 οὑχ
757 3448 1020 3520 ὑπερέϐη.
1039 3449 1147 3501 Καὶ
1172 3448 1256 3513 σὺ,
1281 3449 1543 3519 αἰρετικέ,
1568 3450 1666 3518 τὴν
1689 3450 1847 3514 δόξαν
1866 3450 2027 3520 ὑπερ-

453 3550 576 3615 ϐἀς,
596 3549 784 3603 οὐσίαν
807 3548 943 3601 Θεοῦ
968 3546 1441 3618 πολυπραγμονεῖς
1464 3566 1479 3613 ;
1516 3546 1799 3617 Ἐλθωμεν
1819 3549 1913 3602 καὶ
1932 3548 2025 3601 έπὶ

454 3646 548 3700 τὸν
578 3645 844 3717 μακάριον
860 3644 1098 3718 Παῦλον.
1121 3642 1332 3707 Παῦλος
1357 3646 1415 3697 ἐν
1440 3645 1506 3715 τῇ
1528 3644 1640 3716 Νέᾳ
1655 3645 2022 3708 Καταστάσει,

364 3760 377 3765 “
456 3742 699 3812 ἐγκύψας
751 3744 999 3814 μερικαῖς
1041 3757 1180 3793 τισιν
1222 3740 1552 3809 οἰκονομίαις
1583 3739 1678 3793 τοῦ
1731 3740 1888 3802 Θεοῦ,
1930 3742 2026 3795 καὶ

458 3841 647 3910 ὥσπερ
676 3838 981 3908 ἰλιγγιάσας
1009 3838 1077 3890 τά
1103 3834 1240 3907 βάθη
1270 3835 1371 3907 τῆς
1397 3836 1625 3902 ἐννοίας,
1649 3835 1748 3907 τὴν
1783 3836 2026 3909 μεγάλην

358 3962 371 3979 ι
459 3937 675 4009 ἐκείνην
714 3936 811 3990 καὶ
852 3934 1169 4004 ἐκπλήξεως
1201 3934 1477 4004 γέμουσαν
1517 3933 1780 4006 ἀνεϐόησε
1810 3936 2023 4006 φωνὴν,

460 4030 564 4091 ὧδέ
619 4053 696 4108 πη
741 4034 916 4102 λέγων
935 4050 949 4064 ο
991 4028 1059 4087 Ὦ
1098 4032 1293 4098 ,βάθος
1342 4032 1610 4087 πλούτου
1657 4035 1880 4102 σοφίας
1927 4034 2025 4091 καί

461 4138 735 4211 γνώσεως
764 4130 946 4191 Θεοῦί
972 4136 1052 4200 ὡς
1081 4134 1518 4202 ἀνεξερεύνητα
1547 4134 1621 4189 τὰ
1652 4137 1905 4205 κρίματα
1923 4139 2028 4192 αὐ-

460 4240 587 4306 τοῦ,
610 4237 711 4292 καί
733 4236 1175 4304 ἀνεξιχνίαστοι
1194 4237 1254 4287 al
1270 4233 1396 4289 ὁδοί
1410 4234 1622 4289 αὑτοῦ]
1639 4236 1734 4302 Τίς
1751 4235 1860 4306 τὰρ
1876 4238 2028 4308 ἔγνω

460 4342 611 4398 γοῦν
637 4340 894 4409 Κυρίου;
923 4338 959 4407 ἢ
989 4339 1079 4402 τίς
1102 4337 1447 4405 σύμϐουλος
1472 4336 1658 4392 αὐτοῦ
1688 4337 1960 4406 ἐγένετο;
1986 4337 2026 4406 ἢ

461 4448 553 4512 τίς
580 4442 915 4512 προέδωκεν
931 4433 1112 4505 αὐτῷ,
1136 4440 1237 4493 καί
1263 4439 1811 4506 ἀνταποδοθήσεται
1838 4441 2026 4507 αὐτῷ;

364 4568 367 4573 ⁷
463 4546 572 4601 Kal
599 4544 661 4596 τὸ
687 4542 838 4604 τέλος
863 4539 957 4593 τοῦ
990 4539 1150 4608 λόγου
1168 4556 1182 4571 ο
1212 4541 1341 4593 Ὅτι
1374 4540 1444 4605 ἐξ
1470 4540 1658 4594 αὐτοῦ
1685 4543 1782 4597 καὶ
1822 4542 1899 4597 δι’
1924 4546 2029 4598 αὑ-

465 4648 569 4702 τοῦ
591 4645 689 4700 καί
707 4646 795 4711 εις
818 4643 1001 4696 αὐτὸν
1021 4640 1093 4694 τὰ
1121 4641 1315 4695 πάντα
1329 4657 1343 4672 ·
1372 4641 1532 4707 αὐτῷ
1548 4643 1587 4711 ἡ
1612 4643 1760 4709 δόξα
1778 4647 1865 4712 εις
1891 4644 2030 4710 τοὺς

463 4745 702 4812 αἰῶνας.
740 4744 902 4817 Ὁρᾷς
927 4743 1009 4796 ὅτι
1038 4743 1117 4805 είς
1143 4741 1240 4811 τὴν
1264 4741 1420 4808 δόξαν
1446 4742 1614 4797 ἐλθὼν
1636 4743 1730 4797 τοῦ
1754 4744 1910 4817 Θεοῦ,
1941 4745 2030 4798 τὸν

463 4844 584 4913 ὅρον
600 4810 699 4912 οὑῂχ
719 4810 818 4895 ὑπέ
828 4810 990 4913 ρέϐης
1014 4839 1121 4894 Καὶ
1142 4810 1205 4893 τί
1217 4840 1343 4910 περὶ
1362 4838 1661 4910 ἀνθρώπων
1685 4810 1827 4909 λέγω
1845 4858 1859 4907 ;
1878 4841 2031 4895 ’Δνά-

464 4948 592 5019 ϐηθι
628 4947 766 5019 πρὸς
791 4948 861 5001 τά
890 4946 1237 5019 ὑπερκόσμια
1269 4948 1333 5018 τῇ
1367 4945 1572 5018 ἐννοίᾳ·
1605 4946 1878 5018 ἐρώτησον
1906 4950 2031 5013 τοὺς

464 5054 722 5126 οὐρανοὺς
738 5052 833 5107 καὶ
847 5053 987 5106 εἰπέ·
1011 5052 1075 5105 Τί
1103 5069 1191 5123 μοι
1215 5052 1341 5122 περὶ
1358 5051 1805 5122 Θεοῦςάναγγέλλε
1813 5071 1859 5105 ιν
1875 5052 2025 5109 δύνα-

467 5161 593 5226 σθες
622 5160 861 5232 οὐρανοὶ,
888 5158 1213 5229 διηγήσασθέ
1236 5176 1326 5232 μοι
1347 5159 1591 5224 ποταπὸς
1613 5161 1642 5214 6
1665 5158 1794 5225 Θεός
1810 5175 1824 5190 ο
1855 5161 2033 5229 ἀπαγ-

464 5255 681 5327 γείλατέ
711 5271 800 5326 μοι
827 5254 880 5308 τί
909 5256 1056 5308 ἐστιν
1074 5255 1231 5327 οὐσίᾳ
1253 5258 1281 5310 6
1306 5262 1458 5320 Θεος.
1497 5257 1636 5311 Ἀλλ’
1663 5257 1763 5310 οὑκ
1800 5256 2031 5328 ἀποκρί-

470 5367 646 5408 νονται
677 5352 727 5406 οί
771 5352 1010 5422 οὐρανοὶ,
1041 5352 1170 5421 περὶ
1213 5353 1323 5405 τῶν
1361 5353 1637 5409 ἀδυνάτων
1665 5353 2030 5426 ἐρωτώμενοι.

478 5452 638 5507 ’Λλλά
662 5452 766 5507 κᾶν
797 5449 970 5505 ταῦτα
994 5449 1283 5521 τολμηρῶς
1315 5454 1696 5528 ἐπερωτήσῃς,
1728 5454 2032 5525 ἀποκριθή-

468 5571 621 5609 σεται
644 5553 733 5609 διά
761 5554 856 5607 τοῦ
885 5554 1183 5625 θαυμασίου
1213 5553 1475 5625 Ἱερεμίου
1501 5556 1560 5611 τὸ
1588 5559 1728 5611 θεῖον
1752 5562 1925 5614 ἐκεῖνο
1948 5559 2035 5613 λό-

471 5667 625 5719 γιον*
663 5652 946 5721 Ἕρριεεν
995 5650 1251 5720 οὐρανὸς
1299 5652 1395 5706 ἐπὶ
1440 5653 1632 5709 τοῦτο.
1668 5656 1879 5727 Φρίττει
1925 5659 2033 5729 γὰρ

1942 294 2055 351 1Νο
2065 293 2222 351 ΕΙίΤΙ

3572 303 3683 356 618

2107 416 2165 467 ού
2177 416 2333 485 ρανὸς
2366 417 2601 488 ἀληθῶς,
2621 420 2750 473 ὅταν
2776 419 2860 490 ἴδῃ
2893 419 2990 487 τὴν
3015 419 3166 473 θείαν
3196 417 3676 489 πολυπραγμονου-

2108 513 2276 582 μένην
2307 514 2489 580 φύσιν.
2530 504 2899 587 Ἀντικρούσει
2927 517 2984 570 δὲ
3013 519 3110 573 καὶ
3133 519 3163 570 6
3195 517 3466 588 μακάριος
3497 514 3679 577 Δαυῖδ,
3738 537 3763 553 ~

2104 609 2203 680 τὴν
2223 610 2459 683 ἄμετρον
2473 612 3007 683 πολυπραγμοσύνην
3027 612 3291 678 κολάζων,
3304 615 3398 667 καὶ
3414 615 3548 684 ἐρεῖ,
3565 614 3682 666 Οὐκ

2105 707 2363 776 ἤκουσας.
2404 709 2487 761 ὅτι
2527 712 2591 763 Ol
2632 710 2877 777 οὐρανοί
2903 710 3248 780 διηγοῦνται
3320 710 3481 780 φύσιν
3520 709 3681 773 Θεοῦ,

2107 802 2261 865 ἀλλά,
2314 804 2506 869 Δόξαν
2561 806 2727 860 Θεοῦ.
2780 806 2894 860 Οὑκ
2946 808 3105 871 αὑτός
3130 807 3327 861 σοιδιά
3380 808 3479 877 τῆς
3522 806 3684 874 ἁγίας

2106 899 2336 967 κιθάρας
2354 900 2663 970 ἀνεϐόησεν.
2682 902 2762 955 ὅτι
2785 905 2849 955 Ol
2872 902 3114 971 οὐρανοί
3133 902 3473 971 διηγοῦνται
3496 901 3685 965 δόξαν

2110 994 2277 1059 Θεοῦ,
2294 997 2355 1049 οὑ
2387 995 2547 1064 φύσιν
2572 996 2738 1063 Θεοῦ;
2762 999 2877 1052 Οὑκ
2897 999 3085 1052 οὐσίαν
3112 998 3523 1071 ἑρμηνεύουσιν,
3545 997 3683 1051 ἀλλὰ

2107 1090 2264 1155 δόξαν
2309 1090 2444 1144 Θεοῦ
2497 1092 2936 1167 ἀναγγέλλουσιν.
2976 1092 3135 1148 Ἀλλά
3181 1096 3255 1166 μὴ
3309 1095 3537 1167 νομίζῃς
3581 1094 3685 1158 τάς

2108 1187 2508 1259 ὑπερκοσμίους
2555 1166 2829 1261 δυνάμεις¹
2847 1192 3040 1246 εἰδέναι
3072 1209 3124 1245 τι
3155 1192 3336 1245 πλέον.
3379 1192 3684 1261 Ἐρώτησον

2108 1287 2393 1357 ἀγγέλους,
2433 1288 2706 1360 ἐρώτησον
2731 1291 2894 1359 λέγω,
2920 1291 3020 1345 οὐκ
3060 1292 3247 1363 ἐπειδὴ
3290 1290 3686 1363 ἐπιτέτραπταί

2112 1386 2264 1461 [69.4]
2285 1405 2368 1443 σοι
2388 1390 2738 1461 προσομιλεῖν
2754 1394 2875 1456 ταῖς
2897 1393 3013 1448 ἀνω
3026 1393 3342 1464 δυνάμεσιν,
3360 1393 3474 1446 ἀλλ’
3493 1393 3686 1462 ἐπειδὴ

2109 1489 2175 1541 ἐκ
2201 1489 2309 1557 τῆς
2330 1489 2552 1560 Γραφῆς
2578 1490 2722 1561 ἔχεις
2751 1491 2819 1545 τά
2851 1494 3145 1564 φάρμακα,
3179 1493 3274 1546 καὶ
3307 1492 3378 1545 τά
3409 1492 3690 1563 ἐπιστομί-

2111 1587 2272 1651 ζοντά
2300 1606 2392 1643 σου
2418 1592 2516 1664 τὴν
2538 1592 2867 1665 θρασύτητα.
2895 1594 3200 1665 Ἐρώτησον
3227 1596 3355 1658 τοὺς
3383 1594 3649 1664 ἀγγέλους
3672 1614 3685 1627 ·

2112 1687 2386 1761 ἐρώτησον
2428 1691 2558 1744 ὅταν
2597 1693 2714 1764 ἴδῃς
2764 1695 2962 1758 αὐτοὺς
3004 1694 3097 1749 ἐπὶ
3134 1696 3240 1766 γῆς
3288 1694 3611 1766 χορεύοντας
3651 1695 3687 1766 ἢ

2112 1789 2502 1860 ἀνυμνοῦντας.
2538 1793 2673 1848 Είπέ
2715 1795 2918 1859 αὐτοῖς’
2955 1796 3021 1849 Τί
3056 1796 3249 1850 ,καινὸν
3285 1796 3601 1860 διδάσκετε;
3635 1796 3691 1848 τί

2114 1889 2262 1956 ξένον
2282 1891 2683 1961 ἀπαγγέλλετε;
2712 1896 2803 1947 καὶ
2834 1895 3032 1960 εὐθέως
3057 1897 3085 1949 6
3109 1895 3250 1960 θεῖος
3273 1894 3429 1967 χορὸς
3455 1896 3691 1964 ἀποκρι-

2114 1984 2338 2056 θήσεταί
2358 2004 2439 2040 σοι
2469 1988 2556 2041 διά
2583 1990 2690 2044 τῶν
2710 1990 2867 2044 θείων
2890 1991 3231 2060 Εὑαγγελίων
3250 2009 3264 2023 '
3286 1993 3441 2056 Δόξα
3459 1993 3525 2046 ὲν
3552 1994 3692 2061 ὑψί-

2114 2098 2283 2148 στοις
2330 2083 2470 2150 Θεῷ,
2520 2085 2620 2139 καὶ
2673 2085 2771 2139 ἐπὶ
2819 2084 2930 2156 γῆς
2958 2087 3203 2156 ειρήνη,
3249 2087 3321 2140 έν
3360 2087 3694 2155 ἀνθρώποις

2114 2177 2379 2233 εὐδοκία.
2399 2175 2602 2232 Ἦλθον
2630 2180 2724 2234 ἐπὶ
2755 2182 2856 2252 γῆς
2888 2181 3126 2251 ἄγγελοι,
3154 2182 3249 2237 καὶ
3271 2176 3370 2252 τῆς
3388 2182 3543 2252 δόξης
3562 2183 3693 2245 τοὺς

2115 2275 2272 2346 ὄρους
2301 2275 2398 2345 οὑχ
2430 2276 2805 2346 ὑπερέϐησαν·
2838 2278 2932 2331 καὶ
2968 2278 3232 2349 αἱρετικοὶ
3271 2276 3492 2341 τούτους
3523 2278 3694 2346 ὑπερε-

2119 2370 2323 2425 ϐαίνειν
2346 2373 2446 2426 οὐκ
2476 2370 2749 2444 ὤκνησαν.
2780 2373 2940 2429 Ἀλλά
2972 2374 3046 2445 μή
3069 2390 3124 2427 τι
3160 2375 3214 2426 al
3247 2371 3507 2427 ἀνωτάτω
3531 2372 3694 2426 δυνά⁹

2121 2484 2263 2538 μεις,
2288 2468 2346 2520 αἱ
2373 2468 2515 2541 ὑπὲρ
2537 2469 2662 2533 τοὺς
2690 2468 2954 2537 ἀγγέλους
2975 2487 2989 2536 ;
3014 2469 3159 2538 λέγω
3185 2469 3252 2540 δὴ
3274 2470 3332 2523 al
3354 2469 3462 2522 τῶν
3483 2469 3694 2539 ἀρχαγσ

2117 2562 2313 2631 γέλων.
2341 2564 2464 2618 Είσὶ
2493 2563 2551 2618 δέ
2590 2566 2796 2619 ἐκεῖναι
2831 2564 3022 2635 φύσεις
3051 2564 3479 2636 διακεκριμέναι.
3523 2561 3693 2634 Ἐρώ-

2119 2676 2281 2731 τησον
2313 2661 2382 2714 τὰ
2423 2661 2723 2733 Χερουϐὶμ,
2758 2662 2851 2716 τὸν
2876 2662 3151 2734 βασιλικὸν
3185 2662 3408 2732 θρόνον
3445 2663 3511 2714 '0
3546 2662 3692 2715 καθ-

2118 2754 2337 2825 ήμενος
2359 2756 2457 2811 ἐπὶ
2485 2756 2604 2811 τῶν
2628 2759 2933 2829 Χερουϐὶμ,
2957 2757 3274 2829 ἐμφάνηθι.
3300 2756 3604 2829 Ἐρώτησον
3623 2754 3692 2808 τὰ

2117 2851 2400 2922 Χερουϐὶμ
2429 2852 2507 2915 ὡς
2544 2853 2731 2925 θρόνον
2762 2853 3138 2925 σαπφείρινον,
3171 2854 3266 2907 καὶ
3305 2854 3364 2906 ἐν
3402 2852 3479 2923 τῷ
3519 2852 3695 2922 θρόνῳ

2120 2945 2429 3018 καθήμενον
2471 2948 2546 3013 ὡς
2575 2949 2825 3020 ὁμοίωμα
2857 2948 2989 3004 Υίοῦ
3034 2948 3342 3020 ἀνθρώπου.
3387 2948 3499 3002 Καὶ
3540 2946 3695 3017 φωνὴ

2120 3042 2337 3111 ἐγένετο
2379 3044 2487 3098 τῶν
2517 3044 2828 3115 Χερουϐὶμ,
2870 3046 2946 3111 ὼς
2987 3045 3195 3101 ὑδάτων
3231 3044 3440 3099 πολλῶν
3474 3044 3654 3114 βοῶσα
3676 3057 3691 3071 ·

2121 3139 2512 3209 Εὐλογημένη
2529 3141 2569 3209 ή
2591 3140 2741 3206 δόξα
2765 3117 2985 3210 Κυρίδυ
3009 3141 3079 3196 ἐκ
3102 3141 3208 3197 τοῦ
3230 3142 3419 3197 τόπου
3446 3137 3655 3205 αὐτῆς.

2189 3235 2252 3291 δ’.
2293 3237 2456 3307 Ὁρᾷς
2478 3237 2572 3291 καὶ
2597 3238 2706 3292 τῶν
2724 3239 3004 3310 Χερουϐὶμ
3025 3238 3124 3310 τὴν
3150 3236 3472 3301 εὑλάϐειαν;
3498 3233 3695 3302 Ἔφθαο

2123 3350 2215 3387 σεν
2243 3334 2323 3397 είς
2349 3333 2527 3397 δόξαν,
2560 3335 2656 3387 καὶ
2683 3336 2781 3405 οὐχ
2826 3334 3068 3407 ὑπερέϐη
3114 3335 3206 3389 τὸν
3235 3336 3381 3406 ὅρον.
3422 3335 3691 3399 Εὐλογη-

2117 3431 2270 3500 μένη
2311 3430 2350 3498 ἠ
2396 3430 2545 3496 δόξα
2583 3433 2821 3499 Κυρίου.
2852 3432 2962 3487 Καὶ
3015 3433 3161 3496 πῶςς
3205 3433 3307 3486 Ἐκ
3354 3428 3460 3485 τοῦ
3506 3428 3711 3482 τόπουι

2122 3525 2312 3595 αὐτῆς
2328 3543 2344 3558 ο
2367 3527 2454 3580 ἵνα
2480 3526 2626 3598 δείξῃ
2653 3543 2755 3588 σοι,
2781 3528 2862 3580 ὅτι
2882 3527 2975 3582 καὶ
2998 3527 3056 3580 ἐν
3076 3528 3188 3589 τοῖς
3213 3524 3483 3597 οὐρανίοις
3510 3524 3696 3584 τόποις

2125 3622 2422 3687 αὐλίζεται,
2451 3621 2544 3676 καὶ
2573 3623 2705 3676 πολὺ
2737 3623 3072 3695 ὑψηλοτέραν
3103 3622 3213 3676 τῶν
3247 3620 3512 3693 οὐρανίων
3539 3618 3691 3673 δυνά·

2129 3735 2274 3789 μεων
2303 3717 2397 3772 καὶ
2438 3718 2684 3789 ἀοράτων
2720 3718 3042 3791 ὑπέρκειται
3078 3716 3177 3788 τὴν
3210 3715 3388 3781 ἀξίαν.
3420 3714 3495 3769 Οὑ
3532 3712 3679 3783 φθέγ⁹

2125 3832 2311 3885 γονται
2337 3814 2413 3878 ὡς
2442 3814 2851 3885 πλησιάζοντες,
2880 3814 2995 3868 ἀλλ’
3022 3813 3098 3879 ὡς
3119 3800 3307 3885 πόρῤω
3328 3811 3694 3883 ἀφεστηκότες

2124 3910 2222 3982 τῆς
2242 3910 2391 3975 θείας
2413 3910 2566 3976 ἀξίας
2580 3928 2594 3943 '
2618 3911 3007 3981 Εὐλογημένη
3032 3912 3069 3981 ἠ
3090 3910 3239 3976 δόξα
3257 3910 3476 3978 Κυρίου
3502 3907 3571 3962 ἐκ
3591 3904 3696 3960 τοῦ

2125 4010 2313 4063 τόπου
2344 4008 2554 4076 αὐτῆς.
2579 4008 2689 4079 Οὐχ
2711 4009 2791 4063 ὅτι
2814 4009 2977 4067 τόπον
3010 4007 3123 4079 ἔχει
3144 4025 3158 4039 ·
3194 4006 3372 4061 πάντα
3408 4004 3517 4075 γάρ
3544 4020 3697 4074 περι·

2126 4106 2326 4175 γράφει
2356 4107 2519 4161 τόπον
2537 4123 2550 4135 ·
2573 4105 2709 4160 ἀλλά
2738 4106 2900 4160 τόπον
2927 4104 3061 4160 Θεοῦ
3088 4105 3243 4160 καλεῖ
3262 4105 3360 4177 τὴν
3390 4105 3520 4175 περὶ
3538 4103 3695 4157 αὑτὸν

2129 4199 2305 4264 ἀξίαν.
2320 4197 2473 4265 Εἶδες
2496 4203 2605 4256 τῶν
2615 4201 2891 4273 Χερουϐὶμ
2907 4202 3000 4256 καὶ
3020 4201 3204 4273 φωνήν
3223 4197 3639 4268 ;Εὑλογημένη
3657 4198 3694 4264 ἡ

2128 4294 2279 4359 δόξα
2300 4299 2539 4366 Κυρίου.
2568 4298 2679 4353 Καὶ
2705 4296 3041 4352 οὑδένλπλέον
3062 4295 3369 4368 ἀνήγγειλε.
3388 4297 3480 4348 Δεῖ
3498 4295 3607 4364 γάρ
3638 4310 3695 4345 σε

2130 4391 2314 4464 κύκλῳ
2352 4393 2696 4465 παρεστῶτα,
2728 4394 2927 4448 εἰδέναι
2960 4393 3031 4448 τά
3055 4394 3148 4449 τοῦ
3173 4392 3309 4446 Θεοῦ
3346 4389 3691 4459 καταγγέλια.

2133 4490 2213 4545 Τὰ
2249 4490 2357 4561 γὰρ
2390 4489 2650 4559 Σεραφὶμ
2673 4488 2936 4557 εἱστήκει
2956 4489 3165 4554 κύκλῳ
3194 4486 3399 4543 αὐτοῦ.
3429 4486 3495 4538 Τί
3522 4484 3697 4539 τοίνυν

2133 4588 2322 4658 μαθεῖν
2347 4586 2460 4640 ἐστι
2481 4587 2609 4657 παρ’
2637 4585 2823 4656 ὑμῶνς
2847 4586 2939 4657 Μὴ
2966 4584 3269 4655 κωλύσητε.
3299 4582 3438 4636 Ἀλλ’
3465 4583 3582 4653 ἐρεῖ
3600 4581 3698 4634 κά·

2130 4686 2304 4750 κεῖνα,
2331 4683 2413 4737 ὅτι
2439 4681 2543 4736 κᾶν
2578 4682 2934 4754 ὑπερέχωμεν
2964 4683 3064 4752 τὴν
3093 4680 3267 4746 ἀξίαν,
3300 4678 3415 4733 ἀλλ’
3445 4676 3698 4745 ἐπιγινώ-

2132 4804 2334 4858 σκομεν
2358 4786 2514 4858 ἡμῶν
2544 4786 2645 4857 τῆς
2669 4785 2884 4854 φύσεως
2918 4786 3047 4850 τοὺς
3070 4785 3249 4857 ὅρους,
3287 4784 3379 4838 καὶ
3407 4783 3504 4853 οὐχ
3536 4784 3699 4853 ὑπερ-

2116 4891 2390 4964 ’πηδῶμεν
2426 4892 2496 4945 τά
2537 4891 2709 4963 μέτρα
2736 4890 2835 4961 τῆς
2871 4889 3161 4960 γνώσεως*
3202 4890 3265 4942 ού
3295 4888 3701 4959 πολυπραγμο-

2131 4988 2328 5060 νοῦμεν
2371 4988 2527 5060 ἡμῶν
2555 4988 2647 5042 τὺν
2685 4989 2964 5052 κτίσαντα,
3004 4986 3067 5040 οὑ
3106 4984 3578 5057 περιεργαζόμεθα
3609 4983 3702 5037 τὸν

2130 5086 2456 5157 τιμήσαντα.
2484 5084 2716 5154 Οἴδαμεν
2737 5084 2836 5155 τὴν
2866 5081 3248 5152 ἀκατάληπτον
3274 5079 3457 5149 φύσιν,
3488 5081 3572 5133 ὅτι
3605 5079 3703 5147 οὑχ

2132 5180 2491 5236 ὑποϐάλλεται
2524 5178 2810 5252 ζητήσειε,
2839 5179 2900 5232 ού
2923 5177 3162 5232 δουλεύει
3188 5178 3461 5248 λογισμῶν
3483 5176 3704 5230 ἀκολου-

2132 5277 2274 5342 θίαις
2290 5294 2306 5309 ο
2332 5276 2586 5348 ὑπερέχει
2619 5276 2798 5329 πᾶσαν
2822 5274 2959 5346 ὁμοῦ
2988 5274 3083 5329 καὶ
3113 5273 3408 5345 ἀγγελικὴν
3430 5272 3704 5328 κατάστα-

2135 5391 2219 5428 σιν
2248 5373 2343 5426 καὶ
2375 5370 2742 5445 ὑπερκόσμιον
2765 5369 2970 5424 ἔννοιαν
2995 5370 3091 5424 καὶ
3108 5371 3288 5425 πᾶσαν
3312 5368 3707 5441 ὑπερουράνιον

2131 5468 2358 5539 δύναμιν
2387 5468 2423 5538 ἡ
2454 5465 2581 5534 δόξα
2608 5464 2704 5520 τοῦ
2743 5464 3239 5537 προσκυνουμένου.
3285 5465 3384 5521 Διά
3412 5463 3573 5519 τοῦτο
3611 5462 3707 5518 καὶ

2195 5665 2220 5695 ⁸
2242 5664 2359 5716 Cod.
2393 5665 2601 5723 ζήτησιν.
2625 5661 2782 5716 Cotel.
2812 5661 2941 5724 conj.
2968 5662 3241 5720 ζητήσεσιν.
