3958 6186
240 344 259 361 κ
358 328 467 384 617

358 446 419 499 iu
444 444 596 509 rubo,
627 442 755 498 vidit
790 458 910 499 eum
937 457 1001 496 ex
1029 452 1212 498 monte
1241 440 1391 509 Sina,
1423 441 1554 497 vidit
1580 456 1702 498 eum
1724 440 1950 495 diversis

357 535 420 591 in
450 536 580 592 locis
602 544 971 606 apparentem,
994 546 1048 591 et
1063 536 1224 591 variis
1246 534 1418 591 modis
1436 535 1771 606 praesentiain
1800 549 1949 590 suain

354 629 709 696 iudicantem,
740 637 798 683 at
825 628 1012 685 beatus
1061 628 1152 684 ille
1189 629 1402 702 Moyses
1446 628 1617 701 ipsam
1647 628 1828 682 videre
1857 642 1952 682 cu-

354 720 543 791 piebat
566 728 771 776 natura:
801 719 1047 776 formam.
1070 720 1201 776 Nam
1224 720 1388 776 homo
1401 733 1521 775 eum
1536 726 1702 785 esset,
1723 718 1950 773 humana

354 814 433 870 de
459 828 686 885 superna
709 814 799 869 illa
840 813 1037 870 virtute
1056 814 1461 885 imaginabatur.
1495 813 1634 868 Deus
1658 822 1834 867 autem
1856 812 1952 867 de-

354 907 617 962 siderium
647 905 822 961 ﬁdelis
852 904 1032 961 famuli
1074 905 1423 977 approbavit,
1461 903 1714 974 ﬂexitque
1762 904 1951 957 huma-

353 1013 490 1053 num
513 997 759 1053 allectum
802 996 1150 1067 impossibilia
1179 995 1505 1067 cupientem.
1548 995 1686 1065 Quid
1716 996 1860 1050 enim
1876 997 1952 1051 ait

353 1090 481 1143 illi?
512 1088 677 1145 Nemo
723 1089 907 1144 ridebit
936 1089 1117 1163 faciem
1150 1104 1313 1143 meam
1354 1097 1403 1143 et
1444 1091 1571 1144 viret
1621 1085 1827 1159 (Exod.
1856 1088 1946 1143 55.

348 1182 476 1252 20).
506 1182 873 1238 Desideratum
925 1196 1032 1237 non
1080 1183 1225 1252 capit
1270 1182 1440 1237 virtus
1483 1180 1945 1237 desiderantium:

352 1287 471 1326 non
506 1271 609 1326 l‘ert
636 1273 878 1328 mortalis
905 1273 1093 1327 oculus
1121 1270 1476 1326 immortalem
1506 1281 1773 1326 naturam.
1807 1270 1945 1338 Quid

348 1376 510 1434 ergo,
539 1362 1068 1433 Domine?relinquis
1096 1363 1214 1418 sine
1242 1362 1435 1418 solatio
1480 1377 1742 1430 amorem,
1774 1377 1837 1416 ac
1881 1376 1949 1416 ne

349 1457 601 1510 umbram
654 1456 869 1526 quidem
922 1456 1130 1525 praebes
1171 1455 1459 1522 desiderii,
1506 1457 1556 1511 ei
1605 1457 1695 1527 qui
1745 1465 1946 1510 tantum

348 1561 595 1601 amorem
635 1548 814 1601 animo
852 1546 1141 1618 concepit?
1185 1546 1543 1616 Quamobrem
1570 1549 1644 1602 ait
1675 1563 1691 1601 :
1719 1545 1867 1602 Pono
1894 1549 1947 1601 in

349 1648 525 1708 petra,
555 1646 602 1691 et
645 1652 853 1710 pratego
878 1654 1033 1691 manu
1069 1653 1180 1693 mea
1206 1653 1227 1690 :
1255 1646 1302 1692 et
1342 1654 1457 1692 eum
1502 1637 1734 1693 transibit
1782 1639 1949 1711 gloria

345 1745 490 1794 mea,
518 1727 705 1783 ridebis
746 1730 1026 1799 posteriora
1064 1742 1086 1780 :
1142 1729 1400 1783 anteriora
1439 1744 1557 1785 vero
1611 1746 1713 1785 non
1762 1732 1949 1786 videbis

348 1821 554 1883 (Exod.
578 1822 667 1877 ‘55.
690 1820 783 1875 22.
807 1820 925 1893 25).
952 1820 1072 1876 Non
1092 1820 1245 1887 dixit,
1282 1820 1415 1877 Cum
1443 1822 1797 1892 pertransibo,
1828 1823 1944 1890 sed,

349 1914 485 1969 Cum
510 1914 740 1968 transibit
764 1915 931 1985 gloria
955 1930 1087 1969 mea.
1116 1912 1231 1969 Non
1262 1914 1406 1969 enim
1432 1914 1579 1982 licet,
1629 1925 1948 1986 praetergre-

349 2006 555 2061 diendo
596 2006 823 2077 gloriam
849 2046 866 2072 ,
911 2006 1198 2061 essentiam
1250 2006 1511 2077 reperire.
1560 2006 1771 2079 Moyses
1814 2008 1947 2063 nihil

352 2099 482 2169 plus
505 2112 662 2168 quam
686 2097 913 2169 gloriam
942 2098 1166 2164 invenit,
1216 2112 1390 2169 neque
1414 2096 1561 2153 illam
1593 2105 1759 2153 totam
1786 2097 1943 2164 vidit,

358 2190 459 2246 sed
480 2191 731 2246 dorsum:
763 2205 873 2245 non
899 2189 1041 2261 quod
1072 2190 1235 2245 dorso
1260 2199 1315 2245 et
1341 2199 1558 2260 pectore
1582 2189 1847 2246 delineata
1874 2192 1946 2246 sit

352 2283 536 2339 divina
556 2294 745 2340 natura
777 2299 795 2338 :
826 2284 1050 2354 simplex
1074 2284 1217 2340 enim
1246 2292 1330 2340 est
1352 2293 1405 2340 et
1434 2284 1820 2355 incomposita;
1850 2285 1944 2340 sed

346 2376 480 2447 quia
499 2376 640 2431 Deus
655 2376 734 2431 sic
748 2389 811 2431 se
825 2376 1255 2447 cognoscendum
1273 2375 1499 2446 praebet,
1526 2391 1631 2430 non
1650 2374 1943 2432 secundum

346 2467 458 2521 sibi
481 2475 866 2537 congruentem
893 2465 1227 2538 dignitatem,
1256 2466 1352 2521 sed
1392 2466 1688 2522 secundum
1726 2466 1947 2523 inculta-

346 2567 464 2612 tem
490 2572 702 2624 eorum,
728 2558 820 2628 qui
843 2556 1019 2628 ipsum
1044 2556 1211 2612 visuri
1229 2565 1373 2612 sunt.
1398 2556 1607 2630 Moyses
1635 2557 1701 2613 ad
1721 2558 1943 2627 gloriam

346 2649 596 2721 pertigit,
622 2657 677 2704 et
696 2649 922 2719 gloriam
950 2664 1056 2703 non
1086 2662 1466 2719 supergressus
1496 2658 1578 2704 est
1606 2658 1701 2704 :at
1730 2657 1806 2716 tu,
1837 2649 1948 2704 ha:-

351 2741 550 2806 retice,
574 2740 802 2812 gloriam
827 2748 1212 2811 transgressus,
1240 2738 1593 2795 substantiam
1620 2739 1714 2796 Dei
1734 2741 1946 2797 curiose

344 2834 649 2889 scrutaris?
688 2833 977 2889 Veniamus
1016 2843 1073 2889 et
1107 2833 1175 2888 ad
1201 2833 1412 2889 beatum
1449 2834 1694 2891 Paulum.
1747 2833 1945 2891 Paulus

346 2928 410 2981 in
434 2926 587 2983 Novo
605 2924 951 2981 Testamento
969 2967 984 2992 ,
1031 2940 1153 2981 cum
1182 2925 1549 2983 consideraret
1594 2927 1945 2998 particulares

342 3018 612 3091 quasdam
652 3018 747 3075 Dei
788 3017 1233 3089 dispensationes,
1262 3017 1416 3090 quasi
1453 3019 1716 3089 vertigine
1754 3028 1945 3089 captus

346 3114 405 3167 in
435 3109 706 3182 profundo
731 3109 1089 3181 cogitationis,
1115 3119 1336 3180 stupore
1355 3110 1565 3180 plenam
1595 3125 1779 3166 vocem
1804 3113 1943 3167 emi-

343 3205 420 3257 sit
446 3203 539 3257 his
562 3202 787 3258 verbis:
823 3220 845 3256 ι
879 3200 925 3258 0
949 3200 1177 3257 altitudo
1214 3200 1518 3256 divitiarum
1565 3203 1842 3271 sapientia:
1888 3211 1943 3257 et

342 3296 594 3351 scientia:
627 3296 740 3361 Dei,
768 3310 929 3366 quam
977 3292 1538 3363 incomprehensibilia
1566 3302 1692 3347 sunt
1739 3275 1940 3363 judicia

341 3390 486 3461 ejus,
519 3397 579 3443 et
601 3385 999 3457 investigabiles
1021 3387 1121 3441 via:
1156 3384 1308 3455 ejusl
1333 3383 1465 3452 Quis
1500 3385 1645 3440 enim
1692 3387 1943 3455 cognovit

340 3498 571 3540 sensum
599 3481 850 3537 Domini?
877 3489 972 3536 aut
1008 3478 1128 3551 quis
1156 3477 1494 3535 consiliarius
1537 3479 1655 3547 ejus
1679 3476 1810 3533 fuit?
1852 3487 1945 3533 aut

342 3580 467 3650 quis
486 3578 641 3649 prior
658 3575 809 3633 dedit
831 3575 908 3631 illi
927 3617 944 3644 ,
966 3582 1021 3631 et
1050 3572 1376 3631 retribuetur
1393 3571 1442 3628 ei
1474 3589 1495 3624 ι
1527 3570 1704 3644 (Rom.
1733 3572 1760 3627 ι
1776 3573 1793 3627 l
1808 3611 1821 3625 .
1842 3572 1941 3627 55-

342 3672 495 3744 36)?
555 3670 811 3741 Finisque
854 3667 1163 3724 sermonis:
1198 3683 1220 3718 ι
1251 3665 1514 3735 Quoniam
1570 3679 1639 3721 ex
1684 3664 1803 3735 ipso
1848 3678 1944 3733 per

341 3766 526 3835 ipsum
551 3770 610 3818 et
633 3761 687 3817 in
713 3760 831 3833 ipso
850 3768 975 3815 sunt
1001 3758 1181 3814 omnia
1207 3773 1225 3824 ;
1268 3756 1371 3827 ipsi
1398 3754 1567 3827 gloria
1591 3755 1646 3811 in
1672 3755 1889 3811 saecula.
1916 3772 1938 3809 ι

346 3853 545 3911 Viden‘
571 3868 697 3909 eum
723 3867 847 3908 cum
872 3850 941 3906 ad
982 3849 1208 3922 gloriam
1248 3848 1344 3905 Dei
1369 3848 1623 3916 venisset,
1656 3848 1943 3904 terminum

338 3962 457 4003 non
484 3943 827 4001 excessisse?
877 3941 1082 4013 Ecquid
1108 3941 1177 3998 de
1210 3941 1516 3997 hominibus
1540 3940 1705 3997 dico?
1727 3939 1944 4012 Cogita-

276 4028 289 4033 ’
339 4042 497 4097 tione
536 4035 771 4093 ascende
803 4035 872 4091 ad
917 4034 1183 4101 eaalestia;
1213 4034 1483 4105 interroga
1511 4034 1673 4089 cailos
1712 4041 1768 4089 et
1811 4034 1941 4089 die:

339 4130 485 4200 Quid
504 4128 642 4185 mibi
667 4128 740 4186 de
762 4128 870 4184 Deo
891 4141 1111 4183 narrare
1132 4125 1389 4196 potestis?
1411 4124 1552 4192 cieli,
1572 4132 1786 4180 narrate
1811 4123 1944 4179 mihi

228 4204 241 4213 ’
336 4223 528 4295 qualis
553 4221 630 4277 sit
657 4220 799 4276 Deus
815 4260 833 4290 ,
860 4218 1161 4275 renuntiate
1182 4216 1313 4272 mihi
1339 4232 1458 4288 quae
1477 4218 1549 4272 sit
1571 4216 1801 4272 essentia
1827 4216 1942 4272 Dei.

344 4314 556 4371 Verum
577 4326 688 4367 non
715 4310 1043 4382 respondent
1060 4309 1282 4375 caeli,de
1296 4308 1362 4364 iis
1377 4322 1497 4379 quae
1519 4321 1705 4363 eorum
1724 4305 1947 4362 faculta-

339 4419 453 4465 tem
502 4414 770 4478 superant
794 4404 1127 4476 interrogati.
1159 4402 1264 4459 Sed
1293 4402 1340 4458 si
1366 4401 1484 4457 haec
1508 4400 1765 4457 audacter
1801 4416 1949 4472 quae-

342 4502 532 4567 sieris,
563 4496 908 4570 respondebit
935 4511 1034 4568 per
1057 4495 1424 4551 admirabilem
1448 4493 1769 4562 Jeremiam,
1800 4493 1945 4549 divi-

345 4611 479 4653 Itum
553 4591 688 4648 illud
738 4591 1021 4662 proferens
1074 4588 1393 4660 eloquium:
1446 4586 1712 4643 Inhorruit
1766 4586 1949 4643 calum

346 4704 508 4760 super
539 4685 639 4740 hoc
666 4682 800 4758 (Jer.
825 4682 885 4740 2.
912 4682 1024 4754 i2).
1058 4682 1381 4738 lnhorrescit
1404 4684 1547 4737 enim
1571 4698 1698 4737 vere
1734 4681 1946 4748 caelum,

348 4782 432 4837 tibi
462 4777 668 4834 viderit
689 4787 935 4833 naturam
952 4776 1186 4831 divinam
1214 4774 1475 4847 indagari.
1494 4775 1573 4830 Ex
1588 4774 1835 4847 opposito
1860 4789 1949 4830 ca-

349 4884 437 4932 net
470 4872 673 4928 beatus
702 4869 889 4935 David,
922 4868 1259 4924 temerariam
1296 4866 1660 4923 curiositatem
1690 4867 1948 4937 plecteus,

349 4975 393 5021 et
418 4964 621 5021 dicet:
650 4959 767 5018 Non
792 4960 988 5016 audisti
1011 4958 1157 5025 illud,
1185 4956 1312 5015 ϐωιὶ
1346 4967 1589 5013 enarrem
1607 4999 1624 5026 ,
1656 4973 1761 5024 non
1792 4965 1950 5012 natu-

351 5069 463 5113 ram
492 5053 615 5119 Dei,
642 5053 738 5110 sed
754 5052 973 5127 gloriam
996 5051 1114 5107 Dei.
1136 5046 1579 5120 Nonne‘ipsetibi
1595 5063 1691 5120 per
1714 5058 1949 5105 sanctam

353 5148 627 5204 citharam
651 5146 943 5211 clamavit,
968 5142 1093 5199 Cati
1118 5150 1360 5198 enarrant
1384 5140 1602 5213 gloriam
1633 5139 1725 5195 Dei
1756 5138 1950 5215 (Paul.

356 5240 441 5299 l8.
479 5239 561 5313 1).
591 5237 707 5294 Non
735 5248 980 5294 naturam
1009 5237 1124 5304 Dei,
1152 5252 1258 5291 non
1284 5234 1635 5291 substantiam
1656 5233 1949 5303 declarant,

354 5333 448 5389 sed
477 5332 707 5403 gloriam
747 5330 840 5386 Dei
867 5329 1205 5383 annuntiant.
1234 5327 1499 5383 Caeterum
1529 5341 1598 5382 ne
1618 5335 1773 5398 putes
1798 5327 1957 5383 easie-

351 5435 469 5482 ttes
495 5423 727 5480 virtutes
741 5421 867 5493 quid
888 5423 1027 5478 ultra
1056 5434 1403 5492 cognoscere.
1430 5419 1696 5491 interroga
1712 5419 1951 5491 angelos,

352 5515 660 5588 interroga,
688 5517 929 5587 inquam,
957 5529 1064 5569 non
1090 5511 1232 5584 quod
1263 5510 1357 5567 tibi
1376 5525 1693 5567 concessum
1720 5512 1790 5566 sit
1821 5525 1946 5566 cum

336 5608 615 5682 supernis
644 5604 931 5662 virtutibus
957 5603 1246 5675 congredi,
1285 5602 1380 5659 sed
1407 5600 1530 5674 quia
1567 5617 1635 5659 ex
1680 5600 1953 5675 Scriptura

336 5700 608 5757 remedia
629 5699 819 5766 habes,
863 5711 1089 5769 quicque
1131 5695 1408 5751 audaciam
1449 5704 1593 5752 tuam
1639 5696 1950 5766 reprimant.

330 5787 644 5864 Interroga
693 5790 959 5862 angelos:
1014 5790 1280 5857 interroga
1334 5800 1430 5843 eos
1489 5803 1616 5843 cum
1662 5784 1863 5843 videris
1894 5785 1948 5841 in

1358 322 1425 379 iN
1462 323 1688 393 ILLUD,
1730 321 1796 378 IN
1833 321 1971 389 QUA
2013 320 2438 386 POTESTATE,
2481 322 2634 379 ETC.

3536 333 3638 390 418

2060 448 2201 495 terra
2230 441 2455 495 choreas
2479 449 2721 509 agentes,
2740 450 2833 496 aut
2860 441 3090 514 hymnos
3124 455 3399 503 canentes.
3431 449 3525 505 Dic
3574 454 3639 506 il-

2038 530 2140 597 lis,
2181 531 2318 598 Quid
2348 531 2469 586 novi
2499 530 2743 587 ducetis?
2770 533 2895 603 quid
2936 533 3134 589 insoliti
3153 539 3641 597 annuntiatisista-

2056 624 2259 693 tinique
2283 623 2495 677 divinus
2520 626 2716 680 chorus
2738 638 2833 694 per
2859 634 3049 681 sancta
3096 629 3367 699 evangelia
3414 645 3640 699 respon-

2052 712 2203 769 debit
2229 714 2323 769 tibi
2354 731 2371 770 :
2396 712 2573 772 Gloria
2599 717 2653 772 in
2680 718 2941 774 altissimis
2968 718 3099 787 Deo,
3126 730 3177 777 et
3198 722 3407 777 interra
3436 740 3557 794 pax,
3587 730 3639 780 in

2055 806 2344 864 hominibus
2367 808 2735 880 beneplacitum
2758 811 2911 884 (Luc.
2934 812 2995 868 2.
3020 814 3132 885 14).
3160 813 3436 871 Venerunt
3461 817 3513 872 in
3542 829 3640 874 ter-

2053 912 2168 954 ram
2197 901 2391 971 angeli,
2418 902 2673 973 etglorize
2698 904 2956 959 terminos
2980 920 3087 959 non
3105 907 3469 977 praetergressi
3494 921 3639 970 sunt;

2053 990 2299 1048 hazretici
2326 1009 2456 1049 vero
2482 993 2582 1049 hos
2613 996 2927 1067 transgredi,
2954 1011 3059 1052 non
3089 997 3486 1055 dubitaverunt.
3534 1001 3640 1058 Sed

2054 1098 2182 1137 num
2208 1082 2346 1138 forte
2375 1100 2622 1155 superna:
2643 1086 2888 1154 virtutes,
2914 1103 3034 1157 qua:
3060 1103 3227 1158 super
3252 1092 3470 1161 angelos
3495 1093 3643 1146 sunt?

2052 1175 2421 1245 Archangelos
2441 1177 2563 1233 dico
2589 1195 2604 1233 :
2632 1188 2758 1233 sunt
2784 1189 2961 1235 autem
2993 1180 3096 1235 illa:
3121 1192 3323 1237 natura:
3346 1184 3636 1239 distinctm.

2057 1267 2330 1339 Interroga
2359 1269 2667 1335 Cherubim,
2703 1273 2906 1341 regium
2929 1272 3121 1327 solium
3151 1290 3166 1327 :
3200 1274 3298 1341 Qui
3323 1276 3465 1330 sedes
3490 1294 3643 1348 super

2053 1358 2673 1433 Cherubim,manifestare
2700 1362 2873 1434 (l’sal.
2900 1363 2990 1419 79.
3015 1362 3090 1432 2).
3126 1363 3397 1438 interroga
3437 1368 3643 1424 Cheru-

2053 1451 2183 1517 bim,
2216 1454 2461 1509 thronum
2492 1454 2883 1526 sappliirinum,
2907 1465 2964 1513 et
3005 1456 3061 1512 in
3102 1457 3296 1513 throno
3338 1460 3639 1529 sedentem,

2051 1547 2197 1601 velut
2235 1545 2637 1603 similitudinem
2652 1548 2775 1605 Filii
2801 1549 3036 1607 hominis
3062 1550 3275 1623 (Ezeeli.
3310 1554 3397 1609 i0.
3432 1555 3480 1610 i.
3509 1567 3555 1611 et
3585 1557 3641 1611 i.

2048 1638 2143 1694 26.
2174 1637 2292 1711 2i).
2328 1639 2389 1694 Et
2420 1655 2521 1695 vox
2544 1638 2679 1696 facta
2706 1649 2793 1697 est
2814 1641 3269 1711 Clierubinorum,
3296 1647 3446 1717 quasi
3474 1664 3640 1719 aqua-

2053 1744 2171 1783 rum
2194 1729 2501 1797 multarum,
2530 1731 2770 1786 clamans
2800 1748 2817 1787 :
2844 1730 3120 1787 Benedicta
3146 1735 3311 1805 gloria
3336 1735 3544 1792 Domini
3578 1740 3642 1793 de

2052 1821 2163 1876 loco
2191 1838 2284 1875 suo
2310 1820 2470 1893 (Ibid.
2494 1823 2547 1878 5.
2572 1822 2688 1894 12).
3116 1830 3121 1837 ”

2124 1915 2180 1969 4.
2212 1913 2371 1970 Vides
2400 1914 2824 1972 Cliernbinorum
2852 1917 3208 1973 reverentiam
3227 1918 3256 1973 Ἰ
3276 1919 3642 1975 Perveneram

2050 2004 2116 2059 ad
2160 2005 2421 2076 gloriam,
2462 2016 2517 2062 et
2555 2008 2693 2063 intra
2735 2008 3021 2063 terminum
3068 2020 3383 2065 manserunt
3420 2028 3435 2064 :
3474 2009 3637 2066 Bene-

2049 2095 2189 2151 dicta
2213 2097 2378 2168 gloria
2396 2096 2623 2153 Domini.
2646 2098 2967 2169 Quomodo?
2993 2099 3071 2155 De
3097 2101 3208 2156 loco
3235 2119 3328 2157 suo
3343 2119 3364 2157 :
3389 2112 3445 2158 ut
3460 2114 3641 2159 osten-

2049 2188 2274 2245 deretur
2322 2191 2442 2258 tibi,
2469 2205 2589 2246 eam
2615 2192 2669 2246 in
2697 2191 3005 2248 carlestibus
3050 2192 3184 2248 locis
3212 2196 3556 2261 commorari,
3584 2205 3639 2252 et

2049 2279 2206 2351 longe
2231 2281 2476 2337 altiorem
2505 2297 2627 2339 esse
2655 2282 2912 2355 dignitate
2944 2284 3074 2355 ipsis
3100 2286 3403 2342 cmicsaibus
3426 2300 3479 2344 et
3506 2288 3641 2342 invi-

2049 2371 2293 2428 sibilibus
2324 2371 2625 2429 virtutibus.
2652 2373 2770 2430 Non
2808 2375 3099 2445 loquuntur
3121 2378 3270 2447 quasi
3298 2393 3469 2449 prope
3492 2390 3638 2434 stan-

2049 2469 2154 2530 tes,
2182 2462 2279 2519 sed
2307 2473 2363 2519 ut
2388 2463 2546 2537 longe
2569 2480 2601 2520 a
2643 2463 2824 2520 divina
2855 2465 3112 2538 dignitate
3134 2466 3391 2526 distantes
3416 2486 3433 2524 :
3471 2467 3637 2525 Bene-'-

2049 2554 2185 2610 dieta
2224 2555 2391 2627 gloria
2417 2555 2624 2611 Domini
2644 2555 2711 2612 de
2732 2557 2845 2613 loco
2873 2574 2988 2615 suo.
3018 2556 3137 2615 Non
3163 2559 3307 2630 quod
3334 2561 3509 2617 locum
3538 2563 3633 2617 ha-

2048 2644 2209 2713 beat;
2249 2661 2466 2704 omnem
2492 2649 2636 2704 enim
2668 2648 3058 2706 circumscribit
3098 2649 3311 2718 locum;
3340 2653 3437 2708 sed
3463 2654 3637 2710 locum

2050 2737 2146 2794 Dei
2172 2748 2328 2793 vocat
2353 2753 2473 2794 eam
2497 2754 2618 2812 qua:
2648 2739 2788 2796 circa
2816 2756 2941 2797 eum
2969 2750 3052 2798 est
3075 2741 3408 2814 dignitatem.
3449 2743 3638 2800 Vidisti

2047 2829 2470 2888 Cherubinorum
2481 2831 2698 2888 vocem?
2713 2830 2983 2888 Benedicta
2996 2834 3163 2906 gloria
3179 2831 3406 2889 Domini.
3422 2834 3490 2891 Et
3507 2834 3639 2892 nihil

2047 2924 2278 2996 amplius
2310 2925 2779 2982 annuntiaverunt.
2809 2926 3030 2998 Oportet
3058 2927 3202 2982 enim
3234 2938 3286 2984 te
3303 2929 3502 2984 circum
3529 2930 3629 2984 ad-

2048 3025 2299 3084 stantem,
2330 3033 2488 3075 nosse
2511 3034 2575 3074 ea
2603 3034 2774 3091 quaea
2803 3020 2914 3076 Deo
2944 3021 3280 3077 nuntiantur.
3311 3020 3445 3077 Nam
3477 3023 3636 3078 Sera-

2049 3109 2191 3181 phim
2231 3111 2434 3166 stabant
2458 3112 2514 3167 iis
2550 3112 2767 3167 circuitu
2808 3112 2921 3185 ejus
2948 3111 3103 3187 (ικαὶ.
3130 3112 3185 3170 6.
3211 3112 3292 3187 2).
3320 3115 3457 3183 Quid
3506 3131 3639 3188 ergo

2045 3214 2078 3255 a
2104 3200 2256 3256 vobis
2278 3200 2585 3260 discemus?
2608 3201 2784 3259 Nolite
2812 3203 3115 3275 prohibere.
3158 3204 3357 3261 Verum
3388 3207 3474 3263 illa
3502 3223 3639 3279 quo-

2044 3307 2152 3363 que
2186 3292 2366 3348 dicent
2393 3309 2411 3351 :
2435 3293 2691 3362 Quamvis
2734 3292 2994 3366 dignitate
3032 3296 3439 3368 praeeellamus,
3487 3299 3641 3355 novi-

2045 3398 2166 3439 mus
2195 3394 2373 3441 tamen
2398 3396 2605 3441 natura:
2634 3393 2833 3442 nostra:
2856 3385 3012 3455 ﬁnes,
3034 3402 3134 3444 nec
3151 3389 3473 3460 cognitionis
3490 3405 3641 3446 men-

2045 3489 2226 3531 suram
2252 3475 2721 3549 praetergredimur
2742 3494 2758 3532 :
2781 3491 2888 3533 non
2916 3478 3128 3534 curiose
3152 3489 3453 3536 scrutamur
3470 3480 3639 3539 Crea-

2048 3577 2219 3625 torem
2237 3578 2479 3625 nostrum
2498 3609 2518 3639 ,
2538 3584 2647 3625 non
2672 3569 3014 3641 exploramus
3039 3587 3164 3628 eum
3190 3574 3282 3646 qui
3312 3589 3412 3630 nos
3434 3574 3638 3631 honore

2046 3658 2248 3716 affecit.
2289 3657 2552 3717 Novimus
2597 3660 3195 3733 ineomprehensibilem
3238 3673 3483 3721 naturam
3530 3682 3637 3722 non

2046 3751 2239 3823 subjici
2285 3753 2692 3825 quaestionibus,
2718 3768 2822 3811 nec
2857 3753 3144 3812 obnoxiam
3170 3771 3292 3814 esse
3329 3759 3640 3815 ratiocinio-

2046 3856 2170 3900 rum
2195 3843 2392 3912 seriei;
2432 3852 2651 3916 superat
2692 3858 2910 3903 omnem
2948 3846 3247 3918 angelicum
3292 3859 3489 3904 statum
3517 3865 3638 3905 om-

2046 3950 2279 4008 nemque
2321 3936 2427 3992 vim
2456 3936 2725 3994 caalestem
2750 3936 2921 4008 gloria
2943 3936 3064 4009 ejus
3089 3938 3179 4012 qui
3206 3939 3481 3997 adoratur.
3514 3941 3639 3999 ideo

2047 4038 2105 4083 et
2127 4041 2226 4084 nos
2244 4042 2352 4083 non
2380 4026 2803 4085 transcendimus
2828 4029 3106 4085 terminos.
3124 4028 3245 4086 Non
3271 4032 3642 4100 praeterierunt

2047 4117 2339 4177 Cherubim
2369 4116 2445 4192 (a)
2466 4159 2485 4187 ,
2525 4118 2624 4177 sed
2666 4133 2791 4177 cum
2832 4119 2981 4177 omni
3028 4123 3327 4179 reverentia
3365 4124 3639 4182 cailestem

2049 4252 2193 4367 log}
2218 4259 2371 4305 Totus
2386 4253 2509 4306 ordo
2526 4254 2764 4329 orationh
2796 4253 3031 4330 Mill.
3047 4255 3318 4332 ξεν-αραινιῖ
3341 4260 3638 4336 quamdam

2195 4314 2330 4367 sale.
2347 4322 2402 4367 et
2414 4315 2722 4367 Cberubmos
2736 4328 2823 4367 uro
2837 4317 3114 4367 Seruatum
3124 4329 3343 4367 nosuem
3362 4320 3638 4367 l’hllaslnns

2195 4314 2330 4382 sig.
2347 4322 2402 4367 et
2414 4315 2722 4382 Cherubinos
2735 4314 2823 4380 pro
2837 4317 3114 4382 seraphinis
3124 4314 3343 4382 posuerit
3361 4314 3642 4382 i’hilastrius

2049 4332 2330 4429 loco
2347 4332 2402 4367 οι
2735 4332 2823 4380 ιιι-υ
2837 4332 3343 4442 ῗῗτὸῳωιιῶἔιωθηι
3362 4332 3640 4409 Puttastrius

2049 4385 2237 4490 ξιξ...
2255 4384 2700 4490 initis.in
2719 4385 3065 4490 imitari}.
3107 4381 3640 4490 ...ἑνὶῗίιὲλῗὲἔέιξῐιᾘ

2049 4447 2237 4491 atomus
2255 4440 2308 4490 iu
2330 4439 2467 4497 illud,
2492 4439 2700 4495 Polemi
2718 4439 2943 4504 possibile
2973 4439 3065 4503 eat,
3107 4439 3234 4503 etc;
3260 4450 3315 4496 et
3330 4439 3643 4499 Cherubium

2049 4502 2327 4567 Seraphinis
2341 4503 2516 4567 jungat
2537 4500 2826 4567 Epiphanius
2844 4502 3072 4567 Ancorati
3093 4517 3207 4567 cap.
3222 4504 3299 4567 10,
3322 4505 3401 4565 26,
3426 4519 3538 4557 cum
3558 4515 3642 4558 Se-

2050 4515 2327 4575 seraputnis
2341 4515 2516 4613 jungat
2537 4515 2826 4567 spipnamns
2844 4515 3072 4575 Ancorau
3093 4517 3201 4569 cap.
3222 4515 3299 4564 tu,
3322 4515 3401 4579 zu,
3426 4519 3538 4557 cum
3558 4515 3642 4581 Se:

2050 4576 2254 4637 vet-iano
2274 4571 2406 4637 Orat.
2480 4562 2555 4637 de
2571 4562 2726 4613 mundi
2756 4573 3029 4637 creatione,
3072 4572 3127 4617 et
3170 4564 3421 4637 Philast
3458 4575 3642 4620 Haereat

2051 4635 2276 4676 extrema
2297 4632 2351 4677 et
2372 4624 2654 4699 penulam,
2681 4626 2963 4698 pariterque
2984 4624 3190 4706 hymnus
3208 4628 3516 4681 Cbernbicus
3540 4643 3633 4694 ap.

2054 4686 2226 4751 pellari
2249 4686 2424 4751 soleat,
2441 4701 2527 4751 qui
2860 4693 2955 4740 est.
2974 4689 3101 4739 hient
3122 4690 3229 4741 vice
3247 4702 3389 4740 versa
3406 4692 3457 4741 ln
3484 4690 3642 4742 locum

2126 4750 2441 4814 «ξτυιιίιροτιιω
2461 4747 2613 4814 ξίφβέ
2633 4747 2689 4799 εἰ
2707 4747 2986 4814 Ριιῗειίροπι·
3009 4752 3257 4814 mpm!!!
3279 4752 3644 4804 ωδεῦωιιιιωτ

2050 4810 2312 4875 Auionej
2327 4811 2498 4875 synodi
2513 4810 2624 4875 νη,
2645 4823 2739 4861 seu
2772 4811 2823 4861 in
2844 4810 3175 4875 disputatione
3195 4810 3309 4875 illic
3342 4814 3537 4875 potata
3558 4822 3645 4867 su-

2053 4873 2221 4945 deiet
2522 4873 2817 4945 (μυξη-ιβιδ
2837 4871 2955 4925 00¢
2971 4940 2982 4945 _
3000 4879 3116 4945 "es
3158 4872 3299 4945 ιοαβο
3330 4871 3367 4925 ﬁ
3390 4875 3500 4945 ξω»
3525 4876 3646 4945 che-

2053 4933 2217 4985 rubim
2239 4935 2404 4993 habet,
2432 4939 2488 4984 ut
2516 4931 2569 4985 et
2588 4931 2716 4984 alter
2748 4931 3096 4995 interpretum)
3133 4942 3187 4985 et
3218 4931 3294 4986 ab'
3317 4931 3505 4988 Δηώ-δέ
3529 4937 3648 4991 Cre-

2054 4995 2186 5046 teusi
2205 4996 2433 5046 Oratione
2458 4997 2492 5046 3
2512 4994 2924 5057 indormilionetn
2947 4994 3165 5057 Deiparm
3187 5008 3204 5047 :
3223 5009 3414 5050 nemon
3439 5000 3648 5051 thromis

2053 5057 2343 5120 Seraphicus
2373 5058 2522 5120 instar
2544 5055 2806 5109 Cherubici
2825 5056 2878 5120 in
2901 5055 3284 5120 eodein_andre_a
3307 5058 3492 5120 legitur
3512 5070 3644 5112 Orat.

2055 5116 2292 5184 iuramus
2325 5118 2609 5183 palmarum,
2644 5125 2795 5180 atque
2825 5116 2878 5166 in
2910 5117 3207 5184 Theophane
3234 5116 3477 5175 Cerameo
3507 5132 3644 5174 Horn.

2054 5180 2136 5252 55.-
2158 5180 2438 5252 ιςβρςᾉιτ-
2454 5190 2590 5252 δεδι
2618 5195 2674 5249 ν
3044 5180 3236 5252 iam
3253 5197 3525 5252 eam.
3553 5185 3645 5252 ιιυς

2056 5236 2156 5311 φὶς
2476 5236 2630 5305 lassi
2644 5236 2664 5292 ἑ
2679 5236 3050 5311 redimam
3067 5236 3129 5311 ei-
3152 5236 3596 5311 sgmmiénu.
3618 5248 3641 5311 ι

2054 5304 2276 5371 Gregorii
2289 5302 2345 5371 _li
2364 5303 2426 5355 ad
2446 5302 2657 5371 ιωέιρεῃ
2679 5303 2916 5371 taurum.
2938 5303 3143 5371 secedit
3169 5302 3296 5371 huc,
3316 5307 3465 5371 quod
3481 5302 3644 5371 hami

2056 5362 2361 5443 999.999.,
2371 5362 3230 5443 ἓΜμἏἯΒἮέἒέῗεθὲδίηὲ
3246 5362 3502 5443 “dium”.
3516 5369 3646 5443 ‘0‘"!

2057 5425 2288 5492 Cyrillum
2310 5423 2787 5488 Hierosolymitanum
2819 5423 3075 5478 Catediesi
3098 5423 3434 5494 'mystagogiai
3452 5430 3520 5500 .5,
3548 5423 3645 5478 'cui

2056 5499 2191 5561 sane
2206 5486 2357 5561 δαείη
2376 5486 2525 5561 reum
2539 5495 2640 5561 tum
2663 5488 3019 5561 φεραιῆιιοω.
3030 5486 3412 5561 Mummiam
3429 5490 3514 5537 ων·
3538 5489 3647 5561 αρε

2060 5548 2513 5609 iOdeAAdoratione
2553 5547 2599 5598 iu
2635 5547 2806 5609 spiritu
2837 5557 2894 5601 et
2914 5552 3146 5609 veritate,
3175 5553 3260 5601 ubi
3292 5551 3440 5600 etiam
3463 5551 3647 5601 nomini

2057 5607 2306 5674 seraphin)
2327 5611 2411 5661 dat
2431 5607 2885 5674 interpretationem
2904 5614 3113 5674 nominis
3130 5607 3408 5674 Clierublm.
3429 5623 3540 5674 cum
3562 5624 3649 5663 re-

2056 5670 2189 5722 ctius
2207 5670 2653 5737 interiit-etenim
2689 5670 2831 5737 issi:
2847 5679 2995 5737 caput
3011 5673 3064 5729 ϐ,
3086 5676 3140 5737 et
3163 5673 3222 5723 ad
3252 5675 3446 5737 Joannis
3468 5672 3550 5734 η,
3570 5675 3651 5735 υ.

2060 5740 2163 5783 tum
2188 5732 2489 5783 narrationes
2506 5740 2572 5782 de
2596 5735 2880 5784 inventione
2907 5732 2963 5782 's.
3002 5735 3177 5791 anteis,
3210 5732 3336 5795 apud
3370 5732 3655 5787 tiretseruin

2065 5807 2113 5843 ο.
2143 5796 2281 5853 1697.
2308 5797 2446 5858 1706,
2472 5795 2611 5858 i707,
2640 5796 2775 5856 l7“,
2799 5802 2901 5844 tum
2932 5794 3484 5846 Anastasiuin’sluaitatn
3512 5799 3570 5848 ιι
3606 5802 3656 5852 in
