3982 6198
264 324 373 384 δεῖ)

263 448 278 511 ε
307 442 518 497 Buruclt
568 443 625 499 5.
657 439 901 511 31-35).
952 439 1018 495 Et
1037 448 1155 508 post
1180 446 1374 495 tantam
1399 436 1715 506 theologiam
1740 434 1847 491 ait:

270 551 290 586 ι
313 532 414 587 Hic
433 542 523 587 est
546 532 688 587 Deus
726 541 926 597 noster,
946 547 1049 584 non
1074 528 1417 585 :estimabitur
1439 526 1576 581 alius
1594 527 1659 587 ad
1684 543 1805 582 eum
1830 546 1848 579 ι

269 624 433 696 (Ibid.
455 641 506 678 υ.
537 625 781 695 36.-38).
832 622 1207 691 Animadverte
1235 619 1535 691 diligenter,
1564 635 1671 691 quo
1690 630 1854 699 (pacto

267 716 497 770 alterum
520 714 788 791 excludat.
827 733 846 765 ι
893 713 1006 768 Non
1036 710 1389 783 testimabitur
1431 711 1567 766 alius
1608 711 1674 766 ad
1707 728 1849 795 eum.

270 805 480 863 Invenit
523 820 738 877 omnem
787 804 925 863 viam
978 804 1233 866 scientiae,
1273 811 1326 858 ct
1369 801 1512 859 dedit
1543 818 1659 857 eam
1686 800 1852 861 Jacub

270 912 438 969 puero
462 912 584 965 suo,
608 906 661 955 et
683 896 847 956 Israel
883 896 1073 952 dilecto
1104 913 1200 952 suo
1221 898 1322 968 (α).
1349 898 1473 953 Post
1500 898 1613 952 luet:
1636 896 1685 950 in
1711 906 1849 961 terra

268 992 416 1045 visus
443 997 565 1053 est,
599 996 654 1043 et
689 1003 810 1044 cum
837 987 1137 1047 hominibus
1181 1000 1527 1045 conversatus
1566 996 1667 1043 est.
1699 1007 1719 1041 ι
1755 986 1850 1045 llic

269 1082 410 1138 Deus
437 1088 623 1136 noster
655 1079 721 1135 ad
740 1095 915 1150 quem
943 1097 1047 1133 non
1073 1081 1422 1136 mstimabitur
1448 1080 1605 1143 alius,
1633 1080 1683 1134 iu
1708 1088 1847 1147 terra

269 1173 414 1228 visus
440 1180 523 1227 est
551 1179 607 1226 et
633 1185 752 1226 cum
783 1170 1087 1226 hominibus
1134 1181 1478 1227 conversatus
1519 1181 1601 1226 est
1645 1181 1846 1240 postea.

274 1261 432 1317 Vides
456 1262 737 1338 veritatem
764 1261 1172 1316 continuatam?
1200 1261 1336 1317 Vide
1368 1271 1424 1316 ut
1446 1263 1615 1317 errori
1644 1261 1844 1329 aditum

267 1354 609 1422 intercludat,
631 1369 699 1410 ne
717 1353 931 1410 Judazus
949 1356 1223 1411 veritatem
1244 1355 1596 1411 calumnietur
1610 1365 1665 1410 et
1682 1354 1844 1433 dicat,

270 1448 412 1507 Deus
461 1447 609 1503 visus
646 1456 729 1502 est
777 1462 807 1502 a
858 1446 1072 1519 Moyse;
1125 1446 1369 1518 apparuit
1411 1446 1553 1504 enim
1604 1446 1742 1503 Deus
1793 1446 1847 1515 in

178 1534 183 1537 ’
266 1549 473 1595 monte.
506 1539 708 1596 Praeter
734 1556 855 1595 eum
884 1555 989 1596 non
1016 1549 1098 1599 est
1118 1541 1255 1597 alius
1282 1557 1295 1595 :
1324 1556 1424 1597 nec
1467 1540 1612 1612 ejicit
1635 1540 1845 1617 Patrem

264 1647 294 1687 a
318 1632 501 1688 divina
531 1630 807 1703 dignitate.
859 1632 1017 1689 Pater
1043 1633 1088 1689 si
1125 1634 1270 1688 solus
1318 1634 1619 1697 nominatus
1668 1634 1845 1701 fuerit,

262 1724 711 1780 exterminabitne
742 1721 932 1779 Filium
960 1739 989 1778 a
1019 1725 1289 1781 communi
1316 1724 1843 1799 dignitate?Quautlo

262 1816 399 1871 dicit
422 1816 564 1871 Deus
583 1856 599 1881 ,
630 1815 744 1869 sive
773 1814 931 1870 Pater
950 1856 966 1880 ,
996 1814 1108 1872 sive
1148 1814 1313 1872 Filius
1333 1856 1348 1882 ,
1380 1831 1437 1872 se
1462 1816 1634 1877 solum
1682 1832 1845 1883 unum

264 1924 409 1975 esse,
439 1922 546 1961 non
570 1914 728 1976 negat
756 1916 959 1961 natura:
978 1921 1089 1962 suae
1107 1907 1455 1965 consortium.
1478 1907 1637 1967 Pater
1653 1907 1844 1981 Filium

264 2014 373 2053 non
397 1998 565 2068 ejicit,
592 1996 759 2053 Filius
781 2012 884 2052 non
916 2006 1069 2068 negat
1103 1997 1349 2066 Patrem;
1381 1997 1477 2061 sed
1507 2013 1627 2055 cum
1653 1999 1844 2063 similia

264 2094 537 2160 dicuntur,
566 2101 751 2149 contra
791 2093 1054 2151 idolorum
1082 2109 1321 2151 errorem
1366 2110 1552 2157 sermo
1596 2096 1841 2156 habetur.

267 2187 379 2241 Cur
404 2195 586 2245 contra
613 2184 952 2253 Unigenitum
978 2185 1362 2261 blasphemiam
1391 2189 1660 2259 apparas?
1685 2188 1845 2251 ldolis

266 2278 410 2333 Deus
436 2292 542 2334 non
570 2276 662 2333 dat
696 2276 919 2348 gloriam
958 2290 1140 2344 suam;
1178 2293 1246 2334 an
1273 2294 1445 2350 neque
1484 2280 1533 2336 ei
1567 2279 1657 2336 dat
1684 2295 1842 2352 quem

259 2367 491 2445 genuit;
523 2367 619 2421 Dat
656 2376 803 2422 certe
826 2380 930 2422 non
956 2367 1244 2423 secundum
1264 2371 1509 2441 gratiam,
1531 2370 1626 2426 sed
1651 2385 1847 2427 secun-

260 2458 391 2515 dum
441 2466 645 2515 naturae
689 2457 1036 2512 consortium.
1076 2457 1225 2514 Unde
1273 2475 1404 2515 vero
1450 2460 1845 2521 demonstratur

261 2548 535 2604 Christum
581 2547 802 2623 gloriam
849 2547 1020 2603 Patris
1059 2548 1343 2619 accipere?
1382 2551 1470 2607 Ait
1499 2552 1642 2608 enim
1671 2551 1842 2613 τοιο-

261 2640 391 2693 riam
421 2654 582 2693 meam
624 2638 770 2693 alteri
799 2654 898 2692 non
932 2637 1061 2693 dabo
1087 2639 1105 2712 (
1129 2638 1254 2694 Isai.
1282 2640 1371 2696 42.
1398 2639 1488 2713 8).

333 2735 388 2788 τ.
431 2731 570 2787 Audi
607 2730 733 2802 quid
771 2730 886 2802 ipse
922 2731 1175 2787 Servator
1209 2748 1330 2788 cum
1372 2734 1629 2806 apostolis
1665 2735 1840 2793 disse-

266 2841 393 2882 rens
412 2824 557 2881 dicat
581 2846 595 2881 :
618 2824 742 2880 Cum
767 2827 954 2881 venerit
976 2824 1024 2881 F
1025 2824 1144 2881 ilius
1171 2826 1387 2882 hominis
1410 2829 1464 2883 in
1486 2829 1650 2900 gloria
1674 2828 1843 2903 Patri;

259 2918 340 2972 sui
366 2915 559 2988 (Mure.
585 2916 639 2972 8.
667 2916 804 2983 58);
837 2924 1115 2989 postquam
1147 2916 1235 2972 ille
1263 2917 1409 2988 prius
1433 2918 1685 2986 dixisset,
1715 2919 1842 2979 Glo-

263 3008 394 3061 riam
418 3022 582 3061 meam
616 3006 764 3061 alteri
791 3023 891 3061 non
916 3006 1063 3061 dabo.
1093 3005 1343 3069 Scrutare
1370 3007 1590 3074 dictum,
1619 3019 1673 3065 et
1697 3010 1844 3073 inve-

261 3100 381 3156 nies
408 3113 650 3157 sensum.
684 3097 913 3153 Gloriam
960 3116 1155 3169 meam,
1186 3115 1291 3155 non
1336 3099 1502 3169 dixit,
1550 3101 1689 3161 Filio
1723 3118 1844 3159 meo

260 3207 372 3247 non
395 3190 557 3253 dabo,
583 3189 699 3255 sed,
723 3189 882 3244 Alteri
910 3206 1009 3245 non
1036 3191 1185 3246 dabo.
1212 3192 1452 3248 Alterum
1479 3203 1653 3250 autem
1680 3207 1761 3251 est
1789 3196 1841 3259 id

260 3282 406 3351 quod
428 3291 511 3337 est
530 3281 762 3336 alienum
789 3295 818 3335 a
843 3281 1132 3351 consortio,
1161 3290 1215 3337 et
1238 3296 1267 3336 a
1294 3292 1479 3340 natura
1504 3295 1839 3355 separatum;

262 3375 435 3437 Filius
462 3382 641 3431 autem
684 3388 790 3430 non
816 3385 898 3431 est
922 3375 1059 3431 alter
1090 3392 1103 3429 :
1134 3375 1265 3431 Nam
1296 3374 1406 3450 Ego
1432 3388 1480 3433 et
1506 3376 1663 3435 Pater
1684 3396 1842 3435 unum

261 3481 459 3520 sumus.
492 3463 648 3520 Clare
669 3478 800 3536 ergo
824 3462 1244 3532 demonstratum
1266 3475 1368 3533 est,
1398 3467 1547 3535 illud,
1574 3468 1641 3525 Ut
1659 3486 1844 3545 cogno-

258 3565 466 3612 scantte
487 3556 652 3612 solum
677 3572 847 3611 verum
868 3555 1029 3610 Deum
1048 3555 1221 3629 (Joan.
1251 3558 1335 3614 10.
1359 3558 1473 3631 30),
1498 3576 1602 3617 non
1632 3561 1843 3617 auferre

259 3663 291 3715 a
316 3647 491 3711 Filio,
524 3662 644 3703 esse
673 3662 855 3703 verum
903 3648 1089 3705 Deum.
1135 3647 1213 3704 Ne
1258 3648 1505 3719 repudies
1540 3666 1841 3715 sermonem

259 3754 384 3794 cum
409 3736 700 3804 calumnia,
728 3737 877 3808 quasi
903 3752 1095 3793 sensus
1120 3748 1396 3809 suspectus
1419 3740 1635 3797 relictus
1654 3741 1725 3797 sit
1750 3761 1764 3797 :
1790 3743 1842 3799 id

258 3830 405 3903 quod
446 3830 585 3901 passi
629 3840 755 3886 sunt
787 3830 1003 3902 quidam
1046 3847 1077 3888 e
1121 3830 1372 3891 fratribus
1417 3834 1556 3891 circa
1598 3837 1836 3894 calicem.

258 3925 343 3989 Ac
364 3923 410 3983 si
438 3922 581 3978 enim
624 3924 884 3981 sententia
913 3924 1232 3979 solutionem
1263 3940 1368 3979 non
1408 3927 1734 3996 accepisset,
1763 3928 1843 3995 sic

258 4016 659 4083 accusationem
695 4016 1008 4072 intulerunt.
1042 4016 1172 4072 Nam
1199 4016 1486 4073 dixerunt:
1515 4017 1841 4091 Suspensam

258 4118 316 4163 et
342 4107 627 4163 sublimem
655 4108 866 4178 reliquit
890 4107 1333 4178 disquisitionem.
1352 4107 1488 4175 Quid
1511 4116 1712 4176 autem,
1742 4111 1845 4164 fra-

265 4209 399 4265 tres,
429 4198 657 4269 amplius
677 4198 955 4253 dicendum
985 4198 1493 4281 suppetebat‘bquid
1520 4199 1665 4270 prius
1689 4200 1844 4257 dictis

258 4289 450 4345 deerat
474 4287 541 4359 ad
568 4288 1117 4345 demonstrationem?
1161 4288 1339 4344 Primo
1363 4290 1598 4361 quidem,
1633 4291 1694 4345 Si
1722 4307 1842 4361 pos-

260 4382 407 4436 sibile
434 4391 530 4447 est,
556 4391 778 4436 transeat
800 4399 832 4445 a
862 4398 939 4436 me
965 4382 1101 4436 calix
1126 4381 1217 4436 iste
1247 4379 1471 4455 (Matth.
1495 4382 1585 4438 26.
1609 4383 1679 4439 59
1701 4385 1718 4454 )
1749 4402 1761 4437 :
1790 4395 1846 4440 et

260 4474 328 4529 ad
359 4474 411 4528 id
442 4473 582 4544 quod
604 4489 709 4549 per
754 4473 895 4527 illam
939 4472 1226 4529 dictionem
1271 4474 1567 4546 suggeritur
1592 4473 1613 4548 (
1635 4475 1843 4532 videtur

258 4566 406 4622 enim
435 4566 601 4621 dictio
625 4565 1007 4636 supplicantem
1038 4567 1135 4619 sub
1161 4566 1314 4620 aliam
1344 4576 1663 4638 potestatem
1695 4569 1843 4623 redi-

260 4657 469 4728 gere),
514 4657 788 4711 attulimus
820 4672 1003 4711 vocem
1051 4655 1195 4711 illam
1240 4657 1487 4725 Domini,
1534 4674 1653 4728 qua:
1696 4661 1843 4721 omni

259 4762 408 4806 certe
435 4750 611 4803 divina
638 4752 953 4804 auctoritate
983 4750 1136 4819 plena
1162 4760 1275 4815 est,
1308 4753 1640 4823 dicentisque
1665 4752 1838 4825 digni-

263 4851 425 4895 tatem
468 4841 691 4896 exhibet
736 4858 749 4894 :
795 4839 1101 4895 Potestatem
1147 4840 1303 4894 habeo
1355 4844 1574 4911 ponendi
1620 4845 1843 4899 animant

263 4951 445 4997 meam,
468 4944 513 4989 et
539 4943 830 5004 potestatem
854 4933 1011 4987 habeo
1030 4934 1393 5007 sumendieam
1418 4934 1597 5010 (Joan.
1622 4936 1839 5013 10.18),

266 5025 600 5095 tliximusque
625 5024 755 5079 illud
776 5064 791 5085 ,
827 5022 1035 5091 Habeo,
1064 5024 1354 5079 divinitatis
1382 5029 1654 5097 proprium
1681 5044 1801 5084 esse
1824 5044 1839 5095 ;

267 5117 391 5173 illud
421 5135 551 5174 vero
584 5137 597 5173 :
626 5118 689 5174 Si
728 5119 963 5189 possibile
989 5128 1096 5183 est,
1124 5128 1343 5173 transeat
1382 5138 1421 5173 a
1452 5138 1530 5176 me
1557 5121 1694 5176 calia:
1728 5123 1837 5191 iste,

270 5210 470 5266 ratione
496 5209 675 5264 carnis
704 5209 903 5263 dictum
931 5223 1053 5264 esse
1073 5249 1089 5272 ,
1134 5225 1240 5263 nou
1282 5211 1486 5267 ratione
1514 5211 1801 5270 divinitatis
1822 5256 1839 5283 ,

267 5309 421 5370 atque
474 5302 697 5371 insuper
748 5301 956 5356 Domini
1013 5301 1373 5357 testimonium
1420 5302 1740 5361 adduximus
1787 5308 1841 5364 in

268 5392 768 5459 confirmationem;
811 5391 1158 5463 quamobrem
1199 5392 1333 5448 dixit
1367 5411 1379 5447 :
1413 5393 1637 5465 Spiritus
1666 5413 1842 5467 prom-

327 5508 399 5571 (a)
428 5507 487 5557 In
507 5515 705 5565 meo,
735 5519 966 5569 ίτιημνῳ.
991 5504 1162 5571 Itaque
1182 5503 1332 5556 electo
1365 5507 1491 5571 apud
1522 5506 1843 5571 Augustinum

268 5567 346 5618 lib.
380 5567 408 5619 ’1
446 5576 616 5635 contra
634 5567 876 5635 faustum
899 5567 1215 5635 ‘Manich’zeum
1233 5582 1375 5635 ,“cap.
1395 5567 1463 5618 '43
1478 5604 1493 5629 ,
1518 5577 1571 5635 et
1593 5567 1640 5635 ἴῃ
1666 5571 1843 5635 Vigilio

265 5633 487 5691 "lapsensi
514 5631 601 5680 lib.
627 5630 652 5679 1
676 5637 841 5679 contra
866 5630 1094 5691 ,Arritun,
1119 5629 1375 5679 Sabelliuin
1416 5639 1469 5680 et
1505 5629 1754 5682 Photinum
1790 5648 1839 5683 n.

273 5690 343 5749 ιδ.
366 5699 421 5743 ct
452 5693 537 5743 lit).
566 5693 586 5740 t
630 5698 800 5742 contra
836 5690 1157 5754 Vartmadum,
1184 5706 1288 5756 cap.
1310 5693 1356 5756 ἓ,
1382 5693 1633 5747 manifesta
1678 5707 1841 5747 σοι-ηι-

273 5756 362 5806 vtio
385 5763 478 5806 est.
505 5751 707 5806 (τοξείαν.

1232 322 1297 378 IN
1334 319 1536 376 lLLUD
1576 362 1590 381 .
1623 318 1692 375 IN
1730 319 1869 403 QUA
1904 318 2332 388 POIl‘liSTATE,
2376 324 2530 381 ETC.

3437 343 3542 396 426

1968 443 2081 505 plus
2109 446 2200 504 est,
2227 455 2346 493 caro
2373 451 2541 513 autem
2561 445 2765 514 inﬁrma
2787 445 2998 517 (Matth.
3026 448 3113 505 26.
3144 453 3233 523 il)
3260 472 3271 507 :
3300 466 3353 510 et
3376 472 3542 512 anuo-

1967 526 2195 583 tavimus
2223 545 2335 587 rem
2365 546 2486 588 esse
2510 534 2968 606 absurdissimam,
2997 558 3116 596 cum
3146 542 3258 612 ipse
3287 546 3541 606 Dominus

1964 618 2110 675 carni
2140 620 2436 692 adscribat,
2470 641 2567 680 nos
2605 628 2654 682 in
2683 629 2916 687 divinam
2947 633 3275 703 tnajeststetu
3305 639 3432 696 dit-ti
3464 644 3543 697 vi-

1964 708 2167 767 litatem
2188 712 2473 783 conjicere.
2500 716 2603 774 Sed
2627 728 2683 779 ut
2705 720 2914 776 Domini
2942 738 3161 796 scopum
3182 728 3537 801 det-laremus,

1962 816 2059 895 cur
2100 820 2294 877 nempe
2340 807 2567 875 dixerit,
2610 808 2858 868 Transeo:
2884 834 2916 869 a
2946 834 3022 872 me
3058 819 3236 875 calix:
3265 839 3369 877 non
3397 827 3538 895 quod

1964 891 2230 965 refugeret
2270 899 2443 954 crucis
2470 900 2939 972 dispensationem,
2970 918 3192 967 mortem
3225 891 3533 976 recusabat;

1961 985 2056 1039 sed
2078 986 2200 1053 quia
2224 985 2453 1060 imperiti
2475 991 2615 1047 circa
2635 993 3085 1064 dispensationem
3110 1000 3275 1070 illam,
3302 1004 3352 1057 in
3378 1019 3538 1073 cruce

1960 1075 2265 1132 scandalum
2293 1081 2501 1151 passuri
2527 1092 2713 1149 erant,
2745 1084 2845 1141 hac
2871 1103 2998 1143 usus
3025 1101 3105 1145 est
3133 1107 3280 1147 voce.
3315 1093 3534 1150 lterum-

1962 1184 2065 1238 que
2091 1168 2228 1226 hanc
2256 1174 2574 1228 sententiam
2601 1186 2880 1246 sequutum
2906 1189 2989 1234 est
3017 1179 3116 1236 hoc
3139 1184 3494 1242 testimonium
3520 1207 3532 1244 :

1962 1259 2146 1329 Orate,
2176 1270 2231 1323 ut
2256 1278 2358 1315 nou
2386 1263 2579 1319 intretis
2607 1264 2658 1318 in
2687 1269 3006 1323 tentatiouem
3037 1269 3242 1342 (lbid.).
3272 1273 3377 1330 Alii
3407 1293 3535 1333 vero

1959 1351 2264 1408 calunmiati
2290 1363 2447 1421 sunt,
2473 1371 2538 1410 ac
2561 1357 2604 1411 si
2633 1356 2952 1415 dixissemus
2982 1382 2997 1417 :
3028 1362 3082 1418 Si
3126 1364 3236 1419 fieri
3267 1379 3445 1439 posset
3477 1382 3533 1424 ut

1956 1442 2064 1501 alio
2098 1446 2283 1500 mortis
2311 1461 2507 1516 genere
2532 1450 2882 1504 meonomiam
2911 1450 3175 1521 impleret.
3222 1455 3335 1512 Hoc
3375 1474 3532 1527 porro

1957 1550 2057 1591 nec
2086 1534 2283 1591 dictttm
2311 1540 2426 1603 fuit,
2459 1554 2556 1594 nec
2582 1539 2790 1596 dicetur
2815 1557 3084 1612 umquam.
3116 1544 3233 1599 Non
3260 1547 3403 1616 dixi,
3431 1551 3531 1606 alia

1946 1635 2165 1699 (morte,
2193 1626 2286 1684 sed
2315 1628 2420 1682 alio
2450 1628 2608 1684 modo
2631 1632 2983 1686 (Bconomiam
3015 1634 3219 1704 impleri
3245 1654 3259 1701 ;
3305 1638 3404 1693 hoc
3428 1651 3533 1706 est,

1956 1718 2088 1771 citra
2128 1728 2376 1773 mortem.
2403 1718 2535 1774 Nam
2565 1720 2783 1777 calicem
2814 1722 3191 1797 interpretatus
3216 1743 3332 1783 sum
3359 1748 3372 1782 :
3406 1732 3533 1788 illud

1953 1816 2132 1866 autem
2172 1807 2360 1871 aliter,
2408 1818 2696 1881 tamquam,
2739 1811 2872 1867 citra
2915 1823 3163 1871 mortem.
3212 1820 3385 1888 Atque
3431 1821 3531 1877 hoe

1955 1898 2153 1955 factum
2182 1908 2285 1965 est,
2318 1917 2424 1955 non
2451 1901 2591 1971 quod
2619 1917 2741 1958 vere
2767 1904 3020 1963 Dominus
3046 1911 3368 1966 recusaverit
3395 1915 3529 1969 mori

1958 2005 2055 2060 pro
2082 1990 2279 2046 mundo
2305 2008 2319 2058 ;
2351 1991 2443 2047 sed
2470 1992 2610 2064 quod
2653 1994 2810 2051 fidem
2841 1994 3014 2052 facere
3041 1999 3266 2054 voluerit
3302 2002 3529 2059 infirmi-

1954 2081 2044 2137 tati
2088 2082 2300 2149 carnis,
2348 2093 2507 2154 atque
2548 2085 2832 2141 ostendere
2860 2103 3074 2143 carnem
3104 2107 3229 2147 vere
3272 2093 3435 2150 fuisse
3458 2097 3528 2153 ιω

1953 2172 2093 2243 quod
2123 2173 2369 2242 timebat,
2399 2183 2453 2231 et
2485 2175 2795 2233 lurbabatur
2825 2198 2839 2234 :
2867 2195 2989 2235 nam
3018 2179 3239 2249 Spiritus
3268 2197 3527 2256 promptus

1942 2274 2043 2346 est,
2083 2281 2202 2320 caro
2244 2274 2409 2319 autem
2455 2266 2679 2336 inﬁrma.
2710 2268 2867 2323 Carni
2896 2272 3059 2326 verba
3089 2272 3407 2331 inﬁrmitatis
3436 2279 3530 2332 ad-

1951 2356 2171 2422 scribit,
2204 2356 2494 2412 divinitatis
2521 2359 2854 2429 majestatem
2886 2376 2991 2417 non
3024 2362 3177 2418 lmsit.
3210 2364 3317 2420 Cur
3341 2369 3525 2423 crimi-

1952 2445 2096 2507 naris
2122 2461 2239 2517 qua:
2278 2462 2384 2502 non
2410 2447 2529 2503 dico
2549 2449 2574 2501 ?
2610 2463 2708 2504 cur
2743 2450 3081 2506 calumniaris
3110 2469 3227 2523 qua:
3254 2471 3359 2510 non
3386 2474 3525 2527 μην-

1950 2537 2116 2594 diCo?
2158 2540 2331 2595 Aliqu
2365 2539 2579 2595 ntodum
2607 2541 2714 2597 dixi
2740 2558 2756 2609 ;
2799 2558 2904 2597 non
2930 2548 3117 2599 mortis
3136 2587 3153 2612 ,
3183 2547 3277 2602 sed
3306 2563 3526 2603 tecono—

1953 2631 2094 2687 mite.
2118 2630 2299 2704 Neque
2319 2633 2459 2688 enim
2482 2632 2679 2688 dictum
2703 2641 2802 2700 est,
2824 2632 2877 2689 Si
2902 2635 3151 2705 possibile
3173 2648 3274 2701 est,
3293 2649 3527 2695 mutetur

1950 2723 2086 2780 calix
2134 2725 2254 2780 iste.
2304 2724 2620 2781 Carnis~est
2664 2726 2978 2794 infirmitas,
3025 2727 3411 2786 incarnationis
3446 2742 3531 2805 est

1950 2814 2146 2885 passio.
2176 2815 2383 2870 Profert
2412 2814 2737 2871 infirmitatis
2765 2816 2956 2882 verba,
2988 2826 3046 2872 ut
3067 2819 3315 2874 ostendat
3340 2836 3399 2876 se
3431 2823 3530 2877 hac

1952 2906 2190 2963 indutum
2221 2923 2341 2965 esse
2388 2918 2575 2963 natura
2595 2951 2611 2977 ,
2642 2926 2760 2979 qua:
2790 2919 3015 2966 mortem
3062 2911 3327 2968 formidat.
3363 2913 3432 2970 Ut
3462 2932 3528 2970 tte

1953 3010 2130 3057 autem
2174 3015 2384 3056 rursum
2427 3000 2647 3057 dictioni
2695 3000 2932 3070 servias,
2964 3017 3028 3059 ex
3071 3002 3359 3059 abundanti
3401 3006 3531 3061 illud

1950 3108 2162 3166 quoque
2207 3092 2399 3151 adduxi
2445 3115 2461 3152 :
2499 3110 2618 3166 qua:
2662 3103 2743 3151 est
2786 3095 2962 3164 ratio,
3000 3098 3270 3168 apostolos
3318 3098 3527 3157 fortiter

1951 3195 2175 3241 mortem
2204 3188 2520 3243 conculcare
2539 3229 2553 3252 ,
2584 3187 2945 3257 apostolorum
2988 3206 3114 3245 vero
3145 3189 3427 3247 Dominum
3458 3195 3527 3248 ti-

1949 3276 2147 3331 muisse
2172 3284 2226 3331 et
2255 3276 2526 3332 horruisse
2567 3278 2751 3332 mortis
2793 3279 3112 3334 accessum?
3155 3279 3279 3338 Iltrc
3306 3292 3357 3337 et
3389 3300 3530 3339 utine

1948 3366 2121 3424 dicam
2139 3408 2154 3433 ,
2183 3367 2396 3424 fratres.
2435 3368 2631 3425 Paulus
2659 3385 2763 3425 non
2789 3371 2961 3427 solum
2992 3372 3219 3445 alligari,
3247 3373 3342 3429 sed
3368 3374 3527 3429 etiam

1950 3458 2085 3521 mori
2116 3469 2335 3531 propter
2361 3475 2553 3515 nomen
2581 3461 2777 3517 Christi
2809 3472 3049 3535 paratum
3074 3479 3133 3520 se
3162 3458 3378 3522 strenue
3408 3484 3529 3535 prn-

1951 3553 2191 3615 uuntiat,
2226 3554 2373 3608 Pauli
2404 3569 2531 3609 vero
2558 3554 2814 3614 Dominus
2855 3557 2986 3611 mori
3017 3567 3226 3613 recusat
3259 3558 3402 3630 (Act.
3434 3560 3526 3615 2|.

1952 3643 2020 3699 15
2040 3642 2107 3716 )?
2138 3643 2204 3699 Et
2236 3644 2379 3700 Pauli
2410 3644 2622 3716 quidem
2652 3662 2747 3700 cor
2793 3662 2897 3701 non
2943 3657 3164 3713 mteret,
3195 3651 3369 3703 anima
3402 3668 3531 3707 vero

1949 3733 2147 3788 Christi
2182 3735 2462 3790 turbatur?
2492 3737 2623 3791 Nam
2656 3738 2729 3792 ait
2758 3756 2771 3792 :
2801 3737 2954 3791 Nunc
2981 3740 3154 3792 anima
3183 3757 3291 3794 mea
3330 3741 3530 3795 turbata

1950 3836 2019 3881 est
2041 3826 2218 3897 (Joau.
2246 3828 2332 3882 12.
2354 3828 2468 3900 27).
2505 3828 2629 3883 llu-c
2654 3829 2829 3883 omnia
2854 3829 3000 3883 vobis
3030 3831 3252 3885 testibus
3279 3832 3532 3897 loquutus

1951 3934 2089 3974 sum.
2122 3919 2316 3974 Verum
2348 3920 2431 3975 his
2466 3935 2570 3974 non
2601 3921 2984 3990 obtemperas?
3013 3922 3105 3976 sed
3134 3921 3283 3990 illud,
3317 3924 3378 3979 Si
3406 3941 3527 3993 pos—

1924 4000 2093 4065 sibile
2117 4019 2208 4073 est,
2250 4008 2424 4064 adhuc
2466 4010 2786 4065 olfendiculo
2822 4020 2904 4065 est
2945 4011 3080 4066 tibi?
3123 4013 3261 4066 Sane
3288 4015 3537 4082 quidem,

1948 4103 2042 4158 ait.
2072 4101 2506 4175 Congrediamur,
2526 4101 2735 4168 fratres,
2754 4118 2873 4157 cum
2892 4104 3244 4168 contentioso,
3264 4105 3529 4174 simulque

1944 4197 2183 4253 nitamur
2221 4194 2269 4249 vi
2316 4193 2557 4249 veritatis
2599 4194 2721 4249 illos
2763 4194 2967 4264 erigere
3008 4195 3100 4265 qui
3143 4195 3530 4252 incredulitatis

1952 4286 2257 4343 inﬁrmitate
2300 4285 2433 4356 lapsi
2472 4294 2616 4347 sunt.
2646 4285 2703 4341 Si
2734 4292 3049 4356 potestatem
3078 4285 3349 4341 habuisset
3376 4285 3532 4342 Chri-

1951 4389 2065 4434 stus
2087 4419 2102 4442 ,
2135 4394 2239 4433 non
2279 4378 2535 4443 dixisset,
2566 4377 2628 4433 Si
2654 4376 2891 4448 possibile
2916 4386 3023 4444 est,
3056 4378 3293 4431 transeat.
3323 4379 3533 4435 Accusa

1952 4484 2081 4538 ergo
2106 4468 2266 4523 etiam
2293 4468 2482 4533 Deum,
2511 4468 2601 4538 qui
2629 4468 2679 4523 in
2709 4468 2825 4539 lege
2849 4468 2915 4523 iis
2934 4469 3110 4525 verbis
3132 4485 3257 4524 usus
3279 4479 3382 4536 est,
3410 4488 3532 4540 qua:

1950 4561 2017 4615 ab
2043 4559 2157 4630 ejus
2181 4568 2443 4631 potestate
2471 4559 2626 4630 longe
2647 4559 2865 4619 distent.
2894 4560 2982 4615 Ait
3006 4561 3148 4615 enim
3174 4559 3339 4631 Moysi
3368 4561 3528 4626 Dens,

1950 4667 2070 4709 cum
2118 4652 2428 4723 loqueretur
2472 4651 2524 4706 in
2558 4660 2741 4706 monte
2785 4650 2911 4708 Sina
2937 4692 2953 4718 ,
3000 4667 3094 4722 per
3122 4668 3371 4722 magnum
3400 4651 3529 4708 illud

1953 4743 2296 4814 terribileque
2314 4751 2579 4797 ostentum
2608 4760 2622 4795 :
2652 4758 2772 4797 cum
2798 4744 2974 4798 omnis
3002 4750 3254 4797 tremeret
3281 4742 3534 4814 populus,

1950 4834 2173 4890 audiens
2201 4849 2385 4889 vocem
2415 4834 2507 4888 Dei
2535 4834 2763 4888 viventis
2791 4851 2803 4886 :
2832 4836 2921 4904 qui
2947 4833 3183 4888 omnium
3209 4842 3530 4902 potestatem

1924 4926 2113 5003 {habet
2132 4965 2147 4992 ,
2178 4933 2233 4981 et
2259 4926 2436 4991 otnnia
2477 4925 2724 4979 omnibus
2749 4923 3053 4994 dispensat,
3086 4924 3161 4978 ait
3198 4924 3363 4996 Moysi
3392 4925 3534 4980 Deus

1951 5018 2188 5072 onmium
2218 5016 2438 5086 largitor
2468 5032 2482 5069 :
2524 5015 2648 5081 Quis
2676 5013 2815 5068 dabit
2837 5029 2942 5068 esse
2966 5029 3054 5068 cor
3078 5030 3249 5069 eorum
3276 5017 3327 5069 in
3354 5015 3446 5083 eis,
3475 5026 3535 5070 ut

1954 5109 2163 5163 timeant
2202 5123 2319 5174 me,
2348 5116 2395 5160 et
2424 5106 2706 5159 custodiant
2733 5106 2961 5159 omnibus
2999 5104 3209 5173 diebus,
3238 5117 3292 5160 ut
3322 5106 3441 5163 bene
3467 5106 3534 5160 sit

1950 5200 2043 5265 eis,
2068 5210 2115 5253 et
2146 5198 2266 5267 ﬁliis
2295 5212 2466 5251 eorum
2495 5194 2668 5265 (Deut.
2694 5196 2747 5251 5.
2772 5194 2912 5267 i9)?
2942 5196 3076 5251 Dicit
3103 5197 3262 5264 Deus,
3293 5198 3417 5266 Quis
3438 5199 3534 5253 da-

1952 5292 2022 5346 bit
2048 5289 2237 5361 populo
2264 5288 2381 5342 huic
2406 5304 2493 5341 cor
2513 5288 2539 5341 Σ)
2568 5287 2636 5342 Ει
2663 5287 2803 5358 quis,
2829 5287 3051 5345 Domine
3070 5331 3085 5355 ,
3114 5298 3168 5344 te
3199 5289 3441 5350 validior,
3475 5296 3533 5341 ut

1944 5384 2083 5440 det?
2112 5396 2289 5438 nonne
2315 5389 2368 5436 tu
2398 5395 2457 5436 es
2495 5379 2585 5450 qui
2625 5388 2814 5435 cuncta
2843 5379 2961 5447 das,
2994 5383 3289 5451 praesertim
3315 5395 3434 5450 qua:
3462 5379 3529 5434 ad

1950 5482 2201 5545 pietatem
2248 5471 2535 5542 spectant?
2581 5470 2691 5526 Nisi
2741 5480 2795 5525 tu
2838 5487 2896 5527 es
2924 5472 3014 5541 qui
3060 5488 3155 5527 cor
3196 5472 3393 5526 bonum
3435 5468 3531 5524 das

1950 5562 2293 5635 diligentibus
2332 5570 2386 5617 te
2405 5602 2421 5628 ,
2449 5561 2551 5617 nisi
2582 5571 2637 5618 tu
2664 5576 2724 5618 es
2759 5562 2851 5633 qui
2894 5562 3105 5633 largiris
3127 5603 3143 5628 ,
3172 5575 3340 5631 quare
3367 5560 3531 5616 David

1954 5655 2057 5711 hoc
2083 5669 2114 5708 a
2154 5661 2206 5709 te
2233 5654 2401 5724 petit,
2433 5653 2532 5708 Cor
2569 5652 2814 5708 mundum
2842 5668 2958 5707 crea
2994 5655 3047 5706 in
3075 5667 3168 5714 me,
3184 5652 3317 5707 Deus
3342 5650 3363 5725 (
3384 5651 3527 5706 l’sal.

1953 5748 2040 5807 5’0.
2068 5747 2211 5821 P2)?
2238 5745 2341 5805 Cor
2364 5746 2621 5806 mundum
2651 5765 2680 5803 a
2708 5757 2759 5805 te
2787 5746 3053 5819 postulant
3081 5746 3378 5818 prophetas,
3403 5749 3530 5805 alia-
