3982 6198
516 353 619 418 ΗἸ

512 495 618 548 que
647 480 781 531 bOna
812 477 1054 538 'mltn'ci‘a,
1082 475 1240 540 atque
1270 468 1445 524 cordis
1476 467 1755 548 puritatem
1783 481 1796 518 :
1828 463 1883 518 et
1913 461 2102 548 huma-

519 544 581 623 na
612 577 765 622 utens
795 571 925 619 voce
961 552 1116 626 dicis,
1163 562 1286 628 Quis
1329 558 1466 613 datm
1496 544 1682 629 populo
1712 546 1828 610 huic
1868 546 1997 608 cor?
2032 547 2097 606 Et

512 660 633 728 quis
682 658 801 727 plus
849 648 942 712 dat
989 670 1147 725 quam
1195 655 1294 707 tu?
1327 651 1699 706 Verumtamen
1731 647 1856 702 licet
1899 655 1954 700 ttt
1987 658 2096 713 pm

513 749 752 804 bonitate
791 748 870 802 sit:
910 746 1159 816 loquutus
1188 743 1296 804 sis',
1329 753 1382 796 at
1422 741 1608 796 beatus
1633 739 1841 810 Moyses
1865 737 1972 790 non
2001 733 2098 788 ad-

511 837 667 893 hmsit
705 837 941 894 seritihni
972 838 1061 890 'tu'o
1081 878 1095 900 ,
1124 833 1220 890 sed
1250 820 1534 904 publicavit
1565 829 1894 898 maiestatem
1927 834 2094 889 tuam,

513 931 747 987 ostmdit
777 930 1148 985 auctoritatem
1171 969 1187 992 ,
1221 925 1467 996 patelccit
1499 918 1810 994 po'teniiam.
1843 909 1979 974 Dicit
2005 932 2097 988 po-

513 1025 600 1097 pnl
618 1041 639 1080 )
677 1025 728 1078 in
759 1021 1170 1078 Deuteronomio
1200 1038 1213 1074 :
1237 1017 1387 1072 Dedit
1416 1004 1549 1071 vobis
1576 1015 1823 1069 Dominus
1851 999 1989 1068 Deus
2013 1031 2099 1068 cor

521 1115 592 1168 ad
620 1115 898 1181 sciendum,
925 1122 971 1169 et
997 1112 1168 1167 oculos
1193 1101 1260 1163 ml
1295 1107 1562 1162 videndum
1581 1148 1596 1172 ,
1625 1117 1670 1160 et
1713 1122 1860 1160 aures
1899 1105 1972 1158 ad'
2006 1121 2100 1158 au-

514 1205 751 1260 tliemlum
778 1221 932 1275 usque
961 1203 1012 1257 in
1037 1203 1168 1256 diem
1198 1206 1328 1252 hanc
1359 1197 1542 1270 (Deut.
1572 1196 1662 1251 29.
1688 1197 1722 1250 Al
1740 1196 1781 1266 ).

585 1291 639 1351 8.
687 1291 846 1350 Vides
872 1289 1020 1348 illttm
1053 1291 1179 1346 dare
1205 1305 1298 1343 cor
1319 1330 1332 1353 ,
1372 1278 1588 1350 oculos,
1620 1301 1776 1340 aures
1802 1293 1856 1340 et
1881 1283 2098 1339 omnia?

515 1381 615 1456 Qui
645 1389 773 1457 ergo
803 1387 847 1441 is
873 1384 960 1454 (lui
988 1382 1165 1438 Omnia
1208 1380 1299 1435 dat
1325 1380 1563 1445 dicebat,
1595 1379 1718 1446 Quis
1744 1377 1880 1429 dabit
1909 1376 2098 1446 populo

514 1470 631 1534 huic
673 1481 760 1533 cor
802 1468 945 1532 talé?
974 1480 1079 1545 quo
1108 1476 1261 1543 paeto
1301 1485 1502 1532 rursus,
1537 1470 1634 1522 nTsi
1668 1470 1779 1538 ipse
1805 1483 1898 1522 cor
1923 1468 2095 1532 daret,

515 1565 715 1628 dicerei
753 1572 846 1640 per
871 1566 1202 1622 Ezcclticlcin
1240 1582 1252 1617 :
1289 1553 1355 1646 hit
1386 1562 1642 1616 extraham
1671 1578 1733 1614 ea:
1756 1561 1825 1614 eis
1854 1576 1940 1612 cor
1967 1558 2099 1627 lapi—

517 1661 688 1726 deum,
719 1665 764 1717 et
795 1661 924 1714 dolo
949 1658 1021 1712 eis
1045 1673 1131 1710 cor
1154 1658 1410 1717 carueum',
1438 1655 1483 1706 et
1510 1652 1721 1705 sci'ibam
1753 1652 1910 1721 le'g'em
1935 1665 2097 1702 meum

517 1744 572 1811 in
601 1753 838 1810 cordibus
866 1768 1038 1806 eorum
1071 1748 1282 1822 (Ezcclt.
1311 1747 1397 1801 ιι.
1424 1745 1516 1810 19;
1540 1744 1653 1798 Jer.
1677 1744 1765 1799 5|.
1791 1728 1920 1812 35)?
1949 1741 2100 1795 Sicut

517 1864 648 1919 ergo
671 1847 776 1901 illic
803 1847 917 1913 ipse
946 1844 1105 1919 Deus,
1128 1842 1215 1912 qui
1238 1841 1367 1894 dare
1392 1848 1560 1908 potest
1590 1853 1686 1892 cor
1706 1837 1924 1900 bonum,
1947 1829 2094 1900 dicit,

517 1918 646 2005 Quis
670 1923 806 1991 dabit
829 1937 853 1990 ?
879 1936 949 1990 ita
970 1943 1024 1990 et
1043 1918 1351 2003 Unigenitus
1376 1931 1565 1991 Patris.
1594 1929 1681 1999 qui
1715 1934 1974 1999 potestate
2000 1932 2094 1980 sita

516 2017 692 2100 replt-t
735 2027 920 2082 orbem
967 2020 1269 2088 ierrarutn,
1317 2019 1549 2092 dicitque
1594 2035 1713 2074 cum
1743 2014 2094 2073 auctoritate:

517 2111 827 2177 Potestatem
856 2107 1012 2173 habeo
1044 2116 1262 2188 ponendi
1287 2113 1507 2168 animam
1532 2114 1713 2178 meam,
1737 2109 1783 2165 ei
1808 2105 2098 2181 potestaleiit

517 2205 674 2271 halica
699 2195 926 2270 sumendi
943 2209 1246 2282 eam(.l(ian.
1278 2208 1365 2262 iO.
1393 2197 1482 2278 l8)
1515 2223 1530 2266 ;
1562 2205 1735 2258 adhuc
1757 2194 2020 2274 responde
2046 2211 2100 2257 et

519 2306 586 2363 e'x
620 2306 846 2360 humana
879 2305 1048 2358 forma
1077 2312 1130 2357 et
1157 2301 1363 2354 rati0ne
1387 2283 1618 2353 earnnlis
1647 2291 1985 2358 inlirmiialis,
2015 2284 2098 2349 his

517 2398 699 2455 verbis
732 2413 746 2451 :
779 2387 843 2453 Si
870 2383 1105 2468 possibile
1129 2390 1201 2447 est
1223 2433 1238 2458 ,
1278 2400 1495 2445 transeat
1523 2407 1553 2441 a
1580 2405 1658 2442 me
1698 2379 1832 2441 calix
1866 2385 2096 2459 (Matth.

520 2476 612 2548 96.
642 2481 710 2547 39
806 2476 884 2544 Ne
914 2479 1070 2558 igiiur
1111 2477 1507 2538 ealtnnniéinini
1539 2480 1678 2534 circa
1722 2494 1783 2532 ea
1814 2479 1930 2547 qum
1960 2476 2099 2531 dicta

522 2585 632 2641 non
664 2575 908 2645 fuerunt,
949 2578 1042 2634 sed
1071 2565 1326 2631 inhaerete
1354 2575 1416 2628 iis
1437 2615 1450 2637 ,
1482 2589 1598 2642 quae
1628 2566 1908 2640 piaedica'ta
1934 2577 2056 2621 sunt
2082 2585 2098 2623 :

520 2693 589 2732 ne
609 2659 966 2731 criminemini
988 2671 1307 2734 doctrinam,
1329 2668 1418 2737 qui
1441 2681 1655 2720 sensum
1678 2673 1781 2718 nOn
1806 2659 2096 2732 percipitis.

521 2762 647 2822 Scio
685 2764 825 2820 unde
868 2764 921 2818 in
962 2762 1281 2818 calumniam
1327 2772 1640 2830 prorumpas
1668 2775 1681 2810 :
1709 2756 1820 2811 scio
1848 2753 1986 2808 unde
2024 2754 2101 2807 sic

521 2847 743 2913 “allectus
771 2856 868 2910 sis.
910 2855 1182 2909 Hamanus
1217 2862 1300 2907 est
1328 2851 1581 2914 aﬁ‘cctus,
1616 2847 1824 2902 invidie
1859 2845 2097 2900 morbus.

519 2932 654 3006 ﬁam
697 2949 756 3004 ut
797 2949 982 3003 oculus
1019 2945 1062 3001 si
1113 2958 1274 3014 purus
1316 2942 1404 3007 sit,
1451 2949 1637 2996 cuneta
1683 2950 1825 2993 recte
1854 2938 1997 2992 videt
2037 2939 2101 2992 ac

521 3030 822 3106 discernit;
868 3041 950 3096 sin
999 3038 1174 3094 fumus
1219 3036 1509 3100 invaserit,
1556 3031 1610 3088 et
1656 3029 2100 3103 pulchritudinem

522 3133 672 3190 'visus
710 3115 1074 3194 labefactat-it,
1105 3137 1195 3181 aut
1237 3127 1281 3181 si
1330 3109 1497 3194 pulvis
1543 3110 1782 3178 inciderit
1808 3164 1823 3187 ,
1858 3110 2103 3176 obtundit

520 3223 734 3291 Visum;
782 3238 953 3293 neque
983 3222 1126 3276 recte
1157 3203 1300 3273 videt
1329 3211 1387 3272 ut
1423 3226 1547 3270 ante
1580 3234 1593 3270 :
1628 3216 1697 3268 ita
1727 3216 1866 3268 nunc
1891 3213 2103 3282 quoque

524 3311 797 3370 'n'uditores
821 3300 1037 3384 singuli,
1067 3299 1242 3368 donec
1271 3312 1459 3381 p'uritm
1491 3309 1692 3364 habeht
1717 3297 1837 3360 ﬁdei
1867 3305 2099 3368 oculum,

523 3410 712 3480 puram
741 3405 982 3460 caritatis
1009 3394 1334 3473 palpebram.
1370 3407 1513 3456 rctte
1543 3401 1778 3470 phreq'ue
1805 3397 1984 3451 vident
2009 3412 2023 3461 ;
2051 3407 2105 3450 at

527 3477 572 3554 si
605 3489 778 3554 fumus
806 3495 1150 3565 blaSphentia:
1176 3495 1314 3548 dicta
1343 3493 1612 3554 invaserit,
1640 3487 1732 3546 'aul
1761 3479 1968 3544 invidia:
1992 3477 2105 3559 pul-

523 3593 606 3646 vis
629 3573 862 3642 animum
893 3587 1134 3650 subierit,
1171 3586 1349 3639 turbat
1378 3585 1647 3649 intuitum,
1681 3581 1979 3651 mentisque
2008 3596 2105 3648 pu-

525 3683 737 3741 l‘itate'm
767 3672 901 3736 tollit
927 3697 946 3745 ;
974 3695 1036 3735 ac
1069 3695 1190 3750 qua:
1221 3693 1324 3733 non
1354 3674 1587 3742 audivit,
1629 3676 1896 3730 audivisse
1937 3672 2102 3744 putat,

525 3774 750 3847 qumque
790 3758 1024 3834 audivit,
1073 3786 1179 3826 non
1226 3761 1390 3839 probe
1441 3763 2108 3847 intellexit._Quapropter

525 3844 996 3936 eutn'prteviderel
1038 3848 1213 3918 di‘viua
1253 3861 1526 3928 Scriptura
1563 3844 1880 3914 oll'endicula
1921 3859 2105 3912 eorum

526 3957 619 4028 qui
643 3955 695 4011 itt
735 3956 901 4011 sacris
931 3945 1099 4010 litéris
1124 3951 1443 4022 ciigitatibtte
1466 3947 1761 4006 'Obe'rraturi
1788 3952 1963 4012 erant,
1992 3949 2111 4020 qui-‘-

528 4049 651 4103 dam
694 4063 759 4103 ex
801 4042 1078 4116 protihetis
1114 4043 1360 4098 clamavit
1399 4037 1519 4113 post
1557 4031 1825 4110 impletam
1869 4040 2106 4096 divinam

531 4140 962 4210 [medicationem
995 4153 1010 4190 :
1043 4135 1171 4200 Quis
1199 4134 1419 4204 sapiens,
1447 4145 1494 4187 et
1520 4120 1762 4205 intelliget
1789 4129 1941 4210 haec?
1964 4142 2009 4186 et
2035 4121 2110 4186 vir

529 4222 749 4302 prudens
771 4269 787 4292 ,
831 4236 878 4282 et
922 4235 1182 4298 cognoscet
1211 4231 1321 4278 haec
1340 4225 1366 4278 7
1411 4210 1544 4288 Quia
1575 4219 1723 4277 recite
1762 4224 1854 4277 in’a:
1879 4205 2107 4287 Domini,

528 4306 651 4392 iusti
676 4318 1003 4372 ambulabunt
1031 4317 1083 4370 in
1109 4312 1348 4386 eis(0sce
1387 4314 1472 4369 Η.
1504 4305 1616 4382 10).
1649 4313 1724 4368 Ne
1755 4315 1931 4383 itaque
1952 4357 1964 4368 .
2000 4305 2109 4366 ira-

530 4412 643 4473 ter,
686 4392 845 4462 verba
890 4417 1174 4461 convertas
1216 4407 1268 4460 in
1313 4403 1648 4459 oﬁ‘endicula.
1698 4395 1881 4458 Nudus
1910 4406 2108 4467 sermo,

531 4498 672 4556 liuda
703 4499 918 4553 veritas.
950 4497 1064 4552 Non
1093 4511 1229 4550 unus
1250 4536 1265 4560 ,
1299 4511 1404 4548 non
1433 4494 1539 4548 duo
1559 4535 1574 4558 ,
1606 4510 1710 4548 non
1745 4493 1928 4548 decem
1950 4534 1964 4557 ,
2007 4508 2111 4546 non

531 4589 746 4648 centum
776 4589 1058 4643 audierunt
1085 4629 1100 4653 ,
1131 4586 1413 4642 multitudo
1442 4593 1525 4638 est
1563 4586 1818 4640 immensa
1862 4593 1917 4638 et
1959 4583 2114 4638 inuu-

531 4700 702 4738 mera.
753 4672 979 4751 Pelagus
1020 4676 1230 4748 pietatis
1273 4687 1354 4732 est
1398 4674 1674 4741 Ecclesia,
1721 4691 1824 4730 non
1870 4674 2114 4730 ﬂuctibus

531 4777 808 4849 agitatum,
855 4767 948 4829 sed
995 4772 1099 4827 ﬁde
1143 4771 1380 4842 plentnn.
1427 4768 1578 4838 Apud
1622 4784 1720 4822 nos
1763 4784 1866 4823 non
1917 4769 2114 4838 patitur

536 4867 864 4937 naufragium
904 4856 1100 4935 scapha
1130 4861 1419 4925 doctrinm,
1448 4876 1551 4912 non
1595 4859 1828 4928 pellitur,
1863 4875 1965 4912 non
1999 4867 2113 4912 tur-
2164 4928 2168 4929 ν

536 4949 730 5027 batur,
762 4972 869 5013 non
897 4952 1303 5027 tempestatibus
1343 4951 1607 5025 agitatur;
1651 4948 1745 5006 sed
1783 4953 1838 5006 ut
1875 4948 1942 5004 ad
1971 4952 2114 5004 trait-

2030 328 2306 402 thstt'rt
3639 359 3724 415 ηε

2208 465 2432 536 quillum
2461 473 2669 539 portum
2696 469 2747 524 in
2776 468 2979 524 animas
3003 472 3325 540 diligentiam
3351 470 3503 526 Deum
3528 476 3727 545 appellit.

2204 557 2380 628 Atque
2435 559 2548 614 lucc
2600 557 2877 616 hactenus.
2932 561 3194 616 thte'rnm
3262 551 3386 616 illud
3436 565 3732 622 considerare

2202 646 2433 719 oportet,
2461 657 2674 707 sanctos
2704 653 2795 708 Dei
2831 653 2882 706 iii
2911 654 3206 708 calumnias
3236 654 3481 710 incidere.
3509 649 3629 723 Quid
3655 661 3736 713 nti-

2203 757 2320 794 rum
2348 742 2390 794 si
2433 746 2533 796 nos
2564 743 2698 796 viles
2719 785 2733 807 ,
2781 743 3028 808 lminiles,
3072 746 3160 812 qui
3192 745 3317 799 nihil
3347 761 3521 800 sumus
3543 789 3557 811 ,
3593 758 3644 802 ut
3679 751 3734 804 ita

2202 831 2398 896 dicam,
2431 823 2708 888 calumniis
2741 834 3090 903 impetimur?
3134 837 3324 889 Annon
3349 838 3528 890 audisti
3560 838 3737 895 Davidis

2203 922 2384 986 verba,
2415 922 2570 992 Eripe
2596 941 2674 977 me
2698 942 2730 977 a
2754 915 3021 980 calumniis
3052 924 3310 979 hominum
3341 926 3413 1000 (a)
3445 923 3612 1000 (Psal.
3637 931 3735 984 ll8.

2207 1003 2310 1096 εει
2343 1013 2404 1083 )‘i
2434 1016 2760 1096 calumniam
2808 1009 2946 1086 passi
2991 1021 3114 1072 sunt
3139 1019 3298 1072 etiam
3341 1022 3500 1074 saneti
3526 1005 3740 1075 Servato-

2203 1105 2278 1159 ris
2309 1095 2567 1174 apostoli,
2615 1117 2672 1162 ut
2712 1109 2786 1162 ait
2827 1112 2884 1163 et
2928 1109 3112 1163 boatus
3142 1109 3335 1164 Paulus
3376 1128 3390 1166 :
3433 1099 3493 1165 Et
3527 1114 3617 1165 non
3637 1115 3740 1166 sicut

2203 1195 2632 1264 blasphemamur,
2661 1198 2707 1252 ει
2731 1197 2858 1250 sicut
2887 1199 3029 1252 aiunt
3055 1200 3259 1270 quidam
3287 1217 3377 1254 nos
3406 1186 3578 1265 dicere,
3603 1196 3739 1272 facias

2201 1302 2314 1338 ntus
2345 1287 2500 1350 mala,
2530 1297 2582 1340 ut
2612 1286 2810 1342 eenianl
2839 1289 2968 1343 bona
2996 1291 3012 1356 (
3036 1289 3181 1343 Rom.
3213 1291 3265 1346 5.
3289 1291 3384 1360 8).
3415 1291 3522 1345 Nm
3552 1296 3739 1358 nutriet),

2201 1389 2322 1429 cum
2373 1377 2570 1430 Sanctis
2618 1379 2881 1433 calumnia
2931 1379 3191 1445 all'eclus;
3243 1383 3341 1435 etsi
3393 1381 3621 1451 indignus
3662 1385 3741 1437 sitit

2203 1475 2507 1522 sanctorum
2531 1471 2824 1524 consortio.
2848 1470 3062 1526 Jndioes
3086 1488 3179 1526 vos
3203 1477 3395 1528 onmés
3418 1476 3593 1538 Ita‘be'o,
3614 1475 3745 1544 atque

2201 1569 2328 1614 ante
2351 1576 2444 1615 vos
2469 1576 2656 1618 omnes
2681 1577 3017 1619 communem
3045 1564 3258 1621 Patrem
3282 1570 3539 1628 nostritm‘,
3561 1556 3639 1634 qui
3660 1573 3743 1620 nuit

2202 1666 2268 1706 ex
2302 1651 2642 1721 praejudicata
2668 1654 2940 1722 opinione,
2973 1655 3068 1709 sed
3097 1671 3154 1710 re
3180 1657 3394 1725 cognita
3424 1657 3628 1726 judicat.
3657 1655 3746 1710 No-

2202 1741 2276 1794 vit
2299 1743 2652 1812 cogitationes
2681 1756 2890 1800 nostras
2910 1787 2925 1811 ,
2959 1748 3232 1817 cognoscit
3255 1760 3307 1802 et
3338 1749 3519 1814 verba,
3547 1751 3670 1815 quod
3692 1750 3746 1803 ab

2202 1833 2320 1903 ipso
2350 1835 2462 1889 hare
2503 1836 2674 1891 edocti
2727 1836 3004 1893 fuerimus.
3053 1839 3396 1895 Postulamus
3425 1857 3453 1894 a
3482 1842 3620 1895 vobis
3643 1858 3744 1895 num

2201 1925 2611 1995 reprehenderit
2639 1928 2815 1996 dicta,
2861 1945 3029 2000 eaque
3058 1933 3354 1988 correxerit
3392 1951 3407 1988 :
3444 1950 3611 1988 verum
3640 1934 3747 1988 nihil

2201 2021 2500 2090 suspicatus
2529 2021 2630 2076 est.
2661 2021 2821 2077 Certe
2859 2023 2903 2077 si
2949 2025 3281 2080 emendasset
3306 2068 3321 2090 ,
3358 2041 3466 2080 non
3497 2027 3612 2081 odio
3633 2068 3646 2091 ,
3673 2025 3748 2081 sul

2201 2116 2426 2170 Caritate
2454 2123 2628 2170 motus
2659 2115 2708 2170 id
2739 2109 2975 2173 iecisset.
3019 2117 3186 2186 Quem
3228 2119 3369 2174 enim
3421 2121 3577 2190 diligit
3606 2128 3746 2188 pater,

2202 2207 2374 2277 arguit
2399 2225 2412 2272 ;
2444 2217 2600 2279 quem
2632 2215 2760 2263 vero
2790 2216 2894 2263 rion
2921 2211 3171 2279 corrigit,
3199 2221 3477 2265 aversatur
3505 2211 3677 2283 (Prov.
3699 2212 3742 2265 '5.

2205 2299 2316 2371 l2).
2343 2296 2703 2354 Adntirandus
2728 2309 2907 2354 autem
2937 2298 3023 2354 hic
3052 2302 3204 2371 pater
3230 2311 3282 2356 et
3307 2309 3460 2357 recte
3483 2304 3609 2357 dicta
3631 2318 3749 2357 enm-

2204 2389 2425 2460 probat,
2467 2401 2522 2445 et
2551 2405 2764 2445 errores
2807 2391 3074 2445 emendat.
3111 2388 3222 2446 lloc
3262 2393 3408 2446 enim
3458 2393 3611 2462 patris
3647 2407 3748 2462 pro-

2203 2484 2372 2553 prium
2401 2492 2503 2548 est,
2534 2493 2677 2538 recte
2697 2473 2835 2538 dicta
2864 2493 2927 2539 ac
2949 2489 3067 2538 etim
3100 2485 3200 2539 ﬁde
3232 2485 3516 2554 pra-dicata
3545 2485 3750 2538 laudibus

2202 2575 2494 2630 celebrare.
2528 2565 2734 2630 Sufﬁcit
2781 2587 2908 2645 ergo
2956 2577 3190 2630 omnium
3234 2577 3404 2629 instar
3447 2577 3556 2646 ejus
3592 2576 3751 2630 suifra-

2201 2665 2344 2736 gium
2375 2705 2390 2730 ,
2417 2675 2578 2735 atque
2601 2666 2655 2721 in
2686 2665 2874 2735 primis
2911 2653 3226 2720 sanctissimi
3254 2663 3367 2720 Dei.
3399 2662 3648 2721 Cancrum
3673 2666 3751 2734 pia:

2204 2754 2576 2811 adltzereamus
2603 2757 2870 2826 religioni,
2900 2759 3174 2812 servemus
3205 2755 3358 2810 ﬁdem
3394 2758 3749 2811 intemeratatn.

2203 2846 2419 2902 Credite
2448 2846 2700 2913 veritati,
2744 2862 2810 2902 ne
2839 2847 3185 2901 contradicitt:
3223 2848 3456 2901 veritati.
3504 2847 3578 2902 Ne
3623 2846 3751 2900 Iidem

2202 2939 2470 2994 adulteres
2491 2981 2507 3006 ,
2538 2938 2769 2994 divinam
2796 2948 3037 2992 naturam
3069 2943 3136 2992 ite
3173 2938 3381 2992 curluse
3411 2939 3672 3008 explores,
3698 2949 3752 2989 tte

2203 3032 2518 3088 mortalibus
2559 3023 2852 3086 ratiociniis
2901 3033 3251 3086 immortalem
3289 3030 3592 3102 dignitatem
3619 3028 3754 3098 subji-

2204 3125 2334 3179 cias.
2367 3123 2670 3179 Periculosa
2694 3133 2776 3178 est
2797 3124 3254 3178 ratiocinatiouum
3279 3124 3361 3176 via
3384 3139 3400 3189 ;
3434 3127 3538 3177 tuta
3558 3133 3606 3176 et
3628 3121 3751 3174 ﬁrma

2206 3217 2551 3288 intelligentia
2606 3217 2956 3272 confessionis
3011 3216 3153 3270 ﬁdei.
3214 3217 3346 3270 Vera
3402 3215 3646 3287 sapientia
3688 3223 3756 3267 est

2207 3308 2361 3364 ﬁdes.
2393 3308 2528 3363 Audi
2571 3307 2696 3378 quid
2739 3305 2880 3363 dicat
2919 3308 3154 3362 divinum
3186 3308 3462 3362 oraculum
3495 3326 3508 3360 :
3536 3307 3658 3360 Nam
3681 3315 3754 3358 etst

2205 3398 2316 3466 quis
2346 3400 2438 3454 erit
2469 3403 2719 3471 perfectus
2747 3399 2878 3452 inter
2915 3400 3053 3467 filios
3092 3400 3350 3451 hominuiii
3370 3438 3386 3462 ,
3421 3399 3466 3452 si
3491 3396 3551 3450 ιδ
3575 3396 3658 3450 illo
3680 3389 3757 3447 αυο

2207 3492 2358 3565 fuerit
2388 3509 2448 3546 ea
2476 3499 2590 3562 aute
2617 3509 2648 3545 a
2674 3493 2721 3545 le
2745 3493 2815 3545 est
2843 3491 3112 3560 sapientia,
3141 3490 3211 3544 ad
3238 3491 3451 3544 nihilum
3476 3490 3757 3560 reputabitur

2208 3584 2365 3656 (Sap.
2394 3583 2448 3639 9.
2474 3583 2553 3653 6).
2585 3581 2729 3653 Fuge
2755 3583 3096 3652 Qtimstlones,
3126 3591 3298 3651 neque
3320 3575 3477 3635 verba
3505 3569 3618 3634 ﬁdei
3645 3583 3758 3646 prai-

2208 3667 2370 3733 l'cras.
2403 3675 2622 3732 Paulum
2660 3669 2794 3730 habe
2821 3675 3152 3744 magistram,
3187 3668 3396 3728 Petrum
3427 3674 3518 3727 tibi
3545 3669 3757 3726 adscribit

2214 3773 2598 3839 prmee'ptorem
2634 3786 2648 3822 :
2686 3761 2895 3822 illarum
2937 3759 3094 3820 ﬁdem
3141 3773 3363 3820 sectare.
3398 3766 3529 3820 Audi
3570 3764 3756 3818 Petrum

2211 3859 2480 3914 dicentem
2512 3877 2525 3913 :
2555 3845 2635 3914 Tu
2663 3876 2713 3913 es
2737 3857 2987 3923 Christus,
3020 3846 3185 3912 Filius
3215 3847 3311 3911 Dei
3339 3857 3436 3911 vivi
3462 3855 3658 3927 (Matth.
3682 3847 3754 3908 lli.

2210 3952 2243 4006 6
2264 3951 2303 4021 ).
2334 3950 2569 4020 Sequere
2597 3949 2816 4004 Paulum
2843 3957 3023 4018 aperte
3056 3947 3245 4002 Filium
3279 3947 3373 4004 Dei
3399 3942 3750 4004 celebrantem,

2211 4057 2274 4097 ac
2301 4041 2461 4097 modo
2486 4040 2700 4112 quidem
2741 4040 3004 4095 dicentem
3031 4057 3045 4093 :
3068 4038 3328 4111 Loquatus
3365 4051 3438 4095 est
3478 4039 3613 4093 nobis
3637 4037 3754 4093 Deus

2211 4137 2263 4189 in
2290 4134 2449 4199 Filio,
2481 4141 2570 4205 per
2591 4143 2735 4204 quem
2759 4132 2875 4205 fecit
2894 4141 2942 4186 et
2967 4135 3155 4187 sarcula
3180 4148 3198 4186 :
3221 4133 3306 4202 qui
3325 4149 3438 4186 cum
3463 4132 3524 4187 sit
3547 4128 3759 4200 splendor

2212 4227 2391 4298 gloria:
2414 4267 2430 4292 ,
2458 4235 2506 4279 et
2546 4227 2713 4297 ﬁgura
2759 4224 3079 4287 substantiae,
3111 4234 3414 4293 portansque
3452 4226 3612 4277 omnia
3637 4219 3760 4273 verba

2213 4320 2412 4374 virtutis
2441 4323 2548 4372 “sua:
2574 4320 2593 4390 (
2615 4308 2771 4372 Hebr.
2797 4317 2848 4371 1.
2871 4316 2925 4370 9..
2949 4315 3017 4385 5)
3045 4333 3056 4366 :
3087 4315 3246 4370 modo
3273 4317 3462 4370 iterum
3494 4314 3760 4386 prtediean-

2217 4415 2362 4479 tem,
2396 4400 2483 4466 ubi
2523 4411 2590 4466 de
2626 4401 2826 4464 ludatis
2853 4411 2961 4481 agit
2989 4414 3001 4460 ':
3031 4408 3260 4477 Quorum
3299 4419 3465 4479 patres
3503 4408 3672 4471 nostri,
3709 4418 3762 4457 es

2215 4507 2393 4576 quibus
2435 4514 2509 4558 est
2553 4494 2786 4558 Christus
2830 4499 3104 4557 secundum
3133 4510 3372 4570 Carnem,
3413 4503 3492 4575 qui
3528 4509 3597 4554 est
3632 4511 3762 4565 super

2217 4598 2386 4652 omnia
2431 4595 2566 4650 Deus
2607 4594 2889 4649 benedictus
2930 4595 2984 4649 iu
3031 4595 3217 4649 swcula
3255 4595 3567 4650 sa'culorunt.
3603 4591 3759 4643 Amen.

2220 4690 2393 4763 (nam.
2422 4689 2471 4747 9.
2509 4685 2588 4760 δ).

2284 4889 2357 4952 (a)
2378 4889 2450 4952 Ita
2472 4882 2831 4952 quoquetﬁilus.
2849 4891 2916 4935 De
2937 4883 3147 4936 diversis
3168 4884 3394 4950 malignis
3416 4876 3760 4946 Cogitatimtibllsi

2218 4945 2529 5019 capfultimo.
2553 4945 2758 5000 Coteler.
