3982 6198
547 368 645 426 ιδι

549 483 684 549 lapis
729 481 840 536 :sic
859 493 921 535 ea
947 493 1111 549 gnara
1131 479 1369 532 Patribns
1393 478 1530 534 dit-ta
1559 487 1699 543 sunt,
1723 480 1927 552 exiguis
1951 498 2133 536 acces-

549 571 789 625 sionibus
820 571 990 640 majus
1023 571 1273 626 Ecclesia:
1314 571 1593 626 aedilicium
1624 574 1969 627 constituunt.
2006 573 2135 628 Pre-

546 675 641 715 cor
662 669 840 714 autetn
869 661 1145 715 caritatem
1175 671 1402 716 vestram
1425 702 1438 725 ,
1469 672 1525 715 ut
1560 662 1821 716 dictorum
1853 665 2131 718 sententiis

545 751 869 817 attendatis;
897 767 1001 806 non
1030 768 1097 806 an
1126 768 1276 808 norm
1305 754 1430 819 sint,
1450 754 1541 808 scd
1567 770 1634 809 an
1668 770 1827 809 verae.
1851 755 1965 809 Non
1988 756 2129 811 enim

544 843 684 912 quod
714 857 809 897 usu
847 842 1028 897 tritum
1050 853 1152 910 est,
1184 859 1396 914 semper
1418 861 1597 899 verum
1623 862 1637 910 ;
1669 861 1841 916 neque
1865 848 2004 917 quod
2035 863 2131 901 no-

542 947 691 997 vum,
725 933 845 988 ideo
872 934 1058 988 falsum
1089 949 1104 988 ι
1132 933 1227 988 sed
1255 950 1469 1004 semper
1492 935 1803 1005 exploratur
1827 952 1894 990 an
1924 952 1984 992 ca
2011 954 2130 1008 quae

542 1022 794 1079 dicuntur
824 1040 947 1081 vera
972 1026 1100 1093 sint,
1130 1042 1195 1081 an
1224 1026 1376 1081 falsa.
1406 1027 1554 1098 Rogo
1592 1037 1767 1083 autem
1795 1045 1861 1083 ne
1889 1031 2007 1098 quis
2026 1071 2042 1096 ,
2072 1039 2130 1084 ut

541 1131 748 1172 anucus
767 1117 834 1172 ad
855 1120 1078 1188 gratiam
1109 1120 1225 1174 sine
1254 1120 1500 1175 examine
1527 1136 1825 1175 sermonem
1856 1123 2122 1191 excipiat,

541 1225 680 1266 neve
701 1216 757 1264 ιιι
785 1211 1030 1266 inimicus
1057 1212 1144 1265 illa
1174 1212 1323 1280 quasi
1355 1214 1627 1281 peregrina
1657 1223 1891 1283 respuat,
1920 1214 2013 1269 sed
2045 1216 2125 1269 vi-

541 1300 667 1357 deat
695 1302 890 1373 ubique
918 1319 1044 1357 num
1076 1304 1271 1358 veritas
1294 1305 1446 1359 dictis
1475 1307 1701 1373 palmam
1732 1306 1946 1360 tribuat.

612 1394 668 1448 2.
699 1393 906 1449 Genesis
936 1404 1114 1448 auctor
1134 1393 1335 1466 Moyses
1361 1406 1407 1450 et
1432 1395 1632 1464 Spiritu
1658 1407 1830 1449 sancto
1855 1398 2121 1452 revelante.

542 1483 753 1557 Duplex
782 1485 974 1556 Moysi:
1006 1502 1207 1556 scapus.
1231 1487 1332 1540 Cur
1363 1487 1684 1541 invisibilium
1720 1489 2019 1543 creationem
2049 1499 2126 1542 ta-

541 1577 668 1631 cuit.
695 1605 767 1619 -—
793 1574 858 1631 In
889 1576 1153 1646 principio,
1186 1576 1349 1646 inquit
1375 1618 1389 1640 ,
1419 1577 1535 1647 [erit
1562 1576 1698 1631 Deus
1722 1577 1900 1631 artum
1940 1588 1987 1633 et
2020 1589 2124 1632 ler-

541 1684 654 1722 ram
679 1666 827 1740 (Gen.
858 1667 907 1722 l.
933 1669 1010 1728 ι).
1030 1668 1153 1721 llaec
1182 1667 1405 1722 historia
1429 1668 1623 1738 Moysis
1651 1669 1966 1739 legislatoris
1989 1685 2124 1741 Opus

541 1768 644 1823 est,
668 1769 722 1814 et
749 1760 976 1829 Spiritus
1002 1759 1169 1815 sancti
1200 1760 1471 1816 revelatio.
1497 1761 1745 1817 Continet
1772 1772 1946 1817 autem
1975 1748 2124 1818 chrea-

540 1851 738 1906 tionem
769 1852 859 1905 Dei
891 1851 1082 1907 virtute
1106 1851 1316 1918 factam,
1341 1868 1435 1922 per
1462 1854 1821 1923 propheticam
1848 1871 1972 1909 vero
1996 1871 2121 1925 gra-

539 1942 666 1996 tiam
697 1942 859 2013 Moysi
910 1943 1218 1997 revelatam.
1247 1942 1361 1999 Non
1390 1946 1531 1999 enim
1564 1946 1677 2000 lucc
1702 1946 1909 2018 Moyses
1946 1958 2005 2003 ιιι
2041 1948 2123 2002 hi-

537 2035 938 2113 storiograpImS
959 2037 1113 2101 dixit,
1138 2038 1231 2092 sed
1265 2046 1316 2091 ιιι
1342 2038 1617 2108 propheta.
1650 2039 1740 2093 Illa
1766 2040 1961 2111 quippe
1987 2041 2120 2097 dixit

535 2142 656 2198 qua:
689 2143 793 2183 non
828 2128 1064 2195 viderat,
1095 2139 1149 2184 et
1191 2130 1276 2183 illa
1316 2129 1548 2185 narravit
1587 2146 1811 2201 quorum
1853 2141 2122 2202 spectator

536 2235 645 2275 non
676 2221 863 2276 inerat.
891 2221 957 2277 Ut
985 2223 1126 2277 enim
1158 2222 1361 2292 pridem
1408 2223 1504 2277 tria
1549 2238 1668 2279 esse
1707 2225 1998 2294 prophetiae
2023 2242 2119 2297 ges

538 2330 667 2370 nera
697 2331 816 2371 esse
844 2316 1097 2381 diximus,
1132 2317 1359 2386 primum
1387 2317 1552 2371 verbo
1575 2359 1590 2382 ,
1618 2320 1909 2373 secundum
1934 2335 2116 2390 opere,

535 2407 750 2461 tertium
778 2423 941 2477 opere
966 2416 1020 2462 et
1056 2422 1304 2463 sermOne
1333 2424 1346 2460 :
1375 2409 1454 2463 sic
1479 2417 1532 2463 et
1563 2419 1670 2462 tres
1690 2410 1800 2479 jam
1827 2410 2119 2479 prophetia:

535 2506 717 2568 partes
757 2496 1132 2554 cnnstitnimus
1172 2516 1185 2552 :
1231 2497 1561 2569 prophetiam
1611 2499 1680 2555 de
1735 2501 2115 2570 praesentibus,

535 2591 867 2660 prophetiam
893 2591 959 2645 de
999 2590 1220 2656 tutoris,
1251 2599 1302 2645 et
1342 2591 1671 2660 prbpbetiam
1707 2590 1775 2646 de
1812 2592 2115 2661 praeteritis.

533 2677 776 2751 Exempli
806 2698 969 2738 causa
1016 2700 1122 2738 non
1165 2683 1350 2738 aderat
1393 2683 1554 2737 Isaias
1597 2680 1854 2753 propheta
1897 2683 1960 2738 iis
1998 2699 2117 2754 qum

533 2774 634 2827 sub
660 2773 841 2841 Moyse
867 2783 1013 2843 gesta
1038 2783 1163 2828 sunt
1194 2792 1207 2827 :
1236 2774 1327 2827 sed
1371 2774 1491 2843 quia
1523 2773 1741 2843 Spiritus
1770 2773 1968 2845 Moysis
2003 2782 2119 2829 erat

531 2861 586 2916 in
616 2861 739 2922 iiin,
769 2862 856 2932 qui
897 2877 957 2916 ea
1004 2863 1100 2932 ipsi
1133 2864 1423 2929 revt-larct,
1470 2863 1519 2917 id
1553 2863 1825 2932 prophetia
1861 2873 1994 2918 erat.
2024 2865 2118 2919 Est

535 2955 661 3010 item
697 2956 972 3024 prepitetia
1003 2956 1162 3009 etiam
1192 2954 1259 3011 de
1292 2957 1640 3025 prmsentibus
1665 2973 1680 3022 ;
1709 2968 1764 3011 ut
1789 2957 1833 3011 si
1863 2957 1981 3026 quis
2019 2972 2114 3011 co-

532 3059 646 3102 ram
680 3046 935 3117 propheta
973 3046 1169 3117 aliquid
1199 3047 1248 3101 iu
1278 3047 1456 3101 animo
1483 3062 1702 3102 versans
1728 3087 1742 3108 ,
1769 3047 2035 3102 occultum
2065 3049 2114 3103 ei

529 3156 650 3196 esse
677 3141 821 3205 velit,
855 3149 908 3195 ct
938 3140 1192 3211 propheta
1216 3140 1385 3212 ipsum
1416 3151 1618 3209 arguat,
1652 3150 1707 3193 ut
1740 3139 1961 3194 Elisreus
1989 3155 2113 3210 erga

529 3231 675 3286 Giczi
711 3231 854 3294 fecit,
888 3232 1057 3286 futura
1093 3233 1453 3302 pruntnnlians
1493 3244 1546 3286 et
1591 3232 1795 3286 occulta
1847 3233 2110 3288 rcvvlans.

529 3323 744 3393 Moyses
764 3340 881 3393 qua:
910 3324 1178 3392 praeterita
1204 3334 1357 3378 erant
1382 3324 1588 3393 aperuit
1613 3341 1626 3376 :
1660 3324 1747 3377 alii
1775 3339 1892 3395 qnte
1917 3323 2107 3378 futura.

529 3415 607 3473 Ita
631 3416 789 3485 igitur
811 3426 895 3470 est
921 3417 1044 3471 huic
1079 3415 1315 3471 historia:
1344 3416 1745 3477 attendendum,
1780 3431 1882 3470 nou
1910 3425 1966 3470 ut
1988 3431 2113 3470 nar-

529 3508 746 3572 rationi,
769 3508 863 3563 sed
894 3519 953 3563 ut
978 3510 1211 3563 historia:
1249 3525 1409 3572 verre,
1441 3525 1559 3579 qua:
1589 3525 1680 3578 per
1703 3508 1956 3578 Spiritum
1984 3525 2111 3565 san-

528 3608 674 3655 etum
720 3599 922 3669 prolata
960 3601 1050 3654 sit.
1079 3599 1208 3668 Quis
1238 3615 1396 3669 porro
1441 3608 1525 3654 est
1559 3598 1832 3668 propheta:
1879 3601 2113 3668 scapus?

531 3693 649 3749 Duo
675 3692 885 3765 Moyses
909 3693 959 3747 in
992 3692 1263 3763 proposito
1292 3690 1479 3758 habet,
1505 3699 1561 3748 et
1584 3692 1881 3747 doctrinam
1918 3692 2108 3760 edere,

527 3784 748 3855 etleges
772 3784 997 3838 sancire.
1032 3784 1324 3854 Legislator
1349 3784 1489 3839 enim
1517 3798 1636 3839 cum
1664 3784 1771 3847 sit,
1798 3799 1903 3838 non
1935 3794 2111 3840 tamen

528 3892 558 3931 a
588 3877 792 3947 legibus
821 3876 1045 3946 incepit,
1070 3875 1163 3930 sed
1197 3891 1225 3930 a
1253 3876 1542 3932 creatione.
1572 3875 1678 3933 Cur
1725 3886 1899 3933 autem
1939 3878 2112 3949 primo

527 3969 694 4023 voluit
724 3968 887 4022 Deum
929 3967 1212 4023 ostendere
1248 3967 1555 4024 Creatorem
1585 3979 1639 4024 et
1669 3969 1949 4025 Dominum
1992 3972 2112 4026 uni-

525 4059 711 4116 versi?
742 4059 807 4116 Ut
841 4061 979 4115 Deus
1006 4075 1125 4116 esse
1153 4060 1630 4128 demonstraretur,
1652 4063 1741 4130 qni
1771 4080 1874 4118 non
1899 4064 2108 4128 alienis,

527 4151 623 4208 sed
661 4150 773 4206 suis
812 4151 980 4221 legem
1015 4162 1254 4219 poneret.
1282 4150 1393 4206 Nisi
1424 4152 1565 4207 enim
1609 4153 1755 4223 prius
1793 4154 2113 4210 ostendisset

527 4257 651 4298 eum
703 4241 886 4298 mundi
934 4242 1315 4308 Conditorem,
1367 4258 1471 4297 non
1521 4243 1626 4312 ﬁde
1667 4244 1858 4314 dignus
1900 4244 2112 4301 habitus

527 4334 716 4391 fuisset
762 4333 942 4389 mundi
987 4333 1302 4405 Legislator.
1340 4333 1470 4389 Nam
1516 4336 1703 4391 alienis
1739 4336 1906 4406 legem
1948 4336 2107 4402 dare,

525 4428 855 4491 violentum;
883 4443 1008 4481 suos
1033 4438 1209 4483 autem
1237 4428 1536 4493 instituere,
1564 4436 1978 4483 consentaneum
2003 4438 2105 4483 cst.

527 4517 985 4584 Quemadmodum
1010 4518 1243 4573 Joannes
1263 4520 1587 4588 evangelista
1610 4535 1713 4574 non
1747 4521 1892 4588 prius
1912 4520 2056 4590 leges
2079 4535 2109 4574 a

528 4608 744 4663 Christo
772 4610 904 4661 latas
946 4609 1152 4678 posuit,
1182 4624 1339 4679 quam
1378 4610 1495 4678 ejus
1521 4610 1846 4665 dominatum
1891 4610 2113 4666 dixisset

530 4701 612 4756 Itis
637 4701 812 4756 verbis
841 4717 853 4753 :
888 4699 953 4754 In
990 4701 1240 4769 principia
1266 4710 1371 4754 enat
1407 4701 1635 4760 Verbum.
1667 4710 1715 4754 et
1763 4699 1977 4754 Verbum
2005 4711 2111 4754 erat

528 4796 669 4863 apud
702 4794 859 4848 Deum
886 4836 901 4859 ,
933 4803 979 4846 et
1010 4792 1149 4847 Deus
1188 4803 1295 4848 crat
1335 4792 1564 4847 Verbum.
1616 4790 1798 4847 Omnia
1829 4810 1917 4862 per
1948 4794 2112 4862 ipsum

531 4890 665 4958 facta
710 4898 825 4941 sunt
851 4927 866 4952 ,
895 4898 941 4940 et
976 4889 1084 4942 sine
1111 4886 1222 4957 ipso
1248 4887 1438 4952 factum
1473 4896 1547 4941 est
1577 4886 1706 4940 nihil
1747 4887 1882 4957 quod
1919 4890 2110 4959 factum

527 4990 618 5031 est.
644 4977 671 5031 1
678 4997 709 5032 n
735 4981 845 5047 ipso
871 4981 971 5034 vita
997 4991 1127 5045 erat,
1157 4989 1202 5034 et
1232 4980 1332 5034 vita
1355 4988 1459 5033 erat
1484 4980 1576 5033 (ua:
1600 4980 1874 5034 hominum.
1900 4979 1966 5033 In
1994 4997 2113 5051 pro-

531 5070 645 5138 pria
673 5072 805 5123 renit
824 5113 839 5133 ,
874 5082 921 5125 et
950 5074 1031 5126 sui
1059 5088 1171 5125 eum
1214 5088 1316 5125 non
1357 5081 1649 5139 receperunt
1680 5069 1856 5138 (Iona.
1891 5074 1938 5125 Ι.
1974 5072 2024 5125 l.
2055 5073 2109 5125 5.

527 5163 583 5215 4.
624 5162 675 5215 Η
703 5164 741 5229 ).
769 5163 899 5215 Cum
942 5164 1168 5217 dixisset
1212 5179 1333 5218 eum
1376 5162 1630 5230 Opiticem
1666 5169 1729 5238 et
1764 5161 2108 5226 Creatorem,

530 5262 657 5307 tunc
678 5253 880 5307 inducit
902 5254 1046 5307 illum
1072 5254 1346 5310 doctorem
1375 5265 1427 5309 et
1449 5254 1829 5323 Legislatorcm
1852 5254 2112 5309 universi.

537 5348 766 5403 Rursum
798 5346 932 5398 alius
958 5344 1153 5415 Moysis
1182 5362 1394 5417 scopns.
1423 5346 1532 5400 Cur
1556 5346 1744 5400 beatus
1770 5344 1978 5416 Moyses
2002 5359 2111 5399 ca:-

531 5440 638 5497 lmn
670 5439 1016 5501 memoravit,
1051 5446 1266 5501 terram,
1300 5453 1448 5493 mare
1468 5478 1484 5503 ,
1512 5446 1676 5507 aquas
1707 5450 1760 5492 et
1792 5453 1853 5491 ea
1893 5453 2010 5508 qua:
2045 5452 2112 5492 ex

527 5533 636 5590 itlis
675 5543 799 5589 sunt
820 5576 836 5596 ,
868 5532 1176 5605 angelorum
1204 5541 1381 5585 autem
1402 5571 1418 5595 ,
1446 5529 1882 5600 archangelorutn
1904 5570 1919 5595 ,
1956 5528 2114 5584 Sera.

520 5624 678 5697 pbim
726 5636 777 5681 et
820 5624 1107 5679 Cherubim
1154 5621 1353 5677 nullam
1388 5621 1732 5686 .mcntionem
1782 5620 1953 5676 fecit?
1980 5620 2113 5689 Quia

532 5716 784 5770 nimirum
810 5715 1197 5786 legislationent
1223 5712 1288 5769 ad
1312 5712 1564 5783 temporis
1592 5712 1733 5767 illius
1752 5711 2114 5768 conditionem

1995 369 2363 428 SEVERlANI
3283 424 3291 433 .
3681 394 3766 448 ιδῃ

2244 499 2436 553 nempe
2475 487 2563 555 qui
2602 503 2667 543 ex
2706 485 2937 559 Egypto
2966 493 3162 561 egressi
3209 504 3386 556 erant.
3420 500 3503 568 qui
3529 500 3768 572 Egyptia-

2238 590 2358 631 cum
2389 593 2647 645 errorem,
2678 581 2843 635 solem
2864 624 2878 644 ,
2910 583 3118 645 lunam.
3149 587 3345 651 stellas,
3373 588 3570 656 ﬂuvios,
3601 594 3766 662 futues,

2237 682 2402 739 aquas
2428 671 2739 727 didicerant.
2770 674 3116 731 lnvisibilinm
3146 694 3271 750 ergo
3301 682 3557 738 creatione
3580 688 3766 754 relicta,

2236 759 2303 813 de
2331 760 2620 817 visibilibus
2646 764 2804 818 verba
2834 764 2992 832 facit,
3018 776 3078 822 ut
3104 769 3447 837 persuaderet
3475 775 3549 826 eis
3572 777 3653 844 qui
3678 779 3769 833 lure

2236 852 2529 908 adorabant
2549 896 2564 920 ,
2590 861 2650 909 ut
2685 873 2751 910 ne
2790 857 2873 911 illa
2900 858 3031 914 deos
3068 875 3188 915 esse
3225 873 3497 930 putarent.
3522 867 3611 919 sed
3634 884 3766 935 οιιειι

2236 942 2354 997 Dei.
2383 944 2495 998 Non
2527 960 2745 1002 necesse
2775 962 2999 1019 namque
3030 958 3177 1015 erat,
3206 962 3262 1007 ut
3297 953 3399 1009 illis
3424 956 3708 1025 angelon
3727 967 3768 1016 et

2234 1033 2672 1105 archangelorum
2716 1040 2957 1094 notitiam
3003 1040 3188 1104 daret,
3235 1058 3302 1098 ne
3346 1060 3549 1099 rursum
3592 1048 3767 1104 illorum

2233 1127 2595 1196 aegritudinem
2625 1131 2807 1185 aleret.
2830 1132 2960 1187 Nam
2986 1135 3048 1199 si,
3079 1136 3285 1191 etiamsi
3309 1153 3412 1192 non
3437 1140 3676 1204 viderent,
3694 1160 3768 1196 an-

2233 1218 2382 1286 gelos
2409 1227 2583 1274 tamen
2617 1236 2735 1276 esse
2762 1222 3033 1291 dixerunt,
3062 1227 3228 1282 multo
3255 1230 3440 1299 magis,
3473 1231 3515 1285 si
3535 1230 3770 1288 audissent

2231 1312 2453 1380 angelos
2481 1323 2572 1367 aut
2614 1315 2963 1387 archangelos
2986 1360 3002 1383 ,
3031 1329 3302 1388 putassent
3344 1322 3462 1378 illos
3499 1339 3609 1380 esse
3644 1325 3766 1380 deos.

2222 1392 2337 1455 Sed
2385 1403 2571 1458 ca‘lum
2619 1418 2910 1469 memorat.
2943 1420 3136 1464 terram
3165 1452 3179 1474 ,
3210 1423 3419 1469 montes
3443 1454 3460 1479 ,
3506 1430 3690 1483 aquas,
3728 1428 3771 1471 et

2231 1491 2406 1544 omnia
2429 1508 2546 1562 qtne
2570 1509 2637 1549 ex
2663 1495 2767 1551 illis
2793 1508 2915 1552 sunt
2936 1515 2951 1564 ;
2976 1510 3033 1553 ut
3065 1501 3362 1558 visibilibus
3383 1504 3681 1560 invisibiletn
3708 1508 3769 1559 in-

2232 1591 2569 1652 terpretetur,
2598 1598 2651 1639 et
2678 1605 2741 1643 ex
2771 1591 3023 1659 operibus
3056 1594 3315 1663 Upiiicem
3355 1597 3769 1670 prodat.Sict-rgo

2228 1682 2386 1727 etiam
2418 1684 2523 1730 tres
2551 1679 2697 1745 pueri
2730 1680 2999 1752 Babylone
3045 1684 3298 1741 fecerunt.
3326 1688 3463 1756 Quia
3501 1691 3631 1744 enim
3656 1692 3767 1759 apud

2227 1773 2439 1831 gentem
2485 1766 2624 1821 illaut
2675 1771 3019 1827 versabantur
3058 1774 3167 1829 Deo
3216 1777 3487 1833 inimicam
3517 1799 3529 1835 :
3563 1796 3650 1835 nec
3680 1794 3770 1836 erit

2230 1854 2322 1909 Dei
2352 1859 2615 1927 cognitio,
2648 1860 2742 1915 sed
2774 1861 2909 1917 idola
2956 1865 3268 1922 colebantur
3289 1910 3304 1934 ,
3338 1869 3389 1923 in
3435 1870 3640 1926 fornace
3674 1888 3768 1927 eum

2226 1957 2441 2014 essent,
2467 1949 2709 2007 dicebant
2742 1970 2755 2006 :
2782 1953 3069 2013 Benedicite
3090 2001 3104 2023 ,
3146 1963 3316 2017 omnia
3364 1981 3526 2035 opera
3567 1958 3768 2031 Domini,

2231 2038 2446 2096 Domino
2474 2041 2631 2116 (Dan.
2651 2047 2702 2100 5.
2724 2046 2835 2120 57).
2865 2048 2973 2105 Cur
2999 2069 3102 2107 non
3131 2054 3395 2122 dicebant,
3428 2058 3634 2130 Angeli,
3661 2060 3769 2122 celi,

2229 2141 2388 2199 terra,
2423 2134 2575 2205 ignis,
2599 2154 2757 2209 aqua,
2790 2142 2972 2213 Γάδας,
3004 2157 3183 2213 astus,
3208 2158 3260 2203 et
3290 2146 3512 2213 similia.
3544 2154 3628 2208 sed
3651 2169 3771 2208 crea-

2226 2223 2422 2278 tionem
2454 2226 2719 2297 sigillatim
2762 2247 3073 2291 cnmnerant
3099 2239 3121 2291 ?
3150 2238 3216 2295 Ut
3253 2253 3558 2298 creaturam
3596 2261 3770 2300 omnem

2223 2314 2525 2393 abluerent.
2556 2328 2607 2374 et
2637 2324 2802 2377 totum
2825 2326 3090 2395 opiﬁcium
3120 2331 3439 2389 mundarent
3464 2377 3481 2399 ,
3512 2338 3772 2407 nullamque

2222 2407 2585 2478 relinquerent
2641 2414 2927 2485 impietatis
2988 2424 3291 2480 scintillam.
3345 2426 3770 2494 Quemadmodum

2222 2498 2381 2553 etiam
2411 2501 2509 2556 hoc
2545 2503 2664 2589 loco
2691 2507 2899 2579 Moyses
2927 2522 2980 2565 ut
3008 2528 3219 2569 omnem
3246 2515 3626 2589 Egyptiacum
3651 2536 3771 2574 erro-

2222 2601 2334 2642 rem
2367 2605 2396 2643 a
2425 2582 2622 2647 Iudicis
2646 2596 2942 2654 eliminaret
2965 2639 2981 2665 ,
3013 2603 3202 2659 cadum
3232 2614 3286 2660 et
3314 2582 3512 2663 terram
3542 2620 3607 2665 ιιι
3632 2590 3776 2665 creata

2222 2693 2516 2752 memorat,
2546 2696 2601 2740 ut
2626 2685 2740 2743 haec
2782 2689 2916 2745 facta
2942 2708 3061 2749 esse
3088 2695 3429 2766 ostenderet,
3461 2711 3516 2755 et
3545 2700 3775 2774 Dpiiicrm

2221 2772 2534 2832 declararet.
2562 2777 2628 2831 In
2655 2780 2904 2854 principio
2931 2788 3113 2840 creavit
3150 2788 3289 2844 Deus
3313 2794 3492 2845 cretum
3518 2804 3573 2848 et
3604 2772 3772 2849 terram.

2292 2865 2345 2920 3.
2375 2866 2550 2943 'Verba
2592 2869 2824 2942 Moysis,
2874 2876 2925 2929 in
2986 2877 3244 2948 principio
3291 2892 3444 2946 erat,
3486 2901 3610 2940 cum
3646 2885 3774 2939 verbis

2219 2956 2513 3017 Joanniadn
2535 2960 2795 3035 principio
2812 2964 2952 3032 fecit,
2976 2979 3349 3038 comparantur.
3367 2973 3591 3030 Arianae
3610 2978 3773 3032 ειΑιιο·

2219 3065 2373 3103 mteos
2396 3050 2672 3122 redarguit.
2706 3052 2822 3108 Duo
2845 3055 3159 3113 Testamenta
3177 3076 3280 3114 uno
3300 3060 3462 3117 Patre
3471 3072 3615 3118 orta.
3634 3097 3677 3107 —
3696 3065 3774 3121 Hic

2221 3138 2351 3192 mihi
2379 3140 2613 3194 animum
2636 3142 2849 3200 adhibe.
2871 3145 2983 3217 Ego
3013 3149 3176 3204 miror
3199 3154 3470 3222 quomodo
3492 3154 3774 3212 Joattneset

2220 3231 2427 3302 Moyses
2458 3233 2595 3289 idem
2635 3235 2943 3305 principium
2984 3237 3233 3296 habeant.
3260 3244 3392 3298 Nam
3423 3244 3509 3302 hic
3533 3248 3696 3304 dicit:
3726 3246 3777 3302 In

2220 3324 2470 3394 principio
2494 3327 2678 3391 creavit
2701 3345 2720 3392 ;
2752 3329 2840 3385 ille
2868 3346 2995 3385 vero
3020 3333 3132 3389 ait:
3163 3333 3229 3390 In
3258 3337 3507 3408 principio
3535 3351 3666 3398 erat.
3690 3341 3775 3395 Ve-

2219 3428 2335 3470 rum
2363 3423 2418 3471 et
2447 3415 2537 3471 ille
2562 3418 2781 3487 utiliter,
2809 3430 2862 3476 et
2890 3420 2976 3477 hic
2998 3426 3229 3493 pr0prie.
3262 3427 3360 3482 Ubi
3388 3445 3612 3500 namque
3634 3447 3777 3487 crea-

2220 3506 2292 3560 tio
2313 3518 2449 3573 erat,
2476 3508 2609 3563 dixit
2634 3509 2859 3582 Moyses,
2886 3510 3064 3577 Fecit;
3095 3514 3179 3569 ubi
3205 3531 3333 3571 vero
3354 3519 3589 3585 Creator,
3617 3524 3775 3590 posuit

2217 3598 2539 3668 evangelista
2562 3641 2577 3662 ,
2610 3598 2756 3654 Erat.
2788 3601 3009 3656 Multum
3054 3614 3229 3659 autem
3268 3616 3352 3661 cst
3394 3608 3707 3666 discriminis
3730 3620 3775 3665 et

2218 3687 2479 3743 intervalli
2505 3690 2641 3745 inter
2663 3690 2813 3759 illud,
2839 3690 3017 3755 Fecit;
3043 3703 3098 3749 et
3122 3695 3273 3761 illud,
3297 3696 3430 3751 Erat
3456 3715 3476 3754 :
3500 3700 3621 3756 illud
3647 3702 3769 3756 enim

2216 3796 2337 3836 cum
2382 3792 2507 3838 ante
2551 3800 2658 3839 non
2705 3794 2880 3852 esset,
2922 3784 3116 3842 factum
3159 3799 3241 3843 est
3272 3808 3285 3844 :
3314 3789 3403 3846 hic
3430 3808 3554 3847 vero
3582 3809 3770 3865 semper

2217 3884 2349 3931 crat.
2382 3874 2449 3930 In
2480 3876 2728 3948 principio
2754 3878 2904 3946 fecit,
2941 3888 3026 3946 et,
3058 3879 3125 3935 In
3164 3883 3414 3955 principio
3439 3897 3561 3940 erat.
3593 3886 3679 3942 Dei
3701 3894 3769 3943 est

2215 3982 2365 4033 esse,
2394 3978 2690 4023 creaturam
2722 3985 2849 4025 vero
2887 3969 3028 4036 ﬁeri,
3060 3983 3117 4026 ut
3140 3982 3195 4028 et
3232 3977 3554 4045 evangelista
3599 3976 3765 4031 distin-

2216 4061 2346 4130 guit.
2380 4059 2509 4115 Nam
2540 4060 2606 4116 de
2625 4061 2906 4117 Servatore
2927 4064 3002 4117 ait
3031 4080 3045 4116 :
3077 4062 3143 4117 In
3166 4066 3540 4135 principioerat
3560 4064 3770 4128 Verbum,

2216 4161 2261 4205 et
2293 4148 2505 4204 Verbum
2530 4161 2637 4206 erat
2662 4150 2801 4223 apud
2825 4150 3010 4220 Deum,
3033 4164 3079 4208 et
3112 4152 3246 4209 Deus
3272 4167 3381 4209 erat
3422 4157 3645 4212 Verbum.
3671 4155 3767 4209 [Ioc

2217 4253 2321 4296 erat
2347 4244 2400 4297 in
2428 4244 2698 4313 principio.
2724 4239 2791 4297 In
2826 4244 2937 4313 ipso
2964 4245 3065 4299 vita
3091 4257 3219 4312 erat,
3247 4256 3295 4302 et
3323 4248 3426 4302 vita
3453 4258 3557 4303 erat
3583 4248 3665 4302 tua:
3683 4251 3764 4300 Ito-

2217 4336 2428 4388 minum.
2447 4335 2630 4391 Sexies
2655 4336 2807 4400 dixit,
2829 4334 2973 4403 Erat,
2996 4344 3054 4391 ut
3079 4338 3366 4407 explicaret
3399 4340 3513 4410 ejus
3537 4342 3765 4395 exsistet:-

2219 4425 2364 4479 tiam.
2390 4425 2464 4480 De
2510 4425 2704 4479 famqu
2744 4437 2922 4480 autem
2949 4468 2963 4490 ,
2996 4438 3271 4497 postquam
3323 4430 3624 4498 prtedicavlt
3657 4442 3759 4482 eum

2217 4518 2305 4588 qui
2336 4527 2469 4583 erat,
2508 4527 2563 4572 et
2591 4518 2732 4573 venit
2756 4518 2822 4573 ad
2848 4534 3059 4575 servum
3085 4520 3366 4586 Joannem,
3398 4523 3530 4577 dixit
3559 4540 3572 4576 :
3601 4520 3760 4576 Factus

2217 4619 2290 4664 est
2317 4608 2484 4662 homo.
2518 4605 2659 4663 Deus
2687 4619 2821 4674 erat,
2853 4608 3013 4665 homo
3039 4620 3214 4665 autem
3242 4612 3414 4667 factus
3442 4622 3540 4667 est.
3568 4611 3697 4680 Quod
3719 4608 3756 4661 si

2216 4702 2284 4756 de
2322 4700 2607 4758 Servatore
2653 4701 2831 4758 dicere
2855 4704 3084 4759 audeant
3114 4720 3127 4757 :
3155 4703 3409 4760 Servator
3433 4707 3584 4762 etiam
3617 4705 3758 4758 faetns

2218 4803 2320 4853 est,
2351 4792 2477 4846 nihil
2511 4791 2749 4849 diﬂ'errct
2772 4810 2800 4847 a
2833 4803 2994 4850 terra.
3030 4796 3277 4850 Animum
3303 4796 3497 4852 adhibe
3518 4839 3533 4863 ,
3560 4807 3753 4866 quaso:

2217 4887 2260 4941 si
2291 4885 2434 4940 dicat
2457 4883 2736 4940 haereticus
2766 4903 2779 4939 :
2805 4884 3047 4941 Christus
3074 4885 3241 4941 factus
3266 4898 3403 4954 erat,
3427 4903 3529 4943 non
3557 4894 3659 4942 erat
3678 4900 3757 4936 an-

2218 4986 2430 5046 tequam
2460 4976 2643 5041 ﬁeret,
2671 4976 2796 5047 quid
2826 4993 2954 5047 ergo
2984 4978 3101 5048 plus
3141 4978 3387 5044 habebit,
3420 4995 3571 5051 quam
3599 4975 3756 5032 terra?

2219 5068 2349 5124 Nam
2376 5069 2442 5124 de
2469 5079 2607 5123 terra
2653 5084 2864 5140 quoque
2887 5070 2962 5123 ait
2998 5069 3207 5142 Moyses
3239 5086 3252 5123 :
3284 5068 3447 5125 Terra
3470 5079 3626 5123 autent
3649 5072 3752 5119 erat.

2220 5161 2273 5215 Si
2303 5160 2461 5231 igitur
2484 5159 2611 5214 illud
2643 5177 2657 5215 :
2685 5158 2753 5214 In
2783 5161 3033 5230 principio
3056 5170 3183 5226 erat,
3206 5159 3276 5216 de
3303 5162 3570 5217 creatione
3593 5155 3752 5216 intelli-

2218 5262 2368 5324 gunt,
2402 5269 2508 5307 non
2539 5252 2606 5308 de
2629 5263 2827 5307 mterna
2857 5261 3045 5307 natura
3077 5269 3092 5319 ;
3120 5252 3251 5307 nihil
3285 5253 3406 5323 plus
3431 5253 3601 5315 habet,
3624 5259 3753 5318 quam

2220 5354 2382 5400 terra.
2412 5344 2479 5398 Et
2505 5343 2644 5398 Deus
2671 5342 2903 5397 Verbum
2931 5353 3045 5400 erat
3064 5385 3080 5407 ,
3108 5352 3165 5398 et
3210 5352 3354 5398 terra
3396 5352 3511 5399 erat
3537 5358 3551 5395 :
3579 5337 3663 5395 sed
3686 5336 3756 5389 ille

2220 5436 2429 5508 quidem
2452 5438 2502 5490 itt
2526 5435 2783 5506 principio
2800 5446 2935 5495 erat,
2959 5452 3062 5488 non
3080 5437 3247 5490 factus
3268 5449 3482 5504 semper
3494 5436 3754 5491 exsistcns:

2222 5537 2366 5583 terra
2412 5539 2539 5581 vero
2576 5524 2713 5579 facta
2747 5534 2882 5579 erat.
2916 5520 3028 5576 Non
3065 5527 3210 5577 enim
3245 5526 3395 5595 prius
3421 5525 3549 5580 dixit
3574 5517 3756 5590 legisla-

2222 5627 2325 5683 tor,
2348 5615 2509 5672 Terra
2544 5624 2671 5681 erat,
2692 5615 2867 5670 donec
2891 5614 3127 5668 diceret:
3159 5613 3226 5669 In
3253 5617 3499 5687 principio
3517 5617 3625 5687 fecit
3644 5608 3758 5662 Dm

2222 5710 2399 5765 cretum
2438 5718 2484 5762 et
2524 5716 2745 5770 terram;
2772 5706 2994 5777 primatu
3019 5704 3189 5773 dixit,
3219 5704 3384 5773 Fecit,
3410 5716 3583 5778 postea
3613 5712 3723 5754 vero
3742 5734 3757 5757 ο

531 5805 764 5877 aptabat.
787 5806 1017 5865 Noverat
1036 5807 1177 5866 enim
1205 5805 1517 5879 quibuscum
1549 5802 1873 5874 loqueretur,
1903 5819 2024 5861 cum
2046 5803 2111 5861 iis
2154 5822 2194 5851 ι
2227 5800 2374 5858 Erat.
2400 5798 2608 5858 Scimus
2630 5807 2779 5856 certe
2800 5837 2817 5869 ,
2845 5791 3036 5851 fratres
3055 5840 3069 5867 ,
3097 5796 3193 5853 has
3223 5799 3442 5856 subtiles
3469 5793 3760 5869 question“
