3982 6198
245 304 339 359 533
1273 292 1360 346 DE
1401 291 1613 346 MUNDI
1653 289 1784 345 CRE

1891 289 2045 345 IGNE
2084 292 2336 349 onmo
2376 295 2413 349 I.
2441 270 2456 372 ’
3374 309 3478 364 tas

245 391 506 477 multorum
536 410 721 466 animis
763 408 1014 463 molestas
1052 407 1232 462 videri.
1269 407 1459 461 Verum
1491 416 1699 476 oportet
1730 406 1781 458 in

242 513 317 568 die
339 505 533 578 jejttnii,
562 517 678 556 cum
707 500 1067 570 vigilantiores
1097 498 1285 552 animae
1315 506 1460 560 sunt,
1491 497 1557 550 de
1584 497 1786 550 altiori-

245 607 329 658 I-us
352 599 497 654 verba
527 595 716 650 facere.
758 591 825 646 In
856 593 1104 661 principio
1145 601 1284 657 erat,
1317 600 1404 656 et,
1441 589 1504 642 In
1541 590 1786 660 principio

241 695 376 762 (erit;
413 689 527 742 ideo
567 684 839 740 exordium
871 697 968 752 par
995 697 1112 736 esse
1155 681 1284 746 dixi,
1319 680 1380 732 1η
1410 680 1678 750 principio,
1709 687 1784 741 et,

244 783 296 837 In
341 779 617 853 principio;
653 785 709 829 ut
746 775 1170 838 demonstretur,
1214 787 1371 826 unam
1415 787 1536 826 esse
1578 770 1787 840 pietatis

239 874 467 933 radicem,
489 885 603 939 quae
631 875 684 921 et
713 867 880 932 illum,
913 881 1105 935 nempe
1137 865 1512 935 Iegislatorem,
1540 864 1784 927 instituit,

238 977 282 1020 et
323 965 481 1028 hunc,
531 960 828 1028 theologum
868 959 1102 1022 scilicet,
1161 957 1490 1011 illuminavit.
1525 956 1786 1012 Germana

235 1059 409 1127 quippe
435 1062 552 1107 sunt
573 1051 678 1105 duo
707 1051 1067 1113 Testamenta,
1096 1063 1203 1102 uno
1224 1049 1381 1102 Patre
1404 1059 1520 1102 orta
1545 1065 1558 1100 :
1590 1047 1709 1103 ideo
1736 1047 1786 1101 in

236 1159 457 1201 sermone
496 1141 832 1196 consentiunt
860 1157 872 1192 :
907 1139 1017 1194 fere
1065 1140 1205 1194 enim
1245 1139 1428 1194 eadem
1459 1139 1662 1208 imago,
1692 1153 1787 1192 ea-

232 1237 339 1291 dem
370 1232 651 1288 similitudo
677 1241 773 1286 est.
809 1233 884 1284 Ac
911 1228 1356 1298 quemadmodum
1404 1230 1455 1283 in
1497 1229 1784 1299 germanis,

235 1346 325 1382 ttnn
352 1337 489 1395 patre
513 1325 641 1380 ortis
665 1365 680 1389 ,
720 1324 920 1378 similes
964 1332 1087 1378 sunt
1115 1327 1468 1394 preprietates
1499 1343 1511 1378 :
1543 1323 1621 1378 sic
1663 1324 1788 1394 quia

232 1423 326 1475 dno
352 1421 676 1474 Testamenta
708 1431 813 1470 uno
840 1416 993 1470 Patre
1020 1426 1135 1470 orta
1167 1425 1308 1481 sunt,
1343 1416 1560 1469 multam
1590 1415 1789 1470 habent

231 1510 619 1568 similitudinem.
654 1504 798 1562 Saue
830 1515 884 1561 et
929 1507 982 1560 in
1013 1506 1186 1560 Veteri
1218 1507 1560 1561 Testamento
1589 1520 1788 1574 praece-

230 1601 298 1654 dit
316 1600 407 1664 lex,
428 1607 482 1652 et
503 1606 797 1665 sequuntur
820 1595 1110 1666 prophetae,
1134 1606 1186 1650 et
1213 1597 1263 1649 in
1296 1611 1433 1650 nova
1461 1596 1624 1664 gratia
1654 1610 1788 1664 prce-

229 1692 354 1746 cedit
369 1686 734 1756 Evangeliuui,
756 1697 808 1742 et
843 1697 1138 1758 sequuntur
1166 1687 1412 1757 apostoli.
1447 1687 1557 1741 Illic
1583 1685 1786 1740 duode-

231 1782 320 1836 cim
349 1780 609 1850 prophetae
635 1820 650 1843 ,
676 1787 730 1832 et
767 1779 958 1849 singuli
996 1789 1118 1833 sunt
1144 1795 1208 1834 ex
1236 1793 1457 1833 numero
1498 1777 1745 1832 duodeno
1771 1791 1782 1828 ;

229 1872 484 1927 duodecim
512 1882 632 1925 sunt
659 1871 798 1925 Osee
825 1879 878 1926 et
912 1871 1099 1940 reliqui
1138 1890 1150 1926 :
1181 1880 1440 1940 quatuor,
1471 1869 1629 1924 Isaias
1653 1909 1667 1932 ,
1699 1868 1788 1923 Je-

227 1964 435 2029 remias,
466 1962 747 2025 Ezechiel,
777 1962 978 2016 Daniel.
1009 1962 1062 2016 In
1104 1961 1252 2016 Novo
1285 1961 1622 2015 Testamento
1651 1960 1786 2016 duo-

224 2052 384 2106 decim
421 2052 679 2120 apostoli,
712 2061 768 2105 et
809 2063 1035 2121 quatuor
1075 2053 1433 2122 evangelistm.
1466 2051 1575 2106 Illic
1605 2067 1787 2107 rursus

229 2143 386 2211 prima
425 2145 617 2197 vocatio
670 2144 760 2198 Dei
789 2159 818 2197 a
862 2143 1111 2198 fratribus
1153 2146 1316 2215 erepit
1360 2163 1372 2198 :
1420 2146 1621 2214 accepit
1645 2145 1786 2200 enim

223 2223 443 2303 Moysen:
470 2244 520 2288 et
545 2238 816 2289 Aaronem
864 2234 1062 2304 prinos
1087 2249 1356 2303 prmcones
1398 2235 1787 2306 :inEvangelio

221 2339 415 2393 quoque
441 2326 660 2393 primam
689 2326 1016 2379 vocationem
1048 2325 1170 2379 facit
1197 2325 1335 2380 Petri
1362 2334 1414 2380 et
1442 2326 1686 2381 Andrem.
1724 2327 1788 2380 Et

219 2414 316 2471 illic
339 2417 544 2487 quidem
577 2418 810 2487 simplex
839 2417 1027 2488 gratia,
1049 2417 1135 2471 hic
1164 2426 1338 2471 autem
1368 2417 1529 2488 duplo
1559 2418 1783 2472 auctior.

219 2505 317 2560 Illic
343 2508 476 2561 enim
499 2509 605 2564 duo
638 2511 832 2564 fratres
860 2509 1028 2563 vocati
1057 2517 1197 2574 sunt,
1229 2509 1437 2579 Moyses
1469 2517 1524 2564 et
1563 2511 1737 2563 Aaron
1768 2524 1783 2574 ;

216 2597 292 2653 hic
318 2611 492 2655 autem
524 2601 606 2656 bis
643 2601 753 2655 duo
784 2601 995 2664 fratres,
1026 2601 1214 2657 Petrus
1239 2611 1294 2656 et
1339 2601 1597 2667 Andreas,
1629 2601 1786 2657 Jaco-

213 2687 302 2742 hus
322 2699 372 2744 et
393 2689 649 2746 Joannes.
687 2692 818 2759 Quia
849 2692 1016 2746 voluit
1037 2692 1293 2748 Servatur
1318 2708 1435 2747 eam
1456 2709 1573 2763 qua:
1597 2709 1786 2749 secun-

209 2778 321 2835 dum
345 2782 596 2852 Spiritum
620 2793 867 2838 sanctum
897 2792 982 2838 est
1007 2785 1279 2838 caritatem
1308 2784 1460 2838 nobis
1491 2784 1781 2851 insinuare,

209 2881 256 2924 et
280 2871 459 2928 fratres
486 2874 692 2930 allectu
717 2874 872 2929 simul
917 2883 971 2929 et
1018 2874 1205 2944 spiritu
1245 2873 1440 2940 facere,
1471 2873 1786 2929 fundamen-

211 2969 306 3016 tum
331 2966 556 3036 sumpsit
596 2975 868 3030 naturam,
896 2965 1222 3036 inseruitque
1249 2976 1450 3020 natura:
1479 2966 1705 3031 viscera,
1733 2975 1787 3020 et

208 3051 254 3104 in
300 3052 382 3106 illa
433 3054 887 3124 superrediiicavit
929 3055 1325 3111 fundamentum
1369 3056 1638 3111 Ecclesiaz.
1667 3055 1784 3111 Pri-

206 3158 337 3198 mum
386 3147 597 3218 signum
652 3149 710 3203 in
744 3147 921 3204 Veteri
966 3148 1063 3203 fuit
1091 3158 1323 3204 mutatus
1372 3150 1422 3204 in
1471 3149 1783 3220 sanguinem

203 3235 411 3302 ﬂuvius;
446 3240 691 3310 primum
735 3240 942 3307 signum
984 3241 1036 3295 in
1080 3241 1229 3295 Novo
1260 3240 1358 3295 fuit
1387 3242 1607 3295 mutatio
1635 3256 1785 3311 aqua:

202 3327 249 3381 in
279 3328 475 3384 vinum.
509 3331 714 3386 Verum
747 3347 851 3386 non
895 3340 978 3386 est
1015 3333 1293 3401 prazsentis
1334 3333 1590 3401 temporis
1615 3341 1782 3386 totam

199 3420 589 3478 similitudinem
619 3423 881 3492 deinceps
921 3425 1165 3494 persequi
1199 3443 1212 3479 :
1246 3423 1339 3479 sed
1379 3425 1444 3478 ad
1486 3424 1782 3480 institutum

199 3522 536 3566 revertamur.
570 3513 641 3568 In
672 3514 922 3584 principio
961 3514 1079 3584 fecit
1115 3513 1252 3569 Deus
1288 3517 1463 3570 ctutum
1494 3527 1539 3569 et
1577 3526 1780 3570 terram.
1816 3573 1824 3578 ,

193 3598 286 3656 Sex
317 3603 524 3659 dierum
554 3605 740 3676 spatio
766 3603 889 3659 fecit
934 3605 1076 3660 Deus
1108 3605 1305 3659 omnia.
1336 3606 1438 3661 Sed
1468 3606 1636 3675 prima
1666 3606 1780 3663 dies

194 3690 360 3748 differt
401 3710 430 3748 a
465 3695 848 3766 sequentibus.
879 3694 1007 3750 Nam
1055 3697 1221 3765 prima
1270 3695 1359 3751 die
1402 3696 1523 3750 fecit
1551 3695 1688 3750 Deus
1718 3711 1781 3750 ex

190 3797 286 3836 non
316 3787 665 3841 exstantibus
710 3803 724 3838 :
775 3801 806 3840 a
849 3785 1085 3841 secundo
1124 3795 1299 3840 autem
1348 3785 1434 3841 die
1480 3785 1609 3840 nihil
1659 3786 1784 3842 fecit

189 3873 320 3930 Deus
345 3893 410 3932 ex
451 3893 562 3932 non
591 3878 966 3942 exstantibus;
999 3877 1091 3932 sed
1137 3893 1201 3933 ex
1249 3879 1310 3932 iis
1351 3894 1469 3948 quae
1499 3879 1666 3948 prima
1697 3879 1783 3933 die

185 3965 376 4022 fecerat
407 3971 649 4023 mutavit
681 3980 737 4022 ut
766 3970 950 4022 voluit.
973 3969 1053 4024 Tu
1096 3985 1224 4023 vero
1255 3969 1334 4022 his
1360 3969 1706 4024 consideratis
1729 3980 1785 4025 et

183 4058 489 4125 exploratis,
526 4060 574 4114 si
608 4059 890 4115 veritatem
917 4059 1307 4130 deprehendis,
1335 4074 1612 4114 assensum
1642 4075 1781 4129 pra:-

181 4144 282 4214 be;
313 4150 397 4204 sin
439 4166 552 4206 non
602 4149 998 4220 deprehendis,
1049 4151 1266 4217 incusa,
1311 4159 1365 4204 et
1392 4152 1780 4206 accusationem

179 4237 396 4295 admitto
425 4241 442 4298 ἐ
477 4241 532 4296 id
590 4242 741 4298 enim
787 4242 1004 4298 multam
1045 4241 1374 4298 defensionis
1420 4257 1601 4297 ansam
1653 4243 1781 4299 mihi

178 4331 396 4399 praebet.

240 4427 293 4480 ι.
313 4425 581 4483 ϐωιοηιηι
602 4429 848 4500 formatio
863 4428 1214 4500 (a).-—Primo
1233 4431 1408 4501 itaque
1423 4431 1508 4487 die
1522 4441 1784 4487 creatura-

172 4531 283 4572 rum
309 4521 610 4575 materiam
635 4519 759 4575 fccit
779 4521 938 4585 Deus;
966 4521 1180 4592 reliquis
1199 4538 1325 4577 vero
1341 4522 1529 4578 diebus
1559 4525 1780 4577 formam

170 4621 486 4668 etornatum
507 4623 910 4669 creaturarum.
930 4614 1173 4685 Exempli
1191 4630 1348 4669 causa
1373 4657 1388 4682 ,
1417 4615 1541 4670 fecit
1567 4615 1778 4682 czelum,

166 4702 302 4769 quod
314 4714 445 4761 ante
462 4720 579 4761 non
600 4713 750 4771 erat;
766 4719 869 4759 non
891 4703 993 4759 hoc
1016 4705 1224 4771 ccelum,
1249 4705 1341 4760 sed
1369 4705 1510 4776 quod
1539 4705 1782 4774 superius

168 4804 281 4850 est:
319 4797 425 4853 hoc
453 4799 676 4870 quippe
698 4797 888 4853 cadum
913 4796 1147 4853 secundo
1173 4797 1260 4852 die
1287 4797 1481 4852 factum
1508 4807 1609 4853 est.
1633 4797 1784 4853 Fecit

167 4884 298 4943 Deus
313 4890 520 4945 caelum
549 4891 828 4960 superius.
844 4887 910 4943 de
928 4903 1032 4958 quo
1056 4887 1224 4942 David
1245 4907 1257 4944 :
1278 4887 1467 4943 Cwlum
1483 4889 1592 4942 σαιιί
1611 4887 1784 4942 Domi-

163 4992 224 5030 no
244 4979 421 5048 (Psal.
444 4981 585 5036 H3.
624 4978 738 5051 16).
765 4979 896 5034 Illud
922 4994 1051 5034 vero
1079 4980 1228 5049 quasi
1249 4993 1554 5048 supremum
1582 4979 1782 5034 tabula-

164 5076 268 5126 ω
285 5081 390 5128 est.
414 5074 504 5128 Ae
529 5069 991 5143 quemadmodum
1019 5070 1072 5125 in
1090 5069 1484 5124 domoduarum
1501 5069 1778 5138 contigna-

161 5161 361 5218 tionum
392 5161 709 5220 intercedit
726 5161 1016 5218 tabulatum
1045 5159 1312 5215 medium:
1342 5159 1422 5214 sic
1447 5169 1500 5214 et
1521 5159 1776 5215 Dominus

158 5255 413 5311 mundum
424 5268 648 5312 creans
669 5269 765 5310 ceu
781 5254 1020 5320 domum,
1047 5252 1276 5310 medium
1293 5251 1579 5306 tabulatum
1603 5251 1780 5326 posuit

155 5343 253 5401 hoc
274 5350 476 5404 caelum
497 5390 515 5415 ,
534 5354 598 5402 et
619 5359 784 5416 supra
815 5345 961 5400 illum
983 5357 1164 5414 aquas.
1182 5341 1309 5399 Ideo
1335 5342 1410 5397 ait
1440 5343 1641 5398 David:
1679 5343 1780 5411 Qui

151 5444 271 5509 tegis
290 5441 443 5510 aquis
459 5438 872 5509 superioraeius
888 5436 1057 5511 (Psal.
1080 5435 1201 5492 105.
1219 5435 1296 5507 5).
1321 5435 1469 5492 Fecit
1499 5436 1654 5506 igitur
1671 5450 1778 5492 cae-

150 5529 252 5585 lum
274 5532 424 5603 quod
438 5540 583 5588 ante
601 5543 717 5586 non
735 5539 866 5596 erat,
883 5539 1074 5587 terram
1095 5543 1212 5600 qua:
1223 5538 1344 5585 ante
1356 5545 1459 5585 non
1480 5537 1610 5597 erat,
1634 5531 1782 5602 abys-

193 5658 278 5729 _(a)
311 5669 436 5722 Qua
477 5662 962 5729 sequunturjifert
997 5662 1190 5714 Cosmus
1229 5661 1481 5727 digyptius
1526 5664 1575 5712 in
1620 5662 1781 5714 Colle-

146 5723 304 5773 etioue
329 5736 514 5777 nostra
539 5723 601 5774 't‘.
633 5723 686 5782 2,
711 5738 761 5786 p.
787 5726 894 5774 320.

1894 422 1982 460 sos
2000 425 2114 477 qum
2133 420 2256 465 ante
2271 428 2373 465 non
2393 422 2566 478 erant,
2589 425 2795 480 ventos,
2821 431 3021 484 aerem,
3045 419 3240 490 ignem,
3261 437 3473 493 aquam.

1893 499 2138 554 Omnium
2156 519 2272 572 qum
2302 503 2434 557 facta
2458 515 2581 560 sunt
2601 508 2873 562 materiam
2896 510 3060 580 prima
3085 512 3168 567 die
3200 511 3338 568 fecit.
3369 516 3475 570 Sed

1894 591 2031 645 haud
2055 592 2211 649 dubie
2240 593 2374 649 dioet
2409 596 2598 665 aliquis
2623 614 2635 649 :
2665 597 2932 668 Scriptum
2963 611 3044 656 est
3073 602 3245 671 ipsum
3281 603 3473 659 fecisse

1892 681 2078 736 Ca-Ium
2121 693 2172 738 et
2217 695 2444 753 terram,
2489 686 2555 742 de
2584 703 2754 757 aqua,
2801 689 2921 760 igne
2958 701 3012 745 et
3053 708 3178 747 aere
3205 709 3309 748 non
3338 697 3474 750 scri-

1893 785 2040 842 ptum
2066 785 2169 828 est.
2200 775 2379 830 Primo
2408 777 2613 847 itaque,
2640 780 2827 834 fratres
2850 822 2863 843 ,
2896 798 2959 836 ex
2992 799 3095 852 quo
3125 784 3258 838 dixit
3285 788 3473 840 calum

1893 874 1946 918 et
1979 875 2172 918 terram
2213 865 2348 921 facta
2377 884 2496 923 esse
2524 911 2538 934 ,
2569 886 2637 922 ex
2681 871 2746 924 iis
2788 887 2905 940 qua:
2944 875 3216 929 continent
3253 892 3314 930 ea
3356 892 3473 946 qua:

1893 956 2236 1010 continentur
2281 958 2550 1012 indicavit.
2590 959 2736 1015 Sicut
2781 963 2920 1016 enim
2949 979 3068 1017 cum
3111 964 3291 1033 dixit,
3333 965 3476 1022 Fecit

1893 1046 2029 1101 Deus
2055 1048 2302 1102 hominem
2328 1051 2578 1120 pulverem
2599 1053 2846 1120 accipiens
2871 1055 2932 1108 de
2957 1066 3091 1110 terra
3119 1059 3266 1128 (Cen.
3303 1061 3356 1115 2.
3395 1061 3474 1131 7),

1892 1141 2160 1210 opilicium
2190 1141 2322 1196 dixit
2346 1184 2361 1207 ,
2393 1159 2498 1198 non
2526 1146 2763 1200 membra
2789 1151 3122 1204 enumeravit
3150 1168 3163 1204 :
3195 1167 3367 1219 neque
3387 1153 3474 1207 di-

1892 1233 2007 1287 xit:
2040 1229 2187 1288 Fecit
2218 1233 2358 1289 Deus
2383 1235 2588 1303 oculos,
2620 1245 2868 1301 etaures,
2901 1249 2953 1294 et
2976 1257 3154 1307 nares,
3181 1241 3274 1297 sed
3300 1243 3474 1298 homi-

1894 1339 2015 1377 nem
2045 1323 2248 1387 dicens,
2276 1325 2452 1379 omnia
2475 1326 2630 1380 simul
2661 1328 2896 1382 membra
2925 1332 3326 1400 comprehendit
3353 1352 3366 1386 :
3396 1335 3474 1390 sic

1845 1463 1854 1472 ε
1891 1429 2011 1469 cum
2043 1413 2170 1469 dicit
2201 1456 2216 1480 ,
2247 1415 2411 1470 Deum
2459 1415 2648 1472 fecisse
2683 1418 2870 1473 caelum
2919 1430 2969 1474 et
3017 1431 3209 1476 terram
3237 1465 3252 1488 ,
3283 1434 3474 1480 cuncta

1891 1504 2204 1573 complexus
2230 1513 2332 1572 est,
2366 1515 2417 1560 et
2445 1522 2548 1561 una
2579 1510 2827 1564 tenebras
2852 1519 2906 1565 et
2949 1511 3172 1582 abyssos
3197 1513 3364 1569 factas
3390 1515 3474 1568 in-

1891 1595 2035 1651 duxit
2065 1615 2077 1651 :
2107 1612 2226 1650 nam
2249 1596 2506 1666 Tenebrw,
2534 1600 2723 1670 inquit,
2757 1613 2897 1655 erant
2922 1620 3073 1674 super
3100 1605 3280 1675 faciem
3307 1605 3474 1676 abyssi

1892 1688 1910 1758 (
1934 1686 2060 1741 Gen.
2096 1688 2146 1744 Ι.
2178 1687 2212 1741 2
2231 1688 2269 1758 ).
2301 1689 2540 1761 Abyssus
2568 1706 2696 1745 vero
2721 1701 2944 1746 vocatur
2971 1708 3226 1763 aquarum
3254 1711 3470 1766 gurges.

1891 1777 2039 1847 Quod
2068 1787 2244 1832 autem
2265 1781 2423 1834 etiam
2455 1779 2631 1851 abyssi
2661 1779 2812 1836 facta:
2834 1783 2958 1849 sint,
2985 1784 3297 1840 testificatur
3323 1786 3471 1842 Scri-

1893 1877 2043 1939 ptura
2086 1871 2270 1925 dicens
2309 1889 2322 1924 :
2371 1869 2651 1942 Antequam
2684 1873 2891 1942 abyssos
2937 1875 3282 1937 constitueret,
3330 1888 3473 1931 ante-

1890 1969 2042 2030 quam
2078 1969 2261 2014 terram
2295 1971 2485 2014 crearet
2515 1961 2534 2032 (
2566 1960 2720 2016 Prov.
2745 1963 2798 2018 8.
2824 1963 2914 2017 94.
2943 1962 3013 2017 26
3037 1961 3078 2035 ).
3107 1964 3284 2034 Itaque
3318 1965 3470 2019 facta:

1890 2060 2044 2128 erant
2083 2051 2281 2122 abyssi.
2312 2051 2512 2107 Deinde
2542 2067 2634 2106 aer
2671 2068 2882 2122 quoque
2922 2054 3258 2123 quandonam
3300 2055 3469 2110 factus

1890 2141 1959 2195 sit
1980 2141 2138 2195 audi:
2167 2140 2230 2194 Et
2250 2141 2456 2210 spiritus
2487 2141 2579 2195 Dei
2610 2143 2862 2213 ferebatur
2885 2159 3035 2212 super
3055 2161 3210 2214 aquas
3239 2145 3386 2214 (Gen.
3412 2147 3467 2200 Ι.

1888 2228 1970 2301 2).
1999 2231 2097 2285 Hic
2127 2246 2230 2284 non
2262 2230 2514 2300 Spiritum
2560 2242 2800 2286 sanctum
2842 2233 3004 2300 dicit;
3037 2249 3142 2289 non
3175 2237 3318 2296 enim
3345 2251 3467 2292 cum

1889 2322 2150 2377 creaturis
2188 2333 2570 2378 annumeratur
2612 2323 2664 2378 id
2695 2325 2835 2394 quod
2876 2327 3171 2381 increatum
3203 2337 3286 2382 est
3325 2347 3338 2381 :
3374 2328 3468 2384 sed

1891 2415 2133 2483 spiritum
2176 2422 2330 2470 vocat
2368 2416 2507 2470 aeris
2549 2425 2769 2470 motum.
2812 2418 2889 2472 Ac
2923 2418 3369 2488 quemadmodum
3413 2422 3464 2475 in

1892 2505 2004 2560 Elia
2034 2504 2290 2576 propheta
2330 2507 2586 2576 scriptum
2615 2517 2696 2563 est
2728 2526 2742 2562 :
2775 2507 2842 2562 Et
2881 2511 3058 2565 cwlum
3103 2513 3468 2566 contenebravit

1889 2600 1939 2653 in
1962 2600 2090 2653 nube
2118 2610 2162 2654 et
2187 2602 2367 2670 spiritu
2391 2601 2468 2671 (5.
2498 2599 2626 2672 Reg.
2651 2601 2736 2657 18.
2764 2603 2878 2672 45);
2909 2605 2986 2658 sic
3014 2612 3061 2658 et
3093 2603 3193 2658 hoc
3222 2605 3338 2661 Ioco
3360 2606 3470 2676 spi—

1891 2691 2049 2745 ritum
2091 2703 2246 2746 vocat
2289 2694 2427 2747 aeris
2473 2704 2736 2748 naturam.
2768 2693 2988 2748 Demum
3020 2704 3265 2764 superest
3291 2705 3346 2749 ut
3376 2711 3469 2749 os-

1891 2782 2186 2846 tendamus,
2205 2783 2418 2837 ubinam
2438 2784 2571 2854 iguis
2587 2781 2756 2838 factus
2780 2783 2868 2838 sit.
2893 2781 3035 2838 Dixit
3054 2783 3209 2850 Deus,
3233 2784 3352 2837 Fiat
3379 2786 3470 2839 tua:

1893 2872 2042 2944 (Gen.
2072 2873 2123 2927 Ι.
2150 2873 2231 2944 2),
2256 2881 2310 2928 et
2329 2872 2463 2929 facta
2487 2884 2568 2929 est
2591 2875 2726 2943 ignis
2749 2883 2933 2928 natura
2959 2891 2972 2928 :
3007 2891 3110 2929 non
3134 2875 3302 2929 solum
3324 2877 3467 2930 enim

1890 2965 1975 3019 hic
2006 2964 2139 3034 ignis
2167 2965 2396 3030 exsistit,
2426 2964 2518 3020 sed
2547 2966 2705 3020 etiam
2735 2979 2982 3035 superna:
3010 2973 3302 3034 potestates
3328 2966 3468 3034 ignis

1889 3065 2052 3122 Sunt,
2081 3056 2363 3126 aflinisque
2388 3065 2473 3111 est
2497 3071 2763 3126 supernus
2793 3055 2882 3111 ille
2911 3096 2926 3121 ,
2970 3056 3093 3110 huic
3119 3065 3305 3111 nos1ro
3335 3056 3463 3127 igni.

1887 3149 2152 3218 Quaeritur
2175 3157 2373 3214 autem,
2397 3164 2491 3202 cur
2508 3149 2592 3203 hic
2616 3147 2998 3218 exstinguatur,
3022 3147 3109 3202 ille
3133 3161 3260 3203 vero
3287 3159 3464 3205 secus.

1887 3243 2016 3311 Quia
2043 3243 2258 3312 angelos
2297 3241 2420 3296 fecit
2449 3241 2587 3296 Deus
2611 3240 2828 3310 spiritus
2857 3281 2873 3307 ,
2904 3241 3214 3310 animasque
3257 3247 3468 3294 nostras

1888 3333 2012 3387 item
2037 3332 2274 3401 spiritus,
2297 3330 2390 3386 sed
2423 3332 2629 3385 animas
2650 3338 2863 3385 nostras
2889 3331 2941 3384 in
2967 3343 3224 3399 corpore,
3250 3329 3468 3398 angelos

1886 3432 2064 3478 autem
2092 3433 2242 3478 extra
2268 3437 2514 3492 corpora.
2568 3421 3031 3492 Quemadmodum
3071 3421 3229 3492 igitur
3271 3421 3322 3476 in
3353 3421 3472 3476 ani-

1887 3515 2072 3570 mabus
2100 3523 2153 3569 et
2177 3513 2228 3569 in
2255 3513 2477 3583 angelis,
2508 3515 2586 3568 sic
2615 3523 2670 3569 et
2693 3513 2746 3568 in
2771 3515 2890 3584 igne
2913 3527 3022 3569 rem
3050 3525 3109 3568 se
3138 3511 3334 3569 habere
3352 3525 3470 3568 cer-

1887 3606 2050 3660 nitur.
2093 3605 2232 3676 Ignis
2271 3619 2535 3676 supernus
2570 3605 2687 3660 sine
2729 3607 2951 3660 materia
2986 3645 3002 3672 ,
3048 3605 3184 3675 ignis
3228 3603 3469 3658 infernus

1886 3711 2004 3752 cum
2030 3698 2281 3752 materia:
2309 3697 2542 3752 caelestis
2565 3697 2706 3752 enim
2736 3696 2872 3766 Ignis
2901 3696 2983 3750 his
3005 3704 3085 3750 est
3106 3693 3305 3760 afilnis,
3329 3695 3471 3748 sicut

1886 3796 1940 3842 et
1981 3788 2156 3842 anima
2197 3797 2380 3842 nostra
2425 3786 2598 3841 afﬁnis
2632 3795 2716 3842 est
2761 3787 3001 3856 angelis:
3039 3795 3098 3840 ut
3135 3785 3208 3841 illi
3248 3786 3470 3855 spiritus

1887 3888 2042 3944 sunt,
2077 3879 2154 3932 sic
2182 3887 2235 3931 et
2263 3877 2347 3931 lue
2374 3887 2499 3933 sunt
2521 3877 2740 3946 Spiritus
2760 3918 2775 3941 ,
2800 3885 2858 3930 ut
2876 3877 3036 3932 etiam
3067 3886 3178 3932 tres
3207 3877 3357 3946 pueri
3381 3874 3468 3930 di-

1887 3982 2012 4025 cunt
2039 3989 2052 4026 :
2077 3969 2600 4038 Benedicite,spiritus
2633 3976 2681 4022 et
2716 3968 2899 4020 anima:
2917 3970 3170 4038 justorum
3203 3968 3222 4038 (
3251 3967 3384 4020 Dan.
3409 3967 3466 4021 5.

1888 4063 1977 4128 86)
2003 4077 2018 4124 ;
2050 4076 2111 4115 ac
2137 4073 2368 4126 rursum,
2396 4057 2496 4125 Qui
2525 4059 2646 4128 facit
2669 4057 2876 4127 angelos
2904 4071 3022 4110 suos
3047 4057 3257 4122 spiritus
3287 4055 3462 4125 (Psal.

1888 4151 2011 4207 105.
2045 4152 2080 4206 4
2104 4150 2143 4223 ).
2175 4149 2356 4219 Neque
2385 4149 2544 4218 igitur
2569 4148 2744 4200 anima
2787 4147 2902 4200 sine
2929 4159 3157 4215 corpore
3197 4151 3418 4213 apparet
3446 4183 3466 4210 ,

1889 4260 2060 4315 neque
2087 4245 2259 4314 ignem
2282 4243 2398 4298 sine
2422 4251 2634 4310 stuppa,
2658 4239 2744 4294 vel
2773 4247 3047 4294 sarmento
3065 4280 3081 4305 ,
3104 4237 3188 4292 vel
3209 4237 3312 4291 alia
3341 4249 3456 4290 ma-

1890 4337 2019 4391 teria
2063 4335 2244 4390 videre
2283 4342 2384 4387 εει.
2431 4329 2502 4388 Ut
2532 4340 2709 4385 autem
2754 4327 3064 4385 ostendatur
3107 4327 3251 4382 hunc
3287 4327 3467 4397 ignem

1887 4439 1994 4483 non
2023 4435 2142 4483 esse
2170 4425 2402 4481 alienum
2423 4465 2438 4490 ,
2482 4421 2535 4478 id
2565 4422 2724 4477 docet
2751 4421 2865 4492 ipsa
2897 4429 3105 4476 natura.
3128 4418 3278 4474 Multi
3306 4431 3466 4473 nam-

1887 4533 1991 4590 que
2017 4531 2158 4587 s:epe
2186 4527 2250 4572 ex
2273 4515 2390 4570 sole
2419 4515 2592 4585 ignem
2625 4522 2951 4580 mutuantur,
2967 4507 3030 4567 et
3049 4509 3348 4566 accendunt
3371 4525 3386 4563 :
3419 4509 3468 4564 si

1887 4620 2064 4664 autem
2092 4609 2297 4662 alienus
2327 4617 2489 4674 esset,
2519 4604 2792 4677 quomodo
2819 4604 3050 4659 aﬁenum
3081 4617 3148 4658 ex
3172 4603 3287 4673 ipso
3321 4601 3468 4656 acci-

1887 4700 2147 4770 peretur?
2174 4699 2422 4770 Alioquin
2453 4709 2559 4753 tam
2587 4699 2772 4768 ingens
2813 4697 2868 4751 in
2917 4695 3050 4750 caelo
3079 4695 3214 4764 ignis
3242 4694 3470 4750 estsine

1887 4793 2130 4855 materia,
2152 4799 2211 4846 ut
2240 4792 2290 4844 in
2321 4799 2499 4844 monte
2527 4788 2651 4846 Sina
2678 4788 2812 4859 ignis
2839 4793 3136 4856 appareret,
3156 4799 3314 4855 quem
3345 4784 3470 4840 abs-
3537 4789 3540 4794 '

1887 4899 1991 4956 que
2027 4883 2182 4953 lignis
2236 4882 2490 4952 subjectis
2521 4922 2536 4944 ,
2561 4879 2657 4935 sed
2704 4895 2767 4934 ex
2811 4879 2929 4947 ipso
2963 4876 3200 4932 materia:
3245 4885 3468 4947 experto

1887 4979 2010 5049 igne
2030 4975 2098 5031 ad
2119 4975 2475 5046 Spectaculum
2505 4971 2691 5027 eduxit
2717 4971 2856 5024 Deus
2871 5010 2884 5033 ,
2904 4977 2963 5024 ut
2981 4968 3244 5040 quispiam
3271 4967 3469 5024 dixerit

1888 5079 2108 5138 parvum
2139 5079 2258 5120 esse
2305 5065 2446 5119 hunc
2485 5063 2663 5132 ignem
2692 5075 2812 5114 cum
2839 5060 2933 5114 illo
2963 5059 3163 5129 ingenti
3189 5071 3468 5130 compara-

1887 5171 2023 5216 tum.
2068 5155 2158 5215 Sic
2197 5159 2374 5227 itaque
2415 5155 2490 5210 ait
2530 5153 2775 5226 Moyses:
2806 5151 2885 5206 De
2924 5153 3048 5206 caelo
3084 5152 3309 5206 auditam
3352 5151 3469 5222 fecit

1887 5253 2140 5310 Dominus
2181 5267 2349 5306 uocem
2388 5264 2534 5303 suam
2567 5288 2584 5311 ,
2620 5255 2668 5300 et
2698 5245 2910 5300 astendit
2949 5243 3088 5299 Deus
3124 5245 3290 5316 ignem
3318 5259 3466 5298 suum

1881 5344 2169 5419 πατρωίη(
2197 5343 2350 5398 Deut.
2380 5342 2434 5398 4.
2461 5340 2534 5396 56
2562 5337 2617 5412 );
2647 5327 2704 5393 ut
2741 5337 3135 5396 demonstraret
3171 5336 3312 5391 hunc
3344 5347 3466 5388 esse

1888 5454 2130 5511 parvum.
2157 5435 2345 5492 Omnia
2371 5434 2546 5504 itaque
2572 5431 2706 5503 ignis
2726 5439 2868 5497 sunt,
2899 5439 2952 5486 et
2976 5429 3172 5499 fulgur,
3194 5435 3248 5482 et
3272 5424 3461 5490 stellae,

1885 5540 1942 5587 et
1970 5531 2123 5585 solet
2148 5529 2292 5591 luna,
2323 5525 2535 5596 illisque
2563 5533 2746 5579 noster
2765 5521 2900 5594 ignis
2927 5519 3102 5574 afﬁnis
3127 5525 3228 5572 est.
3248 5516 3313 5569 Et
3340 5513 3464 5568 vida

1889 5638 2048 5691 quam
2088 5619 2400 5673 affinitatem
2442 5615 2673 5672 habeant
2700 5617 2927 5684 ἀστραπὴ
2951 5617 3006 5665 et
3037 5611 3255 5676 ἀστέρες,
3287 5602 3466 5674 fulgur

1891 5723 1943 5769 et
1969 5712 2158 5778 stella',
2186 5711 2269 5766 vel
2295 5725 2359 5765 cx
2387 5709 2500 5779 ipso
2527 5707 2738 5764 nomine
2762 5722 2777 5772 ;
2807 5706 3033 5772 ἀστραπὴ
3062 5707 3115 5754 et
3138 5703 3295 5772 ἄστρα
3315 5736 3332 5764 .
3355 5693 3462 5750 ful-
