3982 6198
506 276 608 334 4⁸55

503 407 603 461 gur
628 399 683 445 et
707 389 890 445 stellae.
923 385 1172 438 Servatur
1197 390 1396 442 autem,
1431 387 1480 431 ut
1511 374 1810 431 ostenderet
1837 374 2008 442 ignem
2029 381 2083 426 et

507 484 684 554 fulgur
712 481 900 536 similia
927 493 1046 531 esse
1071 517 1084 537 .
1109 476 1182 528 ait
1213 473 1263 528 in
1294 467 1580 537 Evangelio
1603 487 1616 522 :
1645 468 1872 520 Lucerna
1901 482 2084 529 corpo-

505 575 577 626 ris
597 583 669 626 est
690 571 882 624 oculos.
913 567 973 621 Si
995 566 1168 620 oculus
1188 575 1300 617 tuus
1321 563 1470 629 fuerit
1492 559 1706 622 lucidus,
1727 566 1882 611 totum
1904 571 2088 622 corpus

509 675 648 716 tuum
671 659 892 712 lucidum
918 657 1010 712 erit
1032 655 1246 725 (Matth.
1273 654 1327 707 6.
1349 651 1465 718 22).
1492 650 1615 710 ιτίωε
1636 651 1906 702 Servalor.
1933 645 2089 699 Dein-

506 754 574 805 de
597 749 896 820 subjungit:
923 747 988 802 Ut
1019 763 1130 802 cum
1156 743 1358 798 lucerna
1377 743 1577 810 fulgure
1597 740 1848 796 illuminat
1869 747 1915 790 te
1936 735 2088 809 (Luc.

514 845 597 897 ll.
632 841 724 911 56)
748 858 760 904 ;
791 840 1021 894 lucernae
1047 837 1220 906 fulgur
1245 851 1443 890 Vocans
1472 833 1704 887 lucernae
1733 830 2012 900 fulgorem.

581 933 634 986 5.
664 931 850 985 Onntia
875 929 1030 996 igitur
1062 927 1196 980 facta
1225 935 1348 983 sunt
1381 943 1393 984 ;
1427 925 1563 993 ignis
1591 923 1760 975 factus
1785 930 1886 984 est,
1911 917 2090 990 abyssi

513 1024 664 1078 facta:
692 1032 816 1078 sunt
838 1065 852 1084 ,
887 1021 1026 1076 venti
1053 1061 1068 1086 ,
1115 1029 1340 1089 quatuor
1369 1018 1631 1071 elementa
1661 1056 1676 1079 ,
1711 1025 1845 1068 terra
1871 1054 1885 1076 ,
1916 1013 2049 1082 ignis
2073 1053 2088 1078 ,

515 1132 670 1184 aqua,
699 1130 811 1171 aer.
844 1112 972 1168 Nam
1002 1126 1120 1182 quae
1145 1109 1565 1177 omiseratquasi
1591 1107 1677 1160 hic
1700 1106 1918 1160 resumit
1946 1103 2095 1175 Moy-

514 1223 600 1263 ses
620 1208 834 1262 dicens:
870 1204 975 1260 Sea:
998 1205 1169 1258 diebus
1195 1203 1311 1272 fecit
1339 1200 1475 1255 Deus
1501 1202 1677 1254 aulum
1707 1209 1750 1252 et
1775 1210 1961 1251 terram
1990 1240 2004 1261 ,
2046 1207 2092 1251 et

517 1300 686 1352 onmia
711 1312 825 1366 qua:
846 1297 896 1348 in
919 1296 988 1348 eis
1017 1303 1134 1348 sunt
1160 1293 1352 1363 (Exod.
1380 1291 1470 1346 20.
1497 1288 1606 1362 ll).
1634 1287 2093 1355 Quemadmodum

517 1400 694 1444 autem
722 1388 962 1457 corporis
991 1403 1096 1441 non
1125 1385 1303 1440 omnia
1333 1384 1568 1438 membra
1599 1383 1754 1444 dixit.
1786 1382 1862 1435 sic
1893 1397 1952 1437 ea
1975 1396 2094 1447 qua:

518 1481 585 1534 ad
615 1479 937 1534 creationem
970 1485 1211 1546 spectant
1232 1492 1336 1529 non
1367 1473 1717 1536 cnumeravit,
1752 1471 1958 1527 etiamsi
1981 1485 2100 1524 orn-,-

521 1574 607 1627 nia
629 1587 748 1626 cum
772 1569 971 1623 mundo
997 1570 1101 1622 sint
1124 1568 1355 1622 condita.
1389 1565 1442 1626 Si
1485 1580 1643 1635 porro
1671 1580 1773 1619 non
1795 1571 1937 1618 esset
1963 1561 2099 1633 ignis

523 1665 576 1718 iu
606 1672 766 1725 terra,
791 1677 894 1715 non
929 1661 1084 1714 hodie
1111 1661 1283 1728 ignem
1302 1676 1364 1720 ex
1394 1667 1540 1728 petra
1568 1657 1876 1724 educerent,
1909 1671 2012 1709 non
2033 1670 2099 1711 ex

525 1755 708 1826 ligno;
739 1754 978 1808 collisum
1017 1754 1210 1823 quippe
1257 1753 1454 1820 lignum
1506 1752 1679 1820 ignem
1727 1749 1938 1803 emittit.
1967 1749 2100 1802 Ani,

525 1865 668 1901 mum
707 1862 833 1917 ergo
859 1847 1142 1916 diligenter
1169 1846 1381 1906 adhibe.
1418 1845 1654 1899 Tenebra.’
1679 1886 1693 1910 ,
1724 1843 1892 1911 inquit
1918 1885 1931 1906 ,
1957 1851 2102 1895 erant

524 1956 674 2007 super
701 1939 880 2009 facient
913 1939 1080 2007 abyssi
1124 1937 1141 2007 (
1168 1936 1303 1991 Gen.
1331 1937 1375 1989 l.
1411 1937 1446 1989 ‘2
1471 1938 1507 2001 ).
1558 1936 1769 2003 Ergone
1796 1975 1810 1992 .
1854 1932 2058 2002 inquies
2083 1971 2100 1997 ,

530 2029 673 2084 Deus
703 2029 948 2087 tenebras
978 2029 1140 2082 fecit?
1168 2028 1376 2084 Scimus
1405 2029 1562 2084 altam
1596 2040 1714 2080 esse
1742 2025 2058 2078 sententiam
2086 2039 2099 2075 :

529 2121 620 2174 sed
653 2121 772 2190 quia
796 2122 846 2180 in
879 2129 1018 2176 cmlu
1061 2135 1205 2189 saepe
1238 2133 1420 2172 SlllllllS
1463 2133 1649 2172 eormn
1681 2158 1695 2182 ,
1725 2131 1950 2185 quormn
1983 2128 2106 2182 pars

530 2213 701 2265 amico
727 2212 946 2268 audiunt
978 2212 1156 2264 animo
1177 2252 1190 2274 ,
1229 2227 1349 2279 pars
1376 2226 1501 2264 vero
1530 2206 1920 2278 reprehendere
1962 2215 2105 2259 sata-

531 2313 662 2371 gunt
697 2319 734 2367 ;.
759 2316 980 2356 necesse
1023 2313 1105 2357 est
1145 2302 1365 2356 verbum
1399 2319 1502 2354 non
1534 2303 1650 2354 sine
1675 2300 1918 2354 exauuine
1943 2297 2106 2355 relin-

534 2409 726 2460 quere,
754 2409 818 2448 ne
847 2403 963 2462 post
994 2409 1178 2463 magna
1208 2393 1465 2462 prOmissa
1499 2435 1514 2458 ,
1546 2393 1735 2462 exigua
1768 2401 2104 2460 prmstemus.

537 2484 811 2540 Undenam
842 2501 968 2554 ergo
996 2487 1232 2540 teuebra:
1258 2485 1281 2537 ?
1311 2485 1440 2538 Nam
1471 2485 1609 2537 Deus
1643 2525 1658 2548 ,
1701 2484 1946 2552 inquiunt
1971 2523 1987 2548 ,
2012 2483 2108 2537 has

535 2595 640 2632 non
669 2577 822 2632 fecit:
855 2578 992 2633 Deus
1013 2579 1153 2635 enim
1188 2619 1202 2642 ,
1232 2578 1377 2636 aiunt
1406 2619 1420 2642 ,
1451 2593 1622 2646 neque
1651 2577 1982 2634 tenebrarum
2009 2590 2110 2632 ne,

536 2684 640 2734 que
683 2669 926 2738 caliginis
971 2667 1145 2736 epifex
1177 2679 1277 2722 est.
1311 2667 1445 2736 Quid
1477 2669 1633 2735 igitur
1673 2675 1797 2720 sunt
1825 2666 2056 2721 tenebrae
2086 2669 2110 2720 'l

537 2755 680 2811 Multi
710 2756 958 2812 dixerunt
982 2771 1100 2812 esse
1124 2758 1238 2810 ca-li
1284 2758 1547 2815 umbram.
1585 2756 1714 2816 Nam
1740 2799 1753 2817 .
1776 2757 1924 2810 aiunt
1948 2799 1962 2817 .
1987 2773 2109 2812 cum

538 2847 724 2898 eadem
751 2847 994 2916 superius
1018 2847 1288 2901 conditmn
1333 2857 1448 2914 est,
1475 2863 1595 2901 eum
1645 2862 1872 2917 superna
1913 2847 2111 2906 lumina

541 2941 773 2996 nondum
813 2951 1021 3006 essent,
1053 2942 1248 2996 nudata
1277 2954 1389 2997 erat
1417 2952 1554 2997 terra
1580 2983 1595 3008 ,
1624 2953 1675 2998 et
1705 2943 1856 2996 facta:
1887 2950 2009 3002 sum
2032 2951 2111 2996 tc-.-

539 3034 738 3086 nebm.
782 3035 852 3088 At
881 3035 1068 3088 etelum
1099 3049 1382 3104 supermun
1416 3034 1648 3088 luridum
1678 3045 1760 3087 est
1789 3074 1802 3097 ,
1835 3050 1938 3087 non
1968 3044 2115 3087 teuc-

541 3129 756 3178 hrosum
781 3143 796 3188 ;
822 3136 981 3195 atque
1009 3127 1216 3180 etiamsi
1244 3143 1348 3179 non
1377 3126 1596 3180 haberet
1618 3127 1784 3180 solem
1811 3168 1826 3192 ,
1862 3128 2037 3180 lunam
2059 3134 2116 3181 et

540 3217 728 3276 stellas
760 3257 775 3280 ,
810 3217 976 3286 ipsam
1005 3227 1244 3276 naturam
1275 3234 1369 3286 per
1391 3232 1448 3275 se
1469 3217 1835 3286 splendentem
1875 3218 2114 3272 haberet.

541 3311 592 3362 Si
621 3324 746 3378 ergo
763 3311 948 3367 cmlum
980 3310 1313 3375 imminebat,
1341 3319 1587 3378 terraque
1608 3327 1839 3378 expansa
1871 3319 2016 3374 erat,
2051 3311 2115 3362 il-

545 3401 739 3469 ludque
775 3416 1004 3471 superne
1053 3401 1304 3468 lucebat,
1332 3411 1385 3456 et
1421 3401 1532 3456 haec
1564 3403 1736 3462 lucem
1776 3401 2072 3469 excipiebat
2099 3439 2115 3462 ,

541 3491 807 3550 undenam
839 3491 1070 3546 tenebrze
1095 3493 1116 3546 ?
1141 3491 1265 3546 Mihi
1295 3501 1438 3546 certe
1465 3492 1691 3554 videtur,
1715 3491 1962 3560 quoniam
1981 3506 2116 3558 aqua

543 3597 699 3639 terra:
730 3586 1063 3654 superﬁciem
1091 3585 1338 3654 tegebat,
1369 3584 1668 3653 nebulaque
1707 3592 1760 3636 et
1787 3585 1956 3652 caligo
1977 3584 2117 3642 circa

543 3691 708 3745 aquas
729 3676 1056 3731 consistebat
1084 3715 1100 3742 ,
1132 3675 1281 3744 quod
1301 3675 1462 3728 etiam
1496 3690 1636 3728 llllltc
1662 3675 1875 3727 evenire
1898 3674 2034 3728 solet
2065 3675 2116 3730 in

545 3769 850 3829 lltiininibus
883 3811 898 3830 ,
936 3769 1313 3823 obscuritatem
1337 3768 1482 3825 illam
1505 3767 1789 3836 caliginem
1819 3767 2116 3828 excitasse:

547 3861 819 3928 nubesque
863 3858 1052 3914 fecisse
1085 3901 1100 3926 ,
1131 3875 1194 3915 ac
1244 3860 1411 3914 nubes
1452 3859 1830 3918 obumbrantes
1875 3859 2121 3914 tenebras

547 3952 838 4010 induxisse.
863 3953 1014 4018 Quod
1044 3963 1219 4006 autem
1243 3960 1412 4006 nubes
1446 3952 1690 4006 tenebras
1717 3952 1934 4017 excitet,
1966 3951 2015 4005 id
2041 3952 2123 4005 dis

546 4044 618 4097 cit
642 4043 912 4113 Scriptura
934 4061 961 4112 ί,
982 4042 1043 4096 Et
1082 4044 1260 4098 ctelum
1285 4043 1656 4097 obtenebratum
1697 4055 1768 4097 est
1811 4045 1863 4096 in
1910 4043 2120 4096 nubibus

549 4137 636 4199 (3.
673 4135 799 4206 lirg.
832 4134 1061 4206 l8.15).
1096 4135 1480 4190 [hereticorum
1511 4145 1692 4190 autem
1719 4135 1988 4205 allegoriae
2015 4152 2121 4190 non

548 4227 852 4297 ignoranda:
892 4235 1035 4280 sunt.
1069 4226 1291 4294 Quidam
1319 4226 1552 4280 lia-retici
1586 4226 1767 4280 dicere
1811 4228 1923 4279 ausi
1952 4236 2070 4279 sunt
2103 4268 2119 4291 ,

550 4318 800 4372 tenebras
824 4333 944 4372 esse
974 4318 1240 4371 diabolum
1264 4317 1367 4388 (a),
1395 4317 1646 4386 abySsum
1674 4332 1801 4370 vero
1829 4315 2118 4376 daemonas:

546 4407 760 4477 quando
800 4416 975 4464 autem
1013 4408 1146 4465 dixit
1188 4408 1325 4463 Deus
1359 4425 1373 4470 ;
1409 4407 1527 4460 Fiat
1569 4407 1696 4470 lux;
1725 4407 1776 4459 id
1807 4415 1884 4465 est
1938 4404 2121 4471 Filius,

546 4500 697 4551 aiunt
721 4516 732 4550 :
759 4497 870 4550 Non
897 4497 1057 4551 modo
1083 4513 1210 4567 ergo
1234 4501 1247 4533 ¹
1279 4499 1356 4558 illi
1382 4499 1583 4554 honore
1605 4514 1701 4568 par
1730 4507 1810 4556 est
1840 4497 2080 4550 diabolus
2105 4538 2120 4563 ,

546 4591 641 4646 sed
668 4591 850 4645 tetiam
901 4591 992 4644 illo
1030 4592 1226 4645 senior.
1264 4592 1454 4646 Verum
1507 4592 1644 4650 hanc
1683 4591 2005 4661 impietatem
2056 4605 2124 4652 ne

545 4698 968 4737 ctmtmcmorare
994 4683 1204 4745 quidem
1235 4698 1328 4751 par
1350 4693 1432 4738 est
1453 4699 1471 4741 ε
1490 4684 1584 4738 sed
1613 4684 1732 4738 ideo
1759 4685 2072 4752 protulimus
2104 4724 2121 4752 ,

549 4791 616 4828 ne
641 4791 701 4827 ea
731 4791 849 4843 qua:
877 4775 1016 4828 dicta
1044 4785 1167 4827 sunt
1189 4775 1523 4844 ignoraretis.
1557 4774 1815 4831 Tenebra:
1838 4791 1966 4845 ergo
1995 4788 2121 4830 tunc

549 4867 650 4918 illze
674 4883 740 4919 ex
773 4867 999 4921 nubibus
1039 4876 1207 4920 erant.
1257 4865 1346 4919 Sic
1385 4865 1528 4920 enim
1573 4867 1624 4918 in
1655 4865 1886 4937 {Egypto
1913 4881 2124 4936 quoque

550 4957 780 5011 tenebrae
805 4967 957 5013 erant
980 4999 993 5019 ,
1026 4975 1129 5011 non
1158 4958 1297 5028 quod
1329 4974 1430 5012 nox
1458 4969 1640 5024 esset,
1670 4958 1762 5013 sed
1785 4959 1925 5027 quod
1953 4960 2123 5028 caligo

548 5058 691 5099 esset
723 5046 930 5101 inducta
977 5047 996 5121 (
1030 5049 1195 5102 Exod.
1229 5048 1314 5103 10.
1345 5048 1416 5102 22
1442 5066 1548 5120 sqq.
1585 5049 1605 5119 )
1652 5048 1740 5104 Sic
1767 5058 1821 5102 et
1861 5050 1910 5103 in
1945 5059 2122 5103 monte

548 5139 672 5192 Sina
700 5139 896 5195 iactum
925 5151 1043 5206 est;
1079 5141 1311 5196 tenebra:
1347 5152 1500 5198 erant
1541 5159 1644 5200 n::u
1693 5159 1758 5206 cx
1808 5154 1961 5200 nocte
1983 5184 1997 5207 ,
2027 5143 2122 5203 sed

615 5289 777 5350 {meo
819 5286 867 5334 in
905 5284 1075 5350 Savillo
1098 5287 1422 5350 additamento
1459 5295 1597 5337 aucta
1641 5288 1871 5350 leguntur
1906 5288 1954 5350 in
1987 5289 2125 5350 hunc

547 5347 767 5413 modum:
782 5348 980 5413 (annulo
1002 5355 1161 5397 autem
1184 5349 1310 5398 dixit
1337 5358 1460 5413 Dens
1484 5361 1500 5397 :
1533 5369 1554 5394 σι
1575 5351 1682 5400 Fiat
1695 5347 1810 5413 ‘lna',
1835 5366 1856 5393 xv
1882 5347 1950 5413 sic
1975 5349 2124 5413 impe-

548 5409 671 5459 ruvit
693 5417 746 5459 ut
761 5408 910 5458 Filius
930 5409 1102 5469 ﬁeret;
1124 5415 1168 5457 et
1192 5423 1281 5458 non
1296 5410 1578 5461 erubescunt
1605 5411 1846 5462 diabolum
1863 5411 2024 5459 dicere
2042 5408 2120 5462 ’διι-

553 5472 735 5535 niorem
758 5471 897 5535 Filio.
925 5471 974 5520 si
1007 5471 1135 5535 enim
1157 5470 1345 5535 da'mon
1366 5472 1425 5520 sit
1449 5473 1666 5535 abyssus,
1685 5479 1728 5522 et
1752 5471 1970 5535 ᾀὶαῡειιιδ
1993 5481 2121 5521 tene-

545 5530 664 5600 brre,
702 5540 747 5600 et
781 5533 825 5582 si
856 5546 976 5600 cum
995 5534 1096 5588 iam
1132 5532 1346 5600 abyssus
1363 5541 1408 5582 et
1440 5530 1971 5600 tenebratinsisterent,
2001 5543 2124 5585 heus

545 5593 762 5646 υἱωνῆς
787 5615 808 5640 ι
831 5593 936 5644 Fiat
961 5594 1065 5652 lux,
1087 5610 1108 5638 ι
1131 5602 1174 5642 et
1197 5593 1285 5642 lux
1304 5593 1365 5643 sit
1391 5595 1542 5645 Filius
1561 5609 1577 5657 ,'
1601 5608 1689 5644 non
1713 5594 1856 5654 modo
1871 5607 2001 5656 ergo.
2024 5606 2118 5645 etc.

607 5656 680 5713 tul
717 5665 808 5706 Hoc
830 5657 1151 5706 contendebat
1175 5657 1428 5718 Origenes.

1957 254 2324 313 SEVERIA’"

2202 369 2344 425 nube
2366 367 2717 423 obumbrante
2750 367 2769 440 (
2801 365 2950 427 Deut.
2982 368 3038 422 ι.
3066 368 3124 422 ll
3158 366 3202 438 ).
3224 367 3311 423 Sic
3337 368 3490 427 etiam
3514 369 3561 425 in
3584 388 3724 440 cruce

2190 461 2388 517 Cl-risli
2420 459 2653 517 tenebrat
2681 459 2832 512 factae
2858 469 3022 522 sunt,
3068 475 3172 520 non
3218 460 3522 515 adveniente
3549 474 3724 536 nocte,
3767 519 3773 526 ,

2193 555 2285 611 sed
2313 555 2496 608 umbra
2520 562 2574 608 et
2601 553 2962 606 obstruclione
2992 551 3148 611 facta.
3172 550 3244 605 Ita
3272 568 3370 605 non
3397 563 3590 620 oportet
3615 553 3732 616 divi-

2195 662 2259 700 na
2283 645 2492 713 eloquia
2549 652 2751 698 temere
2770 642 3012 714 aggredi.
3049 642 3112 696 Et
3140 643 3343 712 spiritus
3371 642 3462 696 Dei
3484 645 3733 713 superfitqu

2195 735 2341 788 batur
2365 751 2517 804 super
2541 735 2724 801 aquam
2795 732 2922 786 Gen.
2960 734 3008 787 ί.
3040 733 3074 786 2
3106 734 3143 800 ),
3170 733 3419 802 Spiritum
3453 744 3599 787 vocat
3622 739 3757 790 veu-‘

2199 837 2331 889 tum,
2362 835 2418 878 ut
2439 825 2563 878 alibi
2585 824 2711 878 dicit
2742 841 2754 876 :
2796 823 2859 876 In
2885 824 3064 894 spiritu
3084 824 3352 878 vehementi
3373 834 3584 880 conteres
3603 842 3730 885 nave:

2200 917 2406 971 Tharsis
2441 916 2609 988 (Psal.
2641 918 2728 972 47.
2759 918 2849 986 8):
2884 917 3126 986 spiritum
3160 931 3358 970 vocans
3383 917 3516 970 aeris
3539 928 3733 980 motum.

2196 1007 2275 1063 Ne
2309 1017 2462 1078 putes
2489 1010 2633 1062 enim
2672 1008 2812 1062 aliud
2858 1023 2978 1062 esse
3015 1023 3191 1062 aerem
3222 1050 3236 1074 ,
3267 1017 3322 1062 et
3345 1008 3483 1062 aliud
3509 1018 3696 1063 \eutum
3723 1027 3735 1073 ς

2202 1101 2314 1169 ipse
2343 1101 2538 1170 quippe
2563 1115 2656 1154 aer
2692 1100 2988 1154 concitatus
3029 1110 3244 1153 ventum
3279 1090 3401 1152 facit
3427 1139 3442 1164 ,
3484 1109 3536 1152 ut
3559 1101 3742 1167 esperi-

2201 1203 2384 1246 mento
2404 1192 2801 1260 cmnprobatur.
2837 1191 2992 1260 Swpe
3021 1190 3180 1260 igitur
3202 1189 3414 1244 ﬂabello
3439 1201 3525 1244 aut
3547 1191 3740 1247 sindone

2200 1282 2537 1350 tranquillum
2567 1296 2742 1335 aerem
2772 1295 3176 1334 counnovemus
3201 1322 3215 1344 ,
3267 1289 3336 1332 et.
3357 1295 3424 1334 ex
3462 1280 3593 1334 acris
3617 1293 3741 1341 motu

2202 1382 2420 1435 ventum
2444 1372 2684 1426 facimus.
2715 1372 2783 1428 Ut
2800 1387 2928 1443 ergo
2956 1388 3022 1426 ex
3048 1373 3163 1442 ipso
3182 1372 3368 1442 spiritu
3393 1372 3748 1428 demonstrare.

2203 1474 2290 1519 tur
2317 1474 2529 1518 ventum
2573 1479 2693 1518 esse
2735 1463 2873 1525 aeris
2917 1474 3121 1525 motum
3143 1503 3160 1527 ,
3202 1461 3301 1516 hac
3326 1463 3397 1518 de
3425 1477 3574 1517 causa
3600 1463 3744 1529 dixit,

2204 1553 2649 1622 Superferebatur.
2684 1554 2962 1623 Proprium
2986 1553 3127 1608 enim
3164 1562 3322 1608 vento
3349 1563 3436 1607 est
3459 1561 3515 1606 ut
3541 1552 3750 1622 superle-

2203 1656 2352 1706 ratnr
2377 1647 2651 1709 creationi,
2699 1645 2844 1700 Dixit
2879 1645 3016 1700 Deus
3045 1686 3060 1709 ,
3104 1645 3226 1699 Fiat
3252 1645 3359 1700 lux.
3389 1646 3495 1700 Cur
3519 1661 3615 1698 non
3643 1644 3753 1699 dixit

2205 1737 2434 1809 MoySes,
2471 1737 2611 1790 Dixit
2639 1737 2779 1791 Deus
2805 1779 2819 1801 ,
2853 1735 2972 1790 Fiat
3001 1735 3186 1789 caelum
3210 1777 3224 1799 ,
3256 1735 3342 1788 ﬁat
3371 1750 3522 1789 mare
3541 1772 3558 1800 ,
3586 1735 3668 1788 sed
3695 1734 3752 1787 ibi

2205 1827 2417 1898 quidem
2441 1869 2455 1893 ,
2483 1826 2626 1888 Fecit
2652 1868 2665 1890 ,
2696 1825 2784 1880 hic
2804 1841 2931 1882 vero
2948 1868 2962 1890 ,
2994 1825 3168 1890 Dixit,
3194 1825 3614 1896 quandoquidem
3639 1825 3755 1894 apud

2207 1933 2307 1972 nos
2333 1933 2509 1979 sermo
2536 1917 2789 1986 praecedit
2817 1933 2950 1987 opus
2976 1935 2988 1970 :
3012 1933 3132 1970 nam
3161 1917 3332 1984 prium
3355 1916 3580 1981 dicimus
3599 1958 3613 1979 .
3632 1916 3756 1970 ἀνίη-

2207 2007 2274 2062 de
2315 2007 2578 2068 iacimus?
2606 2007 2900 2062 Ostendere
2929 2007 3112 2061 volens
3142 2007 3306 2062 Deum
3357 2008 3532 2077 primo
3568 2005 3752 2077 facere;

2209 2107 2266 2153 ut
2288 2100 2430 2162 omni
2457 2114 2704 2154 sermone
2724 2099 3044 2158 velociorem
3071 2101 3400 2158 creationem
3429 2114 3546 2153 esse
3572 2099 3761 2152 deumn-

2210 2201 2377 2254 stret;
2408 2191 2622 2261 quando
2645 2192 2918 2246 materiam
2946 2191 3143 2246 virtute
3170 2206 3263 2244 sua
3289 2200 3462 2250 creat.
3492 2191 3610 2245 dicit
3633 2189 3757 2259 illud,

2211 2281 2358 2336 Fecit
2383 2301 2401 2348 ;
2423 2283 2632 2354 quando
2657 2293 2835 2339 autem
2859 2283 3035 2336 omnia
3064 2284 3200 2338 Deus
3230 2292 3523 2338 ornaturus
3547 2291 3668 2347 erat,
3687 2298 3762 2336 or-

2211 2386 2370 2432 natus
2398 2388 2573 2431 autem
2599 2375 2898 2446 huiusmodi
2930 2374 3248 2446 principium
3271 2376 3358 2430 lux
3389 2387 3529 2441 erat,
3560 2386 3672 2429 tmte
3694 2375 3759 2426 iu-.

2213 2468 2358 2523 ducit
2387 2469 2706 2525 concinnum
2735 2481 3058 2522 sermonem.
3091 2465 3156 2522 Et
3184 2468 3306 2536 quia
3331 2481 3545 2521 rursmn
3565 2467 3758 2535 primum

2215 2559 2308 2614 Dei
2353 2572 2486 2628 opus
2525 2557 2613 2618 lux
2646 2598 2659 2618 ,
2707 2568 3034 2626 postremum
3076 2554 3210 2612 ’νιξιο
3258 2557 3422 2610 homo
3473 2555 3594 2610 fuit:
3621 2556 3763 2626 primo

2215 2649 2356 2704 Deus
2373 2649 2541 2702 lucem
2555 2656 2804 2717 operatur
2820 2651 3005 2715 verbo,
3026 2656 3296 2718 postremo
3314 2646 3586 2711 hominem
3606 2632 3760 2716 apere,

2220 2759 2248 2795 a
2285 2742 2401 2795 luce
2425 2741 2475 2794 in
2505 2742 2672 2795 lucem
2699 2740 2972 2795 desinens.

2287 2831 2337 2886 6.
2373 2829 2539 2884 Ηοηιο
2571 2830 2818 2898 quomodo
2856 2830 2962 2892 lux.
2999 2860 3064 2869 —-
3087 2829 3367 2896 Quomodo
3398 2838 3577 2886 autem
3619 2827 3758 2884 homo

2216 2921 2305 2975 lux
2332 2922 2418 2985 sit,
2454 2922 2599 2975 audi.
2625 2920 2736 2974 Lux
2765 2935 2850 2974 res
2879 2920 3116 2975 ostendit
3140 2938 3152 2974 :
3183 2921 3269 2974 lus
3293 2922 3480 2976 mundi
3508 2922 3654 2976 homo
3669 2928 3762 2982 est;

2218 3011 2493 3080 ingressus
2529 3010 2767 3068 ostendit
2813 3011 2904 3064 tibi
2937 3009 3108 3065 lucem
3141 3011 3293 3075 artis,
3329 3011 3506 3066 lucem
3537 3010 3761 3071 scientia.

2220 3103 2331 3158 Lux
2381 3103 2619 3157 ostendit
2667 3103 3013 3170 frumentum,
3043 3103 3392 3174 intelligentia
3423 3121 3608 3175 panem
3637 3106 3764 3174 fecit;

2222 3197 2310 3250 lux
2340 3195 2578 3249 ostendit
2605 3195 2775 3251 vinem
2807 3211 2960 3258 uvam
2987 3213 2999 3258 ;
3028 3194 3114 3248 lux
3146 3195 3518 3265 intelligentia:
3561 3193 3770 3258 exhibuit

2221 3291 2404 3342 vinum
2427 3331 2441 3352 ,
2481 3287 2621 3358 quod
2654 3289 2704 3341 in
2734 3303 2835 3341 uva
2883 3289 3218 3355 continetur,
3250 3287 3338 3342 lux
3369 3289 3675 3344 monstravit
3717 3287 3771 3338 lii?

2226 3397 2386 3443 nam,
2445 3381 2532 3442 lux
2566 3379 2798 3438 hominis
2844 3379 3088 3434 exhibuit
3136 3390 3339 3435 Vestem
3386 3381 3514 3435 :lux
3570 3376 3773 3434 ostendit

2186 3469 2206 3478 “
2225 3481 2485 3536 montem,
2519 3472 2608 3525 lux
2643 3472 3010 3541 intelligentiae
3032 3473 3646 3542 exhilmitlapieidinam.
3670 3471 3771 3524 Ideo

2223 3564 2474 3616 Servatur
2502 3561 2676 3616 lucem
2704 3572 2860 3616 vocat
2900 3551 3175 3632 apostolos
3202 3563 3286 3618 bis
3307 3565 3485 3618 verbis
3509 3582 3523 3616 :
3563 3562 3652 3616 Vos
3673 3561 3771 3623 estis

2229 3653 2316 3706 lux
2341 3654 2514 3706 mundi
2537 3653 2748 3722 (Matth.
2775 3654 2828 3709 5.
2854 3654 2964 3722 14).
2999 3651 3106 3708 Cur
3134 3655 3446 3718 illoslucem
3476 3651 3770 3716 VocatiNop

2228 3752 2283 3796 ut
2312 3743 2432 3797 illos
2457 3743 2654 3798 alliciat
2690 3744 2897 3799 honore
2930 3754 3136 3807 tantum
3160 3786 3173 3804 .
3215 3746 3309 3800 Sed
3356 3748 3515 3800 etiam
3548 3756 3600 3799 ut
3643 3757 3769 3812 spelit

2227 3833 2636 3887 resurrectionis
2663 3833 2928 3887 ostendat.
2962 3834 3422 3913 Quemadmodum
3445 3837 3674 3890 euimlux
3701 3850 3773 3883 τιν·

2227 3939 2383 3993 spere
2404 3924 2652 3978 occidens
2681 3939 2786 3978 non
2828 3925 3003 4004 perit,
3045 3924 3138 3978 sed
3169 3925 3530 3989 absconditur,
3574 3936 3624 3979 et
3652 3933 3771 3992 post:

2227 4029 2384 4082 quam
2410 4013 2617 4076 occulta
2638 4012 2759 4080 fuit,
2794 4028 3004 4068 rursum
3032 4023 3256 4084 apparet
3283 4033 3296 4068 :
3329 4016 3411 4070 sic
3448 4025 3502 4071 et
3529 4016 3677 4068 homo
3695 4028 3770 4064 ve-

2228 4104 2307 4158 lut
2341 4104 2393 4157 in
2427 4119 2675 4167 occasum
2731 4103 3016 4174 quemdam
3056 4105 3110 4158 in
3151 4106 3456 4175 sepulcrum
3496 4107 3767 4164 demissus,

2228 4195 2638 4254 resurrectionis
2673 4211 2882 4255 rursum
2910 4197 3050 4261 ιιι-ιιιί
3074 4209 3338 4264 servatur.
3386 4197 3503 4262 Fiat
3527 4199 3624 4260 luat.
3652 4195 3772 4259 Dixit

2231 4285 2428 4339 factam
2462 4301 2582 4340 esse
2609 4303 2623 4350 ;
2655 4302 2762 4356 quo
2796 4299 2976 4342 autem
3003 4289 3186 4352 modo,
3212 4306 3318 4346 non
3358 4289 3650 4349 declaravit,
3695 4301 3773 4338 ne.-

2232 4389 2335 4442 que
2361 4374 2519 4432 etiam
2538 4375 2738 4434 didicit.
2761 4375 2893 4443 Nam
2907 4377 3146 4446 quodqu
3176 4378 3308 4443 [acta
3335 4381 3424 4443 sit,
3449 4379 3623 4448 inquit,
3647 4377 3768 4429 bene

2230 4465 2350 4519 novi
2383 4483 2396 4520 :
2429 4467 2701 4534 quomodo
2721 4477 2900 4524 autem
2926 4453 3061 4532 facta
3089 4471 3160 4522 sit
3185 4485 3289 4524 non
3321 4473 3493 4542 capio.
3521 4470 3634 4524 Ideo
3657 4468 3769 4522 Ser-

2232 4567 2385 4612 νειιοι·
2405 4559 2664 4626 apostolis
2693 4559 2906 4614 dicebat
2940 4579 2952 4612 :
2989 4559 3106 4615 Non
3135 4572 3353 4615 vestrum
3403 4574 3474 4618 est
3501 4579 3631 4616 nosse
3654 4571 3767 4614 tem:

2230 4664 2352 4718 pora
2379 4650 2453 4702 vel
2497 4662 2748 4703 momenta
2771 4693 2784 4716 ,
2815 4669 2929 4721 qua:
2953 4651 3117 4707 Pater
3141 4657 3306 4723 posuit
3336 4656 3387 4710 in
3415 4674 3504 4710 sua
3538 4660 3768 4726 ροιεςιαισ

2229 4741 2360 4811 (Act.
2389 4741 2442 4795 1.
2466 4741 2541 4809 7).
2592 4741 2750 4811 Atqui
2804 4759 2908 4797 non
2939 4753 3024 4799 est
3064 4737 3305 4800 nostrum
3358 4764 3518 4804 nOSse
3558 4757 3764 4813 tempora

2227 4831 2308 4885 vel
2336 4840 2607 4896 momenta
2631 4873 2646 4896 ,
2684 4841 2736 4886 et
2779 4833 3061 4888 Dominum
3108 4844 3412 4904 temporum
3443 4837 3765 4909 Opilicemquo

2226 4923 2550 4976 Sieculorum
2583 4932 2833 4990 poterunt
2863 4924 3094 4979 humana
3127 4929 3413 4984 ratiocinia
3446 4925 3762 5002 comprehen-
3789 4973 3804 4980 _

2226 5012 2392 5067 dere?
2418 5012 2559 5066 Dixit
2586 5011 2747 5077 Deus,
2782 5011 2900 5068 Fiat
2931 5013 3021 5070 lux
3049 5031 3067 5070 τ
3097 5026 3141 5068 et
3172 5016 3309 5086 facta
3329 5029 3404 5072 est
3429 5019 3514 5073 lux
3563 5013 3690 5087 (Gen.
3716 5013 3760 5072 l9

2227 5104 2304 5174 ὃ).
2349 5104 2394 5164 Ο
2448 5113 2683 5159 sanetam
2725 5105 2868 5160 illam
2902 5123 3257 5178 magnamque
3297 5108 3657 5180 potentiatulo
3684 5102 3760 5153 in.-

2227 5198 2404 5266 gentia
2436 5198 2687 5250 miracula
2714 5199 2728 5252 !
2757 5196 2920 5252 Facta
2949 5210 3021 5252 est
3044 5200 3136 5254 lua:
3163 5216 3180 5254 :
3220 5213 3268 5254 et
3289 5211 3441 5255 vocat
3467 5201 3587 5254 Deus
3618 5194 3756 5247 [πεπυ

2229 5287 2382 5350 diem,
2414 5297 2456 5339 et
2479 5289 2704 5342 tenebras
2735 5297 2928 5342 noctem
2958 5288 3109 5358 (Gen.
3151 5291 3200 5344 1.
3233 5292 3312 5358 5).
3343 5291 3448 5348 Cur
3469 5304 3608 5361 porro
3631 5285 3752 5338 diem

2229 5389 2406 5450 ἡμέραν
2449 5381 2642 5433 vocat?
2701 5381 2962 5446 Quoniam
3014 5383 3269 5452 quidquid
3301 5385 3475 5440 laztum
3500 5393 3549 5438 et
3573 5381 3712 5434 hilare
3736 5415 3752 5440 ,

2231 5481 2399 5542 ἥμερον
2449 5472 2562 5528 sive
2599 5473 2755 5528 dulce
2782 5473 2997 5528 dicitur.
3041 5475 3164 5529 ldeo
3208 5477 3368 5530 etiam
3419 5473 3751 5546 benignitatem

2233 5572 2505 5636 ἦμιρὸτητα
2547 5580 2798 5618 vocamus
2819 5607 2833 5628 ,
2867 5576 2922 5619 et
2941 5565 3146 5620 cicures
3171 5567 3468 5622 animantes
3491 5574 3655 5634 ἡμέρους
3679 5555 3754 5610 ἀί·

2226 5656 2418 5715 cimus.
2447 5653 2510 5718 Et
2537 5656 2726 5718 pararit
2759 5655 2892 5720 Deus
2908 5656 3068 5714 lucem
3091 5655 3223 5719 diem
3244 5696 3263 5728 ,
3289 5666 3335 5711 et
3355 5657 3563 5716 tenebrat
3584 5643 3751 5709 rorat!”
