4050 6198
299 359 405 417 635

302 432 463 527 Καὶ.ῡὸ
489 469 679 542 Σωτὴρ
703 468 780 534 δὲ,
808 469 892 523 ἴνα
916 466 1086 541 δείξῃ,
1117 469 1198 523 ὅτι
1226 468 1287 523 τὸ
1316 467 1427 541 πῦρ
1448 469 1541 523 καὶ
1562 471 1596 540 ή
1623 465 1877 539 ἀστραπὴ

204 582 209 601 ι
254 580 277 613 ί
305 559 568 630 συγγενές
598 560 736 626 ἐστι,
766 558 911 628 λέγει
940 561 1000 612 ἐν
1028 557 1109 630 τῷ
1145 558 1462 629 Εὐαγγελίῳ
1484 574 1498 589 ·
1546 558 1608 611 '0
1652 557 1883 626 λύχνος

142 692 163 709 φ
192 672 193 679 η
223 656 241 671 ⁴
301 647 411 703 τοῦ
437 646 711 717 σώματός
724 646 895 707 ἐστιν
916 648 951 699 ό
968 646 1294 715 ὀφθαλμός.
1311 644 1452 699 Ἐὰν
1473 640 1589 698 οὖν
1608 644 1642 697 ό
1661 643 1883 711 ὀφθαλ-

301 735 414 808 μός
444 752 562 790 σου
589 734 871 804 φωτεινὸς
890 727 951 804 ᾖ,
976 734 1114 788 ὅλον
1147 733 1216 787 τὸ
1252 731 1424 802 σῶμά
1447 748 1564 786 σου
1593 727 1884 800 φωτεινόν

178 850 197 875 μ
302 825 495 879 ἔσται.
529 824 714 881 Ταῦτα
758 826 787 876 6
834 822 1044 892 Σωτήρ.
1083 816 1217 874 Εἶτα
1250 820 1478 887 ἐπάγει·
1515 819 1615 885 Ὠς
1665 817 1811 872 ὅταν
1847 816 1881 869 ό

230 918 233 982 ζ
301 914 533 982 λύχνος
567 911 643 980 τῇ
679 909 959 980 ἀστραπῇ
989 908 1205 979 φωτίζῃ
1230 924 1305 963 σε
1330 925 1343 940 ·
1384 908 1578 980 λύχνου
1598 905 1881 979 ἀστραπὴν

174 1020 187 1039 υ
302 999 470 1054 εἰπὼν
496 999 594 1072 τὴν
619 998 793 1070 αὐγὴν
821 996 916 1051 τοῦ
944 997 1155 1066 λύχνου.

371 1094 434 1141 ε’.
473 1088 659 1142 Πάντα
685 1083 776 1141 οὖν
802 1086 1048 1156 ἐγένετο·
1099 1084 1213 1155 πῦρ
1242 1082 1480 1153 ἐγένετο,
1506 1081 1731 1138 ἄϐυσσοι
1761 1079 1884 1148 ἐγέ-

303 1194 474 1242 νοντο,
502 1177 714 1247 ἄνεμοι,
747 1176 816 1229 τά
840 1177 1087 1247 τέσσαρα
1118 1176 1377 1245 στοιχεῖα,
1410 1173 1503 1243 γῆ,
1546 1172 1680 1243 πῦρ,
1713 1169 1879 1241 ὕδωρ,

303 1265 430 1337 ἀήρ.
467 1263 577 1317 Καὶ
618 1263 725 1334 γάρ
772 1262 912 1334 ἅπερ
961 1262 1289 1334 παρέλειψεν
1329 1261 1405 1324 ὡς
1447 1263 1504 1314 ἐν
1550 1258 1881 1331 παραδόξῳιι

303 1351 793 1421 ἀνακεφαλαιοῦται
837 1351 1079 1421 Μωῦσῆς
1120 1350 1325 1420 λέγων·
1370 1350 1474 1404 Ἐν
1522 1346 1593 1414 ἐξ
1634 1347 1881 1417 ἡμέραις

302 1441 591 1510 ἐποίησεν
617 1442 650 1494 ὀ
680 1440 822 1506 Θεὸς
856 1439 964 1494 τὸν
994 1438 1257 1508 οὐρανὸν
1302 1439 1399 1493 καὶ
1446 1438 1563 1507 τὴν
1602 1438 1737 1510 γῆν,
1780 1437 1881 1491 καὶ

303 1530 499 1584 πάντα
526 1529 596 1583 τὰ
621 1528 690 1582 ὲν
707 1529 1149 1601 αὑτοῖς.Ὥσπερ
1172 1527 1230 1581 δὲ
1262 1527 1354 1580 ἐπί
1381 1526 1476 1580 τοῦ
1503 1524 1751 1597 σώματος
1781 1525 1881 1579 οὐκ

304 1612 424 1669 εἷπε
451 1617 627 1671 πάντα
653 1616 721 1669 τά
750 1615 909 1687 μέλη,
933 1615 1105 1680 οὕτως
1129 1615 1249 1670 οὐδὲ
1270 1614 1363 1667 ἐπὶ
1395 1616 1494 1685 τῆς
1525 1612 1881 1687 δημιουργίας

303 1704 726 1776 ἐξηριθμήσατο,
775 1705 823 1756 εἰ
872 1704 967 1757 καὶ
1015 1703 1193 1756 πάντα
1235 1700 1752 1773 συγκατεσκευάσθη
1802 1701 1883 1772 τῷ

305 1791 513 1861 κόσμῳ.
538 1789 687 1843 Εἰδέ
724 1790 799 1860 μὴ
821 1784 890 1859 ἦν
916 1790 975 1843 ἐν
1005 1791 1072 1860 τῇ
1109 1792 1179 1861 γῇ
1223 1789 1356 1859 πῦρ,
1396 1789 1497 1842 οὐκ
1537 1787 1604 1843 ἃν
1642 1789 1880 1861 σήμερον

302 1877 413 1932 ἀπὸ
443 1877 647 1947 πέτρας
676 1876 787 1947 πῦρ
813 1876 1084 1941 ἐξέϐαλον,
1115 1876 1149 1946 ἢ
1179 1875 1286 1929 ἀπὸ
1313 1875 1503 1942 ξύλου·
1549 1875 1882 1949 παρατριϐό-

308 1981 466 2036 μενον
494 1963 603 2035 γὰρ
623 1962 686 2015 τὸ
711 1961 864 2027 ξύλον
890 1961 999 2032 πῦρ
1022 1964 1204 2033 γεννᾷ.
1235 1962 1476 2035 Πρόσεχε
1499 1958 1591 2016 οὖν
1616 1962 1878 2034 ἀκριϐῶς.

306 2056 529 2119 Σκότος
575 2047 673 2123 ἦν,
703 2053 888 2123 φησὶν,
924 2051 1129 2105 ’ἐπάνω
1160 2050 1272 2120 τῆς
1308 2047 1755 2123 ἀϐύσσουΪΑρα
1788 2048 1881 2106 οὖν

308 2141 515 2204 σκότος,
544 2141 727 2211 φησὶν,
757 2142 786 2193 6
804 2140 936 2204 Θεὸς
962 2138 1251 2212 ἐποίησεν;
1276 2140 1510 2210 Οἴδαμεν
1531 2137 1623 2193 οὖν
1642 2141 1724 2193 ὅτι
1745 2139 1878 2211 βαθὺ

304 2228 367 2281 τὸ
393 2230 572 2301 νόημα
592 2246 605 2260 ·
637 2228 750 2283 ἀλλ’
780 2227 968 2299 ἐπειδῆ
1018 2227 1220 2299 μεταξύ
1252 2230 1434 2299 ’ἐσμεν
1485 2227 1743 2291 πολλάκις
1785 2230 1881 2283 καὶ

305 2315 412 2368 τῶν
452 2315 750 2387 ἀγαπητῶς
796 2315 1123 2378 ἀκουόντων,
1160 2315 1385 2368 καὶτῶν
1412 2315 1879 2386 ἐπιλαμϐάνεσθαι

304 2402 619 2469 φιλούντων,
647 2402 859 2474 ἀνάγκη
905 2403 981 2474 μὴ
1018 2401 1379 2472 παραλείπειν
1399 2402 1755 2469 ἀνεξέταστον
1786 2404 1879 2457 τὸν

302 2490 478 2558 λόγον,
507 2491 601 2544 ἵνα
625 2490 700 2562 μὴ
728 2489 937 2562 μεγάλη
966 2490 1066 2561 μὲν
1090 2490 1389 2560 ἐπαγγελία
1417 2488 1474 2565 ᾗ,
1512 2491 1705 2563 μικρὸν
1734 2491 1794 2544 δέ
1818 2492 1880 2545 τὸ

301 2578 666 2649 ἀποτέλεσμα.
698 2577 869 2632 Πόθεν
893 2575 987 2632 οὖν
1010 2577 1071 2631 τὸ
1098 2578 1287 2643 σκότος
1307 2595 1321 2644 ;
1364 2579 1422 2632 '0
1441 2578 1550 2652 γάρ
1569 2580 1702 2645 Θεὸς
1724 2581 1875 2650 αὐτὸ,

304 2667 490 2736 φησὶν,
517 2666 617 2719 οὐκ
647 2666 902 2736 ἐποίησε·
935 2665 1066 2730 Θεὸς
1088 2665 1218 2738 γάρ,
1259 2668 1444 2738 φησὶν,
1468 2666 1593 2721 οὔτε
1629 2669 1876 2736 σκότους,

300 2752 424 2806 οὔτε
454 2753 685 2822 γνόφους
708 2755 856 2808 ἐστὶν
884 2755 1142 2827 ἐργάτης.
1160 2754 1225 2807 Τί
1245 2773 1372 2809 ποτε
1396 2752 1488 2810 οὖν
1517 2758 1633 2810 ἐστι
1656 2758 1874 2825 σκότος;

301 2839 493 2894 [Ιολλοί⁸
518 2839 790 2912 ἠθέλησαν
821 2842 1017 2907 εἰπεῖν,
1051 2843 1406 2914 ἀποσκίασμα
1432 2838 1569 2898 εἶναι
1597 2845 1692 2897 τοῦ
1704 2842 1878 2916 οὐρα-

301 2926 518 2991 νοῦ.Ὠς
566 2927 676 2997 γὰρ
721 2929 955 2997 ἐγένετο,
986 2930 1168 3001 φησὶν,
1200 2930 1229 2982 6
1273 2929 1498 3001 οὐρανὸς
1541 2932 1571 2984 6
1615 2931 1746 2996 ἄνω,
1783 2931 1877 2985 καὶ

302 3015 519 3088 ἐλείφθη
547 3016 614 3068 τὰ
649 3016 804 3085 φῶτα
829 3016 896 3069 τά
926 3017 1058 3081 ἄνω,
1089 3015 1377 3088 ἐγυμνώθη
1408 3017 1531 3088 ἡγῆ
1553 3019 1646 3072 καὶ
1663 3019 1879 3089 ἐγένετο

305 3104 512 3168 σκότος.
531 3105 669 3157 Ἀλλ’
706 3106 735 3157 6
766 3105 992 3176 οὐρανὸς
1023 3103 1136 3158 ἄνω
1168 3106 1428 3173 φωτεινός
1461 3106 1631 3171 ἐστιν,
1661 3108 1722 3161 οὐ
1750 3126 1877 3164 σκο-

299 3195 492 3261 τεινὸς,
518 3195 619 3249 κᾶν
650 3196 725 3268 μὴ
746 3191 859 3265 εἶχε
880 3194 970 3249 τὸν
988 3195 1159 3266 ἣλιον,
1180 3195 1328 3266 ἢτὴν
1351 3195 1601 3269 σελήνην,
1619 3198 1652 3269 ἢ
1675 3198 1871 3272 ἄστρα,

298 3283 469 3356 αὐτὴν
505 3280 617 3355 εἶχε
652 3283 750 3355 τὴν
779 3283 939 3353 φύσιν
971 3282 1310 3354 λάμπουσαν.
1352 3284 1417 3338 Εἰ
1454 3279 1547 3338 οὖν
1582 3285 1611 3338 6
1647 3286 1874 3358 οὐρανὸς

296 3373 549 3427 ἐπέκειτο
571 3412 585 3438 ,
625 3372 660 3444 ή
697 3372 750 3426 δέ
787 3372 857 3442 γῆ
893 3371 1114 3443 ἥπλωτο
1136 3413 1151 3439 ,
1191 3373 1220 3426 6
1256 3372 1488 3445 λάμπων
1524 3373 1730 3428 ἄνωθεν
1757 3416 1774 3441 ,
1811 3375 1873 3429 τὸ

295 3458 669 3531 φωτιζόμενον
703 3459 967 3524 κάτωθεν,
1009 3460 1171 3515 πόθεν
1206 3461 1267 3515 τὸ
1307 3461 1538 3528 σκότος;
1590 3463 1743 3535 Ἐμοὶ
1780 3460 1872 3519 οῦν

293 3549 468 3615 δοκεῖ,
494 3547 679 3618 ἐπειδὴ
707 3547 1007 3614 ἐπεπόλαζε
1030 3548 1093 3603 τὸ
1125 3549 1269 3622 ὕδωρ
1292 3553 1358 3622 τῇ
1390 3553 1485 3624 γῇ,
1507 3551 1674 3623 ἀχλὺς
1698 3552 1755 3606 δέ
1779 3555 1875 3609 καὶ

294 3636 499 3705 γνόφος
534 3638 661 3707 περὶ
688 3635 757 3689 τὰ
788 3635 956 3690 ὕδατα
990 3639 1345 3709 συνειστήκει,
1371 3638 1401 3692 δ
1425 3640 1517 3694 καὶ
1544 3642 1751 3710 γίνεται
1778 3642 1873 3697 νῦν

295 3723 398 3776 ἐπὶ
419 3723 531 3785 τοῖς
563 3724 861 3792 ποταμοῖς,’
878 3724 912 3792 ὴ
940 3723 1103 3794 ἀχλὺς
1127 3725 1324 3793 γνόφον
1342 3726 1627 3797 ἐγείρουσα
1648 3730 1871 3801 ἐποίησε

293 3808 550 3879 νεφέλας,
568 3808 717 3882 [449]
734 3811 792 3862 αἰ
808 3809 1023 3878 νεφέλαι
1039 3810 1452 3877 ἐπισκιάζουσαι
1477 3816 1663 3881 σκότος
1682 3818 1871 3892 ἐποίηο

295 3917 425 3955 σαν.
458 3900 580 3953 Ὅτι
617 3899 675 3954 δὲ
709 3899 910 3970 ἐγείρει
944 3898 1137 3969 νεφέλη
1166 3900 1374 3964 σκότος,
1406 3902 1550 3972 λέγει
1576 3906 1610 3976 ἡ
1637 3907 1826 3978 Γραφή
1853 3923 1869 3938 ο

293 3987 409 4042 Καὶ
428 3989 462 4041 ό
479 3985 735 4056 οὐρανὸς
750 3985 1205 4040 συνεσκότασεν
1215 3988 1284 4040 ἐν
1299 3988 1597 4057 νεφέλαις.
1616 3994 1707 4046 Δεῖ
1724 3994 1780 4048 δὲ
1796 3995 1871 4066 μὴ

292 4076 516 4144 ἀγνοεῖν
550 4075 649 4132 καὶ,
675 4072 785 4127 τῶν
818 4071 1110 4143 αἱρετικῶν
1142 4071 1243 4137 τὰς
1270 4073 1618 4146 ἀλληγορίας.
1665 4080 1873 4150 Alpem.

290 4160 385 4215 κοί
428 4177 573 4224 τινες
620 4159 921 4231 ἐτόλμησαν
972 4161 1165 4225 εἰπεῖν,
1202 4162 1284 4215 ὅτι
1343 4163 1531 4228 σκότος
1572 4166 1602 4218 6
1632 4165 1873 4232 διάϐολός

287 4252 466 4313 ἐστιν,
490 4250 523 4320 ή
545 4247 601 4301 δὲ
627 4247 859 4312 ἄϐυσσος
885 4249 935 4301 οἱ
962 4246 1242 4319 δαίμονες·
1277 4250 1365 4303 ὅτε
1390 4249 1446 4305 δέ
1467 4247 1619 4307 εἶπεν
1645 4255 1674 4307 6
1698 4255 1829 4319 Θεός
1852 4273 1866 4289 ·

289 4334 613 4404 Γενηθήτω
639 4333 761 4405 φῶς
787 4350 799 4363 ⁸
829 4335 1121 4400 τουτέστιν,
1146 4336 1175 4388 6
1197 4336 1324 4401 Υἱός
1344 4338 1370 4377 ιν
1387 4352 1402 4367 ·
1430 4338 1491 4391 οὐ
1520 4339 1679 4410 μόνον
1703 4340 1869 4395 αὑτοῦ

288 4429 446 4480 ἐστιν
479 4423 737 4493 ἰσότιμος,
772 4423 906 4476 ἀλλὰ
939 4424 1033 4476 καὶ
1054 4425 1444 4497 πρεσϐύτερος.
1486 4428 1646 4481 Ἀλλά
1666 4429 1870 4501 ταύτης

289 4516 397 4586 μὲν
420 4513 524 4583 τῆς
561 4512 813 4576 ἀσεϐείας
836 4512 954 4567 οὐδέ
991 4515 1360 4584 μνημονεῦσαι
1382 4516 1497 4570 δεῖ·
1525 4518 1662 4591 ὑπὲρ
1689 4520 1744 4574 δὲ
1772 4522 1865 4575 τοῦ

289 4603 369 4674 μὴ
398 4602 616 4668 ἀγνοεῖν
655 4600 799 4670 ὑμᾶς
834 4600 903 4654 τὰ
933 4599 1199 4672 λεγόμενα
1226 4605 1641 4675 παρηγάγομεν.
1671 4607 1868 4673 Σκότος

285 4689 476 4742 τοίνυν
507 4682 574 4759 ἦν
596 4687 717 4739 τότε
747 4686 806 4739 τὸ
835 4687 899 4739 ἐκ
928 4686 1036 4740 τῶν
1066 4689 1321 4758 νεφελῶν.
1358 4691 1514 4745 Οὕτω
1536 4694 1646 4766 γάρ
1674 4690 1741 4766 ἦν
1770 4698 1866 4750 καὶ

285 4778 346 4829 ἐν
374 4774 641 4844 Αἰγύπτῳ
685 4773 893 4838 σκότος,
947 4774 1005 4826 οὐ
1062 4776 1254 4839 νυκτὸς
1298 4776 1482 4847 οῦσης,
1521 4780 1637 4833 ἀλλ’
1670 4783 1865 4853 ἀχλύος

284 4863 619 4934 γεναμένης.
651 4860 834 4926 (δῦτως
858 4857 926 4933 ἦν
951 4863 1046 4914 καὶ
1066 4863 1124 4915 ἐν
1148 4863 1228 4934 τῷ
1261 4865 1375 4937 ὄρει
1399 4869 1527 4939 Σινᾷ
1546 4886 1559 4900 ·
1593 4871 1779 4937 σκότος
1797 4870 1866 4946 ἦν

282 4953 347 5007 ού
383 4950 583 5015 νυκτὸς
613 4949 941 5021 γεναμένης,
963 4949 1098 5004 ἀλλὰ
1122 4952 1347 5025 νεφέλης
1376 4957 1724 5032 σκιαζούσης.
1760 4964 1867 5017 υῦ-

281 5057 396 5105 τως
425 5040 644 5109 ἐγένετο
680 5041 776 5094 καὶ
805 5039 898 5092 ἐπὶ
932 5038 1026 5093 τοῦ
1065 5040 1299 5113 σταυροῦ
1334 5043 1427 5097 τοῦ
1465 5046 1699 5117 Χριστοῦ
1742 5052 1866 5105 σκό-

347 5222 376 5251 ⁸
408 5219 495 5275 Ὣς
539 5218 588 5267 ἐν
607 5218 878 5287 παραδόξῳ,
917 5218 988 5267 sic
1028 5217 1326 5287 Vgtiqanus;
1351 5221 1440 5287 sie
1461 5224 1607 5272 etiam
1631 5225 1863 5287 Savilius,

281 5281 385 5350 alio
407 5289 575 5350 tatnen
601 5280 875 5350 eernptgat-i
899 5293 1033 5350 usus:
1066 5280 1390 5350 Sqdponjicit
1411 5284 1470 5350 ,ἐν
1488 5287 1700 5350 παρόδῳ,
1724 5280 1864 5341 [ἱροί

280 5349 457 5391 autem
480 5342 529 5389 ἐν
570 5342 765 5404 παρόδῳ
802 5342 883 5390 hic
911 5343 1097 5407 ⁸ιιιειιοε
1121 5342 1304 5407 [Iabere
1341 5342 1586 5407 Videatm‘,
1616 5342 1865 5404 nblttimus

283 5412 486 5466 textum
507 5411 719 5458 mutare,
746 5415 857 5466 eum
882 5404 1097 5465 alioquin
1121 5404 1422 5456 Severianus
1441 5420 1537 5457 non
1562 5404 1672 5459 faro
1691 5413 1861 5466 insoli-

280 5470 356 5513 tas
383 5464 647 5515 verborum
668 5465 885 5512 rationes
903 5472 1137 5514 sectetur.
1436 5506 1447 5513 .

345 5528 377 5566 ι)
398 5525 552 5589 Addit
570 5525 731 5589 SaviL
742 5526 1002 5589 τουτέστιν,
1035 5528 1061 5574 6
1083 5524 1189 5583 Υιὸς
1210 5527 1288 5576 ἵνα
1308 5530 1496 5589 γένηται
1519 5530 1640 5582 εἶπε·
1673 5535 1753 5583 καὶ
1773 5538 1861 5587 ούκ

279 5588 591 5653 αξσχρνρνται
610 5588 696 5653 Ῑτὸγ
714 5587 934 5653 διᾲξολον
962 5587 1505 5653 πρεσϐύτερονίλέγοντες
1523 5592 1608 5642 τοῦ
1648 5596 1779 5646 Υἰοῦ.
1804 5602 1860 5649 Εἰ

277 5648 728 5717 ῆρζέαέμωνέετὶγ
760 5648 985 5717 ἀὲυσιξος,
1003 5648 1035 5696 ’ὁ
1058 5649 1109 5717 δὲ
1141 5648 1568 5717 δεάεολοέσκάτος,
1594 5659 1716 5717 μετά
1744 5660 1860 5709 ταῦ,

278 5710 411 5781 ἰαεξ
434 5712 610 5781 εἶπενΛρ
632 5710 1030 5781 θεὸς,.ςξἭθήτω
1052 5711 1106 5758 τὸ
1121 5714 1241 5781 φῶς,
1265 5714 1524 5779 τουτέστιν,
1542 5710 1731 5781 δ’Υίὸς,
1755 5731 1853 5771 etc.

280 5770 442 5822 Paulo
466 5779 576 5833 post
596 5773 723 5821 idem
737 5771 845 5819 οὐδὲ
865 5772 985 5827 ὅλως
1007 5788 1092 5831 μν-
1117 5770 1225 5825 ἔδει..

624 5858 891 5920 ΡΑτιιοι.
940 5859 1057 5919 Gn.
1114 5860 1260 5918 LVI.
1326 5936 1329 5939 _

1374 352 1462 409 ma
1500 351 1716 411 MUNDI
1754 349 2151 408 CREATIONE
2185 352 2442 411 01mm
2480 358 2521 412 l.
2686 342 2699 353 ‘
3460 356 3564 415 ιιεε

1986 483 2098 535 τος,
2125 471 2187 523 ού
2215 470 2405 534 νυκτὸς
2437 471 2789 543 ἐπελθούσης,
2813 470 2949 525 ἀλλὰ
2993 468 3324 542 σκιάσματος
3351 473 3449 528 καὶ
3471 476 3565 528 ἀν-

1983 555 2289 626 τιφράξεως
2320 558 2645 628 γεναμένης.
2667 557 2854 622 Οὕτως
2875 560 2934 611 οὐ
2956 558 3036 611 δεῖ
3067 557 3250 622 ἁπλῶς
3271 561 3565 631 ἐπιχειρεῖν

1983 647 2092 706 τοῖς
2126 643 2290 708 θείοις
2334 647 2555 715 λογίοις.
2610 647 2721 702 Καὶ
2770 647 3005 717 πνεῦμα
3049 648 3199 702 Θεοῦ
3247 648 3566 718 ἐπεφέρετο

1983 730 2183 785 ἐπάνω
2227 733 2337 789 τοῦ
2382 734 2621 801 ὓδατος.
2650 734 2875 805 Πνεῦμα
2919 735 3076 788 καλεῖ
3111 735 3202 789 τὸν
3233 735 3453 806 ἄνεμον,
3491 737 3566 801 ὼς

1982 818 2131 889 λέγει
2175 819 2439 891 ἀλλαχοῦ·
2493 822 2593 876 Ἐν
2642 823 2932 892 πνεύματι
2982 823 3164 891 βιαίῳ
3213 825 3567 894 συντρίψεις

1981 907 2165 962 πλοῖα
2203 908 2491 978 Θαρσεῖς·
2517 909 2735 981 πνεῦμα
2764 910 2943 964 καλῶν
2978 911 3079 982 τὴν
3106 910 3199 965 τοῦ
3229 911 3388 983 ἀέρος
3417 913 3567 984 κίνηο

1984 1012 2088 1051 σιν.
2125 995 2215 1067 Μὴ
2242 995 2352 1068 γάρ
2375 997 2605 1070 νομίσῃς
2638 997 2766 1052 ἄλλο
2791 992 2930 1052 εἶναι
2966 998 3125 1070 ἀέρα,
3167 1000 3262 1052 καὶ
3292 999 3419 1054 ἄλλο
3447 1000 3567 1055 ἀνε-

1986 1099 2085 1153 μον
2106 1100 2122 1115 ·
2151 1084 2312 1148 αὐτὸς
2339 1084 2448 1157 γὰρ
2481 1087 2511 1138 6
2536 1086 2646 1157 ἀὴρ
2680 1085 2998 1156 κινούμενος
3044 1090 3188 1140 ποιεῖ
3230 1086 3453 1155 ἄνεμον,
3492 1090 3567 1153 ὼς

1987 1173 2256 1244 μαρτυρεῖ
2281 1172 2494 1238 τούτοις
2524 1173 2558 1246 ή
2594 1174 2778 1244 πεῖρα.
2816 1173 3080 1239 Πολλάκις
3109 1171 3202 1230 οὖν
3231 1176 3263 1246 ἢ
3294 1176 3565 1248 ριπιδίῳῆ

1988 1259 2181 1313 σινδόνι
2211 1260 2551 1331 ἡσυχάζοντα
2579 1261 2671 1315 τὸν
2699 1261 2840 1335 ἀέρα
2869 1262 3152 1335 κινοῦμεν,
3177 1266 3271 1317 καὶ
3308 1263 3567 1335 ποιοῦμεν

1985 1345 2093 1400 ἀπὸ
2117 1347 2214 1418 τῆς
2245 1350 2514 1421 κινήσεως
2542 1351 2635 1404 τοῦ
2662 1349 2821 1422 ἀέρος
2850 1349 3069 1422 ἄνεμον.
3111 1353 3228 1405 Ἵνα
3260 1347 3354 1406 οῦν
3383 1352 3564 1424 δειχθῇ

1985 1434 2051 1488 ἐκ
2074 1432 2169 1488 τοῦ
2202 1435 2531 1507 πνεύματος,
2576 1440 2659 1491 ὅτι
2685 1437 2714 1490 6
2746 1437 2946 1509 ἄνεμος
2973 1439 3134 1512 ἀέρος
3170 1440 3287 1493 ἐστί
3328 1440 3563 1511 κίνησις,

1981 1522 2069 1576 διὰ
2097 1524 2258 1577 τοῦτο
2302 1518 2478 1588 εἶπεν,
2518 1523 2887 1594 Ἐπεςρέρετο’
2930 1527 3059 1581 ῐδιον
3098 1528 3208 1600 γὰρ
3250 1527 3454 1600 ἀνέμου
3506 1531 3568 1582 τὸ

1982 1610 2340 1683 ἐπιφέρεσθαι
2376 1614 2442 1682 τῇ
2468 1611 2818 1685 δημιουργίᾳ.
2862 1610 3051 1668 Εἶπεν
3092 1618 3125 1669 ό
3174 1617 3340 1682 Θεός·
3372 1618 3565 1683 Γεννη-

1983 1699 2140 1767 θήτω
2176 1698 2322 1770 φῶς.
2392 1701 2545 1755 Διατί
2593 1701 2667 1773 μὴ
2717 1698 2839 1755 εἷπε
2894 1703 3157 1775 Μωῦσῆς,
3200 1707 3280 1757 ὅτι
3332 1703 3498 1759 Εἶπεν
3536 1707 3566 1761 ό

1981 1774 2114 1850 Θεός
2139 1805 2153 1818 ·
2184 1788 2474 1861 Γενηθήτω
2519 1790 2767 1864 οὐρανὸς,
2810 1774 3101 1862 γενηθήτω
3138 1790 3403 1857 θάλασσα,
3452 1794 3567 1848 ἀλλ’

1982 1876 2099 1927 ἐκεῖ
2128 1876 2248 1947 μὲν,
2283 1878 2620 1942 Ἐποίησεν,
2668 1872 2770 1932 ὧδε
2823 1877 2900 1943 δὲ,
2958 1875 3165 1944 Εἶπεν,
3196 1880 3384 1953 ἐπειδὴ
3435 1883 3565 1954 παρ’

1983 1964 2114 2033 ἡμῖν
2147 1967 2468 2036 προηγεῖται
2498 1965 2655 2035 λόγος
2683 1964 2775 2020 τοῦ
2806 1966 2968 2038 ἔργου
2990 1985 3004 1997 ·
3039 1966 3254 2037 πρῶτον
3275 1968 3383 2040 γὰρ
3416 1969 3567 2038 λέγο-

1984 2067 2103 2120 μεν,
2145 2046 2261 2105 εἶτα
2312 2053 2694 2125 ἐργαζόμεθας
2744 2056 3077 2126 Βουλόμενος
3119 2056 3289 2123 δεῖξαι
3315 2056 3404 2109 τὸν
3436 2055 3566 2109 Θεὸν

1982 2138 2198 2210 πρῶτον
2254 2141 2643 2212 ἐργαζόμενον,
2708 2143 2796 2197 ἵνα
2851 2143 3051 2208 παντὸς
3097 2144 3255 2212 λόγου
3307 2144 3566 2216 ὀξυτέραν

1981 2227 2309 2298 παραστήσῃ
2348 2226 2447 2298 τὴν
2486 2227 2874 2301 δημιουργίαν·
2917 2232 3004 2285 ὅτε
3034 2230 3133 2302 μὲν
3165 2232 3264 2295 τὰς
3307 2230 3437 2296 ὕλας
3472 2235 3565 2303 ἐρο

1978 2312 2204 2381 γάζεται
2266 2314 2531 2385 δυνάμει,
2580 2314 2732 2385 λέγει
2789 2317 2889 2383 τὸ,
2960 2318 3311 2387 Ἐποίησεν·
3366 2320 3457 2373 ὅτε
3509 2320 3564 2373 δὲ

1978 2398 2171 2470 ἔμελλε
2197 2405 2425 2473 κοσμεῖν
2441 2402 2509 2456 τά
2535 2404 2735 2469 πάντα,
2758 2404 2901 2477 ἀρχὴ
2920 2405 2979 2460 δὲ
2998 2406 3093 2460 τοῦ
3122 2404 3331 2479 κόσμου
3363 2407 3426 2461 τὸ
3450 2408 3564 2477 φῶς

1977 2483 2068 2560 ἦν,
2097 2489 2309 2558 εἰσάγει
2337 2489 2494 2558 λόγον
2517 2486 2846 2561 ἁρμόζοντα.
2874 2493 2986 2546 Καὶ
3006 2493 3192 2565 ἐπειδὴ
3223 2494 3386 2549 πάλιν
3410 2484 3563 2567 πρῶ-

1977 2592 2069 2630 τον
2090 2576 2250 2649 ἔργον
2275 2576 2410 2631 Θεοῦ
2438 2576 2573 2648 φῶς,
2605 2578 2911 2633 τελευταῖον
2931 2580 2988 2635 δὲ
3010 2580 3172 2652 ἔργον
3198 2581 3333 2636 Θεοῦ
3359 2581 3565 2654 ἄνθρω-

1980 2680 2081 2727 πος
2114 2659 2182 2736 ἦν
2202 2679 2217 2694 ·
2248 2663 2465 2736 πρῶτον
2490 2666 2782 2736 ἐργάζεται
2808 2666 2942 2732 Θεὸς
2970 2668 3114 2740 λόγῳ
3138 2669 3199 2723 τὸ
3231 2670 3366 2740 φῶς,
3408 2669 3564 2725 ὕστε-

1982 2768 2073 2823 ρον
2096 2751 2153 2805 δὲ
2183 2751 2274 2807 τὸν
2301 2751 2587 2825 ἄνθρωπον
2610 2753 2777 2826 ἔργῳ,
2812 2754 2920 2809 ἀπὸ
2959 2756 3135 2826 φωτὸς
3163 2758 3244 2822 είς
3278 2758 3394 2829 φῶς
3429 2776 3565 2830 συμ-

1978 2839 2085 2909 πλη
2095 2838 2220 2911 ρῶν.
2238 2844 2243 2849 “
2258 2856 2299 2911 3'
2310 2872 2313 2875 -

2149 2908 2405 2994 Καὶ’πῶς
2427 2928 2543 2999 φῶς
2562 2931 2657 2985 καὶ
2683 2931 2990 3004 ἄνθρωπος,
3012 2934 3199 2990 ἄκουε.
3221 2935 3296 2990 Τὸ
3319 2936 3434 3005 φῶς
3452 2936 3560 2990 δεί-

1978 3032 2131 3070 κνυσι
2156 3015 2225 3070 τά
2250 3015 2409 3071 ὄντα·
2434 3016 2494 3071 τὸ
2516 3018 2630 3088 φῶς
2656 3020 2751 3073 τοῦ
2779 3021 2983 3093 κόσμου
3004 3025 3033 3077 6
3052 3023 3338 3093 ἄνθρωπος
3354 3041 3368 3055 ·
3396 3024 3563 3078 εἰσελ-

1977 3101 2086 3157 θὼν
2117 3102 2284 3169 ἔδειξέ
2316 3121 2399 3158 σοι
2437 3104 2551 3174 φῶς
2576 3106 2794 3178 τέχνης,
2827 3108 2943 3176 φῶς
2972 3109 3305 3180 ἐπιστήμης.
3348 3110 3421 3164 Τὸ
3445 3111 3561 3180 φῶς

1976 3189 2142 3258 ἔδειξε
2167 3194 2329 3257 σῖτον,
2361 3195 2395 3264 ή
2429 3192 2642 3257 σύνεσις
2669 3194 2926 3265 ἐποίησεν
2955 3197 3148 3268 ἄρτον·
3172 3198 3233 3251 τὸ
3252 3196 3367 3267 φῶς
3393 3197 3560 3262 ἔδειξε

1975 3280 2065 3334 τὸν
2087 3281 2281 3353 βότρυν
2312 3284 2412 3354 τῆς
2428 3282 2698 3353 ἀμπέλου,
2730 3284 2791 3337 τὸ
2824 3284 2939 3356 φῶς
2970 3285 3069 3354 τῆς
3104 3287 3375 3351 συνέσεως
3391 3288 3557 3354 ἔδειξε

1973 3369 2064 3422 τὸν
2101 3364 2241 3422 οἶνον
2270 3369 2361 3422 τὸν
2399 3356 2457 3421 ἐν
2484 3370 2563 3440 τῷ
2596 3369 2783 3443 βότρυῖ
2804 3387 2817 3401 ·
2860 3372 2919 3425 τὸ
2958 3372 3073 3442 φῶς
3101 3372 3267 3440 ἔδειξε
3295 3374 3357 3428 τὸ
3390 3375 3556 3446 ἔριον,

1973 3455 2033 3509 τὸ
2061 3455 2176 3525 φῶς
2198 3453 2294 3510 τοῦ
2318 3456 2604 3529 ἀνθρώπου
2634 3458 2834 3525 ἔδειξεν
2867 3460 3079 3531 ἱμάτιον
3098 3479 3113 3493 ·
3135 3462 3196 3515 τὸ
3222 3462 3339 3532 φῶς
3359 3463 3558 3529 ἔδειξεν

1972 3543 2117 3615 ὅρος,
2156 3544 2216 3598 τὸ
2258 3546 2374 3616 φῶς
2424 3544 2524 3616 τῆς
2579 3545 2850 3611 συνέσεως
2904 3547 3072 3616 ἔδειξε
3130 3549 3418 3622 λατομίαν.
3458 3554 3558 3607 Διά

1972 3631 2127 3685 τοῦτο
2151 3632 2245 3686 καί
2272 3634 2302 3686 6
2339 3632 2530 3706 Σωτὴρ
2575 3633 2691 3703 φῶς
2719 3635 2876 3688 καλεῖ
2910 3636 3038 3700 τοὺς
3078 3636 3429 3704 ἀποστόλους,
3468 3639 3557 3693 λέο
3612 3680 3627 3693 ς

1972 3733 2113 3784 γων·
2159 3718 2357 3788 ’Υμεῖς
2383 3686 2525 3774 ἐστε
2549 3686 2617 3774 τὸ
2640 3686 2896 3790 φῶςντοῦ
3193 3686 3555 3781 ’Ᾰῖᾇῖεῗξεαᾶξι
3606 3686 3633 3785 ,ξ
3688 3686 3717 3729 Γ

1972 3803 2171 3867 αὐτοὺς
2206 3805 2351 3873 φῶς;
2392 3806 2503 3875 Οὐχ
2526 3807 2613 3860 ῖνα
2642 3808 2840 3872 αὐτοὺς
2869 3810 3080 3882 τιμήσῃ
3109 3810 3289 3882 μόνον,
3322 3812 3437 3867 ἀλλ’
3469 3813 3577 3871 ἵνα.

1973 3891 2067 3944 καὶ
2103 3890 2202 3961 τὴν
2232 3889 2381 3961 [M5]
2421 3892 2612 3946 ἐλπίδα
2640 3894 2742 3964 τῆς
2769 3895 3120 3961 ἀναστάσεως
3139 3898 3309 3972 δείξῃ.
3343 3901 3554 3974 Ὠσπερ

1972 3978 2080 4050 γὰρ
2130 3977 2189 4030 τὸ
2249 3977 2365 4048 φῶς
2399 3978 2637 4050 ἐσπέρας
2693 3981 2870 4045 δῦνον,
2914 3983 3014 4037 ούκ
3061 3985 3377 4055 ἀπόλλυται,
3417 3990 3556 4045 ἀλλά

1972 4063 2296 4135 κρύπτεται,
2332 4066 2427 4119 καὶ
2474 4064 2812 4137 κρυϐόμενον
2858 4068 3023 4123 πάλιν
3056 4070 3338 4139 φαίνεται·
3380 4074 3551 4141 οὕτως

1972 4152 2066 4204 καὶ
2101 4153 2130 4205 6
2174 4150 2459 4222 ἄνθρωπος
2504 4152 2581 4216 ὡς
2623 4155 2703 4217 είς
2747 4153 2898 4208 δύσιν
2929 4156 3053 4209 τινὰ
3078 4156 3158 4227 τῷ
3180 4157 3335 4229 τάφῳ
3374 4177 3553 4232 παρα-

1972 4239 2264 4309 πεμφθεὶς,
2300 4238 2463 4293 πάλιν
2504 4242 2570 4311 τῇ
2607 4240 2839 4313 ἀνατολῇ
2874 4242 2974 4313 τῆς
3012 4243 3362 4311 ἀναστάσεως
3392 4251 3552 4322 τετή-

1973 4342 2153 4397 ρηται.
2203 4327 2522 4395 Γενηθήτω
2564 4325 2709 4396 φῶς.
2761 4323 2897 4381 Εῐπε
2938 4329 3000 4382 τὸ
3031 4330 3340 4402 γενόμενον,
3376 4333 3469 4389 τὸν
3493 4336 3550 4389 δέ

1969 4413 2167 4485 τρόπον
2187 4413 2287 4467 οὔκ
2306 4414 2596 4485 ἐμήνυσεν,
2628 4414 2744 4468 ἀλλ’
2764 4416 2887 4470 οὐδὲ
2918 4417 3141 4487 ἔμαθεν.
3179 4420 3300 4475 Ὅτι
3322 4422 3420 4493 μὲν
3441 4424 3550 4495 γὰρ

1969 4502 2185 4570 ἐγένετο
2212 4501 2347 4571 φῶς,
2369 4498 2506 4568 οἴδα,
2548 4503 2713 4575 φησίν
2730 4519 2744 4535 ·
2770 4504 2834 4558 τὸ
2851 4504 2909 4559 δὲ
2936 4507 3051 4570 πῶς
3082 4507 3316 4576 ἐγένετο,
3356 4510 3418 4564 οὐ
3447 4530 3550 4567 κα-

1968 4590 2316 4660 ταλαμϐάνω.
2348 4590 2449 4644 Διά
2484 4591 2640 4646 τοῦτο
2666 4593 2760 4646 καί⁹
2793 4595 2823 4646 6
2860 4594 3052 4669 Σωτὴρ
3088 4596 3240 4666 ἔλεγε
3275 4602 3385 4663 τοῖς
3406 4602 3544 4656 ἀπο-

1969 4678 2173 4741 στόλοις
2191 4694 2204 4707 ’
2241 4680 2364 4748 Οὐχ
2400 4677 2568 4748 ὑμῶν
2610 4679 2743 4737 ἐστι
2772 4681 2993 4750 γνῶναι
3040 4687 3299 4752 χρόνους
3336 4687 3376 4754 ἢ
3417 4706 3543 4741 καιρ-

1960 4764 2132 4834 ροὺς,
2154 4764 2263 4830 οὓς
2287 4768 2321 4820 ό
2358 4766 2559 4835 Πατὴρ
2579 4769 2754 4824 ἔθετό
2774 4769 2844 4823 ἐν
2861 4768 2938 4839 τῇ
2961 4771 3082 4839 ἰδίῃ
3106 4772 3375 4839 ἐξουσίᾳ.
3411 4770 3542 4828 Εἶτα

1968 4853 2250 4924 χρόνουςῆ
2278 4855 2500 4927 καιροὺς
2533 4856 2633 4909 οὐκ
2679 4857 2824 4910 ἔστιν
2857 4858 3017 4927 ήμῶν
3059 4859 3278 4927 γνῶναι,
3309 4861 3401 4915 καί
3450 4863 3542 4917 τὸν

1967 4944 2243 5012 Δεσπότην
2268 4942 2375 4996 τῶν
2405 4943 2610 5014 χρόνων
2638 4938 2733 4997 καὶ
2782 4944 2872 4997 τὸν
2915 4946 3142 5018 ποιητὴν
3179 4948 3290 5001 τῶν
3329 4950 3541 5006 αἰώνων

1967 5027 2079 5082 ἐστι
2094 5029 2371 5099 λογισμοῖς
2387 5030 2709 5083 καταλαϐεῖν
2721 5030 3079 5102 ἀνθρωπίνοις
3091 5051 3105 5097 ;
3125 5034 3311 5089 Εἶπεν
3324 5039 3358 5091 ό
3372 5040 3536 5105 Θεός·

1966 5114 2284 5182 Γενηθήτω
2321 5111 2480 5181 φῶς·
2533 5113 2633 5166 καὶ
2676 5113 2912 5183 ἐγένετο
2955 5113 3100 5185 φῶς.
3138 5118 3202 5171 Ὢ
3233 5118 3331 5190 τῆς
3376 5123 3539 5192 ἁγίας

1965 5196 2177 5268 ἐκείνης
2215 5197 2309 5279 καὶ
2345 5194 2583 5267 μεγάλης
2630 5195 2945 5266 δυνάμεωςι
2980 5198 3025 5253 ὣ
3056 5201 3304 5271 μεγάλων
3331 5204 3539 5279 θαυμά-

1963 5283 2104 5335 τωνί
2151 5278 2413 5349 Ἐγένετο
2443 5279 2591 5347 φῶς,
2620 5279 2719 5333 καὶ
2751 5281 2909 5336 καλεῖ
2927 5286 2961 5338 ό
2990 5285 3135 5351 Θεὸς
3152 5287 3221 5342 τὸ
3247 5289 3372 5358 ςρῶς
3396 5278 3537 5361 ἠμέ-

1956 5381 2096 5433 ραν,
2134 5364 2234 5418 καί
2261 5363 2330 5417 τὸ
2358 5364 2579 5429 σκότος
2605 5365 2815 5419 νύκτα.
2841 5367 2994 5421 Διατί
3021 5368 3078 5422 δέ
3104 5372 3320 5443 ἡμέραν
3345 5374 3532 5435 καλεῖς

1976 5446 2191 5518 Ἐπειδὴ
2218 5448 2325 5501 πᾶν
2347 5445 2568 5518 φαιδρὸν
2594 5448 2686 5501 καὶ
2715 5448 2914 5520 ἱλαρὸν,
2938 5451 3145 5525 ἥμερον
3178 5455 3413 5523 λέγεται.
3434 5458 3534 5508 Δια

1961 5528 2118 5583 τοῦτο
2164 5528 2258 5583 καὶ
2293 5530 2392 5599 τὴν
2443 5529 2853 5601 φιλανθρωπίαν
2881 5534 3192 5607 ἡμερότητα
3238 5535 3529 5605 καλοῦμεν,

1961 5613 2056 5666 καὶ
2084 5612 2153 5665 τά
2184 5611 2348 5684 θηρία
2369 5612 2437 5665 τὰ
2469 5615 2721 5686 χειροήθη
2742 5615 2924 5687 ἥμερα
2944 5618 3233 5689 καλοῦμεν.
3265 5617 3372 5672 Καὶ
3392 5617 3533 5672 ἐκά-

1959 5699 2147 5750 λεσεν
2162 5698 2195 5749 ό
2209 5695 2353 5762 Θεὸς
2374 5696 2439 5750 τὸ
2451 5696 2578 5766 ςρῶς
2594 5696 2840 5767 ἡμέραν,
2858 5701 2955 5754 καί
2967 5700 3035 5754 τὸ
3046 5699 3268 5764 σκότος
3276 5699 3533 5756 ἐκάλεσε

1942 5780 2169 5843 νύκτα.
2194 5778 2379 5833 Νύκτα
2397 5779 2537 5833 διατί
2560 5799 2573 5847 ;
2601 5783 2721 5836 Ὀτι
2755 5784 2906 5838 νυκτὶ
2928 5783 3017 5837 τὸν
3037 5782 3317 5850 ἄνθρωπον
3336 5784 3533 5839 καθεύ-

3147 5865 3222 5953 27
