3958 6186
250 265 347 321 ὅζίῗ

247 392 462 437 noctem.
493 382 714 439 Noctem
736 396 901 453 quare
927 382 950 436 ?
990 382 1121 451 Quia
1149 391 1309 439 noctu
1333 382 1687 442 dormientem
1727 382 1820 437 ho-

245 476 442 529 minem
472 473 523 529 in
553 475 743 530 mortis
794 476 1107 530 memoriam
1162 484 1379 530 revocat
1426 476 1816 546 propemodum

244 566 465 621 dicens:
499 566 683 630 Disce,
741 566 923 631 homo,
966 567 1090 636 quid
1134 567 1229 622 sis.
1262 567 1503 623 Mortalis
1533 583 1612 633 es,
1642 568 1817 623 somni

242 657 422 711 virtuti
451 656 700 713 addictus
732 676 744 713 :
772 673 869 714 cur
909 674 971 713 ea
993 675 1110 728 quae
1139 673 1295 728 supra
1325 668 1375 714 te
1401 667 1526 713 sunt
1562 659 1819 730 imagina-

240 750 359 805 ris?
389 749 506 804 Nox
534 751 679 804 enim
710 751 1050 819 compunctio
1080 758 1160 805 est
1192 768 1205 804 :
1236 749 1580 819 quamobrem
1606 750 1680 805 ait
1712 750 1816 804 Da-

239 840 324 895 rid
360 859 372 895 :
404 841 533 908 Quae
556 841 720 904 dicitis
740 842 791 894 in
811 841 1044 895 cordibus
1069 842 1262 906 vestris,
1291 842 1343 894 in
1371 830 1617 896 cubilibus
1645 842 1820 896 vestris

237 931 634 1001 compungiinini
681 930 847 1002 (Psal.
893 933 947 987 4.
974 931 1052 999 5).
1085 932 1221 987 Vere
1245 935 1390 1001 jacet
1444 933 1604 986 homo
1633 943 1815 999 noctu,

236 1032 411 1085 neque
441 1024 703 1081 mortuus,
752 1032 926 1086 neque
952 1018 1125 1071 vivus.
1154 1018 1431 1087 interroga
1466 1018 1772 1074 hmrelicum
1800 1036 1813 1072 :

233 1107 373 1174 Quid
405 1108 527 1162 est?
580 1108 802 1162 vivusne
838 1123 905 1162 an
958 1110 1239 1163 mortuus?
1268 1108 1321 1164 Si
1352 1109 1567 1173 dixerit,
1606 1109 1768 1165 Vivus
1798 1152 1812 1175 ,

233 1214 439 1268 repone
467 1199 543 1253 illi
570 1216 582 1250 :
611 1198 717 1253 Cur
746 1215 874 1270 ergo
904 1215 1002 1255 nec
1045 1200 1327 1269 loquentes
1354 1215 1453 1255 nec
1481 1201 1817 1255 ambulantes

233 1290 438 1345 sentit?
468 1290 524 1345 Si
553 1289 767 1353 dixerit,
800 1291 1057 1353 Mortuus,
1091 1301 1143 1345 tu
1170 1291 1334 1346 dicito
1358 1308 1370 1343 :
1394 1290 1671 1358 Quomodo
1688 1307 1816 1361 ergo

232 1382 509 1450 respirat?
561 1380 702 1452 quod
752 1381 895 1436 enim
932 1381 1197 1451 respirat,
1246 1397 1352 1437 non
1401 1390 1484 1436 est
1509 1392 1811 1439 mortuum;

233 1476 380 1546 quod
411 1492 516 1530 non
551 1476 738 1541 sentit,
766 1491 871 1529 non
898 1485 981 1530 est
1004 1476 1180 1529 vivum
1207 1492 1219 1527 :
1250 1476 1478 1544 teipsum
1503 1491 1606 1529 non
1639 1474 1811 1540 vides,

231 1569 329 1622 sed
359 1583 477 1636 quae
498 1581 659 1635 supra
690 1576 739 1621 te
765 1575 889 1620 sunt
929 1565 1257 1635 imaginaris.
1289 1566 1483 1619 Verum
1512 1565 1628 1620 lucc
1682 1565 1813 1619 satis

230 1659 379 1712 circa
411 1659 635 1726 primam
660 1657 804 1712 diem
844 1657 985 1712 dicta
1009 1659 1132 1711 sint.
1162 1656 1322 1711 Venit
1350 1658 1544 1726 quippe
1565 1670 1809 1726 vespera,

229 1759 286 1804 ut
315 1752 478 1805 etiam
505 1749 613 1804 illic
635 1765 753 1818 quae
777 1748 842 1802 ad
860 1748 1085 1819 primam
1111 1748 1253 1803 diem
1270 1757 1514 1818 spectant
1536 1749 1807 1813 desinunt,

230 1853 281 1897 et
312 1857 412 1912 pro
440 1840 710 1905 facultate,
740 1841 840 1896 etsi
878 1839 1168 1910 profundos
1188 1853 1396 1907 sensus,
1433 1840 1812 1909 explicavimus

232 1944 436 1987 tamen.
470 1934 637 1987 Porro
665 1932 901 1989 fidelium
933 1940 1017 1987 est
1047 1930 1188 1986 dicta
1214 1932 1518 2002 explorare,
1548 1943 1603 1989 et
1632 1934 1809 1992 histo-

230 2026 368 2079 riam
385 2024 697 2095 disquirere.

305 2116 363 2168 7.
410 2115 672 2186 Jejunium
725 2118 973 2185 quomodo
1019 2119 1425 2189 sancti/icemus;
1474 2122 1815 2192 jejunandum

232 2208 457 2261 maxime
479 2225 509 2261 a
532 2209 766 2278 peccatis.
794 2239 865 2249 -—
885 2209 995 2265 Nos
1013 2219 1189 2264 autem
1220 2212 1355 2266 sacri
1375 2212 1560 2282 jejunii
1590 2213 1811 2280 alumni,

227 2311 281 2354 et
317 2301 372 2353 in
397 2301 715 2355 abstinentia
733 2316 986 2371 corporea
1012 2302 1216 2358 deliciis
1234 2302 1468 2359 fruentes
1487 2304 1808 2371 celestibus,

222 2401 475 2447 sanctum
515 2392 774 2463 jejunium
819 2408 1036 2448 scrvare
1074 2410 1330 2449 conemur
1374 2411 1390 2450 :
1441 2394 1804 2465 Sancti/irate,

224 2482 442 2552 inquit,
461 2483 718 2552 jejunium
748 2482 902 2553 (Joel.
931 2484 983 2538 1.
1018 2484 1125 2554 14).
1156 2484 1333 2540 Nosne
1360 2485 1487 2540 illud
1513 2487 1812 2543 sanctiﬁca-

222 2590 389 2640 mus,
419 2590 484 2627 an
506 2575 574 2628 ab
616 2574 709 2628 illo
737 2574 1166 2629 sanctificamur?
1200 2576 1391 2631 \‘crum
1439 2578 1490 2631 id
1518 2577 1645 2633 dicit
1692 2594 1812 2649 pro-

223 2665 417 2736 pheta,
439 2674 499 2719 ut
520 2664 647 2720 illud
672 2674 910 2721 sanctum
940 2666 1319 2722 custodiamus.
1352 2666 1808 2732 Quemadmodum

222 2756 379 2810 enim
424 2770 544 2811 cum
590 2756 857 2827 precando
919 2757 1180 2824 dicimus,
1229 2758 1588 2827 Sancti/icetur
1632 2761 1812 2813 nomen

220 2856 371 2901 tuum
400 2846 611 2919 (Matth.
641 2848 693 2903 6.
719 2848 1019 2917 9.14),non
1044 2864 1142 2921 pro
1163 2850 1376 2905 nomine
1389 2850 1503 2919 ejus
1534 2865 1814 2920 precamur

222 2940 453 3009 (nomen
481 2940 676 3009 quippe
702 2941 816 3010 ejus
845 2941 1023 2996 omnia
1063 2941 1406 3012 sanctiﬁcat),
1449 2943 1543 2998 sed
1572 2943 1693 3013 quia
1725 2959 1813 2999 no-

221 3045 356 3085 men
388 3031 507 3099 ejus
534 3031 832 3086 invocatum
857 3043 942 3087 est
972 3049 1132 3102 super
1156 3048 1253 3088 nos
1275 3032 1584 3104 (Christiani
1612 3036 1751 3090 enim
1781 3051 1810 3090 a

220 3121 449 3177 Christo
473 3122 739 3195 dicimur),
767 3125 873 3192 ait,
905 3124 1108 3180 Nomen
1138 3135 1284 3180 tuum
1316 3127 1367 3182 in
1395 3127 1549 3183 nobis
1580 3126 1809 3182 sanctili.

220 3225 404 3269 cetur.
439 3214 595 3284 Apud
623 3223 864 3270 sanctum
916 3217 1057 3271 enim
1098 3217 1275 3272 omnia
1322 3225 1504 3272 sancta
1532 3225 1698 3273 sunt:
1744 3217 1812 3272 ad

222 3306 401 3361 Deum
450 3306 644 3376 quippe
681 3306 813 3361 nihil
856 3323 961 3362 non
1013 3318 1252 3363 sanctum
1296 3309 1502 3364 accedit
1540 3326 1554 3363 :
1597 3319 1812 3364 sanctus

226 3401 375 3455 enim
424 3399 567 3454 Deus
611 3408 728 3467 est,
772 3400 824 3454 in
868 3401 1069 3455 sanctis
1117 3402 1419 3471 quiescens.
1460 3402 1598 3470 Quin
1650 3403 1810 3458 etiam

220 3490 424 3543 caelum
462 3489 581 3559 ejus
622 3499 863 3545 sanctum
893 3500 975 3546 est
1016 3508 1029 3543 :
1079 3507 1200 3546 nam
1252 3491 1504 3548 Exaudiet
1552 3495 1699 3549 illum
1751 3496 1816 3550 de

221 3581 355 3633 creto
371 3589 549 3633 sancto
565 3597 654 3633 suo
667 3579 832 3653 (Psal.
854 3581 1021 3652 19.7).
1051 3583 1233 3652 Angcli
1245 3598 1457 3654 quoque
1469 3586 1634 3640 sancti
1651 3603 1665 3638 :
1687 3585 1812 3639 Cum

224 3672 420 3723 venerit
448 3668 617 3725 Filius
637 3672 853 3725 hominis
877 3672 931 3725 in
954 3672 1117 3743 gloria
1144 3689 1236 3726 sua
1261 3690 1371 3727 cum
1398 3676 1587 3745 sanctis
1620 3676 1815 3747 angelis

218 3764 336 3815 suis
363 3761 557 3832 (Marc.
587 3763 639 3819 8.
669 3763 785 3835 38).
812 3762 982 3819 Terra
1010 3765 1061 3818 in
1089 3781 1192 3835 qua
1222 3766 1313 3821 Dei
1362 3768 1537 3822 cultus
1579 3782 1761 3823 sancta
1798 3789 1811 3824 :

224 3853 290 3906 Et
327 3855 495 3920 volet,
545 3854 748 3925 inquit,
790 3865 1006 3910 evertere
1046 3865 1390 3911 testamentum
1439 3876 1591 3929 super
1630 3870 1815 3914 (errant

217 3956 462 4000 sanctam
490 3948 617 4017 ejus.
641 3947 709 4002 Et
735 3934 916 4002 Davidi
946 3948 1068 4003 aula
1087 3959 1268 4004 sancta
1298 3958 1381 4006 est
1409 3970 1422 4004 :
1455 3951 1678 4006 Adorate
1699 3950 1814 4006 Do-

220 4038 428 4090 minum
453 4038 507 4090 in
536 4037 656 4091 aula
675 4048 848 4092 sancta
865 4040 975 4110 ejus
1004 4038 1171 4111 (Psal.
1197 4041 1286 4096 93.
1310 4040 1387 4113 9).
1424 4042 1573 4097 Idem
1607 4055 1816 4113 quoque

220 4113 481 4194 teniplum
514 4135 741 4181 sanctum
786 4128 954 4184 dicit:
997 4145 1120 4185 nam
1160 4130 1409 4185 Sanctum
1455 4140 1527 4187 est
1574 4135 1817 4203 templum

220 4229 397 4283 tuum,
421 4217 651 4271 mirabile
672 4220 724 4273 in
752 4221 983 4290 (equitate
1006 4220 1123 4294 (Ps.
1154 4222 1243 4276 61.
1267 4222 1320 4277 5.
1346 4223 1426 4291 6).
1446 4220 1584 4279 Oves
1604 4233 1817 4295 qboque

219 4309 466 4364 rationis
495 4318 743 4379 expertes
763 4351 776 4375 ,
825 4326 944 4381 qua:
974 4320 1098 4366 tunc
1132 4311 1563 4377 immolabantur,
1617 4325 1817 4370 sanctae

218 4410 391 4456 erant
421 4418 435 4453 :
474 4400 543 4455 Ut
570 4418 713 4466 ores,
736 4402 916 4473 jnquit
940 4443 955 4468 ,
986 4414 1173 4457 sancta:
1196 4404 1247 4457 in
1279 4403 1559 4459 Jerusalem
1599 4404 1814 4475 (Ezeclt.

218 4494 317 4548 36.
349 4490 469 4561 38).
508 4491 905 4547 Testamentum
946 4508 1158 4563 quoque
1191 4504 1474 4551 sanctum:
1520 4495 1588 4550 Et
1625 4498 1816 4567 conﬁr-

219 4583 391 4638 mabit
416 4600 532 4637 cum
574 4585 744 4638 multis
769 4594 1114 4655 testamentum
1138 4597 1365 4641 sanctum
1396 4605 1542 4642 suum
1571 4587 1734 4655 (Dan.
1759 4590 1812 4646 9.

222 4680 346 4750 :7).
384 4677 526 4733 Urbs
548 4678 657 4748 ipsa
685 4694 893 4750 quoque
922 4688 1103 4734 sancta
1130 4680 1404 4737 dicebatur
1430 4697 1444 4735 :
1473 4680 1541 4734 Et
1564 4699 1715 4751 super
1741 4684 1816 4736 ci-

220 4774 440 4826 vitatem
462 4782 687 4826 sanctam
728 4782 931 4841 patrum
955 4781 1239 4827 nostrorum
1263 4772 1547 4829 Jerusalem
1574 4774 1733 4846 (Ibid.
1766 4793 1814 4831 v.

222 4864 346 4931 ii).
371 4861 516 4917 Nihil
543 4861 736 4931 quippe
763 4877 867 4917 non
890 4872 1127 4917 sanctum
1149 4863 1355 4919 accedit
1382 4864 1449 4920 ad
1480 4865 1665 4921 Deum.
1695 4866 1819 4922 Ideo

225 4955 310 5008 ait.
334 4953 539 5008 Paulus
567 4970 580 5006 :
610 4951 679 5005 Et
717 4954 1133 5018 sanctimoniam,
1164 4955 1271 5008 sine
1306 4971 1408 5023 qua
1451 4972 1593 5009 nemo
1635 4957 1817 5011 videbit

224 5044 437 5114 Πειρη(
449 5043 603 5098 Hebr.
636 5043 719 5098 12.
743 5045 856 5114 11).
888 5044 1251 5116 Jejunavimus
1276 5060 1305 5099 a
1331 5060 1499 5115 pane;
1518 5046 1820 5117 jejunémus

224 5146 289 5193 et
318 5137 389 5193 ab
427 5137 730 5208 iniquitate.
775 5137 892 5193 Non
918 5137 1152 5194 comedis
1198 5140 1429 5207 panem?
1456 5139 1532 5193 Ne
1570 5139 1820 5195 comedas

226 5242 430 5285 carnes
458 5245 781 5300 pauperum,
814 5245 881 5286 ne
905 5231 973 5286 de
1003 5240 1054 5286 te
1079 5245 1291 5301 quoque
1331 5230 1473 5285 dicat
1501 5232 1638 5287 Deus
1673 5251 1686 5286 :
1722 5232 1821 5300 Qui

222 5324 477 5378 decorant
499 5324 690 5395 plebem
718 5340 879 5380 meam
905 5325 958 5379 in
982 5325 1090 5378 cibo
1116 5324 1263 5396 panis
1292 5322 1460 5396 (Psal.
1494 5325 1579 5380 15.
1601 5322 1678 5397 4).
1704 5324 1818 5380 Non

224 5418 379 5472 bibis
400 5418 624 5473 vinum?
651 5417 725 5472 Ne
754 5418 903 5473 furor
932 5417 1160 5474 inebriet
1188 5426 1267 5480 te,
1302 5432 1367 5472 ne
1395 5416 1581 5471 audias
1600 5432 1629 5470 a
1660 5418 1821 5488 legis-

225 5507 408 5563 lature
439 5527 454 5564 :
504 5508 670 5565 Furor
702 5510 805 5565 illis
841 5511 1113 5565 secundum
1152 5508 1531 5564 similitudinem
1574 5510 1820 5581 serpentis

225 5597 413 5671 (Ρωι.
440 5601 531 5655 57.
575 5600 665 5673 5);
711 5616 775 5657 ac
803 5616 1053 5665 rursum,
1108 5600 1280 5655 Furor
1323 5602 1601 5655 draconum
1650 5601 1819 5655 vinum

223 5706 413 5746 eorum
437 5692 617 5768 (Deut.
644 5695 732 5751 3‘2.
779 5695 893 5767 35).
915 5694 1044 5751 Cum
1083 5694 1222 5751 enim
1256 5707 1543 5765 pauperem
1565 5692 1819 5748 amiseris

1301 266 1386 321 DE
1424 266 1639 323 MUNDI
1676 266 2065 323 CREATIONE
2104 269 2357 326 ORATIO
2389 271 2448 325 ll.

3163 178 3182 207 ὃ

3406 281 3507 333 433

1932 385 2000 439 ita
2028 394 2085 440 ut
2121 386 2466 457 ingemiscat,
2502 387 2545 443 is
2569 388 2707 458 apud
2752 388 2917 444 Deum
2949 390 3196 449 inventus
3223 399 3305 448 est
3328 407 3508 449 come-

1928 474 2060 529 dens
2090 493 2278 545 panem
2306 479 2684 549 lacrymarum.
2718 477 2948 551 Ideoque
2968 481 3043 536 ait
3069 482 3209 537 Deus
3243 501 3256 535 :
3297 482 3508 554 Opem-

1927 566 2053 620 batis
2088 568 2321 638 lacrymis
2358 570 2521 624 altare
2563 587 2726 625 meum
2757 570 3008 641 (.ilalacit.
3058 572 3112 625 Ξ.
3154 572 3262 643 15).
3305 573 3507 643 Repre-

1928 658 2182 713 hcnditne
2207 675 2335 731 ergo
2375 661 2514 716 Deus
2540 677 2634 716 eos
2661 663 2750 732 qui
2781 663 3052 731 plorarent
3091 663 3155 717 ad
3183 665 3388 731 altare,
3414 663 3505 734 qui

1924 748 2081 815 dicit,
2124 750 2459 816 Sacerdotes,
2504 753 2723 818 intrate,
2755 764 2801 807 et
2848 754 3045 824 plorata
3079 754 3237 825 (Jocl.
3278 757 3330 810 1.
3377 757 3503 827 13)?

1928 842 2121 896 Verum
2148 843 2492 912 reprehendit
2515 861 2636 909 eos,
2666 862 2772 901 non
2802 847 2941 916 quod
2974 847 3160 903 ﬂerent
3179 889 3194 914 ,
3237 849 3330 905 sed
3361 851 3502 919 quod

1924 932 1958 986 ii
1990 933 2077 1001 qui
2110 932 2352 1002 injuriatn
2376 935 2513 1003 passi
2544 944 2756 1003 essent,
2783 937 2961 1006 pupilli
2987 948 3039 991 et
3060 938 3269 1002 viduae,
3303 939 3409 993 illic
3434 939 3501 993 ad

1923 1022 2093 1078 altare
2119 1024 2500 1094 supplicarent.
2533 1025 2705 1096 thue
2731 1027 2974 1081 ostendat
2995 1043 3051 1083 se
3078 1027 3142 1082 de
3166 1028 3267 1084 illis
3291 1044 3501 1086 sermo-

1922 1128 2043 1168 nem
2075 1113 2306 1180 habere,
2333 1115 2602 1185 subjunxit
2626 1133 2638 1169 :
2666 1115 2729 1169 In
2753 1118 2904 1185 ﬂetu,
2953 1126 3000 1170 et
3048 1117 3285 1187 planctu,
3338 1130 3385 1171 et
3408 1118 3503 1172 do-

1921 1204 2028 1257 lore
2058 1203 2215 1275 (.Ioel.
2237 1204 2291 1258 2.
2324 1204 2392 1259 12
2418 1204 2461 1277 ).
2512 1205 2732 1275 Insuper
2778 1223 2987 1276 aequum
3017 1217 3099 1263 est
3124 1218 3181 1263 ut
3204 1210 3270 1265 ad
3298 1211 3497 1265 hostias

1920 1302 2130 1349 nostras
2153 1297 2389 1350 animum
2417 1296 2785 1351 adhibeamus.
2817 1298 3139 1366 Proponitur
3161 1315 3287 1369 ergo
3317 1316 3499 1354 mensa

1920 1384 2142 1448 animm,
2174 1400 2365 1455 nempe
2396 1385 2487 1439 Dei
2514 1385 2759 1441 verbum.
2800 1384 3006 1456 Corpus
3028 1387 3235 1453 jejunio
3265 1388 3501 1443 sanctiﬁ-

1919 1483 2088 1541 catur,
2111 1476 2286 1530 anima
2304 1477 2423 1530 cibo
2444 1491 2636 1546 expers
2655 1479 3034 1547 corrumpitur.
3067 1478 3279 1533 Utinam
3307 1494 3499 1548 corpus

1914 1565 2120 1636 jejunet
2147 1583 2175 1620 a
2208 1569 2438 1636 peccatis
2457 1608 2476 1636 ,
2500 1569 2673 1622 anima
2698 1584 2826 1624 vero
2853 1570 2904 1623 in
2927 1568 3119 1624 divinis
3156 1569 3491 1624 documentis

1918 1659 2255 1715 conviveturl
2288 1659 2403 1716 Non
2445 1670 2599 1731 potes
2623 1660 2906 1716 comedere
2929 1677 3115 1731 panem
3158 1662 3358 1718 Christi
3380 1705 3395 1730 ,
3442 1673 3499 1720 ct

1918 1766 2107 1820 panem
2137 1751 2489 1823 lacrymarum
2514 1793 2529 1814 .
2554 1761 2611 1807 ut
2639 1753 2712 1806 ait
2737 1752 2931 1806 Paulus
2961 1770 2973 1804 :
3007 1752 3127 1807 Non
3150 1755 3353 1822 potestis
3378 1772 3496 1823 par-

1917 1842 2089 1911 ticipes
2119 1859 2226 1896 esse
2268 1859 2451 1899 mensa:
2480 1842 2700 1908 Christi,
2724 1851 2768 1897 et
2794 1859 2978 1897 mensa:
3016 1844 3378 1900 dmuoniorum
3416 1844 3491 1909 (1..

1916 1932 2033 1988 Cor.
2060 1933 2145 1988 10.
2164 1932 2278 2004 21).
2301 1935 2466 1991 Debet
2488 1951 2614 2006 ergo
2631 1935 2674 1990 is
2691 1937 2777 2006 qui
2800 1934 3003 2005 jejunat
3018 1936 3283 1991 abstinere
3304 1952 3333 1990 a
3351 1937 3491 2005 cibo,

1915 2026 2008 2079 sed
2046 2027 2357 2097 przecipuca
2394 2029 2643 2096 peccatis.
2678 2027 2887 2080 Etenim
2917 2027 3088 2096 angeli
3135 2027 3369 2097 quotidie
3398 2042 3493 2081 no-

1916 2124 2063 2181 tant,
2107 2119 2225 2187 quis
2254 2118 2588 2186 proposuerit
2631 2117 2900 2172 abstinere
2940 2117 3008 2171 ab
3048 2118 3430 2189 avaritiahaul
3460 2133 3489 2172 a

1915 2204 2282 2269 fornicatione,
2319 2216 2412 2262 aut
2431 2208 2498 2262 ab
2529 2208 2821 2277 iniquitate.
2853 2207 2977 2262 [hec
2994 2207 3187 2278 quippe
3212 2208 3410 2278 jejunio
3439 2220 3493 2262 et

1913 2297 2086 2367 angeli
2136 2297 2507 2366 perscribunt,
2556 2306 2611 2352 et
2651 2298 2789 2353 Deus
2833 2298 2884 2352 in
2929 2297 3179 2353 thesauro
3230 2297 3489 2353 recondit.

1914 2389 2368 2456 Quemadmodum
2394 2390 2567 2454 enim,
2594 2389 2783 2445 fratres
2803 2431 2817 2454 ,
2842 2389 2918 2444 illi
2948 2390 3044 2444 viri
3073 2389 3310 2459 primarii
3341 2389 3430 2460 qui
3459 2405 3489 2443 a

1914 2482 2109 2537 libellis
2135 2482 2460 2553 supplicibus
2479 2492 2603 2537 sunt
2624 2482 2932 2553 imperatori
2958 2492 3150 2537 cuncta
3179 2482 3449 2539 declarant
3473 2499 3486 2535 :

1913 2574 1990 2629 sic
2015 2583 2068 2629 et
2097 2574 2269 2645 angeli
2296 2589 2358 2630 ea
2383 2590 2502 2644 qua:
2529 2574 2661 2629 fiunt
2688 2575 2863 2628 omnia
2894 2575 3003 2630 Deo
3024 2573 3348 2644 significant,
3384 2589 3489 2628 non

1916 2667 2245 2737 ignorantem
2273 2666 2531 2723 docentes
2553 2707 2568 2733 ,
2592 2668 2687 2723 sed
2716 2668 3052 2723 ministrandi
3080 2668 3320 2723 ordinem
3351 2683 3493 2722 crea-

1917 2770 2048 2816 turae
2076 2761 2380 2832 impleutes.
2411 2762 2522 2832 Ego
2566 2761 2871 2817 sexcenties
2914 2761 3206 2818 beatiorem
3237 2759 3492 2831 praedica-

1914 2852 2083 2906 verim
2140 2852 2547 2919 comedentem,
2594 2867 2750 2921 quam
2807 2852 3138 2923 jejunantem
3205 2860 3259 2908 et
3313 2851 3493 2921 inique

1914 2952 2179 3016 agentem.
2209 2944 2335 3000 Haec
2362 2944 2484 3000 dico
2503 2986 2518 3009 ,
2568 2959 2673 2999 non
2696 2944 2955 3014 jejunium
2981 2944 3191 2999 solvens
3209 2983 3224 3008 ,
3254 2941 3348 2998 sed
3376 2942 3491 3011 pie-

1916 3044 2078 3090 tatem
2105 3034 2418 3106 prtedieans.
2468 3034 2581 3090 Non
2623 3035 2765 3090 enim
2803 3034 3087 3090 comedere
3128 3034 3354 3097 malum,
3397 3032 3489 3087 scd

1916 3142 2139 3197 peccare
2181 3143 2401 3199 pravum
2430 3136 2540 3194 est,
2584 3126 3029 3198 quemadmodum
3072 3126 3201 3181 dicit
3247 3125 3385 3180 Deus
3425 3124 3493 3179 de

1910 3217 2055 3286 justo
2078 3216 2308 3287 quodam
2337 3234 2351 3270 :
2382 3215 2538 3271 Pater
2558 3226 2673 3271 tuus
2702 3232 2866 3270 nonne
2890 3216 3144 3282 comedit,
3174 3224 3220 3269 et
3258 3215 3493 3268 volunta-

1917 3319 2013 3364 tem
2034 3326 2197 3364 meam
2225 3310 2341 3381 fect't
2371 3308 2551 3382 (Zach.
2588 3309 2642 3365 8.
2692 3308 2828 3379 19)?
2858 3309 2946 3363 Sic
2965 3319 3018 3363 et
3043 3307 3165 3362 alibi
3194 3325 3207 3361 :
3234 3306 3496 3377 Jejunium

1916 3413 2150 3473 quartum
2170 3444 2186 3469 ,
2211 3412 2256 3457 et
2274 3392 2529 3474 jejunium
2555 3402 2786 3472 quintum
2809 3441 2825 3466 ,
2853 3411 2901 3456 et
2917 3401 3175 3470 jejunium
3204 3399 3450 3454 decimum
3474 3440 3490 3464 ,

1918 3494 2008 3548 erit
2033 3494 2169 3547 vobis
2207 3493 2261 3546 in
2289 3492 2532 3561 gaudium
2573 3500 2620 3546 et
2644 3492 2696 3544 in
2737 3492 2963 3545 lwtitiam
2992 3499 3038 3543 et
3077 3490 3131 3542 in
3160 3489 3495 3542 solemnitates

1919 3585 2094 3648 bonas,
2123 3592 2167 3637 et
2193 3583 2449 3637 veritatem
2474 3581 2689 3653 diligite.
2716 3580 2821 3637 Sed
2848 3581 3020 3636 illuxit
3044 3580 3134 3634 lux
3160 3579 3374 3634 sensilis
3391 3622 3408 3645 ,
3439 3590 3496 3632 ut

1918 3674 2051 3729 lucis
2079 3672 2268 3743 Opifex
2306 3671 2705 3742 prmdicaretur.
2734 3669 2962 3725 Advenit
2982 3684 3204 3739 vespera
3235 3668 3342 3724 diei
3375 3683 3496 3723 cur-

1918 3781 2037 3821 sum
2066 3765 2375 3834 obsignans.
2395 3763 2601 3817 Bonum
2633 3761 2972 3832 principium,
3008 3760 3128 3815 finis
3148 3759 3392 3814 addatur.
3419 3758 3497 3814 Ne

1920 3854 2059 3909 male
2084 3854 2342 3923 repellas,
2379 3853 2473 3908 sed
2506 3853 2628 3907 audi
2654 3852 2904 3907 Davidem
2938 3870 2950 3905 :
2981 3850 3049 3904 In
3082 3851 3267 3920 ﬁnem,
3296 3868 3357 3905 ne
3386 3867 3498 3904 cor-

1919 3967 2127 4021 rumpas
2148 3949 2313 4020 (Psal.
2349 3949 2436 4004 7L.
2460 3945 2833 4018 titulus).Deus
2865 3954 3043 4000 autem
3065 3946 3198 4000 lucis
3224 3945 3380 4014 hujus
3401 3959 3497 3997 vos

1919 4056 2107 4100 omnes
2134 4040 2418 4106 illuminct,
2444 4039 2608 4094 verba
2626 4080 2641 4102 ,
2659 4037 2775 4107 lege
2794 4075 2808 4096 .
2837 4035 2963 4099 ﬁde,
2991 4032 3210 4104 justitia,
3227 4035 3494 4097 castitate,

1920 4137 1972 4192 in
2002 4132 2215 4190 Christo
2250 4132 2375 4189 Jesu
2406 4131 2631 4186 Domino
2657 4135 2841 4183 nostro
2860 4167 2876 4193 ,
2911 4140 3005 4196 per
3031 4139 3187 4194 quem
3207 4134 3263 4180 et
3281 4124 3496 4194 quicum

1921 4228 2065 4285 Patri
2102 4226 2304 4298 gloria,
2334 4222 2493 4279 simul
2536 4237 2656 4278 cum
2695 4219 2899 4290 Spiritu
2937 4224 3157 4284 sancto,
3204 4216 3259 4271 in
3302 4215 3497 4271 secula

1920 4321 2256 4375 saeculorum.
2285 4320 2474 4373 Amen.

1922 4411 2165 4483 Ejusdem
2193 4412 2244 4464 in
2269 4409 2544 4464 secundum
2572 4407 2703 4462 diem
2727 4406 2995 4462 creationis
3013 4445 3028 4470 ,
3053 4410 3099 4459 et
3120 4401 3360 4456 adversus
3385 4416 3497 4454 eum

1991 4504 2076 4573 qui
2125 4502 2218 4556 sibi
2261 4501 2494 4566 dixerat,
2541 4516 2643 4553 non
2664 4508 2893 4569 oportere
2937 4512 3029 4551 nos
3080 4493 3392 4550 Christianos
3442 4493 3498 4545 in

1992 4592 2388 4660 sanctiﬁcatione
2416 4590 2612 4655 dicere,
2639 4589 2777 4644 Deus
2813 4586 3065 4643 Sabaoth.

1994 4686 2045 4740 1.
2080 4683 2315 4755 Efﬁcacia
2334 4683 2469 4738 verbi
2500 4682 2673 4737 divini.
2701 4680 3013 4735 Abstinentia
3037 4686 3195 4732 mater
3229 4676 3327 4745 pice
3352 4690 3498 4728 men-

1925 4777 2006 4831 tis.
2035 4806 2106 4816 —
2133 4775 2311 4830 Animi
2336 4772 2665 4829 desiderium
2707 4773 2903 4828 excitat
2954 4768 3167 4825 divinus
3208 4781 3415 4830 sermo,
3444 4775 3498 4820 et

1923 4867 2072 4939 quasi
2095 4868 2365 4923 lucernam
2392 4865 2677 4935 quamdam
2713 4863 2811 4932 ipsi
2841 4859 3087 4930 gaudium
3112 4857 3463 4926 eircumpouit
3481 4899 3496 4919 ,

1924 4970 1982 5015 ut
2024 4968 2080 5016 et
2104 4957 2382 5014 ratiocinia
2414 4957 2675 5019 illustrat,
2707 4963 2762 5009 et
2806 4959 3043 5008 mentem
3090 4949 3390 5015 exhilarct,
3444 4959 3502 5004 et

1926 5060 2144 5121 peccata
2194 5050 2497 5117 abstergat,
2540 5054 2595 5101 et
2647 5058 2804 5099 sensa
2849 5042 3130 5098 illumiuet.
3185 5040 3498 5111 Huiusmodi

1924 5153 2009 5199 est
2055 5143 2147 5197 Dei
2181 5156 2379 5196 sermo.
2412 5139 2545 5194 Nam
2589 5136 2732 5208 quod
2756 5150 2848 5192 cos
2874 5135 3047 5201 ferro,
3103 5132 3154 5189 id
3184 5133 3376 5189 animae
3405 5132 3501 5187 Dei

1926 5249 2121 5292 sermo.
2145 5233 2252 5289 Cos
2279 5246 2384 5286 non
2411 5244 2574 5285 unam
2594 5228 2766 5284 solum
2794 5243 2906 5282 rem
2931 5227 3072 5281 ferro
3102 5226 3305 5281 confert
3335 5241 3349 5278 :
3377 5238 3500 5277 nam

1928 5327 2100 5397 primo
2120 5326 2290 5395 ipsum
2318 5329 2603 5393 prteparat,
2634 5329 2693 5375 ut
2709 5320 3005 5392 rubiginem
3033 5327 3280 5389 respuat:
3308 5313 3502 5371 deinde

1927 5433 2165 5475 crassum
2193 5424 2478 5479 extenuat,
2510 5416 2756 5470 obtusum
2786 5414 2962 5479 acuit,
3003 5412 3285 5466 obscurum
3330 5404 3503 5459 reddit

1926 5509 2156 5564 lucidum
2180 5550 2194 5572 ,
2221 5508 2520 5562 abstersum
2543 5547 2558 5573 ,
2585 5506 2806 5560 nitidum
2824 5545 2839 5571 ,
2871 5512 3103 5558 acutum.
3131 5498 3219 5553 Sic
3242 5510 3300 5548 se
3339 5493 3499 5548 habet

1930 5600 2022 5655 Dei
2060 5613 2276 5653 sermo:
2304 5596 2465 5652 efficit
2496 5605 2553 5651 ut
2598 5596 2773 5651 anima
2826 5594 3116 5661 rubiginem
3164 5585 3361 5655 peccati
3408 5600 3494 5638 re-

1932 5699 2107 5764 Spuat,
2148 5692 2389 5748 obtusani
2417 5690 2561 5745 illam
2581 5690 2741 5755 acuit,
2772 5698 3003 5742 crassam
3032 5677 3277 5737 subtilem
3304 5675 3499 5741 reddit,
