3982 6198
417 344 521 399 159

415 455 699 509 obscuram
742 445 1026 518 splendore
1075 442 1259 498 afﬁcit.
1307 439 1431 494 Vult
1474 445 1651 493 autem
1694 434 1788 489 Dei
1817 446 1997 488 sermo

416 559 517 600 nos
540 539 847 614 splendidos
875 551 995 591 esse
1019 533 1312 590 secundum
1334 526 1575 599 Apostoli
1592 526 1837 583 affectum
1869 525 1885 556 ί
1910 523 1997 579 di-

416 634 628 691 centis:
663 630 732 687 Ut
759 630 869 684 sitis
896 628 1025 682 sicut
1053 624 1326 680 luminaria
1352 624 1406 676 in
1433 620 1638 685 mundo,
1662 618 1865 673 verbum
1884 616 1998 670 vitta

417 725 723 781 continentes
765 719 1024 797 (Pliilipp.
1054 717 1111 771 2.
1159 716 1389 785 15.16).
1436 714 1575 769 Ecce
1618 709 1995 782 splendorem!

416 815 542 870 Vult
561 827 661 869 nos
682 826 804 869 esse
833 826 940 867 non
962 811 1183 865 obtusos
1203 848 1217 873 ,
1239 807 1332 862 sed
1360 814 1582 862 acutos:
1616 819 1738 858 nam
1767 820 1782 856 :
1824 801 1994 865 Vivus,

419 905 624 975 inquit,
655 912 726 957 est
753 918 918 957 sermo
945 899 1038 955 Dei
1059 941 1074 966 ,
1103 907 1148 953 et
1169 898 1375 968 efﬁcax,
1408 905 1454 949 et
1483 893 1836 965 penetrabilior
1863 892 2000 946 omni

415 994 589 1065 gladio
616 993 826 1065 ancipiti
872 991 1057 1063 (Hebr.
1084 991 1139 1046 4.
1171 986 1282 1060 ιε).
1334 987 1459 1043 Vult
1498 1000 1596 1040 nos
1636 1000 1743 1040 non
1794 998 2002 1039 crassos

416 1098 565 1151 esse,
614 1082 711 1139 sed
755 1080 1161 1152 cogitationibus
1209 1088 1442 1133 mentem
1477 1075 1724 1130 subtilem
1756 1072 1999 1129 reddere.

421 1174 521 1231 Ubi
550 1175 692 1231 enim
719 1173 989 1230 crassities
1007 1213 1024 1238 ,
1051 1170 1123 1226 ibi
1145 1170 1315 1224 aliena
1337 1182 1367 1222 a
1397 1167 1491 1222 Dei
1512 1165 1677 1222 verbo
1700 1178 1855 1220 mens
1880 1172 1962 1219 est
1985 1180 2000 1217 :

419 1266 511 1323 ubi
538 1274 717 1321 autem
741 1264 952 1321 subtilis
978 1271 1079 1318 est.
1104 1271 1225 1331 apta
1252 1260 1352 1329 legi
1377 1258 1571 1313 divinae
1594 1257 1844 1313 efficitur.
1878 1255 2003 1310 Ideo

420 1355 491 1411 de
519 1355 870 1410 crassioribus
898 1353 1027 1407 dicit
1052 1351 1322 1420 Scriptura
1356 1367 1369 1402 :
1406 1348 1469 1401 Et
1498 1347 1710 1401 comedit
1737 1346 1897 1401 Jacob
1915 1387 1932 1414 ,
1955 1355 2005 1400 et

422 1454 680 1499 saturatas
713 1453 821 1509 est,
870 1453 918 1497 et
956 1442 1332 1511 impinguatus,
1378 1440 1713 1501 incrassatus,
1763 1438 2007 1492 dilatatus

358 1598 361 1601 _
421 1546 493 1591 est
521 1552 540 1591 :
564 1536 829 1607 dereliquit
870 1533 1035 1590 Deum
1080 1537 1323 1604 factorem
1347 1548 1495 1586 suum
1526 1529 1702 1602 (Deut.
1749 1528 1839 1584 52.
1888 1529 2001 1599 15).

371 1627 379 1681 !
422 1629 537 1696 Age
562 1633 954 1696 ergo,nostram
999 1638 1207 1694 quoque
1235 1623 1328 1678 Dei
1375 1637 1555 1678 sermo
1579 1622 1810 1676 illustret
1857 1635 2006 1676 men-

425 1727 570 1781 tem,
599 1718 828 1771 maxime
864 1714 1136 1785 proposito
1156 1713 1358 1783 jejunio
1379 1753 1392 1778 ,
1422 1712 1561 1783 quod
1601 1719 1852 1767 extenuat
1879 1725 2004 1766 cor-

427 1822 558 1875 pora
581 1849 594 1871 ,
628 1818 679 1861 et
706 1794 937 1861 mentem
965 1805 1194 1861 exacuit.
1223 1804 1320 1858 Est
1339 1804 1480 1857 enim
1519 1802 1840 1857 abstinentia
1866 1801 2008 1871 jeju-

426 1897 499 1951 nii
530 1898 704 1952 omnis
724 1895 1160 1952 sanctiﬁcationis
1183 1895 1382 1960 nutrix,
1410 1902 1463 1948 et
1480 1904 1647 1948 mater
1662 1893 1759 1962 piae
1788 1893 2003 1948 mentis.

425 1987 542 2043 Non
561 1988 819 2057 qumritnr
845 1987 1114 2056 quomodo
1140 1985 1442 2056 jt-juncmus
1467 1993 1668 2039 tantum
1685 2025 1701 2049 ,
1726 1983 1818 2039 sed
1849 1999 2005 2054 quam

425 2081 515 2151 pie
535 2079 861 2151 jejunemus.
887 2062 1030 2133 Multi
1059 2079 1131 2131 oh
1172 2077 1377 2147 publica
1408 2091 1586 2131 rerum
1616 2074 1825 2146 negotia
1870 2075 2008 2145 jeju-

426 2180 591 2235 nant;
619 2169 713 2226 sed
739 2185 842 2224 non
870 2166 1144 2238 reputatur
1164 2168 1312 2223 eisin
1338 2168 1619 2237 jejunium.
1640 2166 1844 2235 Scopus
1864 2164 2005 2220 enim

423 2261 719 2333 iudicatur,
759 2275 866 2315 non
912 2260 1204 2314 necessitas
1249 2265 1552 2313 coronatur.
1585 2257 1640 2311 in
1682 2254 1785 2311 hoc
1824 2266 2010 2310 sancto

428 2362 568 2408 statu
602 2352 787 2407 beatus
822 2351 1030 2423 Moyses
1057 2350 1109 2404 in
1139 2359 1317 2405 monte
1363 2358 1417 2405 et
1436 2350 1607 2420 legem
1634 2348 1927 2403 docebatur
1955 2355 2012 2401 et

428 2443 778 2500 creationem.
808 2443 1050 2497 Diximus
1078 2457 1208 2513 ergo
1249 2441 1495 2497 hesterna
1523 2441 1609 2495 die
1640 2440 1844 2507 Deum,
1886 2454 2007 2494 cum

429 2535 601 2605 legem
632 2550 726 2604 per
748 2532 1215 2605 Moysemdaturus
1238 2540 1399 2598 esset,
1422 2531 1594 2603 primo
1618 2545 1678 2586 se
1702 2529 2010 2586 Creatorem

431 2625 760 2690 ostendisse,
793 2639 857 2678 ac
890 2623 1083 2679 deinde
1110 2622 1512 2692 Legislatorem.
1539 2619 1815 2689 Quomodo
1859 2628 2012 2691 puteo

436 2727 557 2772 rant
593 2717 762 2772 Judaei
791 2716 1043 2780 credere,
1073 2717 1241 2770 Deum
1285 2714 1476 2770 fecisse
1511 2715 1698 2769 cadum
1729 2722 1782 2770 et
1810 2723 2009 2769 terram

436 2817 489 2862 et
519 2807 696 2861 omnia
719 2820 837 2875 quae
869 2806 919 2859 in
946 2806 1025 2862 eis
1052 2814 1208 2873 sunt,
1230 2805 1332 2860 nisi
1359 2804 1505 2874 prius
1531 2805 1783 2859 miracula
1811 2804 2010 2860 edidis-

435 2906 516 2952 set
561 2899 612 2952 in
657 2895 919 2968 .Egypto,
967 2913 1087 2967 qum
1134 2898 1304 2967 ipsum
1344 2912 1465 2953 esse
1514 2896 1658 2952 orbis
1703 2896 2010 2953 Creatorem

434 2989 883 3058 Comprobarent?
927 2989 1190 3045 Docemus
1238 3004 1336 3044 nos
1379 2998 1436 3043 ut
1462 2988 1779 3044 suadeamus
1819 3005 1832 3041 :
1875 2988 2012 3043 Dens

433 3081 713 3148 suadet,ut
737 3081 949 3138 doceat.
980 3081 1112 3147 Quia
1142 3081 1352 3153 Moyses
1376 3082 1712 3151 expositurus
1749 3080 2013 3136 dicturus-

435 3188 538 3241 que
558 3181 704 3240 erat,
731 3173 895 3227 Deum
922 3172 1113 3228 fecisse
1138 3172 1326 3227 ctelnm
1348 3213 1362 3236 ,
1390 3181 1445 3227 et
1474 3183 1668 3226 terram
1687 3212 1701 3235 ,
1731 3170 1784 3226 et
1827 3186 1975 3225 mare
1992 3208 2010 3231 ,

432 3273 491 3316 et
513 3263 691 3316 omnia
715 3277 836 3332 quae
860 3262 913 3317 in
935 3262 1014 3319 eis
1033 3270 1157 3318 sunt
1175 3302 1190 3329 ,
1223 3262 1321 3315 nisi
1344 3262 1490 3332 prius
1518 3260 1775 3315 mirabilia
1805 3269 2013 3330 patras-

436 3360 519 3405 set
545 3351 596 3405 in
627 3350 859 3421 Aﬂgypto
877 3390 891 3415 ,
923 3359 978 3407 et
996 3351 1414 3406 demonStrasset
1435 3351 1605 3420 ipsum
1631 3365 1750 3404 esse
1774 3350 2012 3403 omnium

435 3459 615 3500 rerum
645 3452 945 3499 creatarnm
995 3443 1252 3512 Opiﬁcem
1273 3484 1287 3508 ,
1317 3458 1423 3496 non
1454 3441 1752 3495 crediturus
1779 3449 1896 3495 erat
1914 3456 2012 3510 po-

439 3537 593 3606 pulus
619 3537 784 3591 Deum
820 3534 1013 3591 fecisse
1037 3534 1223 3589 cazlum
1254 3544 1307 3589 et
1328 3542 1544 3589 terram.
1592 3531 1841 3586 Extendit
1869 3532 2016 3602 prius

443 3629 657 3699 Moyses
686 3642 879 3683 manus
915 3640 1039 3681 suas
1062 3626 1113 3679 in
1137 3625 1356 3690 caelum,
1383 3634 1434 3680 et
1459 3624 1667 3679 demisit
1699 3623 2015 3693 grandinem

438 3730 494 3776 et
541 3720 751 3790 ignem,
781 3716 1071 3787 didicitque
1111 3716 1336 3788 populus
1375 3729 1472 3786 per
1507 3714 1716 3770 ﬁdelem
1760 3730 2009 3782 servum,

437 3810 583 3865 illam
612 3807 887 3864 mortalem
917 3806 1192 3863 dexteram
1218 3805 1382 3860 verbo
1412 3804 1506 3860 Dei
1550 3812 1747 3859 motam
1768 3847 1784 3872 ,
1824 3805 2015 3861 caelum

439 3896 773 3962 turbavisse,
821 3906 877 3952 et
916 3904 1214 3951 creaturam
1246 3886 1658 3950 ‘commiscuisse
1691 3911 1704 3949 :
1741 3895 2017 3966 multoque

439 3972 633 4059 potiori
659 3987 866 4043 ratione
890 3986 986 4042 Dei
1011 3985 1248 4063 jubentis
1272 3985 1549 4041 dexteram
1584 3984 1881 4042 lirmavisse
1906 4000 2015 4041 ete-

437 4080 545 4136 lum
572 4088 626 4135 et
649 4078 899 4135 fundasse
923 4086 1142 4134 terram.
1172 4076 1337 4132 Nemo
1357 4076 1496 4132 enim
1523 4085 1821 4130 creaturam
1841 4084 2018 4131 movet

436 4170 524 4237 qni
552 4186 658 4224 non
685 4178 872 4226 auctor
889 4168 1006 4240 ejus
1035 4170 1120 4224 sit.
1140 4167 1537 4224 Ostendendum
1558 4182 1685 4236 ergo
1713 4176 1829 4222 erat
1850 4168 2013 4222 Deum

435 4260 627 4316 fecisse
656 4270 889 4316 terram:
918 4259 1162 4315 extendit
1207 4259 1415 4331 Moyses
1443 4273 1654 4312 manum
1698 4259 1749 4312 in
1784 4269 1975 4313 terram
1994 4299 2010 4324 ,

437 4360 490 4405 et
502 4351 745 4406 exierunt
756 4351 1043 4420 sciniphes.
1053 4349 1526 4426 Demonstrandum
1543 4348 1716 4403 denuo
1731 4348 2015 4404 eratDeum

437 4442 631 4497 fecisse
677 4442 853 4511 ignem
880 4458 895 4495 :
924 4442 1129 4510 accepit
1171 4440 1379 4512 Moyses
1409 4438 1641 4495 favillam
1669 4438 1736 4494 de
1763 4439 2011 4504 fornace,

435 4546 486 4589 et
516 4534 741 4603 sparsit,
770 4541 825 4589 et
849 4531 1216 4604 Egyptittrum
1247 4548 1470 4602 corpora
1506 4532 2014 4603 replevituleeribus

435 4626 664 4680 flammae
708 4625 875 4680 instar
894 4624 1239 4678 ferventibus.
1267 4622 1667 4678 Ostendendum
1704 4633 1820 4679 erat
1850 4623 2014 4677 Deum

435 4715 625 4771 fecisse
654 4730 845 4786 aquam
878 4731 893 4769 :
924 4722 1121 4771 mutata
1147 4722 1231 4769 est
1254 4728 1391 4783 aqua
1419 4712 1471 4766 in
1496 4712 1828 4782 sanguinem.
1861 4712 2013 4768 Mon-

434 4808 708 4862 strandum
731 4816 847 4862 erat
869 4806 1059 4862 fecisse
1089 4821 1236 4861 mare
1267 4822 1280 4858 :
1310 4820 1458 4861 mare
1480 4813 1536 4859 ut
1564 4816 1714 4876 petra
1740 4807 1886 4861 stetit
1914 4807 2012 4877 (a),

433 4906 484 4950 et
516 4897 758 4952 transivit
781 4897 1034 4969 populus.
1061 4896 1245 4952 Primo
1281 4897 1456 4967 itaque
1479 4910 1571 4966 per
1593 4911 1752 4966 opera
1782 4897 2016 4952 ostendit

435 5002 556 5040 cum
582 5002 704 5043 esse
747 4989 1026 5043 Dominum
1048 5030 1063 5057 ,
1104 4987 1404 5058 deindeque
1438 4976 1615 5043 verbis
1655 4985 1865 5043 edocuit
1895 5001 2015 5044 esse

433 5077 716 5146 Opiﬁcem.

499 5168 554 5223 2.
578 5167 809 5225 Christus
831 5178 947 5225 ante
973 5172 1378 5242 praedicationem
1400 5171 1568 5227 docuit
1590 5186 1645 5226 se
1670 5168 1843 5247 mundi
1877 5166 2009 5235 Opi-

432 5260 578 5327 ficem
596 5274 722 5313 esse.
748 5257 1002 5313 Miracula
1026 5261 1151 5328 ﬁdes
1169 5263 1409 5332 sequitur.
1429 5293 1499 5303 —
1522 5261 1611 5318 Sic
1642 5261 1801 5317 etiam
1823 5261 2016 5317 Serva-

496 5351 692 5437 ;mi'qim
722 5344 1089 5408 Gombeﬁsium,
1113 5347 1381 5413 legendum
1406 5358 1500 5413 est,
1525 5357 1823 5416 praecum
1840 5387 1856 5411 ν
1892 5366 1979 5416 ιιτο
1995 5388 2011 5413 ν

430 5410 872 5533 anginam,
898 5483 1073 5535 ιπιτεὺοη
1094 5483 1119 5531 ἡ
1143 5483 1319 5524 θάλασσα.
1355 5471 1672 5524 Combeﬁsius
1692 5478 1867 5535 vertit,
1894 5473 2013 5525 divi-

429 5546 537 5582 sum
558 5539 627 5583 est
649 5544 821 5598 mare,
845 5534 981 5598 quasi
1004 5534 1067 5583 ab
1089 5546 1328 5598 ιτιειτρέισιυ
1344 5574 1356 5592 ,
1376 5537 1585 5597 per/oro.
1614 5537 1677 5585 At
1698 5542 1815 5598 puto
1837 5534 2013 5598 ιέιτρίιοη

429 5605 457 5641 a
478 5608 615 5658 παρέ.
631 5592 970 5643 deducendum
994 5605 1125 5658 esse,
1151 5592 1386 5658 inpetro!
1397 5592 1623 5646 naturam
1647 5592 1790 5647 mitto.
1816 5592 2015 5647 Nam'ait

429 5654 668 5714 Scriptura
688 5693 702 5712 ,
727 5666 861 5704 mare
882 5656 1019 5717 quasi
1043 5654 1234 5704 murum
1253 5654 1436 5716 fuisse;
1460 5664 1598 5707 certe
1621 5660 1660 5707 si
1683 5659 1747 5707 de
1776 5658 2013 5707 divisione

428 5718 620 5837 lucri;
609 5724 843 5776 ageretur
861 5752 876 5779 ,
902 5715 1042 5767 aliud
1078 5717 1401 5780 quaerendum
1425 5715 1647 5768 verbum
1688 5725 1827 5778 erat,
1867 5728 2011 5782 quam

451 5799 544 5825 κιτιτ
621 5801 687 5825 ιυ-

451 5799 687 5825 usitatius.

1829 319 1956 378 SEV
1965 319 2193 376 ERlANl

3568 322 3666 378 ιω

2105 465 2187 512 tor
2200 458 2252 512 in
2274 457 2559 528 Evangelio
2570 472 2679 512 non
2690 468 2814 514 ante
2826 460 3003 516 docuit
3026 467 3185 531 quam
3205 458 3297 511 mit
3310 477 3355 511 λ.
3372 460 3455 512 uia
3474 469 3667 529 patras-

2103 557 2204 602 set.
2245 548 2478 605 Primum
2507 552 2736 622 signum,
2765 553 2986 606 mutavit
3014 566 3206 622 aquam
3254 554 3306 606 in
3337 553 3514 604 vinum
3537 592 3552 618 ,
3581 566 3672 606 nec

2104 646 2227 694 ante
2267 638 2393 694 illud
2433 651 2652 711 apparet
2682 657 2803 696 cum
2852 642 3098 697 docuisse
3143 659 3158 697 :
3212 641 3496 713 oportebat
3541 643 3672 697 enim

2104 729 2408 799 pra'cedere
2432 746 2587 802 opus,
2607 742 2661 787 et
2684 733 2899 788 verbum
2923 733 3092 802 sequi.
3118 732 3355 804 Ideoque
3384 742 3441 788 et
3461 733 3676 802 scriptor

2106 822 2196 877 ille
2223 823 2295 876 ait
2329 840 2341 876 :
2378 823 2608 879 Primum
2631 827 2834 897 quidem
2865 843 3145 881 sermonem
3188 826 3283 898 feci
3313 826 3379 880 de
3420 826 3675 893 omnibus,

2108 930 2137 967 ο
2168 912 2467 986 TlteOphile,
2490 933 2602 988 qua:
2619 918 2765 989 coepit
2786 916 2819 972 J
2825 935 2936 974 esus
2956 919 3123 988 facere
3138 930 3183 974 et
3204 918 3383 974 docere
3403 918 3570 990 (AcM
3583 918 3674 989 .l).

2107 1005 2384 1073 Quomodo
2401 1007 2669 1066 docuisset
2683 1009 2937 1067 Servator
2960 1026 3019 1067 se
3038 1011 3293 1081 Opiﬁcem
3327 1025 3451 1067 esse
3472 1011 3676 1067 mundi?

2108 1096 2219 1151 Nisi
2244 1098 2386 1153 enim
2408 1100 2592 1157 oculos
2616 1101 2745 1156 caeci
2774 1101 3123 1156 illuminasset
3147 1142 3162 1166 ,
3187 1102 3330 1156 nulla
3354 1088 3493 1158 ﬁdes,
3512 1101 3559 1157 ci
3586 1100 3677 1157 ha-

2108 1187 2214 1242 bita
2241 1199 2383 1244 esset
2410 1190 2604 1247 dicenti
2640 1209 2654 1247 :
2689 1193 2799 1265 Ego
2828 1210 2939 1247 sum
2972 1194 3060 1248 tua:
3079 1193 3259 1247 mundi
3290 1193 3478 1255 (Joan.
3512 1193 3565 1249 9.
3590 1192 3676 1264 5).

2107 1281 2219 1338 Nisi
2245 1283 2510 1339 Lazarum
2541 1285 2876 1352 suseitasset,
2903 1301 3010 1341 non
3040 1286 3394 1342 credidissent
3418 1285 3677 1342 auditores
3721 1346 3729 1355 ,

2109 1373 2304 1430 dicenti
2336 1393 2351 1430 :
2383 1375 2494 1447 Ego
2533 1392 2643 1430 sum
2670 1377 2771 1431 vita
2804 1388 2850 1430 et
2882 1377 3177 1431 resurrectio
3208 1375 3413 1447 (Joan.
3443 1377 3531 1432 11.
3555 1375 3675 1445 25).

2109 1465 2217 1521 Nisi
2248 1481 2445 1536 spuens
2487 1468 2539 1523 in
2568 1476 2763 1523 terram
2794 1468 2962 1523 lutum
3012 1468 3243 1534 fecisset,
3291 1483 3355 1523 ac
3384 1482 3580 1524 caream
3619 1468 3676 1522 li-

2111 1559 2351 1625 nivisset,
2380 1574 2484 1613 non
2526 1560 2788 1615 creditum
2832 1558 3019 1615 fuisset
3047 1560 3219 1628 ipsum
3241 1573 3364 1615 esse
3384 1600 3401 1623 ,
3428 1559 3517 1628 qui
3539 1573 3677 1614 acce-

2113 1658 2203 1719 pto
2230 1649 2298 1705 de
2349 1658 2488 1704 terra
2520 1651 2735 1719 pulvere
2762 1649 3024 1705 Adamum
3052 1648 3399 1704 formaverat.
3437 1648 3543 1704 Nisi
3571 1664 3675 1702 am-

2111 1739 2343 1795 bulasset
2367 1754 2527 1809 super
2547 1756 2715 1805 mare,
2749 1755 2853 1795 non
2885 1740 3029 1795 visus
3054 1751 3195 1807 esset
3228 1740 3485 1794 Dominus
3508 1739 3673 1794 maris.

2113 1829 2222 1885 Nisi
2246 1831 2574 1900 iucrepasset
2598 1839 2835 1897 ventum,
2858 1845 2965 1886 non
2992 1829 3391 1885 demonstratus
3414 1839 3553 1884 esset
3582 1829 3673 1883 Do-

2110 1923 2287 1979 minus
2308 1925 2607 1979 ventorum.
2658 1923 3017 1992 Quamobrem
3044 1922 3205 1977 homo
3233 1922 3453 1993 quidem
3481 1920 3677 1977 videba-

2115 2023 2220 2079 tur,
2266 2029 2364 2084 per
2388 2013 2641 2069 miracula
2679 2023 2862 2069 autem
2903 2021 2961 2068 ut
3000 2012 3141 2068 Deus
3188 2017 3354 2065 notus
3380 2017 3438 2065 et
3462 2009 3678 2081 inclytus

2113 2115 2248 2160 erat.
2280 2105 2531 2161 Servator
2554 2106 2730 2176 itaque
2751 2104 3040 2174 discipulos
3067 2102 3448 2174 obstupefecit,
3471 2109 3527 2160 et
3542 2103 3676 2160 dice-

2114 2197 2243 2251 bant
2271 2213 2286 2252 :
2318 2197 2495 2265 Qualis
2547 2206 2618 2250 est
2658 2197 2768 2257 hic,
2799 2196 2915 2263 quia
2944 2196 3081 2249 venti
3110 2207 3157 2249 ct
3204 2211 3345 2249 mare
3377 2194 3605 2249 obediunt
3638 2194 3679 2248 ei

2114 2290 2328 2363 (Matth.
2356 2289 2410 2345 8.
2436 2289 2505 2343 Ἦ
2529 2291 2545 2358 )
2569 2291 2592 2342 ?
2617 2287 2864 2343 Ostendit
2899 2288 3072 2358 primo
3094 2287 3357 2343 elementa
3388 2287 3487 2342 sibi
3528 2286 3675 2342 obse-

2113 2385 2224 2453 qui,
2255 2391 2309 2437 et
2336 2390 2514 2451 postea
2544 2382 2721 2436 verbis
2746 2380 2924 2435 docuit
2951 2422 2964 2444 ,
3007 2380 3183 2434 omnia
3227 2395 3323 2450 per
3358 2380 3530 2450 ipsum
3556 2378 3677 2434 facta

2114 2487 2254 2528 esse.
2294 2470 2537 2527 Ostendit
2583 2471 2756 2541 primo
2804 2471 2892 2525 illa
2935 2470 3034 2525 sibi
3085 2470 3328 2541 obsequi.
3385 2470 3496 2525 Nisi
3548 2470 3678 2539 prius

2114 2571 2406 2617 creaturam
2452 2563 2549 2633 ipsi
2591 2562 2811 2632 obsequi
2840 2570 3111 2616 ostensum
3152 2559 3382 2628 fuisset,
3412 2576 3516 2615 non
3561 2560 3680 2616 ﬁdes

2117 2651 2292 2707 habita
2318 2661 2462 2709 esset
2513 2651 2704 2707 Joanni
2743 2651 3083 2722 evangelistze
3128 2651 3325 2706 dicenti
3354 2667 3368 2704 :
3401 2649 3582 2705 Omnia
3604 2668 3686 2721 per

2116 2746 2284 2813 ipsum
2302 2751 2435 2816 facta
2453 2756 2567 2801 sunt
2590 2746 2765 2817 (Joan.
2797 2748 2849 2801 1.
2883 2747 2959 2817 5).
2985 2746 3263 2815 Quomodo
3286 2745 3545 2802 creditum
3566 2743 3686 2799 fuis-

2117 2846 2198 2893 set
2222 2838 2478 2907 apostolis
2500 2879 2514 2904 ,
2548 2838 2663 2893 rudi
2709 2838 2884 2909 lingua
2915 2838 3254 2909 loquentibus
3276 2852 3447 2904 ,cum
3476 2837 3544 2894 de
3586 2836 3689 2893 Deo

2117 2929 2294 2985 Verbo
2319 2927 2685 2994 afﬁrmarent,
2727 2929 3006 2997 Creatore,
3051 2929 3337 2985 Servatore
3362 2970 3377 2994 ,
3411 2928 3686 2999 sapientis-

2118 3020 2255 3074 simo
2288 3060 2304 3085 ,
2355 3018 2618 3074 doctore?
2662 3019 2857 3074 Verum
2901 3019 3265 3089 apostolorum
3316 3019 3495 3090 lingua
3546 3026 3690 3074 erant

2118 3111 2410 3177 miracula;
2457 3126 2520 3167 os
2546 3111 2907 3182 apostolorum
2962 3121 3078 3167 erat
3131 3121 3374 3168 mortuus
3399 3111 3689 3172 suscitatus,

2119 3202 2338 3259 claudus
2380 3203 2680 3258 ambulans.
2721 3202 2874 3271 Quod
2920 3214 3096 3258 autem
3145 3202 3404 3258 miracula
3455 3209 3693 3273 sequatur

2122 3294 2256 3350 ﬁdes
2281 3335 2297 3361 ,
2341 3294 2656 3351 testiﬁcatur
2697 3295 2966 3365 Scriptura
2993 3295 3209 3351 dicens:
3231 3294 3337 3350 Per
3362 3310 3541 3348 manus
3570 3293 3694 3349 enim

2120 3386 2464 3455 apostolorum
2523 3385 2713 3455 ﬁebant
2775 3385 2921 3454 signa
2979 3400 3165 3457 magna
3219 3395 3269 3438 et
3344 3384 3576 3456 prodigia
3645 3383 3695 3436 in

2122 3476 2282 3545 plebe.
2330 3475 2611 3546 Stupebant
2655 3486 2821 3530 autem
2866 3492 3037 3530 omnes
3067 3517 3081 3541 ,
3127 3475 3387 3547 magisque
3428 3475 3695 3546 augebatur

2119 3566 2338 3635 quotidie
2386 3568 2607 3621 virorum
2649 3576 2695 3621 et
2735 3565 3002 3620 mulierum
3043 3567 3309 3621 multitudo
3340 3566 3499 3639 (Act.
3527 3567 3581 3621 5.
3611 3565 3692 3620 l2.

2122 3660 2189 3713 14
2239 3668 2288 3713 et
2314 3658 2370 3712 2.
2393 3659 2471 3727 7).
2523 3657 2887 3713 Praelucebant
2932 3658 3186 3713 miracula
3210 3698 3224 3719 ,
3253 3667 3309 3711 et
3346 3657 3698 3727 sequebantur

2120 3750 2385 3820 dogmata.
2416 3748 2505 3805 Sic
2533 3759 2587 3803 et
2614 3748 2664 3802 in
2688 3748 2805 3819 lege
2837 3788 2851 3814 ,
2884 3748 3143 3818 prmibant
3165 3748 3420 3803 miracula
3460 3749 3513 3803 in
3534 3747 3694 3819 Egy-

2124 3853 2234 3913 pto,
2268 3858 2385 3913 quae
2411 3841 2700 3913 probarent
2726 3841 2895 3896 Deum
2934 3855 3052 3898 esse
3073 3840 3405 3896 Creatorem.
3443 3841 3582 3896 Deus
3606 3855 3695 3894 au-

2124 3946 2251 3999 tem,
2297 3936 2468 3992 bonus
2495 3950 2617 3990 cum
2661 3942 2838 4001 esset,
2890 3934 3058 3989 noiuit
3084 3934 3196 4003 ipse
3223 3933 3368 3989 solus
3413 3932 3693 3997 honorari,

2121 4028 2215 4084 sed
2246 4043 2367 4084 cum
2394 4027 2573 4099 Moyse
2592 4027 2812 4099 gloriam
2839 4027 3064 4096 partitus
3089 4035 3190 4081 est.
3219 4025 3352 4092 Quia
3381 4025 3527 4080 enim
3560 4026 3691 4079 Deus

2121 4137 2184 4175 ex
2210 4120 2463 4191 operibus
2487 4120 2597 4174 suis
2622 4119 2885 4191 apparuit,
2918 4118 3125 4189 Moyses
3148 4132 3361 4187 quoque
3380 4132 3502 4171 cum
3536 4116 3695 4187 gloria

2120 4214 2221 4284 ipsi
2267 4212 2461 4270 collata
2489 4212 2635 4267 visus
2672 4220 2753 4267 est
2781 4209 2971 4283 (Exod.
3004 4210 3095 4266 54.
3128 4209 3241 4279 29).
3270 4207 3405 4263 Cum
3443 4209 3587 4264 enim
3612 4206 3698 4261 de-

2121 4303 2403 4360 scenderet
2428 4302 2597 4372 legem
2630 4311 2816 4356 tenens
2845 4343 2860 4367 ,
2889 4316 2957 4355 ne
2984 4299 3156 4369 ipsum
3202 4310 3473 4368 tamquam
3507 4295 3699 4367 simpli-

2119 4412 2236 4452 cem
2266 4395 2531 4471 hominem
2562 4395 2928 4463 respicerent,
2958 4392 3099 4449 Deus
3128 4391 3241 4461 ejus
3286 4391 3496 4446 vultum
3538 4388 3696 4462 gloria

2119 4487 2328 4558 replet,
2358 4494 2417 4542 ut
2439 4484 2577 4555 quod
2624 4501 2690 4538 ex
2719 4483 3022 4539 inﬁrmitate
3052 4492 3253 4537 natura:
3280 4482 3589 4547 deficiebat,
3610 4494 3698 4550 per

2119 4579 2302 4651 gratia:
2357 4574 2739 4647 plenitudinem
2808 4573 3137 4645 impleretur.
3190 4571 3513 4643 Cogitabant
3563 4570 3696 4626 enim

2120 4670 2320 4725 vultum
2346 4666 2515 4738 gloria
2540 4664 2787 4721 affectum
2828 4678 2936 4720 non
2960 4668 3093 4719 esse
3122 4679 3154 4719 a
3182 4663 3294 4719 Deo
3321 4663 3584 4719 alienum.
3626 4659 3695 4714 ita

2119 4773 2329 4831 quoque
2380 4756 2632 4813 Servatur
2672 4755 2880 4811 vultum
2927 4754 3181 4826 Stephani
3240 4755 3398 4825 primi
3457 4751 3696 4824 martyris

2120 4849 2401 4921 splendere
2424 4847 2652 4904 curavit.
2674 4845 2780 4901 Cur
2794 4845 2996 4901 vultum
3018 4844 3275 4914 Stephani
3303 4844 3593 4915 splendere
3618 4855 3696 4897 cu-

2120 4946 2297 5001 ravit?
2322 4943 2453 5012 Quia
2489 4952 2544 4997 ut
2573 4941 2916 5012 blasphemus
2943 4941 3258 5012 lapidandus
3285 4952 3447 5007 erat,
3479 4955 3601 4998 cum
3624 4939 3697 4992 di-

2119 5048 2284 5100 ceret,
2323 5035 2478 5091 Video
2500 5036 2648 5090 cwlos
2670 5043 2893 5105 apertos,
2940 5044 2986 5088 et
3012 5032 3209 5090 Filium
3232 5034 3459 5088 hominis
3487 5040 3692 5089 stantem

2119 5148 2151 5186 a
2184 5131 2374 5186 dextris
2404 5129 2496 5184 Dei
2548 5129 2685 5202 (Act.
2714 5128 2767 5184 7.
2803 5128 2874 5186 55
2899 5128 2953 5200 );
2984 5138 3328 5185 antevertens
3375 5129 3521 5184 Deus
3547 5138 3694 5194 ange-

2122 5223 2222 5279 lica
2252 5222 2417 5278 forma
2474 5219 2664 5276 faciem
2693 5220 2811 5290 ejus
2848 5218 3160 5283 coronavit;
3203 5227 3262 5272 ut
3289 5217 3519 5288 ingratis
3556 5228 3694 5269 mon-

2120 5325 2333 5378 straret,
2362 5331 2466 5369 non
2510 5314 2676 5385 gloria
2704 5311 3040 5368 afficiendum
3091 5310 3240 5378 fore,
3268 5311 3312 5365 si
3357 5308 3691 5379 blaSphemus

2119 5415 2281 5462 esset.
2329 5405 2454 5461 Heri
2502 5420 2630 5475 ergo
2659 5405 2887 5459 diximus
2929 5403 3095 5459 Deum
3141 5403 3313 5472 primo
3359 5401 3452 5456 die
3500 5416 3565 5455 ex
3595 5410 3688 5452 non

2118 5496 2450 5553 exstantibus
2499 5494 2692 5551 fecisse
2756 5494 2953 5550 omnia.
3009 5493 3267 5564 Quodque
3331 5492 3532 5547 mirum
3583 5495 3687 5547 est.

2117 5603 2280 5658 opera
2301 5603 2406 5642 non
2430 5586 2588 5641 modo
2614 5573 2938 5642 creationem
2963 5585 3055 5641 Dei
3076 5586 3385 5650 ostendunt,
3414 5586 3511 5640 sed
3537 5579 3682 5637 etiam

2119 5678 2493 5734 lucreticorum
2514 5679 2833 5749 impietatem
2863 5686 3176 5747 coarguunt.
3203 5676 3402 5746 Quzero
3446 5684 3682 5742 namque.

2120 5769 2385 5840 quomodo
2420 5769 2555 5825 facta
2598 5776 2721 5826 sunt
2747 5784 2808 5825 ea
2834 5782 2951 5839 quae
2979 5781 3085 5824 non
3120 5775 3286 5832 erant,
3319 5764 3448 5836 quia
3497 5760 3592 5833 ipsi
3616 5756 3680 5813 de
