4050 6198
325 335 427 390 I39

312 448 828 525 πρύνων.Βούλεται
847 448 905 504 δὲ
929 449 1076 521 ἡμᾶς
1098 449 1128 502 6
1155 448 1248 503 τοῦ
1277 447 1413 503 Θεοῦ
1442 447 1597 516 λόγος
1613 440 1898 516 λαμπροὺς

316 533 422 603 μὲν
447 528 585 586 εἶναι
616 532 759 587 κατά
774 532 875 604 τήν
902 532 1263 600 άποστολικὴν
1292 531 1529 585 διάθεσιν
1549 539 1569 560 ⁸
1593 528 1689 599 τὴν
1708 526 1901 594 λέγου-

313 632 453 667 σαν·
486 615 620 670 Ἵνα
671 610 777 684 ἦτε
828 614 910 679 ὡς
960 613 1274 684 φωστῆρες
1326 613 1398 667 ἐν
1444 614 1673 681 κόσμῳ,
1713 609 1902 678 λόγον

311 696 471 765 ζωῆς
492 697 833 766 ἐπέχοντες,
881 696 1010 751 ’ἰδοὺ
1037 699 1072 766 ή
1104 697 1442 768 λαμπρότης.
1468 693 1726 748 Βούλεται
1754 689 1901 761 ἡμᾶς

312 774 457 830 εἶναι
493 778 568 847 μὴ
606 776 855 847 άμϐλεῖς,
907 777 1023 831 ἀλλ’
1060 778 1200 844 ὀξεῖς
1222 794 1237 810 ·
1291 776 1424 830 Ζῶν
1463 776 1593 845 γὰρ,
1647 771 1834 841 φησὶν.
1867 771 1901 823 ό

309 862 498 929 ,λόγος
515 859 622 913 τοῦ
652 858 822 924 Θεοῦ,
854 859 952 914 καὶ
978 860 1250 928 ἐνεργὴς.
1285 858 1384 912 καί
1405 857 1728 927 τομώτερος
1750 850 1900 918 ὑπὲρ

310 941 527 997 πᾶσαν
548 940 851 1012 μάχαιραν
887 943 1196 1012 δίστομον.
1242 940 1501 995 Βούλεται
1534 940 1682 1010 ἡμᾶς
1710 937 1902 1007 παχεῖς

314 1024 396 1095 μὴ
439 1019 597 1089 εἶναι,
636 1025 770 1078 ἀλλὰ
803 1024 1086 1079 λεπτύνειν
1114 1025 1214 1095 τήν
1252 1025 1489 1079 διάνοιαν
1509 1027 1620 1087 τοῖς
1645 1022 1897 1090 νοήμασι.

315 1109 492 1162 Ὅπου
538 1106 648 1180 γὰρ
699 1107 970 1179 παχύτης,
995 1107 1254 1180 ἀλλοτρία
1284 1106 1420 1161 Θεοῦ
1455 1106 1614 1174 λόγου
1634 1121 1648 1136 ·
1680 1105 1815 1158 ὅπου
1842 1100 1901 1154 δὲ

311 1190 659 1263 λεπτομερὴς
691 1191 927 1254 διάνοια,
955 1190 1131 1245 οἰκεία
1174 1190 1309 1244 Θεοῦ
1360 1190 1547 1260 νόμου.
1596 1188 1697 1241 Διὰ
1742 1183 1901 1240 τοῦτο

314 1274 587 1343 περὶτῶν
622 1273 938 1344 παχυτέρων
978 1273 1126 1341 λέγει
1170 1276 1203 1345 ή
1254 1274 1476 1344 Γραφή’
1522 1271 1632 1326 Καὶ
1679 1268 1902 1338 ἔφαγεν

328 1353 557 1420 Ἰακὼϐ,
608 1355 706 1410 καί
757 1355 1137 1425 ἐνεπλήσθη,
1187 1354 1479 1421 ἐλιπάνθη
1500 1392 1515 1416 ,
1567 1351 1900 1419 ἐπαχύνθη.

314 1436 665 1507 ἐπλατύνθη
690 1457 703 1469 ·
733 1437 1089 1508 ἐγκατέλιπε
1119 1438 1265 1492 Θεὸν
1290 1437 1397 1491 τὸν
1420 1435 1677 1501 ποιῆσαν
1689 1450 1761 1487 τα
1798 1432 1904 1485 αὐ-

314 1520 444 1573 τόν.
459 1520 593 1595 Φέρε
614 1522 789 1574 τοίνυν
813 1520 906 1575 καὶ
934 1520 1093 1591 ήμῶν
1111 1522 1141 1573 ό
1170 1519 1309 1582 θεῖος
1327 1518 1481 1587 λόγος
1498 1513 1901 1585 καταλαμπέτω

313 1602 419 1672 τὴν
438 1603 692 1667 διάνοιαν,
710 1604 801 1656 καὶ
824 1602 1057 1673 μάλιστα
1080 1602 1178 1674 τῆς
1208 1602 1367 1670 ἁγίας
1393 1603 1595 1669 ταύτης
1614 1595 1901 1668 προκειμέ-

314 1706 416 1760 νης
430 1687 701 1759 νηστείας,
720 1688 753 1755 ἦ
769 1685 1018 1740 λεπτύνει
1034 1685 1103 1739 τά
1125 1685 1351 1757 σώματα
1377 1685 1470 1738 καὶ
1484 1684 1661 1751 όξύνει
1680 1683 1748 1734 τά
1764 1697 1898 1752 φρο-

311 1774 557 1843 νήματα.
586 1768 743 1822 Ἔστι
770 1770 877 1841 γάρ
897 1771 990 1823 καὶ
1008 1768 1229 1840 νηστεία
1260 1768 1460 1831 παντὸς
1483 1763 1753 1836 ἁγιασμοῦ
1783 1780 1902 1833 τρο-

311 1855 437 1923 φὸς,
466 1853 559 1904 καὶ
594 1852 776 1922 μήτηρ
817 1849 1070 1913 εὐσεϐοῦς
1102 1850 1358 1913 διανοίας.
1403 1850 1477 1902 Ού
1510 1848 1750 1920 ζητεῖται
1781 1845 1898 1909 πῶς

309 1933 701 2005 νηστεύσωμεν
726 1932 903 2002 μόνον,
927 1932 1061 1986 ἀλλὰ
1086 1932 1202 1995 πῶς
1228 1931 1466 1995 εὐσεϐῶς
1491 1929 1895 2001 νηστεύσωμεν.

284 2006 291 2011 ’
311 2016 511 2072 Πολλοὶ
538 2016 632 2069 καὶ
657 2014 746 2067 διὰ
773 2014 1035 2084 δημοσίας
1050 2014 1235 2085 χρείας
1254 2014 1593 2085 πραγμάτων
1609 2013 1899 2085 νηστεύου-

312 2117 425 2163 σιν,
457 2097 571 2152 ἀλλ’
599 2098 661 2150 ού
684 2096 952 2165 λογίζεται
971 2097 1154 2162 αὐτοῖς
1174 2099 1253 2160 εἰς
1272 2098 1545 2169 νηστείαν.
1563 2096 1621 2151 '0
1636 2097 1743 2167 γὰρ
1776 2111 1900 2149 σκο-

312 2182 421 2246 πὸς
448 2177 727 2251 κρίνεται,
750 2178 849 2249 οὐχ
880 2180 1142 2251 ήάνάγκη
1179 2179 1552 2249 στεφανοῦται.
1581 2179 1736 2233 Μετὰ
1763 2176 1897 2231 m6-

310 2278 417 2332 της
430 2263 527 2334 τῆς
541 2260 914 2334 άγιοπρεποῦς
933 2261 1319 2326 καταστάσεως
1332 2264 1360 2316 6
1374 2262 1646 2333 μακάριος
1658 2262 1791 2315 Man“)
1799 2262 1899 2331 σῆς

308 2346 406 2397 τδν
429 2346 591 2416 νόμον
623 2343 935 2399 ἐπαιδεύετο
955 2346 1013 2399 ἐν
1039 2344 1116 2415 τῷ
1141 2345 1277 2417 δρει,
1295 2348 1390 2399 καὶ
1408 2346 1507 2417 τήν
1537 2344 1896 2417 δημιουργίαν

312 2428 650 2483 ἐδιδάσκετο.
679 2429 905 2501 Εἴρηται
931 2428 1110 2483 τοίνυν
1139 2431 1269 2501 ἡμῖν
1287 2425 1352 2500 τῇ
1374 2429 1502 2500 χθὲς
1520 2429 1724 2501 ἡμέρᾳ,
1760 2430 1841 2482 ὅτι
1868 2430 1897 2482 6

312 2513 447 2576 Θεὸς
469 2514 676 2584 μέλλων
699 2513 897 2567 διδόναι
919 2512 1012 2566 τὸν
1036 2512 1199 2583 νόμον
1214 2513 1303 2566 διὰ
1318 2513 1616 2577 Μωῦσέως,
1633 2512 1897 2584 πρότερον

313 2595 514 2660 ἔδειξεν
535 2595 726 2649 ἑαυτὸν
749 2595 1100 2667 δημιουργὸν,
1127 2597 1223 2650 καὶ
1253 2597 1373 2650 τότε
1402 2595 1715 2667 νομοθέτην.
1740 2594 1893 2668 [446]

314 2677 489 2731 Πόθεν
510 2677 773 2747 ⁴ἐδύναντο
786 2680 837 2731 οἱ
854 2680 1094 2733 Ἰουδαῖοι
1109 2678 1414 2745 πιστεῦσαι,
1428 2679 1509 2732 ὅτι
1529 2680 1557 2731 6
1570 2678 1701 2743 Θεὸς
1717 2678 1897 2747 ἐποίη-

315 2779 376 2816 σε
408 2760 500 2814 τὸν
519 2761 744 2832 οὐρανὸν
763 2761 858 2815 καὶ
887 2762 987 2834 τήν
1014 2763 1117 2833 γῆν
1132 2762 1225 2817 καὶ
1254 2763 1429 2816 πάντα
1453 2762 1522 2816 τά
1544 2763 1600 2815 ὲν
1619 2763 1819 2826 αὐτοῖς,
1845 2764 1893 2814 εί

315 2842 392 2915 μὴ
415 2842 631 2914 πρῶτον
647 2844 868 2915 ἐποίησε
890 2844 958 2897 τά
977 2844 1230 2915 θαύματα
1244 2846 1301 2898 ἐν
1318 2845 1599 2915 Αἰγύπτῳ,
1616 2842 1896 2897 δεικνύντα

312 2926 480 2980 αὐτόν
507 2926 837 2997 δημιουργὸν
855 2927 955 2997 τῆς
982 2927 1338 2998 οίκουμένηςς
1364 2927 1552 2997 Ἡμεῖς
1574 2926 1894 2997 διδάσκομεν

313 3005 402 3059 ἵνα
452 3006 760 3075 πείσωμεν·
792 3007 822 3058 6
866 3005 999 3069 Θεὸς
1044 3006 1221 3059 πείθει
1274 3007 1362 3061 ἴνα
1417 3004 1624 3078 διδάξῃ.
1679 3005 1894 3077 Ἐπειδὴ

311 3086 507 3156 ἔμελλε
551 3086 783 3157 Μωῦσῆς
832 3087 1140 3142 ἐκτίθεσθαι
1198 3089 1293 3142 καὶ
1342 3090 1555 3158 λέγειν,
1583 3089 1663 3142 ὅτι
1706 3090 1734 3142 6
1762 3088 1894 3151 Θεὸς

310 3170 538 3241 ἐποίησε
564 3170 653 3223 τὸν
691 3170 938 3240 οὐρανὸν,
966 3173 1058 3226 καὶ
1078 3174 1176 3245 τὴν
1205 3174 1330 3245 γῆν,
1355 3175 1447 3227 καὶ
1473 3174 1571 3244 τήν
1598 3172 1891 3235 θάλασσαν,

309 3257 400 3308 καὶ
432 3253 606 3307 πάντα
658 3253 726 3307 τὰ
777 3256 834 3307 ἐν
862 3256 1065 3320 αὐτοῖς,
1112 3258 1159 3309 εί
1200 3258 1275 3327 μή
1311 3256 1526 3325 πρῶτον
1572 3256 1796 3326 ἐποίησε
1826 3256 1894 3309 τὰ

309 3338 565 3407 θαύματα
599 3337 655 3390 ἐν
686 3338 963 3409 Αἰγύπτῳ,
995 3340 1088 3392 καὶ
1131 3339 1332 3405 ἔδειξεν
1378 3341 1458 3393 ὅτι
1511 3339 1730 3393 πάντων
1776 3338 1892 3392 ἐστὶ

308 3424 421 3478 τῶν
475 3421 788 3492 κτισμάτων
842 3423 1193 3492 δημιουργὸς,
1237 3424 1337 3477 οὐκ
1381 3422 1447 3476 ἂν
1502 3422 1821 3477 ἐπίστευσεν
1863 3424 1892 3475 6

310 3507 464 3567 λαὸς,
482 3505 564 3558 ὅτι
588 3506 616 3557 6
648 3504 780 3569 Θεὸς
813 3506 1033 3576 ἐποίησε
1062 3507 1154 3560 τὸν
1181 3506 1407 3580 οὐρανὸν
1427 3506 1521 3560 καὶ
1546 3507 1646 3578 τήν
1683 3506 1807 3577 γῆν.
1828 3507 1891 3559 Et

317 3591 394 3659 μὴ
419 3586 651 3651 ἐξέτεινε
679 3586 892 3657 πρῶτον
921 3588 1161 3658 Μωῦσῆς
1189 3590 1285 3653 τὰς
1312 3593 1497 3662 χεῖρας
1522 3591 1602 3653 είς
1623 3591 1713 3644 τὸν
1736 3591 1893 3662 ούρα-

314 3672 428 3733 νδν,
462 3668 557 3720 καλ⁵
594 3669 894 3737 κατήνεγκε
922 3670 1161 3737 χάλαζαν
1189 3674 1284 3725 καὶ
1314 3674 1447 3745 πῦρ,
1481 3675 1574 3728 καὶ
1610 3672 1811 3744 ἔμαθον
1840 3675 1890 3726 οί

312 3752 433 3808 λαοὶ
463 3749 552 3804 διά
582 3749 676 3803 τοῦ
718 3750 908 3803 πιστοῦ
961 3751 1305 3821 θεράποντος,
1335 3755 1419 3807 δτι
1461 3756 1596 3827 αῦτη
1638 3758 1671 3827 ή
1722 3755 1893 3828 θνητὴ

308 3836 462 3903 δεξιά
493 3835 635 3905 λόγῳ
664 3831 797 3886 Θεοῦ
833 3833 1133 3904 κινηθεῖσα,
1154 3836 1245 3888 τὸν
1280 3837 1506 3908 οὐρανὸν
1539 3838 1767 3911 ἐτάραξε
1798 3840 1893 3892 καὶ

309 3919 410 3990 τὴν
429 3916 791 3988 δημιουργίαν
818 3916 1047 3969 ἐθόλωσε
1068 3934 1083 3948 ·
1139 3918 1317 3989 πολλῷ
1343 3919 1540 3989 μᾶλλον
1567 3923 1600 3989 ή
1632 3920 1725 3974 τοῦ
1754 3918 1890 3973 Θεοῦ

310 4002 671 4063 κελεύσαντος
699 3998 847 4065 δεξιά
863 4000 1068 4070 ἤδρασε
1087 4000 1177 4053 τὸν
1202 4002 1430 4072 οὐρανὸν
1453 4004 1547 4056 καὶ
1564 4002 1890 4073 ὲθεμελίωσε

307 4087 409 4157 τήν
462 4087 585 4156 γῆν.
646 4082 833 4148 Οὐδεὶς
870 4083 980 4155 γάρ
1038 4087 1180 4137 κινεῖ
1240 4084 1623 4157 δημιουργίαν,
1680 4087 1747 4155 ήν
1793 4086 1892 4138 οῦκ

308 4171 584 4242 ἐποίησεν.
629 4168 776 4222 Ἔδει
795 4167 973 4221 τοίνυν
1005 4168 1307 4240 δειχθῆναι,
1325 4171 1410 4224 ὅτι
1443 4174 1471 4223 6
1501 4170 1633 4235 Θεὸς
1662 4170 1889 4241 ἐποίησε

305 4254 406 4324 τὴν
434 4255 556 4325 γῆν·
583 4252 815 4318 ἐξέτεινε
842 4253 1082 4323 Μωῦσῆς
1100 4253 1200 4326 τήν
1226 4256 1386 4326 χεῖρα
1415 4256 1494 4319 είς
1524 4255 1622 4326 τὴν
1640 4257 1764 4326 γῆν.
1798 4253 1893 4308 καὶ

308 4338 534 4409 ἐξῆλθον
585 4341 827 4401 σκνῖπες.
859 4337 1006 4390 Ἔδει
1036 4338 1197 4391 πάλιν
1227 4338 1539 4409 δειχθῆναι,’
1558 4340 1641 4393 ὅτι
1690 4340 1718 4391 6
1761 4339 1893 4403 Θεὸς

307 4422 532 4492 ἐποίησε
554 4420 615 4473 τὸ
641 4419 784 4490 πῦρ·
826 4420 985 4474 ἔλαϐε
1030 4420 1275 4491 Μωῦσῆς
1306 4422 1535 4493 αίθάλην
1578 4422 1890 4493 καμιναίας,

308 4505 401 4558 καὶ
440 4503 607 4557 ἐπασε
644 4500 788 4573 (sic).
835 4503 927 4556 καὶ
953 4502 1236 4577 ἐπλήρωσε
1267 4505 1336 4559 τά
1383 4504 1610 4577 σώματα
1636 4506 1745 4559 τῶν
1793 4508 1891 4559 Λί-

307 4587 553 4655 γυπτίων
583 4586 753 4640 ἑλκῶν
782 4586 976 4655 φλογὸς
1013 4586 1166 4657 δίκην
1204 4586 1453 4651 ζεόντων.
1495 4589 1642 4644 Ἔδει
1678 4588 1892 4660 δειχθῆ-

309 4689 424 4737 ναι,
459 4671 538 4723 δτι
566 4671 594 4722 6
615 4669 747 4732 Θεὸς
780 4669 839 4722 τὸ
859 4669 1002 4741 ὕδωρ
1031 4670 1255 4741 ἐποίησε
1273 4689 1286 4702 ·
1323 4672 1626 4743 μετεϐλήθη
1658 4672 1720 4726 τὸ
1746 4672 1891 4746 ῦδωρ

310 4756 386 4818 εἰς
421 4747 583 4824 αἷμα.
604 4752 750 4805 Ἔδει
773 4752 1071 4823 δειχθῆναι,
1108 4753 1191 4806 ὅτι
1228 4753 1452 4824 ἐποίησε
1474 4755 1572 4826 τήν
1594 4755 1887 4809 θάλασσαν·

310 4835 597 4907 ἐπετρώθη
615 4835 641 4875 ι)
671 4836 703 4907 ή
726 4835 990 4900 θάλασσα,
1013 4835 1106 4888 καὶ
1125 4835 1397 4905 παρῆλθεν
1425 4838 1454 4889 6
1485 4836 1632 4904 λαός.
1670 4838 1892 4909 Πρῶτον

308 4917 395 4972 οὖν
428 4918 599 4984 ἔδειξε
653 4919 741 4973 διὰ
783 4920 890 4972 τῶν
938 4918 1137 4990 ἔργων,
1166 4920 1248 4973 ὃτι
1299 4921 1597 4991 Δεσπότης,
1640 4924 1734 4976 καὶ
1767 4923 1891 4978 τότε

311 5004 628 5075 ἡρμήνευσε
658 5002 746 5055 διὰ
773 5004 882 5055 τῶν
903 5002 1096 5071 λόγων,
1130 5003 1211 5056 ὄτι
1240 5003 1499 5075 Ποιητής.

381 5088 444 5154 β’.
486 5085 643 5140 Οῦτω
664 5086 757 5139 καὶ
775 5087 803 5138 6
828 5085 1018 5157 Σωτὴρ
1036 5086 1093 5137 ἐν
1111 5085 1187 5156 τῷ
1211 5086 1528 5157 Εὖαγγελίῳ
1548 5085 1607 5138 ού
1631 5085 1892 5159 πρότερον

313 5167 569 5234 ἐδίδαξεν,
600 5168 705 5232 ἕως
726 5168 1228 5241 ἐθαυματούργησε.
1260 5170 1481 5241 Πρῶτον
1509 5173 1750 5242 σημεῖον,
1771 5189 1893 5243 μετ·

374 5309 399 5371 ?
423 5307 638 5371 Combef.
665 5309 932 5371 legendum
953 5313 1095 5371 putat
1116 5311 1337 5367 διάταξιν.

373 5368 402 5410 δ
444 5368 782 5439 Ἐπειρῲθῃ’ςή
831 5368 1066 5439 Θάλασσα.
1109 5373 1328 5439 (ἷοηψεῐ.
1366 5374 1539 5439 νει-ιη,
1585 5372 1793 5439 divisum
1823 5383 1895 5430 est

313 5443 462 5500 mara_,
495 5432 632 5500 σικιξὶ
656 5434 716 5480 ab
740 5432 1087 5500 ἐπιτιτρώσκω,
1111 5432 1325 5496 perfero.
1352 5437 1416 5485 Al
1458 5443 1577 5496 pulo
1604 5438 1839 5500 ἐπετρώθη
1866 5454 1893 5490 a

313 5494 495 5555 πετρόω
520 5493 864 5542 deducendum
906 5507 1039 5552 esse,
1067 5493 1119 5543 iri
1137 5493 1288 5557 νεῖται
1326 5493 1552 5546 namr'um
1582 5493 1731 5547 mulo:
1772 5493 1894 5550 Ném

316 5556 382 5600 ait
400 5557 670 5612 Scripuwa,
701 5568 836 5603 mare
868 5556 1005 5616 quasi
1029 5556 1219 5605 murum
1242 5558 1422 5615 fuisse;
1450 5565 1588 5607 certe
1611 5566 1651 5609 si
1677 5561 1739 5609 dc
1764 5562 1891 5611 divi-

316 5627 450 5664 :mnc
482 5619 638 5685 _:naris
674 5624 936 5685 ‘agcrelur,
986 5618 1116 5667 aliud
1154 5620 1472 5680 Quaerendum
1522 5621 1723 5671 vvrbum
1766 5630 1890 5685 erat,

321 5687 454 5735 quam
478 5678 817 5739 ἐπιτιτρσὸσκω.

1316 324 1406 381 DE
1439 319 1662 382 MUNDI
1688 312 2085 375 CBEATIONE
2121 313 2380 374 ORATIO
2418 315 2487 372 ll.

3474 316 3581 375 ιιι

2003 437 2166 492 έϐαλε
2207 438 2270 493 τὸ
2299 438 2445 511 ῦδωρ
2484 439 2565 503 είς
2609 432 2769 506 οἶνον,
2814 439 2909 493 καὶ
2952 439 3013 494 οῦ
3048 438 3291 509 φαίνεται
3332 439 3440 512 πρὸ
3482 440 3578 495 τοῦ

2004 522 2232 593 σημείου
2260 523 2451 577 τούτου
2476 522 2724 590 διδάξας·
2758 523 2866 576 ἔδει
2892 521 3000 594 γάρ
3028 523 3319 594 προλαϐεῖν
3338 523 3400 578 τὸ
3416 524 3579 596 ἔργον

2003 607 2097 659 καὶ
2126 606 2487 679 ἀκολουθῆσαι
2513 607 2604 662 τὸν
2635 606 2810 676 λόγον.
2854 606 2955 660 Διὰ
2980 606 3138 660 τοῦτο
3174 606 3204 658 6
3237 609 3581 677 συγγραφεὺς

2002 688 2183 759 λέγει·
2214 692 2326 745 Τὸν
2365 690 2484 760 μὲν
2527 690 2764 760 πρῶτον
2808 694 2995 760 λόγον
3038 689 3420 761 ἐποιησάμην
3446 692 3580 758 περὶ

2002 772 2266 837 πάντων,
2288 767 2337 828 ὦ
2366 774 2635 844 Θεόφιλε,
2661 769 2750 829 ὧν
2776 773 3001 842 ἤρξατο
3024 777 3058 830 ό
3108 772 3339 843 Ἰησοῦς
3389 774 3583 829 ποιεῖν

2002 873 2068 911 τε
2104 857 2205 911 καὶ
2254 843 2583 912 διδάσκειν.
2618 855 2741 919 Πῶς
2775 856 2964 925 ἔμελλε
2991 843 3261 911 διδάσκειν
3299 859 3328 911 6
3366 856 3577 926 Σωτὴρ.

2002 938 2085 992 ὅτι
2119 940 2351 1010 ποιητής
2374 939 2491 993 ὲστι
2521 938 2614 993 τοῦ
2667 940 2907 1008 κόσμου;
2945 941 3009 994 Εἰ
3042 940 3117 1012 μὴ
3147 940 3258 1011 γὰρ
3282 950 3304 978 ο
3348 937 3579 1007 ἐφώτισε

2000 1023 2128 1085 τοὺς
2181 1022 2491 1094 ὀφθαλμοὺς
2547 1023 2642 1077 τοῦ
2700 1022 2932 1092 τυφλοῦ,
2992 1024 3092 1078 οὐκ
3153 1023 3220 1078 ἂν
3284 1021 3578 1092 ἐπιστεύθη

2002 1104 2209 1171 λέγων·
2252 1105 2401 1180 Ἐγώ
2450 1109 2566 1175 ειμι
2611 1105 2679 1160 τὸ
2737 1107 2863 1175 φῶς
2909 1106 3019 1161 τοῦ
3072 1108 3326 1177 κόσμου.
3381 1106 3445 1159 El
3504 1106 3578 1177 μὴ

2003 1189 2192 1260 ἤγειρε
2209 1188 2480 1262 Λάζαρον,
2511 1191 2612 1243 οὐκ
2650 1190 2716 1244 ἂν
2744 1190 3069 1243 ἐπίστευσαν
3095 1192 3143 1243 οἱ
3174 1189 3461 1253 ἀκούοντες
3490 1189 3580 1241 λέ-

2004 1287 2184 1339 γοντι·
2243 1271 2388 1341 Ἐγώ
2414 1273 2530 1342 ειμι
2578 1274 2618 1341 η
2660 1271 2771 1339 ζωὴ
2810 1271 2908 1326 καὶ
2936 1273 2976 1339 ὴ
3023 1272 3376 1338 ἀνάστασις.
3403 1272 3467 1325 Εἰ
3503 1272 3577 1342 μὴ

2006 1353 2216 1418 πτύσας
2255 1356 2336 1419 είς
2374 1356 2474 1428 τήν
2509 1356 2612 1426 γῆν
2656 1355 2876 1427 ἐποίησε
2907 1356 3095 1428 πηλὸν,
3140 1356 3236 1410 καὶ
3278 1356 3461 1428 ἔχρισε
3488 1355 3579 1409 τὸν

2002 1436 2200 1506 τυφλὸν
2219 1476 2236 1501 ,
2267 1439 2366 1491 οὐκ
2392 1437 2458 1491 ἂν
2500 1437 2813 1510 ἐπιστεύθη,
2838 1439 2920 1492 δτι
2958 1439 3119 1502 αὐτός
3154 1442 3301 1492 ἐστιν
3339 1440 3368 1491 6
3398 1436 3578 1491 λαϐὼν

2005 1517 2135 1589 χοῦν
2163 1519 2271 1573 άπὸ
2300 1520 2399 1589 τῆς
2425 1520 2531 1591 γῆς
2558 1521 2652 1574 καὶ
2674 1521 2884 1585 πλάσας
2906 1521 2999 1575 τὸν
3026 1520 3213 1591 Ἀδάμ.
3234 1521 3297 1575 El
3327 1519 3401 1591 μὴ
3427 1537 3579 1591 περι-

2004 1603 2276 1671 επάτησεν
2306 1604 2398 1656 ἐπὶ
2428 1603 2526 1673 τῆς
2553 1604 2846 1675 θαλάσσης,
2884 1606 2983 1658 οῦκ
3011 1606 3078 1659 ἂν
3102 1606 3271 1677 ἐφάνη
3300 1604 3577 1674 Δεσπότης
3620 1622 3627 1631 ν

2003 1687 2102 1755 τῆς
2126 1686 2421 1755 θαλάσσης.
2478 1687 2541 1740 El
2575 1686 2648 1757 μὴ
2680 1688 2977 1758 ἐπετίμησε
3008 1687 3085 1757 τῷ
3115 1689 3320 1759 ἀνέμῳ,
3359 1688 3459 1741 οῦκ
3508 1687 3574 1741 ἂν

2004 1769 2219 1840 ἐδείχθη
2264 1768 2542 1841 Δεσπότης
2566 1770 2673 1824 τῶν
2700 1770 2938 1841 ἀνέμων.
2964 1768 3065 1823 Διὰ
3100 1769 3257 1824 τοῦτο
3292 1768 3576 1841 ἄνθρωπος

2008 1853 2105 1923 μὲν
2135 1847 2204 1923 ἦν
2233 1852 2573 1923 φαινόμενος,
2608 1852 2697 1907 διὰ
2745 1853 2802 1907 δὲ
2837 1851 2947 1907 τῶν
2979 1852 3270 1924 θαυμάτων
3317 1851 3392 1915 ὡς
3442 1851 3575 1918 Θεὸς

2003 1935 2398 2005 γνωριζόμενος
2431 1937 2525 1989 καὶ
2566 1934 2938 2007 δοξαζόμενος.
3003 1935 3064 1991 ⁸0
3092 1935 3284 2007 Σωτήρ
3330 1933 3461 2005 γοῦν
3490 1936 3576 2001 ἐξ-

2001 2018 2233 2090 έπληττε
2262 2020 2389 2083 τοὺς
2422 2019 2691 2092 μαθητὰς,
2732 2021 2827 2075 καὶ
2855 2020 3039 2089 ἔλεγον
3062 2036 3076 2052 ·
3108 2020 3382 2084 Ποταπός
3406 2018 3577 2071 ἐστιν

2002 2097 2201 2169 οὗτος,
2236 2101 2325 2157 ὅτι
2348 2105 2401 2157 οί
2433 2103 2638 2173 ἄνεμοι
2661 2103 2759 2160 καὶ
2788 2104 2825 2172 ἡ
2853 2103 3137 2157 θάλασσα
3160 2101 3576 2158 ὑπακούουσιν

2003 2184 2192 2252 αὐτῷ;
2219 2185 2425 2254 Ἔδειξε
2473 2186 2687 2258 πρῶτον
2713 2185 3056 2240 ὑπακούοντα
3084 2185 3152 2239 τά
3179 2185 3418 2255 στοιχεῖα
3436 2224 3451 2246 ,
3479 2181 3576 2237 καὶ

2003 2269 2122 2325 τότε
2152 2270 2459 2341 ἡρμήνευσε
2499 2269 2586 2323 διὰ
2613 2269 2720 2323 τῶν
2753 2268 2951 2340 ἔργων,
2992 2269 3071 2322 δτι
3106 2268 3282 2322 πάντα
3305 2267 3373 2322 δι’
3407 2265 3574 2320 αὐτοῦ

2001 2353 2235 2422 ἐγένετο.
2272 2352 2480 2419 Ἔδειξε
2515 2353 2728 2425 πρῶτον
2750 2353 3111 2408 ὑπακούοντα.
3148 2353 3211 2405 Et
3242 2351 3318 2425 μὴ
3354 2349 3573 2423 πρῶτον

2000 2436 2212 2507 ἐδείχθη
2263 2438 2297 2507 ή
2345 2436 2523 2501 κτίσις
2572 2436 2952 2501 ύπακούουσα,
2990 2433 3141 2509 [447]
3185 2435 3284 2488 οὐκ
3331 2434 3397 2488 ἂν
3457 2436 3577 2487 ἑπι-

2002 2518 2199 2590 στεύθη
2240 2518 2489 2591 Ἰωάννης
2511 2523 2540 2574 6
2570 2521 2972 2591 Εὐαγγελιστής
3014 2520 3216 2590 λέγων·
3260 2519 3460 2574 Πάντα
3501 2517 3574 2572 δι’

1998 2600 2185 2655 αὑτοῦ
2210 2600 2467 2671 ἐγένετο.
2500 2604 2624 2668 Πῶς
2662 2604 2923 2674 ἠδύναντο
2955 2604 3005 2657 οἱ
3038 2603 3327 2658 ἀπόστολοι
3354 2618 3576 2655 πιστευ-

2000 2684 2177 2754 θῆναι,
2207 2685 2477 2757 ἰδιωτικὴν
2496 2686 2708 2758 ἔχοντες
2733 2685 3006 2756 γλῶσσαν,
3038 2686 3417 2757 συνιστάμενοι
3444 2684 3574 2756 περὶ

1999 2768 2133 2823 Θεοῦ
2157 2771 2351 2839 Λόγου,
2383 2772 2748 2845 Δημιουργοῦ,
2781 2772 3054 2846 Σωτῆρος,
3089 2772 3388 2841 πανσόφου,
3428 2770 3575 2824 διδα-

2001 2853 2199 2934 σκάλου
2221 2871 2236 2919 ;
2275 2854 2434 2908 Ἀλλά
2453 2856 2488 2926 ή
2515 2854 2735 2923 γλῶσσα
2758 2856 2868 2910 τῶν
2892 2855 3204 2909 ἀποστόλων
3230 2854 3297 2908 τὰ
3323 2852 3577 2925 θαύματα

1996 2933 2095 3009 ἦν·
2117 2938 2177 2990 τὸ
2218 2939 2392 3010 στόμα
2416 2940 2524 2993 τῶν
2554 2940 2867 2994 ἀποστόλων
2889 2936 2958 3011 ἧν
2987 2940 3178 3011 νεκρὸς
3206 2939 3573 3010 ἐγειρόμενος,

1997 3014 2166 3093 χωλὸς
2185 3020 2524 3093 περιπατῶν.
2555 3021 2678 3075 Ὅτι
2707 3022 2763 3075 δὲ
2791 3025 2903 3087 τοῖς
2931 3022 3206 3093 θαύμασιν
3230 3020 3517 3077 ἀκολουθεῖ
3538 3023 3572 3090 ἡ

1998 3106 2199 3169 πίστις,
2239 3108 2508 3177 μαρτυρεῖ
2549 3107 2580 3177 ή
2620 3104 2809 3178 Γραφὴ
2850 3105 3111 3175 λέγουσα·
3156 3106 3260 3159 Διὰ
3305 3105 3414 3176 γὰρ
3457 3102 3577 3158 τῶν

1996 3187 2210 3259 χειρῶν
2249 3189 2369 3243 τῶν
2395 3191 2758 3245 ἀποστόλων
2801 3191 3040 3259 ἐγένετο
3075 3190 3295 3260 σημεῖα
3340 3188 3577 3259 μεγάλα

1997 3274 2095 3327 καὶ
2133 3272 2345 3342 τέρατα
2382 3274 2452 3327 ἐν
2477 3271 2557 3339 τῷ
2582 3272 2728 3339 λαῷ.
2753 3273 2862 3328 Καὶ
2892 3272 3211 3339 ἐξίσταντο
3234 3271 3302 3326 δὲ
3329 3272 3570 3339 πάντες,

1996 3356 2094 3409 καὶ
2113 3355 2355 3425 μᾶλλον
2374 3358 2793 3425 προσετίθεντο
2820 3358 2948 3412 καθ’
2971 3355 3201 3425 ἡμέραν
3216 3355 3451 3425 ἀνδρῶν
3472 3357 3574 3409 καὶ

1997 3440 2299 3509 γυναικῶν
2316 3439 2538 3508 πλήθη.
2572 3440 2898 3512 Προέλαμπε
2923 3440 2993 3495 τά
3025 3439 3299 3511 θαύματα,
3321 3439 3425 3495 καὶ
3444 3441 3576 3511 ηκο-

1994 3523 2216 3577 λούθουν
2262 3523 2333 3577 τά
2374 3523 2640 3593 δόγματα.
2676 3523 2834 3576 Οῦτω
2870 3523 2966 3577 καὶ
3014 3523 3073 3577 ἐν
3119 3523 3198 3595 τῷ
3245 3524 3416 3595 νόμῳ,
3450 3538 3577 3595 προ-

1992 3609 2238 3679 ηγήσατο
2277 3607 2346 3661 τὰ
2395 3608 2455 3662 ἐν
2482 3608 2743 3679 Αἰγύπτῳ
2792 3607 3066 3679 θαύματα,
3128 3607 3443 3663 δεικνύοντα
3482 3606 3575 3661 τὸν

1994 3691 2127 3763 Θεὸν
2148 3691 2480 3763 δημιουργόν
2501 3731 2515 3744 .
2549 3692 2609 3743 Ὀ
2632 3690 2688 3743 δὲ
2714 3690 2867 3754 Θεὸς,
2902 3691 3103 3760 ἀγαθὸς
3134 3689 3227 3758 ὢν,
3254 3691 3356 3743 οῦκ
3381 3689 3575 3760 ήθέλη-

1997 3758 2088 3826 σεν
2137 3758 2325 3825 ἐαῦτὸν
2351 3758 2536 3844 ’μόνον
2581 3774 2880 3844 σεμνῦναι,
2919 3758 3058 3829 ἀλλὰ
3100 3758 3576 3846 μερίζεταιήμετά

1994 3858 2273 3921 Μωῦσέως
2286 3856 2384 3929 τὴν
2413 3858 2592 3922 δόξαν.
2630 3859 2846 3930 Ἐπειδὴ
2876 3860 2984 3931 γάρ
3009 3861 3037 3913 6
3062 3859 3194 3924 Θεὸς
3222 3858 3393 3929 ἐφάνη
3421 3857 3480 3921 ἐξ
3500 3849 3576 3912 ὧν

1998 3940 2244 4010 ἐποίησε,
2278 3940 2524 4009 φαίνεται
2554 3942 2649 3994 καὶ
2681 3943 2923 4012 Μωῦσῆς
2968 3941 3027 4008 ἐξ
3067 3933 3141 3994 ὧν
3170 3939 3451 4010 ἐδοξάσθη.
3487 3939 3574 4003 Ὧι,

1997 4023 2106 4094 γᾶρ
2144 4022 2380 4092 κατῆλθε
2423 4023 2671 4093 κατέχων
2715 4024 2806 4077 τὸν
2851 4024 3035 4095 νόμον,
3065 4023 3152 4076 ἴνα
3189 4023 3264 4094 μὴ
3311 4022 3387 4084 ὡς
3433 4020 3577 4090 ψιλῷ

1997 4104 2270 4176 ἀνθρώπῳ
2304 4105 2644 4177 προσέχωσι,
2680 4105 2877 4178 πληροῖ
2902 4104 3067 4159 αὐτοῦ
3106 4107 3134 4158 6
3168 4104 3299 4167 Θεὸς
3330 4103 3489 4171 δόξης
3516 4101 3578 4155 τὸ

1996 4189 2307 4261 πρόσωπον,
2344 4189 2433 4244 ἵνα
2472 4189 2533 4243 τὸ
2585 4189 2770 4243 λεῖπον
2802 4192 2869 4263 τῇ
2915 4188 3172 4260 ἀσθενείᾳ.
3213 4186 3315 4258 τῆς
3360 4185 3577 4256 φύσεως

1998 4271 2261 4344 πληρώσῃ
2292 4272 2352 4326 τὸ
2406 4272 2658 4343 περιττὸν
2712 4272 2813 4342 τῆς
2868 4272 3108 4343 χάριτος.
3160 4268 3433 4324 Ἐνενόουν
3470 4267 3577 4339 γὰρ

1997 4357 2077 4411 ὅτι
2115 4356 2236 4427 ὄψις
2252 4355 2614 4427 δεδοξασμένη
2641 4356 2740 4410 οὐκ
2766 4356 2912 4410 ἔστιν
2934 4355 3189 4428 ἀλλοτρία
3225 4352 3382 4407 Θεοῦ.
3421 4351 3577 4407 Οῦτω

1995 4441 2091 4494 καὶ
2132 4443 2160 4494 6
2186 4440 2374 4512 Σωτήρ
2410 4440 2684 4510 Στεφάνου
2715 4439 2809 4494 τοῦ
2853 4439 3318 4513 πρωτομάρτυρος
3352 4436 3577 4509 ἐποίησε

1994 4523 2207 4595 λάμψαι
2254 4523 2316 4576 τὸ
2369 4522 2678 4594 πρόσωπον.
2726 4524 2876 4576 Διατί
2926 4523 2983 4577 δὲ
3017 4523 3237 4594 ἐποίησε
3276 4520 3485 4592 λάμψαι
3515 4520 3577 4573 τὸ

1996 4609 2289 4679 πρόσωπον
2321 4607 2630 4674 Στεφάνου;
2660 4606 2876 4680 Ἐπειδὴ
2903 4606 3126 4678 ἔμελλεν
3148 4607 3224 4670 ὼς
3257 4605 3575 4677 βλάσφημος

1994 4690 2327 4756 λιθάζεσθαι,
2353 4689 2541 4753 εἰπὼν,
2575 4690 2777 4760 Θεωρῶ
2798 4690 2941 4758 τοὺς
2968 4689 3264 4760 οἰψανοὺς
3286 4686 3577 4757 ἀνεῳγμέ-

1994 4793 2161 4839 νους,
2175 4774 2272 4828 καὶ
2294 4773 2401 4828 τόν
2422 4774 2561 4828 Υίὸν
2575 4775 2679 4829 τοῦ
2702 4775 3014 4845 ἀνθρώπου
3028 4773 3259 4828 ἑστῶτα
3272 4773 3339 4826 ἐκ
3362 4770 3577 4843 δεξιῶν

1994 4858 2102 4913 τοῦ
2124 4858 2269 4913 Θεοῦ
2286 4898 2301 4921 ,
2338 4857 2624 4929 προλαϐὼν
2654 4860 2683 4912 6
2707 4856 2840 4921 Θεὸς
2879 4856 3255 4927 ἐστεφάνωσεν
3283 4854 3449 4909 αὐτοῦ
3475 4854 3575 4928 τὴν
3653 4848 3659 4856 ’

1994 4945 2117 5016 ὄψιν
2145 4944 2409 5017 άγγελικῇ
2444 4947 2650 5018 μορφῇ,
2679 4945 2768 4999 ἵνα
2796 4944 2959 5016 πείσῃ
2980 4946 3106 5008 τοὺς
3133 4942 3574 5016 ἀγνώμονας,ὃτι

1996 5028 2385 5100 εἱβλάσρημός
2437 5030 2573 5089 ἐστι,
2604 5028 2747 5082 διατί
2796 5027 3112 5092 δοξάζεται;
3141 5027 3283 5092 Χθές
3342 5027 3440 5100 μὲν
3478 5023 3574 5083 οὖν

1996 5113 2208 5183 εῖρηται
2237 5113 2394 5183 ἡμῖν,
2421 5112 2503 5165 ὅτι
2522 5114 2550 5166 6
2568 5110 2699 5175 Θεὸς
2723 5111 2787 5165 ἐκ
2806 5110 2881 5183 μὴ
2903 5109 3075 5164 ὄντων
3099 5111 3321 5183 ἐποίησε
3350 5111 3421 5165 τά
3441 5113 3573 5166 δντα

1994 5199 2061 5266 τῇ
2091 5196 2283 5267 πρώτῃ
2337 5194 2541 5266 ἡμέρᾳ.
2579 5194 2688 5247 Καὶ
2722 5194 2781 5249 τὸ
2823 5195 3153 5267 θαυμαστὸν,
3195 5197 3276 5253 ὅτι
3320 5198 3382 5251 οὐ
3412 5197 3572 5269 μόνον

1994 5281 2093 5353 τὴν
2125 5279 2486 5351 δημιουργίαν
2513 5278 2607 5333 τοῦ
2629 5278 2763 5334 Θεοῦ
2784 5278 3020 5334 δείκνυσι
3041 5280 3110 5335 τὰ
3127 5280 3284 5352 ἔργα,
3313 5281 3450 5335 ἀλλὰ
3477 5281 3573 5335 καὶ

1994 5364 2103 5418 τῶν
2138 5363 2424 5435 αἱρετικῶν
2452 5361 2550 5435 τήν
2570 5362 2827 5420 ἀσέϐειαν
2847 5364 3181 5437 ἐλέγχουσιν.
3198 5364 3417 5438 Ἐρωτῶ
3439 5364 3568 5435 γάρ’

1995 5447 2078 5501 Τά
2104 5448 2179 5519 μὴ
2212 5446 2341 5501 ὄντα
2361 5445 2479 5510 πῶς
2497 5447 2733 5515 ἐγένετο,
2772 5448 2960 5522 ἐπειδὴ
2983 5448 3113 5521 περὶ
3130 5446 3223 5504 τοῦ
3257 5448 3409 5510 ὄντος
3441 5446 3573 5516 ἐρω-

1993 5531 2146 5594 τῶσι,
2180 5529 2295 5594 πῶς
2318 5529 2618 5602 ἐγεννήοη;
2648 5532 2712 5585 Et
2756 5532 2831 5605 μή
2862 5527 2949 5605 ἦν,
2978 5531 3194 5598 εἴπωσι,
3224 5530 3292 5583 τά
3320 5527 3396 5600 μή
3441 5527 3570 5582 δντα

2062 5690 2082 5717 ε
2119 5686 2352 5737 Additum
2373 5688 2460 5753 γάρ
2482 5701 2511 5738 e
2535 5688 2645 5741 Sav.
