4050 6198
539 304 639 361 ιιι

541 422 663 485 πῶς
710 423 941 489 ἐγένετο,
989 425 1038 477 εί
1069 423 1143 495 μὴ
1191 419 1280 496 ἦν.
1311 426 1383 479 Τὸ
1412 425 1488 497 μὴ
1511 426 1570 480 δν
1593 428 1652 482 οὐ
1686 428 1955 497 γίνεταιι,
1992 429 2114 484 ὅσον

542 506 682 559 κατά
705 506 960 576 λογισμὸν
985 506 1324 577 ἀνθρώπινον
1343 550 1358 572 ,
1406 511 1466 563 οὐ
1498 511 1638 564 κατά
1681 511 1830 565 θείαν
1867 512 2116 584 δύναμιν.

554 587 755 641 Ἐνίοτε
780 587 925 656 λέγει
944 591 971 642 6
989 591 1261 659 αίρετικὸς
1281 609 1295 622 ⁸
1334 588 1501 647 Εἶπεν
1534 595 1563 646 6
1584 594 1735 658 Θεὸς,
1766 596 1860 647 καὶ
1883 595 2117 662 ἐγένετο.

555 668 715 722 Ἀλλὰ
740 667 834 721 νῦν
860 670 921 723 τὸ
954 673 1187 743 πρᾶγμα
1217 670 1387 740 εἶπες,
1415 676 1476 728 οὐ
1497 676 1588 730 τὸν
1613 676 1835 747 τρόπον.
1868 673 2058 730 Εἶπεν
2087 679 2120 730 ό

544 751 714 815 Θεός·
748 753 1067 823 Γενηθήτω
1097 754 1220 824 φῶς
1243 772 1258 787 ’
1306 759 1524 826 ἐγένετο
1555 758 1615 812 τὸ
1652 760 1727 829 μὴ
1757 758 1837 813 δν.
1881 759 1937 813 ὐ
1964 759 2123 827 λόγος

548 833 850 906 μετεϐλήθη
879 839 957 901 είς
984 840 1245 909 πρᾶγμα.
1276 836 1387 895 οἷον
1423 842 1561 913 αὑτὴ
1598 844 1631 913 ἡ
1661 844 1813 914 φωνὴ
1836 842 2127 907 ἐξελθοῦσα

545 919 762 986 ἐγένετο
783 918 917 988 φῶς.
943 920 1151 974 Οὐκοῦν
1178 924 1276 976 οὐκ
1308 924 1453 977 ἔστιν
1483 926 1545 978 ἐκ
1586 925 1661 997 μὴ
1689 926 1877 989 ὄντων,
1920 926 2034 979 ἀλλ’
2069 926 2129 991 ἐξ

546 1000 715 1064 δντος.
737 1002 835 1064 Τίς
854 1003 963 1073 γὰρ
986 1004 1160 1075 τολμᾷ
1190 1007 1363 1058 εἰπεῖν
1386 1007 1476 1059 τὸν
1506 1006 1675 1074 Λόγον
1707 1007 1781 1079 μὴ
1814 1008 1941 1060 ὄντα
1958 1026 1971 1072 ;
1991 1009 2130 1063 Οὐκ-

554 1082 641 1136 δῦν
688 1084 838 1137 οὐδὲν
866 1084 1121 1155 ἐποίησεν
1152 1089 1214 1141 ἐκ
1253 1088 1327 1158 μὴ
1348 1087 1536 1153 ὄντων,
1567 1089 1679 1142 ἀλλ’
1710 1090 1770 1154 ἐξ
1797 1090 1962 1143 αὐτοῦ
1984 1108 1996 1119 ο
2036 1091 2130 1144 καὶ

549 1166 859 1238 εὑρίσκεται
892 1168 959 1222 τὰ
989 1170 1265 1240 κτίσματα
1296 1171 1557 1241 ὀμοούσια
1602 1171 1771 1242 αὐτῷ,
1804 1173 1898 1225 καὶ
1939 1172 1968 1225 ὃ
2004 1173 2130 1240 φεύ-

549 1265 647 1317 γου
659 1266 735 1302 σιν
764 1252 856 1303 ἐπὶ
882 1252 974 1305 τοῦ
1004 1252 1159 1316 Υίοῦ,
1192 1254 1516 1324 ἀρμόζουσιν
1550 1256 1643 1309 ἐπὶ
1667 1256 1774 1308 τῶν
1795 1256 2129 1326 κτισμάτων.

565 1331 722 1385 Ἀλλά
764 1333 929 1387 πάλιν
967 1334 1308 1404 στενούμενοι
1349 1336 1630 1405 λέγουσιν’
1673 1338 1737 1390 Ἠ
1762 1338 2012 1408 βούλησις
2038 1339 2132 1390 τοῦ

551 1415 688 1469 Θεοῦ
726 1416 794 1469 τὰ
829 1417 902 1487 μὴ
932 1416 1059 1469 ὄντα
1085 1417 1428 1472 ἀπετέλεσεψ
1465 1415 1611 1472 εἶτα·
1657 1419 1721 1472 Ἠ
1752 1420 1860 1491 γὰρ
1887 1419 2134 1491 βούλησις

551 1498 614 1550 τὸ
641 1497 714 1568 μὴ
747 1497 807 1552 ὃν
838 1501 1009 1551 ποιεῖ·
1052 1501 1085 1569 ἡ
1119 1498 1177 1552 δέ
1204 1499 1363 1567 φύσις
1387 1500 1447 1554 τὸ
1470 1500 1529 1553 ὃν
1557 1502 1618 1553 οὐ
1648 1488 1838 1573 γεννᾷς
1878 1488 1989 1556 Καὶ
2021 1488 2147 1553 ἔστι

555 1579 885 1649 θαυμαστόν.
922 1580 1010 1644 Ὠς
1038 1582 1097 1634 ἐν
1125 1583 1294 1634 είκόνι
1325 1582 1466 1650 λέγω
1488 1599 1501 1613 ·
1551 1582 1779 1636 Ὑπὸθου
1821 1601 1910 1653 μοι
1954 1583 2136 1653 πηγὴν

556 1662 651 1715 καὶ
683 1661 890 1732 πέτραν
914 1678 928 1692 ’
953 1664 1003 1715 τί
1032 1663 1415 1735 εὐκολώτερον,
1444 1663 1541 1735 τὴν
1573 1666 1753 1737 πηγὴν
1786 1664 1930 1736 ῦδωρ
1952 1668 2137 1736 γεννῆο

558 1745 723 1815 σαι,ῆ
751 1746 849 1816 τήν
874 1744 1115 1817 πέτραν;
1158 1746 1221 1799 Ἢ
1249 1748 1398 1819 πηγὴ
1429 1748 1521 1801 ἐάν
1550 1752 1808 1821 γεννήσῃ,
1840 1748 1900 1813 ἐξ
1921 1742 1995 1802 ὦν
2024 1747 2137 1817 ἔχει

557 1827 820 1899 προφέρει
841 1843 854 1856 ’
889 1828 922 1897 ἡ
968 1826 1025 1880 δὲ
1058 1827 1234 1899 πέτρα
1267 1830 1324 1894 ἐξ
1372 1824 1447 1883 ὧν
1490 1831 1589 1885 οὐκ
1621 1829 1752 1901 ἔχει.
1804 1827 1938 1885 Εἶτα
1968 1830 2028 1886 τὸ
2064 1831 2137 1901 μὴ

557 1910 616 1965 ὂν
636 1910 924 1982 ἐγέννησεν
950 1912 983 1983 ή
1006 1911 1181 1984 πέτρα
1209 1913 1268 1978 ἐξ
1289 1906 1362 1968 ὧν
1383 1917 1482 1969 οὐκ
1499 1910 1611 1986 εἶχε
1635 1958 1649 1981 ,
1682 1916 1776 1969 καὶ
1808 1918 1840 1986 ἡ
1867 1915 2017 1986 πηγὴ
2042 1915 2141 1967 οὐκ

561 1993 710 2067 [448]
746 1995 1033 2065 ἐγέννησεν
1082 1998 1149 2066 ἢν
1183 1993 1328 2068 εἶχεν
1358 2001 1415 2052 ἐν
1448 2001 1611 2070 ἑαυτῇ
1653 2001 1856 2069 πηγήν;
1885 2000 1996 2051 Καὶ
2022 1996 2141 2060 πῶς

561 2079 774 2147 ἐγένετο
801 2078 868 2132 τὰ
907 2078 980 2149 μὴ
1014 2078 1171 2144 δντα;
1210 2080 1284 2150 μὴ
1309 2077 1836 2152 αὐτοματισμὸςίῆνς
1871 2080 1933 2133 τὸ
1960 2078 2037 2150 μὴ
2081 2078 2141 2132 δν

564 2161 739 2233 ὄνομά
766 2162 904 2226 ἐστι,
935 2162 1036 2214 οὐκ
1069 2160 1184 2214 ἔστι
1215 2162 1270 2215 δέ
1300 2179 1391 2227 τι;
1424 2163 1515 2232 Μὴ
1558 2164 1745 2234 ἐπειδὴ
1792 2162 1935 2230 λέγω
1970 2165 2034 2215 ἐκ
2067 2161 2142 2233 μὴ

558 2236 751 2310 ὅντων,
787 2244 1015 2316 νομίσῃς
1055 2239 1194 2298 εἶναί
1215 2262 1266 2299 τι
1304 2246 1377 2316 μὴ
1405 2245 1484 2299 όν.
1504 2242 1639 2300 Εἶτα
1666 2247 1726 2300 τὸ
1763 2245 1822 2300 ὃν
1862 2248 1923 2300 ἐκ
1951 2244 2043 2298 τοῦ
2068 2245 2142 2316 μὴ

562 2328 713 2391 δντος
732 2327 833 2381 οὐκ
868 2323 1013 2389 οἶδας
1037 2327 1212 2381 εἰπεῖν
1246 2328 1363 2390 πῶς
1401 2328 1637 2397 ἐγένετο,
1668 2328 1764 2382 καὶ
1802 2328 1893 2381 τὸν
1926 2327 2052 2381 ὄντα
2078 2329 2144 2381 ἐκ

562 2409 654 2463 τοῦ
676 2409 827 2475 ὄντος
851 2408 1141 2479 τολμήσεις
1171 2408 1644 2482 πολυπραγμονεῖν
1686 2411 1804 2472 πῶς
1842 2410 2140 2479 ἐγεννήθης

564 2494 748 2548 Πάντα
776 2490 844 2545 τὰ
873 2492 1146 2561 κτίσματα
1175 2493 1275 2545 οὑκ
1299 2489 1365 2564 ἦν
1394 2494 1489 2546 ἀπ’
1511 2495 1685 2564 ἀρχῆς
1714 2494 1808 2546 καὶ
1834 2494 2055 2561 γέγονεν
2075 2510 2089 2524 θ
2115 2494 2144 2545 6

567 2575 860 2647 μονογενὴς
885 2574 1056 2641 Λόγος
1079 2575 1172 2627 καὶ
1197 2575 1431 2645 Κτίστης
1461 2575 1553 2627 τοῦ
1576 2577 1777 2645 κόσμου
1805 2576 1905 2628 οὐκ
1931 2575 2145 2644 ἐγένετο

565 2659 660 2713 ἀπ’
694 2658 888 2730 ἀρχῆς,
916 2657 1029 2710 ἀλλ’
1055 2652 1143 2728 ἦν.
1170 2656 1357 2710 Ταῦτα
1388 2658 1487 2709 οὐκ
1506 2653 1594 2727 ἦν.
1628 2658 1721 2710 καὶ
1752 2657 1968 2724 ἐγένετο
1990 2672 2005 2687 ’
2037 2658 2065 2708 6
2089 2657 2146 2709 δέ

563 2737 633 2813 ἦν
664 2743 720 2794 ἐν
752 2742 893 2812 ἀρχῇ
922 2739 999 2813 μή
1027 2740 1313 2812 γενόμενος
1334 2782 1349 2809 ,
1373 2740 1547 2795 ταῦτα
1585 2741 1641 2794 δὲ
1668 2741 1882 2810 ἐγένετο
1915 2743 1973 2795 ἐν
2003 2742 2143 2813 ἀρχῇ

571 2825 647 2895 μὴ
677 2824 825 2877 ὄντα.

638 2912 708 2975 γ’.
762 2906 823 2960 Ἡ
848 2904 918 2959 δὲ
946 2904 1023 2974 γῆ
1058 2901 1137 2976 ἦν
1166 2906 1440 2975 ἀόρατος,
1471 2905 1624 2976 φησί.
1661 2905 1727 2957 Τί
1757 2907 1922 2969 ἐστιν,
1958 2905 2147 2972 Ἀόρα-

567 3003 705 3054 τος;
739 2984 869 3041 υἷδα
899 2988 1126 3051 πολλοὺς
1153 2987 1261 3041 τῶν
1296 2988 1465 3056 ἀγίων
1513 2988 1772 3057 Πατέρων
1822 2987 2142 3058 εἰρηκότας·

581 3072 834 3144 ’Λόρατος
850 3066 918 3143 ἦν
946 3073 979 3143 ή
1004 3073 1096 3143 γῆ,
1122 3070 1307 3142 ἐπειδὴ
1328 3072 1405 3142 τῷ
1428 3071 1577 3124 ὑδατι
1599 3068 1952 3123 ἐκαλύπτετο.
1971 3069 2148 3122 Πολλὰ

567 3155 678 3212 τῶν
708 3155 994 3224 νοημάτων
1021 3155 1138 3208 ἐστὶ
1165 3154 1263 3225 μὲν
1293 3154 1513 3224 εὐσεϐῆ,
1532 3156 1631 3207 οὐκ
1654 3153 1830 3224 ἀληθῆ
1853 3154 1930 3207 δέ.
1950 3148 2073 3206 Οἷον
2099 3154 2147 3206 οἱ

568 3240 717 3308 τρεῖς
749 3238 888 3305 φίλοι
911 3236 1004 3291 τοῦ
1033 3235 1175 3301 Ἰὼϐ,
1202 3236 1525 3307 θεασάμενοι
1557 3236 1719 3289 αὐτὸν
1752 3238 1807 3288 ἐν
1839 3233 2148 3306 πειρασμῷ,

570 3319 898 3390 κατέκριναν
927 3318 1016 3371 τὸν
1047 3317 1198 3385 ἅγιον
1221 3319 1296 3381 ὼς
1332 3320 1555 3383 δικαίως
1593 3321 1891 3388 πάσχοντα,
1928 3318 2020 3371 καὶ⁸
2040 3318 2150 3370 ἕλες

568 3418 689 3470 γον·
729 3403 793 3454 Εἰ
829 3402 903 3472 μὴ
927 3403 1104 3471 χήρας
1137 3400 1432 3470 ἐλύπησας,
1464 3402 1512 3453 εί
1543 3402 1617 3471 μὴ
1639 3400 1908 3471 ὀρφανοὺς
1937 3399 2153 3453 ἐπλεον-

572 3486 831 3554 έκτησας,
856 3486 953 3536 οὐκ
978 3482 1044 3536 ἄν
1072 3499 1153 3535 σοι
1172 3486 1200 3536 6
1220 3482 1352 3545 Θεὸς
1381 3485 1625 3553 ἐπήγαγε
1649 3483 1841 3536 ταῦτα.
1868 3482 1978 3535 Καὶ
2002 3484 2151 3553 ὅμως

573 3562 759 3635 ἐπειδὴ
789 3568 1014 3636 ἠγνόουν
1042 3565 1132 3619 τὸν
1166 3565 1364 3619 σκοπὸν
1394 3564 1487 3618 τοῦ
1521 3566 1677 3629 Θεοῦ,
1711 3567 1923 3620 εἵλαντο
1956 3566 2153 3635 μᾶλλον

574 3653 898 3721 κατακρίναι
945 3647 1129 3702 τοῦτον
1152 3649 1227 3712 ὡς
1252 3647 1475 3711 δικαίως
1510 3650 1814 3719 πάσχοντα,
1847 3649 1878 3720 ἢ
1909 3649 2154 3719 καιτοιψη⁴

575 3735 833 3803 φίσασθαι
881 3730 976 3785 τοῦ
1015 3729 1148 3784 Θεοῦ
1199 3730 1274 3794 ὡς
1303 3730 1503 3794 ἀδίκως
1550 3732 1940 3800 ἐπαγαγόντος.
1983 3732 2177 3802 Ὑπὲρ.

575 3816 712 3870 Θεοῦ
733 3815 1010 3883 ἐποίησαν,
1039 3813 1131 3867 καὶ
1155 3813 1364 3883 ἐλέγχει
1395 3813 1591 3876 αὐτοὺς
1619 3814 1647 3867 6
1669 3813 1801 3878 Θεός
1818 3831 1833 3846 ο
1859 3814 2021 3866 Διατί
2042 3816 2153 3866 οὐκ

574 3901 915 3969 ἐλαλήσατε
938 3900 1081 3966 ὀρθὰ
1104 3897 1252 3952 κατὰ
1274 3897 1379 3951 τοῦ
1412 3898 1777 3965 θεράποντός
1787 3916 1906 3967 μου
1925 3916 1944 3962 ;
1967 3900 2154 3951 Ἔστιν

575 3980 669 4039 οὖν
700 3983 877 4053 νόημα
910 3981 1127 4044 εὐσεϐὲς
1164 3981 1281 4050 μὲν,
1308 3981 1408 4034 οὐκ
1433 3980 1630 4052 ἀληθὲς
1657 3981 1732 4035 δέ.
1759 3981 1802 4034 Τ
1810 3982 1826 4034 ί
1856 3978 1947 4035 οὖν
1985 3982 2152 4044 ἐστιν,

587 4070 649 4123 Ἠ
681 4067 749 4120 δὲ
773 4067 849 4137 γῆ
880 4066 961 4135 ἦν
985 4065 1236 4132 ἀόρατος
1261 4064 1357 4117 καί
1390 4065 1952 4130 ἀκατασκεύαστος;
1983 4065 2045 4117 Οί
2072 4065 2157 4136 ἐρ-

581 4150 842 4220 μηνευταὶ
864 4148 1213 4218 ήρμήνευσαν
1241 4145 1447 4216 σαφῶς.
1480 4146 1643 4214 Λέγει
1669 4147 1778 4218 γὰρ
1815 4149 1843 4200 6
1891 4145 2151 4210 Ἀκύλας·

589 4235 662 4290 ἸΙ
688 4233 754 4286 δὲ
776 4231 851 4301 γῆ
876 4228 956 4301 ἦν
983 4229 1218 4299 κένωμα
1255 4230 1353 4283 καὶ
1391 4229 1590 4284 οὐδέν,
1635 4231 1888 4301 Ἀόρατος
1915 4230 1972 4284 δὲ
2001 4230 2154 4299 λέγε-

577 4334 687 4380 ται,
722 4318 819 4386 οὐχ
842 4317 923 4368 ὅτι
948 4314 1046 4367 οὐκ
1076 4313 1346 4383 ἐφαίνετο,
1379 4313 1492 4366 ἀλλ’
1524 4312 1600 4376 ὡς
1639 4314 1704 4367 ἂν
1730 4312 1873 4367 εἴποι
1901 4329 2005 4375 τις,
2031 4313 2157 4366 ἀχό-

581 4416 806 4470 σμητος.
834 4398 1058 4450 Οὐδέπω
1100 4392 1168 4465 ἦν
1217 4396 1614 4467 φαιδρυνομένη
1672 4399 1783 4460 τοῖς
1836 4398 2039 4465 φυτοῖς,
2068 4396 2158 4451 οὐο

581 4484 730 4541 δέπω
762 4482 992 4551 καρποῖς
1021 4479 1472 4549 ἐστεφανωμένη,
1505 4479 1713 4533 οὐδέπω
1754 4482 2018 4550 ποταμοῖς
2064 4480 2159 4534 καὶ

581 4567 786 4637 πηγαῖς
809 4561 1162 4632 διεζωσμένη,
1191 4561 1397 4615 οὐδέπω
1424 4564 1489 4631 τῇ
1522 4561 1658 4635 άλλῃ
1677 4564 1941 4634 εὐκοσμίᾳ
1967 4580 2158 4617 πεποι-

580 4648 832 4719 κιλμένη,
861 4646 954 4698 καὶ
983 4641 1050 4717 ἦν
1079 4644 1327 4716 ἀόρατος,
1382 4644 1605 4714 μηδέπω
1653 4645 2159 4699 κατασκευασθεῖσα

582 4732 718 4806 πρὸς
741 4729 1148 4801 ἐπιτηδειότητα
1189 4727 1281 4780 τοῦ
1310 4728 1524 4799 γεννᾷν.
1549 4727 1711 4794 Λέγει
1745 4728 1995 4806 ήΓραφὴ
2032 4728 2158 4800 περί

581 4805 726 4880 τινος
769 4811 1013 4883 ἀνδρείου
1063 4810 1158 4865 καὶ⁸
1201 4810 1517 4881 εὐμόρφουο
1576 4812 1699 4878 Οὐχ
1730 4805 1927 4876 οὗτος,
1974 4811 2155 4879 φησιν,

582 4899 841 4964 ἐπάταξε
860 4897 968 4953 τὸν
990 4895 1177 4965 ἄνδρα
1193 4895 1631 4962 τὸνΛίγύπτιον
1658 4892 1912 4962 ὀρατόνιι
1934 4908 1951 4957 ;
1972 4894 2159 4947 Ἔστιν

582 4981 679 5039 οῦν
707 4982 843 5054 ἀνὴρ
876 4981 1134 5053 ἀόρατος;
1175 4978 1314 5033 Ἀλλ’
1345 4978 1514 5042 ἄξιος,
1561 4978 1726 5048 φησὶ,
1776 4975 1868 5028 τοῦ
1909 4975 2156 5048 ὁρᾶσθαι.

587 5070 798 5138 Ὠσπερ
828 5062 919 5119 οὖν
967 5066 1057 5117 τὸν
1104 5064 1397 5131 Αίγύπτιον
1432 5057 1583 5115 εἶπεν
1627 5061 1793 5132 ἄνδρα
1826 5061 2040 5133 ὁρατὸν,
2081 5063 2160 5127 ὡς

587 5150 735 5217 ἀξιον
754 5147 847 5202 τοῦ
867 5147 1092 5218 ὁρᾶσθαι
1111 5189 1125 5211 ,
1144 5146 1315 5223 οὑτως
1345 5146 1442 5215 τήν
1463 5144 1566 5214 γῆν
1592 5144 1692 5215 τὴν
1724 5145 1968 5215 ἄμορφον
1997 5146 2161 5215 ἀόρα-

586 5251 678 5289 τον
716 5230 992 5285 ἐκάλεσεν.
1023 5230 1102 5300 Τῇ
1121 5240 1142 5266 ο
1174 5229 1404 5300 δευτέρᾳ
1426 5229 1606 5300 ἡμέρᾳ
1635 5225 1784 5281 εἶπεν
1804 5229 1833 5281 6
1858 5226 2020 5292 Θεός’
2049 5231 2160 5283 ['3-

588 5314 824 5387 ιἠθήτω
854 5311 1155 5383 στερέωμα
1180 5311 1250 5366 ἐν
1283 5312 1451 5381 μέσῳ
1474 5311 1581 5366 τοῦ
1603 5310 1845 5378 ὕδατος,
1876 5312 1977 5365 καὶ
2006 5311 2163 5366 ἔστω

656 5523 687 5584 ⁸,
702 5517 919 5569 Combef.
942 5515 1199 5577 distinguit
1213 5517 1261 5584 ,εἰ
1287 5516 1351 5578 μή
1371 5514 1449 5575 ἦν,
1469 5513 1524 5563 τὸ
1549 5516 1612 5578 μή
1632 5516 1686 5565 ὃν
1708 5516 1763 5564 οὐ
1786 5533 1855 5577 γ.,
1876 5517 2158 5579 vertitque:

591 5580 825 5645 uisiqrat,
862 5591 956 5645 nm!
979 5576 1179 5645 emito"
1201 5576 1297 5645 Ῑίιξ
1361 5634 1391 5645 ..

653 5644 683 5683 1ο
714 5636 917 5705 Ὅρατόν
939 5641 1032 5689 hoc
1077 5636 1300 5688 loco'cst
1338 5636 1539 5702 dignum
1580 5636 1868 5700 spectaculo,
1915 5643 1969 5687 ut
2011 5639 2162 5687 vertit

595 5704 1213 5830 γυὲεῧὲιιξέὲίιῗιὲδῖἓλω
1230 5759 1511 5826 .Egyplium
1538 5759 1795 5823 habentur,
1809 5758 1956 5822 p.321
1983 5765 2035 5811 et
2055 5772 2160 5822 sqq.

2017 275 2387 372 SE'VERIANI
3668 326 3755 382 ιιι

2225 432 2565 503 διαχωρίζωλ
2578 434 2885 504 ἁναμέσον
2899 435 3116 502 ὕδατος
3140 436 3232 491 καὶ
3258 436 3490 504 ὕδατος.
3507 438 3758 512 Ἐποίησεν

2223 512 2316 570 οὖν
2353 517 2446 570 τὸν
2490 518 2717 588 οὐρανὸν
2758 518 2968 585 τοῦτον,
3005 521 3067 572 οὐ
3106 520 3197 573 τὸν
3252 523 3456 585 ἐπάνω,
3510 523 3634 577 ἀλλὰ
3682 526 3760 579 τὸν

2225 598 2498 671 ὁρώμενον
2536 602 2594 667 ἐξ
2636 602 2841 656 ὑδάτων
2885 604 3062 673 πήξας
3095 602 3170 666 ὡς
3210 603 3557 674 κρύσταλλον,
3596 607 3761 660 Βούλο-

2231 683 2326 753 μαί
2376 700 2456 737 σοι
2502 685 2850 756 παραστῆσαι
2896 688 3161 757 πρᾶγμα·
3204 687 3376 740 πολλὰ
3411 687 3519 758 γὰρ
3561 692 3623 759 τῇ
3663 691 3764 759 θύει

2232 767 2431 837 μᾶλλον
2478 769 2635 838 ἡμῶν
2685 768 2717 840 ἦ
2763 768 2839 839 τῷ
2881 768 3023 840 λόγῳ
3050 770 3061 779 “
3086 770 3457 841 παραδίδοται.
3518 772 3672 826 Τοῦτο
3716 776 3767 827 τὸ

2232 850 2377 922 ὕδωρ
2412 851 2689 922 ὑπερεῖχε,
2731 853 2862 924 φέρε
2912 856 3108 916 εἰπεῖν.
3145 856 3244 923 τῆς
3285 855 3389 923 γῆς
3427 856 3613 925 πήχεις
3640 856 3769 929 τριά-

2232 932 2457 987 κονταά.
2508 930 2641 988 Εἶτα
2686 931 2838 989 εἶπεν
2885 937 2913 988 6
2950 934 3111 998 Θεός’
3143 936 3463 1003 Γενηθήτω
3506 938 3771 1007 στερέωμα

2233 1017 2303 1069 ἐν
2327 1016 2495 1086 μέσῳ
2524 1018 2629 1072 τοῦ
2671 1018 2906 1085 ὕδατος·
2942 1023 3036 1073 καὶ
3065 1019 3249 1073 λοιπὸν
3277 1021 3336 1073 ἐν
3369 1020 3516 1091 μέσῳ
3542 1022 3641 1074 τῶν
3668 1023 3771 1074 ὑδά-

2234 1119 2341 1157 των
2391 1104 2570 1175 ἐπάγη
2622 1106 2818 1174 πῆγμα
2860 1104 3286 1177 κρυσταλλῶδες,
3325 1108 3420 1159 καὶ
3460 1106 3694 1176 ἐκούφισε
3724 1109 3773 1162 τὸ

2235 1188 2405 1259 ἥμισυ
2454 1191 2547 1243 τοῦ
2598 1190 2789 1254 ὓδατος
2832 1191 2964 1255 ἄνω,
3016 1192 3273 1246 κατέλιπε
3317 1194 3378 1246 τὸ
3422 1195 3588 1264 ἥμισυ
3629 1196 3771 1258 κάτω,

2237 1276 2420 1341 καθὼς
2465 1279 2788 1350 γέγραπται·
2836 1280 3153 1349 Γενηθήτω
3193 1282 3496 1351 στερέωμα
3535 1283 3601 1336 ἐν
3636 1283 3775 1351 μέσῳ

2238 1364 2343 1417 τοῦ
2371 1365 2607 1430 ὕδατος,
2645 1366 2794 1439 [449]
2825 1370 2921 1421 καὶ
2945 1368 3113 1421 ἔσται
3135 1369 3483 1438 διαχωρίζον
3508 1371 3776 1439 ἀναμέσων

2240 1450 2457 1517 ὕδατος
2484 1454 2578 1507 καὶ
2612 1454 2847 1520 ὕδατος.
2875 1457 3024 1509 Διατί
3056 1456 3111 1508 δὲ
3140 1457 3272 1509 αὐτὸ
3300 1457 3458 1509 καλεῖ
3495 1458 3773 1528 στερέωμας

2253 1538 2468 1611 Ἐπειδὴ
2504 1541 2612 1594 ἀπὸ
2641 1542 2849 1608 ἀραιῶν
2888 1543 3090 1596 ὑδάτων
3128 1544 3222 1597 καὶ
3249 1544 3634 1615 διαλελυμένων
3669 1546 3777 1598 αὐτὸ

2242 1627 2558 1698 ἐστερέωσε.
2599 1627 2699 1682 Διὰ
2734 1629 2890 1683 τοῦτο
2919 1631 3009 1683 καὶ
3047 1631 3210 1683 Δαυῖδ
3243 1648 3429 1703 φησιν·
3460 1632 3667 1685 Αἰνεῖτε
3690 1634 3777 1685 αὺ-

2243 1714 2350 1766 τὸν
2376 1715 2446 1767 ἐν
2483 1714 2837 1785 στερεώματι
2869 1716 3174 1787 δυνάμεως
3210 1717 3421 1773 αὐτοῦ.
3451 1720 3556 1773 Καὶ
3587 1719 3662 1771 ἵνα
3684 1718 3777 1772 ἑτέ-

2248 1819 2324 1873 ρῳ
2359 1803 2646 1875 χρήσωμαι
2668 1804 3020 1875 ὑποδείγματι
3049 1817 3102 1845 θ’
3130 1805 3322 1877 ὥσπερ
3344 1806 3568 1871 καπνὸς,
3593 1806 3778 1858 ἐπειδάν

2243 1889 2352 1943 ἀπὸ
2385 1889 2554 1954 ξύλων
2593 1892 2687 1944 καὶ
2722 1891 2890 1967 πυρὸς
2918 1893 3170 1963 ἀναδοθῇ,
3204 1894 3545 1964 ήραιωμένος
3575 1895 3678 1946 ἐστὶ
3704 1894 3777 1945 καὶ

2245 1978 2675 2048 κεχαυνωμένοςο
2714 1980 2929 2033 ἐπειδὰν
2955 1980 3008 2033 δὲ
3045 1980 3227 2052 δράμῃ
3262 1983 3342 2045 είς
3370 1981 3518 2051 ὕψος,
3551 1984 3625 2044 είς
3646 1981 3776 2048 νεφέ-

2244 2064 2344 2135 λης
2375 2066 2658 2137 παχύτητα
2701 2066 3230 2138 μεταρρυθμίζεται·
3270 2068 3413 2122 οὑτω
3458 2068 3561 2121 τῶν
3610 2069 3779 2121 ὑδάτων

2237 2152 2352 2207 ,τῶν
2394 2153 2749 2225 ἠραιωμένων
2785 2155 2813 2207 6
2849 2152 2980 2217 Θεὸς
3015 2154 3113 2226 τὴν
3162 2155 3329 2224 φύσιν
3374 2154 3586 2225 ὑψώσας
3616 2154 3778 2223 ἔπηξεν

2247 2242 2376 2297 ἄνω.
2442 2242 2551 2295 Καὶ
2607 2242 2689 2295 ὅτι
2746 2241 2944 2313 ἀληθὲς
3003 2243 3064 2295 τὸ
3122 2243 3437 2314 ὑπόδειγμα
3464 2242 3507 2307 ί,
3559 2243 3783 2313 μαρτυρεῖ

2260 2327 2483 2391 Ἡσαΐας
2526 2327 2718 2396 λέγων,
2765 2329 2846 2382 ὅτι
2902 2327 2960 2382 '0
2990 2329 3244 2397 οὐρανὸς
3290 2331 3371 2397 ὠς
3407 2330 3624 2396 καπνὸς
3654 2330 3782 2383 ἐστε·

2244 2414 2452 2484 ρεώθη.
2499 2416 2701 2484 Παγεὶς
2729 2415 2906 2469 τοίνυν
2952 2417 3010 2469 ἐν
3041 2417 3191 2488 μέσῳ
3225 2418 3345 2471 τῶν
3372 2418 3571 2472 ὑδάτων
3598 2420 3625 2470 6
3648 2419 3780 2486 οὐρα·

2249 2504 2357 2567 νὸς,
2392 2503 2644 2574 ἐκούφισε
2674 2505 2742 2558 τά
2763 2502 3033 2576 ἡμίσε[ι]α
3059 2504 3166 2558 τῶν
3199 2505 3415 2560 ὑδάτων
3441 2506 3566 2560 ἄνω.
3588 2505 3716 2558 Διατί
3735 2503 3779 2565 δὲ

2249 2592 2360 2645 ἄνω
2394 2591 2560 2645 ὑδατα
2584 2608 2598 2657 ;
2628 2592 2763 2663 πρὸς
2787 2593 2945 2645 ποίαν
2970 2593 3195 2664 χρῆσιν;
3231 2594 3328 2647 ἵνα
3349 2612 3433 2658 τις
3462 2594 3554 2666 πίῃ
3578 2610 3592 2657 ;
3621 2594 3696 2645 ἵνα
3716 2607 3781 2652 τις

2250 2679 2494 2750 πλεύσῃς
2526 2679 2645 2733 ’Ότι
2687 2680 2783 2749 μὲν
2822 2678 2931 2751 γὰρ
2980 2679 3127 2732 ἐστιν
3165 2679 3344 2734 ὕδατα
3394 2682 3521 2744 ἄνω,
3559 2678 3782 2750 μαρτυρεῖ

2251 2766 2411 2820 Δαυῒδ
2443 2766 2636 2835 λέγων·
2664 2766 2773 2821 Καὶ
2804 2767 2871 2819 τὸ
2898 2766 3053 2835 ὕδωρ
3094 2766 3162 2820 τὸ
3188 2768 3469 2837 ὑπεράνω
3497 2766 3609 2821 τῶν
3638 2769 3780 2833 οὐρα·

2251 2855 2393 2908 νῶν.
2428 2856 2668 2926 Πρόσεχε
2710 2855 2896 2909 λοιπὸν
2944 2857 3044 2928 τὴν
3088 2856 3292 2927 σοφίαν
3331 2856 3426 2911 τοῦ
3465 2854 3761 2928 Δημιουργοῦ

2253 2941 2680 3012 κρυσταλλώδης
2735 2938 2804 3013 ἦν
2862 2944 2890 2996 ὁ
2931 2944 3158 3014 οὐρανὸς
3204 2944 3323 2999 ἀπὸ
3361 2945 3559 2999 ὑδάτων
3602 2942 3779 3010 παγείςο

2253 3029 2438 3098 ἐπειδὴ
2466 3028 2573 3100 γάρ
2599 3029 2787 3101 ἔμελλε
2809 3029 3054 3100 δέχεσθαι
3078 3030 3225 3102 ήλίου
3256 3033 3436 3101 φλόγα
3461 3034 3550 3086 καί
3575 3031 3777 3102 σελήνης.

2254 3117 2347 3169 καὶ
2375 3116 2588 3187 ἄστρων
2617 3116 2817 3187 ἄπειρα
2842 3117 3040 3189 πλήθη,
3082 3119 3173 3172 καὶ
3203 3112 3351 3173 εἶναι
3378 3119 3493 3183 ὅλος
3527 3118 3676 3188 πυρὸς
3701 3132 3779 3171 πε.-

2255 3203 2626 3275 πληρωμένος,
2650 3204 2735 3256 ἵνα
2762 3205 2834 3277 μὴ
2861 3206 2965 3260 ὑπὸ
2992 3208 3088 3277 τῆς
3113 3204 3452 3281 θερμότητος
3478 3207 3599 3277 λυθῇ
3626 3205 3654 3275 ἦ
3682 3204 3780 3273 φλεὸ

2255 3291 2383 3362 χθῇ,
2414 3292 2724 3363 ἐπέστρωσε
2755 3294 2867 3356 τοῖς
2895 3292 3083 3358 νώτοις
3120 3293 3214 3347 τοῦ
3243 3294 3480 3367 οὐρανοῦ
3514 3293 3579 3346 τὰ
3612 3291 3781 3358 πελάγη

2257 3381 2437 3433 ἐκεῖνα
2456 3379 2564 3432 τῶν
2589 3379 2817 3444 ὑδάτων,
2860 3379 2948 3433 ἵνα
2974 3379 3196 3453 λιπαίνῃ
3233 3384 3335 3435 καὶ
3374 3381 3622 3451 ἐπαλείφῃ
3650 3374 3781 3430 αὐτοῦ

2256 3464 2325 3519 τὰ
2351 3466 2515 3531 νῶτα,
2542 3467 2635 3519 καὶ
2662 3464 2833 3529 οὑτως
2870 3466 3074 3541 ἀντέχῃ
3096 3469 3234 3539 πρὸς
3263 3469 3367 3539 τὴν
3397 3468 3579 3538 φλόγα,
3614 3466 3694 3519 καὶ
3722 3460 3781 3530 μὴ

2258 3552 2549 3624 φρύγηται.
2581 3553 2765 3623 Ἔχεις
2800 3552 2857 3605 δέ
2885 3553 2979 3607 καὶ
3014 3555 3344 3623 ὑπόδειγμα⁸
3379 3556 3558 3624 ὥσπερ
3589 3554 3781 3622 σήμεαιν

2258 3640 2353 3693 ἐὰν
2397 3640 2590 3710 ἐπιθῇς
2634 3639 2835 3710 λέϐητα
2866 3641 3047 3695 ἐπάνω
3080 3642 3269 3712 πυρὸς,
3307 3642 3400 3695 ἐὰν
3445 3641 3539 3712 μὲν
3565 3640 3687 3705 ὕδωρ
3708 3638 3778 3688 ἐπ·

2255 3727 2462 3804 ἀνωθεν
2493 3723 2552 3802 ᾖ,
2579 3727 2788 3798 ἀντέχει
2830 3727 2964 3800 πρὸς
2996 3729 3057 3782 τὸ
3090 3728 3219 3799 πῦρο
3250 3731 3352 3784 ἐὰν
3375 3730 3429 3784 δὲ
3468 3729 3537 3800 μὴ
3560 3728 3663 3798 ἔχῃ,
3691 3724 3783 3776 δια-

2258 3815 2494 3869 λέλυται·
2524 3813 2695 3879 οὑτως
2723 3819 2751 3870 6
2782 3816 2912 3880 Θεὸς
2939 3817 3232 3888 ἀντέθηκεν
3259 3818 3558 3905 ἀντίπαλον1
3584 3815 3652 3885 τῷ
3678 3809 3784 3881 πυρὶ

2258 3902 2320 3955 τὸ
2361 3901 2524 3972 ὕδωρ,
2576 3902 2663 3955 ἵνα
2708 3901 2806 3974 ἔχῃ
2851 3902 3122 3973 ἀρκοῦσαν
3165 3905 3265 3974 τὴν
3309 3898 3559 3976 διαμονὴν
3602 3903 3659 3953 ἐκ
3700 3898 3783 3950 τῶν

2259 3988 2462 4043 ἄνωθεν
2511 3988 2906 4058 ἐπαλειφόντων
2943 3990 3103 4044 αὐτὸν
3146 3991 3376 4048 ὑδάτων.
3424 3992 3530 4045 Καὶ
3573 3988 3713 4059 βλέπε
3738 3983 3783 4035 τὸ

2262 4074 2589 4145 θαυμαστόν·
2621 4075 2860 4131 τοιοῦτον
2895 4078 3202 4149 περισσεύει
3234 4079 3317 4149 τῷ
3352 4077 3578 4150 οὐρανίῳ
3611 4072 3784 4143 σώματι

2263 4166 2447 4236 ὑγρὸν,
2477 4165 2582 4220 ὑπὸ
2613 4166 2865 4219 τοσούτου
2898 4167 3066 4237 πυρὸς
3101 4167 3521 4240 πολεμούμενον,
3544 4167 3618 4220 ὅτι
3639 4160 3783 4227 καὶτῇ

2261 4256 2331 4325 γῇ
2362 4253 2613 4317 δανείζει.
2664 4253 2815 4306 Ἐπεὶ
2844 4253 3003 4306 πόθεν
3034 4256 3066 4326 ή
3095 4254 3312 4326 δρόσος;
3334 4256 3542 4325 Νεφέλη
3570 4245 3783 4320 οὐδαμοῦ,

2263 4343 2292 4394 6
2344 4341 2451 4412 ἀὴρ
2502 4341 2645 4412 ὕδωρ
2692 4342 2795 4394 οὐκ
2837 4341 2967 4410 ἔχει·
3020 4342 3260 4412 δηλονότι
3304 4347 3332 4399 6
3368 4343 3583 4415 οὐρανὸς
3620 4333 3786 4392 ἐκτῶν

2264 4430 2692 4500 περισσευόντων
2729 4430 2876 4500 αὐτῷ
2901 4431 3215 4496 ἀποστάζει.
3244 4432 3345 4486 Διά
3372 4431 3524 4486 τοῦτο
3549 4429 3632 4484 καὶ
3656 4428 3681 4480 6
3707 4439 3786 4476 πα-

2263 4517 2528 4588 τριάρχης
2563 4517 2747 4570 Ἰσαάκ
2775 4517 3011 4587 εὐλογῶν
3034 4517 3126 4571 τὸν
3164 4519 3357 4572 Ἰακὼϐ
3387 4520 3555 4587 ἔλεγε·
3583 4512 3692 4579 Δῴη
3708 4524 3785 4563 σοι

2266 4607 2298 4658 d
2331 4603 2475 4670 Θεὸς
2502 4603 2618 4659 ἀπὸ
2647 4603 2756 4673 τῆς
2779 4604 3002 4673 δρόσου
3023 4606 3129 4661 τοῦ
3153 4607 3432 4675 οίψανοῦ,
3460 4604 3555 4659 καί
3573 4600 3677 4658 ἀπὸ
3701 4594 3787 4663 τῆς

2266 4693 2540 4760 πιότητος
2579 4689 2689 4760 τῆς
2722 4690 2797 4760 γῆ
2803 4713 2851 4757 ς.

2333 4774 2394 4827 δ’.
2435 4774 2665 4842 Λέγεται
2701 4773 2778 4837 δὲ,
2811 4774 3050 4844 ἀδελφοὶ,
3074 4777 3154 4829 ὅτι
3190 4778 3249 4829 ἐν
3273 4780 3341 4849 τῇ
3375 4775 3553 4847 ἡμέρᾳ
3576 4774 3663 4842 τῆς
3690 4764 3785 4836 κρί-

2268 4878 2403 4923 σεως
2426 4860 2700 4932 ὑποχωρεί
2719 4862 2778 4914 τὸ
2802 4860 2945 4934 ὓδωρ
2971 4863 3030 4916 τὸ
3053 4864 3181 4928 ἄνω,
3218 4864 3309 4917 καὶ
3338 4866 3366 4917 6
3399 4860 3611 4933 οὐρανὸς
3635 4855 3784 4909 λύεται

2270 4950 2347 5020 μὴ
2371 4948 2508 5018 ἔχων
2531 4948 2637 5002 τῶν
2661 4948 2867 5002 ὑδάτων
2901 4950 2999 5021 τὴν
3026 4949 3300 5017 σύστασιν,
3333 4952 3425 5005 καὶ
3450 4950 3613 5018 άστρα
3633 4943 3785 4997 πίπτει

2270 5037 2344 5109 μὴ
2395 5036 2581 5107 ἔχοντα
2636 5036 2752 5089 666v
2808 5036 2840 5108 ἢ
2891 5036 3064 5107 βάσιν.
3124 5039 3308 5093 Ταῦτα
3352 5035 3444 5093 οὖν
3491 5038 3549 5091 οὐ
3596 5032 3782 5099 λέγομεν

2267 5124 2470 5189 ἁπλῶς,
2514 5124 2625 5178 ἀλλ’
2653 5126 2687 5195 ή
2716 5125 2905 5196 Γραφὴ
2934 5125 3191 5180 διδάσκει·
3232 5126 3599 5197 Είλιγήσεται
3634 5116 3726 5186 γὰρ
3757 5111 3781 5162 δ

2267 5212 2521 5282 οἰφανὸς
2550 5213 2630 5278 ὡς
2647 5212 2890 5277 βιϐλίον
2939 5212 3079 5283 (ἀντὶ
3103 5213 3217 5279 τοῦ,
3252 5214 3596 5286 φρυγόμενος*
3622 5205 3675 5257 τδ
3697 5198 3779 5269 15‘?

2268 5299 2605 5373 φρυγόμενον
2636 5298 2901 5369 εἰλεῖται),
2948 5300 3047 5355 καὶ
3086 5302 3157 5356 τὰ
3200 5302 3391 5370 ἄστρα
3441 5294 3687 5353 πεσεῖται
3718 5286 3781 5349 ὡς

2330 5630 2356 5670 εἴ
2383 5633 2577 5682 Cosmas
2597 5633 2763 5695 πήχεις
2788 5633 2937 5695 πέντε,

2337 5707 2361 5757 ς
2385 5695 2582 5757 Cosmas
2602 5695 2960 5757 παραδείγματι.

2337 5756 2360 5797 ί
2389 5756 2584 5813 Cpsmas
2601 5756 2680 5806 καὶ
2703 5757 2774 5806 ὅτι
2796 5755 2961 5817 ἀληθὲς
2986 5756 3042 5809 τὸ
3060 5758 3249 5823 δεῖγμα.

2546 5885 2577 5895 α
