  <div class='ocr_page' id='page_1' title='image "/cluster/home/n/w/nwhite01/storage/ocr_20150623/56/hvd.32044048208490/436.png"; bbox 0 0 1991 3099; ppageno 0'>
   <div class='ocr_carea' id='block_1_1' title="bbox 150 97 1250 139">
    <p class='ocr_par' dir='ltr' id='par_1_1' title="bbox 150 97 1250 139">
     <span class='ocr_line' id='line_1_1' title="bbox 150 97 1250 139; baseline -0.005 0"><span class='ocrx_word' id='word_1_1' title='bbox 150 97 197 139; x_wconf 78' lang='lat' dir='ltr'><strong>Hi</strong></span> <span class='ocrx_word' id='word_1_2' title='bbox 668 109 711 136; x_wconf 84' lang='lat' dir='ltr'><strong>DE</strong></span> <span class='ocrx_word' id='word_1_3' title='bbox 730 107 835 136; x_wconf 78' lang='lat' dir='ltr'><strong>MUNDI</strong></span> <span class='ocrx_word' id='word_1_4' title='bbox 855 105 1051 133; x_wconf 73' lang='lat' dir='ltr'><strong>CREATIONE</strong></span> <span class='ocrx_word' id='word_1_5' title='bbox 1071 106 1198 134; x_wconf 79' lang='lat' dir='ltr'><strong>ORATIO</strong></span> <span class='ocrx_word' id='word_1_6' title='bbox 1218 106 1250 134; x_wconf 88' lang='lat' dir='ltr'><strong>ll.</strong></span> 
     </span>
    </p>
   </div>
   <div class='ocr_carea' id='block_1_2' title="bbox 150 164 940 203">
    <p class='ocr_par' dir='ltr' id='par_1_2' title="bbox 150 164 940 203">
     <span class='ocr_line' id='line_1_2' title="bbox 150 164 940 203; baseline -0.009 -7"><span class='ocrx_word' id='word_1_7' title='bbox 150 176 182 196; x_wconf 89' lang='lat' dir='ltr'><strong>eo</strong></span> <span class='ocrx_word' id='word_1_8' title='bbox 197 167 243 203; x_wconf 88' lang='lat' dir='ltr'><strong>qui</strong></span> <span class='ocrx_word' id='word_1_9' title='bbox 265 173 324 195; x_wconf 90' lang='lat' dir='ltr'><strong>erat</strong></span> <span class='ocrx_word' id='word_1_10' title='bbox 350 173 482 203; x_wconf 79' lang='lat' dir='ltr'><strong>qtnernut,</strong></span> <span class='ocrx_word' id='word_1_11' title='bbox 504 167 636 202; x_wconf 90' lang='lat' dir='ltr'><strong>quontodo</strong></span> <span class='ocrx_word' id='word_1_12' title='bbox 649 166 753 201; x_wconf 77' lang='lat' dir='ltr'><strong>gt‘ttittts</strong></span> <span class='ocrx_word' id='word_1_13' title='bbox 779 166 822 192; x_wconf 87' lang='lat' dir='ltr'><strong>sit.</strong></span> <span class='ocrx_word' id='word_1_14' title='bbox 837 164 863 191; x_wconf 88' lang='lat' dir='ltr'><strong>Si</strong></span> <span class='ocrx_word' id='word_1_15' title='bbox 888 171 940 190; x_wconf 89' lang='lat' dir='ltr'><strong>non</strong></span> 
     </span>
    </p>
   </div>
   <div class='ocr_carea' id='block_1_3' title="bbox 152 210 939 246">
    <p class='ocr_par' dir='ltr' id='par_1_3' title="bbox 152 210 939 246">
     <span class='ocr_line' id='line_1_3' title="bbox 152 210 939 246; baseline -0.006 -6"><span class='ocrx_word' id='word_1_16' title='bbox 152 218 229 240; x_wconf 88' lang='lat' dir='ltr'><strong>erant</strong></span> <span class='ocrx_word' id='word_1_17' title='bbox 243 213 286 240; x_wconf 88' lang='lat' dir='ltr'><strong>illa</strong></span> <span class='ocrx_word' id='word_1_18' title='bbox 304 221 356 241; x_wconf 92' lang='lat' dir='ltr'><strong>non</strong></span> <span class='ocrx_word' id='word_1_19' title='bbox 372 214 502 240; x_wconf 83' lang='lat' dir='ltr'><strong>exstantia</strong></span> <span class='ocrx_word' id='word_1_20' title='bbox 513 235 520 246; x_wconf 88' lang='lat'><strong>,</strong></span> <span class='ocrx_word' id='word_1_21' title='bbox 536 213 632 244; x_wconf 87' lang='lat' dir='ltr'><strong>dicant,</strong></span> <span class='ocrx_word' id='word_1_22' title='bbox 650 211 782 246; x_wconf 90' lang='lat' dir='ltr'><strong>qttoutodo</strong></span> <span class='ocrx_word' id='word_1_23' title='bbox 796 210 862 237; x_wconf 84' lang='lat' dir='ltr'><strong>facta</strong></span> <span class='ocrx_word' id='word_1_24' title='bbox 876 210 939 236; x_wconf 88' lang='lat' dir='ltr'><strong>sint.</strong></span> 
     </span>
    </p>
   </div>
   <div class='ocr_carea' id='block_1_4' title="bbox 151 257 942 292">
    <p class='ocr_par' dir='ltr' id='par_1_4' title="bbox 151 257 942 292">
     <span class='ocr_line' id='line_1_4' title="bbox 151 257 942 292; baseline -0.004 -7"><span class='ocrx_word' id='word_1_25' title='bbox 151 259 227 292; x_wconf 83' lang='lat' dir='ltr'><strong>Quod</strong></span> <span class='ocrx_word' id='word_1_26' title='bbox 243 267 296 285; x_wconf 92' lang='lat' dir='ltr'><strong>non</strong></span> <span class='ocrx_word' id='word_1_27' title='bbox 310 264 361 292; x_wconf 89' lang='lat' dir='ltr'><strong>est,</strong></span> <span class='ocrx_word' id='word_1_28' title='bbox 379 267 430 286; x_wconf 91' lang='lat' dir='ltr'><strong>non</strong></span> <span class='ocrx_word' id='word_1_29' title='bbox 446 259 559 286; x_wconf 84' lang='lat' dir='ltr'><strong>efﬁcitur</strong></span> <span class='ocrx_word' id='word_1_30' title='bbox 581 258 725 285; x_wconf 86' lang='lat' dir='ltr'><strong>secundum</strong></span> <span class='ocrx_word' id='word_1_31' title='bbox 741 257 885 283; x_wconf 89' lang='lat' dir='ltr'><strong>ltutttanont</strong></span> <span class='ocrx_word' id='word_1_32' title='bbox 900 264 942 282; x_wconf 91' lang='lat' dir='ltr'><strong>ra-</strong></span> 
     </span>
    </p>
   </div>
   <div class='ocr_carea' id='block_1_5' title="bbox 153 301 941 336">
    <p class='ocr_par' dir='ltr' id='par_1_5' title="bbox 153 301 941 336">
     <span class='ocr_line' id='line_1_5' title="bbox 153 301 941 336; baseline -0.004 -6"><span class='ocrx_word' id='word_1_33' title='bbox 153 304 300 336; x_wconf 74' lang='lat' dir='ltr'><strong>tiocinium,</strong></span> <span class='ocrx_word' id='word_1_34' title='bbox 313 312 363 330; x_wconf 91' lang='lat' dir='ltr'><strong>nou</strong></span> <span class='ocrx_word' id='word_1_35' title='bbox 376 304 439 330; x_wconf 92' lang='lat' dir='ltr'><strong>iteut</strong></span> <span class='ocrx_word' id='word_1_36' title='bbox 455 303 598 331; x_wconf 90' lang='lat' dir='ltr'><strong>secundum</strong></span> <span class='ocrx_word' id='word_1_37' title='bbox 608 303 722 330; x_wconf 88' lang='lat' dir='ltr'><strong>divinatn</strong></span> <span class='ocrx_word' id='word_1_38' title='bbox 736 303 870 328; x_wconf 91' lang='lat' dir='ltr'><strong>virtuteut.</strong></span> <span class='ocrx_word' id='word_1_39' title='bbox 887 301 941 327; x_wconf 86' lang='lat' dir='ltr'><strong>Ali-</strong></span> 
     </span>
    </p>
   </div>
   <div class='ocr_carea' id='block_1_6' title="bbox 152 346 939 381">
    <p class='ocr_par' dir='ltr' id='par_1_6' title="bbox 152 346 939 381">
     <span class='ocr_line' id='line_1_6' title="bbox 152 346 939 381; baseline -0.001 -8"><span class='ocrx_word' id='word_1_40' title='bbox 152 348 257 381; x_wconf 87' lang='lat' dir='ltr'><strong>quando</strong></span> <span class='ocrx_word' id='word_1_41' title='bbox 268 348 333 375; x_wconf 86' lang='lat' dir='ltr'><strong>dicit</strong></span> <span class='ocrx_word' id='word_1_42' title='bbox 344 348 504 380; x_wconf 72' lang='lat' dir='ltr'><strong>hzcreticus;</strong></span> <span class='ocrx_word' id='word_1_43' title='bbox 519 348 588 374; x_wconf 72' lang='lat' dir='ltr'><strong>Dixit</strong></span> <span class='ocrx_word' id='word_1_44' title='bbox 602 348 710 380; x_wconf 84' lang='lat' dir='ltr'><strong>Deus,et</strong></span> <span class='ocrx_word' id='word_1_45' title='bbox 724 346 790 374; x_wconf 85' lang='lat' dir='ltr'><strong>facta</strong></span> <span class='ocrx_word' id='word_1_46' title='bbox 802 351 873 373; x_wconf 86' lang='lat' dir='ltr'><strong>sunt.</strong></span> <span class='ocrx_word' id='word_1_47' title='bbox 888 346 939 373; x_wconf 91' lang='lat' dir='ltr'><strong>Sed</strong></span> 
     </span>
    </p>
   </div>
   <div class='ocr_carea' id='block_1_7' title="bbox 152 391 964 425">
    <p class='ocr_par' dir='ltr' id='par_1_7' title="bbox 152 391 964 425">
     <span class='ocr_line' id='line_1_7' title="bbox 152 391 964 425; baseline -0.002 -6"><span class='ocrx_word' id='word_1_48' title='bbox 152 401 221 420; x_wconf 88' lang='lat' dir='ltr'><strong>nunc</strong></span> <span class='ocrx_word' id='word_1_49' title='bbox 237 401 293 421; x_wconf 88' lang='lat' dir='ltr'><strong>rem</strong></span> <span class='ocrx_word' id='word_1_50' title='bbox 307 393 407 425; x_wconf 77' lang='lat' dir='ltr'><strong>dixisti,</strong></span> <span class='ocrx_word' id='word_1_51' title='bbox 423 401 473 419; x_wconf 92' lang='lat' dir='ltr'><strong>non</strong></span> <span class='ocrx_word' id='word_1_52' title='bbox 491 393 606 420; x_wconf 87' lang='lat' dir='ltr'><strong>tnoduttt.</strong></span> <span class='ocrx_word' id='word_1_53' title='bbox 624 392 694 419; x_wconf 69' lang='lat' dir='ltr'><strong>Dixit</strong></span> <span class='ocrx_word' id='word_1_54' title='bbox 710 392 787 425; x_wconf 83' lang='lat' dir='ltr'><strong>Deus,</strong></span> <span class='ocrx_word' id='word_1_55' title='bbox 803 391 862 417; x_wconf 86' lang='lat' dir='ltr'><strong>Fiat</strong></span> <span class='ocrx_word' id='word_1_56' title='bbox 876 391 919 417; x_wconf 71' lang='lat' dir='ltr'><strong>lux</strong></span> <span class='ocrx_word' id='word_1_57' title='bbox 932 399 941 417; x_wconf 81' lang='lat'><strong>.&#39;</strong></span> <span class='ocrx_word' id='word_1_58' title='bbox 959 395 964 399; x_wconf 93' lang='lat'><em>‘</em></span> 
     </span>
    </p>
   </div>
   <div class='ocr_carea' id='block_1_8' title="bbox 155 438 947 473">
    <p class='ocr_par' dir='ltr' id='par_1_8' title="bbox 155 438 947 473">
     <span class='ocr_line' id='line_1_8' title="bbox 155 438 947 473; baseline -0.004 -8"><span class='ocrx_word' id='word_1_59' title='bbox 155 440 255 466; x_wconf 80' lang='lat' dir='ltr'><strong>factum</strong></span> <span class='ocrx_word' id='word_1_60' title='bbox 273 444 315 466; x_wconf 86' lang='lat' dir='ltr'><strong>est</strong></span> <span class='ocrx_word' id='word_1_61' title='bbox 333 439 357 466; x_wconf 92' lang='lat' dir='ltr'><strong>id</strong></span> <span class='ocrx_word' id='word_1_62' title='bbox 371 439 442 473; x_wconf 87' lang='lat' dir='ltr'><strong>quod</strong></span> <span class='ocrx_word' id='word_1_63' title='bbox 456 447 507 466; x_wconf 87' lang='lat' dir='ltr'><strong>non</strong></span> <span class='ocrx_word' id='word_1_64' title='bbox 520 443 587 466; x_wconf 88' lang='lat' dir='ltr'><strong>erat.</strong></span> <span class='ocrx_word' id='word_1_65' title='bbox 604 439 698 465; x_wconf 82' lang='lat' dir='ltr'><strong>Sermo</strong></span> <span class='ocrx_word' id='word_1_66' title='bbox 715 438 741 464; x_wconf 89' lang='lat' dir='ltr'><strong>itt</strong></span> <span class='ocrx_word' id='word_1_67' title='bbox 755 445 810 465; x_wconf 90' lang='lat' dir='ltr'><strong>rem</strong></span> <span class='ocrx_word' id='word_1_68' title='bbox 825 441 947 463; x_wconf 89' lang='lat' dir='ltr'><strong>mutatus.</strong></span> 
     </span>
    </p>
   </div>
   <div class='ocr_carea' id='block_1_9' title="bbox 152 483 942 519">
    <p class='ocr_par' dir='ltr' id='par_1_9' title="bbox 152 483 942 519">
     <span class='ocr_line' id='line_1_9' title="bbox 152 483 942 519; baseline -0.004 -8"><span class='ocrx_word' id='word_1_69' title='bbox 152 491 191 511; x_wconf 77' lang='lat' dir='ltr'><strong>est</strong></span> <span class='ocrx_word' id='word_1_70' title='bbox 203 494 209 516; x_wconf 83' lang='lat'><strong>;</strong></span> <span class='ocrx_word' id='word_1_71' title='bbox 222 489 294 519; x_wconf 86' lang='lat' dir='ltr'><strong>puta,</strong></span> <span class='ocrx_word' id='word_1_72' title='bbox 309 485 363 519; x_wconf 88' lang='lat' dir='ltr'><strong>ipsa</strong></span> <span class='ocrx_word' id='word_1_73' title='bbox 373 492 423 511; x_wconf 78' lang='lat' dir='ltr'><strong>vox</strong></span> <span class='ocrx_word' id='word_1_74' title='bbox 438 492 544 518; x_wconf 77' lang='lat' dir='ltr'><strong>egressa</strong></span> <span class='ocrx_word' id='word_1_75' title='bbox 557 483 623 511; x_wconf 86' lang='lat' dir='ltr'><strong>facta</strong></span> <span class='ocrx_word' id='word_1_76' title='bbox 637 488 677 511; x_wconf 88' lang='lat' dir='ltr'><strong>est</strong></span> <span class='ocrx_word' id='word_1_77' title='bbox 690 483 744 510; x_wconf 82' lang='lat' dir='ltr'><strong>lux.</strong></span> <span class='ocrx_word' id='word_1_78' title='bbox 756 483 824 518; x_wconf 84' lang='lat' dir='ltr'><strong>Ergo</strong></span> <span class='ocrx_word' id='word_1_79' title='bbox 839 490 890 509; x_wconf 88' lang='lat' dir='ltr'><strong>tton</strong></span> <span class='ocrx_word' id='word_1_80' title='bbox 902 485 942 508; x_wconf 89' lang='lat' dir='ltr'><strong>est</strong></span> 
     </span>
    </p>
   </div>
   <div class='ocr_carea' id='block_1_10' title="bbox 151 529 941 562">
    <p class='ocr_par' dir='ltr' id='par_1_10' title="bbox 151 529 941 562">
     <span class='ocr_line' id='line_1_10' title="bbox 151 529 941 562; baseline -0.003 -6"><span class='ocrx_word' id='word_1_81' title='bbox 151 539 182 556; x_wconf 79' lang='lat' dir='ltr'><strong>ex</strong></span> <span class='ocrx_word' id='word_1_82' title='bbox 197 537 249 556; x_wconf 89' lang='lat' dir='ltr'><strong>tton</strong></span> <span class='ocrx_word' id='word_1_83' title='bbox 260 530 437 562; x_wconf 69' lang='lat' dir='ltr'><strong>exstantibus,</strong></span> <span class='ocrx_word' id='word_1_84' title='bbox 448 529 493 556; x_wconf 93' lang='lat' dir='ltr'><strong>sed</strong></span> <span class='ocrx_word' id='word_1_85' title='bbox 507 537 539 556; x_wconf 89' lang='lat' dir='ltr'><strong>ex</strong></span> <span class='ocrx_word' id='word_1_86' title='bbox 554 530 692 557; x_wconf 75' lang='lat' dir='ltr'><strong>existente.</strong></span> <span class='ocrx_word' id='word_1_87' title='bbox 710 529 774 562; x_wconf 82' lang='lat' dir='ltr'><strong>Quis</strong></span> <span class='ocrx_word' id='word_1_88' title='bbox 789 529 859 555; x_wconf 82' lang='lat' dir='ltr'><strong>enim</strong></span> <span class='ocrx_word' id='word_1_89' title='bbox 873 529 941 554; x_wconf 88' lang='lat' dir='ltr'><strong>attsit</strong></span> 
     </span>
    </p>
   </div>
   <div class='ocr_carea' id='block_1_11' title="bbox 151 574 940 610">
    <p class='ocr_par' dir='ltr' id='par_1_11' title="bbox 151 574 940 610">
     <span class='ocr_line' id='line_1_11' title="bbox 151 574 940 610; baseline -0.001 -9"><span class='ocrx_word' id='word_1_90' title='bbox 151 576 240 603; x_wconf 78' lang='lat' dir='ltr'><strong>dicere</strong></span> <span class='ocrx_word' id='word_1_91' title='bbox 255 575 372 603; x_wconf 79' lang='lat' dir='ltr'><strong>Verbum</strong></span> <span class='ocrx_word' id='word_1_92' title='bbox 389 584 440 603; x_wconf 89' lang='lat' dir='ltr'><strong>ll0n</strong></span> <span class='ocrx_word' id='word_1_93' title='bbox 455 575 579 603; x_wconf 79' lang='lat' dir='ltr'><strong>exstare?</strong></span> <span class='ocrx_word' id='word_1_94' title='bbox 595 575 664 610; x_wconf 83' lang='lat' dir='ltr'><strong>Ergo</strong></span> <span class='ocrx_word' id='word_1_95' title='bbox 680 575 745 601; x_wconf 85' lang='lat' dir='ltr'><strong>nihil</strong></span> <span class='ocrx_word' id='word_1_96' title='bbox 756 574 818 602; x_wconf 86' lang='lat' dir='ltr'><strong>fecit</strong></span> <span class='ocrx_word' id='word_1_97' title='bbox 831 582 863 601; x_wconf 90' lang='lat' dir='ltr'><strong>ex</strong></span> <span class='ocrx_word' id='word_1_98' title='bbox 889 582 940 600; x_wconf 90' lang='lat' dir='ltr'><strong>tton</strong></span> 
     </span>
    </p>
   </div>
   <div class='ocr_carea' id='block_1_12' title="bbox 150 621 941 656">
    <p class='ocr_par' dir='ltr' id='par_1_12' title="bbox 150 621 941 656">
     <span class='ocr_line' id='line_1_12' title="bbox 150 621 941 656; baseline -0.003 -7"><span class='ocrx_word' id='word_1_99' title='bbox 150 622 326 654; x_wconf 72' lang='lat' dir='ltr'><strong>exstantibus,</strong></span> <span class='ocrx_word' id='word_1_100' title='bbox 342 622 388 649; x_wconf 86' lang='lat' dir='ltr'><strong>sed</strong></span> <span class='ocrx_word' id='word_1_101' title='bbox 401 630 436 650; x_wconf 88' lang='lat' dir='ltr'><strong>ex</strong></span> <span class='ocrx_word' id='word_1_102' title='bbox 453 622 496 649; x_wconf 91' lang='lat' dir='ltr'><strong>illo</strong></span> <span class='ocrx_word' id='word_1_103' title='bbox 509 631 515 648; x_wconf 73' lang='grc' dir='ltr'>ε</span> <span class='ocrx_word' id='word_1_104' title='bbox 531 622 621 656; x_wconf 90' lang='lat' dir='ltr'><strong>sicque</strong></span> <span class='ocrx_word' id='word_1_105' title='bbox 636 621 801 656; x_wconf 89' lang='lat' dir='ltr'><strong>reperiuntur</strong></span> <span class='ocrx_word' id='word_1_106' title='bbox 814 625 941 648; x_wconf 81' lang='lat' dir='ltr'><strong>creaturae</strong></span> 
     </span>
    </p>
   </div>
   <div class='ocr_carea' id='block_1_13' title="bbox 151 667 939 702">
    <p class='ocr_par' dir='ltr' id='par_1_13' title="bbox 151 667 939 702">
     <span class='ocr_line' id='line_1_13' title="bbox 151 667 939 702; baseline -0.001 -8"><span class='ocrx_word' id='word_1_107' title='bbox 151 668 200 701; x_wconf 82' lang='lat' dir='ltr'><strong>ipsi</strong></span> <span class='ocrx_word' id='word_1_108' title='bbox 207 668 456 700; x_wconf 87' lang='lat' dir='ltr'><strong>consubstantiales,</strong></span> <span class='ocrx_word' id='word_1_109' title='bbox 466 667 568 702; x_wconf 85' lang='lat' dir='ltr'><strong>etquod</strong></span> <span class='ocrx_word' id='word_1_110' title='bbox 579 667 612 694; x_wconf 86' lang='lat' dir='ltr'><strong>de</strong></span> <span class='ocrx_word' id='word_1_111' title='bbox 623 667 690 694; x_wconf 85' lang='lat' dir='ltr'><strong>Filio</strong></span> <span class='ocrx_word' id='word_1_112' title='bbox 698 668 786 694; x_wconf 82' lang='lat' dir='ltr'><strong>dicere</strong></span> <span class='ocrx_word' id='word_1_113' title='bbox 798 667 939 701; x_wconf 83' lang='lat' dir='ltr'><strong>refugiunt,</strong></span> 
     </span>
    </p>
   </div>
   <div class='ocr_carea' id='block_1_14' title="bbox 151 713 935 741">
    <p class='ocr_par' dir='ltr' id='par_1_14' title="bbox 151 713 935 741">
     <span class='ocr_line' id='line_1_14' title="bbox 151 713 935 741; baseline 0 -2"><span class='ocrx_word' id='word_1_114' title='bbox 151 715 175 740; x_wconf 89' lang='lat' dir='ltr'><strong>id</strong></span> <span class='ocrx_word' id='word_1_115' title='bbox 190 715 319 741; x_wconf 89' lang='lat' dir='ltr'><strong>creaturis</strong></span> <span class='ocrx_word' id='word_1_116' title='bbox 329 714 490 741; x_wconf 82' lang='lat' dir='ltr'><strong>adscribunt.</strong></span> <span class='ocrx_word' id='word_1_117' title='bbox 504 714 600 740; x_wconf 82' lang='lat' dir='ltr'><strong>Verum</strong></span> <span class='ocrx_word' id='word_1_118' title='bbox 617 721 708 740; x_wconf 87' lang='lat' dir='ltr'><strong>rursus</strong></span> <span class='ocrx_word' id='word_1_119' title='bbox 719 713 811 740; x_wconf 88' lang='lat' dir='ltr'><strong>arctati</strong></span> <span class='ocrx_word' id='word_1_120' title='bbox 825 713 935 740; x_wconf 88' lang='lat' dir='ltr'><strong>dieuttt:</strong></span> 
     </span>
    </p>
   </div>
   <div class='ocr_carea' id='block_1_15' title="bbox 153 759 939 795">
    <p class='ocr_par' dir='ltr' id='par_1_15' title="bbox 153 759 939 795">
     <span class='ocr_line' id='line_1_15' title="bbox 153 759 939 795; baseline -0.001 -8"><span class='ocrx_word' id='word_1_121' title='bbox 153 761 282 787; x_wconf 77' lang='lat' dir='ltr'><strong>Voluntas</strong></span> <span class='ocrx_word' id='word_1_122' title='bbox 297 760 342 787; x_wconf 88' lang='lat' dir='ltr'><strong>Dei</strong></span> <span class='ocrx_word' id='word_1_123' title='bbox 357 768 386 786; x_wconf 87' lang='lat' dir='ltr'><strong>ea</strong></span> <span class='ocrx_word' id='word_1_124' title='bbox 399 768 458 795; x_wconf 75' lang='lat' dir='ltr'><strong>qua:</strong></span> <span class='ocrx_word' id='word_1_125' title='bbox 474 768 524 787; x_wconf 92' lang='lat' dir='ltr'><strong>non</strong></span> <span class='ocrx_word' id='word_1_126' title='bbox 542 764 617 787; x_wconf 88' lang='lat' dir='ltr'><strong>erant</strong></span> <span class='ocrx_word' id='word_1_127' title='bbox 632 760 720 786; x_wconf 76' lang='lat' dir='ltr'><strong>effecit</strong></span> <span class='ocrx_word' id='word_1_128' title='bbox 734 768 741 792; x_wconf 90' lang='lat'><strong>;</strong></span> <span class='ocrx_word' id='word_1_129' title='bbox 757 760 827 794; x_wconf 86' lang='lat' dir='ltr'><strong>alqui</strong></span> <span class='ocrx_word' id='word_1_130' title='bbox 843 759 939 786; x_wconf 88' lang='lat' dir='ltr'><strong>volun-</strong></span> 
     </span>
    </p>
   </div>
   <div class='ocr_carea' id='block_1_16' title="bbox 150 805 940 841">
    <p class='ocr_par' dir='ltr' id='par_1_16' title="bbox 150 805 940 841">
     <span class='ocr_line' id='line_1_16' title="bbox 150 805 940 841; baseline -0.003 -8"><span class='ocrx_word' id='word_1_131' title='bbox 150 811 190 833; x_wconf 74' lang='lat' dir='ltr'><strong>tas</strong></span> <span class='ocrx_word' id='word_1_132' title='bbox 202 806 227 833; x_wconf 90' lang='lat' dir='ltr'><strong>id</strong></span> <span class='ocrx_word' id='word_1_133' title='bbox 242 806 312 841; x_wconf 90' lang='lat' dir='ltr'><strong>quod</strong></span> <span class='ocrx_word' id='word_1_134' title='bbox 329 814 380 832; x_wconf 94' lang='lat' dir='ltr'><strong>non</strong></span> <span class='ocrx_word' id='word_1_135' title='bbox 396 811 452 832; x_wconf 88' lang='lat' dir='ltr'><strong>erat</strong></span> <span class='ocrx_word' id='word_1_136' title='bbox 467 805 602 840; x_wconf 85' lang='lat' dir='ltr'><strong>producit;</strong></span> <span class='ocrx_word' id='word_1_137' title='bbox 617 811 709 832; x_wconf 82' lang='lat' dir='ltr'><strong>natura</strong></span> <span class='ocrx_word' id='word_1_138' title='bbox 725 810 812 832; x_wconf 91' lang='lat' dir='ltr'><strong>autent</strong></span> <span class='ocrx_word' id='word_1_139' title='bbox 829 805 854 832; x_wconf 92' lang='lat' dir='ltr'><strong>id</strong></span> <span class='ocrx_word' id='word_1_140' title='bbox 870 805 940 840; x_wconf 92' lang='lat' dir='ltr'><strong>quod</strong></span> 
     </span>
    </p>
   </div>
   <div class='ocr_carea' id='block_1_17' title="bbox 149 851 939 886">
    <p class='ocr_par' dir='ltr' id='par_1_17' title="bbox 149 851 939 886">
     <span class='ocr_line' id='line_1_17' title="bbox 149 851 939 886; baseline -0.003 -7"><span class='ocrx_word' id='word_1_141' title='bbox 149 857 207 879; x_wconf 85' lang='lat' dir='ltr'><strong>erat</strong></span> <span class='ocrx_word' id='word_1_142' title='bbox 226 859 280 879; x_wconf 91' lang='lat' dir='ltr'><strong>non</strong></span> <span class='ocrx_word' id='word_1_143' title='bbox 300 852 392 886; x_wconf 81' lang='lat' dir='ltr'><strong>gignit.</strong></span> <span class='ocrx_word' id='word_1_144' title='bbox 423 853 460 879; x_wconf 83' lang='lat' dir='ltr'><strong>Ac</strong></span> <span class='ocrx_word' id='word_1_145' title='bbox 485 852 606 879; x_wconf 87' lang='lat' dir='ltr'><strong>mirabile</strong></span> <span class='ocrx_word' id='word_1_146' title='bbox 635 852 724 886; x_wconf 88' lang='lat' dir='ltr'><strong>utique</strong></span> <span class='ocrx_word' id='word_1_147' title='bbox 746 856 796 878; x_wconf 85' lang='lat' dir='ltr'><strong>est.</strong></span> <span class='ocrx_word' id='word_1_148' title='bbox 819 851 939 885; x_wconf 82' lang='lat' dir='ltr'><strong>Exempli</strong></span> 
     </span>
    </p>
   </div>
   <div class='ocr_carea' id='block_1_18' title="bbox 149 896 937 932">
    <p class='ocr_par' dir='ltr' id='par_1_18' title="bbox 149 896 937 932">
     <span class='ocr_line' id='line_1_18' title="bbox 149 896 937 932; baseline -0.001 -9"><span class='ocrx_word' id='word_1_149' title='bbox 149 905 228 924; x_wconf 67' lang='lat' dir='ltr'><strong>causa</strong></span> <span class='ocrx_word' id='word_1_150' title='bbox 245 898 340 932; x_wconf 91' lang='lat' dir='ltr'><strong>loquor</strong></span> <span class='ocrx_word' id='word_1_151' title='bbox 357 905 495 932; x_wconf 87' lang='lat' dir='ltr'><strong>:suppone</strong></span> <span class='ocrx_word' id='word_1_152' title='bbox 509 896 571 923; x_wconf 90' lang='lat' dir='ltr'><strong>mihi</strong></span> <span class='ocrx_word' id='word_1_153' title='bbox 589 897 687 924; x_wconf 82' lang='lat' dir='ltr'><strong>fontem</strong></span> <span class='ocrx_word' id='word_1_154' title='bbox 698 902 723 923; x_wconf 91' lang='lat' dir='ltr'><strong>et</strong></span> <span class='ocrx_word' id='word_1_155' title='bbox 739 901 841 931; x_wconf 84' lang='lat' dir='ltr'><strong>petram</strong></span> <span class='ocrx_word' id='word_1_156' title='bbox 855 905 861 922; x_wconf 87' lang='lat'>:</span> <span class='ocrx_word' id='word_1_157' title='bbox 875 896 937 930; x_wconf 88' lang='lat' dir='ltr'><strong>qttid</strong></span> 
     </span>
    </p>
   </div>
   <div class='ocr_carea' id='block_1_19' title="bbox 150 942 940 978">
    <p class='ocr_par' dir='ltr' id='par_1_19' title="bbox 150 942 940 978">
     <span class='ocr_line' id='line_1_19' title="bbox 150 942 940 978; baseline -0.003 -8"><span class='ocrx_word' id='word_1_158' title='bbox 150 944 253 970; x_wconf 63' lang='lat' dir='ltr'><strong>facilius</strong></span> <span class='ocrx_word' id='word_1_159' title='bbox 275 951 370 977; x_wconf 89' lang='lat' dir='ltr'><strong>aquam</strong></span> <span class='ocrx_word' id='word_1_160' title='bbox 393 943 502 978; x_wconf 78' lang='lat' dir='ltr'><strong>gignere</strong></span> <span class='ocrx_word' id='word_1_161' title='bbox 521 948 618 977; x_wconf 84' lang='lat' dir='ltr'><strong>potest,</strong></span> <span class='ocrx_word' id='word_1_162' title='bbox 640 951 673 969; x_wconf 89' lang='lat' dir='ltr'><strong>an</strong></span> <span class='ocrx_word' id='word_1_163' title='bbox 695 942 764 974; x_wconf 81' lang='lat' dir='ltr'><strong>fons,</strong></span> <span class='ocrx_word' id='word_1_164' title='bbox 789 950 822 969; x_wconf 88' lang='lat' dir='ltr'><strong>an</strong></span> <span class='ocrx_word' id='word_1_165' title='bbox 844 942 940 977; x_wconf 88' lang='lat' dir='ltr'><strong>petra?</strong></span> 
     </span>
    </p>
   </div>
   <div class='ocr_carea' id='block_1_20' title="bbox 149 988 938 1023">
    <p class='ocr_par' dir='ltr' id='par_1_20' title="bbox 149 988 938 1023">
     <span class='ocr_line' id='line_1_20' title="bbox 149 988 938 1023; baseline 0.001 -9"><span class='ocrx_word' id='word_1_166' title='bbox 149 989 220 1015; x_wconf 64' lang='lat' dir='ltr'><strong>l’uns</strong></span> <span class='ocrx_word' id='word_1_167' title='bbox 232 989 254 1015; x_wconf 83' lang='lat' dir='ltr'><strong>si</strong></span> <span class='ocrx_word' id='word_1_168' title='bbox 267 988 399 1023; x_wconf 78' lang='lat' dir='ltr'><strong>genuerit,</strong></span> <span class='ocrx_word' id='word_1_169' title='bbox 414 996 447 1014; x_wconf 84' lang='lat' dir='ltr'><strong>ex</strong></span> <span class='ocrx_word' id='word_1_170' title='bbox 461 988 493 1014; x_wconf 89' lang='lat' dir='ltr'><strong>iis</strong></span> <span class='ocrx_word' id='word_1_171' title='bbox 504 997 562 1022; x_wconf 80' lang='lat' dir='ltr'><strong>qtue</strong></span> <span class='ocrx_word' id='word_1_172' title='bbox 577 988 665 1021; x_wconf 90' lang='lat' dir='ltr'><strong>habet,</strong></span> <span class='ocrx_word' id='word_1_173' title='bbox 682 988 791 1023; x_wconf 87' lang='lat' dir='ltr'><strong>profert,</strong></span> <span class='ocrx_word' id='word_1_174' title='bbox 807 993 879 1023; x_wconf 88' lang='lat' dir='ltr'><strong>petra</strong></span> <span class='ocrx_word' id='word_1_175' title='bbox 892 995 938 1015; x_wconf 84' lang='lat' dir='ltr'><strong>ve-</strong></span> 
     </span>
    </p>
   </div>
   <div class='ocr_carea' id='block_1_21' title="bbox 151 1033 940 1069">
    <p class='ocr_par' dir='ltr' id='par_1_21' title="bbox 151 1033 940 1069">
     <span class='ocr_line' id='line_1_21' title="bbox 151 1033 940 1069; baseline -0.001 -8"><span class='ocrx_word' id='word_1_176' title='bbox 151 1043 181 1061; x_wconf 74' lang='lat' dir='ltr'><strong>ru</strong></span> <span class='ocrx_word' id='word_1_177' title='bbox 194 1042 226 1061; x_wconf 86' lang='lat' dir='ltr'><strong>ex</strong></span> <span class='ocrx_word' id='word_1_178' title='bbox 238 1034 269 1060; x_wconf 89' lang='lat' dir='ltr'><strong>iis</strong></span> <span class='ocrx_word' id='word_1_179' title='bbox 284 1042 343 1068; x_wconf 76' lang='lat' dir='ltr'><strong>qua:</strong></span> <span class='ocrx_word' id='word_1_180' title='bbox 356 1041 408 1060; x_wconf 93' lang='lat' dir='ltr'><strong>non</strong></span> <span class='ocrx_word' id='word_1_181' title='bbox 423 1033 513 1060; x_wconf 83' lang='lat' dir='ltr'><strong>habet.</strong></span> <span class='ocrx_word' id='word_1_182' title='bbox 527 1033 597 1068; x_wconf 83' lang='lat' dir='ltr'><strong>Ergo</strong></span> <span class='ocrx_word' id='word_1_183' title='bbox 612 1033 635 1060; x_wconf 88' lang='lat' dir='ltr'><strong>id</strong></span> <span class='ocrx_word' id='word_1_184' title='bbox 648 1034 718 1069; x_wconf 91' lang='lat' dir='ltr'><strong>quod</strong></span> <span class='ocrx_word' id='word_1_185' title='bbox 732 1041 783 1060; x_wconf 93' lang='lat' dir='ltr'><strong>non</strong></span> <span class='ocrx_word' id='word_1_186' title='bbox 795 1038 851 1061; x_wconf 90' lang='lat' dir='ltr'><strong>erat</strong></span> <span class='ocrx_word' id='word_1_187' title='bbox 867 1038 940 1068; x_wconf 84' lang='lat' dir='ltr'><strong>petra</strong></span> 
     </span>
    </p>
   </div>
   <div class='ocr_carea' id='block_1_22' title="bbox 148 1080 940 1115">
    <p class='ocr_par' dir='ltr' id='par_1_22' title="bbox 148 1080 940 1115">
     <span class='ocr_line' id='line_1_22' title="bbox 148 1080 940 1115; baseline 0.003 -10"><span class='ocrx_word' id='word_1_188' title='bbox 148 1081 240 1114; x_wconf 70' lang='lat' dir='ltr'><strong>gt&#39;tlllll</strong></span> <span class='ocrx_word' id='word_1_189' title='bbox 254 1088 285 1106; x_wconf 89' lang='lat' dir='ltr'><strong>cx</strong></span> <span class='ocrx_word' id='word_1_190' title='bbox 300 1080 332 1107; x_wconf 91' lang='lat' dir='ltr'><strong>iis</strong></span> <span class='ocrx_word' id='word_1_191' title='bbox 348 1088 408 1114; x_wconf 62' lang='lat' dir='ltr'><strong>quae</strong></span> <span class='ocrx_word' id='word_1_192' title='bbox 427 1088 479 1106; x_wconf 89' lang='lat' dir='ltr'><strong>tton</strong></span> <span class='ocrx_word' id='word_1_193' title='bbox 499 1080 612 1107; x_wconf 78' lang='lat' dir='ltr'><strong>habebat</strong></span> <span class='ocrx_word' id='word_1_194' title='bbox 628 1089 633 1106; x_wconf 92' lang='lat'><em>:</em></span> <span class='ocrx_word' id='word_1_195' title='bbox 649 1085 676 1107; x_wconf 90' lang='lat' dir='ltr'><strong>et</strong></span> <span class='ocrx_word' id='word_1_196' title='bbox 701 1080 760 1107; x_wconf 85' lang='lat' dir='ltr'><strong>fons</strong></span> <span class='ocrx_word' id='word_1_197' title='bbox 774 1089 850 1115; x_wconf 85' lang='lat' dir='ltr'><strong>quem</strong></span> <span class='ocrx_word' id='word_1_198' title='bbox 865 1081 890 1107; x_wconf 94' lang='lat' dir='ltr'><strong>in</strong></span> <span class='ocrx_word' id='word_1_199' title='bbox 910 1088 940 1107; x_wconf 91' lang='lat' dir='ltr'><strong>se</strong></span> 
     </span>
    </p>
   </div>
   <div class='ocr_carea' id='block_1_23' title="bbox 148 1125 940 1160">
    <p class='ocr_par' dir='ltr' id='par_1_23' title="bbox 148 1125 940 1160">
     <span class='ocr_line' id='line_1_23' title="bbox 148 1125 940 1160; baseline 0.001 -9"><span class='ocrx_word' id='word_1_200' title='bbox 148 1127 249 1152; x_wconf 88' lang='lat' dir='ltr'><strong>lontent</strong></span> <span class='ocrx_word' id='word_1_201' title='bbox 274 1125 387 1152; x_wconf 88' lang='lat' dir='ltr'><strong>ltabcbat</strong></span> <span class='ocrx_word' id='word_1_202' title='bbox 408 1132 459 1151; x_wconf 91' lang='lat' dir='ltr'><strong>non</strong></span> <span class='ocrx_word' id='word_1_203' title='bbox 479 1125 580 1160; x_wconf 78' lang='lat' dir='ltr'><strong>genuit.</strong></span> <span class='ocrx_word' id='word_1_204' title='bbox 597 1125 629 1152; x_wconf 87' lang='lat' dir='ltr'><strong>Et</strong></span> <span class='ocrx_word' id='word_1_205' title='bbox 651 1126 785 1160; x_wconf 88' lang='lat' dir='ltr'><strong>quontodo</strong></span> <span class='ocrx_word' id='word_1_206' title='bbox 800 1126 865 1153; x_wconf 84' lang='lat' dir='ltr'><strong>facta</strong></span> <span class='ocrx_word' id='word_1_207' title='bbox 880 1131 940 1152; x_wconf 91' lang='lat' dir='ltr'><strong>suttt</strong></span> 
     </span>
    </p>
   </div>
   <div class='ocr_carea' id='block_1_24' title="bbox 147 1170 939 1205">
    <p class='ocr_par' dir='ltr' id='par_1_24' title="bbox 147 1170 939 1205">
     <span class='ocr_line' id='line_1_24' title="bbox 147 1170 939 1205; baseline 0.004 -10"><span class='ocrx_word' id='word_1_208' title='bbox 147 1179 207 1204; x_wconf 70' lang='lat' dir='ltr'><strong>qua:</strong></span> <span class='ocrx_word' id='word_1_209' title='bbox 223 1178 276 1196; x_wconf 88' lang='lat' dir='ltr'><strong>non</strong></span> <span class='ocrx_word' id='word_1_210' title='bbox 293 1170 389 1197; x_wconf 84' lang='lat' dir='ltr'><strong>erant?</strong></span> <span class='ocrx_word' id='word_1_211' title='bbox 412 1178 474 1197; x_wconf 94' lang='lat' dir='ltr'><strong>num</strong></span> <span class='ocrx_word' id='word_1_212' title='bbox 499 1170 525 1197; x_wconf 91' lang='lat' dir='ltr'><strong>id</strong></span> <span class='ocrx_word' id='word_1_213' title='bbox 540 1178 602 1197; x_wconf 88' lang='lat' dir='ltr'><strong>casu</strong></span> <span class='ocrx_word' id='word_1_214' title='bbox 625 1175 651 1198; x_wconf 92' lang='lat' dir='ltr'><strong>et</strong></span> <span class='ocrx_word' id='word_1_215' title='bbox 666 1179 714 1205; x_wconf 88' lang='lat' dir='ltr'><strong>per</strong></span> <span class='ocrx_word' id='word_1_216' title='bbox 727 1178 755 1198; x_wconf 89' lang='lat' dir='ltr'><strong>se</strong></span> <span class='ocrx_word' id='word_1_217' title='bbox 782 1171 898 1198; x_wconf 82' lang='lat' dir='ltr'><strong>accidit?</strong></span> <span class='ocrx_word' id='word_1_218' title='bbox 914 1171 939 1198; x_wconf 89' lang='lat' dir='ltr'><strong>id</strong></span> 
     </span>
    </p>
   </div>
   <div class='ocr_carea' id='block_1_25' title="bbox 146 1215 938 1250">
    <p class='ocr_par' dir='ltr' id='par_1_25' title="bbox 146 1215 938 1250">
     <span class='ocr_line' id='line_1_25' title="bbox 146 1215 938 1250; baseline 0.003 -9"><span class='ocrx_word' id='word_1_219' title='bbox 146 1215 218 1250; x_wconf 88' lang='lat' dir='ltr'><strong>quod</strong></span> <span class='ocrx_word' id='word_1_220' title='bbox 232 1223 285 1242; x_wconf 90' lang='lat' dir='ltr'><strong>nott</strong></span> <span class='ocrx_word' id='word_1_221' title='bbox 297 1220 362 1247; x_wconf 86' lang='lat' dir='ltr'><strong>erat,</strong></span> <span class='ocrx_word' id='word_1_222' title='bbox 379 1223 476 1243; x_wconf 89' lang='lat' dir='ltr'><strong>nomen</strong></span> <span class='ocrx_word' id='word_1_223' title='bbox 491 1220 540 1247; x_wconf 88' lang='lat' dir='ltr'><strong>est,</strong></span> <span class='ocrx_word' id='word_1_224' title='bbox 554 1216 672 1250; x_wconf 88' lang='lat' dir='ltr'><strong>nihilque</strong></span> <span class='ocrx_word' id='word_1_225' title='bbox 686 1216 776 1243; x_wconf 85' lang='lat' dir='ltr'><strong>aliud?</strong></span> <span class='ocrx_word' id='word_1_226' title='bbox 790 1216 854 1249; x_wconf 86' lang='lat' dir='ltr'><strong>Quia</strong></span> <span class='ocrx_word' id='word_1_227' title='bbox 868 1216 938 1250; x_wconf 85' lang='lat' dir='ltr'><strong>dico,</strong></span> 
     </span>
    </p>
   </div>
   <div class='ocr_carea' id='block_1_26' title="bbox 146 1262 940 1297">
    <p class='ocr_par' dir='ltr' id='par_1_26' title="bbox 146 1262 940 1297">
     <span class='ocr_line' id='line_1_26' title="bbox 146 1262 940 1297; baseline 0.003 -9"><span class='ocrx_word' id='word_1_228' title='bbox 146 1263 185 1289; x_wconf 72' lang='lat' dir='ltr'><strong>Ex</strong></span> <span class='ocrx_word' id='word_1_229' title='bbox 205 1270 259 1289; x_wconf 91' lang='lat' dir='ltr'><strong>non</strong></span> <span class='ocrx_word' id='word_1_230' title='bbox 284 1262 459 1294; x_wconf 86' lang='lat' dir='ltr'><strong>exstantibus,</strong></span> <span class='ocrx_word' id='word_1_231' title='bbox 476 1270 509 1289; x_wconf 90' lang='lat' dir='ltr'><strong>ne</strong></span> <span class='ocrx_word' id='word_1_232' title='bbox 530 1262 589 1289; x_wconf 89' lang='lat' dir='ltr'><strong>ideo</strong></span> <span class='ocrx_word' id='word_1_233' title='bbox 604 1262 740 1290; x_wconf 81' lang='lat' dir='ltr'><strong>existimes</strong></span> <span class='ocrx_word' id='word_1_234' title='bbox 755 1262 781 1289; x_wconf 90' lang='lat' dir='ltr'><strong>id</strong></span> <span class='ocrx_word' id='word_1_235' title='bbox 804 1263 873 1297; x_wconf 90' lang='lat' dir='ltr'><strong>quod</strong></span> <span class='ocrx_word' id='word_1_236' title='bbox 888 1271 940 1291; x_wconf 92' lang='lat' dir='ltr'><strong>non</strong></span> 
     </span>
    </p>
   </div>
   <div class='ocr_carea' id='block_1_27' title="bbox 146 1307 940 1342">
    <p class='ocr_par' dir='ltr' id='par_1_27' title="bbox 146 1307 940 1342">
     <span class='ocr_line' id='line_1_27' title="bbox 146 1307 940 1342; baseline 0.003 -9"><span class='ocrx_word' id='word_1_237' title='bbox 146 1312 237 1334; x_wconf 78' lang='lat' dir='ltr'><strong>exstat</strong></span> <span class='ocrx_word' id='word_1_238' title='bbox 250 1307 348 1341; x_wconf 88' lang='lat' dir='ltr'><strong>aliquid</strong></span> <span class='ocrx_word' id='word_1_239' title='bbox 360 1314 428 1334; x_wconf 80' lang='lat' dir='ltr'><strong>esse.</strong></span> <span class='ocrx_word' id='word_1_240' title='bbox 445 1307 513 1341; x_wconf 86' lang='lat' dir='ltr'><strong>Etgo</strong></span> <span class='ocrx_word' id='word_1_241' title='bbox 526 1315 584 1334; x_wconf 91' lang='lat' dir='ltr'><strong>cum</strong></span> <span class='ocrx_word' id='word_1_242' title='bbox 605 1315 657 1333; x_wconf 89' lang='lat' dir='ltr'><strong>non</strong></span> <span class='ocrx_word' id='word_1_243' title='bbox 673 1308 758 1342; x_wconf 89' lang='lat' dir='ltr'><strong>possis</strong></span> <span class='ocrx_word' id='word_1_244' title='bbox 771 1308 859 1335; x_wconf 88' lang='lat' dir='ltr'><strong>dicere</strong></span> <span class='ocrx_word' id='word_1_245' title='bbox 874 1316 940 1342; x_wconf 91' lang='lat' dir='ltr'><strong>quo-</strong></span> 
     </span>
    </p>
   </div>
   <div class='ocr_carea' id='block_1_28' title="bbox 146 1351 940 1386">
    <p class='ocr_par' dir='ltr' id='par_1_28' title="bbox 146 1351 940 1386">
     <span class='ocr_line' id='line_1_28' title="bbox 146 1351 940 1386; baseline 0 -7"><span class='ocrx_word' id='word_1_246' title='bbox 146 1352 229 1379; x_wconf 82' lang='lat' dir='ltr'><strong>tuodo</strong></span> <span class='ocrx_word' id='word_1_247' title='bbox 243 1351 269 1379; x_wconf 89' lang='lat' dir='ltr'><strong>id</strong></span> <span class='ocrx_word' id='word_1_248' title='bbox 281 1352 350 1386; x_wconf 89' lang='lat' dir='ltr'><strong>quod</strong></span> <span class='ocrx_word' id='word_1_249' title='bbox 364 1359 416 1378; x_wconf 88' lang='lat' dir='ltr'><strong>non</strong></span> <span class='ocrx_word' id='word_1_250' title='bbox 431 1357 498 1384; x_wconf 84' lang='lat' dir='ltr'><strong>erat,</strong></span> <span class='ocrx_word' id='word_1_251' title='bbox 513 1360 544 1379; x_wconf 88' lang='lat' dir='ltr'><strong>cx</strong></span> <span class='ocrx_word' id='word_1_252' title='bbox 559 1360 611 1378; x_wconf 90' lang='lat' dir='ltr'><strong>non</strong></span> <span class='ocrx_word' id='word_1_253' title='bbox 624 1357 744 1380; x_wconf 89' lang='lat' dir='ltr'><strong>exstante</strong></span> <span class='ocrx_word' id='word_1_254' title='bbox 755 1360 802 1380; x_wconf 85' lang='lat' dir='ltr'><strong>seu</strong></span> <span class='ocrx_word' id='word_1_255' title='bbox 815 1361 847 1380; x_wconf 80' lang='lat' dir='ltr'><strong>ex</strong></span> <span class='ocrx_word' id='word_1_256' title='bbox 859 1353 940 1381; x_wconf 91' lang='lat' dir='ltr'><strong>nihilo</strong></span> 
     </span>
    </p>
   </div>
   <div class='ocr_carea' id='block_1_29' title="bbox 146 1396 940 1432">
    <p class='ocr_par' dir='ltr' id='par_1_29' title="bbox 146 1396 940 1432">
     <span class='ocr_line' id='line_1_29' title="bbox 146 1396 940 1432; baseline 0.004 -9"><span class='ocrx_word' id='word_1_257' title='bbox 146 1399 246 1424; x_wconf 67' lang='lat' dir='ltr'><strong>factum</strong></span> <span class='ocrx_word' id='word_1_258' title='bbox 259 1398 302 1429; x_wconf 89' lang='lat' dir='ltr'><strong>sit,</strong></span> <span class='ocrx_word' id='word_1_259' title='bbox 316 1396 459 1423; x_wconf 81' lang='lat' dir='ltr'><strong>audebistte</strong></span> <span class='ocrx_word' id='word_1_260' title='bbox 473 1397 746 1432; x_wconf 81' lang='lat' dir='ltr'><strong>curiosiusinquirere</strong></span> <span class='ocrx_word' id='word_1_261' title='bbox 760 1398 893 1432; x_wconf 89' lang='lat' dir='ltr'><strong>qttomodo</strong></span> <span class='ocrx_word' id='word_1_262' title='bbox 917 1399 940 1426; x_wconf 91' lang='lat' dir='ltr'><strong>is</strong></span> 
     </span>
    </p>
   </div>
   <div class='ocr_carea' id='block_1_30' title="bbox 145 1442 939 1477">
    <p class='ocr_par' dir='ltr' id='par_1_30' title="bbox 145 1442 939 1477">
     <span class='ocr_line' id='line_1_30' title="bbox 145 1442 939 1477; baseline 0.001 -8"><span class='ocrx_word' id='word_1_263' title='bbox 145 1444 189 1477; x_wconf 82' lang='lat' dir='ltr'><strong>qui</strong></span> <span class='ocrx_word' id='word_1_264' title='bbox 214 1447 272 1469; x_wconf 85' lang='lat' dir='ltr'><strong>erat</strong></span> <span class='ocrx_word' id='word_1_265' title='bbox 287 1450 318 1469; x_wconf 87' lang='lat' dir='ltr'><strong>ex</strong></span> <span class='ocrx_word' id='word_1_266' title='bbox 332 1450 364 1469; x_wconf 85' lang='lat' dir='ltr'><strong>eo</strong></span> <span class='ocrx_word' id='word_1_267' title='bbox 378 1442 422 1477; x_wconf 92' lang='lat' dir='ltr'><strong>qui</strong></span> <span class='ocrx_word' id='word_1_268' title='bbox 437 1447 493 1469; x_wconf 87' lang='lat' dir='ltr'><strong>erat</strong></span> <span class='ocrx_word' id='word_1_269' title='bbox 508 1443 612 1477; x_wconf 82' lang='lat' dir='ltr'><strong>genitus</strong></span> <span class='ocrx_word' id='word_1_270' title='bbox 632 1443 685 1474; x_wconf 70' lang='lat' dir='ltr'><strong>sit?</strong></span> <span class='ocrx_word' id='word_1_271' title='bbox 696 1442 795 1471; x_wconf 90' lang='lat' dir='ltr'><strong>Omnes</strong></span> <span class='ocrx_word' id='word_1_272' title='bbox 810 1448 939 1471; x_wconf 67' lang='lat' dir='ltr'><strong>creatura:</strong></span> 
     </span>
    </p>
   </div>
   <div class='ocr_carea' id='block_1_31' title="bbox 146 1488 939 1524">
    <p class='ocr_par' dir='ltr' id='par_1_31' title="bbox 146 1488 939 1524">
     <span class='ocr_line' id='line_1_31' title="bbox 146 1488 939 1524; baseline 0.001 -8"><span class='ocrx_word' id='word_1_273' title='bbox 146 1497 202 1516; x_wconf 81' lang='lat' dir='ltr'><strong>non</strong></span> <span class='ocrx_word' id='word_1_274' title='bbox 213 1493 289 1516; x_wconf 87' lang='lat' dir='ltr'><strong>erant</strong></span> <span class='ocrx_word' id='word_1_275' title='bbox 299 1488 332 1515; x_wconf 89' lang='lat' dir='ltr'><strong>ab</strong></span> <span class='ocrx_word' id='word_1_276' title='bbox 342 1489 424 1521; x_wconf 88' lang='lat' dir='ltr'><strong>initio,</strong></span> <span class='ocrx_word' id='word_1_277' title='bbox 437 1494 464 1515; x_wconf 92' lang='lat' dir='ltr'><strong>et</strong></span> <span class='ocrx_word' id='word_1_278' title='bbox 477 1488 552 1515; x_wconf 79' lang='lat' dir='ltr'><strong>facta:</strong></span> <span class='ocrx_word' id='word_1_279' title='bbox 565 1493 640 1516; x_wconf 87' lang='lat' dir='ltr'><strong>sunt:</strong></span> <span class='ocrx_word' id='word_1_280' title='bbox 652 1489 814 1524; x_wconf 81' lang='lat' dir='ltr'><strong>unigenitum</strong></span> <span class='ocrx_word' id='word_1_281' title='bbox 825 1489 939 1517; x_wconf 80' lang='lat' dir='ltr'><strong>Verbum</strong></span> 
     </span>
    </p>
   </div>
   <div class='ocr_carea' id='block_1_32' title="bbox 145 1535 941 1568">
    <p class='ocr_par' dir='ltr' id='par_1_32' title="bbox 145 1535 941 1568">
     <span class='ocr_line' id='line_1_32' title="bbox 145 1535 941 1568; baseline 0.001 -6"><span class='ocrx_word' id='word_1_282' title='bbox 145 1542 170 1562; x_wconf 84' lang='lat' dir='ltr'><strong>et</strong></span> <span class='ocrx_word' id='word_1_283' title='bbox 183 1535 295 1563; x_wconf 88' lang='lat' dir='ltr'><strong>Creator</strong></span> <span class='ocrx_word' id='word_1_284' title='bbox 306 1535 395 1561; x_wconf 91' lang='lat' dir='ltr'><strong>mundi</strong></span> <span class='ocrx_word' id='word_1_285' title='bbox 403 1543 453 1561; x_wconf 93' lang='lat' dir='ltr'><strong>non</strong></span> <span class='ocrx_word' id='word_1_286' title='bbox 465 1535 547 1561; x_wconf 85' lang='lat' dir='ltr'><strong>iactus</strong></span> <span class='ocrx_word' id='word_1_287' title='bbox 558 1539 598 1562; x_wconf 90' lang='lat' dir='ltr'><strong>est</strong></span> <span class='ocrx_word' id='word_1_288' title='bbox 608 1535 641 1562; x_wconf 87' lang='lat' dir='ltr'><strong>ab</strong></span> <span class='ocrx_word' id='word_1_289' title='bbox 652 1535 735 1568; x_wconf 88' lang='lat' dir='ltr'><strong>ittitio,</strong></span> <span class='ocrx_word' id='word_1_290' title='bbox 746 1536 791 1563; x_wconf 88' lang='lat' dir='ltr'><strong>sed</strong></span> <span class='ocrx_word' id='word_1_291' title='bbox 800 1541 865 1563; x_wconf 88' lang='lat' dir='ltr'><strong>erat.</strong></span> <span class='ocrx_word' id='word_1_292' title='bbox 879 1536 941 1564; x_wconf 67' lang='lat' dir='ltr'><strong>llmc</strong></span> 
     </span>
    </p>
   </div>
   <div class='ocr_carea' id='block_1_33' title="bbox 146 1580 938 1616">
    <p class='ocr_par' dir='ltr' id='par_1_33' title="bbox 146 1580 938 1616">
     <span class='ocr_line' id='line_1_33' title="bbox 146 1580 938 1616; baseline 0.001 -9"><span class='ocrx_word' id='word_1_293' title='bbox 146 1588 202 1607; x_wconf 88' lang='lat' dir='ltr'><strong>non</strong></span> <span class='ocrx_word' id='word_1_294' title='bbox 213 1585 289 1607; x_wconf 89' lang='lat' dir='ltr'><strong>erattt</strong></span> <span class='ocrx_word' id='word_1_295' title='bbox 299 1585 325 1607; x_wconf 90' lang='lat' dir='ltr'><strong>et</strong></span> <span class='ocrx_word' id='word_1_296' title='bbox 339 1580 404 1606; x_wconf 70' lang='lat' dir='ltr'><strong>facta</strong></span> <span class='ocrx_word' id='word_1_297' title='bbox 418 1584 477 1606; x_wconf 90' lang='lat' dir='ltr'><strong>suttt</strong></span> <span class='ocrx_word' id='word_1_298' title='bbox 495 1589 500 1605; x_wconf 82' lang='lat'><strong>2</strong></span> <span class='ocrx_word' id='word_1_299' title='bbox 517 1580 560 1607; x_wconf 91' lang='lat' dir='ltr'><strong>ltic</strong></span> <span class='ocrx_word' id='word_1_300' title='bbox 573 1585 629 1607; x_wconf 90' lang='lat' dir='ltr'><strong>erat</strong></span> <span class='ocrx_word' id='word_1_301' title='bbox 644 1581 670 1607; x_wconf 88' lang='lat' dir='ltr'><strong>itt</strong></span> <span class='ocrx_word' id='word_1_302' title='bbox 685 1581 814 1616; x_wconf 85' lang='lat' dir='ltr'><strong>principio</strong></span> <span class='ocrx_word' id='word_1_303' title='bbox 825 1589 878 1608; x_wconf 89' lang='lat' dir='ltr'><strong>nott</strong></span> <span class='ocrx_word' id='word_1_304' title='bbox 895 1581 938 1608; x_wconf 87' lang='lat' dir='ltr'><strong>fa-</strong></span> 
     </span>
    </p>
   </div>
   <div class='ocr_carea' id='block_1_34' title="bbox 145 1625 938 1660">
    <p class='ocr_par' dir='ltr' id='par_1_34' title="bbox 145 1625 938 1660">
     <span class='ocr_line' id='line_1_34' title="bbox 145 1625 938 1660; baseline 0.001 -7"><span class='ocrx_word' id='word_1_305' title='bbox 145 1632 218 1657; x_wconf 86' lang='lat' dir='ltr'><strong>ctus,</strong></span> <span class='ocrx_word' id='word_1_306' title='bbox 230 1626 271 1652; x_wconf 85' lang='lat' dir='ltr'><strong>hae</strong></span> <span class='ocrx_word' id='word_1_307' title='bbox 285 1632 348 1652; x_wconf 89' lang='lat' dir='ltr'><strong>vero</strong></span> <span class='ocrx_word' id='word_1_308' title='bbox 362 1625 437 1652; x_wconf 74' lang='lat' dir='ltr'><strong>facta:</strong></span> <span class='ocrx_word' id='word_1_309' title='bbox 451 1631 510 1651; x_wconf 88' lang='lat' dir='ltr'><strong>sunt</strong></span> <span class='ocrx_word' id='word_1_310' title='bbox 524 1625 549 1652; x_wconf 90' lang='lat' dir='ltr'><strong>in</strong></span> <span class='ocrx_word' id='word_1_311' title='bbox 560 1625 698 1660; x_wconf 90' lang='lat' dir='ltr'><strong>principio,</strong></span> <span class='ocrx_word' id='word_1_312' title='bbox 710 1634 772 1654; x_wconf 88' lang='lat' dir='ltr'><strong>cum</strong></span> <span class='ocrx_word' id='word_1_313' title='bbox 781 1633 938 1655; x_wconf 84' lang='lat' dir='ltr'><strong>uOnessent.</strong></span> 
     </span>
    </p>
   </div>
   <div class='ocr_carea' id='block_1_35' title="bbox 180 1672 939 1710">
    <p class='ocr_par' dir='ltr' id='par_1_35' title="bbox 180 1672 939 1710">
     <span class='ocr_line' id='line_1_35' title="bbox 180 1672 939 1710; baseline 0.004 -11"><span class='ocrx_word' id='word_1_314' title='bbox 180 1673 211 1699; x_wconf 77' lang='grc'>5.</span> <span class='ocrx_word' id='word_1_315' title='bbox 229 1672 308 1699; x_wconf 86' lang='lat' dir='ltr'><strong>Terra</strong></span> <span class='ocrx_word' id='word_1_316' title='bbox 319 1674 442 1707; x_wconf 84' lang='lat' dir='ltr'><strong>quomodo</strong></span> <span class='ocrx_word' id='word_1_317' title='bbox 458 1674 588 1702; x_wconf 79' lang='lat' dir='ltr'><strong>invisibilis</strong></span> <span class='ocrx_word' id='word_1_318' title='bbox 602 1680 656 1702; x_wconf 89' lang='lat' dir='ltr'><strong>erat</strong></span> <span class='ocrx_word' id='word_1_319' title='bbox 678 1676 702 1701; x_wconf 89' lang='lat' dir='ltr'><strong>in</strong></span> <span class='ocrx_word' id='word_1_320' title='bbox 715 1675 858 1710; x_wconf 80' lang='lat' dir='ltr'><strong>principio;</strong></span> <span class='ocrx_word' id='word_1_321' title='bbox 878 1675 939 1702; x_wconf 84' lang='lat' dir='ltr'><strong>Fir-</strong></span> 
     </span>
    </p>
   </div>
   <div class='ocr_carea' id='block_1_36' title="bbox 146 1720 940 1749">
    <p class='ocr_par' dir='ltr' id='par_1_36' title="bbox 146 1720 940 1749">
     <span class='ocr_line' id='line_1_36' title="bbox 146 1720 940 1749; baseline 0.006 -5"><span class='ocrx_word' id='word_1_322' title='bbox 146 1720 269 1745; x_wconf 73' lang='lat' dir='ltr'><strong>mamenti</strong></span> <span class='ocrx_word' id='word_1_323' title='bbox 285 1724 307 1745; x_wconf 87' lang='lat' dir='ltr'><strong>et</strong></span> <span class='ocrx_word' id='word_1_324' title='bbox 327 1720 383 1747; x_wconf 75' lang='grc' dir='ltr'><strong>ειειὶ</strong></span> <span class='ocrx_word' id='word_1_325' title='bbox 401 1721 465 1746; x_wconf 86' lang='lat' dir='ltr'><strong>ratio</strong></span> <span class='ocrx_word' id='word_1_326' title='bbox 477 1721 613 1747; x_wconf 81' lang='lat' dir='ltr'><strong>secundant</strong></span> <span class='ocrx_word' id='word_1_327' title='bbox 628 1721 757 1749; x_wconf 79' lang='lat' dir='ltr'><strong>Seueriani</strong></span> <span class='ocrx_word' id='word_1_328' title='bbox 771 1728 886 1749; x_wconf 79' lang='lat' dir='ltr'><strong>mentem.</strong></span> <span class='ocrx_word' id='word_1_329' title='bbox 904 1738 940 1742; x_wconf 98' lang='lat'><strong>—</strong></span> 
     </span>
    </p>
   </div>
   <div class='ocr_carea' id='block_1_37' title="bbox 149 1766 940 1801">
    <p class='ocr_par' dir='ltr' id='par_1_37' title="bbox 149 1766 940 1801">
     <span class='ocr_line' id='line_1_37' title="bbox 149 1766 940 1801; baseline 0.005 -9"><span class='ocrx_word' id='word_1_330' title='bbox 149 1766 230 1792; x_wconf 68' lang='lat' dir='ltr'><strong>Terra</strong></span> <span class='ocrx_word' id='word_1_331' title='bbox 246 1770 341 1798; x_wconf 79' lang='lat' dir='ltr'><strong>autent,</strong></span> <span class='ocrx_word' id='word_1_332' title='bbox 359 1767 451 1801; x_wconf 91' lang='lat' dir='ltr'><strong>inquit,</strong></span> <span class='ocrx_word' id='word_1_333' title='bbox 462 1773 514 1793; x_wconf 84' lang='lat' dir='ltr'><strong>erat</strong></span> <span class='ocrx_word' id='word_1_334' title='bbox 524 1768 664 1795; x_wconf 79' lang='lat' dir='ltr'><strong>invisibilis.</strong></span> <span class='ocrx_word' id='word_1_335' title='bbox 677 1768 745 1801; x_wconf 84' lang='lat' dir='ltr'><strong>Quid</strong></span> <span class='ocrx_word' id='word_1_336' title='bbox 759 1773 809 1801; x_wconf 93' lang='lat' dir='ltr'><strong>est,</strong></span> <span class='ocrx_word' id='word_1_337' title='bbox 822 1769 940 1796; x_wconf 77' lang='lat' dir='ltr'><strong>Invisibi~</strong></span> 
     </span>
    </p>
   </div>
   <div class='ocr_carea' id='block_1_38' title="bbox 147 1811 939 1843">
    <p class='ocr_par' dir='ltr' id='par_1_38' title="bbox 147 1811 939 1843">
     <span class='ocr_line' id='line_1_38' title="bbox 147 1811 939 1843; baseline 0.006 -6"><span class='ocrx_word' id='word_1_338' title='bbox 147 1812 203 1838; x_wconf 79' lang='lat' dir='ltr'><strong>lis?</strong></span> <span class='ocrx_word' id='word_1_339' title='bbox 220 1811 287 1838; x_wconf 77' lang='lat' dir='ltr'><strong>Novi</strong></span> <span class='ocrx_word' id='word_1_340' title='bbox 311 1812 409 1839; x_wconf 88' lang='lat' dir='ltr'><strong>multos</strong></span> <span class='ocrx_word' id='word_1_341' title='bbox 423 1819 574 1840; x_wconf 88' lang='lat' dir='ltr'><strong>sanctorunt</strong></span> <span class='ocrx_word' id='word_1_342' title='bbox 590 1815 698 1842; x_wconf 88' lang='lat' dir='ltr'><strong>Patrum</strong></span> <span class='ocrx_word' id='word_1_343' title='bbox 710 1816 826 1843; x_wconf 82' lang='lat' dir='ltr'><strong>dixisse:</strong></span> <span class='ocrx_word' id='word_1_344' title='bbox 845 1815 939 1842; x_wconf 81' lang='lat' dir='ltr'><strong>lurisi—</strong></span> 
     </span>
    </p>
   </div>
   <div class='ocr_carea' id='block_1_39' title="bbox 148 1858 938 1896">
    <p class='ocr_par' dir='ltr' id='par_1_39' title="bbox 148 1858 938 1896">
     <span class='ocr_line' id='line_1_39' title="bbox 148 1858 938 1896; baseline 0.006 -13"><span class='ocrx_word' id='word_1_345' title='bbox 148 1858 209 1884; x_wconf 86' lang='lat' dir='ltr'><strong>bilis</strong></span> <span class='ocrx_word' id='word_1_346' title='bbox 225 1862 284 1884; x_wconf 88' lang='lat' dir='ltr'><strong>erat</strong></span> <span class='ocrx_word' id='word_1_347' title='bbox 298 1863 366 1884; x_wconf 87' lang='lat' dir='ltr'><strong>terra</strong></span> <span class='ocrx_word' id='word_1_348' title='bbox 382 1879 389 1891; x_wconf 90' lang='lat'><strong>,</strong></span> <span class='ocrx_word' id='word_1_349' title='bbox 403 1859 528 1893; x_wconf 91' lang='lat' dir='ltr'><strong>quoniam</strong></span> <span class='ocrx_word' id='word_1_350' title='bbox 542 1867 610 1894; x_wconf 89' lang='lat' dir='ltr'><strong>aqua</strong></span> <span class='ocrx_word' id='word_1_351' title='bbox 624 1860 806 1888; x_wconf 87' lang='lat' dir='ltr'><strong>occultabatttr</strong></span> <span class='ocrx_word' id='word_1_352' title='bbox 821 1860 896 1896; x_wconf 86' lang='lat' dir='ltr'><strong>(Gen.</strong></span> <span class='ocrx_word' id='word_1_353' title='bbox 913 1861 938 1888; x_wconf 83' lang='lat' dir='ltr'><strong>l.</strong></span> 
     </span>
    </p>
   </div>
   <div class='ocr_carea' id='block_1_40' title="bbox 145 1903 938 1940">
    <p class='ocr_par' dir='ltr' id='par_1_40' title="bbox 145 1903 938 1940">
     <span class='ocr_line' id='line_1_40' title="bbox 145 1903 938 1940; baseline 0.006 -11"><span class='ocrx_word' id='word_1_354' title='bbox 145 1904 184 1937; x_wconf 69' lang='grc'><strong>2).</strong></span> <span class='ocrx_word' id='word_1_355' title='bbox 201 1903 293 1930; x_wconf 72' lang='lat' dir='ltr'><strong>Multa:</strong></span> <span class='ocrx_word' id='word_1_356' title='bbox 306 1908 368 1930; x_wconf 89' lang='lat' dir='ltr'><strong>sunt</strong></span> <span class='ocrx_word' id='word_1_357' title='bbox 382 1905 521 1931; x_wconf 65' lang='lat' dir='ltr'><strong>sententia:</strong></span> <span class='ocrx_word' id='word_1_358' title='bbox 537 1905 585 1939; x_wconf 67' lang='lat' dir='ltr'><strong>pia:</strong></span> <span class='ocrx_word' id='word_1_359' title='bbox 600 1905 718 1940; x_wconf 87' lang='lat' dir='ltr'><strong>quidem,</strong></span> <span class='ocrx_word' id='word_1_360' title='bbox 734 1906 780 1933; x_wconf 90' lang='lat' dir='ltr'><strong>sed</strong></span> <span class='ocrx_word' id='word_1_361' title='bbox 795 1915 848 1933; x_wconf 90' lang='lat' dir='ltr'><strong>tton</strong></span> <span class='ocrx_word' id='word_1_362' title='bbox 860 1914 938 1934; x_wconf 79' lang='lat' dir='ltr'><strong>verre.</strong></span> 
     </span>
    </p>
   </div>
   <div class='ocr_carea' id='block_1_41' title="bbox 146 1949 940 1983">
    <p class='ocr_par' dir='ltr' id='par_1_41' title="bbox 146 1949 940 1983">
     <span class='ocr_line' id='line_1_41' title="bbox 146 1949 940 1983; baseline 0.005 -8"><span class='ocrx_word' id='word_1_363' title='bbox 146 1949 271 1983; x_wconf 86' lang='lat' dir='ltr'><strong>Exempli</strong></span> <span class='ocrx_word' id='word_1_364' title='bbox 283 1956 372 1982; x_wconf 88' lang='lat' dir='ltr'><strong>causa,</strong></span> <span class='ocrx_word' id='word_1_365' title='bbox 388 1953 441 1976; x_wconf 88' lang='lat' dir='ltr'><strong>tres</strong></span> <span class='ocrx_word' id='word_1_366' title='bbox 455 1950 532 1977; x_wconf 89' lang='lat' dir='ltr'><strong>amici</strong></span> <span class='ocrx_word' id='word_1_367' title='bbox 547 1950 617 1983; x_wconf 85' lang='lat' dir='ltr'><strong>.lobi,</strong></span> <span class='ocrx_word' id='word_1_368' title='bbox 630 1958 690 1977; x_wconf 87' lang='lat' dir='ltr'><strong>cuttt</strong></span> <span class='ocrx_word' id='word_1_369' title='bbox 706 1951 779 1978; x_wconf 90' lang='lat' dir='ltr'><strong>illutn</strong></span> <span class='ocrx_word' id='word_1_370' title='bbox 804 1952 830 1978; x_wconf 93' lang='lat' dir='ltr'><strong>in</strong></span> <span class='ocrx_word' id='word_1_371' title='bbox 844 1960 940 1979; x_wconf 80' lang='lat' dir='ltr'><strong>acrum-</strong></span> 
     </span>
    </p>
   </div>
   <div class='ocr_carea' id='block_1_42' title="bbox 145 1994 940 2031">
    <p class='ocr_par' dir='ltr' id='par_1_42' title="bbox 145 1994 940 2031">
     <span class='ocr_line' id='line_1_42' title="bbox 145 1994 940 2031; baseline 0.005 -11"><span class='ocrx_word' id='word_1_372' title='bbox 145 1996 188 2021; x_wconf 86' lang='lat' dir='ltr'><strong>nis</strong></span> <span class='ocrx_word' id='word_1_373' title='bbox 202 1994 327 2021; x_wconf 58' lang='lat' dir='ltr'><strong>viderent</strong></span> <span class='ocrx_word' id='word_1_374' title='bbox 337 2015 343 2025; x_wconf 93' lang='lat'><strong>,</strong></span> <span class='ocrx_word' id='word_1_375' title='bbox 367 1999 487 2021; x_wconf 90' lang='lat' dir='ltr'><strong>sanctum</strong></span> <span class='ocrx_word' id='word_1_376' title='bbox 500 1995 585 2022; x_wconf 91' lang='lat' dir='ltr'><strong>virum</strong></span> <span class='ocrx_word' id='word_1_377' title='bbox 599 1995 768 2028; x_wconf 86' lang='lat' dir='ltr'><strong>damnarunt,</strong></span> <span class='ocrx_word' id='word_1_378' title='bbox 784 1997 858 2030; x_wconf 89' lang='lat' dir='ltr'><strong>quasi</strong></span> <span class='ocrx_word' id='word_1_379' title='bbox 869 1997 940 2031; x_wconf 86' lang='lat' dir='ltr'><strong>justa</strong></span> 
     </span>
    </p>
   </div>
   <div class='ocr_carea' id='block_1_43' title="bbox 146 2040 939 2075">
    <p class='ocr_par' dir='ltr' id='par_1_43' title="bbox 146 2040 939 2075">
     <span class='ocr_line' id='line_1_43' title="bbox 146 2040 939 2075; baseline 0.008 -11"><span class='ocrx_word' id='word_1_380' title='bbox 146 2041 308 2073; x_wconf 82' lang='lat' dir='ltr'><strong>patientem,</strong></span> <span class='ocrx_word' id='word_1_381' title='bbox 323 2040 499 2075; x_wconf 84' lang='lat' dir='ltr'><strong>dicebantque</strong></span> <span class='ocrx_word' id='word_1_382' title='bbox 515 2050 521 2067; x_wconf 92' lang='lat'>:</span> <span class='ocrx_word' id='word_1_383' title='bbox 535 2040 590 2067; x_wconf 82' lang='lat' dir='ltr'><strong>Nisi</strong></span> <span class='ocrx_word' id='word_1_384' title='bbox 603 2040 695 2067; x_wconf 80' lang='lat' dir='ltr'><strong>viduas</strong></span> <span class='ocrx_word' id='word_1_385' title='bbox 717 2040 866 2075; x_wconf 84' lang='lat' dir='ltr'><strong>afﬂixisses,</strong></span> <span class='ocrx_word' id='word_1_386' title='bbox 888 2043 939 2070; x_wconf 87' lang='lat' dir='ltr'><strong>nisi</strong></span> 
     </span>
    </p>
   </div>
   <div class='ocr_carea' id='block_1_44' title="bbox 144 2086 938 2121">
    <p class='ocr_par' dir='ltr' id='par_1_44' title="bbox 144 2086 938 2121">
     <span class='ocr_line' id='line_1_44' title="bbox 144 2086 938 2121; baseline 0.005 -10"><span class='ocrx_word' id='word_1_387' title='bbox 144 2087 264 2121; x_wconf 81' lang='lat' dir='ltr'><strong>pupillos</strong></span> <span class='ocrx_word' id='word_1_388' title='bbox 278 2086 466 2119; x_wconf 76' lang='lat' dir='ltr'><strong>oppressisses,</strong></span> <span class='ocrx_word' id='word_1_389' title='bbox 483 2094 627 2121; x_wconf 85' lang='lat' dir='ltr'><strong>numquam</strong></span> <span class='ocrx_word' id='word_1_390' title='bbox 642 2086 687 2113; x_wconf 93' lang='lat' dir='ltr'><strong>tibi</strong></span> <span class='ocrx_word' id='word_1_391' title='bbox 712 2086 781 2113; x_wconf 88' lang='lat' dir='ltr'><strong>Deus</strong></span> <span class='ocrx_word' id='word_1_392' title='bbox 793 2086 851 2114; x_wconf 65' lang='lat' dir='ltr'><strong>illBC</strong></span> <span class='ocrx_word' id='word_1_393' title='bbox 867 2087 938 2115; x_wconf 85' lang='lat' dir='ltr'><strong>inﬂi-</strong></span> 
     </span>
    </p>
   </div>
   <div class='ocr_carea' id='block_1_45' title="bbox 144 2131 937 2167">
    <p class='ocr_par' dir='ltr' id='par_1_45' title="bbox 144 2131 937 2167">
     <span class='ocr_line' id='line_1_45' title="bbox 144 2131 937 2167; baseline 0.004 -9"><span class='ocrx_word' id='word_1_394' title='bbox 144 2134 241 2160; x_wconf 80' lang='lat' dir='ltr'><strong>xisset.</strong></span> <span class='ocrx_word' id='word_1_395' title='bbox 269 2132 303 2158; x_wconf 88' lang='lat' dir='ltr'><strong>Et</strong></span> <span class='ocrx_word' id='word_1_396' title='bbox 326 2136 412 2158; x_wconf 91' lang='lat' dir='ltr'><strong>tamen</strong></span> <span class='ocrx_word' id='word_1_397' title='bbox 436 2131 497 2166; x_wconf 85' lang='lat' dir='ltr'><strong>quia</strong></span> <span class='ocrx_word' id='word_1_398' title='bbox 516 2132 562 2158; x_wconf 73' lang='lat' dir='ltr'><strong>Dei</strong></span> <span class='ocrx_word' id='word_1_399' title='bbox 581 2132 744 2166; x_wconf 78' lang='lat' dir='ltr'><strong>propasitum</strong></span> <span class='ocrx_word' id='word_1_400' title='bbox 770 2133 937 2167; x_wconf 77' lang='lat' dir='ltr'><strong>ignorabant,</strong></span> 
     </span>
    </p>
   </div>
   <div class='ocr_carea' id='block_1_46' title="bbox 142 2176 938 2213">
    <p class='ocr_par' dir='ltr' id='par_1_46' title="bbox 142 2176 938 2213">
     <span class='ocr_line' id='line_1_46' title="bbox 142 2176 938 2213; baseline 0.004 -9"><span class='ocrx_word' id='word_1_401' title='bbox 142 2178 303 2204; x_wconf 84' lang='lat' dir='ltr'><strong>maluerunt</strong></span> <span class='ocrx_word' id='word_1_402' title='bbox 330 2176 400 2203; x_wconf 87' lang='lat' dir='ltr'><strong>buttc</strong></span> <span class='ocrx_word' id='word_1_403' title='bbox 423 2176 551 2207; x_wconf 82' lang='lat' dir='ltr'><strong>damnare</strong></span> <span class='ocrx_word' id='word_1_404' title='bbox 574 2178 647 2212; x_wconf 90' lang='lat' dir='ltr'><strong>qttasi</strong></span> <span class='ocrx_word' id='word_1_405' title='bbox 672 2178 743 2212; x_wconf 89' lang='lat' dir='ltr'><strong>justa</strong></span> <span class='ocrx_word' id='word_1_406' title='bbox 777 2179 938 2213; x_wconf 83' lang='lat' dir='ltr'><strong>patientem,</strong></span> 
     </span>
    </p>
   </div>
   <div class='ocr_carea' id='block_1_47' title="bbox 142 2222 940 2258">
    <p class='ocr_par' dir='ltr' id='par_1_47' title="bbox 142 2222 940 2258">
     <span class='ocr_line' id='line_1_47' title="bbox 142 2222 940 2258; baseline 0.003 -8"><span class='ocrx_word' id='word_1_407' title='bbox 142 2232 227 2258; x_wconf 86' lang='lat' dir='ltr'><strong>quant</strong></span> <span class='ocrx_word' id='word_1_408' title='bbox 245 2223 340 2256; x_wconf 88' lang='lat' dir='ltr'><strong>Deum,</strong></span> <span class='ocrx_word' id='word_1_409' title='bbox 355 2227 384 2249; x_wconf 89' lang='lat' dir='ltr'><strong>ut</strong></span> <span class='ocrx_word' id='word_1_410' title='bbox 398 2222 495 2257; x_wconf 89' lang='lat' dir='ltr'><strong>injuste</strong></span> <span class='ocrx_word' id='word_1_411' title='bbox 509 2223 576 2249; x_wconf 90' lang='lat' dir='ltr'><strong>mala</strong></span> <span class='ocrx_word' id='word_1_412' title='bbox 591 2223 758 2251; x_wconf 77' lang='lat' dir='ltr'><strong>inferentem.</strong></span> <span class='ocrx_word' id='word_1_413' title='bbox 775 2224 821 2251; x_wconf 89' lang='lat' dir='ltr'><strong>Dei</strong></span> <span class='ocrx_word' id='word_1_414' title='bbox 833 2232 940 2252; x_wconf 87' lang='lat' dir='ltr'><strong>causam</strong></span> 
     </span>
    </p>
   </div>
   <div class='ocr_carea' id='block_1_48' title="bbox 142 2268 939 2304">
    <p class='ocr_par' dir='ltr' id='par_1_48' title="bbox 142 2268 939 2304">
     <span class='ocr_line' id='line_1_48' title="bbox 142 2268 939 2304; baseline 0.001 -8"><span class='ocrx_word' id='word_1_415' title='bbox 142 2269 273 2304; x_wconf 78' lang='lat' dir='ltr'><strong>agebant,</strong></span> <span class='ocrx_word' id='word_1_416' title='bbox 294 2273 322 2295; x_wconf 90' lang='lat' dir='ltr'><strong>et</strong></span> <span class='ocrx_word' id='word_1_417' title='bbox 348 2273 435 2295; x_wconf 89' lang='lat' dir='ltr'><strong>tamen</strong></span> <span class='ocrx_word' id='word_1_418' title='bbox 457 2268 525 2295; x_wconf 88' lang='lat' dir='ltr'><strong>Deus</strong></span> <span class='ocrx_word' id='word_1_419' title='bbox 541 2269 600 2295; x_wconf 93' lang='lat' dir='ltr'><strong>illos</strong></span> <span class='ocrx_word' id='word_1_420' title='bbox 625 2270 743 2304; x_wconf 79' lang='lat' dir='ltr'><strong>coarguit</strong></span> <span class='ocrx_word' id='word_1_421' title='bbox 760 2280 766 2296; x_wconf 91' lang='lat'><strong><em>:</em></strong></span> <span class='ocrx_word' id='word_1_422' title='bbox 784 2270 869 2303; x_wconf 83' lang='lat' dir='ltr'><strong>Quare</strong></span> <span class='ocrx_word' id='word_1_423' title='bbox 889 2279 939 2297; x_wconf 85' lang='lat' dir='ltr'><strong>non</strong></span> 
     </span>
    </p>
   </div>
   <div class='ocr_carea' id='block_1_49' title="bbox 143 2314 937 2352">
    <p class='ocr_par' dir='ltr' id='par_1_49' title="bbox 143 2314 937 2352">
     <span class='ocr_line' id='line_1_49' title="bbox 143 2314 937 2352; baseline 0.004 -11"><span class='ocrx_word' id='word_1_424' title='bbox 143 2315 246 2350; x_wconf 68' lang='grc' dir='ltr'><strong>(ειμιιηί</strong></span> <span class='ocrx_word' id='word_1_425' title='bbox 271 2314 330 2341; x_wconf 75' lang='lat' dir='ltr'><strong>estis</strong></span> <span class='ocrx_word' id='word_1_426' title='bbox 343 2319 411 2340; x_wconf 78' lang='lat' dir='ltr'><strong>recta</strong></span> <span class='ocrx_word' id='word_1_427' title='bbox 425 2314 544 2341; x_wconf 78' lang='lat' dir='ltr'><strong>adversus</strong></span> <span class='ocrx_word' id='word_1_428' title='bbox 559 2321 655 2340; x_wconf 84' lang='lat' dir='ltr'><strong>servum</strong></span> <span class='ocrx_word' id='word_1_429' title='bbox 671 2323 751 2341; x_wconf 86' lang='lat' dir='ltr'><strong>meum</strong></span> <span class='ocrx_word' id='word_1_430' title='bbox 766 2315 825 2351; x_wconf 87' lang='lat' dir='ltr'><strong>(Job</strong></span> <span class='ocrx_word' id='word_1_431' title='bbox 838 2316 882 2343; x_wconf 63' lang='lat'><strong>4&#39;2.</strong></span> <span class='ocrx_word' id='word_1_432' title='bbox 901 2316 937 2352; x_wconf 86' lang='lat'><strong>7).</strong></span> 
     </span>
    </p>
   </div>
   <div class='ocr_carea' id='block_1_50' title="bbox 142 2361 939 2396">
    <p class='ocr_par' dir='ltr' id='par_1_50' title="bbox 142 2361 939 2396">
     <span class='ocr_line' id='line_1_50' title="bbox 142 2361 939 2396; baseline 0 -7"><span class='ocrx_word' id='word_1_433' title='bbox 142 2363 193 2389; x_wconf 70' lang='lat' dir='ltr'><strong>Est</strong></span> <span class='ocrx_word' id='word_1_434' title='bbox 216 2362 299 2396; x_wconf 78' lang='lat' dir='ltr'><strong>igitur</strong></span> <span class='ocrx_word' id='word_1_435' title='bbox 311 2362 441 2388; x_wconf 89' lang='lat' dir='ltr'><strong>sententia</strong></span> <span class='ocrx_word' id='word_1_436' title='bbox 457 2361 497 2394; x_wconf 91' lang='lat' dir='ltr'><strong>pia</strong></span> <span class='ocrx_word' id='word_1_437' title='bbox 514 2361 631 2396; x_wconf 80' lang='lat' dir='ltr'><strong>quidem,</strong></span> <span class='ocrx_word' id='word_1_438' title='bbox 649 2361 695 2387; x_wconf 89' lang='lat' dir='ltr'><strong>sed</strong></span> <span class='ocrx_word' id='word_1_439' title='bbox 717 2369 769 2388; x_wconf 92' lang='lat' dir='ltr'><strong>non</strong></span> <span class='ocrx_word' id='word_1_440' title='bbox 783 2370 855 2389; x_wconf 89' lang='lat' dir='ltr'><strong>vera.</strong></span> <span class='ocrx_word' id='word_1_441' title='bbox 871 2363 939 2395; x_wconf 81' lang='lat' dir='ltr'><strong>Quid</strong></span> 
     </span>
    </p>
   </div>
   <div class='ocr_carea' id='block_1_51' title="bbox 140 2407 939 2442">
    <p class='ocr_par' dir='ltr' id='par_1_51' title="bbox 140 2407 939 2442">
     <span class='ocr_line' id='line_1_51' title="bbox 140 2407 939 2442; baseline 0 -7"><span class='ocrx_word' id='word_1_442' title='bbox 140 2413 183 2436; x_wconf 87' lang='lat' dir='ltr'><strong>cst</strong></span> <span class='ocrx_word' id='word_1_443' title='bbox 198 2408 292 2441; x_wconf 76' lang='lat' dir='ltr'><strong>igitur,</strong></span> <span class='ocrx_word' id='word_1_444' title='bbox 308 2407 386 2433; x_wconf 84' lang='lat' dir='ltr'><strong>Terra</strong></span> <span class='ocrx_word' id='word_1_445' title='bbox 404 2412 487 2433; x_wconf 84' lang='lat' dir='ltr'><strong>autem</strong></span> <span class='ocrx_word' id='word_1_446' title='bbox 499 2412 552 2433; x_wconf 80' lang='lat' dir='ltr'><strong>erat</strong></span> <span class='ocrx_word' id='word_1_447' title='bbox 564 2407 698 2434; x_wconf 76' lang='lat' dir='ltr'><strong>invisibilis</strong></span> <span class='ocrx_word' id='word_1_448' title='bbox 707 2412 730 2433; x_wconf 86' lang='lat' dir='ltr'><strong>et</strong></span> <span class='ocrx_word' id='word_1_449' title='bbox 752 2408 939 2442; x_wconf 79' lang='lat' dir='ltr'><strong>incomposita?</strong></span> 
     </span>
    </p>
   </div>
   <div class='ocr_carea' id='block_1_52' title="bbox 141 2453 937 2489">
    <p class='ocr_par' dir='ltr' id='par_1_52' title="bbox 141 2453 937 2489">
     <span class='ocr_line' id='line_1_52' title="bbox 141 2453 937 2489; baseline 0 -9"><span class='ocrx_word' id='word_1_450' title='bbox 141 2455 312 2488; x_wconf 86' lang='lat' dir='ltr'><strong>luterpretes</strong></span> <span class='ocrx_word' id='word_1_451' title='bbox 333 2453 404 2479; x_wconf 86' lang='lat' dir='ltr'><strong>clare</strong></span> <span class='ocrx_word' id='word_1_452' title='bbox 426 2457 616 2486; x_wconf 84' lang='lat' dir='ltr'><strong>exposuerunt.</strong></span> <span class='ocrx_word' id='word_1_453' title='bbox 641 2453 685 2480; x_wconf 87' lang='lat' dir='ltr'><strong>Ait</strong></span> <span class='ocrx_word' id='word_1_454' title='bbox 710 2454 781 2480; x_wconf 89' lang='lat' dir='ltr'><strong>enim</strong></span> <span class='ocrx_word' id='word_1_455' title='bbox 807 2455 900 2489; x_wconf 87' lang='lat' dir='ltr'><strong>Aqttila</strong></span> <span class='ocrx_word' id='word_1_456' title='bbox 930 2462 937 2480; x_wconf 90' lang='lat'>:</span> 
     </span>
    </p>
   </div>
   <div class='ocr_carea' id='block_1_53' title="bbox 142 2499 937 2527">
    <p class='ocr_par' dir='ltr' id='par_1_53' title="bbox 142 2499 937 2527">
     <span class='ocr_line' id='line_1_53' title="bbox 142 2499 937 2527; baseline 0.001 -1"><span class='ocrx_word' id='word_1_457' title='bbox 142 2499 226 2526; x_wconf 66' lang='lat' dir='ltr'><strong>Terra</strong></span> <span class='ocrx_word' id='word_1_458' title='bbox 242 2504 325 2525; x_wconf 82' lang='lat' dir='ltr'><strong>autent</strong></span> <span class='ocrx_word' id='word_1_459' title='bbox 340 2503 393 2525; x_wconf 89' lang='lat' dir='ltr'><strong>erat</strong></span> <span class='ocrx_word' id='word_1_460' title='bbox 421 2499 532 2525; x_wconf 78' lang='lat' dir='ltr'><strong>inanitas</strong></span> <span class='ocrx_word' id='word_1_461' title='bbox 555 2503 576 2525; x_wconf 86' lang='lat' dir='ltr'><strong>el</strong></span> <span class='ocrx_word' id='word_1_462' title='bbox 601 2499 673 2525; x_wconf 78' lang='lat' dir='ltr'><strong>nillil.</strong></span> <span class='ocrx_word' id='word_1_463' title='bbox 697 2499 836 2527; x_wconf 80' lang='lat' dir='ltr'><strong>invisibilis</strong></span> <span class='ocrx_word' id='word_1_464' title='bbox 850 2505 937 2527; x_wconf 87' lang='lat' dir='ltr'><strong>autem</strong></span> 
     </span>
    </p>
   </div>
   <div class='ocr_carea' id='block_1_54' title="bbox 140 2543 935 2578">
    <p class='ocr_par' dir='ltr' id='par_1_54' title="bbox 140 2543 935 2578">
     <span class='ocr_line' id='line_1_54' title="bbox 140 2543 935 2578; baseline 0.001 -7"><span class='ocrx_word' id='word_1_465' title='bbox 140 2545 256 2575; x_wconf 89' lang='lat' dir='ltr'><strong>dicitur,</strong></span> <span class='ocrx_word' id='word_1_466' title='bbox 275 2551 327 2570; x_wconf 92' lang='lat' dir='ltr'><strong>non</strong></span> <span class='ocrx_word' id='word_1_467' title='bbox 338 2543 470 2578; x_wconf 87' lang='lat' dir='ltr'><strong>quodnon</strong></span> <span class='ocrx_word' id='word_1_468' title='bbox 486 2548 636 2577; x_wconf 85' lang='lat' dir='ltr'><strong>appareret,</strong></span> <span class='ocrx_word' id='word_1_469' title='bbox 653 2543 744 2577; x_wconf 82' lang='lat' dir='ltr'><strong>sed,ut</strong></span> <span class='ocrx_word' id='word_1_470' title='bbox 758 2545 816 2578; x_wconf 85' lang='lat' dir='ltr'><strong>quis</strong></span> <span class='ocrx_word' id='word_1_471' title='bbox 827 2544 935 2578; x_wconf 81' lang='lat' dir='ltr'><strong>dixerit,</strong></span> 
     </span>
    </p>
   </div>
   <div class='ocr_carea' id='block_1_55' title="bbox 139 2590 938 2626">
    <p class='ocr_par' dir='ltr' id='par_1_55' title="bbox 139 2590 938 2626">
     <span class='ocr_line' id='line_1_55' title="bbox 139 2590 938 2626; baseline 0.001 -8"><span class='ocrx_word' id='word_1_472' title='bbox 139 2592 281 2619; x_wconf 83' lang='lat' dir='ltr'><strong>inornata.</strong></span> <span class='ocrx_word' id='word_1_473' title='bbox 293 2591 414 2618; x_wconf 89' lang='lat' dir='ltr'><strong>Nondum</strong></span> <span class='ocrx_word' id='word_1_474' title='bbox 428 2596 484 2618; x_wconf 84' lang='lat' dir='ltr'><strong>erat</strong></span> <span class='ocrx_word' id='word_1_475' title='bbox 495 2592 553 2617; x_wconf 67' lang='lat' dir='ltr'><strong>lteta</strong></span> <span class='ocrx_word' id='word_1_476' title='bbox 563 2590 666 2626; x_wconf 87' lang='lat' dir='ltr'><strong>plantis,</strong></span> <span class='ocrx_word' id='word_1_477' title='bbox 679 2591 795 2618; x_wconf 88' lang='lat' dir='ltr'><strong>nottduttt</strong></span> <span class='ocrx_word' id='word_1_478' title='bbox 810 2590 938 2619; x_wconf 81' lang='lat' dir='ltr'><strong>fructibus</strong></span> 
     </span>
    </p>
   </div>
   <div class='ocr_carea' id='block_1_56' title="bbox 138 2636 935 2670">
    <p class='ocr_par' dir='ltr' id='par_1_56' title="bbox 138 2636 935 2670">
     <span class='ocr_line' id='line_1_56' title="bbox 138 2636 935 2670; baseline -0.001 -5"><span class='ocrx_word' id='word_1_479' title='bbox 138 2642 285 2670; x_wconf 84' lang='lat' dir='ltr'><strong>coronata,</strong></span> <span class='ocrx_word' id='word_1_480' title='bbox 301 2636 418 2664; x_wconf 84' lang='lat' dir='ltr'><strong>nondum</strong></span> <span class='ocrx_word' id='word_1_481' title='bbox 431 2636 517 2664; x_wconf 81' lang='lat' dir='ltr'><strong>fluviis</strong></span> <span class='ocrx_word' id='word_1_482' title='bbox 540 2642 566 2664; x_wconf 89' lang='lat' dir='ltr'><strong>et</strong></span> <span class='ocrx_word' id='word_1_483' title='bbox 578 2636 695 2664; x_wconf 83' lang='lat' dir='ltr'><strong>fontibus</strong></span> <span class='ocrx_word' id='word_1_484' title='bbox 705 2637 801 2669; x_wconf 88' lang='lat' dir='ltr'><strong>cincta,</strong></span> <span class='ocrx_word' id='word_1_485' title='bbox 817 2637 935 2664; x_wconf 88' lang='lat' dir='ltr'><strong>nondum</strong></span> 
     </span>
    </p>
   </div>
   <div class='ocr_carea' id='block_1_57' title="bbox 136 2682 937 2717">
    <p class='ocr_par' dir='ltr' id='par_1_57' title="bbox 136 2682 937 2717">
     <span class='ocr_line' id='line_1_57' title="bbox 136 2682 937 2717; baseline 0 -8"><span class='ocrx_word' id='word_1_486' title='bbox 136 2683 201 2711; x_wconf 78' lang='lat' dir='ltr'><strong>aliis</strong></span> <span class='ocrx_word' id='word_1_487' title='bbox 230 2683 364 2717; x_wconf 85' lang='lat' dir='ltr'><strong>variisque</strong></span> <span class='ocrx_word' id='word_1_488' title='bbox 389 2682 552 2710; x_wconf 78' lang='lat' dir='ltr'><strong>ornamentis</strong></span> <span class='ocrx_word' id='word_1_489' title='bbox 570 2682 676 2715; x_wconf 83' lang='lat' dir='ltr'><strong>decora,</strong></span> <span class='ocrx_word' id='word_1_490' title='bbox 692 2687 802 2717; x_wconf 88' lang='lat' dir='ltr'><strong>eratque</strong></span> <span class='ocrx_word' id='word_1_491' title='bbox 816 2683 937 2709; x_wconf 82' lang='lat' dir='ltr'><strong>invisibi-</strong></span> 
     </span>
    </p>
   </div>
   <div class='ocr_carea' id='block_1_58' title="bbox 136 2728 935 2763">
    <p class='ocr_par' dir='ltr' id='par_1_58' title="bbox 136 2728 935 2763">
     <span class='ocr_line' id='line_1_58' title="bbox 136 2728 935 2763; baseline -0.001 -7"><span class='ocrx_word' id='word_1_492' title='bbox 136 2730 171 2757; x_wconf 88' lang='lat' dir='ltr'><strong>lis</strong></span> <span class='ocrx_word' id='word_1_493' title='bbox 181 2728 305 2756; x_wconf 89' lang='lat' dir='ltr'><strong>nondum</strong></span> <span class='ocrx_word' id='word_1_494' title='bbox 316 2730 443 2756; x_wconf 89' lang='lat' dir='ltr'><strong>instructa</strong></span> <span class='ocrx_word' id='word_1_495' title='bbox 456 2728 579 2763; x_wconf 78' lang='lat' dir='ltr'><strong>gignendi</strong></span> <span class='ocrx_word' id='word_1_496' title='bbox 594 2728 729 2755; x_wconf 81' lang='lat' dir='ltr'><strong>facultate.</strong></span> <span class='ocrx_word' id='word_1_497' title='bbox 743 2729 787 2755; x_wconf 88' lang='lat' dir='ltr'><strong>Ait</strong></span> <span class='ocrx_word' id='word_1_498' title='bbox 800 2728 935 2763; x_wconf 86' lang='lat' dir='ltr'><strong>Scriptura</strong></span> 
     </span>
    </p>
   </div>
   <div class='ocr_carea' id='block_1_59' title="bbox 136 2773 936 2809">
    <p class='ocr_par' dir='ltr' id='par_1_59' title="bbox 136 2773 936 2809">
     <span class='ocr_line' id='line_1_59' title="bbox 136 2773 936 2809; baseline -0.003 -7"><span class='ocrx_word' id='word_1_499' title='bbox 136 2776 172 2802; x_wconf 89' lang='lat' dir='ltr'><strong>de</strong></span> <span class='ocrx_word' id='word_1_500' title='bbox 189 2774 312 2809; x_wconf 86' lang='lat' dir='ltr'><strong>quodam</strong></span> <span class='ocrx_word' id='word_1_501' title='bbox 334 2774 391 2801; x_wconf 88' lang='lat' dir='ltr'><strong>viro</strong></span> <span class='ocrx_word' id='word_1_502' title='bbox 407 2773 465 2801; x_wconf 79' lang='lat' dir='ltr'><strong>forti</strong></span> <span class='ocrx_word' id='word_1_503' title='bbox 483 2779 510 2801; x_wconf 88' lang='lat' dir='ltr'><strong>et</strong></span> <span class='ocrx_word' id='word_1_504' title='bbox 524 2773 659 2801; x_wconf 82' lang='lat' dir='ltr'><strong>formoso:</strong></span> <span class='ocrx_word' id='word_1_505' title='bbox 674 2773 766 2800; x_wconf 85' lang='lat' dir='ltr'><strong>Nonne</strong></span> <span class='ocrx_word' id='word_1_506' title='bbox 784 2774 824 2800; x_wconf 81' lang='lat' dir='ltr'><strong>hic</strong></span> <span class='ocrx_word' id='word_1_507' title='bbox 834 2782 936 2808; x_wconf 69' lang='lat' dir='ltr'><strong>percus-</strong></span> 
     </span>
    </p>
   </div>
   <div class='ocr_carea' id='block_1_60' title="bbox 133 2819 935 2856">
    <p class='ocr_par' dir='ltr' id='par_1_60' title="bbox 133 2819 935 2856">
     <span class='ocr_line' id='line_1_60' title="bbox 133 2819 935 2856; baseline 0 -8"><span class='ocrx_word' id='word_1_508' title='bbox 133 2821 170 2848; x_wconf 72' lang='lat' dir='ltr'><strong>sit</strong></span> <span class='ocrx_word' id='word_1_509' title='bbox 183 2821 273 2848; x_wconf 75' lang='lat' dir='ltr'><strong>virum</strong></span> <span class='ocrx_word' id='word_1_510' title='bbox 287 2819 440 2855; x_wconf 60' lang='lat' dir='ltr'><strong>4Egyptium</strong></span> <span class='ocrx_word' id='word_1_511' title='bbox 455 2820 574 2848; x_wconf 78' lang='lat' dir='ltr'><strong>visibilem</strong></span> <span class='ocrx_word' id='word_1_512' title='bbox 588 2820 616 2855; x_wconf 68' lang='lat'><strong>(‘2</strong></span> <span class='ocrx_word' id='word_1_513' title='bbox 643 2820 706 2855; x_wconf 82' lang='lat' dir='ltr'><strong>Reg.</strong></span> <span class='ocrx_word' id='word_1_514' title='bbox 720 2819 765 2848; x_wconf 72' lang='lat'><strong>25.</strong></span> <span class='ocrx_word' id='word_1_515' title='bbox 779 2820 810 2848; x_wconf 79' lang='grc'><strong>21</strong></span> <span class='ocrx_word' id='word_1_516' title='bbox 821 2821 852 2856; x_wconf 83' lang='lat'><strong>)?</strong></span> <span class='ocrx_word' id='word_1_517' title='bbox 868 2820 935 2848; x_wconf 84' lang='lat' dir='ltr'><strong>Num</strong></span> 
     </span>
    </p>
   </div>
   <div class='ocr_carea' id='block_1_61' title="bbox 1733 110 1785 136">
    <p class='ocr_par' dir='ltr' id='par_1_61' title="bbox 1733 110 1785 136">
     <span class='ocr_line' id='line_1_61' title="bbox 1733 110 1785 136; baseline 0 0"><span class='ocrx_word' id='word_1_518' title='bbox 1733 110 1785 136; x_wconf 58' lang='grc' dir='ltr'><strong>ΔΗ</strong></span> 
     </span>
    </p>
   </div>
   <div class='ocr_carea' id='block_1_62' title="bbox 996 164 1784 200">
    <p class='ocr_par' dir='ltr' id='par_1_62' title="bbox 996 164 1784 200">
     <span class='ocr_line' id='line_1_62' title="bbox 996 164 1784 200; baseline 0.003 -10"><span class='ocrx_word' id='word_1_519' title='bbox 996 168 1113 197; x_wconf 74' lang='lat' dir='ltr'><strong>estergo</strong></span> <span class='ocrx_word' id='word_1_520' title='bbox 1129 164 1169 191; x_wconf 88' lang='lat' dir='ltr'><strong>vir</strong></span> <span class='ocrx_word' id='word_1_521' title='bbox 1185 164 1344 191; x_wconf 77' lang='lat' dir='ltr'><strong>invisibilis?</strong></span> <span class='ocrx_word' id='word_1_522' title='bbox 1368 164 1419 192; x_wconf 82' lang='lat' dir='ltr'><strong>Sed</strong></span> <span class='ocrx_word' id='word_1_523' title='bbox 1437 164 1531 199; x_wconf 78' lang='lat' dir='ltr'><strong>dignus</strong></span> <span class='ocrx_word' id='word_1_524' title='bbox 1547 168 1586 191; x_wconf 80' lang='lat' dir='ltr'><strong>est</strong></span> <span class='ocrx_word' id='word_1_525' title='bbox 1597 186 1603 195; x_wconf 82' lang='lat'>.</span> <span class='ocrx_word' id='word_1_526' title='bbox 1619 164 1704 200; x_wconf 87' lang='lat' dir='ltr'><strong>inquit</strong></span> <span class='ocrx_word' id='word_1_527' title='bbox 1717 186 1724 198; x_wconf 90' lang='lat'><strong>,</strong></span> <span class='ocrx_word' id='word_1_528' title='bbox 1739 167 1784 200; x_wconf 88' lang='lat' dir='ltr'><strong>qui</strong></span> 
     </span>
    </p>
   </div>
   <div class='ocr_carea' id='block_1_63' title="bbox 995 209 1784 245">
    <p class='ocr_par' dir='ltr' id='par_1_63' title="bbox 995 209 1784 245">
     <span class='ocr_line' id='line_1_63' title="bbox 995 209 1784 245; baseline 0.001 -9"><span class='ocrx_word' id='word_1_529' title='bbox 995 210 1162 244; x_wconf 83' lang='lat' dir='ltr'><strong>suspieiatur.</strong></span> <span class='ocrx_word' id='word_1_530' title='bbox 1183 209 1410 243; x_wconf 85' lang='lat' dir='ltr'><strong>Quemadmodum</strong></span> <span class='ocrx_word' id='word_1_531' title='bbox 1436 210 1514 244; x_wconf 79' lang='lat' dir='ltr'><strong>igitur</strong></span> <span class='ocrx_word' id='word_1_532' title='bbox 1538 210 1690 245; x_wconf 60' lang='lat' dir='ltr'><strong>tEgyplium</strong></span> <span class='ocrx_word' id='word_1_533' title='bbox 1718 210 1784 237; x_wconf 86' lang='lat' dir='ltr'><strong>dixit</strong></span> 
     </span>
    </p>
   </div>
   <div class='ocr_carea' id='block_1_64' title="bbox 994 256 1787 291">
    <p class='ocr_par' dir='ltr' id='par_1_64' title="bbox 994 256 1787 291">
     <span class='ocr_line' id='line_1_64' title="bbox 994 256 1787 291; baseline 0.001 -9"><span class='ocrx_word' id='word_1_534' title='bbox 994 257 1079 282; x_wconf 91' lang='lat' dir='ltr'><strong>virum</strong></span> <span class='ocrx_word' id='word_1_535' title='bbox 1106 256 1246 290; x_wconf 72' lang='lat' dir='ltr'><strong>visibilem,</strong></span> <span class='ocrx_word' id='word_1_536' title='bbox 1270 264 1317 283; x_wconf 87' lang='lat' dir='ltr'><strong>cett</strong></span> <span class='ocrx_word' id='word_1_537' title='bbox 1340 256 1447 291; x_wconf 81' lang='lat' dir='ltr'><strong>dignum</strong></span> <span class='ocrx_word' id='word_1_538' title='bbox 1473 256 1624 291; x_wconf 83' lang='lat' dir='ltr'><strong>spectaculo</strong></span> <span class='ocrx_word' id='word_1_539' title='bbox 1651 265 1657 282; x_wconf 87' lang='lat'>:</span> <span class='ocrx_word' id='word_1_540' title='bbox 1677 258 1716 283; x_wconf 89' lang='lat' dir='ltr'><strong>sic</strong></span> <span class='ocrx_word' id='word_1_541' title='bbox 1734 261 1787 283; x_wconf 84' lang='lat' dir='ltr'><strong>tcr-</strong></span> 
     </span>
    </p>
   </div>
   <div class='ocr_carea' id='block_1_65' title="bbox 995 301 1784 329">
    <p class='ocr_par' dir='ltr' id='par_1_65' title="bbox 995 301 1784 329">
     <span class='ocr_line' id='line_1_65' title="bbox 995 301 1784 329; baseline 0.001 -2"><span class='ocrx_word' id='word_1_542' title='bbox 995 309 1051 328; x_wconf 90' lang='lat' dir='ltr'><strong>ram</strong></span> <span class='ocrx_word' id='word_1_543' title='bbox 1079 301 1217 328; x_wconf 81' lang='lat' dir='ltr'><strong>informem</strong></span> <span class='ocrx_word' id='word_1_544' title='bbox 1239 302 1397 328; x_wconf 84' lang='lat' dir='ltr'><strong>invisibilem</strong></span> <span class='ocrx_word' id='word_1_545' title='bbox 1420 302 1495 328; x_wconf 87' lang='lat' dir='ltr'><strong>dixit.</strong></span> <span class='ocrx_word' id='word_1_546' title='bbox 1510 301 1633 329; x_wconf 85' lang='lat' dir='ltr'><strong>Secundo</strong></span> <span class='ocrx_word' id='word_1_547' title='bbox 1653 302 1695 329; x_wconf 82' lang='lat' dir='ltr'><strong>die</strong></span> <span class='ocrx_word' id='word_1_548' title='bbox 1718 301 1784 329; x_wconf 82' lang='lat' dir='ltr'><strong>dixit</strong></span> 
     </span>
    </p>
   </div>
   <div class='ocr_carea' id='block_1_66' title="bbox 996 346 1783 381">
    <p class='ocr_par' dir='ltr' id='par_1_66' title="bbox 996 346 1783 381">
     <span class='ocr_line' id='line_1_66' title="bbox 996 346 1783 381; baseline 0 -8"><span class='ocrx_word' id='word_1_549' title='bbox 996 347 1064 373; x_wconf 86' lang='lat' dir='ltr'><strong>Deus</strong></span> <span class='ocrx_word' id='word_1_550' title='bbox 1094 355 1099 373; x_wconf 92' lang='lat'><strong>:</strong></span> <span class='ocrx_word' id='word_1_551' title='bbox 1129 346 1189 373; x_wconf 85' lang='lat' dir='ltr'><strong>Fiut</strong></span> <span class='ocrx_word' id='word_1_552' title='bbox 1217 347 1402 380; x_wconf 84' lang='lat' dir='ltr'><strong>ﬁrmamentum</strong></span> <span class='ocrx_word' id='word_1_553' title='bbox 1425 347 1451 372; x_wconf 90' lang='lat' dir='ltr'><strong>in</strong></span> <span class='ocrx_word' id='word_1_554' title='bbox 1476 347 1558 373; x_wconf 88' lang='lat' dir='ltr'><strong>medio</strong></span> <span class='ocrx_word' id='word_1_555' title='bbox 1577 355 1650 381; x_wconf 73' lang='lat' dir='ltr'><strong>aqua:</strong></span> <span class='ocrx_word' id='word_1_556' title='bbox 1665 367 1672 379; x_wconf 94' lang='lat'><strong>,</strong></span> <span class='ocrx_word' id='word_1_557' title='bbox 1696 351 1719 373; x_wconf 80' lang='lat' dir='ltr'><strong>et</strong></span> <span class='ocrx_word' id='word_1_558' title='bbox 1749 346 1783 373; x_wconf 69' lang='lat' dir='ltr'><strong>ait</strong></span> 
     </span>
    </p>
   </div>
   <div class='ocr_carea' id='block_1_67' title="bbox 995 391 1783 427">
    <p class='ocr_par' dir='ltr' id='par_1_67' title="bbox 995 391 1783 427">
     <span class='ocr_line' id='line_1_67' title="bbox 995 391 1783 427; baseline 0.001 -10"><span class='ocrx_word' id='word_1_559' title='bbox 995 391 1178 418; x_wconf 80' lang='lat' dir='ltr'><strong>diridensinter</strong></span> <span class='ocrx_word' id='word_1_560' title='bbox 1190 400 1281 425; x_wconf 80' lang='lat' dir='ltr'><strong>aquam</strong></span> <span class='ocrx_word' id='word_1_561' title='bbox 1295 396 1318 418; x_wconf 83' lang='lat' dir='ltr'><strong>et</strong></span> <span class='ocrx_word' id='word_1_562' title='bbox 1328 400 1419 425; x_wconf 81' lang='lat' dir='ltr'><strong>aquam</strong></span> <span class='ocrx_word' id='word_1_563' title='bbox 1431 391 1507 426; x_wconf 86' lang='lat' dir='ltr'><strong>(Gen.</strong></span> <span class='ocrx_word' id='word_1_564' title='bbox 1522 393 1547 419; x_wconf 88' lang='lat' dir='ltr'><strong>‘l.</strong></span> <span class='ocrx_word' id='word_1_565' title='bbox 1559 391 1597 427; x_wconf 85' lang='lat'><strong>6).</strong></span> <span class='ocrx_word' id='word_1_566' title='bbox 1617 392 1689 419; x_wconf 84' lang='lat' dir='ltr'><strong>Fecit</strong></span> <span class='ocrx_word' id='word_1_567' title='bbox 1704 392 1783 426; x_wconf 83' lang='lat' dir='ltr'><strong>igitur</strong></span> 
     </span>
    </p>
   </div>
   <div class='ocr_carea' id='block_1_68' title="bbox 995 435 1783 471">
    <p class='ocr_par' dir='ltr' id='par_1_68' title="bbox 995 435 1783 471">
     <span class='ocr_line' id='line_1_68' title="bbox 995 435 1783 471; baseline 0.003 -9"><span class='ocrx_word' id='word_1_568' title='bbox 995 435 1045 463; x_wconf 90' lang='lat' dir='ltr'><strong>hoc</strong></span> <span class='ocrx_word' id='word_1_569' title='bbox 1058 437 1162 469; x_wconf 70' lang='lat' dir='ltr'><strong>caelum,</strong></span> <span class='ocrx_word' id='word_1_570' title='bbox 1178 444 1230 462; x_wconf 87' lang='lat' dir='ltr'><strong>tton</strong></span> <span class='ocrx_word' id='word_1_571' title='bbox 1245 444 1307 463; x_wconf 82' lang='lat' dir='ltr'><strong>vero</strong></span> <span class='ocrx_word' id='word_1_572' title='bbox 1319 438 1411 463; x_wconf 73' lang='lat' dir='ltr'><strong>czelum</strong></span> <span class='ocrx_word' id='word_1_573' title='bbox 1424 438 1556 471; x_wconf 89' lang='lat' dir='ltr'><strong>superius,</strong></span> <span class='ocrx_word' id='word_1_574' title='bbox 1575 437 1621 464; x_wconf 83' lang='lat' dir='ltr'><strong>scd</strong></span> <span class='ocrx_word' id='word_1_575' title='bbox 1633 437 1696 464; x_wconf 91' lang='lat' dir='ltr'><strong>illud</strong></span> <span class='ocrx_word' id='word_1_576' title='bbox 1712 437 1783 471; x_wconf 90' lang='lat' dir='ltr'><strong>quod</strong></span> 
     </span>
    </p>
   </div>
   <div class='ocr_carea' id='block_1_69' title="bbox 995 481 1783 518">
    <p class='ocr_par' dir='ltr' id='par_1_69' title="bbox 995 481 1783 518">
     <span class='ocr_line' id='line_1_69' title="bbox 995 481 1783 518; baseline 0.001 -10"><span class='ocrx_word' id='word_1_577' title='bbox 995 481 1115 514; x_wconf 86' lang='lat' dir='ltr'><strong>videtur,</strong></span> <span class='ocrx_word' id='word_1_578' title='bbox 1140 490 1174 509; x_wconf 84' lang='lat' dir='ltr'><strong>ex</strong></span> <span class='ocrx_word' id='word_1_579' title='bbox 1199 483 1274 516; x_wconf 89' lang='lat' dir='ltr'><strong>aquis</strong></span> <span class='ocrx_word' id='word_1_580' title='bbox 1287 490 1383 517; x_wconf 90' lang='lat' dir='ltr'><strong>nempe</strong></span> <span class='ocrx_word' id='word_1_581' title='bbox 1397 484 1515 518; x_wconf 87' lang='lat' dir='ltr'><strong>crystalli</strong></span> <span class='ocrx_word' id='word_1_582' title='bbox 1536 484 1618 510; x_wconf 90' lang='lat' dir='ltr'><strong>instar</strong></span> <span class='ocrx_word' id='word_1_583' title='bbox 1640 484 1783 511; x_wconf 85' lang='lat' dir='ltr'><strong>concretis.</strong></span> 
     </span>
    </p>
   </div>
   <div class='ocr_carea' id='block_1_70' title="bbox 996 528 1784 563">
    <p class='ocr_par' dir='ltr' id='par_1_70' title="bbox 996 528 1784 563">
     <span class='ocr_line' id='line_1_70' title="bbox 996 528 1784 563; baseline 0.003 -8"><span class='ocrx_word' id='word_1_584' title='bbox 996 529 1079 555; x_wconf 83' lang='lat' dir='ltr'><strong>Velim</strong></span> <span class='ocrx_word' id='word_1_585' title='bbox 1095 536 1151 555; x_wconf 90' lang='lat' dir='ltr'><strong>rem</strong></span> <span class='ocrx_word' id='word_1_586' title='bbox 1167 528 1213 555; x_wconf 90' lang='lat' dir='ltr'><strong>tibi</strong></span> <span class='ocrx_word' id='word_1_587' title='bbox 1230 529 1255 555; x_wconf 90' lang='lat' dir='ltr'><strong>itt</strong></span> <span class='ocrx_word' id='word_1_588' title='bbox 1269 534 1439 563; x_wconf 90' lang='lat' dir='ltr'><strong>conspectum</strong></span> <span class='ocrx_word' id='word_1_589' title='bbox 1454 530 1517 557; x_wconf 89' lang='lat' dir='ltr'><strong>dare</strong></span> <span class='ocrx_word' id='word_1_590' title='bbox 1536 539 1543 556; x_wconf 88' lang='lat'><strong>:</strong></span> <span class='ocrx_word' id='word_1_591' title='bbox 1561 530 1643 557; x_wconf 92' lang='lat' dir='ltr'><strong>multa</strong></span> <span class='ocrx_word' id='word_1_592' title='bbox 1659 530 1729 557; x_wconf 92' lang='lat' dir='ltr'><strong>enim</strong></span> <span class='ocrx_word' id='word_1_593' title='bbox 1750 537 1784 557; x_wconf 76' lang='lat' dir='ltr'><strong>ex</strong></span> 
     </span>
    </p>
   </div>
   <div class='ocr_carea' id='block_1_71' title="bbox 993 575 1784 611">
    <p class='ocr_par' dir='ltr' id='par_1_71' title="bbox 993 575 1784 611">
     <span class='ocr_line' id='line_1_71' title="bbox 993 575 1784 611; baseline 0.003 -10"><span class='ocrx_word' id='word_1_594' title='bbox 993 575 1051 602; x_wconf 87' lang='lat' dir='ltr'><strong>visu</strong></span> <span class='ocrx_word' id='word_1_595' title='bbox 1066 580 1159 602; x_wconf 91' lang='lat' dir='ltr'><strong>nostro</strong></span> <span class='ocrx_word' id='word_1_596' title='bbox 1172 575 1265 602; x_wconf 88' lang='lat' dir='ltr'><strong>melius</strong></span> <span class='ocrx_word' id='word_1_597' title='bbox 1276 583 1354 610; x_wconf 89' lang='lat' dir='ltr'><strong>qttam</strong></span> <span class='ocrx_word' id='word_1_598' title='bbox 1369 576 1451 603; x_wconf 88' lang='lat' dir='ltr'><strong>verbo</strong></span> <span class='ocrx_word' id='word_1_599' title='bbox 1472 576 1622 603; x_wconf 88' lang='lat' dir='ltr'><strong>tradutttur.</strong></span> <span class='ocrx_word' id='word_1_600' title='bbox 1641 577 1702 604; x_wconf 74' lang='lat' dir='ltr'><strong>llmc</strong></span> <span class='ocrx_word' id='word_1_601' title='bbox 1715 584 1784 611; x_wconf 86' lang='lat' dir='ltr'><strong>aqua</strong></span> 
     </span>
    </p>
   </div>
   <div class='ocr_carea' id='block_1_72' title="bbox 993 621 1780 657">
    <p class='ocr_par' dir='ltr' id='par_1_72' title="bbox 993 621 1780 657">
     <span class='ocr_line' id='line_1_72' title="bbox 993 621 1780 657; baseline 0 -9"><span class='ocrx_word' id='word_1_602' title='bbox 993 629 1073 655; x_wconf 87' lang='lat' dir='ltr'><strong>supra</strong></span> <span class='ocrx_word' id='word_1_603' title='bbox 1086 625 1183 648; x_wconf 88' lang='lat' dir='ltr'><strong>terram</strong></span> <span class='ocrx_word' id='word_1_604' title='bbox 1198 621 1342 653; x_wconf 83' lang='lat' dir='ltr'><strong>emittebat,</strong></span> <span class='ocrx_word' id='word_1_605' title='bbox 1356 621 1430 648; x_wconf 91' lang='lat' dir='ltr'><strong>verbi</strong></span> <span class='ocrx_word' id='word_1_606' title='bbox 1444 629 1535 655; x_wconf 89' lang='lat' dir='ltr'><strong>causa,</strong></span> <span class='ocrx_word' id='word_1_607' title='bbox 1551 621 1647 649; x_wconf 88' lang='lat' dir='ltr'><strong>cubitis</strong></span> <span class='ocrx_word' id='word_1_608' title='bbox 1663 622 1780 657; x_wconf 81' lang='lat' dir='ltr'><strong>triginta.</strong></span> 
     </span>
    </p>
   </div>
   <div class='ocr_carea' id='block_1_73' title="bbox 993 665 1785 703">
    <p class='ocr_par' dir='ltr' id='par_1_73' title="bbox 993 665 1785 703">
     <span class='ocr_line' id='line_1_73' title="bbox 993 665 1785 703; baseline 0.001 -10"><span class='ocrx_word' id='word_1_609' title='bbox 993 666 1067 693; x_wconf 90' lang='lat' dir='ltr'><strong>Tunc</strong></span> <span class='ocrx_word' id='word_1_610' title='bbox 1080 665 1147 693; x_wconf 75' lang='lat' dir='ltr'><strong>dixit</strong></span> <span class='ocrx_word' id='word_1_611' title='bbox 1160 666 1229 693; x_wconf 86' lang='lat' dir='ltr'><strong>Deus</strong></span> <span class='ocrx_word' id='word_1_612' title='bbox 1245 675 1251 693; x_wconf 72' lang='grc' dir='ltr'><strong><em>τ</em></strong></span> <span class='ocrx_word' id='word_1_613' title='bbox 1270 665 1328 692; x_wconf 80' lang='lat' dir='ltr'><strong>Fiat</strong></span> <span class='ocrx_word' id='word_1_614' title='bbox 1343 666 1529 701; x_wconf 80' lang='lat' dir='ltr'><strong>ﬁrmamentum</strong></span> <span class='ocrx_word' id='word_1_615' title='bbox 1547 667 1573 693; x_wconf 88' lang='lat' dir='ltr'><strong>in</strong></span> <span class='ocrx_word' id='word_1_616' title='bbox 1594 668 1676 694; x_wconf 81' lang='lat' dir='ltr'><strong>medio</strong></span> <span class='ocrx_word' id='word_1_617' title='bbox 1690 675 1757 703; x_wconf 75' lang='lat' dir='ltr'><strong>aqua</strong></span> <span class='ocrx_word' id='word_1_618' title='bbox 1775 675 1785 694; x_wconf 83' lang='lat'><strong>.&#39;</strong></span> 
     </span>
    </p>
   </div>
   <div class='ocr_carea' id='block_1_74' title="bbox 994 712 1785 749">
    <p class='ocr_par' dir='ltr' id='par_1_74' title="bbox 994 712 1785 749">
     <span class='ocr_line' id='line_1_74' title="bbox 994 712 1785 749; baseline 0.004 -11"><span class='ocrx_word' id='word_1_619' title='bbox 994 712 1154 746; x_wconf 79' lang='lat' dir='ltr'><strong>domumque</strong></span> <span class='ocrx_word' id='word_1_620' title='bbox 1178 712 1203 739; x_wconf 93' lang='lat' dir='ltr'><strong>in</strong></span> <span class='ocrx_word' id='word_1_621' title='bbox 1228 712 1316 739; x_wconf 88' lang='lat' dir='ltr'><strong>medio</strong></span> <span class='ocrx_word' id='word_1_622' title='bbox 1331 720 1459 747; x_wconf 87' lang='lat' dir='ltr'><strong>aquarum</strong></span> <span class='ocrx_word' id='word_1_623' title='bbox 1475 713 1611 740; x_wconf 86' lang='lat' dir='ltr'><strong>concretio</strong></span> <span class='ocrx_word' id='word_1_624' title='bbox 1623 714 1649 740; x_wconf 93' lang='lat' dir='ltr'><strong>in</strong></span> <span class='ocrx_word' id='word_1_625' title='bbox 1665 714 1785 749; x_wconf 87' lang='lat' dir='ltr'><strong>crystalli</strong></span> 
     </span>
    </p>
   </div>
   <div class='ocr_carea' id='block_1_75' title="bbox 993 757 1782 795">
    <p class='ocr_par' dir='ltr' id='par_1_75' title="bbox 993 757 1782 795">
     <span class='ocr_line' id='line_1_75' title="bbox 993 757 1782 795; baseline 0 -10"><span class='ocrx_word' id='word_1_626' title='bbox 993 766 1093 785; x_wconf 89' lang='lat' dir='ltr'><strong>morem</strong></span> <span class='ocrx_word' id='word_1_627' title='bbox 1103 757 1163 791; x_wconf 82' lang='lat' dir='ltr'><strong>fuit,</strong></span> <span class='ocrx_word' id='word_1_628' title='bbox 1176 757 1324 792; x_wconf 87' lang='lat' dir='ltr'><strong>levavitque</strong></span> <span class='ocrx_word' id='word_1_629' title='bbox 1337 758 1450 785; x_wconf 89' lang='lat' dir='ltr'><strong>mediam</strong></span> <span class='ocrx_word' id='word_1_630' title='bbox 1465 764 1567 793; x_wconf 89' lang='lat' dir='ltr'><strong>partem</strong></span> <span class='ocrx_word' id='word_1_631' title='bbox 1582 766 1648 793; x_wconf 88' lang='lat' dir='ltr'><strong>aqua</strong></span> <span class='ocrx_word' id='word_1_632' title='bbox 1665 766 1782 795; x_wconf 79' lang='lat' dir='ltr'><strong>sursum,</strong></span> 
     </span>
    </p>
   </div>
   <div class='ocr_carea' id='block_1_76' title="bbox 993 802 1781 839">
    <p class='ocr_par' dir='ltr' id='par_1_76' title="bbox 993 802 1781 839">
     <span class='ocr_line' id='line_1_76' title="bbox 993 802 1781 839; baseline 0.001 -9"><span class='ocrx_word' id='word_1_633' title='bbox 993 803 1107 830; x_wconf 89' lang='lat' dir='ltr'><strong>mediant</strong></span> <span class='ocrx_word' id='word_1_634' title='bbox 1126 810 1189 829; x_wconf 83' lang='lat' dir='ltr'><strong>vero</strong></span> <span class='ocrx_word' id='word_1_635' title='bbox 1212 802 1322 830; x_wconf 76' lang='lat' dir='ltr'><strong>inferius</strong></span> <span class='ocrx_word' id='word_1_636' title='bbox 1344 804 1460 837; x_wconf 84' lang='lat' dir='ltr'><strong>reliquit,</strong></span> <span class='ocrx_word' id='word_1_637' title='bbox 1484 804 1552 830; x_wconf 88' lang='lat' dir='ltr'><strong>sicut</strong></span> <span class='ocrx_word' id='word_1_638' title='bbox 1565 805 1692 839; x_wconf 89' lang='lat' dir='ltr'><strong>scriptum</strong></span> <span class='ocrx_word' id='word_1_639' title='bbox 1710 809 1751 831; x_wconf 89' lang='lat' dir='ltr'><strong>est</strong></span> <span class='ocrx_word' id='word_1_640' title='bbox 1774 814 1781 831; x_wconf 92' lang='lat'><strong>:</strong></span> 
     </span>
    </p>
   </div>
   <div class='ocr_carea' id='block_1_77' title="bbox 995 849 1781 884">
    <p class='ocr_par' dir='ltr' id='par_1_77' title="bbox 995 849 1781 884">
     <span class='ocr_line' id='line_1_77' title="bbox 995 849 1781 884; baseline 0.003 -9"><span class='ocrx_word' id='word_1_641' title='bbox 995 849 1052 876; x_wconf 81' lang='lat' dir='ltr'><strong>Fiat</strong></span> <span class='ocrx_word' id='word_1_642' title='bbox 1063 850 1249 883; x_wconf 81' lang='lat' dir='ltr'><strong>ﬁrmamentum</strong></span> <span class='ocrx_word' id='word_1_643' title='bbox 1260 850 1285 876; x_wconf 85' lang='lat' dir='ltr'><strong>in</strong></span> <span class='ocrx_word' id='word_1_644' title='bbox 1299 849 1379 876; x_wconf 76' lang='lat' dir='ltr'><strong>medio</strong></span> <span class='ocrx_word' id='word_1_645' title='bbox 1392 857 1473 884; x_wconf 81' lang='lat' dir='ltr'><strong>aqutc,</strong></span> <span class='ocrx_word' id='word_1_646' title='bbox 1487 854 1510 876; x_wconf 90' lang='lat' dir='ltr'><strong>et</strong></span> <span class='ocrx_word' id='word_1_647' title='bbox 1521 850 1566 876; x_wconf 83' lang='lat' dir='ltr'><strong>erit</strong></span> <span class='ocrx_word' id='word_1_648' title='bbox 1588 850 1702 877; x_wconf 79' lang='lat' dir='ltr'><strong>dividens</strong></span> <span class='ocrx_word' id='word_1_649' title='bbox 1715 851 1781 877; x_wconf 82' lang='lat' dir='ltr'><strong>inter</strong></span> 
     </span>
    </p>
   </div>
   <div class='ocr_carea' id='block_1_78' title="bbox 992 895 1784 930">
    <p class='ocr_par' dir='ltr' id='par_1_78' title="bbox 992 895 1784 930">
     <span class='ocr_line' id='line_1_78' title="bbox 992 895 1784 930; baseline 0.003 -9"><span class='ocrx_word' id='word_1_650' title='bbox 992 903 1084 929; x_wconf 86' lang='lat' dir='ltr'><strong>aquam</strong></span> <span class='ocrx_word' id='word_1_651' title='bbox 1094 900 1116 921; x_wconf 82' lang='lat' dir='ltr'><strong>et</strong></span> <span class='ocrx_word' id='word_1_652' title='bbox 1129 903 1230 930; x_wconf 82' lang='lat' dir='ltr'><strong>aquam.</strong></span> <span class='ocrx_word' id='word_1_653' title='bbox 1241 896 1295 922; x_wconf 88' lang='lat' dir='ltr'><strong>Cur</strong></span> <span class='ocrx_word' id='word_1_654' title='bbox 1308 900 1396 922; x_wconf 87' lang='lat' dir='ltr'><strong>atttettt</strong></span> <span class='ocrx_word' id='word_1_655' title='bbox 1408 895 1470 922; x_wconf 89' lang='lat' dir='ltr'><strong>illud</strong></span> <span class='ocrx_word' id='word_1_656' title='bbox 1483 897 1678 923; x_wconf 90' lang='lat' dir='ltr'><strong>ﬁrntameulum</strong></span> <span class='ocrx_word' id='word_1_657' title='bbox 1686 901 1764 923; x_wconf 88' lang='lat' dir='ltr'><strong>vocat</strong></span> <span class='ocrx_word' id='word_1_658' title='bbox 1773 897 1784 922; x_wconf 65' lang='grc' dir='ltr'><strong>’ἶ</strong></span> 
     </span>
    </p>
   </div>
   <div class='ocr_carea' id='block_1_79' title="bbox 992 940 1784 976">
    <p class='ocr_par' dir='ltr' id='par_1_79' title="bbox 992 940 1784 976">
     <span class='ocr_line' id='line_1_79' title="bbox 992 940 1784 976; baseline 0.001 -10"><span class='ocrx_word' id='word_1_659' title='bbox 992 940 1057 973; x_wconf 83' lang='lat' dir='ltr'><strong>Quia</strong></span> <span class='ocrx_word' id='word_1_660' title='bbox 1073 940 1196 967; x_wconf 90' lang='lat' dir='ltr'><strong>nimirum</strong></span> <span class='ocrx_word' id='word_1_661' title='bbox 1211 948 1243 967; x_wconf 89' lang='lat' dir='ltr'><strong>ex</strong></span> <span class='ocrx_word' id='word_1_662' title='bbox 1258 941 1360 967; x_wconf 85' lang='lat' dir='ltr'><strong>rariore</strong></span> <span class='ocrx_word' id='word_1_663' title='bbox 1383 946 1409 967; x_wconf 90' lang='lat' dir='ltr'><strong>et</strong></span> <span class='ocrx_word' id='word_1_664' title='bbox 1430 940 1557 967; x_wconf 84' lang='lat' dir='ltr'><strong>dissoluta</strong></span> <span class='ocrx_word' id='word_1_665' title='bbox 1578 949 1705 976; x_wconf 90' lang='lat' dir='ltr'><strong>aquarum</strong></span> <span class='ocrx_word' id='word_1_666' title='bbox 1720 942 1784 968; x_wconf 90' lang='lat' dir='ltr'><strong>sub-</strong></span> 
     </span>
    </p>
   </div>
   <div class='ocr_carea' id='block_1_80' title="bbox 992 986 1783 1022">
    <p class='ocr_par' dir='ltr' id='par_1_80' title="bbox 992 986 1783 1022">
     <span class='ocr_line' id='line_1_80' title="bbox 992 986 1783 1022; baseline 0 -9"><span class='ocrx_word' id='word_1_667' title='bbox 992 986 1087 1013; x_wconf 88' lang='lat' dir='ltr'><strong>stantia</strong></span> <span class='ocrx_word' id='word_1_668' title='bbox 1100 986 1164 1013; x_wconf 92' lang='lat' dir='ltr'><strong>illud</strong></span> <span class='ocrx_word' id='word_1_669' title='bbox 1178 986 1301 1013; x_wconf 83' lang='lat' dir='ltr'><strong>ﬁrmarit.</strong></span> <span class='ocrx_word' id='word_1_670' title='bbox 1313 986 1374 1014; x_wconf 86' lang='lat' dir='ltr'><strong>Ideo</strong></span> <span class='ocrx_word' id='word_1_671' title='bbox 1386 987 1467 1013; x_wconf 87' lang='lat' dir='ltr'><strong>David</strong></span> <span class='ocrx_word' id='word_1_672' title='bbox 1480 994 1586 1022; x_wconf 85' lang='lat' dir='ltr'><strong>quoque</strong></span> <span class='ocrx_word' id='word_1_673' title='bbox 1598 987 1633 1013; x_wconf 89' lang='lat' dir='ltr'><strong>ait</strong></span> <span class='ocrx_word' id='word_1_674' title='bbox 1649 996 1654 1014; x_wconf 94' lang='lat'>:</span> <span class='ocrx_word' id='word_1_675' title='bbox 1666 987 1783 1013; x_wconf 72' lang='lat' dir='ltr'><strong>Laudato</strong></span> 
     </span>
    </p>
   </div>
   <div class='ocr_carea' id='block_1_81' title="bbox 992 1032 1782 1068">
    <p class='ocr_par' dir='ltr' id='par_1_81' title="bbox 992 1032 1782 1068">
     <span class='ocr_line' id='line_1_81' title="bbox 992 1032 1782 1068; baseline 0.004 -11"><span class='ocrx_word' id='word_1_676' title='bbox 992 1040 1048 1058; x_wconf 86' lang='lat' dir='ltr'><strong>eum</strong></span> <span class='ocrx_word' id='word_1_677' title='bbox 1065 1032 1091 1057; x_wconf 83' lang='lat' dir='ltr'><strong>in</strong></span> <span class='ocrx_word' id='word_1_678' title='bbox 1104 1032 1262 1066; x_wconf 82' lang='lat' dir='ltr'><strong>ﬁrmamento</strong></span> <span class='ocrx_word' id='word_1_679' title='bbox 1278 1033 1377 1058; x_wconf 72' lang='lat' dir='ltr'><strong>virtutis</strong></span> <span class='ocrx_word' id='word_1_680' title='bbox 1393 1033 1446 1068; x_wconf 80' lang='lat' dir='ltr'><strong>ejus</strong></span> <span class='ocrx_word' id='word_1_681' title='bbox 1461 1032 1545 1068; x_wconf 81' lang='lat' dir='ltr'><strong>(Psal.</strong></span> <span class='ocrx_word' id='word_1_682' title='bbox 1564 1033 1626 1061; x_wconf 83' lang='grc'><strong>150.</strong></span> <span class='ocrx_word' id='word_1_683' title='bbox 1641 1033 1651 1060; x_wconf 77' lang='grc'>1</span> <span class='ocrx_word' id='word_1_684' title='bbox 1710 1033 1744 1060; x_wconf 84' lang='lat' dir='ltr'><strong>El</strong></span> <span class='ocrx_word' id='word_1_685' title='bbox 1754 1037 1782 1060; x_wconf 89' lang='lat' dir='ltr'><strong>ut</strong></span> 
     </span>
    </p>
   </div>
   <div class='ocr_carea' id='block_1_82' title="bbox 992 1078 1780 1112">
    <p class='ocr_par' dir='ltr' id='par_1_82' title="bbox 992 1078 1780 1112">
     <span class='ocr_line' id='line_1_82' title="bbox 992 1078 1780 1112; baseline 0.001 -8"><span class='ocrx_word' id='word_1_686' title='bbox 992 1078 1045 1105; x_wconf 81' lang='lat' dir='ltr'><strong>alio</strong></span> <span class='ocrx_word' id='word_1_687' title='bbox 1066 1083 1125 1104; x_wconf 88' lang='lat' dir='ltr'><strong>utar</strong></span> <span class='ocrx_word' id='word_1_688' title='bbox 1146 1079 1269 1112; x_wconf 81' lang='lat' dir='ltr'><strong>exemplo</strong></span> <span class='ocrx_word' id='word_1_689' title='bbox 1285 1087 1290 1105; x_wconf 92' lang='lat'><strong><em>:</em></strong></span> <span class='ocrx_word' id='word_1_690' title='bbox 1306 1078 1528 1112; x_wconf 86' lang='lat' dir='ltr'><strong>quemadmodum</strong></span> <span class='ocrx_word' id='word_1_691' title='bbox 1552 1079 1656 1111; x_wconf 84' lang='lat' dir='ltr'><strong>fumus,</strong></span> <span class='ocrx_word' id='word_1_692' title='bbox 1673 1087 1732 1105; x_wconf 87' lang='lat' dir='ltr'><strong>cum</strong></span> <span class='ocrx_word' id='word_1_693' title='bbox 1747 1086 1780 1105; x_wconf 83' lang='lat' dir='ltr'><strong>ex</strong></span> 
     </span>
    </p>
   </div>
   <div class='ocr_carea' id='block_1_83' title="bbox 992 1123 1780 1158">
    <p class='ocr_par' dir='ltr' id='par_1_83' title="bbox 992 1123 1780 1158">
     <span class='ocr_line' id='line_1_83' title="bbox 992 1123 1780 1158; baseline 0 -8"><span class='ocrx_word' id='word_1_694' title='bbox 992 1124 1070 1158; x_wconf 82' lang='lat' dir='ltr'><strong>lignis</strong></span> <span class='ocrx_word' id='word_1_695' title='bbox 1085 1127 1112 1150; x_wconf 86' lang='lat' dir='ltr'><strong>ct</strong></span> <span class='ocrx_word' id='word_1_696' title='bbox 1129 1123 1188 1157; x_wconf 85' lang='lat' dir='ltr'><strong>igne</strong></span> <span class='ocrx_word' id='word_1_697' title='bbox 1211 1124 1366 1155; x_wconf 88' lang='lat' dir='ltr'><strong>emerserit,</strong></span> <span class='ocrx_word' id='word_1_698' title='bbox 1382 1123 1467 1150; x_wconf 89' lang='lat' dir='ltr'><strong>rarior</strong></span> <span class='ocrx_word' id='word_1_699' title='bbox 1487 1128 1528 1150; x_wconf 90' lang='lat' dir='ltr'><strong>est</strong></span> <span class='ocrx_word' id='word_1_700' title='bbox 1552 1128 1631 1157; x_wconf 89' lang='lat' dir='ltr'><strong>atque</strong></span> <span class='ocrx_word' id='word_1_701' title='bbox 1655 1124 1780 1156; x_wconf 89' lang='lat' dir='ltr'><strong>mollior;</strong></span> 
     </span>
    </p>
   </div>
   <div class='ocr_carea' id='block_1_84' title="bbox 992 1169 1780 1200">
    <p class='ocr_par' dir='ltr' id='par_1_84' title="bbox 992 1169 1780 1200">
     <span class='ocr_line' id='line_1_84' title="bbox 992 1169 1780 1200; baseline -0.001 -4"><span class='ocrx_word' id='word_1_702' title='bbox 992 1177 1051 1196; x_wconf 90' lang='lat' dir='ltr'><strong>cum</strong></span> <span class='ocrx_word' id='word_1_703' title='bbox 1063 1174 1151 1195; x_wconf 87' lang='lat' dir='ltr'><strong>autent</strong></span> <span class='ocrx_word' id='word_1_704' title='bbox 1160 1169 1187 1195; x_wconf 88' lang='lat' dir='ltr'><strong>itt</strong></span> <span class='ocrx_word' id='word_1_705' title='bbox 1200 1169 1313 1196; x_wconf 90' lang='lat' dir='ltr'><strong>sublime</strong></span> <span class='ocrx_word' id='word_1_706' title='bbox 1324 1169 1484 1200; x_wconf 81' lang='lat' dir='ltr'><strong>ascenderit,</strong></span> <span class='ocrx_word' id='word_1_707' title='bbox 1500 1169 1525 1196; x_wconf 93' lang='lat' dir='ltr'><strong>in</strong></span> <span class='ocrx_word' id='word_1_708' title='bbox 1538 1170 1614 1196; x_wconf 89' lang='lat' dir='ltr'><strong>ttubis</strong></span> <span class='ocrx_word' id='word_1_709' title='bbox 1624 1169 1780 1197; x_wconf 87' lang='lat' dir='ltr'><strong>densitatem</strong></span> 
     </span>
    </p>
   </div>
   <div class='ocr_carea' id='block_1_85' title="bbox 992 1215 1780 1249">
    <p class='ocr_par' dir='ltr' id='par_1_85' title="bbox 992 1215 1780 1249">
     <span class='ocr_line' id='line_1_85' title="bbox 992 1215 1780 1249; baseline -0.003 -7"><span class='ocrx_word' id='word_1_710' title='bbox 992 1219 1127 1242; x_wconf 87' lang='lat' dir='ltr'><strong>mutatur:</strong></span> <span class='ocrx_word' id='word_1_711' title='bbox 1145 1215 1183 1241; x_wconf 90' lang='lat' dir='ltr'><strong>sic</strong></span> <span class='ocrx_word' id='word_1_712' title='bbox 1198 1222 1325 1249; x_wconf 88' lang='lat' dir='ltr'><strong>aqttarutn</strong></span> <span class='ocrx_word' id='word_1_713' title='bbox 1339 1215 1442 1240; x_wconf 88' lang='lat' dir='ltr'><strong>illarum</strong></span> <span class='ocrx_word' id='word_1_714' title='bbox 1464 1216 1595 1241; x_wconf 84' lang='lat' dir='ltr'><strong>rariorum</strong></span> <span class='ocrx_word' id='word_1_715' title='bbox 1616 1220 1738 1242; x_wconf 83' lang='lat' dir='ltr'><strong>naturam</strong></span> <span class='ocrx_word' id='word_1_716' title='bbox 1755 1215 1780 1241; x_wconf 85' lang='lat' dir='ltr'><strong>iit</strong></span> 
     </span>
    </p>
   </div>
   <div class='ocr_carea' id='block_1_86' title="bbox 992 1259 1780 1287">
    <p class='ocr_par' dir='ltr' id='par_1_86' title="bbox 992 1259 1780 1287">
     <span class='ocr_line' id='line_1_86' title="bbox 992 1259 1780 1287; baseline 0.001 -1"><span class='ocrx_word' id='word_1_717' title='bbox 992 1260 1105 1287; x_wconf 90' lang='lat' dir='ltr'><strong>subliute</strong></span> <span class='ocrx_word' id='word_1_718' title='bbox 1115 1259 1221 1286; x_wconf 88' lang='lat' dir='ltr'><strong>ductattt</strong></span> <span class='ocrx_word' id='word_1_719' title='bbox 1231 1260 1300 1287; x_wconf 90' lang='lat' dir='ltr'><strong>Deus</strong></span> <span class='ocrx_word' id='word_1_720' title='bbox 1310 1260 1368 1286; x_wconf 86' lang='lat' dir='ltr'><strong>ﬁxit</strong></span> <span class='ocrx_word' id='word_1_721' title='bbox 1381 1264 1407 1287; x_wconf 82' lang='lat' dir='ltr'><strong>et</strong></span> <span class='ocrx_word' id='word_1_722' title='bbox 1416 1260 1602 1287; x_wconf 84' lang='lat' dir='ltr'><strong>consolidavit.</strong></span> <span class='ocrx_word' id='word_1_723' title='bbox 1617 1260 1684 1287; x_wconf 78' lang='lat' dir='ltr'><strong>Rem</strong></span> <span class='ocrx_word' id='word_1_724' title='bbox 1693 1265 1780 1287; x_wconf 89' lang='lat' dir='ltr'><strong>autent</strong></span> 
     </span>
    </p>
   </div>
   <div class='ocr_carea' id='block_1_87' title="bbox 992 1304 1781 1342">
    <p class='ocr_par' dir='ltr' id='par_1_87' title="bbox 992 1304 1781 1342">
     <span class='ocr_line' id='line_1_87' title="bbox 992 1304 1781 1342; baseline 0 -10"><span class='ocrx_word' id='word_1_725' title='bbox 992 1313 1050 1333; x_wconf 89' lang='lat' dir='ltr'><strong>esse</strong></span> <span class='ocrx_word' id='word_1_726' title='bbox 1064 1313 1153 1332; x_wconf 88' lang='lat' dir='ltr'><strong>veram</strong></span> <span class='ocrx_word' id='word_1_727' title='bbox 1170 1305 1325 1332; x_wconf 78' lang='lat' dir='ltr'><strong>testiﬁcatur</strong></span> <span class='ocrx_word' id='word_1_728' title='bbox 1346 1304 1429 1332; x_wconf 85' lang='lat' dir='ltr'><strong>Isaias</strong></span> <span class='ocrx_word' id='word_1_729' title='bbox 1450 1305 1541 1332; x_wconf 86' lang='lat' dir='ltr'><strong>dicens</strong></span> <span class='ocrx_word' id='word_1_730' title='bbox 1555 1314 1562 1332; x_wconf 81' lang='lat'><strong>2</strong></span> <span class='ocrx_word' id='word_1_731' title='bbox 1578 1305 1673 1332; x_wconf 73' lang='lat' dir='ltr'><strong>(Italum</strong></span> <span class='ocrx_word' id='word_1_732' title='bbox 1698 1311 1724 1332; x_wconf 79' lang='lat' dir='ltr'><strong>ut</strong></span> <span class='ocrx_word' id='word_1_733' title='bbox 1738 1308 1781 1342; x_wconf 80' lang='lat' dir='ltr'><strong>fu-</strong></span> 
     </span>
    </p>
   </div>
   <div class='ocr_carea' id='block_1_88' title="bbox 991 1349 1781 1388">
    <p class='ocr_par' dir='ltr' id='par_1_88' title="bbox 991 1349 1781 1388">
     <span class='ocr_line' id='line_1_88' title="bbox 991 1349 1781 1388; baseline 0.003 -10"><span class='ocrx_word' id='word_1_734' title='bbox 991 1360 1047 1378; x_wconf 78' lang='lat' dir='ltr'><strong>mus</strong></span> <span class='ocrx_word' id='word_1_735' title='bbox 1062 1349 1178 1386; x_wconf 68' lang='lat' dir='ltr'><strong>ﬁrmatus</strong></span> <span class='ocrx_word' id='word_1_736' title='bbox 1198 1357 1234 1378; x_wconf 79' lang='lat' dir='ltr'><strong>est</strong></span> <span class='ocrx_word' id='word_1_737' title='bbox 1251 1351 1328 1387; x_wconf 76' lang='lat' dir='ltr'><strong>(Isai.</strong></span> <span class='ocrx_word' id='word_1_738' title='bbox 1341 1352 1384 1379; x_wconf 84' lang='grc'><strong>51.</strong></span> <span class='ocrx_word' id='word_1_739' title='bbox 1400 1352 1416 1380; x_wconf 81' lang='grc' dir='ltr'><strong>ϐ</strong></span> <span class='ocrx_word' id='word_1_740' title='bbox 1429 1352 1448 1388; x_wconf 92' lang='grc'><strong>).</strong></span> <span class='ocrx_word' id='word_1_741' title='bbox 1466 1352 1564 1380; x_wconf 65' lang='lat' dir='ltr'><strong>Caelum</strong></span> <span class='ocrx_word' id='word_1_742' title='bbox 1579 1352 1667 1387; x_wconf 88' lang='lat' dir='ltr'><strong>itaque</strong></span> <span class='ocrx_word' id='word_1_743' title='bbox 1682 1352 1706 1379; x_wconf 87' lang='lat' dir='ltr'><strong>in</strong></span> <span class='ocrx_word' id='word_1_744' title='bbox 1723 1360 1781 1380; x_wconf 86' lang='lat' dir='ltr'><strong>tne—</strong></span> 
     </span>
    </p>
   </div>
   <div class='ocr_carea' id='block_1_89' title="bbox 992 1397 1781 1433">
    <p class='ocr_par' dir='ltr' id='par_1_89' title="bbox 992 1397 1781 1433">
     <span class='ocr_line' id='line_1_89' title="bbox 992 1397 1781 1433; baseline 0 -9"><span class='ocrx_word' id='word_1_745' title='bbox 992 1397 1036 1424; x_wconf 85' lang='lat' dir='ltr'><strong>dio</strong></span> <span class='ocrx_word' id='word_1_746' title='bbox 1050 1405 1177 1432; x_wconf 88' lang='lat' dir='ltr'><strong>aquarunt</strong></span> <span class='ocrx_word' id='word_1_747' title='bbox 1193 1403 1345 1425; x_wconf 90' lang='lat' dir='ltr'><strong>concretunt</strong></span> <span class='ocrx_word' id='word_1_748' title='bbox 1362 1418 1369 1432; x_wconf 87' lang='lat'><strong>,</strong></span> <span class='ocrx_word' id='word_1_749' title='bbox 1383 1398 1519 1425; x_wconf 89' lang='lat' dir='ltr'><strong>dimidiam</strong></span> <span class='ocrx_word' id='word_1_750' title='bbox 1533 1405 1662 1433; x_wconf 87' lang='lat' dir='ltr'><strong>aquarum</strong></span> <span class='ocrx_word' id='word_1_751' title='bbox 1680 1403 1781 1433; x_wconf 84' lang='lat' dir='ltr'><strong>partem</strong></span> 
     </span>
    </p>
   </div>
   <div class='ocr_carea' id='block_1_90' title="bbox 992 1444 1781 1479">
    <p class='ocr_par' dir='ltr' id='par_1_90' title="bbox 992 1444 1781 1479">
     <span class='ocr_line' id='line_1_90' title="bbox 992 1444 1781 1479; baseline 0 -8"><span class='ocrx_word' id='word_1_752' title='bbox 992 1445 1019 1471; x_wconf 93' lang='lat' dir='ltr'><strong>in</strong></span> <span class='ocrx_word' id='word_1_753' title='bbox 1033 1444 1147 1471; x_wconf 90' lang='lat' dir='ltr'><strong>sublime</strong></span> <span class='ocrx_word' id='word_1_754' title='bbox 1163 1445 1269 1471; x_wconf 86' lang='lat' dir='ltr'><strong>levavit.</strong></span> <span class='ocrx_word' id='word_1_755' title='bbox 1294 1444 1349 1471; x_wconf 90' lang='lat' dir='ltr'><strong>Cur</strong></span> <span class='ocrx_word' id='word_1_756' title='bbox 1362 1449 1451 1472; x_wconf 88' lang='lat' dir='ltr'><strong>autent</strong></span> <span class='ocrx_word' id='word_1_757' title='bbox 1468 1452 1543 1479; x_wconf 63' lang='lat' dir='ltr'><strong>aqua:</strong></span> <span class='ocrx_word' id='word_1_758' title='bbox 1564 1444 1615 1471; x_wconf 74' lang='lat' dir='ltr'><strong>illa:</strong></span> <span class='ocrx_word' id='word_1_759' title='bbox 1637 1452 1760 1478; x_wconf 78' lang='lat' dir='ltr'><strong>superna:</strong></span> <span class='ocrx_word' id='word_1_760' title='bbox 1773 1464 1781 1476; x_wconf 84' lang='lat'><strong>,</strong></span> 
     </span>
    </p>
   </div>
   <div class='ocr_carea' id='block_1_91' title="bbox 992 1490 1781 1526">
    <p class='ocr_par' dir='ltr' id='par_1_91' title="bbox 992 1490 1781 1526">
     <span class='ocr_line' id='line_1_91' title="bbox 992 1490 1781 1526; baseline -0.001 -8"><span class='ocrx_word' id='word_1_761' title='bbox 992 1496 1018 1519; x_wconf 88' lang='lat' dir='ltr'><strong>et</strong></span> <span class='ocrx_word' id='word_1_762' title='bbox 1031 1491 1074 1518; x_wconf 89' lang='lat' dir='ltr'><strong>cui</strong></span> <span class='ocrx_word' id='word_1_763' title='bbox 1085 1491 1160 1518; x_wconf 86' lang='lat' dir='ltr'><strong>usui?</strong></span> <span class='ocrx_word' id='word_1_764' title='bbox 1173 1499 1206 1518; x_wconf 88' lang='lat' dir='ltr'><strong>an</strong></span> <span class='ocrx_word' id='word_1_765' title='bbox 1217 1495 1246 1518; x_wconf 90' lang='lat' dir='ltr'><strong>ut</strong></span> <span class='ocrx_word' id='word_1_766' title='bbox 1258 1491 1318 1526; x_wconf 89' lang='lat' dir='ltr'><strong>quis</strong></span> <span class='ocrx_word' id='word_1_767' title='bbox 1329 1491 1411 1524; x_wconf 86' lang='lat' dir='ltr'><strong>bibat,</strong></span> <span class='ocrx_word' id='word_1_768' title='bbox 1427 1499 1459 1517; x_wconf 90' lang='lat' dir='ltr'><strong>au</strong></span> <span class='ocrx_word' id='word_1_769' title='bbox 1473 1495 1500 1518; x_wconf 88' lang='lat' dir='ltr'><strong>ut</strong></span> <span class='ocrx_word' id='word_1_770' title='bbox 1513 1491 1572 1526; x_wconf 86' lang='lat' dir='ltr'><strong>quis</strong></span> <span class='ocrx_word' id='word_1_771' title='bbox 1583 1491 1705 1525; x_wconf 74' lang='lat' dir='ltr'><strong>naviget?</strong></span> <span class='ocrx_word' id='word_1_772' title='bbox 1717 1490 1781 1517; x_wconf 87' lang='lat' dir='ltr'><strong>Natu</strong></span> 
     </span>
    </p>
   </div>
   <div class='ocr_carea' id='block_1_92' title="bbox 992 1536 1779 1571">
    <p class='ocr_par' dir='ltr' id='par_1_92' title="bbox 992 1536 1779 1571">
     <span class='ocr_line' id='line_1_92' title="bbox 992 1536 1779 1571; baseline -0.001 -8"><span class='ocrx_word' id='word_1_773' title='bbox 992 1544 1073 1571; x_wconf 87' lang='lat' dir='ltr'><strong>aquas</strong></span> <span class='ocrx_word' id='word_1_774' title='bbox 1086 1544 1201 1571; x_wconf 88' lang='lat' dir='ltr'><strong>supertte</strong></span> <span class='ocrx_word' id='word_1_775' title='bbox 1216 1537 1315 1571; x_wconf 88' lang='lat' dir='ltr'><strong>positas</strong></span> <span class='ocrx_word' id='word_1_776' title='bbox 1331 1544 1390 1564; x_wconf 85' lang='lat' dir='ltr'><strong>esse</strong></span> <span class='ocrx_word' id='word_1_777' title='bbox 1404 1536 1559 1563; x_wconf 88' lang='lat' dir='ltr'><strong>testiﬁcatur</strong></span> <span class='ocrx_word' id='word_1_778' title='bbox 1572 1536 1652 1563; x_wconf 86' lang='lat' dir='ltr'><strong>David</strong></span> <span class='ocrx_word' id='word_1_779' title='bbox 1666 1536 1759 1563; x_wconf 90' lang='lat' dir='ltr'><strong>dicens</strong></span> <span class='ocrx_word' id='word_1_780' title='bbox 1773 1545 1779 1562; x_wconf 94' lang='lat'><strong>:</strong></span> 
     </span>
    </p>
   </div>
   <div class='ocr_carea' id='block_1_93' title="bbox 992 1582 1781 1618">
    <p class='ocr_par' dir='ltr' id='par_1_93' title="bbox 992 1582 1781 1618">
     <span class='ocr_line' id='line_1_93' title="bbox 992 1582 1781 1618; baseline -0.001 -8"><span class='ocrx_word' id='word_1_781' title='bbox 992 1582 1026 1610; x_wconf 87' lang='lat' dir='ltr'><strong>Et</strong></span> <span class='ocrx_word' id='word_1_782' title='bbox 1041 1592 1106 1618; x_wconf 88' lang='lat' dir='ltr'><strong>aqua</strong></span> <span class='ocrx_word' id='word_1_783' title='bbox 1120 1591 1176 1618; x_wconf 80' lang='lat' dir='ltr'><strong>qua:</strong></span> <span class='ocrx_word' id='word_1_784' title='bbox 1189 1592 1264 1618; x_wconf 76' lang='lat' dir='ltr'><strong>super</strong></span> <span class='ocrx_word' id='word_1_785' title='bbox 1278 1583 1352 1610; x_wconf 76' lang='lat' dir='ltr'><strong>cwlas</strong></span> <span class='ocrx_word' id='word_1_786' title='bbox 1366 1588 1402 1610; x_wconf 81' lang='lat' dir='ltr'><strong>est</strong></span> <span class='ocrx_word' id='word_1_787' title='bbox 1414 1582 1498 1616; x_wconf 82' lang='lat' dir='ltr'><strong>(Psal.</strong></span> <span class='ocrx_word' id='word_1_788' title='bbox 1516 1584 1576 1610; x_wconf 79' lang='lat' dir='ltr'><strong>MS.</strong></span> <span class='ocrx_word' id='word_1_789' title='bbox 1591 1584 1606 1610; x_wconf 75' lang='grc'><strong>4</strong></span> <span class='ocrx_word' id='word_1_790' title='bbox 1617 1582 1638 1618; x_wconf 85' lang='grc'><strong>).</strong></span> <span class='ocrx_word' id='word_1_791' title='bbox 1653 1583 1781 1610; x_wconf 87' lang='lat' dir='ltr'><strong>Animad-</strong></span> 
     </span>
    </p>
   </div>
   <div class='ocr_carea' id='block_1_94' title="bbox 992 1629 1784 1665">
    <p class='ocr_par' dir='ltr' id='par_1_94' title="bbox 992 1629 1784 1665">
     <span class='ocr_line' id='line_1_94' title="bbox 992 1629 1784 1665; baseline -0.003 -8"><span class='ocrx_word' id='word_1_792' title='bbox 992 1635 1065 1657; x_wconf 83' lang='lat' dir='ltr'><strong>verte</strong></span> <span class='ocrx_word' id='word_1_793' title='bbox 1084 1629 1140 1664; x_wconf 89' lang='lat' dir='ltr'><strong>jam</strong></span> <span class='ocrx_word' id='word_1_794' title='bbox 1164 1629 1299 1657; x_wconf 80' lang='lat' dir='ltr'><strong>Creatoris</strong></span> <span class='ocrx_word' id='word_1_795' title='bbox 1323 1630 1490 1664; x_wconf 80' lang='lat' dir='ltr'><strong>sapientiam.</strong></span> <span class='ocrx_word' id='word_1_796' title='bbox 1514 1629 1703 1665; x_wconf 79' lang='lat' dir='ltr'><strong>Crystallinum</strong></span> <span class='ocrx_word' id='word_1_797' title='bbox 1725 1634 1784 1656; x_wconf 90' lang='lat' dir='ltr'><strong>erat</strong></span> 
     </span>
    </p>
   </div>
   <div class='ocr_carea' id='block_1_95' title="bbox 992 1675 1782 1711">
    <p class='ocr_par' dir='ltr' id='par_1_95' title="bbox 992 1675 1782 1711">
     <span class='ocr_line' id='line_1_95' title="bbox 992 1675 1782 1711; baseline -0.004 -7"><span class='ocrx_word' id='word_1_798' title='bbox 992 1677 1086 1704; x_wconf 66' lang='lat' dir='ltr'><strong>emittm</strong></span> <span class='ocrx_word' id='word_1_799' title='bbox 1094 1684 1126 1703; x_wconf 84' lang='lat' dir='ltr'><strong>ex</strong></span> <span class='ocrx_word' id='word_1_800' title='bbox 1140 1677 1215 1711; x_wconf 91' lang='lat' dir='ltr'><strong>aquis</strong></span> <span class='ocrx_word' id='word_1_801' title='bbox 1229 1680 1383 1703; x_wconf 89' lang='lat' dir='ltr'><strong>concrctunt</strong></span> <span class='ocrx_word' id='word_1_802' title='bbox 1395 1685 1401 1703; x_wconf 91' lang='lat'>:</span> <span class='ocrx_word' id='word_1_803' title='bbox 1415 1676 1477 1711; x_wconf 85' lang='lat' dir='ltr'><strong>quia</strong></span> <span class='ocrx_word' id='word_1_804' title='bbox 1488 1676 1558 1703; x_wconf 85' lang='lat' dir='ltr'><strong>enini</strong></span> <span class='ocrx_word' id='word_1_805' title='bbox 1572 1676 1636 1703; x_wconf 90' lang='lat' dir='ltr'><strong>solis</strong></span> <span class='ocrx_word' id='word_1_806' title='bbox 1648 1675 1782 1702; x_wconf 87' lang='lat' dir='ltr'><strong>ﬂammant</strong></span> 
     </span>
    </p>
   </div>
   <div class='ocr_carea' id='block_1_96' title="bbox 992 1720 1783 1759">
    <p class='ocr_par' dir='ltr' id='par_1_96' title="bbox 992 1720 1783 1759">
     <span class='ocr_line' id='line_1_96' title="bbox 992 1720 1783 1759; baseline -0.003 -10"><span class='ocrx_word' id='word_1_807' title='bbox 992 1726 1177 1756; x_wconf 87' lang='lat' dir='ltr'><strong>suscepturum</strong></span> <span class='ocrx_word' id='word_1_808' title='bbox 1192 1726 1248 1759; x_wconf 83' lang='lat' dir='ltr'><strong>erat</strong></span> <span class='ocrx_word' id='word_1_809' title='bbox 1261 1726 1341 1756; x_wconf 91' lang='lat' dir='ltr'><strong>atque</strong></span> <span class='ocrx_word' id='word_1_810' title='bbox 1356 1721 1436 1754; x_wconf 87' lang='lat' dir='ltr'><strong>lunae,</strong></span> <span class='ocrx_word' id='word_1_811' title='bbox 1450 1729 1556 1749; x_wconf 86' lang='lat' dir='ltr'><strong>necnon</strong></span> <span class='ocrx_word' id='word_1_812' title='bbox 1578 1720 1706 1748; x_wconf 86' lang='lat' dir='ltr'><strong>inﬁnitam</strong></span> <span class='ocrx_word' id='word_1_813' title='bbox 1718 1721 1783 1748; x_wconf 86' lang='lat' dir='ltr'><strong>stel-</strong></span> 
     </span>
    </p>
   </div>
   <div class='ocr_carea' id='block_1_97' title="bbox 992 1766 1782 1802">
    <p class='ocr_par' dir='ltr' id='par_1_97' title="bbox 992 1766 1782 1802">
     <span class='ocr_line' id='line_1_97' title="bbox 992 1766 1782 1802; baseline -0.001 -8"><span class='ocrx_word' id='word_1_814' title='bbox 992 1767 1077 1794; x_wconf 84' lang='lat' dir='ltr'><strong>larum</strong></span> <span class='ocrx_word' id='word_1_815' title='bbox 1093 1767 1301 1801; x_wconf 86' lang='lat' dir='ltr'><strong>multitudinem,</strong></span> <span class='ocrx_word' id='word_1_816' title='bbox 1322 1767 1494 1801; x_wconf 83' lang='lat' dir='ltr'><strong>futurumque</strong></span> <span class='ocrx_word' id='word_1_817' title='bbox 1508 1771 1565 1794; x_wconf 91' lang='lat' dir='ltr'><strong>erat</strong></span> <span class='ocrx_word' id='word_1_818' title='bbox 1579 1771 1607 1794; x_wconf 88' lang='lat' dir='ltr'><strong>ut</strong></span> <span class='ocrx_word' id='word_1_819' title='bbox 1623 1771 1707 1793; x_wconf 91' lang='lat' dir='ltr'><strong>totum</strong></span> <span class='ocrx_word' id='word_1_820' title='bbox 1721 1766 1782 1802; x_wconf 84' lang='lat' dir='ltr'><strong>igne</strong></span> 
     </span>
    </p>
   </div>
   <div class='ocr_carea' id='block_1_98' title="bbox 992 1813 1784 1849">
    <p class='ocr_par' dir='ltr' id='par_1_98' title="bbox 992 1813 1784 1849">
     <span class='ocr_line' id='line_1_98' title="bbox 992 1813 1784 1849; baseline 0 -9"><span class='ocrx_word' id='word_1_821' title='bbox 992 1814 1152 1849; x_wconf 86' lang='lat' dir='ltr'><strong>repleretur,</strong></span> <span class='ocrx_word' id='word_1_822' title='bbox 1168 1822 1202 1840; x_wconf 89' lang='lat' dir='ltr'><strong>ne</strong></span> <span class='ocrx_word' id='word_1_823' title='bbox 1215 1822 1247 1841; x_wconf 85' lang='lat' dir='ltr'><strong>ex</strong></span> <span class='ocrx_word' id='word_1_824' title='bbox 1268 1814 1358 1841; x_wconf 86' lang='lat' dir='ltr'><strong>calore</strong></span> <span class='ocrx_word' id='word_1_825' title='bbox 1371 1814 1455 1841; x_wconf 89' lang='lat' dir='ltr'><strong>nitnio</strong></span> <span class='ocrx_word' id='word_1_826' title='bbox 1470 1813 1620 1841; x_wconf 88' lang='lat' dir='ltr'><strong>solveretur</strong></span> <span class='ocrx_word' id='word_1_827' title='bbox 1633 1818 1678 1841; x_wconf 94' lang='lat' dir='ltr'><strong>aut</strong></span> <span class='ocrx_word' id='word_1_828' title='bbox 1693 1821 1784 1840; x_wconf 86' lang='lat' dir='ltr'><strong>urere—</strong></span> 
     </span>
    </p>
   </div>
   <div class='ocr_carea' id='block_1_99' title="bbox 994 1860 1783 1895">
    <p class='ocr_par' dir='ltr' id='par_1_99' title="bbox 994 1860 1783 1895">
     <span class='ocr_line' id='line_1_99' title="bbox 994 1860 1783 1895; baseline -0.001 -8"><span class='ocrx_word' id='word_1_829' title='bbox 994 1865 1052 1894; x_wconf 91' lang='lat' dir='ltr'><strong>tur,</strong></span> <span class='ocrx_word' id='word_1_830' title='bbox 1066 1860 1147 1887; x_wconf 88' lang='lat' dir='ltr'><strong>dorso</strong></span> <span class='ocrx_word' id='word_1_831' title='bbox 1161 1860 1219 1887; x_wconf 85' lang='lat' dir='ltr'><strong>caeli</strong></span> <span class='ocrx_word' id='word_1_832' title='bbox 1242 1861 1388 1887; x_wconf 81' lang='lat' dir='ltr'><strong>constravit</strong></span> <span class='ocrx_word' id='word_1_833' title='bbox 1406 1861 1452 1887; x_wconf 87' lang='lat' dir='ltr'><strong>illa</strong></span> <span class='ocrx_word' id='word_1_834' title='bbox 1477 1868 1607 1895; x_wconf 90' lang='lat' dir='ltr'><strong>aquarum</strong></span> <span class='ocrx_word' id='word_1_835' title='bbox 1624 1860 1706 1887; x_wconf 84' lang='lat' dir='ltr'><strong>maria</strong></span> <span class='ocrx_word' id='word_1_836' title='bbox 1719 1880 1726 1893; x_wconf 85' lang='lat'><strong>,</strong></span> <span class='ocrx_word' id='word_1_837' title='bbox 1754 1863 1783 1886; x_wconf 91' lang='lat' dir='ltr'><strong>ut</strong></span> 
     </span>
    </p>
   </div>
   <div class='ocr_carea' id='block_1_100' title="bbox 992 1905 1783 1940">
    <p class='ocr_par' dir='ltr' id='par_1_100' title="bbox 992 1905 1783 1940">
     <span class='ocr_line' id='line_1_100' title="bbox 992 1905 1783 1940; baseline -0.001 -8"><span class='ocrx_word' id='word_1_838' title='bbox 992 1906 1050 1940; x_wconf 88' lang='lat' dir='ltr'><strong>ejus</strong></span> <span class='ocrx_word' id='word_1_839' title='bbox 1065 1905 1143 1932; x_wconf 88' lang='lat' dir='ltr'><strong>dorsa</strong></span> <span class='ocrx_word' id='word_1_840' title='bbox 1165 1905 1299 1932; x_wconf 86' lang='lat' dir='ltr'><strong>emolliret</strong></span> <span class='ocrx_word' id='word_1_841' title='bbox 1321 1910 1400 1940; x_wconf 90' lang='lat' dir='ltr'><strong>atque</strong></span> <span class='ocrx_word' id='word_1_842' title='bbox 1424 1906 1523 1938; x_wconf 89' lang='lat' dir='ltr'><strong>liniret,</strong></span> <span class='ocrx_word' id='word_1_843' title='bbox 1539 1910 1566 1932; x_wconf 89' lang='lat' dir='ltr'><strong>‘et</strong></span> <span class='ocrx_word' id='word_1_844' title='bbox 1579 1906 1616 1932; x_wconf 92' lang='lat' dir='ltr'><strong>sic</strong></span> <span class='ocrx_word' id='word_1_845' title='bbox 1635 1909 1725 1939; x_wconf 79' lang='lat' dir='ltr'><strong>pas-set</strong></span> <span class='ocrx_word' id='word_1_846' title='bbox 1740 1911 1783 1932; x_wconf 84' lang='lat' dir='ltr'><strong>re-</strong></span> 
     </span>
    </p>
   </div>
   <div class='ocr_carea' id='block_1_101' title="bbox 993 1949 1782 1984">
    <p class='ocr_par' dir='ltr' id='par_1_101' title="bbox 993 1949 1782 1984">
     <span class='ocr_line' id='line_1_101' title="bbox 993 1949 1782 1984; baseline 0 -7"><span class='ocrx_word' id='word_1_847' title='bbox 993 1950 1087 1977; x_wconf 87' lang='lat' dir='ltr'><strong>sistere</strong></span> <span class='ocrx_word' id='word_1_848' title='bbox 1099 1949 1223 1981; x_wconf 70' lang='lat' dir='ltr'><strong>llammm,</strong></span> <span class='ocrx_word' id='word_1_849' title='bbox 1241 1957 1290 1977; x_wconf 89' lang='lat' dir='ltr'><strong>nec</strong></span> <span class='ocrx_word' id='word_1_850' title='bbox 1310 1955 1464 1977; x_wconf 87' lang='lat' dir='ltr'><strong>torreretur.</strong></span> <span class='ocrx_word' id='word_1_851' title='bbox 1482 1951 1638 1984; x_wconf 69' lang='lat' dir='ltr'><strong>Exetntlum</strong></span> <span class='ocrx_word' id='word_1_852' title='bbox 1654 1950 1679 1977; x_wconf 90' lang='lat' dir='ltr'><strong>itt</strong></span> <span class='ocrx_word' id='word_1_853' title='bbox 1701 1958 1782 1977; x_wconf 89' lang='lat' dir='ltr'><strong>ntanu</strong></span> 
     </span>
    </p>
   </div>
   <div class='ocr_carea' id='block_1_102' title="bbox 993 1995 1783 2031">
    <p class='ocr_par' dir='ltr' id='par_1_102' title="bbox 993 1995 1783 2031">
     <span class='ocr_line' id='line_1_102' title="bbox 993 1995 1783 2031; baseline -0.001 -8"><span class='ocrx_word' id='word_1_854' title='bbox 993 1996 1075 2023; x_wconf 89' lang='lat' dir='ltr'><strong>ltabes</strong></span> <span class='ocrx_word' id='word_1_855' title='bbox 1090 2004 1097 2022; x_wconf 90' lang='lat'>:</span> <span class='ocrx_word' id='word_1_856' title='bbox 1113 1996 1134 2023; x_wconf 88' lang='lat' dir='ltr'><strong>si</strong></span> <span class='ocrx_word' id='word_1_857' title='bbox 1156 1996 1234 2023; x_wconf 90' lang='lat' dir='ltr'><strong>hodie</strong></span> <span class='ocrx_word' id='word_1_858' title='bbox 1249 1995 1362 2023; x_wconf 88' lang='lat' dir='ltr'><strong>lebetcm</strong></span> <span class='ocrx_word' id='word_1_859' title='bbox 1376 1997 1428 2031; x_wconf 87' lang='lat' dir='ltr'><strong>igtti</strong></span> <span class='ocrx_word' id='word_1_860' title='bbox 1445 1997 1602 2030; x_wconf 86' lang='lat' dir='ltr'><strong>itttposueris</strong></span> <span class='ocrx_word' id='word_1_861' title='bbox 1615 2017 1622 2029; x_wconf 92' lang='lat'><strong>,</strong></span> <span class='ocrx_word' id='word_1_862' title='bbox 1644 1996 1667 2023; x_wconf 91' lang='lat' dir='ltr'><strong>si</strong></span> <span class='ocrx_word' id='word_1_863' title='bbox 1687 2004 1783 2031; x_wconf 89' lang='lat' dir='ltr'><strong>aquam</strong></span> 
     </span>
    </p>
   </div>
   <div class='ocr_carea' id='block_1_103' title="bbox 993 2042 1782 2077">
    <p class='ocr_par' dir='ltr' id='par_1_103' title="bbox 993 2042 1782 2077">
     <span class='ocr_line' id='line_1_103' title="bbox 993 2042 1782 2077; baseline 0 -8"><span class='ocrx_word' id='word_1_864' title='bbox 993 2042 1099 2074; x_wconf 83' lang='lat' dir='ltr'><strong>haheat,</strong></span> <span class='ocrx_word' id='word_1_865' title='bbox 1118 2043 1170 2077; x_wconf 88' lang='lat' dir='ltr'><strong>igni</strong></span> <span class='ocrx_word' id='word_1_866' title='bbox 1185 2042 1301 2073; x_wconf 86' lang='lat' dir='ltr'><strong>resistit;</strong></span> <span class='ocrx_word' id='word_1_867' title='bbox 1319 2042 1359 2068; x_wconf 91' lang='lat' dir='ltr'><strong>sin</strong></span> <span class='ocrx_word' id='word_1_868' title='bbox 1371 2050 1423 2068; x_wconf 92' lang='lat' dir='ltr'><strong>ttou</strong></span> <span class='ocrx_word' id='word_1_869' title='bbox 1439 2042 1543 2074; x_wconf 90' lang='lat' dir='ltr'><strong>ltabeat,</strong></span> <span class='ocrx_word' id='word_1_870' title='bbox 1556 2042 1726 2069; x_wconf 88' lang='lat' dir='ltr'><strong>dissolvitur:</strong></span> <span class='ocrx_word' id='word_1_871' title='bbox 1743 2043 1782 2070; x_wconf 91' lang='lat' dir='ltr'><strong>sic</strong></span> 
     </span>
    </p>
   </div>
   <div class='ocr_carea' id='block_1_104' title="bbox 994 2088 1782 2123">
    <p class='ocr_par' dir='ltr' id='par_1_104' title="bbox 994 2088 1782 2123">
     <span class='ocr_line' id='line_1_104' title="bbox 994 2088 1782 2123; baseline -0.001 -7"><span class='ocrx_word' id='word_1_872' title='bbox 994 2088 1069 2116; x_wconf 90' lang='lat' dir='ltr'><strong>Deus</strong></span> <span class='ocrx_word' id='word_1_873' title='bbox 1090 2088 1142 2123; x_wconf 82' lang='lat' dir='ltr'><strong>igni</strong></span> <span class='ocrx_word' id='word_1_874' title='bbox 1157 2088 1334 2115; x_wconf 84' lang='lat' dir='ltr'><strong>adversariam</strong></span> <span class='ocrx_word' id='word_1_875' title='bbox 1351 2088 1438 2122; x_wconf 87' lang='lat' dir='ltr'><strong>posuit</strong></span> <span class='ocrx_word' id='word_1_876' title='bbox 1457 2095 1571 2122; x_wconf 82' lang='lat' dir='ltr'><strong>aquam,</strong></span> <span class='ocrx_word' id='word_1_877' title='bbox 1588 2092 1616 2114; x_wconf 89' lang='lat' dir='ltr'><strong>ut</strong></span> <span class='ocrx_word' id='word_1_878' title='bbox 1637 2088 1782 2122; x_wconf 89' lang='lat' dir='ltr'><strong>perdurare</strong></span> 
     </span>
    </p>
   </div>
   <div class='ocr_carea' id='block_1_105' title="bbox 993 2133 1783 2169">
    <p class='ocr_par' dir='ltr' id='par_1_105' title="bbox 993 2133 1783 2169">
     <span class='ocr_line' id='line_1_105' title="bbox 993 2133 1783 2169; baseline 0.001 -9"><span class='ocrx_word' id='word_1_879' title='bbox 993 2138 1099 2169; x_wconf 89' lang='lat' dir='ltr'><strong>posset,</strong></span> <span class='ocrx_word' id='word_1_880' title='bbox 1116 2142 1150 2161; x_wconf 86' lang='lat' dir='ltr'><strong>ex</strong></span> <span class='ocrx_word' id='word_1_881' title='bbox 1174 2133 1249 2168; x_wconf 88' lang='lat' dir='ltr'><strong>aquis</strong></span> <span class='ocrx_word' id='word_1_882' title='bbox 1264 2140 1368 2160; x_wconf 88' lang='lat' dir='ltr'><strong>sursum</strong></span> <span class='ocrx_word' id='word_1_883' title='bbox 1391 2133 1456 2160; x_wconf 92' lang='lat' dir='ltr'><strong>illud</strong></span> <span class='ocrx_word' id='word_1_884' title='bbox 1471 2133 1635 2161; x_wconf 89' lang='lat' dir='ltr'><strong>linientibus.</strong></span> <span class='ocrx_word' id='word_1_885' title='bbox 1662 2134 1700 2160; x_wconf 86' lang='lat' dir='ltr'><strong>Ac</strong></span> <span class='ocrx_word' id='word_1_886' title='bbox 1722 2134 1783 2161; x_wconf 88' lang='lat' dir='ltr'><strong>vide</strong></span> 
     </span>
    </p>
   </div>
   <div class='ocr_carea' id='block_1_106' title="bbox 992 2178 1783 2207">
    <p class='ocr_par' dir='ltr' id='par_1_106' title="bbox 992 2178 1783 2207">
     <span class='ocr_line' id='line_1_106' title="bbox 992 2178 1783 2207; baseline 0.001 -2"><span class='ocrx_word' id='word_1_887' title='bbox 992 2187 1048 2206; x_wconf 89' lang='lat' dir='ltr'><strong>rem</strong></span> <span class='ocrx_word' id='word_1_888' title='bbox 1063 2179 1156 2206; x_wconf 87' lang='lat' dir='ltr'><strong>ntirattt</strong></span> <span class='ocrx_word' id='word_1_889' title='bbox 1173 2188 1180 2206; x_wconf 89' lang='lat'><strong>:</strong></span> <span class='ocrx_word' id='word_1_890' title='bbox 1197 2182 1298 2205; x_wconf 89' lang='lat' dir='ltr'><strong>tantum</strong></span> <span class='ocrx_word' id='word_1_891' title='bbox 1310 2178 1427 2206; x_wconf 87' lang='lat' dir='ltr'><strong>abundat</strong></span> <span class='ocrx_word' id='word_1_892' title='bbox 1442 2179 1550 2206; x_wconf 89' lang='lat' dir='ltr'><strong>ltuntida</strong></span> <span class='ocrx_word' id='word_1_893' title='bbox 1566 2179 1714 2207; x_wconf 89' lang='lat' dir='ltr'><strong>substantia</strong></span> <span class='ocrx_word' id='word_1_894' title='bbox 1730 2187 1783 2206; x_wconf 72' lang='lat' dir='ltr'><strong>ca:-</strong></span> 
     </span>
    </p>
   </div>
   <div class='ocr_carea' id='block_1_107' title="bbox 993 2224 1781 2260">
    <p class='ocr_par' dir='ltr' id='par_1_107' title="bbox 993 2224 1781 2260">
     <span class='ocr_line' id='line_1_107' title="bbox 993 2224 1781 2260; baseline 0.001 -8"><span class='ocrx_word' id='word_1_895' title='bbox 993 2224 1051 2252; x_wconf 83' lang='lat' dir='ltr'><strong>lesti</strong></span> <span class='ocrx_word' id='word_1_896' title='bbox 1069 2224 1173 2259; x_wconf 88' lang='lat' dir='ltr'><strong>corpori</strong></span> <span class='ocrx_word' id='word_1_897' title='bbox 1190 2224 1325 2258; x_wconf 87' lang='lat' dir='ltr'><strong>imposita,</strong></span> <span class='ocrx_word' id='word_1_898' title='bbox 1343 2229 1415 2252; x_wconf 84' lang='lat' dir='ltr'><strong>tanto</strong></span> <span class='ocrx_word' id='word_1_899' title='bbox 1426 2225 1489 2252; x_wconf 82' lang='lat' dir='ltr'><strong>licet.</strong></span> <span class='ocrx_word' id='word_1_900' title='bbox 1500 2225 1658 2253; x_wconf 88' lang='lat' dir='ltr'><strong>adversante</strong></span> <span class='ocrx_word' id='word_1_901' title='bbox 1671 2226 1741 2260; x_wconf 78' lang='lat' dir='ltr'><strong>igne,</strong></span> <span class='ocrx_word' id='word_1_902' title='bbox 1754 2231 1781 2253; x_wconf 90' lang='lat' dir='ltr'><strong>ut</strong></span> 
     </span>
    </p>
   </div>
   <div class='ocr_carea' id='block_1_108' title="bbox 992 2270 1783 2299">
    <p class='ocr_par' dir='ltr' id='par_1_108' title="bbox 992 2270 1783 2299">
     <span class='ocr_line' id='line_1_108' title="bbox 992 2270 1783 2299; baseline -0.001 -1"><span class='ocrx_word' id='word_1_903' title='bbox 992 2271 1072 2298; x_wconf 82' lang='lat' dir='ltr'><strong>etiam</strong></span> <span class='ocrx_word' id='word_1_904' title='bbox 1087 2275 1164 2298; x_wconf 75' lang='lat' dir='ltr'><strong>terra:</strong></span> <span class='ocrx_word' id='word_1_905' title='bbox 1180 2270 1340 2298; x_wconf 84' lang='lat' dir='ltr'><strong>commodet.</strong></span> <span class='ocrx_word' id='word_1_906' title='bbox 1356 2271 1420 2297; x_wconf 86' lang='lat' dir='ltr'><strong>Nam</strong></span> <span class='ocrx_word' id='word_1_907' title='bbox 1435 2271 1505 2298; x_wconf 86' lang='lat' dir='ltr'><strong>unde</strong></span> <span class='ocrx_word' id='word_1_908' title='bbox 1528 2271 1592 2299; x_wconf 83' lang='lat' dir='ltr'><strong>ros?</strong></span> <span class='ocrx_word' id='word_1_909' title='bbox 1610 2271 1699 2298; x_wconf 88' lang='lat' dir='ltr'><strong>Nubes</strong></span> <span class='ocrx_word' id='word_1_910' title='bbox 1718 2279 1783 2298; x_wconf 88' lang='lat' dir='ltr'><strong>nus-</strong></span> 
     </span>
    </p>
   </div>
   <div class='ocr_carea' id='block_1_109' title="bbox 992 2317 1780 2352">
    <p class='ocr_par' dir='ltr' id='par_1_109' title="bbox 992 2317 1780 2352">
     <span class='ocr_line' id='line_1_109' title="bbox 992 2317 1780 2352; baseline 0 -9"><span class='ocrx_word' id='word_1_911' title='bbox 992 2324 1071 2352; x_wconf 91' lang='lat' dir='ltr'><strong>quam</strong></span> <span class='ocrx_word' id='word_1_912' title='bbox 1094 2321 1152 2349; x_wconf 87' lang='lat' dir='ltr'><strong>est,</strong></span> <span class='ocrx_word' id='word_1_913' title='bbox 1177 2324 1223 2343; x_wconf 90' lang='lat' dir='ltr'><strong>aer</strong></span> <span class='ocrx_word' id='word_1_914' title='bbox 1244 2324 1338 2351; x_wconf 89' lang='lat' dir='ltr'><strong>aquam</strong></span> <span class='ocrx_word' id='word_1_915' title='bbox 1369 2324 1422 2344; x_wconf 90' lang='lat' dir='ltr'><strong>non</strong></span> <span class='ocrx_word' id='word_1_916' title='bbox 1446 2317 1543 2349; x_wconf 85' lang='lat' dir='ltr'><strong>habet;</strong></span> <span class='ocrx_word' id='word_1_917' title='bbox 1564 2324 1661 2351; x_wconf 83' lang='lat' dir='ltr'><strong>nempe</strong></span> <span class='ocrx_word' id='word_1_918' title='bbox 1686 2317 1780 2343; x_wconf 72' lang='lat' dir='ltr'><strong>cmlum</strong></span> 
     </span>
    </p>
   </div>
   <div class='ocr_carea' id='block_1_110' title="bbox 992 2361 1782 2397">
    <p class='ocr_par' dir='ltr' id='par_1_110' title="bbox 992 2361 1782 2397">
     <span class='ocr_line' id='line_1_110' title="bbox 992 2361 1782 2397; baseline -0.001 -8"><span class='ocrx_word' id='word_1_919' title='bbox 992 2370 1024 2390; x_wconf 85' lang='lat' dir='ltr'><strong>ex</strong></span> <span class='ocrx_word' id='word_1_920' title='bbox 1047 2362 1274 2397; x_wconf 84' lang='lat' dir='ltr'><strong>superabundanti</strong></span> <span class='ocrx_word' id='word_1_921' title='bbox 1300 2370 1368 2397; x_wconf 86' lang='lat' dir='ltr'><strong>aqua</strong></span> <span class='ocrx_word' id='word_1_922' title='bbox 1404 2363 1523 2389; x_wconf 86' lang='lat' dir='ltr'><strong>distillat.</strong></span> <span class='ocrx_word' id='word_1_923' title='bbox 1553 2361 1615 2388; x_wconf 91' lang='lat' dir='ltr'><strong>ldeo</strong></span> <span class='ocrx_word' id='word_1_924' title='bbox 1639 2362 1713 2388; x_wconf 88' lang='lat' dir='ltr'><strong>Isaac</strong></span> <span class='ocrx_word' id='word_1_925' title='bbox 1736 2369 1782 2396; x_wconf 86' lang='lat' dir='ltr'><strong>pa-</strong></span> 
     </span>
    </p>
   </div>
   <div class='ocr_carea' id='block_1_111' title="bbox 992 2406 1782 2440">
    <p class='ocr_par' dir='ltr' id='par_1_111' title="bbox 992 2406 1782 2440">
     <span class='ocr_line' id='line_1_111' title="bbox 992 2406 1782 2440; baseline -0.004 -4"><span class='ocrx_word' id='word_1_926' title='bbox 992 2408 1106 2436; x_wconf 85' lang='lat' dir='ltr'><strong>triarcha</strong></span> <span class='ocrx_word' id='word_1_927' title='bbox 1121 2416 1181 2435; x_wconf 93' lang='lat' dir='ltr'><strong>eum</strong></span> <span class='ocrx_word' id='word_1_928' title='bbox 1195 2408 1294 2436; x_wconf 87' lang='lat' dir='ltr'><strong>Jacobo</strong></span> <span class='ocrx_word' id='word_1_929' title='bbox 1308 2408 1477 2435; x_wconf 85' lang='lat' dir='ltr'><strong>benediceret</strong></span> <span class='ocrx_word' id='word_1_930' title='bbox 1487 2428 1494 2440; x_wconf 96' lang='lat'><strong>,</strong></span> <span class='ocrx_word' id='word_1_931' title='bbox 1510 2407 1615 2434; x_wconf 78' lang='lat' dir='ltr'><strong>dicebat</strong></span> <span class='ocrx_word' id='word_1_932' title='bbox 1635 2415 1642 2433; x_wconf 73' lang='grc' dir='ltr'><strong>ε</strong></span> <span class='ocrx_word' id='word_1_933' title='bbox 1668 2406 1716 2434; x_wconf 84' lang='lat' dir='ltr'><strong>Det</strong></span> <span class='ocrx_word' id='word_1_934' title='bbox 1738 2407 1782 2434; x_wconf 86' lang='lat' dir='ltr'><strong>tibi</strong></span> 
     </span>
    </p>
   </div>
   <div class='ocr_carea' id='block_1_112' title="bbox 992 2452 1775 2488">
    <p class='ocr_par' dir='ltr' id='par_1_112' title="bbox 992 2452 1775 2488">
     <span class='ocr_line' id='line_1_112' title="bbox 992 2452 1775 2488; baseline -0.001 -7"><span class='ocrx_word' id='word_1_935' title='bbox 992 2454 1060 2481; x_wconf 84' lang='lat' dir='ltr'><strong>Deus</strong></span> <span class='ocrx_word' id='word_1_936' title='bbox 1069 2455 1099 2480; x_wconf 77' lang='lat' dir='ltr'><strong>tle</strong></span> <span class='ocrx_word' id='word_1_937' title='bbox 1114 2462 1170 2481; x_wconf 89' lang='lat' dir='ltr'><strong>rore</strong></span> <span class='ocrx_word' id='word_1_938' title='bbox 1184 2454 1238 2480; x_wconf 75' lang='grc' dir='ltr'><strong>ειυιὶ</strong></span> <span class='ocrx_word' id='word_1_939' title='bbox 1255 2459 1277 2480; x_wconf 88' lang='lat' dir='ltr'><strong>et</strong></span> <span class='ocrx_word' id='word_1_940' title='bbox 1286 2453 1317 2480; x_wconf 82' lang='lat' dir='ltr'><strong>(le</strong></span> <span class='ocrx_word' id='word_1_941' title='bbox 1328 2454 1479 2488; x_wconf 83' lang='lat' dir='ltr'><strong>pinguedine</strong></span> <span class='ocrx_word' id='word_1_942' title='bbox 1490 2458 1563 2479; x_wconf 73' lang='lat' dir='ltr'><strong>terra:</strong></span> <span class='ocrx_word' id='word_1_943' title='bbox 1576 2452 1705 2487; x_wconf 75' lang='lat' dir='ltr'><strong>(Gen.‘27.</strong></span> <span class='ocrx_word' id='word_1_944' title='bbox 1716 2452 1775 2488; x_wconf 80' lang='lat'><strong>‘28).</strong></span> 
     </span>
    </p>
   </div>
   <div class='ocr_carea' id='block_1_113' title="bbox 1028 2498 1780 2533">
    <p class='ocr_par' dir='ltr' id='par_1_113' title="bbox 1028 2498 1780 2533">
     <span class='ocr_line' id='line_1_113' title="bbox 1028 2498 1780 2533; baseline -0.003 -6"><span class='ocrx_word' id='word_1_945' title='bbox 1028 2501 1053 2527; x_wconf 72' lang='grc' dir='ltr'><strong>ι.</strong></span> <span class='ocrx_word' id='word_1_946' title='bbox 1070 2500 1151 2526; x_wconf 86' lang='lat' dir='ltr'><strong>Aiunt</strong></span> <span class='ocrx_word' id='word_1_947' title='bbox 1165 2507 1236 2531; x_wconf 85' lang='lat' dir='ltr'><strong>vero,</strong></span> <span class='ocrx_word' id='word_1_948' title='bbox 1254 2499 1358 2532; x_wconf 84' lang='lat' dir='ltr'><strong>fratres,</strong></span> <span class='ocrx_word' id='word_1_949' title='bbox 1382 2499 1408 2526; x_wconf 92' lang='lat' dir='ltr'><strong>in</strong></span> <span class='ocrx_word' id='word_1_950' title='bbox 1432 2498 1475 2525; x_wconf 90' lang='lat' dir='ltr'><strong>die</strong></span> <span class='ocrx_word' id='word_1_951' title='bbox 1486 2499 1577 2533; x_wconf 73' lang='lat' dir='ltr'><strong>iudicii</strong></span> <span class='ocrx_word' id='word_1_952' title='bbox 1591 2520 1598 2532; x_wconf 88' lang='lat'><strong>,</strong></span> <span class='ocrx_word' id='word_1_953' title='bbox 1613 2506 1780 2527; x_wconf 83' lang='lat' dir='ltr'><strong>recessuram</strong></span> 
     </span>
    </p>
   </div>
   <div class='ocr_carea' id='block_1_114' title="bbox 991 2545 1779 2580">
    <p class='ocr_par' dir='ltr' id='par_1_114' title="bbox 991 2545 1779 2580">
     <span class='ocr_line' id='line_1_114' title="bbox 991 2545 1779 2580; baseline -0.001 -7"><span class='ocrx_word' id='word_1_954' title='bbox 991 2553 1085 2580; x_wconf 86' lang='lat' dir='ltr'><strong>aquam</strong></span> <span class='ocrx_word' id='word_1_955' title='bbox 1100 2546 1171 2572; x_wconf 86' lang='lat' dir='ltr'><strong>illaut</strong></span> <span class='ocrx_word' id='word_1_956' title='bbox 1183 2552 1336 2579; x_wconf 86' lang='lat' dir='ltr'><strong>supernam,</strong></span> <span class='ocrx_word' id='word_1_957' title='bbox 1357 2545 1504 2580; x_wconf 73' lang='lat' dir='ltr'><strong>caduntque</strong></span> <span class='ocrx_word' id='word_1_958' title='bbox 1524 2546 1639 2573; x_wconf 92' lang='lat' dir='ltr'><strong>solutum</strong></span> <span class='ocrx_word' id='word_1_959' title='bbox 1652 2546 1684 2574; x_wconf 86' lang='lat' dir='ltr'><strong>iri</strong></span> <span class='ocrx_word' id='word_1_960' title='bbox 1697 2567 1704 2580; x_wconf 91' lang='lat'><strong>,</strong></span> <span class='ocrx_word' id='word_1_961' title='bbox 1719 2553 1779 2573; x_wconf 88' lang='lat' dir='ltr'><strong>cum</strong></span> 
     </span>
    </p>
   </div>
   <div class='ocr_carea' id='block_1_115' title="bbox 991 2591 1780 2627">
    <p class='ocr_par' dir='ltr' id='par_1_115' title="bbox 991 2591 1780 2627">
     <span class='ocr_line' id='line_1_115' title="bbox 991 2591 1780 2627; baseline -0.003 -7"><span class='ocrx_word' id='word_1_962' title='bbox 991 2601 1043 2620; x_wconf 91' lang='lat' dir='ltr'><strong>non</strong></span> <span class='ocrx_word' id='word_1_963' title='bbox 1063 2592 1130 2619; x_wconf 85' lang='lat' dir='ltr'><strong>ultra</strong></span> <span class='ocrx_word' id='word_1_964' title='bbox 1156 2592 1307 2618; x_wconf 90' lang='lat' dir='ltr'><strong>habiturum</strong></span> <span class='ocrx_word' id='word_1_965' title='bbox 1329 2592 1363 2618; x_wconf 90' lang='lat' dir='ltr'><strong>sit</strong></span> <span class='ocrx_word' id='word_1_966' title='bbox 1377 2591 1449 2618; x_wconf 91' lang='lat' dir='ltr'><strong>illam</strong></span> <span class='ocrx_word' id='word_1_967' title='bbox 1476 2600 1603 2627; x_wconf 89' lang='lat' dir='ltr'><strong>aquarum</strong></span> <span class='ocrx_word' id='word_1_968' title='bbox 1623 2593 1733 2626; x_wconf 88' lang='lat' dir='ltr'><strong>molem,</strong></span> <span class='ocrx_word' id='word_1_969' title='bbox 1754 2596 1780 2619; x_wconf 88' lang='lat' dir='ltr'><strong>et</strong></span> 
     </span>
    </p>
   </div>
   <div class='ocr_carea' id='block_1_116' title="bbox 991 2636 1778 2670">
    <p class='ocr_par' dir='ltr' id='par_1_116' title="bbox 991 2636 1778 2670">
     <span class='ocr_line' id='line_1_116' title="bbox 991 2636 1778 2670; baseline -0.001 -6"><span class='ocrx_word' id='word_1_970' title='bbox 991 2637 1049 2665; x_wconf 81' lang='lat' dir='ltr'><strong>fore</strong></span> <span class='ocrx_word' id='word_1_971' title='bbox 1062 2641 1091 2664; x_wconf 88' lang='lat' dir='ltr'><strong>ttt</strong></span> <span class='ocrx_word' id='word_1_972' title='bbox 1104 2636 1188 2663; x_wconf 74' lang='lat' dir='ltr'><strong>stella:</strong></span> <span class='ocrx_word' id='word_1_973' title='bbox 1202 2636 1317 2670; x_wconf 84' lang='lat' dir='ltr'><strong>cadant,</strong></span> <span class='ocrx_word' id='word_1_974' title='bbox 1343 2643 1402 2664; x_wconf 89' lang='lat' dir='ltr'><strong>cum</strong></span> <span class='ocrx_word' id='word_1_975' title='bbox 1417 2644 1466 2665; x_wconf 89' lang='lat' dir='ltr'><strong>nec</strong></span> <span class='ocrx_word' id='word_1_976' title='bbox 1480 2638 1548 2664; x_wconf 93' lang='lat' dir='ltr'><strong>viam</strong></span> <span class='ocrx_word' id='word_1_977' title='bbox 1572 2645 1622 2665; x_wconf 91' lang='lat' dir='ltr'><strong>nec</strong></span> <span class='ocrx_word' id='word_1_978' title='bbox 1638 2638 1778 2665; x_wconf 86' lang='lat' dir='ltr'><strong>stationem</strong></span> 
     </span>
    </p>
   </div>
   <div class='ocr_carea' id='block_1_117' title="bbox 991 2681 1777 2717">
    <p class='ocr_par' dir='ltr' id='par_1_117' title="bbox 991 2681 1777 2717">
     <span class='ocr_line' id='line_1_117' title="bbox 991 2681 1777 2717; baseline -0.004 -8"><span class='ocrx_word' id='word_1_979' title='bbox 991 2682 1059 2709; x_wconf 90' lang='lat' dir='ltr'><strong>ultra</strong></span> <span class='ocrx_word' id='word_1_980' title='bbox 1075 2682 1203 2709; x_wconf 76' lang='lat' dir='ltr'><strong>habitune</strong></span> <span class='ocrx_word' id='word_1_981' title='bbox 1219 2681 1282 2708; x_wconf 81' lang='lat' dir='ltr'><strong>sitit.</strong></span> <span class='ocrx_word' id='word_1_982' title='bbox 1296 2681 1358 2708; x_wconf 67' lang='lat' dir='ltr'><strong>Hinc</strong></span> <span class='ocrx_word' id='word_1_983' title='bbox 1374 2689 1453 2717; x_wconf 90' lang='lat' dir='ltr'><strong>porro</strong></span> <span class='ocrx_word' id='word_1_984' title='bbox 1467 2690 1519 2710; x_wconf 91' lang='lat' dir='ltr'><strong>non</strong></span> <span class='ocrx_word' id='word_1_985' title='bbox 1532 2688 1632 2710; x_wconf 90' lang='lat' dir='ltr'><strong>temere</strong></span> <span class='ocrx_word' id='word_1_986' title='bbox 1646 2682 1757 2709; x_wconf 88' lang='lat' dir='ltr'><strong>dicimus</strong></span> <span class='ocrx_word' id='word_1_987' title='bbox 1769 2689 1777 2713; x_wconf 83' lang='grc'>;</span> 
     </span>
    </p>
   </div>
   <div class='ocr_carea' id='block_1_118' title="bbox 990 2726 1777 2762">
    <p class='ocr_par' dir='ltr' id='par_1_118' title="bbox 990 2726 1777 2762">
     <span class='ocr_line' id='line_1_118' title="bbox 990 2726 1777 2762; baseline -0.005 -7"><span class='ocrx_word' id='word_1_988' title='bbox 990 2728 1038 2755; x_wconf 85' lang='lat' dir='ltr'><strong>sed</strong></span> <span class='ocrx_word' id='word_1_989' title='bbox 1048 2728 1183 2762; x_wconf 89' lang='lat' dir='ltr'><strong>Scriptura</strong></span> <span class='ocrx_word' id='word_1_990' title='bbox 1195 2727 1274 2755; x_wconf 88' lang='lat' dir='ltr'><strong>docet</strong></span> <span class='ocrx_word' id='word_1_991' title='bbox 1289 2736 1295 2754; x_wconf 89' lang='lat'><strong>:</strong></span> <span class='ocrx_word' id='word_1_992' title='bbox 1313 2726 1409 2755; x_wconf 79' lang='lat' dir='ltr'><strong>Ctelum</strong></span> <span class='ocrx_word' id='word_1_993' title='bbox 1423 2728 1494 2756; x_wconf 88' lang='lat' dir='ltr'><strong>enim</strong></span> <span class='ocrx_word' id='word_1_994' title='bbox 1508 2727 1667 2755; x_wconf 77' lang='lat' dir='ltr'><strong>convolvetur</strong></span> <span class='ocrx_word' id='word_1_995' title='bbox 1678 2731 1705 2752; x_wconf 86' lang='lat' dir='ltr'><strong>ut</strong></span> <span class='ocrx_word' id='word_1_996' title='bbox 1714 2728 1777 2752; x_wconf 77' lang='lat' dir='ltr'><strong>liber</strong></span> 
     </span>
    </p>
   </div>
   <div class='ocr_carea' id='block_1_119' title="bbox 990 2771 1778 2809">
    <p class='ocr_par' dir='ltr' id='par_1_119' title="bbox 990 2771 1778 2809">
     <span class='ocr_line' id='line_1_119' title="bbox 990 2771 1778 2809; baseline -0.001 -9"><span class='ocrx_word' id='word_1_997' title='bbox 990 2773 1068 2809; x_wconf 72' lang='lat' dir='ltr'><strong>(Iani.</strong></span> <span class='ocrx_word' id='word_1_998' title='bbox 1085 2774 1129 2801; x_wconf 73' lang='grc'><strong>54.</strong></span> <span class='ocrx_word' id='word_1_999' title='bbox 1143 2773 1189 2808; x_wconf 71' lang='grc'><strong>4);</strong></span> <span class='ocrx_word' id='word_1_1000' title='bbox 1203 2781 1300 2808; x_wconf 86' lang='lat' dir='ltr'><strong>nempe</strong></span> <span class='ocrx_word' id='word_1_1001' title='bbox 1323 2773 1446 2802; x_wconf 87' lang='lat' dir='ltr'><strong>adustum</strong></span> <span class='ocrx_word' id='word_1_1002' title='bbox 1460 2781 1469 2802; x_wconf 88' lang='lat'><strong>:</strong></span> <span class='ocrx_word' id='word_1_1003' title='bbox 1483 2773 1554 2808; x_wconf 90' lang='lat' dir='ltr'><strong>quod</strong></span> <span class='ocrx_word' id='word_1_1004' title='bbox 1569 2772 1640 2800; x_wconf 83' lang='lat' dir='ltr'><strong>enim</strong></span> <span class='ocrx_word' id='word_1_1005' title='bbox 1656 2771 1778 2799; x_wconf 83' lang='lat' dir='ltr'><strong>aduritur</strong></span> 
     </span>
    </p>
   </div>
   <div class='ocr_carea' id='block_1_120' title="bbox 991 2817 1779 2855">
    <p class='ocr_par' dir='ltr' id='par_1_120' title="bbox 991 2817 1779 2855">
     <span class='ocr_line' id='line_1_120' title="bbox 991 2817 1779 2855; baseline -0.005 -6"><span class='ocrx_word' id='word_1_1006' title='bbox 991 2820 1156 2850; x_wconf 84' lang='lat' dir='ltr'><strong>convolvitur</strong></span> <span class='ocrx_word' id='word_1_1007' title='bbox 1167 2827 1174 2849; x_wconf 90' lang='lat'><strong>:</strong></span> <span class='ocrx_word' id='word_1_1008' title='bbox 1184 2825 1207 2849; x_wconf 79' lang='lat' dir='ltr'><strong>ct</strong></span> <span class='ocrx_word' id='word_1_1009' title='bbox 1221 2820 1301 2849; x_wconf 78' lang='lat' dir='ltr'><strong>stella:</strong></span> <span class='ocrx_word' id='word_1_1010' title='bbox 1314 2821 1402 2849; x_wconf 78' lang='lat' dir='ltr'><strong>cadent</strong></span> <span class='ocrx_word' id='word_1_1011' title='bbox 1416 2821 1480 2848; x_wconf 70' lang='lat' dir='ltr'><strong>sicut</strong></span> <span class='ocrx_word' id='word_1_1012' title='bbox 1493 2820 1555 2855; x_wconf 78' lang='lat' dir='ltr'><strong>[alia</strong></span> <span class='ocrx_word' id='word_1_1013' title='bbox 1571 2819 1636 2846; x_wconf 69' lang='lat' dir='ltr'><strong>vitia.</strong></span> <span class='ocrx_word' id='word_1_1014' title='bbox 1653 2817 1779 2851; x_wconf 77' lang='lat' dir='ltr'><strong>Attende,</strong></span> 
     </span>
    </p>
   </div>
  </div>
