3958 6186
550 179 655 234 6Ξῦ

542 338 741 392 qutcso,
775 334 827 378 et
855 324 1014 378 alium
1047 336 1220 377 usum.
1252 309 1418 391 Aqua:
1447 321 1550 378 illte
1574 362 1589 387 ,
1613 337 1731 393 qua:
1762 337 1920 393 super
1949 322 2112 378 caelos

546 427 690 483 sunt,
723 434 826 470 non
858 415 1014 469 modo
1036 413 1223 468 caelum
1259 425 1618 480 conservant,
1651 415 1743 471 sed
1784 415 1945 470 etiam
1974 413 2126 468 ﬁam-

554 524 695 562 mam
723 508 850 563 solis
877 516 932 561 et
961 506 1099 560 lente
1128 505 1396 561 emittunt.
1426 507 1481 563 Si
1507 506 1650 563 enim
1679 506 1996 578 pellucidum
2037 521 2125 562 es-

541 608 627 654 set
649 598 860 662 etclam,
908 598 1085 653 omnis
1122 597 1238 667 ejus
1283 597 1537 668 splendor
1572 613 1784 654 sursum
1830 606 2118 663 curreret,

540 692 677 760 ignis
727 690 924 762 quippe
974 706 1094 746 cum
1147 707 1362 747 sursum
1409 693 1632 757 tendat,
1688 691 2122 748 terram-deser-

541 794 647 836 tam
673 781 1021 852 relinqueret.
1075 782 1277 838 Idcirco
1323 783 1483 854 igitur
1519 792 1687 839 totum
1726 782 1915 837 czclum
1956 796 2121 851 supe-

548 874 661 928 rius
689 872 965 929 immensis
1011 875 1166 944 aquis
1192 874 1544 943 addensavit,
1604 885 1665 930 ut
1705 875 1956 946 splendor
2000 890 2122 929 coa—

536 973 656 1018 ctus
706 962 843 1018 infra
890 963 1258 1020 descenderet.
1305 965 1438 1021 Vide
1497 965 1728 1021 Artiﬁcis
1780 966 2119 1035 sapientiam.

540 1051 714 1108 "abes
739 1062 918 1109 autem
946 1055 997 1109 in
1024 1055 1195 1126 teipse
1222 1057 1497 1126 sapientia:
1524 1056 1760 1113 Artiﬁcis
1788 1058 2070 1128 imaginem
2095 1075 2112 1119 ;

541 1144 668 1199 fecit
695 1144 891 1215 quippe
917 1146 1058 1201 Deus
1088 1148 1247 1202 etiam
1276 1149 1326 1203 in
1357 1158 1408 1203 te
1449 1158 1681 1219 quatuor
1714 1140 2113 1205 {elementorum

536 1234 788 1306 efﬁgiem.
811 1236 1212 1304 Animadverte,
1234 1254 1417 1309 qua-so
1439 1258 1451 1295 :
1472 1241 1643 1309 cogita
1668 1240 1800 1294 mihi
1827 1249 1988 1311 caput
2015 1244 2118 1296 hoc
2172 1302 2173 1305 η

534 1342 654 1382 esse
674 1329 864 1384 cadum
905 1331 1191 1400 superius;
1225 1347 1344 1401 qua!
1374 1346 1535 1402 supra
1567 1332 1802 1402 linguam
1834 1341 1980 1398 sunt,
2011 1349 2117 1390 ca!-

536 1418 645 1472 lum
665 1419 910 1486 alterum,
939 1421 991 1476 id
1021 1432 1103 1477 est
1133 1421 1524 1478 ﬁrmamentum
1557 1441 1571 1477 :
1607 1424 1839 1494 indeque
1860 1434 1941 1480 est
1965 1426 2107 1497 quod

535 1516 799 1581 obpositam;
821 1553 834 1575 ,
863 1513 975 1567 sive
1006 1528 1225 1582 parvum
1272 1515 1463 1569 caelum
1492 1523 1731 1570 vocetur.
1763 1515 2021 1588 Superius
2062 1521 2115 1574 in

542 1602 677 1657 locis
716 1603 909 1658 abditis
961 1605 1264 1672 cerebrum,
1308 1606 1449 1675 quod
1479 1622 1584 1661 non
1619 1606 1828 1663 videtur
1855 1649 1870 1671 ,
1899 1609 2117 1667 inferius

538 1693 738 1765 lingua,
760 1709 879 1765 qua:
894 1694 995 1750 sub
1020 1706 1293 1764 aspectum
1323 1695 1497 1750 cadit.
1526 1695 1986 1765 Quemadmodum
2019 1700 2117 1771 igi-

536 1796 621 1841 tur
645 1785 832 1841 caelum
855 1785 1102 1853 superius
1128 1786 1183 1840 in
1213 1786 1567 1843 invisibilibus
1596 1796 1698 1853 est,
1723 1788 1953 1845 mundus
1985 1805 2114 1846 vero

534 1875 587 1928 in
608 1874 738 1929 locis
753 1874 819 1929 de
836 1875 1029 1945 quibus
1054 1876 1318 1945 loquimur
1336 1894 1349 1931 :
1369 1891 1432 1931 ac
1456 1876 1902 1947 quemadmodum
1924 1881 1976 1933 in
1998 1881 2112 1935 ele-

537 1966 733 2022 mentis
774 1975 968 2022 terram
1015 1968 1280 2039 comperis
1325 1983 1446 2024 esse
1472 1984 1710 2040 gravem,
1737 1984 1931 2041 aquam
1985 1986 2113 2027 vero

533 2068 673 2114 terra
730 2060 1011 2129 leviorem,
1065 2062 1186 2132 igne
1221 2062 1558 2132 graviorem;
1591 2077 1907 2133 rursumque
1929 2078 2108 2120 aerem

529 2153 680 2223 aquis
706 2153 982 2219 leviorem,
1014 2155 1135 2225 igne
1160 2156 1456 2226 graviorem
1484 2174 1497 2210 :
1525 2156 1601 2211 sic
1645 2164 1701 2211 et
1730 2156 1782 2210 in
1810 2156 1963 2211 nobis
1988 2170 2113 2212 sen-

528 2260 642 2311 stts,
673 2254 880 2315 gustus,
910 2245 1185 2311 odoratus,
1212 2246 1445 2311 auditus,
1470 2246 1614 2302 visus
1633 2261 1732 2302 nec
1754 2261 1941 2302 omnes
1962 2247 2110 2302 simi—
2128 2292 2147 2299 ,

530 2336 607 2389 les
641 2344 784 2392 sunt.
819 2337 954 2394 Rem
1002 2338 1290 2409 comproba
1324 2355 1337 2396 :
1369 2339 1414 2394 si
1443 2339 1575 2394 velis
1607 2339 1806 2409 aliquid
1844 2349 2061 2410 gustare
2089 2382 2106 2409 ,

526 2429 625 2483 nisi
671 2430 863 2500 lingua:
888 2429 1176 2487 admoveas
1203 2470 1219 2496 ,
1252 2431 1399 2486 nullo
1440 2440 1627 2502 gustus
1656 2446 1818 2487 sensu
1847 2431 2101 2489 afﬁceris.

525 2520 769 2576 Crassior
795 2520 991 2592 quippe
1020 2536 1209 2578 sensus
1243 2532 1346 2585 est,
1380 2536 1482 2577 nec
1512 2531 1686 2591 potest
1715 2522 1899 2592 procul
1936 2523 2110 2592 perci-

526 2627 676 2681 pere.
709 2612 946 2667 Olfactus
977 2628 1100 2668 vero
1131 2612 1310 2682 procul
1338 2613 1566 2683 percipit
1597 2629 1611 2679 ;
1639 2613 1869 2682 exempli
1915 2628 2102 2681 causa,

526 2716 625 2770 per
679 2701 894 2757 domum
949 2704 1181 2768 transis,
1220 2703 1402 2758 odoris
1447 2702 1792 2773 fragrantiam
1848 2704 2104 2775 percipis,

523 2807 683 2860 quam
712 2808 817 2846 non
842 2792 1010 2848 vides.
1043 2794 1252 2851 Rursus
1290 2795 1434 2848 visus
1471 2793 1668 2849 olfactu
1712 2794 1940 2850 celerior
1977 2805 2102 2851 est:

523 2882 666 2940 videt
706 2885 849 2941 enim
898 2901 964 2942 ex
1001 2898 1181 2941 monte
1218 2886 1375 2941 latam
1419 2886 1708 2955 planitiem.
1751 2886 1880 2943 Visu
1920 2901 2105 2944 rursus

524 2992 677 3033 mens
688 2980 893 3036 acutior
913 2998 926 3036 :
944 2982 1133 3052 cadum
1161 2980 1379 3052 cogitat,
1402 2989 1619 3047 terram,
1644 2994 1811 3047 mare,
1835 2989 1890 3036 et
1911 2980 2103 3051 ubique

525 3068 812 3127 invenitur.
1152 3092 1161 3099 ·

606 3166 752 3221 Mens
779 3167 1031 3236 quomodo
1074 3174 1149 3220 est
1195 3166 1365 3237 imago
1398 3164 1513 3221 Dei.
1556 3163 1789 3221 Historia
1813 3162 2100 3234 cuiusdam,

523 3260 611 3330 qui
632 3276 695 3314 ea:
719 3257 1121 3327 sanctiﬁcatione
1144 3257 1339 3312 volebat
1368 3257 1658 3311 detruncari
1679 3257 1829 3324 illud,
1852 3254 2105 3311 Dominus

523 3349 803 3402 sabaotlt...
842 3377 913 3390 ——
934 3347 1058 3402 Ideo
1084 3348 1260 3416 imago
1287 3347 1379 3402 Dei
1411 3362 1562 3402 mens
1585 3357 1686 3402 est.
1719 3347 1865 3402 Mens
1885 3346 2100 3416 cogitat,

525 3456 755 3511 moxque
775 3440 827 3494 in
851 3454 909 3494 se
936 3440 1237 3504 fora'creat,
1272 3439 1479 3493 turbam
1509 3439 1610 3494 sibi
1636 3438 1893 3509 depingit,
1919 3449 1973 3494 ct
2003 3455 2100 3510 p0-

526 3533 724 3602 pulum.
757 3530 1085 3585 Eruhescant
1113 3530 1364 3584 haeretici.
1398 3529 1548 3584 Mens
1579 3530 1701 3584 talia
1728 3540 1980 3599 operatur
2004 3574 2019 3597 ,
2048 3541 2104 3587 et

526 3624 720 3680 mentis
744 3622 969 3688 Artifex,
997 3622 1140 3676 omni
1188 3621 1383 3676 olfactu
1410 3621 1657 3676 subtilior
1677 3664 1692 3687 ,
1721 3636 1826 3676 non
1872 3623 2101 3679 celerio-

526 3736 637 3774 rem
671 3717 830 3773 habet
860 3715 1244 3787 operationem,
1266 3731 1370 3771 non
1404 3723 1700 3786 promptam
1728 3716 1942 3771 creandi
1970 3717 2098 3783 vim,

527 3829 632 3866 non
670 3808 1261 3880 incomprehensibilem
1283 3808 1568 3862 naturam?
1595 3807 1732 3863 Volo
1755 3818 1954 3874 autem,
1988 3809 2098 3864 fra-

529 3913 636 3958 tres
667 3944 682 3968 ,
737 3916 851 3956 rem
879 3899 1031 3954 vobis
1056 3898 1235 3954 dicere
1263 3897 1577 3952 insolentem
1606 3897 1819 3969 quidem
1848 3908 2101 3970 quantum

527 3993 592 4046 ad
646 3992 993 4062 impietatem,
1036 3991 1130 4045 sed
1177 3989 1298 4045 ﬁdei
1344 4004 1633 4045 consonam
1661 4029 1677 4054 ,
1731 4000 1985 4061 quantum
2036 3991 2103 4047 ad

527 4099 786 4148 examen;
817 4092 875 4137 ut
918 4081 1134 4136 discetis
1175 4089 1371 4151 quanta
1415 4091 1468 4135 et
1508 4096 1668 4151 quam
1706 4096 1851 4137 nova
1897 4092 2106 4137 moveat

528 4174 791 4240 diabolus,
818 4182 1010 4244 quanta
1038 4173 1287 4242 reperiat,
1318 4182 1515 4242 quanta
1545 4180 1793 4242 suggerat
1818 4172 2101 4234 luereticis.

528 4266 612 4319 vel
668 4266 720 4319 hi
773 4267 946 4333 potius
991 4263 1223 4318 diabolo.
1276 4262 1446 4317 Ilodie
1492 4254 1750 4333 quiSpiam
1796 4262 2100 4330 ltmreticus,

529 4355 880 4424 praesentibus
906 4354 1105 4410 sanctis
1136 4353 1265 4409 viris
1287 4361 1341 4408 et
1364 4352 1600 4423 patribus
1622 4393 1637 4418 ,
1668 4366 1763 4407 nos
1782 4353 2105 4408 conveniens

529 4447 739 4502 diccbat
769 4465 782 4501 :
813 4446 927 4500 lucc
956 4443 1075 4502 dico
1099 4453 1300 4508 autem,
1336 4459 1404 4500 ne
1428 4459 1516 4498 res
1540 4443 1693 4498 aliter
1721 4443 1922 4509 audita,
1951 4444 2105 4499 aliter

532 4540 684 4593 feriat
715 4553 727 4589 :
759 4536 935 4601 Pater,
960 4535 1155 4598 aiebat,
1183 4543 1237 4590 et
1260 4534 1426 4589 Filius
1450 4544 1503 4589 et
1518 4534 1745 4603 Spiritus
1762 4544 1977 4590 sanctus
2004 4548 2105 4588 una

530 4629 799 4691 divinitas,
833 4641 935 4681 una
959 4626 1144 4689 virtus,
1174 4639 1340 4679 unum
1373 4639 1617 4694 regnum.
1650 4626 1875 4693 Oportet
1902 4634 2103 4691 autem,

534 4722 724 4792 inquit,
754 4718 963 4775 auferre
987 4717 1056 4772 ab
1083 4716 1264 4771 animo
1294 4716 1335 4781 ί,
1365 4730 1470 4769 non
1502 4715 1643 4768 enim
1672 4715 1739 4767 ab
1765 4715 1916 4767 altari
1942 4714 2062 4769 dico
2086 4755 2101 4778 ,

533 4831 599 4868 ne
632 4814 682 4867 in
714 4810 1130 4868 sanctiﬁcatione
1170 4807 1395 4870 dicatur,
1426 4805 1665 4870 Sanctus,
1722 4813 1946 4871 sanctus,
1988 4821 2109 4859 san-

536 4916 647 4958 ctus
675 4904 924 4958 Dominus
950 4902 1200 4959 Sabaoth.
1223 4899 1335 4956 Nisi
1365 4897 1513 4962 illud,
1538 4896 1727 4967 inquit,
1757 4895 2103 4963 abstuleritis,

533 4995 821 5049 Christiani
852 5012 957 5048 non
986 4997 1134 5051 estis.
1181 4989 1423 5048 Vidistiu‘
1446 4997 1642 5043 tantam
1669 4987 1964 5053 audaciam,
1988 4994 2106 5040 tan-

535 5094 745 5153 tamque
769 5082 961 5138 diaboli
989 5083 1283 5138 insaniam?
1302 5078 1529 5135 vidistiu‘
1560 5076 1791 5131 radicem
1819 5075 2105 5132 adversan.

536 5174 602 5228 tis
634 5172 741 5227 Deo
766 5171 1097 5242 impietatis?
1149 5170 1384 5228 vidistin'
1413 5167 1829 5240 magnitudinem
1860 5166 2108 5236 blasphe-

537 5265 701 5322 miae?
756 5263 973 5320 Pietatis
1036 5272 1196 5332 caput
1258 5264 1425 5319 voluit
1486 5273 1794 5332 amputare,
1849 5274 2108 5316 enervare

537 5356 867 5429 mysterium,
898 5353 1055 5409 ﬁdem
1081 5354 1298 5409 abolere
1323 5396 1337 5419 ,
1369 5354 1485 5423 ejus
1513 5353 1849 5408 fundamenta
1897 5366 2106 5406 eruere.

538 5452 605 5506 Ει
631 5449 749 5506 vide
774 5446 967 5503 diaboli
990 5445 1257 5500 astutiam.
1284 5444 1549 5498 Persuasit
1570 5445 1617 5499 ei
1646 5454 1701 5499 ut
1736 5443 1936 5498 diceret
1965 5459 1979 5495 :
2011 5441 2109 5496 Pa-

602 5582 620 5614 ⁸
654 5580 795 5631 Savil.
820 5578 1083 5694 legendum
1107 5583 1259 5639 putat,
1281 5575 1342 5625 ab
1363 5572 1591 5646 oratione,
1618 5588 1720 5639 pro,
1748 5575 1805 5627 ab
1819 5574 1990 5627 animo.
2016 5575 2108 5624 Sed

602 5654 672 5693 ire
695 5641 854 5694 potest
896 5641 1022 5694 ectio
1044 5639 1269 5691 Codicum
1288 5649 1516 5691 omnium.

539 5647 672 5695 sure
695 5641 854 5707 potest
877 5639 1022 5694 lectio
1044 5639 1269 5691 Codicum
1288 5639 1516 5691 omnium.

1991 206 2361 265 summam
2740 182 2746 188 “
3604 229 3678 286 ιιι

2236 329 2317 376 ter
2341 330 2397 376 et
2424 320 2591 378 Filius
2617 332 2673 379 et
2720 322 2947 394 Spiritus
2977 333 3184 380 sanctus
3207 367 3222 392 ,
3249 342 3337 380 una
3366 318 3473 385 ﬁdes
3494 333 3554 406 (α)
3571 378 3585 402 ,
3605 354 3682 396 una

2231 411 2402 467 virtus
2425 454 2441 480 ,
2480 428 2651 488 \unum
2680 430 2924 485 regnum.
2966 414 3231 470 Venenum
3267 418 3404 473 melle
3427 429 3686 492 temperavit.

2229 501 2453 573 Semper
2473 504 2614 559 enim
2633 506 2989 572 mendacium,
3009 522 3127 560 cum
3150 508 3251 563 vult
3274 508 3364 562 sibi
3386 510 3518 566 ﬁdem
3534 513 3688 587 haberi,

2229 594 2333 649 nisi
2358 594 2759 651 fundamentum
2787 599 3022 667 posuerit
3066 599 3351 667 apparentis
3392 602 3615 672 veritatis,
3648 619 3692 665 ut

2227 685 2418 740 falsum
2445 687 2684 757 rejieitur
2715 706 2728 742 :
2760 699 2813 745 et
2833 705 2933 760 qua
2957 689 3159 744 ratione
3178 731 3192 754 ,
3218 689 3359 744 audi:
3388 692 3507 747 nihil
3530 697 3692 765 quidem

2227 776 2422 842 simile,
2471 777 2643 832 dicam
2676 786 2874 834 tamen.
2907 778 3094 834 Rahab
3118 779 3355 834 meretrix
3397 795 3503 837 cum
3543 790 3703 857 excepit

2227 870 2608 940 exploratores,
2640 872 2995 943 interrogata:
3029 870 3246 943 Ingressi
3264 872 3496 929 suntadte
3513 877 3700 950 virium.

2226 958 2280 1013 2.
2319 961 2374 1015 4.
2406 959 2511 1033 5)?
2563 962 2881 1033 respondet,
2936 961 3150 1028 Etiam;
3200 963 3297 1020 hoc
3329 965 3526 1035 primum
3566 984 3705 1025 verum

2226 1058 2309 1104 est
2341 1069 2354 1105 :
2379 1052 2483 1106 Sed
2506 1055 2755 1120 exierunt,
2812 1053 3014 1124 inquit;
3039 1052 3140 1109 boc
3170 1054 3439 1110 secundum
3478 1057 3645 1113 falsum.
3667 1060 3706 1114 Si

2191 1163 2198 1173 -
2225 1142 2466 1209 dixisset,
2494 1144 2607 1198 Non
2628 1146 2826 1215 egressi
2847 1153 2993 1212 sunt,
3018 1144 3229 1201 domum
3255 1150 3537 1216 perscrutati
3557 1162 3707 1207 essent.

2228 1235 2367 1290 Dixit
2394 1252 2603 1303 verum,
2632 1247 2690 1293 ut
2721 1238 2876 1314 ﬁdem
2903 1238 3246 1295 conciliaret:
3273 1240 3451 1295 falsum
3474 1241 3650 1309 addidit,
3670 1255 3711 1299 ut

2224 1327 2512 1397 deciperet.
2543 1328 2617 1382 Ita
2651 1339 2705 1385 et
2750 1330 2850 1385 iste
2895 1347 2909 1383 :
2962 1329 3117 1386 nobis
3160 1331 3566 1402 interrogantibus
3588 1374 3601 1398 ,
3634 1333 3711 1390 Cur

2222 1419 2702 1475 sanctiﬁcatiouem
2731 1421 3199 1477 detruncabimus?
3226 1423 3408 1486 dicitis,
3440 1424 3599 1494 inquit,
3631 1424 3711 1479 [⁵ο-

2223 1512 2391 1564 minus
2421 1509 2647 1565 Sabaoth
2692 1529 2711 1565 :
2739 1513 2884 1583 atqui
2916 1528 3019 1566 non
3048 1520 3131 1567 est
3178 1528 3363 1567 nomen
3394 1513 3509 1577 Dei,
3536 1528 3621 1567 non
3654 1525 3712 1569 est

2221 1593 2457 1667 Christi,
2492 1618 2666 1672 neque
2715 1603 2906 1658 Patris.
2939 1602 3183 1657 Vitlistin'
3210 1618 3270 1658 es
3299 1604 3391 1658 vile
3410 1613 3458 1658 et
3482 1605 3713 1673 impurum?

2221 1689 2517 1761 Ignoravit,
2575 1709 2767 1762 nempe
2805 1695 2875 1749 ob
2904 1694 3201 1758 inscitiam,
3231 1693 3450 1749 Sabaoth
3492 1709 3580 1747 non
3627 1708 3714 1749 esse

2221 1795 2415 1836 nomen
2448 1782 2563 1849 Dei,
2597 1783 2692 1838 sed
2722 1799 2913 1838 nomen
2943 1785 3267 1839 exercituum
3293 1801 3306 1847 ;
3330 1784 3378 1838 id
3404 1793 3493 1849 est,
3523 1784 3714 1841 Dominus

2222 1872 2497 1927 virtutum.
2549 1874 2775 1930 Causam
2805 1884 2979 1929 autem
3009 1874 3130 1930 dico
3164 1892 3178 1929 :
3215 1875 3306 1931 sed
3335 1886 3447 1930 ante
3470 1875 3604 1930 ﬁnem
3624 1876 3713 1947 quid

2218 1964 2373 2020 fausti
2402 1965 2642 2022 evenerit
2689 1969 2944 2023 annuntio
2996 1986 3009 2021 :
3060 1969 3323 2039 paenituit,
3352 1968 3590 2037 procidit,
3620 1984 3712 2025 atta-

2220 2058 2452 2114 themata
2477 2059 2629 2127 dixit,
2655 2056 2900 2130 precatus
2926 2070 3029 2124 est,
3062 2068 3305 2131 receptus
3331 2069 3426 2114 est.

2285 2151 2339 2207 5.
2381 2152 2609 2208 Attende
2635 2152 2829 2223 igitur:
2856 2152 2977 2222 quia
2999 2167 3177 2208 sermo
3228 2151 3599 2222 iucidit,oper.e
3628 2168 3714 2221 pta-

2218 2241 2344 2295 tium
2369 2251 2449 2296 est
2472 2256 2570 2297 nos
2593 2257 2805 2297 causam
2837 2243 3043 2301 dicere.
3086 2244 3158 2298 ob
3204 2258 3355 2312 quam
3393 2242 3559 2297 beatus
3597 2242 3715 2297 Isaias

2214 2331 2351 2388 hanc
2386 2334 2861 2390 sanctiticationem
2920 2334 3029 2389 Deo
3076 2333 3325 2389 emissam
3363 2332 3558 2388 audivit.
3597 2332 3714 2389 Isaias

2212 2432 2328 2479 erat
2352 2423 2431 2478 vir
2451 2423 2727 2490 mirabilis,
2754 2425 2869 2479 zelo
2892 2425 3103 2494 plenus,
3137 2425 3220 2478 vir
3246 2423 3429 2485 audax,
3457 2423 3601 2476 audax
3640 2437 3713 2475 non

2214 2519 2558 2588 procacitate,
2583 2517 2678 2573 sed
2708 2518 2844 2573 zelo.
2866 2516 2955 2571 llis
2989 2515 3315 2586 temporibus
3351 2515 3439 2569 fuit
3476 2530 3576 2579 rex,
3600 2513 3713 2569 Ozias

2217 2608 2434 2664 nomine
2467 2625 2480 2662 :
2509 2609 2553 2662 is
2579 2624 2699 2663 cum
2724 2607 2868 2679 regia
2897 2608 3198 2677 majestate,
3222 2606 3551 2663 sacerdotium
3597 2607 3714 2659 eti-itu

2212 2697 2463 2753 invadere
2510 2699 2749 2754 tentavit.
2798 2697 3114 2753 Sacerdotes
3158 2696 3282 2768 quid
3309 2697 3422 2751 inde
3466 2704 3714 2766 sequeretur

2210 2798 2505 2854 noverant;
2536 2788 2645 2860 regi
2675 2798 2849 2844 tamen
2884 2788 3170 2858 plurimum
3204 2787 3441 2843 reluctari
3472 2788 3713 2847 noluerunt;

2209 2881 2516 2952 dignitatem
2554 2883 2794 2949 reveriti,
2823 2882 3014 2937 solium
3043 2880 3255 2935 honore
3298 2877 3577 2950 prosequati
3605 2886 3712 2938 sunt,

2209 2974 2475 3029 exercitus
2497 2975 2805 3029 timuerunt.
2832 2972 2949 3042 Ipse
2975 2986 3189 3043 quoque
3233 2971 3391 3026 Isaias
3436 2968 3594 3033 tacuit,
3637 2981 3713 3020 non

2209 3065 2414 3121 obstitit
2463 3066 2592 3136 regi.
2625 3064 2693 3120 Ut
2718 3063 2846 3119 vidit
2886 3063 3026 3119 Deus
3055 3063 3363 3118 sacerdotes
3389 3059 3711 3116 formidolosae.

2209 3167 2484 3214 nutantem
2539 3156 2874 3228 prophetam,
2929 3171 3114 3226 regem
3164 3154 3411 3210 audacter
3444 3164 3709 3223 aggressum.

2210 3248 2430 3303 immisit
2448 3248 2495 3304 ei
2526 3248 2729 3325 lepram
2752 3247 2804 3300 in
2834 3245 3058 3310 vultum,
3091 3254 3277 3315 utpote
3307 3243 3393 3314 qui
3422 3252 3582 3297 sancta
3599 3238 3717 3292 auia-

2207 3354 2335 3410 gere
2358 3354 2519 3395 ausus
2542 3349 2683 3393 esset
2709 3345 2909 3406 :‘atque
2938 3335 3194 3403 expulsus
3219 3335 3425 3390 demum
3445 3330 3526 3388 ille
3550 3339 3712 3414 estnon

2210 3430 2371 3486 modo
2398 3445 2427 3484 a
2478 3428 2802 3493 sacerdotio,
2825 3426 2918 3482 sed
2948 3427 3108 3482 etiam
3139 3441 3168 3480 a
3210 3441 3391 3497 regno,
3435 3434 3484 3480 et
3530 3423 3716 3491 leprosus

2211 3521 2424 3577 mansit.
2450 3522 2588 3576 Deus
2605 3535 2762 3591 porro
2778 3519 2917 3590 quod
2937 3533 3091 3574 suum
3123 3527 3242 3574 erat
3265 3506 3514 3589 perstitit,
3534 3514 3719 3583 indigna-

2212 3626 2294 3670 tus
2322 3623 2497 3670 autem
2525 3622 2607 3669 est
2636 3614 2686 3667 in
2715 3612 3037 3675 sacerdotes,
3069 3612 3404 3680 maximeque
3449 3611 3495 3663 in
3542 3605 3719 3677 prophe-

2177 3762 2185 3768 ,
2212 3716 2339 3772 tam,
2361 3705 2500 3775 quod
2533 3718 2766 3773 praesens
2792 3717 2912 3758 cum
2963 3712 3129 3768 esset,
3168 3703 3414 3773 pietatem
3444 3690 3727 3770 prodidisset;

2212 3798 2351 3853 Deus
2369 3798 2546 3867 itaque
2579 3803 2702 3866 erga
2729 3793 3041 3866 prophetam
3078 3794 3351 3849 silentium
3376 3791 3624 3851 servabat;
3648 3800 3719 3839 nec

2211 3891 2370 3948 verba
2394 3907 2513 3946 cum
2542 3904 2608 3945 co
2648 3888 2797 3955 fecit,
2846 3888 3019 3944 donec
3068 3888 3283 3959 iniquus
3326 3887 3411 3943 ille
3460 3890 3717 3941 moreretur.

2209 3981 2342 4038 Cum
2373 3991 2551 4036 autem
2575 3980 2793 4036 obiisset
2816 3980 3011 4051 impius
3031 3979 3141 4046 ille,
3175 3989 3285 4034 tum
3315 3980 3447 4035 Deus
3473 3976 3617 4046 posita
3659 3972 3718 4023 in-

2210 4075 2532 4147 dignatione,
2556 4075 2825 4144 propheta:
2846 4072 3179 4127 conciliatur.
3195 4072 3286 4127 Ait
3306 4072 3473 4141 itaque
3495 4066 3657 4123 Isaias:
3673 4058 3720 4115 Et

2212 4170 2400 4238 factum
2423 4175 2494 4220 est
2520 4167 2571 4221 in
2590 4181 2745 4231 anno,
2774 4165 2826 4219 in
2850 4180 2948 4234 quo
2977 4174 3209 4219 mortuus
3242 4173 3312 4218 est
3356 4178 3441 4216 rex
3462 4160 3609 4221 Ozias,
3645 4152 3722 4207 ridi

2211 4256 2489 4312 Dominum.
2502 4256 2751 4312 sedentem
2776 4272 2928 4326 super
2967 4256 3152 4310 solium
3177 4254 3421 4310 excelsior:
3442 4263 3487 4307 et
3532 4250 3719 4304 eleuatum

2214 4346 2379 4418 (Isai.
2408 4348 2461 4404 6.
2490 4347 2563 4418 I).
2609 4346 2717 4401 Cur
2748 4338 2875 4400 'vero
2912 4346 3049 4400 Deus
3100 4346 3350 4415 apparuit
3386 4357 3534 4411 super
3573 4338 3719 4392 solium

2211 4441 2485 4497 excelsum
2512 4450 2565 4494 et
2584 4438 2886 4494 elevatum?
2915 4439 3044 4505 Quia
3078 4437 3362 4491 invisibilis
3377 4444 3456 4490 est
3478 4434 3612 4495 Deus,
3652 4438 3718 4479 tr!

2210 4542 2387 4588 autem
2414 4531 2558 4586 visus
2581 4539 2779 4586 metum
2805 4528 3057 4594 incussit;
3083 4527 3361 4599 prephette
3389 4525 3623 4581 caelestem
3637 4516 3721 4586 glo-

2211 4625 2347 4678 riam
2366 4621 2642 4686 exhibuit;
2670 4628 2728 4675 ut
2748 4618 3054 4675 ostenderet
3100 4618 3171 4683 ei,
3205 4634 3311 4689 quo
3331 4615 3461 4671 solio
3504 4612 3718 4681 despexi".

2210 4713 2354 4786 quod
2395 4713 2584 4768 solium
2617 4711 2967 4767 honorassent
2998 4727 3010 4763 :
3043 4709 3184 4780 quod
3227 4708 3537 4768 satellitium,
3576 4709 3720 4762 nempe

2211 4809 2423 4863 caeleste
2446 4814 2501 4862 et
2516 4804 2833 4874 angelicum,
2858 4818 2962 4857 non
2984 4801 3330 4865 honorantes,
3359 4809 3520 4867 neque
3539 4789 3721 4860 cogitan-

2215 4909 2315 4979 tes,
2349 4901 2635 4953 humanum
2655 4896 2959 4953 satellitium
2981 4895 3316 4950 metuissent.
3345 4889 3411 4944 Et
3437 4897 3552 4952 erat,
3576 4883 3716 4979 inquit.

2214 4973 2392 5048 domus
2413 4992 2561 5062 plena
2584 4991 2746 5062 gloria
2766 4992 2876 5061 ejus
2902 5006 2921 5045 :
2948 5001 2992 5044 et
3014 4989 3284 5058 Serapltim
3304 4984 3493 5040 stabant
3514 4983 3559 5035 in
3578 4973 3710 5062 circui-

2215 5097 2269 5140 m
2291 5061 2650 5156 ρλυεωεάζυ.
2670 5083 2707 5137 2
2725 5080 2765 5155 ).
2787 5080 3072 5138 Cherubim
3093 5080 3309 5144 solium,
3327 5073 3581 5145 Serapbim
3599 5061 3717 5122 satel-

2217 5178 2385 5232 litium
2402 5185 2558 5232 sunt:
2578 5174 2863 5230 Cherttbim
2890 5188 3118 5241 namque
3143 5170 3273 5225 nihil
3294 5166 3432 5223 aliud
3458 5160 3711 5234 signitian

2215 5284 2370 5338 quam
2401 5265 2711 5336 sapientiam
2739 5262 2973 5335 plenam.
2999 5257 3449 5331 Quemadmodum
3475 5262 3623 5340 autem
3643 5247 3712 5340 hoc

2215 5359 2406 5415 solium
2435 5358 2549 5412 sive
2572 5353 2714 5411 aliud
2740 5353 2961 5426 quodvis
3009 5354 3240 5425 quietem
3297 5347 3488 5421 praebet
3533 5339 3709 5396 sedenti.

2286 5452 2358 5524 la)
2384 5450 2663 5511 νθιίοδηυεν
2690 5450 2904 5524 Sumus
2921 5452 3128 5524 εῐιιξςξιε
3149 5447 3326 5524 (ἶοθίξιε
3344 5446 3427 5524 Pi?

2218 5497 2718 5571 ὶιρίἱέἶυξῶᾘξῖὐᾶ
2728 5497 2913 5571 stari—9',
2928 5497 3235 5573 taurusque
3267 5497 3557 5563 Maiiiiscripti
3589 5497 3714 5573 fitfit};

2217 5554 3398 5637 ἑίἶέἶῖἑζὲιὶιῖἐῦἱιῆῖῖιίέ“ὁέξέηζς’.“ᾗὶιᾘῖεἷίὶρῖἓώ
3417 5554 3564 5617 texius
3592 5554 3652 5606 hic
3668 5554 3714 5598 ειι

2220 5639 2352 5689 nulla
2381 5637 2671 5689 auctoritate
2698 5636 2972 5687 mutandus.
