4050 6198
353 245 460 303 “3

340 364 559 451 lgain/1.1::
579 365 873 436 ἀμπέλου.
897 370 1135 443 Πρόσεχε
1165 371 1241 437 δὲ,
1268 374 1590 445 παρακαλῶ,
1617 376 1711 430 καὶ
1736 374 1928 446 ἑτέραν

350 452 561 523 χρείαν·
587 453 669 507 Τὰ
703 452 869 509 ὕδατα
900 456 1085 512 ἐπάνω
1108 458 1215 513 τῶν
1234 460 1500 533 οὐρανῶν,
1531 463 1593 516 οὐ
1623 463 1779 534 μόνον
1808 479 1930 516 συν-

349 542 511 611 τηρεῖ
539 541 631 594 τὸν
654 543 901 613 οὐρανὸν,
931 545 1068 599 ἀλλὰ
1094 546 1185 600 καὶ
1206 538 1314 620 ’τὴν
1336 548 1510 618 φλόγα
1537 549 1631 604 τοῦ
1657 551 1804 622 ήλίου
1834 553 1929 605 καὶ

350 629 449 697 τῆς
481 627 707 700 σελήνης
735 631 1085 701 καταπέμπει
1114 643 1155 688 ⁸.
1189 635 1253 689 Εἰ
1280 635 1389 706 γὰρ
1412 631 1480 708 ἦν
1499 636 1762 710 διαφανὴς
1782 640 1812 691 6
1838 639 1929 693 οὐ-

353 713 532 784 ρανὸς,
564 715 659 785 ὅλη
689 718 723 787 ή
752 717 896 790 αὐγὴ
924 720 1035 774 ἄνω
1061 719 1269 793 ἔτρεχε·
1289 723 1350 777 τὸ
1374 723 1483 795 γάρ
1514 724 1628 798 πῦρ
1647 727 1926 800 ἀνωφερὲς

347 800 432 862 δν,
466 801 671 875 ἔρημον
719 803 818 877 τὴν
861 806 964 878 γῆν
1008 809 1397 880 κατελίμπανε.
1449 810 1548 864 Διά
1587 810 1745 866 τοῦτο
1797 813 1926 882 γοῦν

349 891 573 963 ἐπίλησε
604 892 695 947 τὸν
726 896 950 967 οὐρανὸν
973 898 1179 955 ἀνωθεν
1223 901 1469 973 ἀπείροις
1517 901 1727 967 ὐδασιν,
1758 904 1845 957 ἵνα
1890 904 1921 975 ή

350 980 493 1053 αὐγὴ
514 984 844 1056 στενουμένη
877 987 1027 1042 κάτω
1057 986 1361 1061 πέμπηται.
1398 992 1539 1062 Ὅρα
1562 991 1655 1046 τοῦ
1681 992 1922 1062 τεχνίτου

348 1068 447 1138 τὴν
475 1069 685 1140 σοφίαν.
712 1073 896 1144 Ἔχεις
927 1075 983 1129 66
1010 1076 1107 1130 καὶ
1130 1079 1189 1130 ἐν
1222 1066 1402 1150 ἐαυτῷ
1426 1078 1522 1132 τοῦ
1548 1078 1791 1150 τεχνίτου
1824 1081 1923 1151 τῆς

350 1155 538 1224 σοφίας
576 1156 674 1228 τὴν
710 1160 912 1216 εἰκόνα·
946 1162 1200 1233 ἐποίησεν
1228 1166 1256 1218 6
1281 1164 1412 1230 Θεὸς
1443 1164 1594 1238 [450]
1626 1167 1718 1220 καὶ
1746 1168 1804 1221 ἐν
1838 1170 1922 1221 σοὶ

346 1241 456 1297 τῶν
488 1245 766 1318 τεσσάρων
808 1249 1087 1319 στοιχείων
1128 1252 1226 1323 τὴν
1270 1247 1473 1307 εἰκόνα.
1514 1254 1625 1307 Καὶ
1661 1255 1917 1325 πρόσεχε,

347 1330 663 1401 παρακαλῶ·
685 1332 873 1405 νόησόν
904 1353 994 1408 μοι
1017 1336 1114 1410 τὴν
1142 1336 1379 1412 κεφαλὴν
1407 1340 1611 1412 ταύτην
1637 1341 1728 1395 τὸν
1757 1342 1921 1413 οὐρα-

345 1416 435 1470 νὸν
460 1418 552 1472 τὸν
580 1420 712 1484 ἀνω,
745 1421 813 1476 :6
844 1423 1029 1478 ἐπάνω
1066 1425 1166 1497 τῆς
1194 1426 1464 1498 γλώσσης,
1509 1428 1599 1483 τὸν
1628 1428 1786 1484 ἀλλον
1828 1430 1918 1483 οὐ-

349 1503 526 1574 ρανὸν,
575 1508 820 1563 τουτέστι
858 1510 919 1563 τὸ
945 1511 1262 1585 στερέωμα·
1305 1514 1429 1570 ὅθεν
1466 1517 1561 1570 καὶ
1595 1517 1917 1588 οὐρανίσκος

346 1595 606 1647 καλεῖται.
641 1596 788 1649 Ἀνω
828 1598 886 1651 ἐν
912 1602 1026 1663 τοῖς
1060 1600 1312 1672 ἀοράτοις
1340 1603 1641 1673 ἐγκέφαλος
1674 1605 1749 1676 μὴ
1788 1622 1915 1676 φαι-

343 1680 583 1751 νόμενος,
618 1684 676 1735 ἐν
702 1683 780 1755 τῷ
802 1686 952 1740 κάτω
979 1687 1198 1756 γλῶσσα
1231 1691 1551 1764 φαινομένη.
1586 1692 1793 1767 Ὠσπερ
1821 1691 1915 1749 οὖν

340 1769 370 1822 6
401 1770 627 1841 οὐρανὸς
653 1772 682 1824 6
713 1772 825 1827 ἀνω
853 1774 910 1827 ἐν
930 1777 1041 1839 τοῖς
1069 1777 1342 1849 ἀοράτοις,
1373 1783 1401 1834 6
1423 1780 1480 1834 66
1502 1781 1702 1854 κόσμος
1723 1784 1783 1836 ἐν
1802 1785 1915 1848 τοῖς

341 1854 708 1926 λαλουμένοις·
743 1858 837 1911 καί
877 1859 1065 1934 ῶσπερ
1101 1865 1160 1917 ἐν
1195 1867 1309 1929 τοῖς
1333 1868 1614 1938 στοιχείοις
1643 1869 1915 1941 εὑρίσκεις

339 1942 439 2011 τὴν
474 1941 574 2011 μὲν
600 1945 703 2029 γῆν
741 1944 984 2015 βαρεῖαν,
1004 1949 1066 2002 τὸ
1094 1950 1151 2004 δὲ
1172 1949 1317 2024 ὕδωρ
1345 1952 1446 2023 τῆς
1475 1957 1571 2025 μὲν
1593 1957 1696 2029 γῆς
1718 1960 1915 2029 κουφό·

339 2044 519 2117 τερον,
549 2028 642 2083 τοῦ
675 2029 731 2083 δὲ
769 2033 938 2101 πυρὸς
969 2034 1285 2109 βαρύτερον·
1322 2039 1482 2095 πάλιν
1517 2042 1609 2096 τὸν
1636 2028 1776 2117 ἀέρα
1804 2028 1913 2100 τῶν

342 2115 547 2170 ὑδάτων
590 2118 932 2191 κουφότερον,
981 2122 1074 2176 τοῦ
1110 2123 1167 2178 δὲ
1202 2127 1371 2199 πυρὸς
1407 2115 1724 2204 βαρύτερον·
1768 2132 1911 2188 οὔτω

338 2204 435 2257 καὶ
488 2206 548 2258 ἐν
592 2207 722 2277 ἡμῖν
751 2209 807 2260 αἱ
841 2208 1139 2282 αίσθήσεις,
1172 2213 1380 2282 γεῦσις,
1418 2216 1704 2290 ὄσφρησις,
1750 2222 1907 2293 ἀκοὴ,

336 2290 480 2359 ιψις,
527 2294 619 2347 καί
663 2295 723 2347 οὐ
753 2298 921 2351 πᾶσαι
971 2298 1104 2352 ῐσαι.
1133 2301 1279 2356 Λάϐε
1315 2301 1414 2375 τὴν
1442 2305 1735 2374 ἀπόδειξιν·
1784 2290 1910 2364 Ἐὰν

335 2376 498 2450 θέλῃς
520 2380 665 2445 τινὸς
683 2380 1000 2451 γεύσασθαι,
1032 2385 1127 2440 ἐὰν
1149 2386 1224 2460 μὴ
1251 2389 1550 2466 πλησιάζῃς
1573 2397 1637 2465 τῇ
1665 2394 1906 2471 γλώσσῃ,

332 2464 428 2519 τοῦ
473 2468 769 2558 γενομένου
816 2473 878 2526 οὐ
920 2473 1215 2545 λαμϐάνεις
1251 2464 1523 2551 αἴσθησιῶ
1553 2464 1758 2555 Πάκεῖα

333 2556 470 2643 εστι,
492 2557 586 2610 κα)⁵
606 2559 667 2611 οὐ
693 2559 915 2615 δύναται
940 2564 1219 2636 πόρρωθεν
1239 2563 1371 2623 οὖσα
1392 2556 1904 2643 ἀντιλαμϐάνεσθαι.

344 2640 405 2733 ξιι
434 2641 698 2733 ὄσφρησις
723 2646 779 2700 δὲ
815 2651 1088 2722 μακρόθεν
1112 2640 1742 2726 ἀντιλαμϐάνεται·ὀῖον,
1775 2679 1909 2733 παρ-

517 2730 583 2785 δι⁹
616 2733 814 2798 οἰκίας,
859 2737 1124 2812 όσφραίνῃ
1166 2739 1530 2816 θυμιάματος,
1567 2746 1596 2800 6
1640 2746 1715 2820 μὴ
1752 2727 1902 2820 δρᾷς.

335 2816 502 2909 ἰῖἑιλιᾼν
533 2820 567 2891 ἡ
599 2820 721 2909 δψις
751 2822 855 2892 τῆς
878 2824 1192 2898 ὀσφρήσεως
1221 2824 1514 2905 ταχυτέρα·
1565 2816 1761 2909 βλέπει,
1783 2816 1905 2909 γὰρ

335 2905 439 2996 67:6
454 2905 620 2996 6960;
651 2907 825 2981 πλάτη
856 2912 1087 2982 μεγάλα.
1121 2913 1231 2988 Τῆς
1263 2918 1438 2986 ὅψεως
1470 2921 1632 2975 πάλιν
1656 2905 1906 2996 ὀξύτερος

336 2991 531 3083 ό-νοῦς·
561 2995 733 3049 ἐννοεί
757 2997 1002 3070 οὐρανὸν,
1028 3001 1152 3073 γῆν,
1175 3003 1467 3071 θάλασσαν,
1498 3008 1590 3062 καὶ
1613 3010 1787 3083 πάντη
1813 2991 1905 3065 εὐ-

336 3079 601 3150 ρίσκεται.

401 3168 500 3224 Διά
540 3170 697 3226 τοῦτο
735 3175 830 3227 καὶ
863 3174 1025 3229 εἰκὼν
1057 3177 1193 3232 Θεοῦ
1231 3181 1260 3234 6
1289 3180 1434 3246 νοῦς.
1476 3184 1674 3238 Ἐννοεϊ
1699 3187 1729 3239 6
1757 3187 1900 3251 νοῦς,

332 3256 425 3309 καὶ
455 3257 655 3324 εὐθέως
683 3261 855 3328 κτίζει
886 3266 1013 3334 παρ’
1047 3265 1227 3338 ἐαυτῷ
1259 3269 1484 3341 ἀγορὰς,
1519 3272 1905 3346 ἀναζωγραφεῖ

331 3345 505 3417 ὄχλον,
546 3348 733 3421 δῆμον.
783 3353 1109 3409 Λίδεσθῶσιν
1154 3358 1441 3428 αίρετικοί.
1491 3361 1634 3426 Νοῦς
1679 3345 1902 3418 τοιαῦτα

329 3435 637 3505 ἐργάζεται,
669 3440 764 3493 καὶ
796 3440 825 3492 6
855 3440 947 3494 τοῦ
987 3441 1078 3495 νοῦ
1116 3444 1386 3517 τεχνίτης,
1416 3449 1445 3502 6
1479 3449 1658 3520 πάσης
1692 3450 1901 3522 όσφρή..

330 3539 471 3585 σεως
501 3522 769 3592 ὀξύτερος.
799 3526 861 3578 οὐ
893 3529 1197 3600 ταχυτέραν
1232 3532 1345 3602 ἔχει
1376 3524 1475 3606 ’ίὴν
1506 3537 1803 3606 ἐνέργειαν,
1837 3539 1900 3592 οὐ

332 3608 603 3695 σύντομον
620 3609 718 3679 τὴν
742 3610 1118 3684 δημιουργίαν,
1148 3617 1247 3670 οὐκ
1279 3619 1658 3690 ἀκατάληπτον
1676 3623 1773 3695 τὴν
1800 3622 1901 3694 φύ-

332 3709 456 3758 σιν;
488 3693 755 3766 Βούλομαι
779 3696 855 3763 δὲ,
890 3699 1125 3770 ἀδελφοὶ,
1154 3705 1329 3757 εἰπεῖν
1371 3707 1446 3768 εἰς
1480 3707 1624 3777 ὑμᾶς
1654 3693 1900 3776 τὸήξένον

332 3780 453 3850 μὲν,
496 3780 619 3834 ὅσον
651 3783 730 3846 εἰς
770 3783 1042 3847 ἀσέϐειαν,
1089 3787 1382 3860 σύντροφον
1418 3791 1474 3845 δὲ
1510 3794 1608 3865 τῆς
1640 3795 1898 3863 πίστεως,

327 3870 452 3923 ὅσον
479 3869 561 3934 εἰς
580 3870 845 3938 ἐξέτασιν,
875 3874 961 3928 ἵνα
988 3874 1197 3946 μάθητε
1224 3878 1363 3931 πόσα
1395 3888 1706 3954 καινοτομεῖ
1734 3887 1763 3938 6
1788 3886 1901 3940 διά-

328 3956 502 4021 ϐολος,
527 3958 669 4012 πόσα
688 3959 950 4031 εὑρίσκει,
980 3962 1123 4018 πόσα
1143 3963 1430 4019 ὑποϐάλλει
1451 3970 1562 4032 τοῖς
1585 3973 1897 4041 αἱρετικοῖς,

330 4044 529 4115 μᾶλλον
546 4042 601 4099 δὲ
622 4046 816 4118 ἐκείνῳ
846 4049 896 4101 οί
922 4049 1206 4122 αἰρετικοί·
1230 4052 1478 4126 Σήμερόν
1504 4072 1587 4119 τις
1614 4057 1706 4110 ἐπὶ
1732 4058 1901 4127 ἁγίων

327 4133 540 4219 ἀνδρῶν
586 4137 679 4189 καὶ
727 4136 988 4209 Πατέρων
1032 4139 1204 4195 ἐλθὼν
1256 4141 1393 4212 πρὸς
1441 4145 1584 4215 ἡμᾶς
1630 4146 1903 4219 αἰρετικδς

326 4218 518 4290 ἔλεγε(
537 4221 677 4291 λέγω
702 4223 760 4278 δὲ
790 4224 878 4279 ἵνα
902 4227 1111 4297 μήποτε
1139 4230 1168 4282 6
1202 4227 1358 4298 λόγος
1386 4229 1559 4296 ἄλλως
1592 4232 1899 4299 ἀκουσθείς,

210 4317 251 4338 ’³
325 4308 502 4373 ἄλλως
531 4310 756 4384 πλήξῃ)·
790 4312 977 4386 Πατὴρ
1006 4315 1133 4388 γὰρ,
1167 4317 1320 4389 φησὶ,
1355 4318 1451 4372 καὶ
1486 4318 1723 4383 Υἱὸςκαί
1746 4320 1902 4389 ἀγιον

328 4397 551 4468 Πνεῦμα
599 4401 699 4471 μία
749 4400 961 4473 θεότης,
1027 4405 1126 4474 μία
1172 4404 1419 4476 δύναμις,
1479 4407 1580 4478 μία
1629 4407 1897 4478 βασιλεία.

324 4488 417 4541 Δεῖ
435 4484 511 4545 66.
546 4489 728 4558 φησὶν,
751 4488 1092 4561 ἐξαιρεθῆναι
1120 4491 1228 4547 ἀπὸ
1254 4493 1354 4565 τῆς
1379 4493 1557 4566 ψυχῆς
1579 4495 1740 4550 αὐτοῦ
1759 4496 1787 4538 δ
1817 4497 1898 4568 (οὐ

326 4573 434 4642 γὰρ
461 4572 604 4642 λέγω
633 4574 742 4628 ἀπὸ
769 4575 864 4628 τοῦ
897 4576 1326 4652 θυσιαστηρίου),
1353 4580 1416 4634 :6
1444 4581 1620 4652 λέγειν
1655 4585 1713 4638 ἐν
1743 4584 1902 4649 ἀγια-

327 4659 472 4732 σμῷ·
517 4662 727 4733 Ἄγιος,
777 4663 963 4733 ἅγιος,
1010 4664 1176 4735 ἅγιος
1216 4668 1430 4736 Κύριος
1472 4670 1733 4727 Σαϐαὼθ.
1774 4673 1900 4727 Ἐάν

326 4748 501 4812 τοῦτο,
536 4750 691 4821 φησὶ,
723 4750 796 4822 μὴ
824 4751 1130 4823 περιέλητε,
1157 4756 1472 4825 Χριστιανοὶ
1501 4759 1600 4813 οὐκ
1627 4761 1771 4816 ἐστέ.
1806 4758 1899 4816 Εἷ-

324 4836 412 4898 δες
432 4835 700 4908 τοσαύτην
721 4838 923 4909 τόλμαν
956 4843 1048 4892 καὶ
1083 4843 1280 4911 μανίαν
1311 4845 1402 4898 τοῦ
1438 4845 1681 4902 διαϐόλου
1707 4867 1722 4915 ;
1757 4845 1897 4915 εἶδες

329 4926 482 4997 ῥίζαν
551 4925 884 4999 θεομαχίαςς
938 4924 1076 4994 εἶδες
1143 4931 1448 5006 ὑπερϐολὴν
1512 4936 1894 5011 βλασφημίας;

340 5013 756 5084 Ἀποκεφαλίσαι
800 5016 1032 5089 ἠθέλησε
1079 5017 1178 5091 τὴν
1229 5021 1526 5084 εὐσέϐειαν.
1565 5026 1895 5097 ἐκνευρῶσαι

325 5102 384 5153 τ’)
441 5105 758 5176 μυστήριον,
807 5105 1068 5175 ἀφανίσαι
1113 5107 1211 5180 τὴν
1246 5108 1450 5174 πίστιν,
1492 5114 1788 5183 ἐκριζῶσαι
1827 5118 1897 5170 τά

325 5187 740 5258 θεμελιωθέντα.
778 5194 888 5249 Καὶ
911 5194 1011 5263 ὅρα
1034 5195 1095 5248 τὸ
1121 5196 1291 5250 δεινὸν
1319 5197 1414 5251 τοῦ
1439 5197 1700 5253 διαϐόλου·
1729 5202 1897 5274 Προσ·

326 5274 525 5348 έπηξεν
552 5276 701 5349 αὐτῷ
726 5281 916 5334 εἰπεῖν·
948 5282 1137 5355 Πατὴρ
1167 5285 1259 5338 καὶ
1282 5284 1406 5348 Υἱὸς
1432 5286 1525 5340 καὶ
1548 5288 1700 5355 ἅγιον
1723 5289 1896 5343 Πνεῦ-

384 5545 410 5573 ⁸
438 5543 637 5594 Cosmas
667 5546 800 5594 κάτω
842 5546 1033 5600 πέμπει.
1062 5544 1190 5596 Infra
1220 5545 1352 5599 idem
1396 5550 1473 5600 διὰ
1496 5550 1640 5601 τοῦτο
1665 5552 1744 5602 οὖν
1786 5572 1896 5604 συν-

324 5605 540 5662 επίλησε.

382 5666 412 5710 ιο
432 5670 544 5717 Sav.
568 5669 797 5733 conjinb
821 5676 902 5729 τῆς
928 5669 1067 5733 εὐχῆς
1086 5670 1249 5722 αὐτοῦ.

1356 255 1448 310 DE
1484 228 1704 315 Mt'JNm
1735 254 2130 314 οιιεΑτιοΝΕ
2154 259 2417 321 ORATIO
2455 265 2519 322 ιι.

3500 275 3605 334 μδ

2035 392 2135 466 μα,
2161 378 2258 449 μία
2284 380 2487 447 πίστις,
2524 383 2622 454 μία
2646 383 2892 456 δύναμις,
2928 385 3028 457 μία
3056 386 3317 459 βασιλεία.
3344 391 3602 466 Ἐκέρασε

2029 464 2090 516 τὸ
2117 465 2444 539 δηλητήριον
2476 470 2671 542 μέλιτι.
2705 472 2818 525 Ἀεὶ
2845 473 2956 544 γάρ
2976 473 3039 555 τὸ
3068 475 3284 545 ψεῦδος,
3318 478 3444 534 ὅταν
3472 464 3600 555 θέλῃ

2030 554 2406 627 πιστευθῆναι,
2442 557 2538 612 ἐάν
2575 559 2647 630 μὴ
2875 546 3121 633 θεμέλιον
3157 564 3419 636 δοκούσης
3465 546 3599 641 ἀληῖ

2003 640 2202 706 -θείας,
2255 643 2316 695 οὐ
2369 646 2702 700 πιστεύεται·
2751 650 2845 702 καὶ
2889 649 3057 716 ὅπως,
3086 652 3271 706 ἄκουε·
3307 654 3458 712 οὐδὲν
3504 640 3602 727 μέν

2026 729 2232 798 ὅμοιον,
2253 730 2395 799 λέγω
2415 731 2494 786 δέ·
2529 733 2697 788 Ῥαὰϐ
2722 737 2755 807 ἡ
2778 736 2949 808 πόρνη
2966 738 3054 791 ὅτε
3070 738 3285 803 ἐδέξατο
3298 741 3424 805 τοὺς
3443 760 3604 796 κατα-

2030 818 2280 884 σκόπους,
2320 822 2599 893 ἠρωτήθη·
2629 823 2775 897 [451]
2799 827 3103 895 Είονῆλθον
3128 828 3279 897 πρὸς
3307 829 3382 884 σὲ
3410 833 3465 885 οι
3496 831 3602 886 ἄν·

2025 904 2163 974 δρες
2174 924 2196 972 ;
2221 909 2404 976 Λέγει,
2429 911 2563 965 Ναί·
2587 912 2647 965 τὸ
2669 913 2884 983 πρῶτον
2899 915 3114 986 ἀληθές·
3142 917 3295 972 Ἀλλ’
3314 916 3597 988 ἐξῆλθον,

2026 994 2195 1064 φησί·
2229 995 2291 1049 τὸ
2318 996 2568 1070 δεύτερον
2601 998 2813 1069 ψεῦδος.
2856 1004 2918 1056 Εἰ
2969 1000 3144 1070 εἶπεν,
3196 1005 3310 1058 Οὐκ
3353 1004 3596 1077 ἐξῆλθον,
3627 1005 3630 1008 ’

2025 1078 2293 1151 ὴρευνᾶτο
2321 1086 2353 1154 ἡ
2395 1085 2561 1140 οἰκία.
2597 1082 2732 1140 Εἴπε
2765 1089 2826 1142 τὸ
2855 1089 3072 1162 ἀληθὲς,
3102 1093 3189 1146 ἵνα
3216 1092 3470 1167 ἐντρέψῃ·
3501 1094 3600 1148 ὲπ-

2025 1168 2197 1237 ήγαγε
2250 1169 2311 1223 τὸ
2353 1170 2567 1241 ψεῦδος,
2613 1174 2702 1227 ἵνα
2740 1175 3016 1251 ἀπατήσῃ.
3075 1178 3233 1233 Οὕτω
3276 1182 3369 1235 καὶ
3422 1176 3596 1247 οὗτος·

2022 1252 2350 1324 ἐρωτώντων
2376 1259 2554 1329 ήμῶν,
2585 1262 2738 1314 Διατί
2759 1261 3027 1335 ἐξέλωμεν
3051 1266 3144 1319 τὸν
3165 1268 3466 1339 ἀγιασμόν;
3510 1269 3597 1323 λέ-

2020 1353 2217 1429 γετεᾲο,
2258 1345 2473 1413 Κύριος
2504 1343 2774 1403 Σαϐαὼθ·
2801 1349 2915 1404 ἀλλ’
2944 1352 3043 1405 οὐκ
3086 1351 3202 1406 ἔστι
3235 1354 3369 1408 Θεοῦ
3402 1356 3593 1429 ὄνομα,

2019 1426 2120 1480 οὐκ
2142 1427 2291 1483 ἐστιν
2320 1429 2444 1485 οὐτε
2468 1433 2562 1487 τοῦ
2590 1436 2846 1504 Χριστοῦ,
2886 1437 3008 1492 οὔτε
3041 1439 3135 1494 τοῦ
3178 1442 3410 1514 Πατρός.
3442 1426 3596 1511 Εἶδες

2018 1513 2079 1565 τὸ
2126 1513 2543 1589 ἐξουθενημένον
2588 1523 2681 1574 καὶ
2730 1524 2924 1594 μιαρὸν
2976 1526 3185 1597 στόμα;
3234 1529 3496 1601 Ἠγνόησε
3535 1532 3592 1586 δὲ

2018 1601 2125 1654 ἀπὸ
2158 1601 2446 1673 ίδιωτείας,
2475 1606 2557 1660 6::
2589 1607 2652 1660 :6
2678 1609 2904 1664 Σαϐαὼθ
2934 1612 3034 1666 οὐκ
3065 1614 3209 1669 ἐστιν
3236 1615 3405 1687 όνομα
3433 1618 3590 1685 Θεοῦ,

2016 1688 2130 1742 ἀλλ’
2176 1689 2344 1761 ὄνομα
2392 1694 2679 1765 στρατιῶν·
2731 1698 2998 1765 τουτέστι,
3045 1701 3250 1773 Κύριος
3294 1703 3401 1757 τῶν
3434 1704 3591 1761 δυνά-

2019 1794 2182 1847 μεων.
2215 1777 2374 1847 Λέγω
2408 1780 2464 1834 δὲ
2492 1780 2585 1835 καὶ
2616 1781 2716 1854 τὴν
2742 1784 2942 1837 αἰτίαν·
2971 1785 3109 1840 ἀλλά
3135 1788 3240 1857 πρὸ
3275 1789 3370 1843 τοῦ
3404 1791 3590 1856 τέλους

2015 1863 2437 1936 εὐαγγελίζομαι
2474 1867 2640 1938 ὑμᾶς·
2674 1872 2986 1943 μετενόησε,
3019 1875 3376 1945 προσέπεσεν,
3405 1878 3592 1932 ἀνεθε-

2018 1951 2264 2023 μάτισεν,
2298 1952 2521 2025 ηὐξατο,
2550 1956 2763 2029 ἐδέχθη.

2082 2045 2145 2091 ε’.
2174 2040 2412 2111 Πρόσεχε
2433 2042 2630 2096 τοίνυν·
2657 2044 2845 2117 ἐπειδὴ
2871 2047 3242 2119 παρενέττεσεν
3260 2047 3289 2100 6
3305 2048 3483 2119 λόγος,
3508 2051 3589 2106 δεῖ

2012 2129 2159 2205 ήμᾷς
2179 2131 2270 2182 καὶ
2288 2132 2388 2200 τὴν
2409 2132 2585 2187 αἰτίαν
2601 2136 2775 2188 εἰπεῖν
2796 2135 2920 2190 καθ’
2933 2136 3000 2208 ἥν
3021 2140 3050 2192 6
3071 2139 3339 2212 μακάριος
3363 2141 3587 2208 Ἡσαΐας

2010 2215 2102 2268 τὸν
2129 2216 2397 2289 ἀγιασμὸν
2422 2219 2610 2274 τοῦτον
2639 2222 2838 2294 ήκουσε
2868 2222 2945 2295 τῷ
2972 2224 3093 2296 Θεῷ
3113 2226 3587 2300 ἀναπεμπόμενον·

2021 2301 2251 2368 Ἡσαΐας
2277 2305 2494 2375 ἐγένετο
2519 2308 2658 2380 ἀνὴρ
2678 2308 3010 2379 θαυμαστὸς,
3042 2311 3203 2384 ζήλου
3232 2314 3589 2387 πεπληρωμέ-

2009 2409 2119 2457 νος,
2154 2392 2290 2464 ἀνὴρ
2325 2392 2613 2464 τολμηρὸς,
2643 2394 2912 2468 τολμηρὸς
2944 2397 3000 2452 δὲ
3030 2400 3129 2453 οὐκ
3166 2401 3273 2455 ἀπὸ
3314 2402 3587 2475 θρασύτη-

2007 2497 2121 2543 τος,
2149 2480 2265 2533 ἀλλ’
2291 2480 2398 2534 ἀπὸ
2424 2480 2606 2552 ζήλου.
2638 2482 2794 2537 Κατά
2816 2485 2941 2548 τοὺς
2973 2486 3197 2557 χρόνους
3217 2488 3436 2554 τούτους
3465 2491 3586 2559 ἐγέ-

2008 2583 2130 2620 νετο
2154 2565 2403 2638 βασιλεὺς
2431 2567 2612 2633 Ὀζίας
2646 2568 2893 2641 ὀνόματι·
2919 2571 2977 2636 ὃς
3002 2575 3140 2643 μετά
3166 2574 3268 2646 τῆς
3298 2576 3464 2647 ἄλλης
3485 2577 3587 2649 τῆς

2010 2654 2293 2726 βασιλικῆς
2320 2656 2477 2729 δόξης
2519 2655 2753 2729 ἠθέλησε
2784 2660 2879 2713 καί
2909 2661 3207 2733 ἱερωσύνην
3240 2664 3580 2720 ἐνδύσασθαι.

2008 2743 2073 2795 υἱ
2107 2744 2274 2815 ἱερεῖς
2304 2744 2401 2814 μὲν
2430 2743 2529 2815 τὴν
2556 2744 2874 2800 ἀκολουθίαν
2907 2747 3123 2819 ᾔδεσαν·
3156 2748 3369 2819 βασιλεῖ
3404 2751 3460 2805 66
3488 2753 3583 2806 ἐπὶ

2006 2829 2257 2884 πλεῖστον
2282 2831 2556 2885 ἀντειπεῖν
2579 2831 2678 2885 οὐκ
2697 2831 2984 2904 ἠθέλησαν·
3013 2834 3317 2908 ᾐδέσθησαν
3340 2837 3401 2891 :6
3420 2838 3583 2904 ἀξίω-

2009 2934 2104 2988 μα,
2130 2917 2393 2990 ἐτίμησαν
2423 2917 2514 2971 τὸν
2544 2917 2750 2990 θρόνον,
2780 2919 3206 2993 ἐδυσωπήθησαν
3228 2925 3299 2977 τά
3322 2925 3582 2996 στρατεύ-

2008 3023 2174 3078 ματα.
2207 3006 2433 3071 Ἡσαΐας
2458 3007 2553 3061 καὶ
2575 3008 2736 3072 αὐτὸς
2767 3008 3092 3081 ἐσιώπησεν,
3114 3012 3214 3066 οὐκ
3244 3013 3582 3084 ἀντέστητῷ

2007 3094 2236 3165 βασιλεῖ.
2278 3094 2365 3158 Ὠς
2400 3089 2537 3148 εἶδεν
2564 3096 2592 3148 6
2618 3095 2749 3159 Θεὸς
2773 3096 2899 3159 τοὺς
2925 3098 3089 3169 ἱερεῖς
3115 3098 3467 3170 φοϐηθέντας,
3488 3099 3582 3155 τὸν

2004 3182 2291 3254 προφήτην
2322 3181 2657 3248 όκλάσαντα,
2696 3185 2791 3238 καὶ
2820 3182 2910 3236 τὸν
2951 3184 3173 3254 βασιλέα
3214 3186 3578 3258 τολμήσαντα,

2004 3269 2265 3323 ἐπέϐαλεν
2306 3268 2453 3341 αὐτῷ
2484 3268 2692 3342 λέπραν
2735 3272 2794 3324 ἐν
2834 3270 2913 3343 τῷ
2942 3272 3236 3344 προσώπῳ,
3275 3275 3350 3338 ὡς
3374 3276 3576 3347 τολμή-

2006 3374 2158 3411 σαντι
2200 3355 2439 3427 ἅψασθαι
2476 3356 2585 3410 τῶν
2622 3358 2815 3426 ἀγίων·
2860 3357 2956 3411 καὶ
2993 3358 3252 3431 ἐξεϐλήθη
3289 3360 3473 3415 λοιπὸν
3514 3363 3575 3416 οὐ

2007 3444 2165 3517 μόνον
2206 3444 2307 3515 τῆς
2345 3443 2664 3517 ἱερωσύνης,
2700 3445 2836 3500 ἀλλά
2873 3445 2966 3499 καὶ
3003 3445 3117 3521 τῆς
3149 3445 3443 3516 βασιλείας,
3481 3450 3578 3503 καὶ

2001 3532 2215 3603 διέμενε
2257 3530 2472 3602 λεπρός.
2522 3530 2578 3585 '0
2631 3533 2688 3586 δὲ
2744 3533 2877 3596 Θεὸς
2921 3530 3144 3602 ἐποίησε
3185 3535 3284 3605 μὲν
3321 3536 3384 3590 :6
3422 3536 3575 3601 ῐδιον,

2002 3620 2296 3688 ἠγανάκτει
2324 3619 2380 3673 66
2401 3627 2514 3687 τοῖς
2544 3622 2767 3692 ἱερεῦσι,
2802 3622 2898 3677 καὶ
2933 3625 3166 3695 μάλιστα
3193 3624 3271 3696 τῷ
3297 3626 3572 3699 προφήτῃ,

2000 3705 2081 3759 6::
2110 3706 2301 3779 παρὼν
2333 3709 2607 3784 προέδωκε
2635 3709 2733 3780 τὴν
2766 3710 3066 3766 εὐσέϐειαν.
3095 3707 3205 3764 Ἦν
3248 3705 3340 3764 οὖν
3378 3713 3407 3764 6
3444 3710 3578 3773 Θεὸς

2000 3794 2059 3847 ἐν
2116 3800 2532 3866 παρασιωπήσει
2578 3796 2711 3866 πρὸς
2750 3798 2841 3850 τὸν
2874 3802 3179 3870 προφήτην,
3216 3799 3309 3852 καὶ
3345 3799 3404 3851 οὐ
3448 3814 3577 3868 μετ-

2002 3879 2171 3935 έδωκε
2209 3882 2420 3949 λόγους,
2453 3883 2559 3947 ἓως
2598 3883 2950 3951 ἐτελεύτησεν
2986 3888 3014 3939 6
3052 3887 3387 3957 παράνομος.
3441 3887 3573 3940 Ὅτε

2000 3966 2184 4021 λοιπὸν
2212 3969 2480 4023 ἀπέθανεν
2509 3971 2537 4023 6
2568 3969 2789 4039 ἀσεϐὴς,
2816 3971 2938 4023 τότε
2969 3973 2998 4024 6
3026 3971 3159 4034 Θεὸς
3181 3970 3208 4010 ά
3240 3972 3575 4041 ἀποθέμενος

2001 4052 2098 4126 τήν
2131 4054 2523 4127 ἀγανάκτησιν,
2569 4054 2944 4109 διαλλάσσεται
2979 4055 3059 4127 τῷ
3102 4058 3374 4129 προφήτῃ.
3410 4058 3573 4124 Λέγει

2000 4142 2179 4197 τοίνυν
2207 4144 2455 4209 Ἡσαΐας·
2485 4143 2595 4200 Καὶ
2618 4144 2854 4214 ἐγένετο
2892 4145 2962 4198 ἐν
2987 4143 3068 4211 τῷ
3087 4142 3359 4209 ἐνιαυτῷ,
3385 4137 3434 4210 ᾦ
3463 4145 3576 4199 ἀπ-

1972 4229 2216 4285 ’έθανεν
2251 4231 2430 4297 Ὀζῖας
2455 4234 2489 4286 ό
2514 4230 2836 4299 βασιλεὺς,
2867 4227 3030 4286 εἶδον
3055 4231 3162 4286 τὸν
3188 4231 3408 4299 Κύριον
3441 4236 3575 4288 καθ-

1999 4316 2225 4387 ήμενον
2273 4317 2369 4371 ἐπὶ
2414 4319 2630 4386 θρόνου
2670 4317 2916 4387 ὑψηλοῦ
2943 4318 3041 4373 καί
3065 4317 3425 4389 ἐπηρμένου.
3464 4319 3575 4373 Καὶ

1998 4404 2140 4463 διατι
2172 4404 2307 4470 Θεὸς
2332 4405 2577 4477 ἐπεφάνη
2610 4406 2705 4459 ἐπὶ
2736 4404 2924 4477 θρόνου
2959 4403 3164 4477 ὑψηλοῦ
3200 4405 3293 4458 καὶ
3323 4406 3573 4477 ἐπηρμέ-

1999 4513 2126 4562 νου;
2172 4496 2389 4569 Ἐπειδὴ
2421 4497 2650 4569 ἀόρατός
2690 4498 2837 4552 ἐστιν
2879 4499 2908 4553 6
2954 4497 3106 4562 Θεὸς,
3151 4497 3182 4550 6
3216 4496 3273 4551 66
3321 4496 3575 4568 βασιλεὺς

1999 4584 2274 4657 ὁρώμενος
2305 4585 2471 4655 φόϐον
2502 4584 2648 4656 ἔσχε,
2690 4584 2927 4656 δείκνμσι
2964 4584 3043 4656 τῷ
3070 4585 3325 4658 προφήτῃ
3350 4584 3450 4655 τὴν
3478 4586 3572 4639 οὐ·

2001 4672 2182 4746 ράνιον
2206 4672 2382 4740 δόξαν,
2409 4673 2498 4728 ἴνα
2528 4673 2691 4745 πείσῃ
2718 4673 2879 4727 αὐτὸν
2909 4673 3059 4728 ποίου
3088 4673 3278 4744 θρόνου
3308 4689 3576 4742 καταφρο-

1998 4759 2297 4831 νήσαντες,
2317 4763 2468 4814 ποῖον
2497 4760 2683 4832 θρόνον
2708 4760 2996 4833 ἐτίμησαν·
3037 4764 3199 4814 ποίαν
3222 4758 3569 4831 δορυφορίαν,

1996 4847 2247 4918 οὐράνιον
2270 4848 2365 4902 καὶ
2391 4847 2709 4919 ἀγγελικὴν,
2747 4848 2824 4920 μὴ
2841 4849 3192 4919 τιμήσαντες,
3226 4845 3362 4916 μηδὲ
3389 4847 3574 4918 ἐννοή-

1999 4952 2210 5001 σαντες,
2250 4936 2575 5008 δορυφορίαν
2608 4934 2956 5006 ἀνθρωπίνην
2983 4933 3430 5005 ἐδυσωπήθησαν.
3459 4934 3570 4989 Kal

1994 5019 2095 5093 ἦν,
2125 5024 2310 5095 φησὶν,
2332 5023 2574 5091 πλήρης
2602 5026 2635 5078 ὁ
2667 5019 2832 5089 οἶκος
2869 5020 2979 5089 τῆς
3013 5021 3200 5089 δόξης
3230 5022 3439 5087 αὑτοῦ,
3468 5023 3569 5078 καὶ

1996 5112 2070 5166 τὰ
2113 5112 2407 5182 Σεραφεὶμ
2440 5110 2826 5177 είστήκεισαν
2864 5111 3068 5175 κύκλῳ
3100 5109 3305 5166 αὐτοῦ.
3348 5110 3431 5165 Τά
3465 5112 3571 5165 Χε-

1998 5200 2228 5270 ρουϐεὶμ
2284 5198 2472 5270 θρόνος
2516 5197 2653 5264 ἐστὶ,
2707 5196 2778 5250 τὰ
2823 5196 3102 5268 Σεραφεὶμ
3146 5198 3464 5271 δορυφορία·
3501 5198 3571 5253 τά

1995 5285 2308 5358 Χερουϐεἰμ
2336 5284 2446 5357 γάρ
2473 5284 2624 5339 οὐδὲν
2650 5283 2778 5339 ἄλλο
2804 5284 3184 5356 ἑρμηνεύεται,
3220 5285 3254 5357 ἢ
3284 5286 3446 5357 σοφία
3471 5302 3570 5338 πε-

2060 5435 2084 5464 ε
2238 5432 2503 5508 νειὶοεηυε
2539 5438 2678 5508 [ego
2721 5453 2733 5482 :
2782 5431 2929 5508 Salvi]:
2977 5440 3029 5482 et
3074 5432 3566 5508 Cpmbeﬁs.v§1616v.

1996 5496 2069 5543 ὅτι
2114 5495 2260 5543 ἄλλον
2308 5496 2410 5543 ἐστὶ
2439 5493 2574 5559 ,θεοῦ
2599 5496 2762 5559 ὄνομα·
2792 5496 2880 5544 οὐκ.
2902 5496 3032 5545 ἔστιν
3070 5495 3197 5555 οὐτε,
3221 5502 3316 5542 etc.
3342 5493 3445 5541 Vox
3468 5494 3569 5540 ἑλε-

1996 5555 2521 5624 yav_lp_l_am‘pe:-lu:_bq:
2538 5555 2849 5624 sqple'miam.
3131 5616 3160 5624 _
3365 5619 3374 5624 _
3442 5614 3451 5624 ,

1999 5614 2018 5729 ὲ
2059 5616 2090 5688 ιζ
2111 5617 2198 5664 His
2217 5614 2374 5669 atiluia
2400 5617 2522 5671 dicit
2559 5620 2934 5683 Chrysoslomus
2955 5630 3103 5681 supra
3127 5614 3487 5666 Commentario
3517 5614 3566 5669 In

2021 5691 2189 5729 sanam.

2021 5691 2189 5730 ςαωιιε.
