3982 6198
206 306 305 363 843

206 396 385 484 estque
412 410 608 466 honori
635 410 788 465 simul
837 419 891 464 et
933 409 1095 480 quieti
1119 425 1133 462 ;
1157 409 1224 462 ita
1255 418 1309 463 et
1332 409 1423 462 Dei
1454 407 1640 462 solium
1679 419 1769 459 sa-

211 506 398 577 pientia
426 504 477 557 in
516 519 626 573 qua
655 504 789 556 Deus
835 502 1132 572 requiescit.
1163 500 1283 554 ldeo
1327 499 1493 554 David
1523 499 1598 552 ait
1630 516 1644 552 :
1674 497 1774 565 Qui

212 598 345 652 aedes
367 610 516 663 super
531 592 797 647 Cherubim
820 591 988 661 (Psal.
1019 592 1103 645 79.
1133 592 1185 644 5.
1213 600 1259 645 et
1291 590 1380 647 98.
1411 588 1462 661 l)
1487 606 1501 656 ;
1528 604 1590 643 ac
1619 590 1662 642 si
1688 587 1773 642 di-

211 693 370 750 ceret,
398 687 485 754 qui
514 684 567 735 in
590 683 741 751 plena
768 682 1021 750 sapientia
1059 681 1306 751 quiescis.
1337 680 1462 735 Ideo
1485 679 1775 736 Cherubim

213 778 361 848 plena
383 753 505 829 sunt
528 774 718 840 oculis,
747 774 796 826 in
818 772 995 840 dorso,
1049 774 1099 827 in
1134 753 1327 844 capite,
1360 774 1414 828 in
1458 774 1668 844 pennis,
1721 772 1774 827 in

213 868 446 938 pedibus,
481 866 532 918 in
563 874 799 934 pectore,
827 873 881 918 et
910 874 1015 919 tota
1037 866 1207 920 oculis
1235 866 1387 936 plena
1414 874 1587 931 erant,
1638 880 1776 935 quo-

216 962 345 1013 niam
372 958 632 1026 sapientia
661 957 887 1026 undique
913 956 1190 1025 conspicit.
1223 968 1275 1012 et
1301 956 1534 1027 undique
1576 956 1777 1026 apertis

211 1059 284 1104 est
312 1050 497 1105 oculis.
526 1067 545 1100 ι
563 1049 668 1103 Sex
694 1048 845 1112 alam
873 1048 1058 1119 inquit,
1098 1068 1117 1101 ι
1143 1050 1251 1118 ttni,
1274 1060 1326 1106 et
1346 1065 1439 1104 sex
1460 1051 1557 1103 alae
1578 1050 1687 1107 uni.
1712 1050 1780 1105 Et

210 1140 408 1194 duabus
428 1139 642 1209 quidem
670 1139 912 1209 tegebant
938 1140 1158 1203 vultum,
1189 1149 1243 1195 et
1261 1140 1466 1196 duabus
1493 1140 1673 1210 pedes,
1726 1150 1780 1196 et

214 1232 413 1286 duabus
462 1232 732 1286 volabant.
782 1232 848 1286 Et
890 1233 1188 1288 clamabant
1232 1234 1367 1289 alter
1416 1234 1484 1289 ad
1531 1235 1776 1302 alterum,

211 1326 445 1391 Sanetus,
478 1333 714 1388 sanctus,
765 1335 978 1380 sanctus
1009 1326 1258 1381 Dominus
1281 1327 1514 1382 SabaOth
1553 1347 1571 1380 ι
1606 1328 1624 1396 (
1654 1326 1778 1381 Ιδαῑ.

212 1416 261 1468 6.
290 1415 341 1469 2.
368 1416 402 1470 5
425 1417 442 1483 )
469 1433 482 1467 :
512 1414 615 1470 hoc
642 1424 741 1481 est,
772 1415 1026 1469 Dominus
1051 1417 1397 1471 exercituum.
1429 1418 1536 1473 Sea:
1560 1419 1778 1486 alteuni,

211 1514 255 1558 et
277 1521 361 1559 sea:
394 1504 493 1559 alte
520 1507 628 1558 uni.
651 1503 783 1559 Octo
807 1505 1074 1560 silentium
1116 1515 1312 1573 tenent,
1344 1518 1398 1563 et
1421 1518 1647 1578 quatuor
1673 1509 1782 1564 cla-

188 1598 371 1650 ‘mant.
401 1595 539 1662 Quid
567 1611 694 1665 ergo
722 1595 877 1650 docet
898 1612 994 1651 nos
1014 1597 1329 1667 Scriptura?
1356 1597 1434 1654 Ne
1478 1614 1637 1654 omne
1693 1614 1781 1654 ra-

216 1688 481 1741 tiocinium
506 1701 817 1741 moveamus
836 1687 979 1743 circa
1028 1690 1229 1754 Deum;
1285 1690 1379 1745 sed
1428 1690 1533 1746 alia
1575 1690 1785 1746 silentio

214 1778 575 1848 prtedicemus,
602 1779 705 1833 alia
735 1779 836 1833 lide
860 1781 1218 1850 glorificemus
1243 1791 1298 1837 et
1317 1783 1492 1837 divina
1515 1784 1776 1839 dicamus.

215 1870 314 1926 Cur
338 1880 514 1927 autem
549 1870 709 1938 pedes
739 1872 995 1941 obtegunt
1019 1882 1073 1927 et
1098 1883 1254 1942 caput
1283 1873 1306 1926 ?
1333 1874 1464 1942 Quia
1494 1890 1592 1930 nec
1637 1876 1786 1944 prin-

221 1964 407 2029 cipium
433 1977 534 2017 nec
561 1961 681 2016 linis
723 1964 1005 2031 reperitur.
1037 1965 1247 2018 Duabus
1297 1974 1480 2037 tegunt
1532 1979 1689 2036 caput
1733 1977 1788 2022 et

221 2053 414 2107 duabus
432 2053 615 2123 pedes,
643 2068 833 2123 nempe
847 2054 1051 2109 duabus
1069 2054 1253 2110 mediis
1270 2058 1455 2125 pennis
1470 2056 1668 2121 volant,
1681 2074 1787 2112 non

225 2142 597 2213 superioribus,
619 2158 718 2198 nec
731 2144 1089 2205 inferioribus.
1106 2145 1211 2199 Nos
1229 2146 1369 2200 enim
1383 2146 1448 2201 de
1461 2147 1789 2216 Deoloquen-

224 2245 323 2301 tes,
358 2236 523 2289 media
553 2235 828 2290 declarare
855 2244 1104 2305 Oportet:
1150 2237 1288 2306 quod
1316 2252 1506 2308 nempe
1530 2238 1599 2291 sit
1632 2239 1788 2305 Deus,

219 2328 353 2397 quod
369 2327 612 2393 Creator,
632 2328 771 2398 quod
789 2330 1061 2394 Dominus,
1080 2329 1221 2399 quod
1242 2329 1531 2385 beneficus.
1552 2330 1674 2384 Haec
1687 2346 1795 2385 om-

218 2421 298 2475 nia
312 2420 478 2475 mcdia
502 2430 649 2475 sunt.
672 2420 729 2477 Si
750 2421 916 2487 dicas,
936 2421 1211 2489 Quomodo
1232 2422 1408 2492 genuit
1424 2422 1447 2475 ?
1463 2433 1621 2492 caput
1641 2424 1794 2477 dcte-

217 2512 355 2575 xisti,
384 2511 527 2580 quod
554 2511 841 2566 Cherubim
892 2496 1093 2582 tegunt.
1122 2512 1176 2568 Si
1220 2528 1381 2584 porro
1424 2515 1643 2578 dixeris,
1696 2514 1795 2571 Ubi

219 2610 295 2656 est
320 2600 415 2656 Dei
444 2603 608 2657 linis?
634 2602 795 2671 pedes
823 2603 1049 2669 nudasti,
1081 2618 1215 2673 quos
1249 2614 1433 2673 tegunt
1477 2604 1790 2660 Cherubim.

218 2694 415 2766 Tegunt
434 2704 615 2750 autem
630 2703 788 2765 caput
808 2703 861 2750 et
892 2695 1074 2766 pedes,
1107 2711 1211 2750 non
1242 2705 1299 2751 ut
1324 2696 1674 2759 abscondant,
1700 2696 1795 2752 sed

223 2795 275 2839 ut
299 2786 529 2842 doceant
560 2785 676 2840 hrec
725 2800 845 2842 esse
885 2776 1251 2842 inscrutabilia
1277 2828 1293 2853 ,
1345 2787 1801 2857 incomprehensi-

221 2877 355 2931 bilia.
387 2878 593 2947 Accipe
643 2876 882 2947 ﬁguram.
914 2877 1082 2931 Erant
1119 2891 1213 2931 sex
1257 2884 1310 2932 et
1351 2892 1466 2945 sex,
1521 2878 1799 2934 duodecim

222 2982 401 3038 pennae
434 2978 601 3024 :octo
630 2969 932 3038 quiescunt,
958 2977 1011 3023 et
1061 2977 1292 3039 quatuor
1326 2979 1627 3025 moventur.
1677 2971 1801 3027 llaec

223 3063 376 3131 figura
402 3072 534 3116 sunt
562 3062 945 3130 apostolorum.
973 3046 1261 3116 Duodecim
1282 3070 1407 3117 sunt
1431 3064 1678 3133 apostoli,
1706 3063 1802 3119 sed

221 3162 443 3222 quatuor
465 3153 811 3222 evangelista
836 3153 1085 3207 clamant.
1116 3152 1181 3207 Et
1208 3153 1333 3223 quid
1362 3155 1637 3209 clamant?
1664 3155 1797 3209 Eam

221 3259 400 3299 vocem
426 3260 592 3315 quam
612 3252 858 3298 evertere
902 3251 1112 3299 satanas
1138 3254 1359 3300 conatus
1388 3254 1491 3301 est.
1532 3246 1791 3302 Animad-

223 3345 384 3399 verte,
415 3349 624 3407 qumso.
649 3334 762 3389 Non
792 3334 1102 3405 simpliciter
1128 3335 1396 3403 dicebant,
1432 3346 1487 3391 ut
1508 3352 1625 3401 nos,
1662 3338 1801 3392 San-

224 3435 345 3491 ctus,
375 3435 609 3490 sanctus,
641 3433 866 3490 sanctus,
892 3424 988 3479 sed
1015 3425 1153 3479 alter
1181 3425 1247 3481 ad
1287 3427 1513 3482 alterum
1568 3428 1804 3483 vicissim

225 3516 561 3582 emittebant,
603 3525 660 3568 ut
685 3516 939 3584 scriptum
973 3527 1055 3571 est
1082 3534 1096 3570 :
1128 3515 1193 3569 Et
1243 3517 1530 3571 clamabant
1562 3517 1692 3571 alter
1740 3519 1807 3573 ad

223 3610 455 3663 alterum.
480 3609 732 3672 Sanctus,
762 3607 951 3676 inquit,
987 3606 1154 3663 semel
1180 3607 1464 3662 dicendum
1517 3610 1671 3664 nobis
1697 3617 1801 3664 est.

230 3700 376 3754 Alius
401 3700 537 3754 dicit
563 3697 825 3752 Sanctus:
855 3696 1049 3751 deinde
1088 3697 1241 3763 alius,
1274 3698 1407 3752 adde
1452 3699 1629 3763 tertio,
1675 3699 1807 3753 San-

225 3801 359 3845 etus.
377 3792 514 3856 Quia
547 3804 675 3859 ergo
701 3797 809 3843 tres
842 3790 1253 3855 numeravimus,
1280 3804 1346 3843 ne
1362 3798 1515 3858 putes
1545 3800 1651 3844 tres
1692 3804 1812 3846 esse

225 3883 372 3939 deos.
398 3880 510 3938 Cur
535 3895 664 3951 ergo
691 3899 704 3933 :
734 3881 975 3947 Sanctus,
1023 3889 1247 3947 sanctus,
1289 3890 1492 3934 sanctus
1524 3880 1814 3935 Dominus?

229 3973 375 4030 Unus
404 3976 559 4030 enim
587 3982 669 4027 est
710 3973 986 4040 Dominus,
1017 3988 1120 4027 una
1153 3972 1300 4037 fides,
1332 3988 1494 4026 unum
1529 3972 1805 4043 baptisma.

223 4068 301 4119 Ac
322 4063 780 4135 quemadmodum
800 4064 848 4117 in
862 4063 1272 4134 psalmodiiséalii
1298 4062 1416 4116 aliis
1433 4051 1617 4117 versus
1640 4073 1813 4116 trans-

224 4159 467 4223 mittunt,
494 4157 575 4212 sic
599 4170 841 4226 superna:
870 4165 1159 4225 potestates
1185 4164 1396 4209 mutuos
1412 4154 1606 4209 choros
1630 4164 1813 4225 agunt,

225 4263 288 4301 ac
308 4248 483 4303 veluti
513 4263 577 4303 ex
609 4246 835 4302 melodia
870 4246 1105 4304 vicissim
1144 4245 1345 4311 habita,
1376 4245 1815 4316 glorificatiuuem

226 4341 507 4396 emittunt.
563 4339 786 4407 Deinde,
826 4337 990 4393 Plena
1021 4346 1148 4405 erat,
1200 4338 1388 4409 inquit,
1429 4338 1607 4392 damus
1656 4339 1820 4409 gloria

220 4432 355 4498 ejus.
387 4429 461 4483 Et
484 4431 727 4483 elevatum
742 4438 813 4481 est
838 4429 1225 4497 superliminare
1253 4445 1284 4481 a
1335 4444 1451 4483 voce
1478 4445 1577 4499 qua
1622 4430 1817 4482 clama-

222 4520 368 4588 bant,
399 4530 449 4574 et
471 4521 651 4573 domus
673 4520 864 4589 repleta
886 4529 960 4573 est
975 4519 1148 4589 fumo(
1169 4518 1296 4573 Isai.
1329 4521 1382 4575 5.
1411 4520 1445 4574 4
1464 4522 1504 4590 ).

294 4614 351 4668 6.
383 4612 525 4667 Rem
553 4611 898 4675 stupendaml
925 4611 1059 4665 Cum
1089 4619 1210 4680 post
1237 4611 1673 4682 glorificationem
1701 4610 1819 4683 glo-

223 4707 304 4759 ria
334 4703 590 4760 addenda
628 4703 931 4769 videretur,
961 4702 1120 4757 etiam
1148 4717 1208 4757 ea
1236 4720 1354 4774 quin
1396 4712 1512 4759 erat
1550 4705 1737 4774 periit,
1768 4711 1822 4759 et
1860 4764 1867 4777 ,

220 4798 409 4851 fumus
439 4795 676 4850 intravit.
705 4793 903 4848 Fumus
940 4803 1118 4849 autem
1147 4795 1490 4851 desolationis
1517 4798 1599 4851 εει
1626 4798 1818 4868 imago.

223 4890 368 4955 Quid
421 4889 584 4958 igitur
624 4888 727 4942 hoc
764 4887 884 4942 est?
925 4886 1253 4941 Pnevidebat
1292 4885 1523 4956 Spiritus
1569 4899 1818 4956 sanctus,

224 4981 381 5045 illud,
419 4979 647 5033 Sanctus
670 5018 686 5042 ,
716 4986 919 5031 sanctus
940 5018 955 5040 ,
990 4985 1192 5030 sanctus
1208 5016 1224 5043 ,
1254 4977 1451 5032 mundo
1471 4992 1588 5033 esse
1610 4980 1824 5034 concin-

224 5083 443 5134 natum,
472 5067 832 5138 przedicationi
852 5068 1235 5138 apostolorum,
1259 5077 1313 5121 et
1339 5069 1595 5136 templum
1616 5069 1826 5123 Judmo—

228 5175 351 5217 rum
386 5174 499 5213 non
526 5159 655 5213 illud
677 5161 936 5227 accipere.
960 5158 1093 5213 Dicit
1108 5172 1235 5228 ergo
1257 5167 1376 5227 post
1401 5158 1824 5225 praedicationem

233 5248 886 5322 Evangeliidesolatione
917 5256 973 5303 et
1009 5246 1152 5302 fumo
1192 5247 1640 5328 replendampesse
1664 5258 1823 5320 syna-

222 5357 456 5415 gogam.
489 5340 770 5395 Elevatum
798 5348 879 5393 est
903 5352 1006 5393 non
1036 5339 1250 5404 ostium,
1280 5338 1373 5395 sed
1400 5339 1820 5408 superliminare.

223 5436 498 5490 Animum
524 5430 739 5486 adhibe.
768 5428 951 5486 Omnis
983 5432 1145 5501 janua
1167 5432 1337 5486 solum
1367 5431 1691 5487 substratum
1733 5433 1827 5488 lia-

223 5525 361 5589 bet,
413 5532 476 5577 et
513 5519 919 5590 superliminare
960 5521 1262 5591 impositum
1300 5523 1582 5592 parastatis
1608 5541 1624 5579 :
1655 5540 1826 5594 neque

224 5622 476 5685 possunt
503 5620 783 5682 parastataa
822 5621 962 5669 stare
981 5653 995 5677 ,
1022 5612 1125 5667 nisi
1159 5614 1330 5668 solum
1362 5614 1627 5678 habeant;
1656 5631 1827 5686 neque

225 5705 448 5761 ﬁrmari
474 5704 813 5772 immotaequc
833 5716 947 5758 esse
971 5711 1209 5775 possunt,
1233 5702 1335 5761 nisi
1363 5704 1621 5775 accipiant
1639 5719 1821 5776 supcr-

1255 299 1342 353 DE
1379 294 1591 353 MUNDI
1629 289 2017 348 CREATIONE
2055 293 2313 352 ORATlO
2346 293 2409 349 II.
2490 284 2493 285 ν

3350 303 3454 360 Mli

1880 403 2139 458 liminare.
2167 406 2387 460 Elevata
2412 413 2645 477 estergo
2668 421 2952 479 synagogae
2974 412 3217 482 superior
3243 412 3413 469 forma
3439 431 3456 468 :

1877 510 1980 548 non
2009 503 2116 549 tota
2146 482 2357 565 quidem
2383 511 2668 567 synagoga,
2687 514 2803 567 qua:
2829 508 3007 569 portas
3034 501 3246 572 quidem
3277 503 3457 570 habet,
3476 552 3503 571 χ

1878 587 2281 654 superliminare
2303 597 2481 643 autem
2507 589 2730 644 nullum.
2753 589 3171 661 Superliminare
3199 609 3356 663 porro
3377 608 3462 649 est

1878 678 2045 731 virtus
2064 691 2290 747 superne
2309 681 2606 733 continens.
2626 680 2899 734 Elevatum
2926 691 3007 736 est
3032 683 3459 752 superliminare,

1880 767 2136 821 nudatum
2163 777 2243 823 est
2269 770 2454 839 gratia.
2487 769 2566 825 Ex
2592 785 2697 839 quo
2724 780 2898 826 autem
2926 768 3327 842 superliminare
3355 774 3464 827 cle-

1879 869 2058 916 vatum
2098 870 2213 929 est,
2256 864 2614 918 necessarium
2653 863 2753 918 fuit
2788 872 3081 933 parastatas
3114 866 3252 920 vela
3300 865 3459 920 debili

1882 968 2040 1007 manu
2068 955 2411 1010 commoveri.
2441 953 2562 1009 Ideo
2600 956 2801 1025 qumvis
2840 972 3029 1011 manus
3063 956 3282 1012 Judaica
3319 972 3466 1012 eom-

1880 1053 2059 1098 movet
2086 1060 2101 1101 :
2132 1043 2329 1098 idcirco
2359 1045 2617 1114 propheta
2655 1046 2867 1115 quidam
2897 1047 3143 1103 dicebat:
3184 1046 3249 1102 Et
3279 1064 3465 1119 ponam

1881 1132 2164 1188 Jerusalem
2187 1143 2241 1188 ut
2264 1133 2501 1188 vestibula
2521 1151 2632 1204 quae
2660 1145 2935 1190 mouentur.
2970 1136 3035 1189 Et
3063 1137 3242 1192 domus
3273 1137 3465 1208 repleta

1883 1235 1958 1279 est
1996 1229 2134 1296 [unto
2156 1224 2333 1295 (Zach.
2370 1224 2456 1279 l2.
2485 1225 2563 1295 2).
2599 1226 2664 1280 Et
2712 1242 2939 1303 quonam
2974 1228 3103 1282 abiit
3134 1228 3297 1297 gloria
3319 1230 3343 1281 Ἰ
3368 1230 3466 1281 At-

1887 1316 2042 1371 tende
2065 1358 2080 1381 ,
2110 1330 2309 1385 quaeso.
2341 1316 2477 1371 Dicit
2507 1316 2666 1371 Isaias
2690 1358 2704 1382 ,
2733 1315 2801 1370 Et
2840 1318 2988 1388 plena
3019 1330 3123 1371 erat
3150 1319 3329 1373 donius
3357 1319 3468 1390 glo-

1885 1406 1962 1460 ria
1989 1409 2130 1473 eius;
2156 1405 2347 1462 deinde
2375 1407 2542 1461 dicit:
2572 1407 2780 1476 Repleta
2811 1418 2879 1462 est
2910 1413 3069 1478 finito.
3100 1409 3339 1480 Ingresso
3363 1412 3465 1465 ita-

1885 1515 1990 1569 que
2037 1500 2218 1564 fumo,
2246 1513 2464 1554 necesse
2504 1500 2602 1553 fuit
2653 1510 2710 1555 ut
2754 1502 2920 1570 gloria
2964 1501 3357 1556 transferretur.
3404 1502 3470 1555 Et

1887 1606 2119 1660 quonam
2152 1591 2403 1645 translata
2431 1600 2513 1645 est
2533 1592 2557 1644 ’ἐ
2578 1591 2691 1645 Non
2727 1593 2778 1646 in
2802 1608 2959 1646 unatn
2989 1593 3227 1661 domum,
3250 1594 3345 1648 sed
3370 1595 3469 1647 im-

1890 1684 2053 1753 plevit
2095 1683 2358 1738 Ecclesias
2396 1699 2494 1754 per
2534 1692 2700 1738 totum
2739 1685 2942 1739 orbem.
2990 1686 3056 1740 Et
3091 1696 3147 1741 ut
3193 1687 3473 1742 ostendant

1888 1775 2172 1831 Cherubim
2200 1790 2430 1846 quonam
2456 1776 2643 1832 abierit
2669 1777 2833 1846 gloria
2861 1794 2979 1848 qua:
3009 1780 3062 1832 in
3094 1780 3290 1849 templo
3335 1790 3469 1846 erat,

1890 1864 2108 1921 dicunt:
2134 1864 2297 1920 Plena
2330 1878 2401 1920 est
2444 1867 2607 1920 omnis
2646 1876 2776 1920 terra
2813 1869 2974 1938 gloria
3003 1871 3131 1939 ejus.
3161 1869 3366 1924 Nudata
3394 1879 3476 1925 est

1890 1970 2019 2027 gens
2041 1971 2163 2023 una,
2191 1968 2243 2012 et
2269 1957 2545 2012 illuminati
2580 1968 2704 2014 sunt
2726 1960 2934 2013 termini
2965 1969 3139 2015 terrze.
3170 1958 3315 2016 llanc
3344 1977 3470 2016 san-

1890 2055 2032 2101 ctam
2076 2062 2259 2102 vocem
2310 2035 2517 2103 Domini
2542 2088 2560 2115 ,
2590 2051 2790 2120 regiam
2832 2051 3268 2120 gloriﬁcatiouem
3293 2095 3308 2119 ,
3340 2055 3474 2107 hanc

1892 2139 2126 2193 divinam
2166 2139 2442 2209 mysticam
2473 2140 2854 2194 institutionem
2885 2182 2900 2206 ,
2929 2141 3137 2196 dicebat
3167 2157 3227 2196 os
3253 2143 3477 2198 diaboli-

1894 2244 2013 2284 cum
2038 2269 2053 2295 ,
2084 2228 2233 2284 aufer
2275 2229 2343 2284 ab
2382 2230 2556 2284 altari.
2583 2230 2736 2296 Quod
2765 2241 2943 2286 autem
2989 2231 3102 2287 haec
3146 2233 3474 2303 blasphemia

1894 2319 2165 2374 Christum
2209 2304 2466 2390 impetat,
2514 2321 2851 2375 manifestum
2894 2322 3254 2377 testimonium
3306 2322 3475 2378 adest.

1899 2409 2191 2477 Quemnam
2225 2410 2354 2463 vidit
2384 2410 2434 2463 in
2463 2409 2599 2463 solio
2630 2410 2835 2467 lsaias?
2863 2412 2953 2465 Ait
2975 2412 3150 2479 enim,
3182 2413 3362 2466 Audivi
3390 2427 3479 2466 vo-

1897 2516 2002 2553 cem
2025 2499 2224 2554 Domini
2255 2500 2461 2554 dicentis
2486 2516 2504 2554 :
2529 2502 2687 2568 Quem
2715 2503 2907 2556 mittant
2929 2505 2954 2557 Ξ)
2974 2513 3018 2557 et
3044 2505 3154 2574 quia
3180 2505 3268 2558 ibit
3292 2505 3359 2557 ad
3385 2522 3478 2573 po-

1900 2592 2075 2661 pulant
2099 2593 2231 2646 hunc
2255 2592 2402 2660 (Isai.
2427 2595 2477 2647 ϐ.
2503 2594 2598 2662 8)?
2624 2594 3015 2649 Reconciliatus
3043 2606 3125 2651 est
3148 2611 3324 2660 servo,
3353 2611 3479 2664 5pc-

1899 2682 2036 2737 ciem
2062 2691 2233 2737 tamen
2264 2684 2576 2753 praeferebat
2602 2684 2992 2755 indignationis.
3025 2685 3093 2742 Ut
3135 2701 3233 2741 nos
3271 2690 3482 2756 quando

1903 2789 2057 2830 servo
2086 2776 2416 2845 pepercimus
2443 2819 2457 2843 ,
2487 2792 2593 2832 non
2622 2778 2799 2833 statim
2830 2780 2903 2834 illi
2931 2789 3098 2834 totum
3129 2776 3332 2835 vullum
3358 2795 3485 2851 gra-

1905 2865 2095 2921 tiosum
2136 2866 2484 2933 exhibemus,
2515 2869 2607 2924 sed
2638 2880 2909 2939 aspectum
2941 2875 3196 2940 tantisper
3238 2872 3485 2928 subduci-

1904 2973 2022 3013 mus
2041 2971 2054 3015 :
2070 2958 2138 3012 ita
2164 2959 2302 3013 Deus
2322 2975 2440 3014 cum
2465 2975 2569 3014 non
2590 2961 2748 3016 vellet
2771 2971 2936 3016 totum
2955 2978 3004 3016 o.~
3018 2962 3237 3018 tendere
3260 2964 3482 3032 vultum,

1864 3036 1875 3057 “
1904 3059 2079 3105 stante
2116 3050 2207 3104 illo
2231 3049 2437 3105 dicebat
2465 3070 2477 3104 :
2506 3052 2663 3118 Quem
2701 3053 2935 3107 mittam?
2955 3053 3411 3120 Quemadmodum
3442 3057 3486 3110 si

1907 3142 2048 3196 servi
2084 3150 2287 3196 starent
2309 3157 2491 3197 coram
2519 3144 2648 3199 hero
2672 3187 2686 3209 ,
2713 3154 2767 3199 et
2793 3146 2953 3200 vellet
2982 3147 3094 3216 ipse
3121 3162 3305 3202 eorum
3343 3148 3488 3217 igna-

1906 3231 2047 3286 viam
2082 3234 2344 3300 incusare,
2366 3233 2568 3289 diceret
2592 3253 2605 3289 :
2628 3234 2794 3303 Quem
2825 3237 3027 3291 mittam
3048 3240 3072 3289 't
3093 3237 3171 3293 Ad
3202 3239 3302 3293 hoc
3330 3254 3489 3307 nego-

1907 3322 2039 3376 tium
2079 3321 2347 3376 hominem
2389 3337 2494 3377 non
2533 3322 2737 3390 habeo;
2771 3340 2877 3380 non
2921 3326 3062 3396 quod
3107 3342 3213 3381 non
3259 3327 3486 3393 habeat,

1909 3413 2002 3468 sed
2028 3413 2168 3483 quod
2194 3423 2467 3469 strenuum
2496 3430 2599 3470 non
2630 3415 2839 3471 habeat.
2863 3417 2951 3473 Sic
2974 3418 3114 3473 Deus
3134 3436 3147 3473 :
3170 3418 3340 3486 Quem
3368 3419 3489 3472 mit-

1915 3513 2019 3558 tam
2065 3504 2219 3572 hujus
2249 3505 2404 3559 luco‘.’
2431 3522 2497 3560 an
2526 3523 2649 3561 rum
2678 3509 2765 3577 qui
2799 3509 2960 3562 tacoit
2983 3550 2995 3573 ,
3024 3509 3209 3563 videns
3237 3527 3357 3564 cum
3402 3511 3490 3580 qui

1911 3597 2263 3651 sacerdotium
2316 3597 2697 3669 itnpugn'tbat?
2735 3600 2870 3667 Quid
2920 3615 3048 3672 ergo
3100 3601 3298 3656 Isaias?
3334 3601 3492 3669 Quasi

1914 3688 2138 3743 famulus
2168 3689 2221 3743 in
2247 3688 2444 3745 oﬂ'ensa
2472 3690 2856 3760 deprehensus,
2883 3707 2946 3746 ac
2970 3703 3336 3763 compunctus,
3368 3694 3491 3763 qui-

1913 3793 2016 3847 que
2058 3778 2269 3834 studeat
2309 3782 2483 3850 priora
2531 3782 2838 3851 abStergere
2861 3800 2875 3835 :
2900 3780 3031 3835 Ecce
3067 3799 3157 3854 ego
3181 3824 3194 3848 ,
3225 3783 3362 3836 mitte
3396 3793 3514 3837 me.“

1918 3871 2069 3926 Unde
2105 3887 2232 3941 ergo
2261 3874 2604 3929 ostendemus
2642 3890 2758 3929 eam
2802 3875 2967 3930 fuisse
2995 3875 3193 3931 Christi
3229 3877 3498 3947 gloriam?

1917 3964 2003 4017 Ait
2036 3962 2266 4017 Joannes
2296 3964 2615 4033 evangelista
2647 3981 2660 4017 :
2698 3984 2715 4016 ι
2749 3965 2878 4018 Cum
2908 3975 3051 4020 tanta
3092 3967 3240 4036 signa
3282 3967 3498 4021 fecisset

1918 4052 2093 4119 Jcsus,
2127 4067 2232 4107 non
2262 4054 2603 4108 crediderunt
2630 4055 2678 4108 ei
2707 4054 2913 4120 Judaei,
2942 4066 3001 4109 ut
3029 4057 3337 4125 impleretur
3359 4057 3499 4126 quod

1919 4144 2117 4198 dictum
2146 4153 2227 4199 est
2253 4159 2346 4212 per
2371 4143 2557 4198 Isaiam
2588 4161 2601 4197 :
2628 4144 2823 4198 Auditu
2848 4145 3095 4211 audietis,
3125 4154 3179 4199 et
3207 4161 3313 4199 non
3342 4146 3498 4200 intel-

1919 4236 2113 4307 ligetis.
2141 4235 2265 4291 Hinc
2291 4245 2465 4291 autem
2491 4236 2622 4291 dixit
2646 4236 2858 4306 quando
2884 4236 3013 4290 vidit
3038 4238 3258 4305 gloriam
3285 4236 3420 4305 ejus,
3445 4245 3501 4292 et

1921 4330 2168 4399 loquutus
2205 4336 2287 4383 est
2334 4327 2402 4382 de
2427 4342 2492 4381 eo
2522 4346 2540 4379 ι
2570 4326 2750 4399 (Joan.
2782 4327 2872 4380 li.
2902 4327 3133 4395 57.4”.
3168 4325 3502 4381 Vidistiu’ca-

1923 4429 2014 4490 put
2064 4420 2258 4474 salutis
2308 4427 2536 4484 nostrae,
2572 4416 3095 4472 sanetiliealinnem?
3138 4417 3502 4474 Sanctificatio

1922 4514 1966 4567 si
1993 4527 2094 4566 non
2127 4511 2316 4574 fuerit,
2347 4526 2516 4581 neque
2541 4510 2848 4581 mysterium
2880 4519 3293 4564 consummatur.
3329 4508 3503 4564 Habes

1925 4605 2226 4674 imaginem.
2255 4602 2436 4660 Solum
2464 4603 2643 4658 dixere
2668 4602 2951 4658 Cherubim
2978 4622 2990 4656 :
3018 4601 3257 4667 Sanctus,
3281 4611 3502 4668 sanctus,

1922 4707 2122 4752 sanctus
2145 4696 2390 4751 Dominus
2413 4713 2432 4750 :
2452 4696 2774 4751 sanctificata
2801 4707 2883 4751 est
2903 4695 3094 4749 hostia.
3117 4694 3184 4747 Et
3210 4696 3388 4747 missus
3408 4686 3500 4759 est,

1927 4789 2112 4859 inquit,
2144 4788 2211 4841 ad
2239 4805 2316 4843 me
2340 4805 2468 4842 unus
2491 4788 2554 4841 de
2583 4787 2869 4851 Cherubim,
2902 4796 2947 4840 et
2972 4787 3025 4839 in
3051 4801 3208 4839 manu
3231 4801 3325 4838 sua
3354 4785 3506 4838 habe-

1926 4881 2007 4934 bat
2026 4879 2305 4939 carbonem,
2329 4895 2474 4951 quem
2493 4877 2688 4949 forcipe
2713 4877 2890 4930 tulerat
2913 4877 2975 4928 de
2999 4874 3150 4928 altari
3171 4873 3322 4947 (lani.
3346 4877 3398 4930 6.
3422 4876 3505 4945 6).

1927 4973 2041 5028 Non
2068 4973 2207 5037 tulit,
2229 4973 2400 5026 donec
2423 4970 2778 5024 sanctificatus
2799 4976 2901 5022 est.
2933 4966 3133 5037 Tetigit,
3163 4966 3351 5036 inquit,
3370 4966 3505 5020 Iaiiu

1930 5080 2038 5117 mea
2069 5062 2226 5133 (ibid.
2270 5078 2315 5116 υ.
2358 5060 2435 5128 7).
2465 5061 2571 5114 Cur
2607 5058 2784 5112 labia?
2809 5057 3178 5128 Mysteriurum
3226 5057 3505 5110 vestibula.

1927 5157 2061 5226 Quid
2090 5156 2310 5211 dicimus
2331 5154 2545 5209 fideles?
2569 5153 2678 5208 Hoc
2702 5153 3008 5223 mysterium
3038 5162 3249 5223 peccata
3271 5152 3505 5208 dimittit.

1935 5250 2121 5304 Dicunt
2149 5249 2304 5303 etiam
2336 5246 2655 5300 Cherubim:
2682 5245 2812 5299 Ecce
2832 5244 3017 5298 abstuli
3049 5255 3388 5316 peccata'tua.
3414 5245 3509 5299 Vi-

1930 5341 2052 5395 disti
2092 5337 2351 5410 figuram?
2375 5336 2548 5390 vidisti
2590 5336 2952 5406 splendentem
2984 5337 3304 5392 veritatem?
3332 5338 3510 5406 Ipsum

1930 5434 2106 5504 igitur,
2133 5432 2221 5502 qui
2250 5430 2399 5486 sedet
2427 5444 2587 5500 super
2612 5430 2801 5485 solium
2828 5431 3098 5487 excelsum
3131 5440 3185 5492 et
3207 5430 3468 5486 elevatum
3489 5470 3506 5496 ,

1931 5523 2259 5580 sanetilieare
2299 5536 2365 5577 ne
2407 5535 2721 5587 cessemus;
2751 5522 2948 5591 gratias
2987 5536 3115 5576 vero
3159 5532 3373 5588 agamus
3413 5531 3511 5587 pro

1930 5615 2102 5670 anima
2125 5628 2243 5684 qua:
2266 5611 2481 5668 seducta
2508 5610 2678 5668 fuerat
2702 5652 2719 5679 ,
2750 5627 2906 5682 quam
2937 5612 3089 5679 lupus
3115 5607 3317 5675 rapuit,
3344 5620 3502 5677 quam

1932 5704 2125 5761 avulsit
2154 5712 2351 5773 pastor,
2382 5718 2540 5776 quam
2552 5698 2737 5775 "rapuit
2759 5701 3018 5768 diabolus,
3050 5698 3145 5755 sed
3169 5696 3385 5753 abstulit
3416 5696 3505 5755 illo
