3982 6198
522 295 625 351 MT

520 410 758 463 clemens
782 416 843 459 ac
867 401 1124 468 benignus
1138 410 1155 460 ;
1171 401 1231 448 ut
1247 405 1309 446 os
1327 402 1486 445 omne
1505 384 1834 452 htereticum,
1855 394 1909 439 et
1927 385 2102 455 lingua

524 496 831 566 blaspheme
858 492 1054 550 furens,
1075 483 1249 540 laudet
1268 482 1479 537 Patrem
1498 488 1550 534 et
1570 477 1765 534 Filium
1783 486 1837 532 et
1851 473 2104 546 Spiritum

523 599 764 645 Sanctum
795 586 851 640 in
879 580 1090 637 saecula.
1119 578 1288 632 Amen
1322 573 1418 644 (a).

524 718 768 791 Ejusdem
787 716 842 770 in
869 715 1000 768 diem
1027 713 1227 767 tertium
1246 706 1511 763 creationis
1530 745 1546 772 ,
1568 713 1614 759 et
1635 704 1699 759 de
1721 703 2103 759 resurrectione.

594 834 647 889 1.
677 829 858 887 Mundi
886 826 1091 883 Artifex
1117 825 1251 890 sole,
1284 822 1430 890 luna,
1461 820 1631 877 stellis
1659 818 1848 874 caelum
1872 818 2103 883 ornavit,

524 935 828 995 terramque
849 920 1070 977 ﬂoribus
1095 926 1151 973 ct
1171 916 1366 987 plantis
1392 912 1685 977 coronavit,
1706 921 1866 980 atque
1890 924 2106 965 omnem

522 1026 825 1075 creaturam
853 1013 1012 1068 variis
1058 1009 1332 1066 decoravit
1375 1004 1650 1061 ornatibus
1685 1020 1698 1056 :
1728 1017 1827 1058 nos
1852 1016 1981 1058 vero
2011 1015 2108 1071 par

523 1119 627 1177 est,
657 1114 933 1176 resumpto
959 1103 1027 1159 de
1054 1100 1323 1157 creatione
1346 1109 1596 1153 sermone
1612 1135 1627 1159 ,
1661 1091 1870 1162 opiﬁcia
1891 1089 2106 1161 quidem

526 1202 743 1269 mirari,
784 1198 1041 1269 Opiﬁcem
1086 1202 1264 1249 autem
1292 1188 1537 1244 adorare.
1596 1185 1780 1253 Neque
1807 1182 1950 1239 enim
1994 1182 2109 1238 haec

526 1292 726 1361 scripta
753 1298 877 1344 sunt
902 1286 1072 1355 solum
1091 1325 1106 1350 ,
1153 1289 1214 1337 ut
1258 1280 1525 1336 discamus
1562 1277 1649 1330 illa
1680 1274 1817 1330 facta
1843 1288 1984 1340 esse,
2011 1273 2106 1329 sed

489 1362 495 1374 ’
526 1392 586 1439 ιιι
611 1382 866 1453 Opiﬁcem
897 1377 1242 1433 admiremur.
1287 1372 1493 1427 Dictum
1544 1377 1629 1424 est
1650 1367 1798 1422 illum
1827 1366 1999 1437 primo
2021 1364 2108 1421 die

528 1484 893 1533 creaturarum
917 1472 1193 1527 materiam
1217 1465 1565 1537 produxisse:
1589 1461 1825 1517 secundo
1851 1459 1958 1525 die,
1976 1473 2109 1528 quo-

527 1566 688 1622 modo
712 1580 776 1620 ex
804 1563 1005 1619 rariore
1034 1560 1383 1627 mollioreque
1409 1569 1662 1624 aquarum
1688 1551 1907 1607 materia
1932 1551 2110 1605 ﬁrma-

529 1660 769 1713 mentum
797 1652 1151 1717 constituerit,
1183 1649 1406 1718 ideoque
1441 1644 1832 1699 ﬁrmamentum
1862 1649 2107 1698 vocatum

527 1748 708 1803 fuerit.
738 1746 938 1801 Idcirco
967 1742 1125 1798 etiam
1152 1739 1397 1795 Christus
1437 1745 1604 1792 totum
1636 1734 1820 1789 orbem
1848 1744 2108 1789 terrarum

526 1844 868 1892 extenuatum
886 1841 941 1888 et
961 1830 1277 1894 emollitum,
1300 1827 1613 1895 diversoque
1638 1823 1866 1894 plurium
1885 1823 2107 1878 deorum

527 1943 711 1984 errore
735 1942 832 1983 ceu
859 1923 1084 1979 materia
1111 1921 1425 1990 dissipatum
1446 1960 1460 1984 ,
1497 1918 1727 1988 collegit,
1758 1924 1813 1971 et
1840 1929 1996 1971 unam
2043 1916 2107 1969 ﬁ-

526 2020 647 2077 dem
684 2017 839 2083 fecit,
888 2028 1046 2085 quam
1087 2012 1477 2067 ﬁrmamentum
1520 2017 1676 2064 vocat
1698 2006 1981 2077 Apostolus
2026 2004 2109 2060 his

530 2108 704 2165 verbis
727 2126 740 2162 :
766 2104 1057 2161 Secundum
1084 2104 1456 2173 ﬁrmamentum
1477 2100 1596 2169 ﬁdei
1621 2100 1674 2153 in
1695 2097 1947 2153 Christum
1972 2095 2104 2168 (Col.

526 2201 582 2254 2.
605 2200 685 2270 5).
708 2198 883 2253 Divisa
907 2205 990 2251 est
1016 2195 1173 2266 igitur
1192 2192 1453 2262 abyssus;
1478 2199 1697 2261 eratque
1721 2204 1854 2260 aqua
1883 2188 1968 2243 illa
1990 2204 2108 2259 qua:

530 2292 668 2348 infra
691 2291 936 2346 manebat
971 2287 1216 2359 abyssus,
1247 2294 1403 2354 atque
1438 2285 1596 2338 etiam
1624 2282 1710 2337 illa
1749 2296 1866 2352 quae
1898 2294 2107 2333 sursum

527 2392 582 2439 et
601 2380 842 2437 sublimis
861 2387 978 2435 erat
1001 2379 1245 2449 abyssus.
1272 2373 1424 2431 Unde
1449 2374 1583 2429 hoc?
1607 2372 1691 2427 Ait
1721 2371 1882 2426 David
1907 2389 1919 2423 :
1945 2370 2106 2441 Abys-

527 2491 615 2529 sus
672 2475 910 2543 abyssum
962 2470 1156 2524 inuocat
1202 2468 1257 2521 in
1307 2481 1427 2520 voce
1480 2474 1848 2518 caturactarum
1909 2477 2108 2515 tuarum

529 2568 712 2642 (Psal.
741 2568 826 2622 41.
861 2566 946 2637 8).
985 2563 1160 2618 Divisa
1190 2570 1272 2615 cst
1313 2561 1489 2627 itaque
1518 2558 1742 2628 abyssus
1764 2596 1780 2622 ,
1830 2565 1884 2610 et
1910 2555 2107 2609 factum

527 2670 612 2714 est
640 2660 1031 2713 ﬁrmamentum
1062 2671 1077 2707 :
1108 2652 1361 2721 deinceps
1403 2660 1542 2704 terra
1583 2657 1767 2718 operta
1801 2657 1913 2703 erat
1949 2661 2105 2716 aqua.

530 2750 598 2805 Et
626 2750 754 2804 dixit
785 2748 919 2802 Deus
937 2787 953 2813 ,
998 2745 1201 2815 inquit,
1234 2741 1572 2813 Congregetur
1596 2755 1727 2806 aqua
1750 2753 1862 2807 qua:
1888 2740 1978 2792 sub
2006 2751 2106 2791 cre-

529 2842 582 2896 lo
621 2848 693 2895 est
749 2840 801 2892 in
842 2835 1274 2908 congregationem
1326 2847 1478 2886 unam
1503 2871 1520 2899 ,
1573 2840 1620 2885 et
1664 2838 1907 2902 appareat
1962 2828 2111 2882 arida

533 2930 698 3005 (Gen.
730 2931 781 2985 ι.
811 2928 898 3000 9).

608 3021 797 3079 Contra
838 3012 1661 3083 Auamma—Quandoquidem
1696 3012 1874 3067 omnia
1915 3012 2109 3069 intelli-

534 3130 661 3186 gere
681 3114 865 3170 volunt
885 3111 1063 3166 miseri
1093 3109 1166 3165 illi
1194 3108 1449 3172 haeretici,
1477 3115 1527 3161 et
1559 3105 2110 3176 incomprehensibilis

534 3216 740 3263 naturae
764 3204 980 3260 modum
1006 3208 1341 3265 scrutantur,
1370 3198 1551 3253 dicant
1573 3196 1841 3267 quomodo
1879 3212 2109 3267 congre-

527 3305 646 3366 gata
672 3297 741 3351 sit
763 3310 919 3365 aqua,
947 3301 1038 3347 aut
1063 3301 1379 3361 congregata
1403 3302 1633 3359 quonam
1662 3291 1963 3342 recesserit.
1993 3286 2110 3342 Non

530 3388 693 3452 enim,
724 3384 1015 3443 secundum
1039 3398 1135 3437 vos
1159 3422 1175 3447 ,
1202 3383 1348 3437 nullo
1375 3380 1620 3435 examine
1648 3380 1868 3434 vecibus
1893 3378 2107 3434 lucren-

529 3484 654 3535 dum
684 3487 786 3541 est,
816 3477 907 3532 sed
936 3491 1024 3532 res
1048 3483 1173 3529 sunt
1210 3472 1531 3543 quaerendae.
1577 3471 1722 3526 Dixit
1759 3470 1899 3526 Deus
1930 3472 2109 3528 :Con-

529 3582 757 3645 θηρείην
784 3586 936 3640 aqua.
967 3566 1210 3634 Quonam
1237 3573 1555 3634 congregata
1588 3563 1723 3617 fuit?
1749 3563 1802 3618 ln
1831 3579 1997 3621 mare.
2027 3567 2109 3623 An

531 3678 678 3719 mare
706 3672 829 3717 tunc
854 3662 1066 3731 plenum
1096 3674 1202 3713 non
1231 3658 1388 3713 erat?
1409 3656 1571 3711 Terra
1600 3656 1749 3724 plena
1771 3665 1906 3719 erat,
1930 3658 2110 3727 utique

528 3770 659 3811 sane
686 3764 739 3810 et
763 3768 927 3808 mare.
955 3750 1196 3819 Quonam
1224 3749 1384 3819 igitur
1410 3755 1727 3817 congregata
1756 3752 1874 3803 est?
1900 3750 1996 3817 Qui
2019 3750 2108 3805 illa

529 3863 648 3917 quae
673 3847 726 3901 in
750 3845 972 3915 pedibus
1000 3842 1218 3906 habent,
1241 3855 1465 3911 qumque
1485 3840 1730 3895 videntur
1757 3855 1861 3895 non
1890 3850 2110 3910 possunt

529 3952 740 4009 capere,
762 3935 1154 3992 iuscrntabilem
1173 3931 1505 3987 altitudinem
1533 3931 1747 3985 curiose
1772 3932 2103 4001 perquirunt,

528 4040 583 4085 et
625 4025 1213 4098 incompreheu'sibilem
1258 4021 1555 4077 divinitatis
1597 4021 1881 4094 abyssum,
1933 4038 2107 4093 neque

465 4106 472 4128 ³
531 4136 677 4175 mare
698 4161 713 4186 ,
761 4118 902 4190 quod
929 4127 1011 4173 est
1049 4113 1584 4185 iueomprehcnsihile
1604 4153 1619 4179 ,
1655 4113 1890 4167 deterret
1917 4128 2012 4168 eos
2039 4112 2107 4168 ab

461 4200 467 4209 ’
528 4210 854 4281 explorando
891 4206 1130 4263 Artiﬁce.
1175 4204 1297 4260 ideo
1322 4203 1590 4259 hazreticis
1627 4202 1767 4257 dicat
1806 4204 2102 4274 propheta:

530 4299 861 4356 Erubescaut
905 4296 1186 4363 lucretici,
1235 4294 1370 4349 dixit
1427 4308 1610 4357 mare;
1661 4291 2104 4364 Quemadmodum

526 4392 696 4448 dixit:
722 4387 1180 4453 Erubesce,Sidon,
1200 4386 1330 4440 dixit
1355 4401 1493 4439 mare
1512 4389 1527 4417 ι
1564 4383 1712 4455 (Ism'.
1744 4384 1835 4440 25.
1863 4387 1940 4457 4).
1964 4386 2107 4453 Quo-

527 4499 653 4538 nam
679 4483 837 4552 igitur
861 4482 980 4536 loco
1000 4490 1334 4551 congregata:
1362 4489 1485 4534 sunt
1515 4479 1709 4548 aqmu?
1736 4478 1893 4533 Audi.
1923 4479 2106 4548 Quan-

527 4574 599 4630 do
625 4583 820 4628 terram
847 4572 974 4627 fecit
1002 4573 1142 4626 Deus
1161 4611 1176 4636 ,
1222 4573 1455 4625 nondum
1485 4580 1632 4625 erant
1675 4585 1905 4625 concava
1950 4587 2105 4625 mon-

531 4666 696 4731 tium;
725 4664 818 4720 sed
848 4662 1005 4719 simul
1031 4671 1192 4732 atque
1211 4660 1374 4727 dixit,
1405 4658 1747 4731 Congregetur
1770 4677 1902 4730 aqua
1920 4702 1935 4728 ,
1965 4670 2104 4720 terra

527 4757 740 4828 dirupta
765 4765 849 4812 est
871 4795 889 4822 ,
918 4768 983 4811 ac
1017 4753 1165 4809 sinus
1194 4750 1337 4808 fecit.
1368 4751 1496 4818 Qua:
1522 4767 1607 4805 res
1636 4760 2103 4820 commonstratur,

530 4864 721 4919 nempe
744 4847 886 4919 quod
913 4856 1054 4902 terra
1078 4845 1286 4915 dirupta
1317 4842 1501 4908 fuerit,
1527 4858 1593 4898 ex
1621 4842 1807 4898 insulis
1827 4851 1883 4899 et
1910 4846 2108 4899 monti-

530 4939 628 4993 bus
654 4940 779 4996 hinc
800 4940 924 4995 inde
946 4938 1149 5009 positis.
1182 4936 1411 5006 Ideoque
1434 4934 1648 5002 reliquit
1675 4934 1813 4989 Deus
1836 4935 2032 4991 insulas
2052 4945 2110 4992 et

532 5040 775 5097 montes,
825 5038 885 5085 ut
924 5030 1098 5086 discas
1126 5044 1189 5086 ea
1223 5043 1252 5083 a
1291 5027 1552 5099 principio
1577 5026 1857 5096 conjuncta
1898 5026 2059 5084 fuisse
2088 5045 2105 5084 :

533 5122 624 5175 Dei
651 5128 828 5174 autem
846 5120 1066 5175 verbum
1094 5119 1212 5175 hazc
1239 5119 1556 5189 segregavit.
1583 5116 1924 5187 Congregetur
1950 5133 2105 5187 aqua,

533 5210 725 5266 nudata
750 5218 835 5265 est
860 5217 1025 5265 terra.
1046 5209 1332 5266 Sciendum
1361 5221 1537 5264 autem
1558 5249 1575 5277 ,
1628 5218 1821 5264 terram
1846 5249 1861 5273 ,
1887 5225 2005 5279 qua:
2030 5210 2108 5266 sic

531 5301 691 5377 liodje
717 5299 1043 5371 appellatur,
1071 5314 1101 5354 a
1125 5300 1233 5355 Deo
1259 5314 1361 5355 nec
1400 5310 1593 5355 terram
1624 5313 1743 5354 esse
1770 5299 1979 5365 factam,
2012 5314 2108 5356 ne-

531 5408 638 5465 que
658 5391 759 5448 hoc
784 5391 997 5447 nomine
1032 5400 1272 5445 vocatam
1308 5409 1321 5446 :
1350 5391 1442 5446 scd
1465 5406 1495 5445 a
1526 5391 1783 5461 principio
1823 5390 2108 5448 creatiouis

533 5500 729 5543 nomen
751 5487 868 5556 ejus
891 5481 1073 5547 fuisse,
1089 5481 1257 5549 arida,
1279 5491 1336 5536 ut
1356 5483 1428 5537 ait
1452 5482 1612 5537 David
1639 5501 1651 5537 :
1678 5484 1927 5550 Quoniam
1952 5484 2109 5555 ipsius

593 5602 609 5630 ι
639 5603 785 5660 Haec,
809 5591 1476 5660 quemadmodum
1504 5592 1633 5645 dixit
1672 5608 1833 5658 mare,
1864 5610 2026 5659 neque
2058 5598 2107 5646 in

530 5658 669 5725 ﬂavit.
695 5654 859 5725 neque
884 5654 1204 5725 intlonilieﬁs.
1231 5654 1478 5717 leguntur.

594 5719 666 5784 (ul
701 5719 971 5772 sic'desiuit
996 5719 1269 5771 Vaticanus.

1972 271 2333 330 sevennnr
2612 230 2621 237 ’
3111 262 3117 273 ·
3638 281 3725 338 με

2214 395 2287 439 est
2316 399 2473 450 mare,
2504 392 2551 439 et
2575 384 2684 453 ipse
2707 383 2825 453 fecit
2848 381 2997 449 illud,
3030 390 3075 437 et
3100 381 3294 437 aridam
3316 383 3623 453 [merant
3640 407 3730 445 nta-

2211 494 2306 532 nus
2333 476 2481 547 ejus(
2498 475 2647 531 Psat.
2678 476 2770 533 94.
2799 474 2889 547 5).
2929 473 3091 530 Arida
3119 468 3252 530 facta
3280 483 3381 541 est,
3408 481 3741 547 cognominata

2210 578 2387 625 autem
2425 568 2520 623 fuit
2549 579 2689 624 terra
2719 584 2733 622 :
2762 567 3211 639 quemadmodum
3238 566 3339 624 hoc
3381 568 3730 627 ﬁrmamentum

2213 660 2483 717 conditum
2503 669 2622 728 est,
2671 668 2727 717 et
2767 670 3011 716 vocatum
3053 669 3137 716 est
3173 660 3376 716 cadum.
3420 660 3571 717 Facto
3603 662 3733 732 igitur

2212 766 2465 822 aquarum
2491 751 2740 818 divortio,
2772 751 2968 821 prodiit
2988 750 3157 818 arida,
3181 751 3411 820 speciem
3438 750 3621 808 habens
3640 754 3733 807 ine-

2211 840 2394 897 briatus
2418 851 2574 897 terra:
2599 859 2615 897 :
2636 857 2788 912 aquae
2812 842 2954 897 enim
2982 842 3284 911 nuperrime
3311 851 3635 897 recesserant.
3654 842 3734 898 Ubi

2210 948 2337 1003 ergo
2374 931 2583 988 detecta
2625 932 2723 987 fuit
2760 941 2936 998 terra,
2974 932 3125 1001 jubet
3160 931 3378 988 Creator
3406 947 3421 985 :
3452 950 3471 984 ι
3503 931 3736 989 Germinet

2214 1033 2350 1077 terra
2373 1022 2591 1079 herbam
2622 1022 2771 1086 faeni,
2801 1021 3154 1078 seminantem
3180 1037 3362 1077 semen
3382 1021 3645 1077 secundum
3662 1038 3735 1093 ge-

2213 1131 2311 1170 nus
2341 1124 2395 1170 et
2417 1114 2709 1171 secundum
2739 1114 3142 1170 similitudinem
3162 1155 3179 1181 ,
3219 1123 3272 1170 et
3299 1116 3492 1186 lignum
3536 1115 3736 1171 fructife-

2209 1221 2351 1273 rum,
2379 1206 2530 1276 cujus
2552 1221 2738 1261 semen
2765 1206 2820 1260 in
2845 1205 2960 1276 ipso
2988 1206 3077 1271 sit,
3110 1205 3399 1260 secundum
3427 1220 3581 1276 genus
3601 1216 3649 1260 et
3669 1221 3737 1262 se-

2210 1297 2437 1350 cundum
2478 1296 2879 1369 similitudinem
2915 1314 2934 1348 ι
2978 1294 3140 1365 (Gen.
3184 1296 3237 1350 1.
3284 1295 3381 1366 11)
3417 1296 3623 1366 :Neque
3660 1297 3738 1352 hoc

2211 1386 2415 1456 pudore
2441 1386 2605 1441 afﬁcit
2626 1387 2929 1442 hatreticos.
2958 1386 3132 1441 llerba
3158 1394 3215 1442 et
3240 1386 3384 1457 ligna
3404 1396 3455 1441 et
3477 1384 3654 1441 faenum
3672 1402 3740 1456 ge-

2211 1490 2401 1535 nerant
2425 1480 2714 1535 secundum
2746 1480 3149 1535 similitudinem
3174 1519 3190 1545 ,
3234 1490 3290 1535 et
3320 1481 3456 1536 Deus
3476 1480 3739 1534 dissimilem

2209 1570 2309 1625 sibi
2345 1572 2568 1643 genuit?
2597 1573 2664 1627 Et
2683 1587 2802 1627 cum
2820 1573 3190 1643 quadrupedes
3219 1587 3437 1627 rursum
3458 1612 3472 1637 ,
3502 1571 3680 1640 reptilia
3700 1582 3743 1624 et

2210 1676 2337 1718 aves
2377 1661 2515 1718 facta
2540 1672 2697 1730 sunt,
2741 1663 2870 1719 dicit
2911 1664 3050 1718 Deus
3083 1681 3098 1718 :
3129 1662 3371 1717 Educant
3406 1679 3542 1734 aqua
3578 1663 3740 1732 reptilia

2210 1754 2495 1808 animarum
2518 1756 2778 1809 viventium
2804 1796 2820 1822 ,
2849 1764 2897 1809 et
2925 1754 3149 1809 volatilia
3177 1755 3399 1809 volantia
3427 1770 3569 1823 super
3591 1763 3740 1806 terram

2210 1846 2484 1900 secundum
2509 1862 2669 1918 genus
2696 1844 2859 1917 (Gen.
2890 1847 2945 1900 1.
2976 1845 3046 1900 20
3066 1849 3107 1916 ).
3137 1845 3311 1912 Ferte,
3339 1844 3563 1915 reptilia,
3591 1844 3740 1897 volati-

2212 1935 2302 2003 lia,
2340 1935 2598 2003 nalatilia,
2625 1936 2807 2001 herba,
2850 1934 3073 2002 fanum,
3107 1935 3283 2006 ligua,‘
3304 1934 3587 1989 secundum
3612 1947 3743 2003 genus

2211 2038 2266 2083 et
2294 2026 2585 2084 secundum
2618 2028 3016 2083 similitudinem
3038 2036 3296 2098 generant
3328 2045 3341 2081 :
3371 2027 3612 2097 soluSque
3638 2027 3743 2080 Deus

2210 2119 2522 2175 dissimilem
2548 2120 2773 2191 genuit?
2801 2117 3043 2190 Cumque
3069 2133 3167 2174 nos
3191 2118 3398 2173 creavit
3428 2119 3579 2184 Deus,
3604 2117 3743 2171 dixit:

2214 2206 2487 2264 Faciamus
2515 2210 2767 2264 hominem
2804 2209 2872 2263 ad
2913 2211 3181 2281 imaginem
3208 2218 3252 2263 et
3285 2208 3651 2263 similitudinem
3677 2223 3746 2259 no-

2209 2312 2366 2356 stram
2398 2300 2561 2373 (Gen.
2601 2303 2653 2357 1,
2680 2301 2785 2372 26)
2820 2320 2838 2357 :
2866 2317 3000 2373 opus
3030 2312 3112 2356 est
3151 2301 3453 2357 secundum
3493 2299 3746 2357 similitudi-

2212 2408 2356 2456 nem,
2383 2403 2438 2448 et
2461 2393 2651 2448 artifex
2672 2393 2949 2449 dissimilis
2970 2394 2993 2447 ἶ
3446 2449 3453 2455 ,

2279 2485 2334 2539 2.
2378 2484 2482 2541 Sed
2528 2500 2640 2540 rem
2693 2486 2882 2539 miram
2913 2484 3032 2540 vide
3060 2502 3074 2538 :
3105 2499 3249 2554 srepe
3284 2500 3517 2555 namque
3548 2482 3749 2538 haeretica

2216 2575 2453 2646 nequitia
2480 2575 2755 2630 latibulum
2784 2576 2998 2645 reperit.
3024 2575 3115 2641 Si,
3146 2575 3348 2645 inquit,
3380 2577 3452 2630 ita
3485 2574 3658 2630 dixeris
3678 2570 3747 2625 Fi-

2211 2665 2338 2719 limn
2362 2664 2656 2720 secundum
2683 2663 3102 2729 similitudinem,
3139 2673 3196 2718 ut
3224 2673 3279 2719 et
3312 2680 3410 2720 nos
3434 2707 3450 2732 ,
3488 2665 3537 2719 id
3559 2663 3749 2718 admitti-

2216 2772 2355 2812 mus.
2402 2755 2687 2812 Enimvero
2716 2756 2857 2810 aliud
2898 2766 2982 2812 est
3024 2766 3229 2811 nature
3275 2757 3603 2821 similitudo,
3636 2752 3750 2808 aliud

2210 2850 2416 2921 gratim.
2447 2849 2555 2905 Nos
2580 2848 2871 2905 secundum
2901 2848 3303 2904 similitudinem
3325 2889 3340 2915 ,
3388 2849 3474 2904 ille
3501 2844 3751 2904 similitudo

2211 2952 2293 2997 cst
2320 2958 2335 2995 :
2363 2957 2484 2996 nam
2511 2941 2612 3009 Qui
2631 2941 2750 2995 vidit
2770 2957 2868 3006 me,
2893 2940 3013 2994 vidit
3042 2939 3249 2994 Patrem
3270 2938 3449 3010 (Joan.
3479 2942 3564 2994 l4.
3582 2938 3751 3007 9);nos

2211 3033 2501 3089 secundum
2540 3032 2959 3087 similitudinem.
2998 3030 3194 3086 δεῖνος
3228 3040 3410 3085 autem
3447 3032 3545 3086 Dei
3582 3035 3752 3100 oportet

2211 3128 2498 3184 dictionum
2525 3125 2829 3182 discrimina
2855 3140 3115 3195 qumrere.
3144 3123 3284 3178 Dixit
3322 3124 3460 3178 Deus
3491 3140 3504 3177 :
3544 3120 3750 3177 Gemina

2212 3231 2346 3276 terra
2373 3220 2576 3275 herbam
2599 3219 2722 3289 fami
2744 3259 2761 3285 ,
2791 3228 2837 3272 et
2865 3218 3060 3289 lignum
3088 3217 3415 3289 [ructiferum
3451 3218 3633 3289 faciens
3667 3216 3751 3286 {ru-

2212 3324 2366 3365 ctum.
2401 3310 2599 3366 Deinde
2628 3309 2756 3364 dicit
2784 3326 2798 3362 :
2831 3306 3031 3361 Educat
3072 3318 3207 3361 terra
3241 3307 3588 3377 quadrupedes
3618 3315 3658 3358 et
3686 3304 3751 3355 be-

2211 3404 2352 3456 stias.
2383 3401 2489 3456 Cur
2517 3400 2587 3454 ibi
2610 3439 2624 3463 ,
2657 3397 2931 3463 Germinet,
2959 3395 3065 3462 hic,
3106 3394 3326 3461 Educat,
3354 3396 3518 3452 dicit?
3543 3394 3752 3451 Germina

2182 3504 2266 3565 .et
2294 3496 2428 3564 ligna
2455 3493 2760 3562 fructusque
2785 3490 3067 3561 quotannis
3107 3491 3431 3560 germinant.
3470 3488 3601 3557 Quia
3627 3488 3752 3557 igitur

2211 3588 2413 3642 setnina
2440 3586 2491 3639 in
2516 3593 2655 3639 terra
2684 3597 2933 3636 tnausura
2958 3591 3112 3647 erant
3135 3621 3151 3647 ,
3196 3589 3249 3634 et
3277 3595 3342 3633 ex
3368 3579 3458 3633 illa
3488 3577 3748 3648 proditum,

2214 3679 2332 3735 ideo
2359 3680 2430 3733 ait
2453 3720 2468 3747 ,
2497 3678 2765 3735 Gernn'nct.
2800 3676 2864 3731 Et
2897 3677 3039 3731 circa
3068 3674 3319 3729 animalia
3341 3715 3356 3739 ,
3396 3674 3583 3729 Educet
3603 3715 3617 3739 ,
3657 3669 3749 3740 qui:

2212 3786 2335 3827 cum
2357 3771 2523 3826 semel
2547 3786 2611 3826 ex
2642 3781 2780 3824 terra
2807 3778 2923 3823 orta
2947 3776 3145 3833 essent,
3172 3782 3276 3821 non
3304 3767 3441 3820 ultra
3465 3782 3492 3818 a
3516 3758 3750 3826 terra,sed

2211 3879 2313 3936 per
2340 3863 2733 3918 successionem
2761 3860 3064 3930 gignuntur.
3101 3856 3319 3910 Factum
3345 3866 3416 3911 est
3440 3859 3528 3909 ita.
3554 3854 3748 3909 Verbum

2210 3957 2264 4008 in
2291 3969 2425 4024 opus
2445 3953 2679 4009 decurrit
2706 3970 2719 4019 ;
2749 3960 2933 4006 ornata
2961 3950 3056 4004 fuit
3078 3958 3252 4015 terra;
3281 3947 3555 4018 Oportebat
3571 3948 3747 4000 demum

2211 4048 2389 4102 ornari
2416 4046 2627 4102 caelum.

2280 4137 2383 4193 Cur
2421 4138 2575 4191 solem
2602 4144 2651 4191 et
2689 4134 2862 4188 lunam
2885 4149 2986 4187 non
3017 4132 3179 4203 primo
3207 4131 3290 4185 die
3332 4132 3499 4202 fecerit
3539 4127 3673 4183 Deus.
3694 4150 3748 4165 -

2210 4230 2315 4285 Cur
2344 4229 2491 4299 prius
2513 4237 2705 4282 terram
2739 4235 2996 4289 exornat,
3023 4239 3181 4293 quam
3207 4222 3394 4277 ca‘lum
3414 4221 3437 4272 ?
3456 4221 3655 4289 Propter
3673 4228 3746 4269 er—

2211 4337 2386 4378 rorem
2409 4302 2780 4390 multiplicium
2806 4317 3052 4382 deorum,
3082 4316 3173 4386 qui
3203 4316 3504 4370 cxorilurus
3523 4322 3642 4376 erat,
3661 4322 3745 4378 quo

2209 4414 2410 4478 solem,
2436 4411 2615 4465 lunam
2641 4451 2657 4475 ,
2687 4408 2869 4463 stellas
2895 4407 3193 4462 coluerunt.
3245 4404 3387 4459 Dixit
3432 4404 3588 4466 Deus,
3615 4398 3742 4453 Fiant

2210 4503 2480 4559 luminaria
2508 4502 2560 4554 in
2604 4501 2923 4568 ﬁrmamento
2949 4497 3059 4551 catli
3106 4495 3311 4566 (Cenes.
3346 4498 3399 4551 1.
3430 4496 3533 4567 ﬂ).
3560 4492 3651 4548 Cur
3671 4504 3740 4543 so-

2212 4595 2316 4651 lem
2343 4604 2395 4647 et
2420 4593 2597 4648 lunam
2630 4606 2734 4644 non
2763 4589 2937 4659 primo
2979 4589 3067 4642 die
3095 4586 3261 4642 fecit?
3284 4588 3416 4654 Quia
3448 4585 3657 4641 nondum
3680 4581 3742 4633 fa-

2211 4700 2352 4742 ctum
2384 4684 2557 4739 fuerat
2583 4682 2996 4745 ﬁrmamentum,
3022 4680 3072 4733 in
3103 4695 3208 4750 quo
3238 4680 3324 4733 illa
3349 4678 3580 4749 ponenda
3600 4680 3739 4730 erant.

2211 4778 2393 4847 Neque
2408 4776 2478 4832 ob
2496 4777 2632 4830 hanc
2653 4785 2858 4829 tantum
2871 4787 3088 4829 causam
3107 4788 3121 4839 ;
3136 4769 3233 4826 sed
3248 4772 3371 4842 quia
3389 4770 3604 4828 nondum
3620 4767 3738 4819 erant

2215 4870 2416 4925 fructus
2438 4909 2454 4936 ,
2481 4868 2570 4940 qui
2600 4867 2669 4923 ab
2712 4867 2819 4923 illis
2852 4868 3177 4922 foverentur.
3223 4864 3405 4921 Tertio
3449 4874 3650 4931 namque
3670 4854 3735 4908 die

2212 4960 2416 5017 fructus
2460 4960 2848 5032 germinarunt.
2879 4958 2959 5013 Ac
2987 4972 3054 5013 ne
3080 4966 3359 5027 putaretur
3401 4957 3519 5012 illos
3557 4969 3611 5008 ex
3637 4945 3732 5003 solis

2213 5063 2398 5110 natura
2424 5054 2774 5125 germinasse,
2804 5059 2927 5122 post
2949 5049 3250 5105 absolutam
3276 5050 3614 5110 creationem,
3639 5048 3731 5093 tunc

2215 5147 2356 5203 Deus
2404 5146 2526 5202 fecit
2573 5147 2740 5201 solem
2765 5184 2778 5211 ,
2810 5144 2989 5198 lunam
3016 5152 3071 5198 et
3103 5142 3307 5197 stellas.
3352 5141 3605 5197 Uudcuam
3627 5133 3732 5187 Deus

2215 5238 2304 5294 illa
2327 5237 2492 5294 fecit?
2522 5236 2728 5293 Dictum
2766 5244 2851 5292 est
2870 5235 3013 5291 enim
3059 5233 3230 5305 ipsum
3260 5235 3431 5304 primo
3458 5232 3537 5286 die
3573 5241 3629 5283 ex
3651 5234 3731 5276 Ιιοιι

2214 5330 2542 5387 exstantibus
2562 5338 2750 5384 cuncta
2777 5327 2969 5384 fecisse
2991 5368 3006 5392 ,
3037 5325 3258 5396 reliquis
3304 5335 3476 5380 autem
3504 5318 3663 5377 diebus
3681 5322 3729 5362 ει

2214 5425 2562 5480 exstantibus.
2589 5421 2741 5478 Unde
2761 5434 2891 5491 ergo
2919 5418 3041 5473 sol?
3064 5418 3139 5472 Ex
3189 5418 3307 5472 luce
3332 5432 3449 5488 qua:
3487 5416 3633 5484 primo
3664 5401 3731 5455 die

2217 5520 2351 5572 facta
2380 5516 2551 5572 fuerat
2572 5556 2587 5582 ,
2619 5530 2779 5585 quam
2818 5512 3042 5567 mutavit
3080 5518 3139 5565 ut
3167 5510 3334 5565 voluit
3355 5505 3576 5564 Artifex,
3596 5500 3637 5553 in
3662 5505 3733 5544 tuo

2217 5612 2427 5680 riasqne
2468 5608 2674 5681 species
2702 5605 2964 5661 convertit
2995 5621 3009 5659 :
3043 5603 3152 5660 illic
3188 5603 3324 5658 lucis
3361 5600 3638 5657 materiam,
3664 5584 3735 5639 Ιιὶα

2222 5703 2401 5762 stellas
2426 5720 2439 5758 :
2465 5699 2906 5774 quemadmodum
2934 5698 2979 5755 si
2996 5698 3115 5769 quis
3140 5696 3471 5769 prmmitterct
3497 5686 3598 5745 auri
3616 5693 3732 5737 ritas-
