3982 6198
274 311 379 370 449

272 444 387 485 sam
414 470 430 493 ,
466 426 694 499 indeque
724 436 908 498 postea
952 442 1145 483 aureos
1189 427 1437 492 cuderet;
1467 427 1545 481 sic
1594 427 1856 496 disposuit

271 519 406 574 lucis
432 528 704 573 ornatum.
741 518 1197 585 Quemadmodmn
1244 518 1384 572 enim
1416 519 1665 589 abyssum
1687 560 1702 585 ,
1731 534 1849 588 qua:

271 619 399 665 tunc
425 625 526 663 ttna
555 617 669 664 erat
697 624 855 678 aqua,
882 609 1060 663 divisit
1087 611 1140 663 in
1172 609 1358 674 maria,
1386 607 1622 674 ﬁumina,
1657 608 1849 674 fontes,

274 704 453 764 lacus,
485 712 672 769 puteos
705 717 717 752 :
743 700 821 754 sic
847 709 901 754 et
928 701 1128 763 lucem,
1159 716 1278 769 quae
1306 715 1407 753 una
1432 700 1691 769 uniusque
1731 714 1853 769 spe-

266 794 369 847 ciei
399 800 536 853 erat,
555 791 828 847 dissecatis
855 788 1058 845 Krtifex
1083 791 1259 847 divisit
1291 792 1343 845 in
1371 791 1561 855 solem,
1594 791 1770 844 lunam
1798 801 1851 845 et

270 883 472 936 stellas.
507 881 673 936 Porro
701 881 829 935 libet
856 881 1124 950 inquirere
1148 921 1162 945 ,
1193 882 1460 951 quomodo
1496 880 1683 935 fecerit
1714 881 1850 936 Dens

268 972 549 1029 luminaria
581 991 594 1027 :
626 972 834 1028 videtur
856 973 997 1027 enim
1028 988 1087 1027 ea
1108 984 1255 1028 extra
1283 973 1473 1028 cst-lum
1503 972 1806 1028 condidisse
1830 1013 1845 1038 ,

272 1077 328 1116 te
356 1071 465 1116 tum
498 1064 742 1131 superius
768 1063 967 1119 ﬁxisse.
987 1063 1444 1131 Quemadmodum
1484 1062 1708 1127 artifex,
1727 1078 1846 1118 cum

271 1153 495 1222 perfecit
520 1155 799 1224 imaginem
819 1195 832 1217 ,
867 1162 1003 1208 tune.
1034 1156 1084 1208 in
1115 1155 1319 1224 pariete
1346 1153 1512 1223 inﬁgit
1555 1154 1699 1208 illam
1726 1172 1738 1206 :
1772 1155 1849 1209 sic

271 1245 413 1300 Deus
444 1246 615 1314 primo
655 1247 776 1301 fecit
810 1246 991 1309 stellas
1020 1256 1174 1302 extra
1219 1247 1408 1300 ctelum
1434 1289 1448 1312 ,
1476 1255 1705 1317 tuncque
1733 1247 1845 1301 fixit

269 1352 360 1392 cas
407 1352 618 1393 sursum
643 1380 658 1404 ,
685 1339 823 1392 sicut
848 1339 1033 1392 artifex
1059 1379 1074 1403 ,
1107 1346 1164 1392 ut
1194 1339 1504 1392 testiﬁcatur
1529 1337 1798 1407 Scriptura
1831 1357 1844 1393 :

275 1427 336 1487 Et
358 1430 477 1499 fecit
504 1429 638 1482 licus
669 1431 770 1483 duo
801 1431 1091 1494 luminaria,
1120 1439 1166 1484 et
1198 1432 1361 1499 posuit
1384 1432 1473 1484 illa
1500 1433 1552 1484 in
1578 1431 1699 1484 cwlo
1722 1430 1847 1499 (Ge-

273 1538 375 1575 aes.
416 1522 467 1575 l.
522 1521 609 1576 lli.
659 1521 767 1591 l7).
800 1523 1076 1589 Quomodo
1119 1533 1293 1577 autem
1351 1525 1437 1577 illa
1490 1525 1845 1580 inlixit?uum

268 1611 426 1665 ambo
450 1608 604 1665 simul
633 1623 753 1665 ante
775 1624 1048 1682 compacta
1075 1614 1258 1669 erant?
1285 1615 1339 1669 ld
1367 1615 1556 1669 rationi
1579 1625 1660 1671 est
1686 1617 1845 1671 abso-

268 1717 418 1757 num.
464 1702 568 1756 Sed
609 1702 770 1772 quid?
813 1703 1116 1759 Secundum
1156 1706 1248 1759 Dei
1275 1722 1460 1761 vocem
1502 1708 1614 1778 ipsa
1665 1708 1848 1764 inﬁxio

269 1791 385 1847 fuit.
416 1791 620 1858 Posuit,
652 1794 858 1863 inquit,
895 1795 1028 1850 Deus
1056 1796 1328 1850 luminaria
1347 1840 1361 1861 ,
1392 1798 1640 1853 luminare
1682 1801 1847 1870 majus

267 1881 318 1934 in
363 1882 675 1951 principatus
704 1883 912 1948 diei,et
956 1886 1210 1939 luminare
1234 1888 1397 1940 minus
1444 1887 1496 1940 in
1536 1889 1846 1958 principatus

269 1976 447 2029 noctis.
479 1974 608 2029 Cum
636 1977 714 2031 sol
756 1975 891 2031 fixus
916 1986 999 2032 est
1029 1978 1100 2032 in-
1125 1979 1331 2033 oriente
1351 2020 1365 2045 ,
1395 1980 1519 2034 luna
1551 1981 1652 2034 ﬁxa
1683 1990 1764 2035 est
1790 1982 1841 2034 in

269 2067 544 2121 occidente
576 2085 588 2121 :
619 2069 869 2138 quoniam
893 2068 1015 2125 huic
1042 2072 1253 2141 quidem
1276 2071 1481 2141 jussum
1509 2072 1673 2127 fuerat
1701 2089 1846 2145 pra:-

271 2171 392 2211 esse
430 2159 566 2212 nocti
591 2198 603 2220 ,
634 2159 710 2213 illi
738 2176 866 2215 vero
907 2160 1033 2216 diei.
1064 2162 1223 2218 Facta
1270 2164 1430 2233 igitur
1480 2172 1562 2220 est
1606 2165 1728 2222 luna
1754 2207 1768 2232 ,
1792 2176 1846 2221 et

270 2247 445 2316 primo
471 2248 558 2305 die
600 2250 756 2320 plena
781 2251 1029 2322 gignitur.
1075 2253 1190 2308 Non
1220 2256 1364 2309 enim
1397 2270 1491 2324 par
1518 2265 1634 2310 erat
1662 2256 1841 2310 statim

265 2338 511 2392 mutilum
568 2354 702 2410 Opus
753 2356 1049 2410 apparere;
1106 2344 1217 2409 setL
1244 2345 1521 2414 Oportebat
1585 2346 1844 2401 luminare

262 2428 473 2483 ostendi
519 2430 676 2499 quale
713 2428 911 2485 factum
937 2443 1039 2487 est.
1073 2432 1264 2501 Postea
1307 2450 1431 2490 vero
1458 2452 1522 2491 ex
1551 2438 1843 2492 mutatione

261 2519 495 2574 ostendit
527 2529 763 2590 tempora
790 2530 844 2577 et
887 2531 1229 2592 tempestates
1259 2534 1313 2581 et
1338 2527 1540 2583 dierum
1577 2529 1842 2585 vicissitu-

260 2610 432 2665 dines.
468 2609 618 2665 lllam
653 2610 811 2683 igitur
832 2616 1013 2670 condit
1037 2599 1182 2672 Deus
1210 2618 1358 2688 quasi
1389 2618 1650 2674 decimam
1681 2622 1840 2689 quin-

262 2718 367 2761 tam
407 2707 647 2776 plenam.
687 2708 776 2766 Sol
818 2722 967 2768 ortus
1011 2724 1093 2768 est
1118 2729 1274 2770 mane
1307 2716 1555 2784 :quando
1583 2716 1724 2770 cnim
1756 2717 1838 2770 in-

258 2795 358 2850 ﬁxa
383 2799 481 2852 fttit
505 2799 631 2853 luna
653 2800 704 2853 in
731 2803 1000 2857 matutinis
1021 2803 1185 2869 horis,
1206 2806 1448 2874 apparuit
1465 2806 1518 2861 in
1539 2806 1836 2867 occidente.

260 2888 353 2946 Ubi
384 2892 548 2962 igitur
572 2893 654 2947 sol
679 2909 891 2949 cursum
921 2909 1073 2950 suum
1118 2897 1183 2951 ad
1211 2898 1538 2954 occidentem
1585 2899 1837 2954 conﬁcie-

258 2980 365 3047 bat,
400 2984 526 3037 luna
557 2985 735 3040 statim
751 2986 817 3040 ad
847 2996 1022 3042 ortum
1050 2988 1331 3056 veniebat,
1356 2997 1414 3044 ut
1435 2990 1743 3061 impleretur
1766 2992 1834 3047 il-

256 3072 343 3129 lud
370 3092 382 3127 :
416 3074 754 3131 Demittentur
774 3079 874 3133 diei
902 3090 946 3134 et
972 3080 1105 3133 nocti
1133 3079 1369 3151 (Ibidem.
1398 3097 1443 3135 υ.
1480 3083 1593 3148 18).

325 3163 464 3219 Deus
484 3182 578 3219 cur
599 3165 770 3221 lunam
784 3169 981 3236 plenam
1000 3171 1160 3239 primo
1182 3173 1602 3242 [ecerit.—Aliud
1619 3174 1829 3230 demum

253 3259 511 3325 quaeritur
537 3277 549 3311 :
580 3275 675 3313 cur
715 3259 856 3314 Deus
898 3262 1077 3316 lunam
1125 3264 1332 3332 plenam
1380 3265 1542 3321 fecit?
1580 3268 1829 3322 Animum

252 3348 628 3404 adltilie:alta
684 3352 825 3406 enim
877 3362 958 3407 est
1010 3357 1292 3409 sententia.
1350 3356 1639 3427 Oportebat
1686 3361 1827 3415 illam

249 3450 439 3509 quarta
469 3441 553 3496 die
585 3442 772 3497 factam
793 3485 808 3508 ,
838 3454 1077 3514 quartam
1103 3447 1294 3503 lucere.
1326 3449 1394 3503 At
1422 3450 1465 3503 si
1490 3460 1674 3520 quarta
1698 3452 1828 3507 fuis-

246 3543 358 3601 set,
389 3550 652 3589 summum
683 3536 975 3593 occidentis
1001 3553 1103 3593 non
1133 3550 1461 3610 occupasset.
1486 3542 1704 3598 Inventa
1733 3545 1830 3615 igi-

248 3632 340 3678 tur
377 3634 457 3680 est
480 3627 743 3683 excedens
772 3628 1014 3685 undecim
1058 3630 1172 3686 dies
1199 3648 1214 3685 :
1244 3642 1427 3702 quarta
1458 3633 1592 3689 facta
1631 3645 1743 3699 est,
1777 3649 1831 3692 et

244 3716 542 3785 apparebat
586 3727 640 3772 ut
688 3719 1074 3789 quintadecima
1117 3722 1409 3777 :undecim
1458 3740 1586 3794 ergo
1641 3725 1829 3782 diebus

242 3805 378 3860 luna
417 3807 581 3862 solem
609 3808 979 3878 praecedebat,
1011 3810 1115 3864 non
1141 3812 1431 3867 secundum
1460 3818 1783 3871 creationem
1811 3858 1825 3881 ,

240 3898 343 3952 sed
376 3898 665 3953 secundum
694 3898 825 3953 lucis
851 3900 1211 3970 splendorem.
1252 3901 1607 3969 Quamobrem
1636 3906 1826 3975 quibus

238 3995 377 4042 tunc
406 3987 526 4043 luna
553 3990 842 4045 excedebat
861 3991 1050 4047 diebus
1074 4033 1088 4058 ,
1121 4006 1216 4048 eos
1243 3993 1341 4048 soli
1371 3994 1616 4049 restituit.
1664 3995 1826 4051 Lunae

235 4080 390 4134 enim
419 4095 481 4135 ac
504 4081 704 4136 mensis
722 4082 979 4152 cujuSque
1009 4098 1280 4151 numerus,
1301 4099 1332 4139 a
1350 4085 1532 4155 viginti
1558 4102 1747 4141 novem
1774 4096 1829 4142 et

234 4171 466 4225 dimidio
492 4172 698 4241 diebus,
729 4172 782 4228 in
803 4174 1079 4229 duodecim
1107 4177 1231 4231 anni
1262 4177 1554 4243 mensibus,
1587 4177 1702 4232 dies
1733 4178 1829 4232 ha-

231 4261 330 4316 bet
387 4272 652 4319 trecentos
678 4264 1052 4335 quinquaginta
1076 4274 1322 4337 quatuor.
1355 4266 1491 4322 Nam
1533 4269 1576 4322 si
1620 4270 1688 4323 ita
1716 4269 1825 4324 cal-
1908 4324 1909 4327 η

230 4352 427 4405 culum
471 4353 714 4422 posueris
733 4395 746 4418 ,
772 4362 828 4408 ut
855 4355 1052 4409 mensis
1075 4357 1141 4410 sit
1171 4355 1376 4411 dierum
1405 4358 1587 4427 viginti
1632 4373 1821 4414 novem

226 4454 291 4505 et
367 4444 608 4512 dimidii,
648 4446 774 4500 anni
832 4447 948 4501 dies
999 4456 1123 4502 sunt
1171 4450 1394 4505 trecenti
1440 4451 1819 4521 quinquaginta

225 4544 492 4606 quatuor,
524 4546 581 4590 ut
608 4552 743 4607 quos
786 4537 909 4591 luna
942 4547 1067 4593 tunc
1108 4542 1281 4610 rapuit
1320 4541 1501 4611 plures
1544 4543 1658 4598 dies
1683 4584 1696 4608 ,
1727 4559 1821 4612 per

220 4616 444 4681 annum
489 4628 589 4684 soli
631 4628 840 4685 reddat.
892 4629 1152 4702 Supputet
1203 4635 1292 4703 qui
1335 4635 1452 4705 ejus
1504 4636 1638 4692 artis
1682 4636 1823 4707 peri-

222 4726 320 4772 tus
349 4725 457 4772 est.

301 4811 369 4865 3.
406 4810 557 4866 Fiant
573 4813 848 4869 luminaria
871 4816 922 4869 in
935 4816 1249 4885 ﬁrmamento
1268 4820 1378 4874 cwli
1392 4860 1408 4885 ,
1431 4830 1483 4874 ut
1506 4820 1702 4875 luceant
1732 4838 1818 4876 su-

217 4918 322 4971 per
351 4913 533 4958 terram
563 4904 714 4973 (Gen.
744 4900 801 4959 ιζ
824 4906 909 4961 14.
935 4906 1321 4978 15).ρυοηίτιιη
1341 4913 1474 4981 ignis
1495 4923 1679 4967 natura
1702 4929 1819 4969 sur-

215 5009 355 5048 sum
392 4994 666 5062 tendebat,
696 4995 904 5055 frenum
934 5009 1136 5055 natura:
1166 5002 1305 5057 Deus
1327 5003 1612 5073 imposuit,
1647 5017 1704 5059 ut
1728 5022 1815 5060 ra-

215 5084 354 5139 dios
385 5100 485 5141 non
510 5105 724 5145 sursum
754 5092 1021 5147 emitteret.
1045 5132 1059 5156 ,
1081 5092 1174 5146 sed
1201 5092 1472 5149 deorsum.
1506 5093 1645 5165 Ignis
1671 5097 1811 5151 enim

213 5194 340 5232 non
376 5179 508 5235 solet
553 5180 805 5237 deorsum
850 5182 1111 5251 tendere,
1143 5183 1238 5239 sed
1266 5198 1500 5241 sursum.
1547 5188 1603 5243 Si
1644 5187 1811 5245 facem

208 5268 423 5335 habes,
445 5284 591 5328 verte
617 5273 867 5329 deorsum
888 5315 902 5341 ,
935 5286 988 5331 et
1020 5276 1223 5331 videbis
1251 5276 1456 5332 etiamsi
1486 5279 1805 5336 instrumen-

206 5369 340 5414 tum
380 5359 502 5419 illud
530 5362 781 5420 deorsum
811 5374 1013 5433 vertas,
1038 5367 1212 5438 ignem
1241 5376 1418 5423 tamen
1446 5383 1656 5425 sursum
1689 5380 1807 5428 ten-

203 5451 383 5509 dere.
419 5452 543 5510 Cum
563 5458 726 5513 sciret
750 5472 876 5528 ergo
905 5473 1024 5514 eam
1055 5474 1174 5515 esse
1199 5460 1342 5515 illius
1370 5470 1635 5527 naturam,
1659 5464 1812 5520 cohi-

201 5544 343 5599 buit
378 5543 538 5612 illam,
560 5562 627 5602 ne
655 5548 950 5604 secundum
978 5557 1219 5605 naturam
1253 5551 1471 5621 luceret,
1498 5556 1592 5612 sed
1614 5570 1807 5613 secun-

204 5638 356 5693 dum
413 5649 746 5712 praeceptum.
779 5640 835 5697 Si
881 5643 1001 5713 quis
1025 5652 1254 5700 vestrum
1283 5646 1586 5703 observavit
1625 5649 1804 5706 oleum

225 5748 267 5789 n
303 5732 555 5801 lucerna,
587 5749 687 5804 qua
724 5735 924 5792 scilicet
965 5738 1170 5795 ratione
1216 5752 1336 5795 cum
1362 5739 1479 5797 oleo
1521 5741 1798 5811 avellatur,

1335 308 1420 362 DE
1458 305 1666 362 MUNDI
1707 305 2096 362 CREATIONE
2134 306 2391 367 ORATIO
2430 311 2518 367 Ill.

3436 324 3541 380 450

1961 433 2016 478 et
2040 425 2118 479 vis
2146 426 2249 481 olei
2282 427 2415 482 infra
2442 428 2637 497 trahat,
2665 438 2851 487 natura
2884 448 3010 490 vero
3036 436 3173 507 ignis
3192 451 3404 495 sursum
3433 451 3542 498 ten-

1960 514 2071 578 dat,
2101 531 2164 571 ac
2190 519 2346 586 quasi
2380 520 2485 574 vim
2518 522 2770 590 patiatur,
2798 524 2995 580 clamat
3025 544 3038 581 :
3069 527 3114 582 si
3152 529 3367 598 quando
3396 534 3538 589 enim

1958 603 2094 674 ignis
2137 615 2357 678 cogatur
2382 623 2627 676 currere,
2653 621 2837 668 contra
2878 630 3079 670 morem
3129 632 3282 674 suum
3308 662 3323 686 ,
3354 638 3536 680 vocem

1957 697 2187 763 emittit,
2233 714 2296 753 ac
2334 699 2378 753 si
2408 701 2512 753 vim
2544 710 2845 770 pateretur,
2878 719 2939 759 ac
2983 707 3027 760 si
3056 717 3240 763 contra
3288 722 3531 767 naturam

1959 786 2221 843 tenderet.
2250 789 2304 845 Si
2336 792 2460 860 quid
2482 793 2622 846 enim
2652 794 2919 849 elemento
2947 809 3141 867 praeter
3166 809 3411 857 naturam
3437 820 3533 860 ac-

1955 876 2124 942 cidat,
2174 879 2344 948 ipsum
2371 883 2589 936 clamat.
2632 885 2844 950 Quare?
2881 887 3066 963 Oleum
3105 906 3226 947 cum
3279 894 3532 964 injectum

1953 967 2110 1021 fuerit
2134 968 2187 1022 in
2219 970 2412 1039 ignem,
2438 988 2622 1028 vocem
2653 990 2757 1029 non
2786 978 3012 1040 emittit;
3042 995 3177 1049 aqua
3199 1024 3215 1049 ,
3257 984 3303 1037 si
3343 985 3534 1054 injecta

1954 1056 2156 1122 fuerit,
2181 1060 2391 1115 stridet.
2426 1063 2583 1132 Atqui
2624 1074 2677 1118 et
2724 1066 2826 1122 hoc
2851 1077 2905 1122 et
2956 1070 3081 1124 illud
3112 1083 3193 1128 est
3236 1074 3530 1131 humidum.

1954 1147 2058 1202 Sed
2081 1148 2201 1216 quia
2234 1149 2407 1204 oleum
2451 1169 2517 1206 ex
2567 1153 2709 1223 ligno
2730 1159 3009 1225 opsonium
3053 1166 3307 1233 nascitur,
3340 1178 3394 1222 et
3417 1171 3533 1224 olea
3562 1176 3571 1191 ί

1953 1243 2119 1295 nutrit
2167 1246 2340 1314 ipsum
2370 1288 2385 1311 ,
2428 1248 2670 1318 ignisque
2725 1266 2937 1322 semper
2988 1264 3071 1310 est
3106 1258 3249 1327 ligno
3292 1263 3531 1327 amicus,

1953 1333 2180 1392 libenter
2223 1340 2417 1409 accipit
2456 1341 2598 1411 quod
2645 1357 2711 1397 ex
2757 1345 2901 1399 afﬁni
2955 1356 3141 1402 natura
3171 1360 3270 1403 est.
3312 1350 3403 1407 Sin
3436 1372 3533 1408 au-

1954 1434 2056 1479 tem
2089 1442 2223 1496 aqua
2263 1430 2315 1484 in
2365 1431 2539 1501 ignem
2577 1433 2913 1497 immittatur,
2954 1435 3181 1503 Stridet,
3222 1441 3363 1509 quod
3412 1459 3532 1498 cum

1950 1518 2220 1570 contrario
2251 1529 2465 1590 pugnet.
2498 1521 2636 1590 Ignis
2661 1524 2771 1577 aeri
2812 1525 3016 1581 amicus
3032 1536 3141 1592 est;
3176 1529 3351 1586 affinis
3391 1536 3532 1590 enim

1951 1616 2033 1660 est
2074 1608 2144 1661 ei.
2190 1607 2439 1665 lusufﬁas
2474 1612 2525 1665 in
2571 1612 2871 1680 lucernam,
2908 1624 2962 1670 et
3005 1632 3099 1672 aer
3144 1619 3318 1689 ignem
3353 1625 3403 1677 in
3452 1624 3534 1679 fu-

1951 1713 2097 1752 mum
2140 1702 2326 1771 vertit,
2360 1717 2422 1757 ac
2470 1719 2727 1776 nusquam
2774 1720 3045 1775 comparet
3078 1727 3238 1766 :nam
3268 1716 3410 1784 quod
3451 1720 3529 1770 af-

1952 1787 2057 1843 ﬁne
2081 1800 2193 1844 erat
2219 1794 2494 1847 abscessit.
2514 1793 2645 1849 Vide
2672 1796 2903 1851 Αηίῐῑοεε
2925 1801 3261 1868 sapientiam,
3289 1807 3408 1860 vide
3438 1823 3530 1877 po-

1953 1889 2220 1936 testatem.
2247 1884 2431 1938 Posuit
2460 1886 2737 1940 luminaria
2771 1888 2821 1942 in
2853 1903 2911 1943 cu
2933 1888 3002 1955 lo,
3025 1901 3079 1945 ut
3108 1892 3345 1950 lucerent
3370 1914 3531 1968 super

1955 1982 2147 2026 tcrram
2173 1991 2186 2026 :
2217 1974 2284 2028 Et
2331 1978 2461 2039 sint,
2504 1978 2709 2047 inquit,
2750 1980 2803 2033 in
2842 1981 3019 2052 signa,
3062 1992 3109 2038 et
3142 1986 3194 2038 in
3223 1987 3364 2055 dies,
3390 1986 3434 2045 et
3477 1994 3531 2047 in

1948 2080 2126 2117 annos.

2022 2155 2304 2225 Astrologia
2320 2173 2446 2210 vana
2461 2174 2591 2227 quae.
2617 2147 2901 2216 Discrimen
2939 2164 3066 2218 inter
3085 2175 3242 2236 χρόιος
3274 2179 3321 2223 et
3348 2182 3526 2244 καιρός.

1951 2244 2119 2302 Filius
2160 2264 2256 2301 non
2285 2250 2447 2319 [actus
2471 2260 2562 2304 est.
2580 2251 2794 2317 —Quid
2817 2262 2917 2319 est,
2944 2254 3011 2307 1n
3037 2257 3333 2326 signa?Qui
3352 2274 3529 2317 astro-

1948 2338 2140 2407 logiam
2174 2355 2308 2395 vane
2343 2349 2606 2408 tractant,
2644 2357 2793 2411 spem
2840 2359 2989 2399 suam
3036 2360 3399 2419 evacuaruut,
3442 2368 3529 2409 res

1948 2431 2307 2500 signiﬁcantes
2356 2447 2475 2501 quas
2537 2449 2793 2504 nusquam
2835 2438 3113 2492 exsistunt.
3177 2440 3328 2507 Quod
3382 2445 3524 2499 enim

1946 2524 2115 2577 stella:
2154 2525 2283 2577 nihil
2328 2526 2627 2595 significent
2669 2528 2808 2582 circa
2847 2530 3006 2583 vitam
3060 2530 3334 2589 hom’num
3378 2537 3527 2591 testi-

1946 2614 2132 2668 ficatur
2152 2614 2312 2669 lsaias
2342 2616 2554 2672 dicens:
2578 2617 2803 2688 Surgunt
2828 2620 3070 2691 astrologi
3097 2620 3238 2690 cwli,
3264 2636 3309 2677 et
3336 2627 3419 2694 qui
3448 2628 3525 2680 si-

1943 2721 2043 2774 gna
2070 2705 2257 2772 vident;
2276 2717 2321 2761 et
2347 2707 2516 2760 dicant
2537 2708 2623 2761 tibi
2647 2710 2768 2778 quid
2788 2713 3017 2779 futurum
3041 2711 3274 2782 si!(1sai.
3298 2716 3384 2769 47.
3407 2717 3519 2787 15).

1944 2794 2020 2849 De
2070 2796 2169 2849 vita
2203 2810 2330 2867 ergo
2374 2796 2645 2851 hominum
2680 2798 2881 2852 ttullutu
2914 2800 3122 2870 signum
3170 2803 3259 2858 dat
3306 2808 3516 2862 crnlum.

1942 2884 2033 2940 Vis
2071 2886 2186 2955 ejus
2224 2888 2373 2957 signa
2409 2887 2658 2944 discere?
2687 2888 2962 2959 Signiﬁcat
3013 2892 3254 2961 pluvias,
3297 2907 3519 2965 ventos,

1943 2975 2148 3031 hiemes
2191 2992 2254 3032 ac
2277 2988 2656 3049 tempestates,
2694 2980 3036 3050 tranquillum
3076 2998 3277 3037 acrem.
3309 2984 3432 3040 Hazc
3451 2988 3524 3040 si-

1936 3068 2193 3138 gniﬁcant
2217 3070 2385 3125 stellae
2409 3111 2424 3136 ,
2456 3070 2613 3141 idque
2639 3087 2733 3141 per
2763 3072 2853 3127 Dei
2880 3072 3284 3144 benignitatem,
3314 3086 3368 3131 ut
3392 3094 3523 3132 nau-

1937 3160 2113 3215 clerus
2143 3161 2349 3230 signum
2373 3162 2545 3216 videat
2565 3203 2579 3227 ,
2608 3172 2661 3217 et
2689 3164 2974 3231 periculum
3006 3165 3255 3235 effugiat;
3285 3176 3344 3221 ut
3371 3171 3517 3240 agri-

1936 3250 2050 3304 cola
2098 3249 2290 3305 hiemis
2331 3267 2545 3306 sensum
2592 3251 2814 3319 habeat,
2844 3263 2898 3309 ct
2931 3265 3272 3312 antevertens
3315 3238 3540 3315 terram\

1935 3350 2115 3399 aratro
2142 3343 2329 3398 sulcet.
2361 3344 2456 3398 Est
2483 3354 2537 3401 et
2559 3346 2679 3400 belli
2710 3356 2762 3400 et
2791 3348 2935 3415 pacis
2962 3345 3195 3417 signum.
3224 3349 3349 3405 lltec
3394 3350 3520 3406 Ser-

1934 3443 2087 3490 vator
2111 3435 2429 3501 afﬁrmavit,
2459 3451 2578 3506 qaze
2606 3438 2786 3506 utique
2830 3446 2954 3490 sunt
2979 3438 3242 3506 simplicia
3267 3480 3281 3505 ,
3311 3448 3366 3493 et
3411 3435 3510 3495 cx-

1933 3526 2142 3596 ploratu
2172 3525 2365 3581 facilia.
2410 3528 2498 3584 Ait
2536 3527 2732 3598 quippe
2770 3527 2967 3597 Judaeis
3000 3543 3014 3581 :
3050 3546 3069 3580 ι
3108 3528 3441 3598 llypocrittc,
3471 3536 3516 3586 sl

1935 3617 2172 3672 videritis
2218 3618 2411 3673 nubem
2451 3618 2519 3671 ab
2563 3633 2754 3674 occasu
2784 3620 3041 3674 orientem
3068 3660 3083 3684 ,
3111 3621 3288 3677 dicitis
3312 3661 3327 3687 ,
3361 3621 3519 3678 Venit

1935 3715 2222 3776 tempestas
2252 3727 2269 3759 ι
2297 3706 2504 3781 (Matth.
2535 3709 2619 3762 16.
2637 3708 2795 3778 2-4);
2823 3728 2841 3760 ‹
2863 3718 2917 3762 et
2937 3711 3008 3763 ita
3035 3709 3112 3764 ﬁt.
3134 3711 3262 3766 Etsi
3280 3712 3518 3767 videritis

1932 3814 2163 3869 vespere
2209 3800 2563 3854 rubicundum
2615 3801 2802 3855 caelum
2830 3841 2844 3866 ,
2875 3801 3051 3855 dicitis
3080 3818 3095 3853 :
3122 3803 3428 3870 Serenum;
3460 3815 3515 3862 et

1934 3893 2077 3947 venit
2103 3907 2375 3947 serenum.
2406 3892 2475 3945 Et
2503 3897 2546 3946 si
2580 3892 2820 3947 videritis
2848 3908 2972 3947 sero
3006 3895 3157 3949 triste
3187 3897 3395 3962 caelum,
3422 3897 3512 3952 di-

1931 3983 2050 4039 citis
2068 4023 2084 4049 ,
2107 3983 2427 4052 Tempestas
2450 3984 2592 4037 venit
2625 4002 2644 4034 ι
2671 3982 2820 4055 (an.
2849 3984 2936 4037 l2.
2969 3985 3178 4056 54-56).
3207 3986 3513 4058 Deindeque

1931 4073 2201 4143 subjungit
2231 4091 2244 4127 :
2270 4091 2289 4124 t
2326 4071 2535 4126 Faciem
2565 4073 2680 4126 cadi
2702 4082 2755 4126 et
2785 4082 2940 4127 terra:
2963 4073 3192 4142 probare
3218 4076 3364 4131 scitis
3394 4118 3408 4142 ,
3438 4079 3509 4132 il-

1929 4166 2021 4222 lud
2059 4174 2235 4221 autem
2275 4175 2483 4234 tempus
2530 4164 2781 4219 nescitis?
2815 4182 2833 4216 ι
2870 4163 2994 4219 ﬂare
3033 4173 3158 4218 sunt
3198 4166 3346 4237 signa
3387 4184 3509 4237 qua:

1929 4260 2045 4314 sine
2066 4259 2302 4329 periculo
2329 4257 2698 4324 observantur,
2712 4266 2890 4321 testas,
2917 4258 3108 4324 hiems,
3131 4258 3333 4327 pluvia,
3357 4274 3505 4317 sere-

1928 4365 2029 4406 nus
2045 4365 2155 4406 aer.
2180 4348 2306 4405 llaec
2321 4364 2425 4404 non
2440 4358 2562 4404 sunt
2576 4364 2605 4402 a
2627 4349 2821 4419 pietate
2839 4348 3032 4413 aliena,
3047 4349 3140 4403 sed
3161 4349 3250 4406 Dei
3266 4352 3501 4421 propria.

1926 4444 2087 4499 Multa
2114 4443 2467 4514 potuissemus
2491 4442 2559 4497 de
2581 4442 2864 4512 astrologia
2881 4440 3079 4509 dicere;
3103 4442 3194 4497 sed
3218 4458 3352 4513 opus
3370 4444 3505 4500 fuis-

1927 4546 2009 4594 set
2037 4546 2092 4593 et
2137 4536 2468 4592 contentiore
2496 4550 2625 4590 voce
2650 4544 2740 4600 ,et
2780 4550 2978 4605 organo
3026 4550 3130 4590 non
3181 4535 3501 4597 fatiscente:

1925 4647 2045 4686 nam
2073 4645 2193 4685 cum
2219 4644 2466 4684 sermone
2496 4643 2646 4683 mens
2681 4629 2790 4699 pari
2831 4644 3017 4699 gressu
3044 4631 3302 4698 procedit,
3330 4642 3382 4687 et
3410 4648 3500 4686 ra.

1923 4723 2195 4791 tiociuium
2223 4736 2325 4777 una
2345 4736 2464 4776 cum
2496 4721 2667 4790 lingua
2695 4718 3010 4773 inﬁrmatur.
3038 4718 3118 4773 Ad
3141 4734 3203 4773 ea
3224 4734 3352 4790 ergo
3381 4738 3499 4791 qua:
3546 4747 3553 4757 ε

1922 4824 2046 4872 sunt
2086 4814 2406 4884 simpliciora
2447 4811 2818 4882 procedamus.
2852 4810 2966 4864 Sint
3011 4810 3065 4862 in
3105 4811 3251 4879 signa
3286 4821 3334 4866 et
3375 4823 3498 4867 tem-

1922 4923 2067 4980 porp.
2108 4904 2268 4961 Aliud
2309 4905 2453 4960 enim
2490 4911 2574 4958 est
2599 4912 2755 4971 χρόνος
2795 4908 3037 4969 tempus,
3070 4909 3125 4954 et
3148 4900 3290 4956 aliud
3337 4913 3498 4977 καιρός

1920 4999 2308 5071 Opportunitas.
2334 5003 2510 5068 Χρόνος
2533 4992 2850 5048 diuturnitas
2874 5000 2956 5046 est
2977 5032 2993 5058 ,
3019 5000 3074 5046 et
3109 5001 3270 5066 καιρός
3295 5009 3494 5066 oppor-

1921 5093 2135 5146 tunitas.
2166 5089 2276 5145 Ncc
2302 5098 2384 5142 est
2408 5086 2495 5157 qui
2525 5085 2683 5151 dicat,
2716 5092 2873 5153 χρόνος
2899 5093 2981 5137 est
2999 5083 3308 5153 vindemia};
3337 5103 3496 5146 nemo

1918 5186 2067 5249 dicit,
2097 5192 2253 5255 χρόνος
2278 5190 2358 5234 est
2382 5180 2635 5249 virginem
2667 5176 2873 5231 locandi
2906 5195 2919 5230 :
2952 5176 3066 5241 sed,
3097 5185 3255 5249 καιρός
3282 5188 3366 5234 est
3384 5183 3494 5236 vir-

1917 5280 2093 5349 ginem
2123 5274 2331 5330 locandi
2353 5314 2369 5340 ,
2395 5281 2556 5343 καιρὸς
2582 5270 2836 5325 sementis
2863 5277 2917 5324 et
2962 5269 3130 5341 καιρὸξ
3149 5271 3359 5326 messis.
3392 5272 3495 5326 Sa-

1916 5373 2202 5439 lomonque
2229 5367 2303 5421 ait
2335 5382 2350 5421 :
2375 5366 2535 5436 καιρὸς
2566 5362 2828 5433 pariendi,
2855 5369 2902 5415 et
2933 5370 3093 5430 καιρὸς
3133 5360 3411 5426 moriendi,
3444 5371 3493 5414 et

1914 5471 2076 5533 καιρὸς
2125 5456 2411 5525 wdiﬁcandi
2431 5496 2446 5521 ,
2478 5464 2525 5509 et
2565 5463 2723 5525 καιρὸς
2754 5451 3038 5507 destruendi
3067 5447 3277 5521 (Eccle.
3304 5448 3361 5503 ὅ.
3389 5446 3425 5500 2
3445 5447 3487 5519 ).

1919 5563 2097 5626 Καιρὸν
2121 5551 2246 5607 dicit
2283 5547 2750 5619 Opportunitatem.
2778 5543 2908 5598 Hec
2948 5555 3075 5597 vero
3121 5539 3288 5594 stellae
3322 5538 3491 5607 signi-

1913 5650 2110 5712 ﬁcant;
2141 5655 2262 5717 puta
2288 5687 2303 5713 ,
2326 5640 2590 5715 pleiadum
2630 5646 2804 5695 ortum
2841 5634 3218 5717 initiantuessc
3255 5642 3487 5697 messis;
3516 5660 3523 5664 τ

1916 5715 2179 5812 plciaduat
2227 5750 2499 5804 occasum,
2524 5731 2730 5788 initium
2761 5723 3032 5783 sementis.
3053 5715 3178 5775 ιι.υο
3207 5718 3273 5776 ab
3297 5718 3486 5807 Impie-
