3958 6186
600 374 697 428 liii

597 498 704 538 tate
731 484 897 535 aliena
920 522 932 540 ,
957 453 1244 552 pictatique
1273 473 1484 542 propria
1521 477 1665 525 sunt.
1699 474 1872 530 καιροί
1900 463 2010 518 sive
2037 472 2171 516 tem-

596 591 722 647 pora
764 573 890 626 festa
930 581 1139 638 quemne
1188 573 1466 618 vocamur.
1521 561 1609 615 Ait
1656 560 1796 614 Deus
1833 575 1847 611 :
1887 555 2012 610 Tria
2054 555 2176 606 anni

594 676 820 734 tempora
865 656 1173 713 celebrabitis
1215 654 1375 719 mihi,
1418 653 1597 721 festum
1625 651 1928 717 Azymorum
1952 687 1968 714 ,
1996 649 2176 712 festum

600 757 945 818 Pentecostcs,
974 759 1021 804 et
1056 753 1235 821 festum
1264 745 1689 815 Scenopegiorum
1733 740 1904 813 (Deut.
1940 739 2027 793 16.
2064 737 2174 808 l6).

591 847 714 903 Tria
745 854 1002 914 tempora.
1039 842 1174 896 EcCe
1202 840 1370 908 signa,
1399 847 1452 892 et
1473 845 1731 903 tempora.
1767 832 1889 886 Dies
1909 843 2094 886 rursus
2117 830 2170 884 in

593 937 813 991 sabbato
833 944 886 988 et
908 947 1118 988 menses
1150 930 1272 984 facit
1301 929 1444 983 luna.
1470 925 1563 981 Sol
1584 939 1842 978 annorum
1865 921 2176 977 conversio-

595 1045 690 1083 nes
711 1028 976 1090 observat,
1002 1038 1239 1087 vernam,
1268 1018 1692 1091 aequinoctialem
1713 1018 1752 1082 ¹,
1783 1015 2016 1069 aestivam
2043 1054 2059 1077 ,
2083 1028 2176 1065 au-

598 1119 905 1175 tumnalem.
934 1116 1087 1172 Stant
1117 1115 1259 1183 leges
1286 1112 1538 1166 immotae.
1574 1109 1754 1171 Dixit,
1786 1116 1840 1161 et
1883 1105 1984 1159 ﬁxa
2014 1115 2172 1171 sunt;

597 1209 900 1272 mandavit,
933 1216 988 1261 et
1015 1204 1231 1258 fundata
1262 1211 1403 1256 sunt.
1448 1201 1544 1254 Hic
1569 1199 1781 1254 demum
1821 1198 2054 1251 animum
2084 1195 2177 1248 ad-

595 1304 806 1359 vertite.
850 1301 978 1368 Quis
1008 1298 1200 1352 horum
1239 1295 1424 1350 artifex
1447 1293 1471 1346 ?
1496 1295 1613 1363 quis
1645 1292 1761 1346 h;ec
1786 1290 1950 1345 fecit?
1981 1288 2176 1343 Pater?

597 1395 764 1450 Nemo
793 1391 1075 1445 inliciatur.
1108 1387 1310 1442 Filius?
1335 1386 1506 1438 Etiam
1527 1383 1761 1438 haeretici
1791 1381 2043 1446 fatentur,
2071 1380 2172 1434 etsi

599 1501 705 1538 non
750 1491 893 1536 recte
922 1499 934 1532 :
959 1479 1138 1534 dicunt
1179 1478 1320 1532 enim
1348 1517 1362 1540 ,
1394 1477 1550 1530 Pater
1592 1473 1782 1528 Filium
1823 1473 1948 1526 fecit
1971 1512 1986 1536 ,
2013 1471 2176 1525 Filius

599 1585 775 1629 autem
815 1572 1013 1626 omnia.
1039 1569 1401 1624 Admittamne
1431 1564 1798 1635 impietatem?
1823 1563 1952 1631 Quia
1976 1561 2176 1618 insolu—

601 1666 723 1718 hilia
755 1663 959 1717 vincula
991 1660 1360 1714 hmreticorum
1407 1665 1638 1712 mentem
1669 1655 2072 1723 constringunt,
2095 1653 2177 1707 in-

608 1767 939 1823 terrogemus
980 1749 1462 1819 prophetas:num
1515 1747 1593 1809 is,
1647 1746 1733 1816 qui
1787 1744 1962 1799 omnia
2018 1743 2174 1810 fecit,

599 1847 898 1915 quempiam
927 1843 1116 1896 habeat
1143 1840 1415 1909 majorem,
1435 1854 1501 1891 an.
1531 1837 1776 1890 omnibus
1801 1835 1869 1888 sit
1897 1834 2174 1904 superior:

599 1953 694 1993 sua
715 1938 856 1992 enim
889 1936 985 2004 ipsi
1016 1933 1372 2002 propositione
1398 1929 1613 2007 cadunt.

674 2031 730 2084 4.
765 2029 949 2082 Dicunt
975 2068 990 2091 ,
1019 2025 1206 2079 011111ἱῆ
1250 2023 1374 2078 fecit
1399 2022 1564 2076 Filius
1585 2061 1599 2085 ,
1627 2020 1799 2090 ipsum
1830 2032 1957 2073 vero
1993 2018 2173 2072 Pater.

603 2119 866 2188 Propitius
892 2117 1042 2170 nobis
1076 2116 1148 2168 sit
1174 2129 1272 2183 pro
1293 2110 1617 2182 blasphemia
1650 2128 1662 2163 :
1693 2110 1847 2178 plane
1868 2103 2010 2161 edim
2039 2107 2172 2160 hor-

601 2230 691 2268 ror
733 2222 814 2267 est
853 2211 1132 2280 impiorum
1181 2209 1339 2262 verba
1387 2207 1622 2269 iterare;
1676 2211 1908 2258 attamen
1941 2200 2176 2254 medicos

602 2307 887 2369 imitemur,
909 2303 1251 2356 immitteutes
1271 2301 1321 2353 in
1348 2299 1563 2352 vulnera
1589 2311 1795 2358 manus,
1819 2302 1872 2346 ut
1894 2293 2068 2346 ulcera
2093 2306 2181 2344 cu-

599 2411 815 2450 remus:
842 2403 1056 2448 coactus
1084 2392 1240 2446 etiam
1289 2387 1695 2458 fuitApostolus
1734 2382 2176 2452 rcsturpissimas

599 2498 1018 2541 commemorare
1041 2525 1056 2548 ,
1088 2497 1193 2537 non
1222 2489 1278 2535 ut
1315 2481 1544 2549 linguam
1575 2475 1818 2540 fmdaret,
1845 2472 1938 2528 sed
1971 2481 2026 2526 ut
2053 2485 2177 2541 pec-

597 2587 714 2631 cata
745 2576 1000 2630 ablueret.
1029 2574 1240 2636 Dicunt,
1270 2570 1458 2626 Omnia
1486 2567 1612 2623 fecit
1634 2565 1820 2632 Filius,
1854 2563 2026 2634 ipsum
2047 2576 2177 2617 vero

601 2669 775 2722 Pater.
809 2664 1151 2734 lnterrogabo
1180 2661 1500 2731 prophetas,
1531 2657 1648 2728 quis
1673 2666 1726 2712 et
1767 2664 1998 2726 quantus
2035 2654 2104 2709 sit
2129 2654 2176 2709 is

598 2763 685 2829 qui
733 2760 921 2813 caelum
969 2757 1113 2811 fecit.
1143 2756 1232 2809 Ait
1277 2753 1437 2808 Isaias
1489 2750 1785 2822 propheta:
1825 2767 1843 2801 ι
1882 2749 2005 2803 Hinc
2049 2747 2178 2801 dicit

600 2851 853 2904 Dominus
877 2889 892 2912 ,
941 2847 1028 2917 qui
1061 2845 1182 2900 fecit
1220 2844 1407 2899 c:clum
1429 2882 1444 2906 ,
1474 2849 1528 2896 et
1571 2841 1682 2895 fixit
1719 2839 1844 2894 illud
1891 2838 2022 2908 :qni
2057 2835 2176 2891 fun-

597 2941 740 2994 davit
767 2949 980 3002 terram,
1010 2945 1064 2990 et
1083 2952 1199 3006 qua:
1227 2936 1277 2989 in
1302 2935 1386 2988 ilia
1411 2942 1534 2988 sunt
1567 2951 1578 2986 :
1603 2932 1690 3003 qui
1720 2931 1812 2985 dat
1831 2929 2174 2999 spirationcm

598 3029 791 3101 populo
819 3029 907 3100 qni
936 3030 986 3082 in
1017 3027 1104 3082 illa
1137 3035 1218 3080 est
1243 3069 1258 3094 ,
1291 3035 1344 3081 et
1383 3023 1623 3094 spiritum
1653 3021 1978 3078 calcantibus
2005 3033 2122 3074 eam
2157 3035 2172 3072 :

600 3124 710 3194 Ego
731 3122 984 3178 Dominus
1016 3139 1034 3172 ι
1063 3117 1231 3192 (Isai.
1262 3117 1351 3172 42.
1384 3116 1437 3172 5.
1467 3116 1545 3187 6).
1584 3133 1603 3166 ‹
1629 3117 1765 3168 Ante
1792 3127 1876 3166 me
1903 3111 2041 3166 Deus
2065 3123 2174 3163 non

595 3225 697 3282 est,
711 3223 896 3285 etpost
917 3227 1002 3266 me
1029 3212 1168 3266 Deus
1181 3225 1285 3264 non
1299 3217 1399 3263 est.
1419 3206 1533 3278 Ego
1547 3220 1685 3272 sum,
1703 3213 1756 3259 et
1773 3219 1877 3257 non
1898 3209 1981 3257 est
1991 3200 2126 3255 alius
2148 3215 2169 3250 ι

600 3308 754 3382 (Isai.
785 3308 873 3361 45.
903 3305 991 3360 10.
1021 3305 1130 3374 11).
1182 3303 1307 3357 Haec
1341 3299 1472 3355 dicit
1514 3297 1604 3368 qui
1631 3296 1968 3381 iecitcaalum
1985 3303 2040 3350 et
2059 3302 2170 3347 ter-

595 3376 708 3453 ram
739 3397 1052 3467 Unigenitus
1072 3437 1086 3460 ,
1109 3395 1198 3465 qui
1223 3391 1514 3448 secundum
1545 3376 1827 3444 haereticos
1853 3384 2022 3439 factus
2050 3391 2170 3450 est,

594 3499 649 3544 et
699 3497 880 3558 postea
926 3487 1147 3542 creavit.
1175 3484 1371 3539 Verum
1425 3483 1479 3537 in
1529 3477 1865 3536 sermonibus
1913 3475 2173 3530 labiorum

593 3597 810 3636 suorum
855 3578 1256 3648 Comprehensus
1285 3585 1357 3628 est
1388 3582 1620 3644 peccator
1661 3559 1833 3641 (Psai.
1856 3567 1910 3622 9.
1943 3568 2053 3637 17).
2086 3566 2177 3621 Ait

593 3676 779 3729 beatus
805 3671 1064 3727 Jeremias
1096 3686 1111 3722 :
1141 3666 1230 3724 Sic
1259 3665 1426 3721 dicite.
1456 3660 1824 3732 Quibusnam?
1847 3655 2171 3724 Gentilibus;

593 3764 683 3818 Dii
730 3765 815 3834 qui
870 3762 1049 3817 calum
1095 3769 1142 3814 et
1197 3767 1380 3813 terram
1432 3771 1534 3809 non
1584 3757 1841 3824 fecerunt,
1889 3751 2174 3820 dispereunt

593 3861 656 3912 de
683 3867 815 3912 terra
842 3857 974 3928 (Jer.
1008 3855 1094 3910 10.
1129 3855 1244 3923 11).
1273 3850 1547 3914 Dominus,
1585 3847 1682 3914 Qui
1707 3846 1824 3918 fecit
1853 3845 2000 3899 cattas
2024 3844 2076 3897 in
2102 3844 2175 3895 in-

591 3951 792 4005 tellectu
832 3949 1004 4018 (Psal.
1053 3947 1173 4002 155.
1204 3945 1299 4016 5),
1329 3945 1441 4014 ipse
1477 3942 1616 3997 Deus
1641 3940 1792 3994 vivus
1829 3947 1883 3993 et
1906 3951 2082 3992 verus.
2115 3935 2173 3991 Si

592 4055 748 4096 verus
772 4048 854 4095 est
884 4041 1021 4094 Deus
1039 4038 1128 4094 ille
1148 4037 1237 4107 qui
1265 4035 1388 4090 fecit
1411 4032 1622 4097 cadum,
1646 4031 1744 4100 ipsi
1776 4044 1903 4083 vero
1932 4026 2170 4082 heretici

591 4131 911 4187 conﬁtentur
930 4129 1121 4185 Filium
1138 4141 1256 4181 esse
1272 4141 1390 4180 eum
1409 4125 1496 4194 qui
1522 4121 1644 4177 fecit
1664 4122 1848 4176 czelum
1876 4128 1930 4174 et
1951 4127 2167 4182 terram,

591 4241 710 4293 qua:
740 4237 911 4294 pugna
940 4235 1060 4275 cum
1089 4218 1215 4273 dicit
1229 4216 1492 4280 Christus,
1525 4212 1589 4267 Ut
1616 4221 1916 4281 cognoscant
1944 4218 1991 4262 te
2009 4207 2173 4262 solum

594 4315 755 4368 Deum
776 4329 961 4377 verum,
981 4320 1026 4365 et
1049 4325 1192 4380 quem
1214 4308 1389 4361 misisti
1408 4305 1440 4359 Ι
1447 4320 1584 4358 esum
1606 4302 1860 4356 Christum
1877 4299 2054 4370 (Joan.
2081 4299 2168 4353 17.

592 4410 673 4482 5).
703 4408 836 4462 Cum
863 4406 1119 4461 Servator
1145 4411 1236 4455 aut
1264 4415 1358 4470 per
1383 4398 1675 4468 prophetas
1695 4434 1710 4460 ,
1738 4402 1829 4448 aut
1851 4409 1944 4462 per
1970 4407 2029 4446 se
2056 4391 2170 4445 hmo

592 4499 829 4560 dicebat,
861 4512 966 4549 non
990 4495 1057 4549 ad
1082 4491 1531 4562 comparationem
1556 4501 1677 4560 cum
1700 4485 1855 4540 Patre
1887 4484 2000 4538 hate
2028 4483 2173 4537 dice-

592 4591 712 4655 bat,
744 4586 809 4642 Ut
839 4592 1139 4656 cognoscant
1167 4593 1213 4636 te
1238 4581 1401 4636 solum
1443 4579 1651 4642 Deum;
1681 4577 1775 4632 sed
1803 4575 1869 4630 ad
1917 4574 2170 4630 diﬁ'eren-

591 4680 719 4736 tiam
746 4689 952 4743 eorum,
983 4675 1072 4744 qui
1104 4673 1238 4728 falso
1258 4672 1330 4730 dii
1365 4670 1720 4740 appellantur,
1746 4667 2166 4738 signiﬁcandam.

591 4771 950 4841 Quamobrem
982 4767 1174 4823 Paulus
1220 4777 1432 4834 quoque
1471 4761 1601 4816 dicit
1633 4776 1647 4813 :
1680 4758 1914 4813 Conversi
1955 4759 2073 4812 estis
2107 4757 2172 4810 ab

591 4869 762 4936 idolis,
787 4865 973 4921 servire
1001 4861 1108 4916 Deo
1134 4861 1241 4914 vivo
1265 4867 1311 4912 et
1336 4871 1453 4912 vero
1482 4855 1560 4926 (1.
1589 4853 1765 4907 Thess.
1793 4852 1845 4905 1.
1871 4849 1953 4918 9).
1971 4849 2169 4904 Verum

589 4967 766 5022 vocat,
793 4965 852 5010 ut
877 4954 1039 5009 falsos
1059 4950 1299 5008 confutet
1319 4965 1335 5014 ;
1354 4947 1554 5013 vivum,
1577 4951 1873 5000 ut-mortua
1899 4941 2037 4995 idola
2065 4949 2173 4994 tra-

591 5050 770 5101 ducat.
805 5047 916 5115 Εεο
939 5059 1067 5099 vero
1093 5051 1241 5113 puto,
1271 5040 1378 5094 imo
1399 5039 1579 5110 potius
1605 5035 1789 5102 credo,
1819 5043 2055 5089 mortuos
2079 5032 2174 5086 ad-

592 5151 805 5192 versum
857 5149 957 5189 nos
981 5135 1172 5199 irasci,
1203 5133 1260 5186 'si
1309 5130 1528 5184 audiant
1580 5143 1677 5183 nos
1721 5127 1858 5181 idola
1902 5122 2172 5193 appellare

594 5237 823 5283 mortua.
859 5224 1104 5293 lnjuriam
1125 5266 1140 5292 ,
1169 5225 1335 5286 aiunt,
1367 5221 1610 5292 irrogatis
1635 5227 1818 5273 nostro
1841 5214 2035 5268 ordini.
2063 5211 2172 5267 Nos

593 5318 792 5376 mortui
830 5330 1115 5382 vocamur,
1145 5316 1234 5383 qui
1274 5313 1560 5383 aliquando
1608 5310 1832 5363 viximus
1859 5324 1872 5359 :
1904 5304 1992 5375 qui
2025 5319 2173 5358 num.

592 5426 756 5484 quam
793 5407 1006 5472 vixere,
1050 5420 1146 5460 cur
1189 5404 1384 5458 mortui
1428 5397 1804 5473 appellantur?
1835 5395 1918 5449 Dii
1956 5395 2043 5465 qui
2068 5409 2171 5447 cte-

595 5507 699 5560 lum
724 5513 771 5560 et
800 5512 986 5558 terram
1011 5516 1112 5555 non
1152 5501 1376 5571 fecerunt
1395 5536 1411 5563 ,
1442 5497 1728 5566 dispereunt
1782 5489 1913 5563 (Jer.
1942 5489 2028 5546 10.
2055 5487 2168 5558 11).

657 5665 678 5698 ι
708 5666 783 5716 sic
801 5661 978 5720 Vatia,
999 5658 1139 5708 Savil.
1162 5666 1227 5720 et
1257 5662 1565 5720 omnes‘Mss.
1601 5650 2068 5720 Combeﬁsiushvero
2107 5657 2171 5720 ex

593 5708 1318 5785 conjeciuraiviptinoctialem,
1339 5720 1409 5776 iu,
1435 5717 1716 5785 hybermtm,
1740 5712 1972 5761 mutavit:
1995 5721 2087 5758 nec
2108 5708 2172 5756 de

595 5780 718 5832 f'irt'a
740 5780 1004 5834 mutatione
1029 5784 1261 5831 lectorem
1285 5780 1485 5827 monuit.

2010 340 2370 399 summam
3659 347 3734 402 ιη,

2282 458 2557 522 Dominus,
2589 457 2686 522 Qui
2712 456 2826 528 fecit
2853 456 3000 511 celos
3028 457 3076 509 in
3098 456 3333 510 intellectu
3356 455 3735 533 (Psalm.135.5),

2279 548 2395 618 ipse
2438 548 2587 602 vivus
2628 547 2767 601 Deus
2795 554 2851 601 et
2877 561 3056 602 verus.
3089 545 3212 613 Quis
3236 555 3312 600 est
3336 547 3499 600 vivus?
3535 547 3615 615 Qui
3647 547 3739 605 fecit

2278 639 2487 695 czelum.
2519 638 2652 692 Num
2678 646 2823 692 stant
2854 637 3221 692 haereticorum
3261 635 3594 693 deﬁnitiones?
3615 655 3743 696 anno"

2277 729 2420 786 cadit
2443 744 2630 786 eorum
2656 728 2938 798 impietas?
2966 745 3141 783 annon
3183 732 3492 799 redarguitur
3511 745 3660 786 eorum
3681 749 3743 789 re-

2279 822 2439 893 ligio?
2486 835 2662 875 annon
2707 820 3020 875 dissolvitur
3066 818 3325 888 pravitas?
3349 819 3613 876 Conditoris
3632 836 3746 893 opera

2279 914 2734 984 comprehendere
2763 928 2870 967 non
2899 921 3052 982 potes
3073 953 3090 978 ,
3119 919 3177 966 et
3199 911 3453 966 Artiﬁcem
3494 913 3664 968 curiose
3696 917 3748 969 in.

2279 1008 2446 1076 quiris
2473 1014 2526 1062 et
2550 1005 2833 1075 exploras?
2855 1003 2993 1072 Quid
3021 1003 3212 1058 clamat
3237 1002 3426 1057 David?
3455 1003 3597 1071 Quam
3621 1007 3751 1071 ningui-

2280 1100 2431 1169 βίαια
2453 1110 2570 1152 sunt
2599 1115 2752 1168 Opera
2782 1108 2870 1150 tua
2893 1137 2909 1161 ,
2937 1096 3182 1150 Domine!
3212 1095 3387 1148 Omnia
3412 1096 3460 1148 iu
3481 1097 3684 1165 sapientia
3701 1103 3751 1166 {e-

2280 1191 2391 1244 cisti
2422 1190 2646 1257 (Psalut.
2677 1190 2800 1244 103.
2826 1188 2941 1255 24).
2975 1187 3252 1258 PrOphetae
3279 1201 3434 1255 opera
3461 1188 3755 1257 magniﬁcam,

2280 1281 2515 1336 haeretici
2559 1280 2813 1351 Opiﬁcem
2851 1279 3118 1334 minuunt.
3166 1278 3377 1347 Magnus
3417 1278 3495 1332 ille
3531 1279 3706 1332 consilio
3722 1290 3758 1332 et

2282 1383 2468 1443 potens
2491 1373 2739 1442 operibus
2759 1414 2773 1435 ,
2796 1372 2885 1443 qui
2906 1372 3093 1427 emtum
3123 1370 3362 1426 formavit
3385 1381 3432 1426 ct
3452 1370 3551 1424 lixit
3568 1387 3621 1426 ex
3638 1369 3760 1440 aquis;

2282 1482 2386 1519 non
2417 1465 2558 1518 enim
2597 1479 2627 1518 a
2666 1465 2923 1519 miraculo
2952 1462 3202 1518 abscedo.
3239 1463 3311 1516 Ex
3337 1462 3481 1531 aquis
3525 1473 3762 1515 concretum

2281 1566 2398 1623 est,
2425 1567 2481 1614 et
2517 1572 2706 1628 aquam
2747 1565 2963 1628 gestat:
3007 1571 3074 1611 ex
3117 1555 3269 1624 aquis
3297 1561 3574 1607 concretum
3611 1560 3701 1618 est,
3729 1562 3764 1606 et

2282 1653 2532 1722 abyssum
2558 1658 2733 1720 gestat
2761 1667 2776 1716 ;
2808 1648 3026 1704 omnino
3053 1657 3229 1702 autem
3256 1645 3488 1714 exemplo
3510 1645 3673 1708 haeret,
3697 1660 3766 1697 no-

2283 1757 2404 1796 vum
2426 1784 2442 1810 ,
2469 1742 2685 1811 inquam
2702 1781 2726 1813 _,
2761 1740 2862 1795 hoc
2904 1738 3242 1794 miraculum.
3285 1735 3512 1790 Vidistin‘
3542 1734 3706 1788 tabulas
3721 1733 3766 1786 ab

2282 1849 2417 1904 aqua
2451 1841 2713 1903 gestatas,
2761 1841 2816 1886 et
2841 1831 3071 1899 desuper
3103 1831 3279 1883 nivem
3317 1826 3550 1896 gestare?
3572 1824 3714 1879 Hiems
3731 1823 3766 1877 id

2285 1923 2428 1991 fecit,
2461 1933 2515 1979 et
2541 1924 2680 1978 Deus
2703 1937 2807 1977 non
2837 1923 3026 1978 faciet?
3050 1921 3201 1978 Fecit
3228 1921 3433 1984 cadum,
3463 1933 3558 1973 non
3581 1925 3629 1971 ut
3647 1914 3766 1986 spha-

2283 2034 2396 2074 ram
2446 2016 2523 2089 (α)
2546 2059 2559 2082 ,
2607 2027 2664 2071 ut
2706 2015 3150 2086 philosophantur
3175 2027 3400 2084 nugaces
3429 2011 3516 2066 illi.
3545 2009 3650 2081 Non
3668 2007 3764 2062 enim

2283 2111 2546 2182 sphaeram
2575 2110 2697 2164 fecit
2725 2123 2845 2178 quze
2871 2109 3131 2163 volvatur.
3159 2106 3377 2169 Verum,
3406 2114 3458 2158 ut
3483 2099 3764 2171 aitprophcta,

2283 2206 2363 2261 sol
2387 2203 2652 2275 quomodo
2680 2202 2890 2258 currit?
2915 2202 3014 2267 Qui
3033 2200 3213 2255 statuit
3235 2198 3408 2253 caelum
3433 2197 3547 2250 sicut
3571 2193 3764 2263 fornicem.

2283 2311 2330 2356 et
2371 2300 2591 2355 extendit
2642 2298 2774 2353 illud
2810 2299 2943 2353 velut
2986 2297 3365 2352 tabernaculum
3408 2293 3558 2364 (Isai.
3585 2290 3763 2354 40.22).

2252 2392 2449 2468 _Nemo
2478 2399 2717 2446 nostrum
2747 2392 2818 2445 ita
2845 2389 3037 2459 impius
3057 2399 3142 2444 est
3171 2397 3230 2443 ut
3257 2386 3527 2457 nugacibus
3553 2383 3640 2439 illis
3661 2381 3765 2434 ﬁdem

2284 2487 2498 2542 habeat.
2531 2485 2813 2555 Propheta:
2833 2483 3014 2539 dicunt
3041 2482 3234 2538 caelum
3265 2481 3462 2536 initium
3491 2488 3539 2533 et
3561 2477 3685 2529 linem
3705 2472 3764 2524 ba-

2283 2579 2430 2634 bere.
2452 2577 2577 2633 Ideo
2604 2577 2683 2633 sol
2713 2591 2817 2631 non
2840 2574 3104 2641 ascendit,
3137 2572 3232 2628 sed
3265 2572 3509 2643 procedit.
3538 2569 3650 2623 Dicit
3668 2564 3766 2619 Scri-

2283 2683 2437 2746 ptura
2469 2692 2481 2726 :
2517 2674 2612 2729 Sol
2637 2688 2862 2745 egressus
2887 2682 2960 2726 est
2990 2687 3146 2740 super
3176 2681 3391 2734 terram,
3417 2677 3459 2722 et
3480 2665 3563 2718 Lat
3584 2666 3766 2732 ingressus

2283 2774 2353 2820 est
2379 2767 2431 2819 in
2459 2765 2621 2835 Segor
2646 2763 2810 2836 (Gen.
2845 2763 2932 2818 19.
2962 2763 3089 2834 25).
3142 2762 3326 2816 Palam
3357 2775 3476 2830 ergo
3503 2767 3646 2814 estex
3667 2752 3767 2809 Scri-

2282 2867 2435 2928 ptura
2465 2857 2632 2912 Solem
2667 2871 2938 2927 egressum
2968 2869 3112 2918 esse,
3147 2870 3253 2908 non
3283 2851 3600 2908 ascendisse:
3624 2859 3769 2902 aerar-

2281 2968 2422 3017 sum,
2451 2953 2491 3005 A
2518 2968 2714 3006 summa
2737 2951 2860 3005 caelo
2881 2946 3111 3021 egressio
3123 2951 3234 3019 eius
3264 2947 3428 3018 (Psal.
3457 2946 3534 3000 18.
3554 2944 3616 3014 7),
3635 2939 3766 3010 inquit.

2282 3061 2388 3100 ttnn
2435 3059 2706 3100 ascensus.
2753 3044 2807 3098 Si
2833 3043 3038 3113 Sphacra
3081 3052 3199 3106 est,
3240 3055 3495 3095 summum
3534 3051 3621 3090 non
3641 3032 3764 3086 habet.

2281 3138 2434 3206 Quod
2464 3141 2610 3194 enim
2639 3137 2875 3206 undique
2903 3135 3192 3191 rotundum
3225 3143 3327 3200 est,
3357 3133 3550 3187 ubinam
3573 3136 3765 3181 summum

2280 3230 2481 3285 habet?
2512 3230 2645 3284 Num
2673 3244 2802 3299 ergo
2822 3229 2966 3283 solus
2997 3226 3165 3281 David
3193 3226 3353 3290 dicit,
3381 3240 3444 3277 an
3466 3223 3603 3277 etiam
3630 3217 3767 3272 Serta-

2281 3325 2404 3379 tor?
2432 3323 2567 3378 Audi
2589 3323 2760 3392 ipsum
2787 3321 3049 3375 dicentem
3077 3336 3091 3372 :
3127 3339 3146 3372 ι
3177 3320 3313 3373 Cum
3343 3315 3533 3371 venerit
3554 3310 3682 3366 Filius
3703 3305 3770 3359 ho-

2281 3417 2440 3471 minis
2465 3417 2516 3471 in
2537 3415 2814 3485 majestate
2843 3427 2958 3478 sua,
2992 3413 3170 3466 mittet
3193 3409 3409 3481 angelos
3436 3421 3548 3460 suos
3569 3417 3663 3458 cum
3685 3397 3768 3452 tuba

2279 3521 2333 3565 et
2363 3524 2490 3564 voce
2512 3523 2698 3578 magna
2720 3548 2734 3572 ,
2771 3517 2825 3561 et
2849 3504 3250 3574 congregabunt
3275 3503 3466 3557 electos
3489 3497 3587 3568 ejus
3614 3510 3640 3548 a
3666 3503 3768 3545 sum-

2279 3617 2366 3656 mo
2395 3602 2526 3657 caelo
2557 3613 2721 3669 usque
2746 3599 2812 3652 ad
2838 3611 3105 3652 summum
3137 3595 3328 3649 caelum
3351 3589 3575 3663 »(Μαιιή.
3599 3585 3670 3638 24.
3692 3578 3766 3647 51).

2351 3697 2406 3752 5.
2440 3693 2625 3748 Futilis
2646 3691 2907 3746 Seueriani
2929 3689 3231 3759 sphwricam
3251 3687 3380 3740 orbis
3400 3688 3592 3755 formant
3608 3674 3770 3747 negantis

2277 3787 2471 3856 opinio.
2521 3816 2591 3825 —
2628 3784 2925 3851 Quaerimus
2969 3790 3150 3835 autem
3218 3779 3307 3834 ubi
3371 3777 3455 3832 sol
3489 3771 3689 3832 occidat,
3735 3775 3770 3816 el

2278 3881 2364 3937 ubi
2394 3889 2554 3934 noctu
2579 3886 2776 3932 currat.
2821 3873 3129 3930 Secundum
3177 3881 3391 3927 exteros
3429 3867 3519 3923 sub
3561 3870 3770 3924 terra;se-

2277 3971 2509 4028 cundum
2560 3984 2658 4025 nos
2699 3975 2915 4032 autem,
2943 3965 3034 4036 qui
3082 3965 3276 4019 malum
3322 3957 3671 4018 tabernaculum
3691 3962 3769 4004 esse

2275 4066 2501 4121 dicimus
2519 4106 2535 4130 ,
2561 4062 2853 4134 quidnam?
2892 4062 3145 4115 Animum
3167 4058 3380 4123 adhibe,
3411 4067 3588 4125 quaeso,
3615 4059 3708 4102 num
3725 4043 3770 4094 sit

2278 4157 2408 4212 falsa
2451 4155 2712 4210 sententia
2741 4167 2755 4202 :
2787 4153 2879 4207 sed
2907 4152 2951 4206 si
3005 4151 3204 4204 habeas
3249 4147 3559 4219 signaculum
3595 4133 3768 4193 veritatis

2277 4247 2582 4302 testimonio
2630 4245 2895 4299 ﬁrmatum
2921 4285 2936 4310 ,
2989 4242 3268 4296 concurrit
3307 4254 3425 4293 cum
3468 4231 3623 4305 phrasi
3656 4236 3694 4281 et
3714 4224 3769 4274 lo-

2276 4354 2392 4394 cus.
2437 4338 2619 4409 Cogita
2661 4337 3046 4406 superpositam
3101 4334 3365 4388 fornicem
3411 4330 3498 4399 (ὁ).
3539 4325 3690 4381 Oriens
3711 4316 3768 4369 hic

2275 4441 2391 4499 est,
2421 4441 2479 4486 ut
2509 4433 2673 4502 ligura
2702 4428 3052 4498 exprimitur:
3103 4425 3400 4496 septentrio
3427 4436 3541 4476 vero
3589 4413 3698 4472 illic,
3721 4420 3766 4460 ei

2279 4525 2527 4595 opposito
2554 4521 2803 4577 meridies
2827 4562 2841 4580 .
2875 4521 2983 4574 illic
3025 4518 3306 4573 occidens.
3336 4513 3425 4571 Sol
3451 4511 3608 4568 oriens
3624 4516 3713 4558 cum
3734 4499 3767 4549 in

2274 4632 2521 4673 occasum
2552 4615 2751 4685 vergit,
2778 4628 2881 4667 non
2924 4611 3022 4667 sub
3053 4619 3197 4664 terra
3228 4607 3452 4670 occidit,
3486 4599 3766 4664 sedegrtasus

2275 4711 2341 4766 ad
2369 4711 2482 4766 czeli
2508 4709 2639 4763 lines
2663 4750 2677 4773 ,
2709 4716 2885 4776 partes
2905 4704 3148 4759 boreales
3195 4698 3488 4772 percurrit,
3515 4689 3637 4763 quasi
3661 4693 3767 4739 muro

2274 4805 2503 4876 quodam
2533 4801 2847 4865 occultatus,
2877 4798 3028 4868 aquis
3054 4812 3160 4849 non
3189 4792 3485 4849 sinentibus
3506 4797 3554 4840 ut
3575 4782 3664 4850 ejus
3679 4788 3764 4876 cur:

2277 4914 2370 4954 sus
2416 4903 2706 4967 appareat,
2737 4893 3013 4961 curritque
3053 4903 3151 4959 per
3181 4897 3361 4957 partes
3402 4860 3761 4938 borealem“?!d

2275 4964 2536 5050 orientem
2562 4989 2724 5043 venit.
2765 4985 3042 5041 Undenam
3068 4982 3171 5035 hoc
3198 4981 3372 5050 palam
3397 4974 3512 5031 est?
3535 4970 3609 5025 Ait
3632 4964 3759 5050 beati“

2277 5089 2530 5144 Salomon
2570 5085 2621 5136 in
2649 5079 3004 5138 Ecclesiaste.
3039 5089 3157 5144 qua:
3194 5082 3280 5127 est
3308 5070 3548 5138 scriptura
3574 5046 3756 5147 Ceriali:

2275 5181 2399 5248 dei,
2459 5193 2563 5231 non
2611 5174 2906 5230 adulterata
2935 5186 2948 5222 :
2984 5140 3159 5224 Oritur
3183 5207 3198 5233 ,
3233 5163 3434 5234 inquit,
3459 5158 3558 5222 sol,
3580 5140 3754 5206 electi-‘3‘

2276 5245 2394 5327 sola
2415 5268 2595 5324 Oriens
2641 5266 2802 5336 pergit
2840 5263 2908 5317 ad
2934 5253 3194 5323 austrum,
3228 5267 3274 5311 et
3301 5254 3472 5309 circuit
3497 5250 3556 5302 ad
3587 5245 3749 5336 horrui!

2276 5363 2451 5417 circuit
2478 5326 2833 5413 circumeuth
2854 5397 2868 5422 ,
2897 5363 2942 5408 et
2963 5355 3018 5408 in
3044 5353 3153 5407 loco
3177 5366 3270 5404 suo
3309 5347 3460 5402 oritur
3477 5326 3736 5409 (ΕισιεᾸοὸ)

2340 5516 2415 5646 iii
2431 5507 3107 5646 ,ἕὲδὲρῗιῗὶἙέὛιιῗὲἔιεὲἓέ
3131 5503 3750 5646 effusaeque

2275 5612 2934 5690 formeisuioiemvsuucmm
2973 5633 3081 5681 vide
3116 5612 3462 5692 quévd—iximtu
3491 5622 3533 5668 in
3547 5612 3719 5692 ,ξιξίᾞξξξ

3023 5671 3280 5759 Αᾶξςὶῗεωιιπ
3302 5671 3505 5759 aégs‘ma
3532 5671 3699 5734 ᾸῖὲΥΡίίο
3712 5671 3746 5707 ¹“

2279 5745 2901 5826 Ῐόᾖῦξιῖῆιὶίἰᾷδυάίᾳίιθιη
2927 5745 3161 5806 edidimus
3182 5764 3306 5801 anno
3329 5745 3452 5798 1706.
