4050 6198
481 279 589 334 1.35

482 388 577 441 καὶ
599 385 778 455 τρέχει
799 381 937 437 κατὰ
958 379 1183 453 βοῤῥινά
1207 379 1349 453 μέρη
1373 419 1388 443 ,
1410 381 1504 434 καὶ
1528 376 1934 450 καταλαμϐάνει
1964 379 2062 449 τὴν

483 469 768 538 ἀνατολήν.
803 461 912 520 καὶ
944 466 1107 518 πόθεν
1145 463 1304 518 τοῦτο
1331 463 1522 534 δῆλον;
1552 462 1715 531 Λέγει
1740 464 1768 515 6
1797 461 2066 533 μακάριος

483 551 734 623 Σολομὼν
757 551 814 603 ἐν
840 547 918 619 τῷ
957 549 1359 620 Ἐκκλησιαστῇ
1380 564 1393 577 °
1416 545 1604 618 γραφή
1622 545 1679 599 δέ
1701 546 1817 599 ἐστι
1857 561 2064 617 μεμαρ.

481 634 784 706 τυρημένη,
809 633 871 686 οὐ
909 631 1387 705 παραγραφομένη
1411 647 1425 660 ·
1471 629 1837 695 Ἀνατέλλει,
1880 630 2069 701 φησὶν,

482 723 516 771 ό
536 718 733 787 ἣλιος,
760 716 863 772 καὶ
890 716 1056 770 δύνει
1075 719 1106 770 ό
1136 716 1331 785 ἣλιος.
1364 711 1741 768 Ἀνατέλλων
1758 715 2069 782 πορεύεται

482 805 569 868 εἰς
607 801 812 865 δύσιν,
853 799 955 854 καί
1000 798 1225 854 κυκλοῖ
1248 797 1399 867 πρὸς
1416 795 1653 867 ,βορῤᾶν
1677 815 1691 830 ·
1714 796 1936 852 κυκλοῖ
1965 815 2072 850 κυ-

483 885 665 949 κλῶν,
699 885 801 938 καὶ
828 886 917 951 είς
956 882 1063 938 τόν
1095 883 1283 936 τόπον
1306 881 1495 936 αὐτοῦ
1527 879 1866 936 ἀνατέλλει.
1912 881 2071 934 Κατᾶ

487 967 835 1040 μεσημϐρίαν
892 967 1190 1038 τρέχοντα,
1240 964 1333 1019 καὶ
1373 964 1464 1017 τὸν
1515 962 1717 1035 βορρᾶν
1767 962 2069 1016 κυκλοῦντα

482 1051 668 1104 λοιπὸν
697 1049 837 1123 μάθε
882 1051 940 1102 ἐν
973 1054 1038 1121 τῇ
1067 1048 1161 1103 τοῦ
1196 1043 1465 1120 χειμῶνος
1493 1047 1857 1102 καταστάσει·
1883 1045 2070 1116 ἐπειδὴ

483 1137 583 1189 οὐκ
630 1135 739 1188 ἀπὸ
772 1134 944 1206 μέσης
972 1138 1071 1206 τῆς
1103 1133 1368 1203 ἀνατολῆς
1411 1127 1713 1195 ἀνατέλλει,
1758 1130 1896 1184 ἀλλά
1943 1130 2071 1200 περὶ

485 1218 551 1272 τὸ
587 1217 760 1289 κλίμα
785 1220 886 1286 τῆς
919 1216 1271 1288 μεσημϐρίας
1306 1215 1618 1283 πλαγιάζει,
1650 1214 1745 1269 καὶ
1776 1212 1957 1282 ὀλίγον
1981 1229 2070 1264 τε·

487 1302 603 1371 μῶν
634 1301 930 1371 διάστημα,
980 1302 1125 1352 ποιεῖ
1163 1296 1367 1370 μικρὰν
1402 1299 1648 1370 ἡμέρανο
1678 1296 1844 1361 δύσας
1884 1295 1940 1348 δὲ
1977 1295 2071 1353 καὶ

487 1385 653 1439 πάλιν
680 1383 880 1437 κύκλον
917 1381 1149 1453 τρέχων,
1196 1383 1342 1436 ποιεῖ
1386 1381 1605 1452 μακρὰν
1634 1379 1824 1434 νύκτα.
1855 1379 2068 1449 Ἰσμεν,

488 1467 728 1536 ἀδελφοὶ,
760 1467 841 1520 ὅτι
867 1466 895 1517 6
922 1465 1075 1537 ἥλιος
1111 1465 1172 1518 οὐ
1216 1465 1432 1528 πάντως
1463 1464 1573 1517 ἀπὸ
1615 1462 1708 1516 τοῦ
1749 1461 1915 1517 αὑτοῦ
1946 1462 2070 1515 κέν·

487 1568 614 1621 τρου
639 1550 986 1621 προέρχεται.
1017 1548 1141 1612 Πῶς
1164 1543 1256 1602 οῦν
1273 1546 1512 1615 γίνονται
1536 1548 1732 1618 μικραὶ
1750 1549 1805 1601 al
1833 1544 2066 1617 ἡμέραις

493 1633 785 1705 Πλησιάζει
819 1632 985 1687 αὑτοῦ
1013 1634 1047 1702 ή
1087 1631 1321 1702 ἀνατολὴ
1365 1631 1443 1702 τῷ
1471 1632 1693 1702 κλίματι
1721 1630 1821 1701 τῆς
1856 1647 2071 1701 μεσημ-

488 1720 647 1790 ϐρίας
665 1734 679 1749 ο
712 1713 829 1770 εἶτα
863 1716 924 1769 οὐ
965 1714 1064 1787 τὴν
1102 1714 1312 1786 ὑψηλήν
1333 1713 1524 1777 ἐλθὼν,
1548 1715 1683 1768 ἀλλά
1709 1714 1809 1783 τήν
1835 1712 2072 1782 πλαγίαν

464 1798 792 1871 νσυντεμὼν,
816 1798 1144 1871 τάςήμέρας
1178 1801 1323 1852 ποιεῖ
1353 1799 1577 1870 μικράς.
1604 1796 1781 1860 Δύσας
1812 1795 1869 1849 δέ
1902 1796 1984 1859 είς
2010 1795 2071 1850 τὸ

470 1886 660 1955 ἀκρον
699 1883 798 1953 τῆς
831 1881 1058 1947 δύσεως,
1082 1881 1331 1954 ἀνάγκην
1376 1881 1489 1952 ἔχει
1520 1879 1816 1935 κυκλεῦσαι
1854 1879 1941 1933 διά
1968 1878 2070 1948 τῆς

494 1966 687 2030 νυκτὸς
698 1966 759 2018 δύ
768 1982 852 2019 σιν
872 1965 1001 2037 ὃλην
1018 1966 1113 2020 καὶ
1129 1965 1332 2037 ἄρκτον
1343 1964 1490 2035 ὃλην,
1514 1965 1608 2019 καὶ
1632 1961 1898 2036 ἀνατολήν
1920 1961 2068 2033 ὅλην,

460 2068 473 2089 '-
490 2052 585 2105 καὶ
612 2049 815 2120 φθάσαι
833 2051 926 2103 ἐπὶ
951 2048 1013 2103 τδ
1029 2048 1196 2120 ἀκρον
1218 2048 1317 2119 τῆς
1336 2047 1684 2120 μεσημϐρίας
1699 2063 1713 2077 ·
1744 2047 1839 2101 καὶ
1855 2046 2071 2117 ἀνάγκη

466 2194 469 2195 ν
492 2133 734 2205 μεγάλην
764 2132 1017 2202 γενέσθαι
1045 2132 1144 2203 τὴν
1175 2131 1366 2185 νύκτα.
1403 2130 1572 2184 Ὅταν
1596 2131 1779 2201 μέντοι
1800 2128 2072 2197 ἐξισοῦται

469 2220 565 2289 ’τῷ
586 2219 772 2290 μήκει,
802 2218 898 2271 καὶ
931 2217 1043 2271 ἴσον
1067 2216 1219 2287 βῆμα
1252 2214 1372 2288 ἔχῃ,
1402 2215 1691 2286 ἰσημερίαν
1716 2216 1881 2270 ποιεῖ.
1905 2212 2075 2267 Πάλιν

451 2339 471 2347 η
490 2301 675 2365 κλίνας
696 2300 838 2355 κατά
857 2299 948 2353 τὸν
967 2297 1244 2372 βορρᾶ[ν],
1273 2298 1462 2368 ὥσπερ
1479 2296 1744 2368 χειμῶνος
1761 2299 1840 2361 είς
1861 2314 2001 2369 μεση
2010 2316 2076 2369 μ-

454 2414 459 2417 -
493 2385 675 2457 δρίαν,
709 2384 806 2438 κει)⁵
838 2384 918 2448 είς
957 2383 1025 2437 τά
1049 2383 1192 2453 ἄκρα
1230 2383 1324 2435 τοῦ
1360 2381 1532 2453 βορρᾶ
1563 2380 1892 2445 ἀναϐαίνων,
1917 2380 2078 2450 ὑψοῦ-

488 2485 581 2521 ται
617 2468 710 2520 καὶ
741 2466 983 2539 μεγάλην
1010 2468 1154 2518 ποιεῖ
1175 2464 1274 2535 τὴν
1294 2465 1512 2537 ἡμέραν
1532 2480 1546 2495 ο
1588 2463 1765 2533 ὀλίγον
1789 2463 1846 2516 δέ
1879 2464 2076 2535 μικρὸν

491 2552 631 2623 ἔχων
653 2552 745 2604 τὸν
776 2550 996 2611 κύκλον,
1031 2549 1234 2620 μικράν
1268 2551 1412 2601 ποιεῖ
1442 2550 1541 2617 τὴν
1570 2546 1761 2601 νύκτα.
1788 2547 1862 2600 Οὐ
1889 2548 2076 2612 παῖδες

503 2634 772 2707 Ἑλλήνων
804 2633 1049 2697 ἐδίδαξαν
1075 2633 1222 2704 ἡμᾶς
1249 2631 1453 2684 ταῦτα’
1484 2629 1605 2683 οὐδὲ
1640 2630 1749 2702 γὰρ
1768 2631 1929 2685 τοῦτο
1951 2630 2078 2701 βού-

494 2720 677 2772 λονται
699 2736 711 2749 ·
745 2716 861 2773 ἀλλ’
887 2716 993 2769 ὑπὸ
1017 2716 1117 2786 τὴν
1145 2713 1251 2783 γῆν
1287 2731 1419 2780 φασι
1444 2713 1657 2784 τρέχειν
1687 2715 1755 2766 τά
1777 2714 1953 2784 ἄστρα
1981 2716 2077 2769 καὶ

494 2800 586 2854 τὸν
609 2799 780 2871 ἣλιον.
828 2799 892 2852 Ἦ
918 2799 958 2852 Γ
965 2799 1108 2870 ραφὴ
1137 2796 1406 2868 δὲηήμῶν,
1443 2798 1476 2868 ή
1527 2796 1647 2849 θεία
1671 2795 2010 2860 διδάσκαλος,
2040 2798 2074 2867 ή

495 2884 686 2958 Γραφὴ
720 2883 867 2955 ήμᾶς
925 2880 1191 2943 παιδεύει,
1239 2879 1483 2949 φωτίζει.
1533 2876 1664 2931 Εἶτα
1717 2879 1939 2951 ἐποίησε
1986 2880 2077 2934 τὸν

490 2967 663 3037 ἥλιον,
699 2963 1358 3034 ἀδιάλειπτονιφωστῆρα,
1390 2962 1488 3033 τήν
1523 2961 1774 3032 σελήνην,
1804 2963 1900 3014 καὶ
1928 2963 2065 3015 ἀπο-

494 3050 763 3123 δυομένην
788 3051 855 3102 τὸ
872 3045 1034 3122 [461]
1061 3046 1279 3109 κάλλος,
1301 3046 1406 3098 καὶ
1430 3044 1872 3115 ἀμφιεννυμένην
1892 3046 2072 3103 πάλιν.

492 3133 745 3187 Δείκνυσι
786 3132 841 3186 δέ
887 3131 952 3185 τὸ
994 3131 1155 3203 ἔργον
1205 3130 1297 3184 τὸν
1341 3128 1613 3200 τεχνίτην.
1675 3127 1999 3201 ’Δνεκλιπὴς
2050 3131 2078 3183 6

493 3217 768 3289 τεχνίτης,
789 3217 961 3272 ἀΐδιον
988 3216 1050 3268 τὸ
1069 3215 1250 3287 ἔργον.
1282 3214 1356 3267 Οὐ
1383 3212 1493 3283 γάρ
1518 3212 1865 3266 ἀναλίσκεται
1883 3212 1943 3266 τὸ
1964 3213 2078 3282 φῶς

497 3302 596 3373 τῆς
629 3301 881 3371 σελήνης,
923 3299 1059 3353 ἀλλά
1091 3298 1417 3371 κρύπτεται.
1446 3297 1660 3351 Γίνεται
1688 3297 1745 3350 δὲ
1773 3298 1868 3350 καὶ
1916 3296 2078 3350 είκὼν

465 3408 471 3422 τ
495 3386 651 3455 ήμῶν
681 3384 789 3436 τῶν
818 3382 1028 3454 θνητῶν
1059 3381 1383 3454 ἀνθρώπων.
1419 3380 1697 3451 Ἐννόησον
1718 3379 1916 3444 πόσους
1944 3381 2078 3434 αἰῶ-

495 3485 591 3531 νας
624 3466 738 3538 έχει
781 3465 1167 3519 ἀνατέλλουσα.
1217 3464 1328 3517 Καὶ
1366 3463 1460 3517 ἐὰν
1488 3458 1531 3537 ᾖ
1565 3461 1778 3533 πρώτη,
1811 3460 2076 3533 λέγομεν·

497 3552 745 3623 Σήμερον
788 3550 1042 3617 γεννᾶται
1082 3550 1114 3619 ή
1167 3546 1385 3616 σελήνη.
1427 3544 1612 3609 Διατί;
1665 3544 1883 3616 Ἐπειδὴ
1916 3544 2079 3599 είκὼν

496 3637 611 3687 ἐστι
636 3632 745 3687 τῶν
776 3631 1060 3705 ἡμετέρων
1086 3630 1375 3702 σωμάτων.
1414 3628 1699 3691 Γεννάται,
1723 3626 1895 3693 αὔξει,
1939 3627 2079 3700 πληο

499 3717 711 3789 ροῦται,
741 3715 1076 3778 ἐλαττοῦται,
1107 3713 1376 3786 μειοῦται,
1405 3711 1549 3767 δύνει
1570 3728 1583 3741 ·
1613 3711 1799 3781 ἐπειδὴ
1815 3713 2080 3782 καὶήμείς

498 3800 838 3872 γεννώμεθα,
862 3798 1190 3869 αὑξάνομεν,
1213 3795 1595 3869 πληρούμεθα,
1618 3796 2077 3867 παρακμάξομεν,

412 3913 417 3919 ·
474 3886 761 3957 ολήγομεν,
803 3874 1091 3955 γηρῶμεν,
1138 3880 1576 3951 ἀποθνήσκομεν,
1626 3878 1874 3950 δύνομεν.
1919 3877 2079 3932 Ἀλλά

498 3970 662 4025 πάλιν
691 3970 969 4039 γεννᾶται,
1002 3964 1192 4036 ἐπειδὴ
1230 3964 1325 4018 καὶ
1360 3965 1520 4035 ήμείς
1568 3962 1834 4034 μέλλομεν
1866 3962 2079 4017 ἀνίστα·

500 4055 648 4117 σθαι,
668 4054 764 4108 καὶ
795 4052 946 4124 μένει
965 4051 1115 4123 ἡμᾶς
1143 4048 1393 4120 γέννησις
1418 4047 1574 4118 ἄλλη.
1600 4048 1700 4101 Διά
1722 4046 1880 4124 τοῦτο
1907 4050 1935 4100 6
1967 4047 2080 4101 Σω-

497 4137 605 4209 τὴρ
633 4123 955 4208 βουλόμενος
968 4132 1159 4198 δεῖξαι,
1191 4131 1362 4194 ὅτιὼς
1385 4129 1751 4201 ἐγεννήθημεν
1772 4123 1895 4193 ὦδε,
1921 4129 2080 4182 πάλιν

497 4218 837 4290 γεννώμεθα,
858 4216 1007 4286 λέγει
1027 4231 1040 4246 ·
1067 4218 1253 4270 Ὅταν
1267 4216 1414 4283 ἔλθῃ
1431 4217 1462 4267 ὁ
1489 4213 1619 4272 Υἱός
1637 4213 1744 4267 τοῦ
1766 4211 2080 4281 ἀνθρώπου

491 4304 571 4356 ἐν
600 4300 675 4371 τῇ
702 4300 1154 4370 παλιγγενεσία.
1205 4298 1499 4375 ζΕγγυᾶται
1525 4298 1559 4366 ή
1588 4295 1786 4367 σελήνη
1820 4296 1920 4366 τὴν
1951 4296 2082 4349 ἀνά-

501 4402 713 4439 στασιν.
750 4383 908 4454 Ἐμὲ,
929 4384 1085 4454 φησὶ,
1114 4381 1340 4452 βλέπετε
1364 4378 1772 4451 κρυπτομένην,
1801 4379 1897 4431 καὶ
1921 4377 2080 4433 πάλιν

501 4467 855 4537 φαινομένην,
890 4467 984 4520 καὶ
1013 4463 1389 4535 ἀπαγορεύετε
1422 4461 1574 4533 ὑμῶν
1602 4461 1701 4525 τάς
1732 4460 1982 4527 ἐλπίδας;
2023 4462 2081 4515 ’0

482 4554 651 4624 ηῆλιος
682 4550 743 4603 ού
770 4550 836 4603 δι’
886 4550 1031 4621 ἡμᾶς
1063 4548 1315 4616 ἐγένετο;
1343 4549 1376 4616 ή
1404 4545 1602 4616 σελήνη
1630 4546 1689 4598 οὐ
1719 4545 1785 4598 δι’
1816 4547 1991 4617 ήμᾶς;
2014 4547 2083 4599 τὰ

502 4634 773 4704 γενόμενα
812 4634 1022 4697 πάντα;
1076 4631 1142 4684 Τί
1169 4631 1279 4702 γὰρ
1311 4630 1412 4683 ούκ
1457 4631 1723 4698 ἐγγυᾶται
1780 4628 1938 4700 ήμῶν
1983 4630 2084 4699 τήν

504 4719 835 4786 ἀνάστασινς
878 4717 943 4769 Ἦ
987 4714 1084 4782 νὺξ
1135 4715 1236 4767 οὐκ
1275 4713 1422 4766 ἐστιν
1468 4710 1631 4765 είκὼν
1672 4711 1769 4765 τοῦ
1816 4711 2083 4778 θανάτους

508 4802 806 4875 Ἕρριπται
838 4802 908 4855 τὰ
957 4799 1186 4871 σώματα
1238 4797 1341 4851 ὑπὸ
1386 4796 1464 4868 τῷ
1509 4797 1709 4860 σκότει,
1762 4796 1975 4867 μορφὰς
2020 4797 2082 4852 οὐ

504 4886 837 4960 διακρίνεις;
867 4884 1132 4947 Πολλάκις
1169 4884 1235 4954 τῇ
1266 4881 1408 4953 χειρὶ
1437 4878 1694 4952 ψηλαφᾷς
1725 4881 1793 4935 τὰ
1820 4880 2084 4952 πρόσωπα

504 4976 614 5030 τῶν
641 4976 1021 5046 κοιμωμένων,
1053 4972 1145 5026 καὶ
1182 4971 1283 5025 οὐκ
1312 4965 1457 5032 οἶδας
1487 4971 1638 5023 ποῖον
1680 4968 1876 5023 τούτου
1917 4968 2084 5039 πρόσ-

490 5073 678 5123 ωπον,
709 5060 863 5111 ποῖον
890 5056 1125 5119 ἐκείνου,
1147 5054 1262 5109 ἀλλ’
1286 5055 1515 5125 ἐρωτᾷς,
1546 5053 1636 5109 ἵνα
1662 5055 1697 5126 ή
1732 5053 1884 5123 φωνὴ
1911 5053 2084 5125 κήρυξ

507 5144 734 5215 γένηται
772 5143 880 5195 τῶν
910 5136 968 5196 ἐν
1001 5140 1183 5193 σκότει
1219 5139 1630 5211 κρυπτομένων.
1676 5138 1886 5209 ’Ὥσπερ
1930 5132 2020 5215 οῦν
2050 5139 2085 5209 ή

504 5228 604 5294 νὺξ
630 5213 895 5281 καλύπτει
924 5223 1080 5296 ήμῶν
1115 5222 1212 5287 τὰς
1255 5222 1490 5295 μορφάς,
1535 5221 1641 5277 κᾶν
1685 5222 1887 5283 πάντες
1935 5213 2086 5292 ὦμεν

504 5313 599 5366 ἐπὶ
627 5308 689 5365 τὸ
721 5307 877 5373 αὐτὸ,
907 5308 1001 5363 καὶ
1033 5307 1207 5372 οὐδεὶς
1243 5306 1336 5362 τὸν
1367 5307 1554 5379 ἕτερον
1590 5302 1845 5377 γνωρίζει
1865 5319 1879 5333 ο
1913 5303 2086 5368 οὕτως

505 5398 726 5469 ἔρχεται
772 5392 999 5456 θάνατος
1046 5391 1138 5445 καὶ
1191 5391 1307 5445 λύει
1354 5392 1451 5455 τάς
1499 5388 1735 5462 μορφὰς,
1789 5387 1864 5469 ῶς
1912 5388 2087 5463 οὐδεὶς

494 5467 695 5534 -ούόένα
727 5477 989 5552 γνωρίζῃ.
1026 5476 1281 5548 Παρέρχη
1309 5476 1567 5547 μνημεῖα.
1609 5475 1733 5527 Ἐὰν
1766 5467 1879 5544 ίδῄς
1915 5472 2087 5527 πολλα

500 5563 705 5633 κρανία
729 5563 787 5617 ἐν
818 5556 994 5632 τάφῳ,
1014 5556 1159 5624 οἶδας
1188 5560 1345 5612 τοῦτο
1372 5558 1544 5621 τίνος;
1582 5557 1720 5609 Ἀλλ’
1750 5559 1779 5609 6
1817 5556 2087 5620 σκευάσας

503 5644 675 5699 οἶδενο
704 5648 734 5700 6
769 5644 937 5711 λύσας
984 5646 1271 5698 ἐπίσταται
1318 5640 1482 5693 πόθεν
1525 5639 1795 5713 προῆλθον
1840 5634 1997 5693 αὗται
2029 5643 2084 5694 αἱ

511 5731 736 5801 pagani.
776 5731 849 5783 Οῦ
877 5731 1172 5801 θαυμάζεις
1199 5726 1337 5796 Θεοῦ
1373 5725 1765 5796 δημιουργίαν;
1801 5724 2083 5780 Τοσούτων

1915 258 2284 317 SEV'ERIANI

3639 260 3753 317 656

2176 378 2401 451 μορφῶν
2431 380 2487 432 ἐν
2513 378 2802 442 τοσαύταις
2822 377 3049 450 μυριάσι
3078 375 3307 448 οὐδεμία
3320 366 3580 447 ὁμοιότης
3592 375 3615 432 ’ἰ
3647 377 3761 430 κᾶν

2169 468 2249 529 είς
2276 464 2345 519 τά
2373 464 2584 536 πέρατα
2611 463 2712 533 τῆς
2734 462 3061 534 οἰκουμένης
3088 461 3327 533 δράμης,
3349 460 3541 514 οὐδένα
3566 460 3763 532 ὅμοιον

2168 546 2446 617 εὑρίσκεις
2463 561 2476 576 ·
2509 544 2645 599 ἀλλά
2665 545 2820 598 καὶεί
2838 542 3027 616 εὕρῃς,
3047 541 3201 615 παρά
3218 539 3391 613 ρίναή
3412 541 3545 610 παρ’
3560 539 3765 610 ὀφθαλ-

2170 626 2293 702 μὺν,
2331 630 2419 684 ἵνα
2450 632 2590 701 φανῇ
2623 628 2684 682 τὸ
2723 628 2894 695 ξένον.
2919 628 3146 698 Δίδυμοι
3182 625 3498 696 ἐξέρχονται
3517 626 3586 678 ἐκ
3619 626 3761 696 μιᾶς

2168 712 2399 780 κοιλίας,
2436 714 2531 768 καὶ
2553 714 2807 785 τέμνεται
2839 713 2874 783 ή
2905 712 3181 782 ὁμοιότης.

2240 803 2314 865 ς’.
2352 792 2493 852 Εἶτα
2514 797 2572 861 ὃς
2601 796 2676 867 μή
2700 791 2866 858 οῦσας
2894 792 3166 868 τοσαύτας
3197 790 3413 864 μορφὰς
3436 793 3765 864 παρήγαγε,

2165 883 2337 946 λύσας
2387 881 2693 936 ἀνανεῶσαι
2743 879 2805 933 ού
2860 878 3116 944 δύναται;
3144 876 3236 947 Μή
3281 876 3359 941 ὡς
3404 876 3766 948 ταλαίπωρος

2167 964 2455 1038 ἄνθρωπος
2491 964 2683 1036 μέτρει
2712 964 2824 1026 τοῖς
2872 965 2982 1025 σοῖς
3012 961 3292 1032 λογισμοῖς
3334 960 3471 1014 Θεοῦ
3499 958 3761 1031 δύναμιν.

2168 1049 2259 1122 Μὴ
2297 1049 2518 1120 νόμιζε,
2560 1049 2643 1101 ὅτι
2677 1042 2916 1101 τοσαῦτα
2943 1045 3167 1099 δύναται
3193 1048 3221 1099 6
3258 1043 3411 1109 Θεὸς,
3434 1042 3537 1098 ὅσα
3571 1044 3637 1097 σὺ
3664 1042 3765 1096 δύο

2175 1132 2328 1186 ᾀασαι
2368 1130 2709 1201 λογίσασθαι.
2746 1130 2811 1185 Εἰ
2849 1130 2905 1183 δὲ
2936 1127 3175 1184 τοσαῦτα
3213 1127 3458 1192 δύναται,
3500 1128 3600 1181 ὅσα
3644 1124 3765 1195 ἐγὼ

2169 1217 2294 1281 νοῶ,
2330 1216 2516 1288 τολμῶ
2544 1217 2740 1279 εἰπεῖν,
2785 1212 2966 1285 πολλῷ
2995 1211 3188 1283 μικρὸς
3222 1212 3250 1264 ό
3278 1211 3410 1272 Θεός
3429 1225 3445 1242 ⁸
3481 1208 3763 1280 ἐμέτρησε

2168 1301 2278 1372 γὰρ
2305 1298 2466 1353 αὐτὸν
2495 1301 2528 1370 ή
2570 1297 2679 1370 ἐμὴ
2718 1297 2944 1351 διάνοια.
2976 1296 3040 1349 Εί
3074 1295 3130 1349 δὲ
3164 1293 3485 1366 ὑπερϐαίνει
3514 1293 3763 1347 διάνοιαν

2169 1387 2265 1441 καὶ
2314 1385 2447 1454 νικᾷ
2496 1383 2777 1454 λογισμὸν,
2820 1380 3221 1451 ἀνεξιχνίαστος
3266 1381 3295 1432 6
3336 1379 3602 1449 ποιήσας,
3658 1377 3764 1431 καὶ

2170 1469 2532 1539 ἀκατάληπτα
2572 1467 2641 1520 τά
2690 1466 2850 1537 ἔργα.
2894 1463 3322 1536 Ἑρωτάσθωσαν
3350 1462 3617 1534 αίρετικοὶ
3645 1461 3764 1515 ἀπὸ

2169 1554 2278 1608 τῶν
2325 1551 2694 1623 φαινομένων,
2728 1551 2815 1603 ἵνα
2846 1547 3091 1619 μάθωσιν
3133 1546 3344 1601 ἑαυτῶν
3367 1546 3466 1617 τὴν
3492 1545 3759 1618 ἀπορίαν.

2183 1636 2402 1707 Ἐπειδὴ
2458 1631 2609 1689 εἶπεν
2641 1634 2670 1687 6
2701 1633 2867 1697 Θεόςο
2913 1630 3234 1699 Γενηθήτω
3277 1628 3603 1697 στερέωμαο
3657 1629 3765 1682 καὶ

2171 1720 2372 1784 εὐθέως
2412 1719 2441 1771 6
2481 1717 2639 1787 λόγος
2678 1715 2995 1788 εἰργάσατο,
3020 1713 3314 1768 κατέλιπεν
3343 1714 3474 1784 ήμίν
3497 1711 3767 1783 ἐνέχυρον

2168 1804 2349 1869 τοῦτο,
2379 1804 2463 1857 ὃτι
2495 1802 2658 1865 αὐτὸς
2692 1801 2968 1871 ἐποίησεν.
2990 1798 3238 1868 Σήμερον
3264 1794 3766 1866 καταλιμπάνομεν

2168 1887 2262 1940 τὸν
2289 1886 2517 1958 οὐρανὸν
2550 1884 2756 1954 γυμνὸν
2791 1882 2899 1936 ἀπὸ
2932 1881 3192 1951 ἑσπέρας,
3239 1880 3329 1933 κατ
3358 1879 3554 1951 ἀθρόον
3594 1879 3766 1949 ἐγερ-

2172 1970 2380 2034 θέντες,
2413 1968 2743 2040 εὑρίσκομεν
2772 1966 2901 2021 ἄλλο
2929 1963 3217 2037 στερέωμα
3237 1963 3349 2017 ἀπὸ
3374 1961 3484 2015 τῶν
3517 1962 3767 2032 νεφελῶν

2172 2054 2366 2123 παγέν.
2396 2051 2616 2123 Μερικά
2646 2049 2798 2123 [462]
2827 2049 3059 2120 ἐνέχυρά
3081 2049 3197 2100 ἐστι
3221 2046 3330 2099 τῶν
3357 2045 3609 2117 πρώτων,
3628 2047 3766 2099 ὅταν

2176 2137 2291 2208 ἴδῃς
2320 2136 2412 2189 τὸν
2454 2134 2686 2205 οὐρανὸν
2724 2132 3145 2203 ἐσκοτασμένον,
3181 2130 3277 2185 καὶ
3314 2130 3442 2185 ἀλλο
3468 2131 3769 2200 στερέωμα

2172 2221 2238 2273 ἐκ
2264 2219 2372 2272 τῶν
2401 2218 2641 2288 νεφελῶν
2664 2230 2716 2273 α.
2761 2218 2819 2271 '0
2848 2216 2943 2270 νῦν
2979 2215 3261 2285 συντόμως
3289 2215 3456 2268 ποιῶν
3503 2213 3764 2283 νεφέλας,

2172 2303 2412 2356 δείκνυσι
2447 2302 2565 2363 πῶς
2603 2300 2725 2354 τότε
2773 2299 3053 2369 συντόμως
3093 2297 3185 2351 τὸν
3232 2298 3461 2370 οὐρανὸν
3509 2298 3765 2369 ἐποίησε.

2173 2388 2284 2440 Καὶ
2309 2386 2362 2440 τί
2391 2389 2571 2454 ποιεί;
2616 2386 2733 2449 πῶς
2774 2385 2829 2438 αἱ
2858 2384 3076 2452 νεφέλαι
3121 2383 3444 2454 βρέχουσιν;
3503 2384 3767 2453 Ἐποίησε

2174 2470 2273 2533 τὰς
2302 2471 2533 2539 νεφέλας
2560 2469 2636 2533 ὡς
2660 2468 2884 2532 ἀσκοὺς,
2919 2468 3014 2521 καὶ
3052 2468 3235 2520 ἀντλεῖ
3259 2467 3327 2520 δι’
3359 2467 3541 2520 αὐτῶν
3561 2467 3633 2522 τά
3660 2469 3767 2538 τῆς

2178 2552 2454 2623 θαλάσσης
2476 2551 2664 2616 ὕδατα,
2697 2550 2918 2622 άλμυρά
2950 2550 3100 2615 ὄντα,
3135 2551 3231 2605 καὶ
3253 2549 3453 2621 πληροῖ
3477 2549 3577 2614 τάς
3598 2550 3769 2618 νεφέ-

2174 2637 2291 2702 λας,
2344 2638 2438 2691 καὶ
2470 2635 2794 2708 μεταϐάλλει
2828 2635 2889 2688 τὸ
2935 2634 3099 2705 ὕδωρ,
3134 2634 3229 2687 καὶ
3263 2632 3469 2699 ποτίζει
3503 2634 3604 2705 τήν
3632 2634 3765 2705 γῆν.

2175 2720 2502 2774 Είπάτωσαν
2530 2719 2648 2782 πῶς
2682 2718 3013 2788 ἀναφέρεται
3043 2717 3105 2771 τὸ
3131 2716 3295 2788 βάρος
3327 2720 3406 2781 είς
3444 2716 3600 2786 ῦψος,
3642 2718 3769 2783 πῶς

2177 2803 2467 2864 ἀντλεῖται,
2510 2803 2624 2866 πῶς
2652 2804 2707 2856 αἱ
2751 2802 2969 2870 νεφέλαι
3017 2800 3355 2855 ἀντλοῦνται.
3403 2802 3517 2854 Οὐκ
3557 2800 3769 2864 εὐθέως

2177 2887 2448 2951 κενοῦσιν,
2474 2886 2609 2940 ἀλλά
2634 2886 2917 2957 τρέχουσιν
2942 2884 3194 2945 ἐπιπολὺ,
3216 2886 3352 2938 ὅπου
3380 2884 3445 2938 ἀν
3469 2884 3707 2959 κελεύσῃ
3734 2887 3769 2939 6

2176 2972 2474 3039 Δεσπότης,
2520 2970 2614 3024 καὶ⁵
2654 2969 2769 3022 ἐστι
2806 2970 2866 3022 τὸ
2899 2969 3227 3041 πρόσταγμα
3259 2967 3354 3021 τοῦ
3395 2968 3532 3022 Θεοῦ
3569 2967 3767 3039 ὥσπερ

2175 3056 2376 3126 δεσμὸς
2406 3055 2755 3122 ἐπικείμενος
2782 3055 2902 3117 ταῖς
2935 3052 3206 3123 νεφέλαις,
3237 3054 3333 3106 καὶ
3356 3052 3431 3124 μή
3461 3052 3771 3123 συγχωρῶν

2180 3137 2411 3209 βρέχειν,
2446 3137 2552 3198 ἕως
2586 3136 2652 3190 ἀν
2682 3137 2869 3209 νεύσῃ.
2903 3136 3026 3189 Ὀτι
3049 3135 3108 3188 δὲ
3143 3135 3302 3189 ἀσκοί
3330 3137 3459 3198 είσι,
3493 3137 3768 3206 μαρτυρεῖ

2177 3222 2370 3275 Δαυῖδ·
2436 3220 2498 3274 '0
2550 3218 2864 3288 συνάγων,
2910 3217 3095 3289 φησὶν,
3143 3218 3286 3273 ὡσεί
3326 3218 3525 3273 ἀσκὸν
3569 3219 3771 3271 ὕδατα

2168 3304 2517 3375 θαλάσσης.
2548 3305 2659 3357 Καὶ
2680 3303 2780 3374 ὅρα
2797 3302 2858 3355 τὸ
2874 3301 3207 3374 θαυμαστὸνο
3240 3302 3552 3371 Συνάγειτά
3568 3300 3767 3366 ὕδατα,

2179 3390 2453 3444 ἐπίκειται
2481 3390 2514 3459 ή
2546 3389 2666 3459 χεὶρ
2697 3390 2731 3459 ή
2756 3386 3045 3451 ἀθάνατος,
3087 3388 3121 3459 ή
3154 3388 3408 3458 ἀόρατος,
3441 3388 3515 3458 μή
3548 3404 3769 3457 συγχω-

2182 3474 2351 3546 ροῦσα
2389 3472 2524 3543 όμοῦ
2571 3471 2897 3541 κενωθῆναι,
2940 3470 3075 3525 ἀλλά
3123 3470 3264 3525 κατά
3307 3471 3495 3543 μέρος.
3550 3470 3770 3542 Ὠσπερ

2181 3559 2427 3627 στήμονα
2455 3555 2649 3610 λεπτὸν
2679 3556 2817 3627 γυνὴ
2845 3555 3166 3625 διανήσασα,
3200 3556 3391 3625 τέμνει
3418 3555 3482 3609 τὸ
3514 3554 3659 3626 ἔριον
3680 3557 3770 3620 είς

2179 3639 2381 3703 πολλάς
2408 3638 2503 3691 καὶ
2524 3637 2818 3710 διαφόρους
2843 3637 3025 3708 δψεις·
3058 3637 3201 3691 οὓτω
3225 3638 3575 3709 τὸν’άπειρον
3600 3637 3770 3708 βυθὸν

2178 3725 2278 3794 τῆς
2298 3721 2586 3791 θαλάσσης
2616 3722 2697 3785 είς
2728 3726 2993 3791 σταγόνας
3021 3721 3211 3791 ῶσπερ
3256 3722 3495 3793 σχήματι
3533 3719 3563 3761 ι
3592 3737 3769 3775 κατα-

2177 3809 2417 3878 τέμνων,
2467 3804 2608 3859 οὕτω
2639 3804 2846 3876 πέμπει
2890 3809 2957 3878 τῇ
2992 3809 3085 3878 γῇ.
3132 3806 3293 3859 Ἀλλά
3324 3806 3384 3860 τὸ
3426 3805 3765 3876 θαυμαστὸν,

2179 3893 2229 3944 εί
2278 3888 2521 3955 λέλυται,
2565 3889 2685 3951 πῶς
2721 3889 2783 3941 οὐ
2821 3888 3098 3960 συντόμως
3127 3889 3416 3955 κενοῦται;
3443 3890 3491 3942 εί
3526 3889 3765 3952 δέδεται,

2178 3968 2319 4027 διατί
2351 3973 2500 4045 ρἐις
2528 3972 2714 4041 Ἔχεις
2737 3971 3037 4042 ὑπόδειγμα
3059 3971 3282 4037 ἀσθενὲς
3318 3972 3437 4042 μὲν,
3465 3972 3767 4043 δυνάμενον

2179 4058 2237 4112 δέ
2265 4076 2324 4112 σε
2356 4062 2560 4115 πεῖσαι.
2590 4052 2746 4121 Εἶδες
2777 4057 3030 4128 ἀρπαγέα
3066 4056 3308 4125 ύδάτων;
3341 4052 3480 4120 εἶδες
3515 4057 3637 4121 πῶς
3666 4076 3768 4112 κα-

2180 4144 2511 4215 τατέτρηται
2554 4141 2838 4204 κάτωθενς
2881 4140 3256 4211 Ἐπικείμενος
3301 4140 3411 4211 ἔχει
3437 4140 3536 4212 τήν
3566 4143 3765 4212 φορὰν,

2182 4229 2277 4280 καὶ
2311 4228 2607 4297 φράττεται
2636 4224 2785 4278 κάτω
2813 4224 2900 4276 διὰ
2928 4224 2989 4276 τὸ
3018 4223 3223 4276 ἀνωθεν
3255 4224 3621 4294 ἐπικείμενον.
3660 4223 3768 4277 06-

2180 4328 2289 4374 τως
2326 4313 2354 4364 6
2398 4309 2665 4371 ἀθάνατος
2711 4307 2972 4368 δάκτυλος
3018 4306 3113 4360 τοῦ
3155 4306 3289 4360 Θεοῦ
3326 4307 3600 4361 ἐπίκειται
3642 4310 3768 4373 ταῖς

2182 4392 2453 4462 νεφέλαις,
2488 4391 2583 4444 καὶ
2628 4389 2769 4460 χαλᾷ
2821 4390 2945 4443 ὅσον
2981 4388 3251 4460 βούλεται,
3303 4391 3396 4444 καὶ
3436 4394 3595 4462 τηρεῖ
3639 4393 3767 4446 ὅσον

2185 4477 2451 4547 βούλεται,
2484 4475 2571 4528 ἴνα
2611 4473 2755 4526 κατά
2785 4473 2967 4544 πάσης
2996 4473 3112 4544 τῆς
3131 4473 3236 4544 γῆς
3265 4474 3619 4547 παραπέμπῃ
3662 4477 3768 4548 τὴν

2181 4559 2407 4631 δωρεάν.
2453 4557 2563 4611 Καὶ
2614 4554 2848 4627 μάλιστα
2891 4556 3050 4609 τοῦτο
3102 4559 3244 4611 ποιεῖ
3276 4558 3334 4611 ἐν
3382 4560 3497 4622 τοῖς
3545 4558 3770 4629 ὀψίμοις

2182 4641 2429 4713 ὄμϐροις,
2457 4640 2547 4693 ὅτε
2570 4641 2751 4694 πᾶσαν
2785 4638 3046 4709 μεθυσκει
3068 4641 3168 4711 τὴν
3189 4642 3292 4712 γῆν
3317 4658 3331 4672 ·
3361 4642 3450 4695 ὅτε
3496 4642 3630 4696 ποτέ
3663 4643 3769 4713 μὶν

2182 4723 2360 4789 τοῦτο,
2391 4724 2520 4777 ποτέ
2543 4722 2602 4777 δέ
2622 4722 2751 4777 ἀλλο
2785 4722 2956 4794 κλίμα
2978 4723 3209 4787 ποτίζει.
3243 4724 3343 4777 Διά
3371 4724 3530 4778 τοῦτο
3561 4724 3710 4794 λέγει
3738 4728 3771 4780 6

2186 4810 2490 4881 προφήτης·
2506 4807 2618 4862 Καὶ
2644 4806 2961 4875 βρέξειὲπὶ
2984 4807 3166 4862 πόλιν
3181 4808 3350 4877 μίαν,
3373 4808 3470 4862 ἐπὶ
3495 4807 3771 4864 6656.10!-

2179 4895 2329 4963 μίαν
2348 4894 2419 4949 οὑ
2438 4889 2667 4960 βρέξει.
2685 4890 2866 4961 Μερις
2888 4891 2998 4960 μία
3024 4890 3426 4960 βραχήσεται,
3456 4891 3557 4947 καί
3568 4893 3765 4962 μερίς,

2184 4976 2375 5048 ἐφ’ἦν
2398 4979 2470 5032 οὐ
2505 4975 2734 5047 βρέξει,
2775 4974 3237 5044 ξηρανθήσεται.
3286 4974 3586 5029 Ἐπίκειται
3610 4977 3670 5030 δὲ
3706 4976 3769 5029 οὐ

2183 5062 2443 5126 δάκτυλος
2480 5059 2640 5126 Θεοῦ,
2687 5059 2824 5114 ἀλλά
2858 5058 3016 5129 στολή
3055 5069 3102 5113 ο.
3154 5056 3533 5130 Ἐσχημάτισα
3570 5059 3628 5112 δέ
3677 5059 3767 5113 τὸν
3805 5121 3811 5126 _

2185 5134 2343 5216 λόγον
2365 5148 2444 5208 είς
2477 5143 2646 5198 τύπον
2679 5143 2967 5215 ἡμέτερον.
3013 5142 3370 5207 Ἐντέλλεται,
3409 5144 3504 5197 καὶ
3542 5144 3603 5196 οὐ
3645 5142 3769 5214 βρι-

2186 5246 2363 5303 χουσι.
2405 5229 2515 5282 Καὶ
2547 5226 2704 5282 τοῦτο
2754 5227 2901 5296 λέγει
2944 5228 2978 5297 ή
3008 5225 3235 5299 Γραφή’
3290 5225 3424 5292 Ταῖς
3460 5226 3766 5296 νεφέλαις,

2248 5356 2275 5416 F
2305 5353 2439 5416 Haec,
2460 5352 2628 5416 μερικά
2648 5365 2803 5416 usque
2827 5351 2887 5399 ad
2912 5351 3133 5416 νεφελῶν,
3162 5351 3342 5416 degunt
3371 5353 3421 5416 ip
3442 5351 3559 5416 δαν.

2248 5415 2277 5455 ι
2299 5414 2382 5464 Sic
2414 5411 2531 5463 iubs."
2555 5416 2665 5463 Sav.
2716 5411 2766 5477 in
2788 5426 2940 5477 marg.
2965 5411 3096 5477 éonj.
3132 5414 3259 5477 νῆμᾴ
3279 5428 3344 5462 τι.
3369 5411 3772 5477 Εοωὺςῐεχεῦνά

2183 5496 2226 5526 τι
2249 5477 2430 5540 posui}.
2474 5476 2831 5540 Siﬁmulandym
2857 5476 2939 5540 sit,
2967 5475 3095 5524 malo
3134 5473 3284 5540 Sevi}.
3328 5476 3489 5540 s_equi.
3517 5473 3653 5525 lnffi
3685 5473 3774 5540 ἀρ-

2183 5537 2494 5649 παὲ
2514 5536 3588 5658 39339343333226.1653.amitam
3625 5598 3767 5650 Com-

2249 5611 2271 5632 τ
2299 5611 2483 5649 umnes
2522 5612 2641 5652 mss.
2665 5611 2834 5656 cnam,
2857 5611 2969 5646 δαν.
2991 5611 3043 5646 ιιι
3067 5611 3144 5646 ma
3206 5634 3221 5647 .
3254 5611 3374 5653 ισως
3401 5611 3588 5659 Man,
3625 5611 3767 5650 com-

2184 5662 2493 5787 ggl":.i;2;)ﬁﬁ.
2520 5661 2617 5711 Sed
2638 5662 2786 5719 στολή
2814 5668 2945 5709 stare
2972 5611 3305 5729 poleslﬁnfra
3333 5667 3444 5720 past
3480 5661 3769 5724 ἐμεγαλύνθη
