3982 6198
300 309 386 364 υςπ
1323 295 1406 350 DE
1443 291 1653 349 MUNDI
1692 293 1871 349 CREA

1982 292 2082 348 »ΝΕ
2121 289 2377 348 ORATIO
2421 291 2504 347 ΙΙΙ.

296 427 605 477 tlurrenlcm
649 419 713 474 ad
759 416 1034 474 meridiem
1057 456 1072 481 ,
1102 422 1158 467 ut
1187 412 1401 468 boream
1444 409 1865 464 circumeuntem

297 517 388 585 jztlll
416 513 572 567 disce
602 513 656 566 in
688 511 879 566 hiemis
927 515 1240 577 tempestate
1268 521 1281 557 :
1311 503 1433 573 quia
1477 517 1583 555 non
1623 515 1655 554 a
1695 500 1873 554 medio

299 609 496 663 oriente
532 607 740 670 oritur,
770 604 862 660 sed
888 605 1028 660 circa
1074 599 1241 655 austri
1270 600 1407 653 latus
1435 597 1648 665 oblique
1679 594 1868 665 pergit,

301 702 646 770 exiguumque
678 696 1013 752 intervallum
1043 706 1252 755 secans,
1289 690 1505 744 brevem
1533 688 1674 742 diem
1705 686 1870 750 facit;

300 809 408 845 cum
431 789 634 846 occidit
661 798 838 843 autem
867 797 919 841 et
946 799 1132 841 rursus
1156 782 1414 838 circulum
1445 779 1683 834 decurrit
1709 818 1726 844 ,
1753 779 1872 832 lon-

300 898 406 949 gain
434 889 648 934 noctem
681 879 825 933 facit.
852 877 1096 942 Scimus,
1141 872 1336 927 fratres
1355 912 1372 937 ,
1400 871 1570 926 solem
1621 884 1727 923 non
1749 883 1872 922 om-

300 975 415 1026 nino
442 972 511 1025 ab
537 971 729 1026 eodem
761 977 956 1040 puncto
984 965 1251 1038 progredi.
1284 963 1562 1034 Quomodo
1598 976 1726 1033 ergo
1748 961 1874 1017 bre-

303 1081 383 1118 ves
413 1066 546 1117 tiuot
572 1062 733 1117 dies?
759 1059 979 1116 Accedit
996 1061 1115 1130 ejus
1136 1065 1289 1112 ortus
1313 1055 1381 1111 ad
1414 1057 1551 1110 latus
1580 1053 1821 1110 meridiei
1854 1068 1869 1106 :

301 1154 478 1208 deinde
502 1167 610 1206 nou
639 1152 801 1205 altam
829 1160 1017 1206 tenens
1039 1189 1056 1216 ,
1082 1148 1178 1203 sed
1206 1147 1477 1222 obliquam
1508 1144 1655 1200 brevi
1683 1157 1874 1198 secans

302 1246 423 1297 viam
441 1285 456 1306 ,
485 1244 678 1297 breves
698 1241 861 1296 ef-ticit
884 1249 1088 1295 noctes.
1115 1239 1378 1294 Occidens
1397 1245 1571 1291 autem
1595 1235 1646 1289 in
1663 1247 1875 1288 sununo

300 1333 602 1398 occidentis,
630 1331 933 1386 necessario
963 1330 1151 1385 circuit
1178 1344 1272 1398 per
1296 1339 1508 1382 noctem
1539 1333 1706 1379 totum
1733 1323 1874 1378 occi~

299 1425 500 1478 dentem
531 1432 588 1476 et
613 1431 781 1475 totum
808 1420 1054 1485 boream,
1079 1429 1353 1489 totumque
1383 1418 1642 1472 orientem
1663 1457 1680 1483 ,
1710 1425 1873 1486 atque

302 1517 360 1570 ad
385 1515 625 1569 meridici
646 1527 916 1568 summum
953 1512 1140 1576 venit;
1167 1525 1232 1565 ac
1273 1525 1496 1565 necesse
1519 1518 1601 1563 est
1627 1522 1874 1578 magnam

297 1623 406 1662 esse
430 1616 664 1660 noctem.
696 1603 921 1672 Quando
958 1612 1138 1658 autem
1181 1602 1440 1672 aequalem
1489 1600 1873 1670 longitudinem

297 1709 346 1752 et
372 1696 633 1767 aequalem
678 1710 894 1750 cursum
935 1694 1128 1759 habet,
1160 1703 1286 1749 tunc
1312 1693 1690 1763 aequinoctium
1723 1691 1868 1746 facit.

298 1790 494 1854 Rursus
514 1787 580 1841 ad
599 1787 816 1841 boream
838 1786 1113 1841 declinans
1132 1786 1274 1840 velut
1295 1786 1466 1840 hieme
1486 1785 1551 1838 ad
1575 1784 1873 1852 meridiem,

297 1891 343 1933 et
358 1881 420 1932 ad
444 1880 620 1933 borea:
637 1893 847 1932 summa
867 1877 1162 1932 ascendens
1176 1877 1457 1942 cxaltatur,
1487 1887 1539 1930 et
1559 1877 1773 1946 longum
1790 1875 1874 1930 ef-

298 1973 397 2026 licit
415 1971 556 2026 diem
581 1989 595 2024 :
624 1971 842 2026 brevem
871 1980 1048 2026 autem
1074 1970 1328 2025 circulum
1350 1969 1744 2024 decurrendum
1779 1968 1868 2022 ha-

299 2068 439 2129 hens,
457 2063 673 2119 brevem
689 2061 850 2118 efﬁcit
865 2070 1096 2118 noctem.
1112 2061 1225 2116 Non
1246 2061 1358 2116 haec
1373 2059 1544 2116 Graeci
1562 2075 1658 2114 nos
1672 2058 1874 2114 docue-

301 2168 452 2212 runt:
479 2171 653 2227 neque
695 2155 838 2210 enim
883 2156 984 2210 hoc
1010 2153 1216 2218 volunt;
1245 2151 1340 2208 sed
1378 2152 1478 2206 sub
1507 2162 1644 2205 terra
1689 2151 1874 2205 dicunt

298 2264 434 2305 astra
471 2264 688 2305 currere
729 2257 888 2317 atque
934 2247 1124 2302 solem.
1172 2245 1442 2313 Scriptura
1489 2259 1619 2298 vero
1648 2252 1867 2309 nostra,

296 2346 466 2397 divina
494 2342 752 2412 magistra
778 2340 1073 2410 Scriptura,
1109 2352 1206 2392 uos
1231 2337 1410 2392 erudit
1428 2376 1444 2397 ,
1477 2336 1870 2406 illuminatque.

298 2437 492 2490 [ininde
521 2434 646 2489 fecit
673 2434 865 2498 solem,
895 2449 998 2489 non
1025 2431 1278 2485 deficiens
1323 2430 1624 2496 luminare;
1661 2429 1868 2497 lunam,

295 2544 406 2598 qua:
450 2528 701 2582 decorem
728 2526 876 2581 exuit
904 2535 958 2578 et
988 2539 1203 2578 rursum
1232 2521 1423 2577 induit.
1465 2521 1650 2576 Prodit
1689 2522 1873 2577 Artifi-

293 2635 404 2673 cem
451 2634 607 2688 opus.
659 2617 961 2688 Numquam
1009 2615 1190 2670 deﬁcit
1233 2614 1758 2680 Artifex;:eternum
1788 2624 1874 2671 est

293 2727 444 2781 «ψιις.
487 2709 673 2781 Neque
719 2709 860 2763 laute
891 2709 987 2762 lux
1024 2706 1321 2762 absumitur
1343 2746 1359 2772 ,
1405 2705 1498 2760 sed
1527 2707 1859 2762 occultatur:

293 2814 476 2872 estque
509 2810 754 2856 nostrum
785 2799 1090 2854 mortalium
1131 2797 1408 2852 hominum
1448 2797 1645 2867 imago.
1683 2795 1863 2864 Cogita

297 2912 400 2964 quo
421 2895 738 2949 szrculorum
770 2893 939 2962 spatio
968 2899 1082 2946 orta
1124 2891 1212 2945 sit.
1238 2889 1303 2943 Et
1329 2888 1374 2942 si
1401 2888 1570 2958 prima
1595 2888 1703 2954 sit,
1734 2887 1867 2942 dici-

292 3001 406 3039 mus
435 2999 450 3039 :
486 2984 636 3039 Luna
664 2982 822 3037 hodie
867 2981 1120 3036 nascitur.
1163 2980 1382 3048 Quare?
1408 2979 1541 3045 Quia
1573 2979 1750 3049 imago
1779 2987 1865 3034 est

291 3089 594 3133 uostrormn
645 3091 951 3146 corporum.
993 3074 1268 3139 Nascitur,
1301 3059 1528 3138 crescit,
1559 3073 1863 3142 .impletur,

287 3172 589 3236 decrescit,
621 3169 896 3234 minuitur,
925 3166 1120 3223 occidit
1147 3181 1163 3223 :
1196 3173 1252 3221 et
1298 3179 1397 3220 nos
1436 3163 1660 3234 perinde
1691 3163 1893 3219 nasci--

288 3279 427 3327 mur,
461 3262 788 3325 crescimus,
819 3259 884 3314 ad
937 3258 1319 3328 plenitudinem
1365 3256 1631 3323 venimus,
1655 3271 1866 3313 marce-

285 3359 506 3417 scimus.
534 3354 888 3419 declinamus,
915 3351 1346 3407 consenescimus
1364 3390 1380 3416 ,
1412 3349 1690 3414 morimur,
1720 3350 1866 3404 occi-

283 3448 480 3500 diums.
531 3445 724 3500 Verum
770 3444 856 3498 illa
887 3458 1070 3498 rursus
1112 3442 1388 3497 nascitur:
1417 3450 1475 3498 et
1517 3455 1616 3496 nos
1646 3440 1869 3511 perinde

283 3537 643 3592 resurrecturi
699 3549 918 3600 sumus,
948 3548 1152 3603 nosque
1197 3541 1378 3588 manet
1422 3531 1526 3586 alia
1573 3531 1865 3602 generatio.

284 3629 409 3683 Ideo
435 3628 688 3682 Servatur
734 3634 791 3679 ut
839 3625 1085 3680 ostendat
1115 3638 1211 3679 nos
1234 3664 1250 3690 ,
1295 3621 1742 3694 quemadmodum
1781 3621 1869 3677 hic

284 3722 395 3774 nati
425 3733 633 3782 sumus,
668 3734 878 3772 rursum
909 3717 1210 3772 nascituros
1235 3729 1355 3770 esse
1379 3756 1394 3780 ,
1420 3716 1496 3768 ait
1527 3732 1538 3766 :
1571 3712 1699 3768 Cum
1723 3729 1870 3767 vene-

278 3812 347 3863 rit
380 3809 552 3864 Filius
594 3809 812 3862 hominis
853 3807 906 3861 in
947 3807 1320 3878 regeneratione
1363 3803 1583 3877 (Matth.
1610 3805 1696 3861 l9.
1735 3805 1807 3860 28
1823 3805 1866 3875 ).

280 3903 578 3957 Pollicetur
620 3901 743 3954 luna
788 3901 1256 3954 resurrectionem.
1295 3897 1408 3963 Me,
1448 3896 1650 3966 inquit,
1678 3895 1870 3953 videtis

275 3993 580 4059 occultari,
604 4001 660 4048 et
682 4006 893 4046 rursum
921 4005 1199 4062 apparere,
1228 3999 1284 4045 et
1311 4004 1461 4059 spem
1489 4004 1705 4044 omnem
1728 3988 1868 4058 abji-

275 4088 452 4144 citis?
483 4086 672 4142 Nonne
701 4087 784 4141 sol
811 4086 862 4140 in
891 4085 1060 4142 nostri
1095 4083 1320 4155 gratiam
1345 4083 1518 4139 factus
1542 4083 1663 4138 est?
1692 4098 1870 4140 nonne

276 4180 456 4234 luna?
483 4194 660 4234 nonne
684 4186 944 4233 creatura:
972 4175 1193 4232 omnes?
1228 4174 1366 4243 Quid
1392 4174 1536 4229 enim
1575 4174 1728 4228 nobis
1763 4189 1869 4229 non

278 4273 572 4341 pollicetur
604 4267 1097 4325 resurrectionem?
1132 4265 1321 4321 Nonne
1350 4265 1538 4320 mortis
1564 4263 1738 4334 imago
1765 4281 1871 4320 nox

275 4365 404 4419 est?
427 4364 670 4432 Projecta
698 4361 798 4417 sub
816 4361 1050 4416 tenebris
1067 4373 1314 4429 corpora,
1337 4357 1535 4413 formas
1554 4372 1658 4410 non
1678 4356 1874 4412 discer-

276 4457 406 4511 nis?
448 4457 604 4525 Stepe
651 4470 812 4508 manu
859 4463 1161 4507 contreetas
1204 4451 1410 4505 vultum
1459 4449 1868 4514 dormientium,

279 4565 390 4604 nec
419 4549 558 4604 nosti
589 4562 832 4618 quamam
866 4545 983 4600 haec
1025 4543 1192 4599 facies
1234 4545 1337 4612 sit,
1366 4558 1485 4614 quae
1514 4543 1638 4609 illa;
1668 4542 1761 4598 sed
1793 4543 1878 4598 iu-

278 4655 566 4713 terrogas,
596 4651 652 4694 ut
680 4655 786 4694 vox
831 4653 1006 4709 praeco
1049 4637 1119 4693 sit
1143 4651 1365 4702 eorum,
1415 4635 1506 4706 qui
1557 4635 1609 4690 in
1640 4635 1876 4691 tenebris

273 4735 644 4790 occultantur.
675 4729 1133 4799 Quemadmodum
1181 4728 1340 4800 igitur
1365 4741 1472 4782 nox
1517 4726 1721 4782 formas
1755 4727 1878 4781 abs-

277 4829 475 4884 condit
503 4836 749 4890 nostras,
793 4822 1002 4880 etiamsi
1029 4837 1218 4878 omnes
1265 4821 1424 4876 simul
1461 4820 1660 4884 simus,
1685 4836 1874 4877 nemo-

274 4937 396 4991 que
427 4921 654 4975 alterum
680 4917 953 4987 cognoscit
978 4932 992 4968 :
1021 4915 1100 4970 sic
1127 4917 1273 4969 venit
1297 4928 1403 4968 uox
1421 4955 1437 4980 ,
1483 4921 1539 4968 et
1567 4912 1731 4968 solvit
1760 4911 1873 4967 for-

274 5028 438 5080 mas,
465 5023 524 5066 ut
543 5026 704 5066 nemo
731 5009 958 5064 alterum
985 5007 1210 5061 noverit.
1232 5004 1572 5060 Monumenta
1591 5004 1869 5074 pervadis;

278 5107 330 5159 si
360 5106 557 5160 multas
579 5103 764 5159 videas
783 5101 1040 5156 calvarias
1069 5099 1124 5154 in
1155 5097 1402 5167 sepulcro
1421 5135 1437 5162 ,
1457 5096 1672 5150 nostine
1695 5095 1876 5166 cujus-

277 5211 415 5250 nam
444 5200 557 5252 haec
594 5195 702 5249 sit?
731 5196 798 5248 At
840 5193 993 5247 novit
1039 5191 1131 5245 ille
1167 5189 1257 5259 qui
1285 5187 1526 5243 struxit:
1561 5187 1649 5256 qui
1678 5187 1872 5254 solvit,

277 5291 442 5344 novit
493 5288 635 5345 unde
689 5286 875 5342 formae
929 5287 1044 5341 ista:
1095 5288 1489 5352 processerunt.
1535 5282 1724 5335 Annon
1776 5281 1878 5334 mi-

279 5385 431 5436 raris
479 5382 572 5438 Dei
625 5378 933 5450 opiﬁcium,
985 5375 1126 5447 quod
1173 5376 1227 5430 in
1276 5383 1355 5429 tot
1400 5371 1639 5428 millibus
1682 5375 1880 5427 fortna-

281 5488 414 5528 rum
460 5475 602 5529 nulla
651 5471 863 5527 intersit
891 5467 1218 5526 similitudo?
1244 5466 1409 5532 vel,si
1441 5465 1510 5521 ad
1553 5464 1689 5521 ﬁnes
1733 5463 1881 5519 orbis

287 5576 583 5636 properes,
642 5563 910 5629 neminem
963 5561 1116 5616 alteri
1169 5559 1397 5616 similem
1462 5559 1734 5627 reperies;
1785 5556 1881 5612 sed

283 5655 506 5713 etiamsi
546 5655 831 5725 rcpercris,
859 5651 1056 5722 aliquid
1082 5651 1185 5707 erit
1212 5650 1293 5704 vel
1319 5649 1372 5704 in
1400 5662 1532 5703 naso
1555 5647 1636 5702 vel
1664 5646 1716 5700 iu
1747 5661 1882 5702 ocu-

286 5743 352 5796 lo
397 5748 753 5815 discriminis,
786 5755 842 5800 ut
889 5761 973 5802 res
1021 5741 1278 5815 stupenda
1327 5749 1602 5811 appareat.
1651 5736 1876 5794 Getnclli

3439 293 3548 348 45$

1978 423 2043 463 ex
2089 422 2194 462 uno
2221 417 2416 462 exeunt
2461 417 2642 474 utero,
2674 416 2728 462 et
2769 407 3117 465 similitudine
3160 409 3556 482 disgregautur.

2046 502 2099 556 6.
2135 501 2346 573 Ergone
2390 502 2478 572 qui
2511 511 2586 556 tot
2615 499 2819 558 formas
2841 544 2856 570 ,
2886 517 3006 558 cum
3056 519 3163 558 non
3187 514 3403 575 essent,
3428 522 3558 576 pro.

1975 593 2162 662 duxit,
2210 610 2330 650 cum
2383 594 2606 650 solverit
2651 609 2914 652 renovare
2958 611 3064 651 non
3109 598 3341 667 poterit?
3386 598 3463 654 Ne
3503 607 3562 655 ut

1975 702 2312 742 mrumnosus
2334 688 2492 742 homo
2523 687 2614 741 Dei
2645 687 2939 758 potentiam
2971 689 3074 744 tuis
3113 690 3407 746 ratiociniis
3442 705 3557 746 me-

1978 779 2144 834 tiaris.
2175 779 2254 834 Ne
2280 789 2433 849 putes
2480 780 2650 836 Deum
2682 789 2826 836 tanta
2857 781 3112 855 (solum)
3145 797 3327 854 posse,
3359 794 3558 855 quanta

1977 879 2031 925 tu
2058 870 2294 940 cegitare
2321 871 2486 926 vales.
2513 871 2666 937 Quod
2686 873 2733 928 si
2764 882 2908 928 tanta
2937 873 3108 928 solum
3136 875 3333 944 possit,
3361 885 3558 946 quanta

1975 977 2078 1032 ego
2099 963 2296 1033 cogito,
2324 965 2493 1019 ausim
2515 965 2718 1028 dicere.
2742 965 2924 1037 Longe
2947 968 3122 1023 minor
3141 979 3224 1024 est
3255 970 3412 1035 Deus;
3439 985 3559 1026 me—

1978 1054 2107 1108 titur
2132 1054 2276 1110 enim
2313 1054 2461 1109 illum
2489 1057 2743 1126 cogitatio
2775 1074 2912 1114 mea.
2941 1059 3094 1125 Quod
3125 1060 3169 1115 si
3207 1071 3439 1117 mentem
3468 1077 3560 1117 su-

1978 1157 2162 1216 perat,
2191 1159 2242 1202 et
2271 1148 2606 1203 ratiocinium
2645 1150 2824 1217 vincit,
2855 1151 3212 1207 inscrutabilis
3255 1163 3332 1208 est
3364 1154 3560 1208 Condi-

1979 1244 2098 1303 tor,
2163 1247 2213 1291 et
2283 1238 2845 1308 incomprehensibilia
2907 1257 3090 1311 Opera.
3158 1242 3560 1313 luterrogentur

1981 1326 2220 1383 hazretici
2251 1343 2318 1383 ex
2347 1329 2410 1384 iis
2439 1344 2558 1398 quae
2587 1331 2872 1400 conspicua
2902 1341 3026 1387 sunt
3047 1376 3061 1400 ,
3094 1343 3151 1388 ut
3171 1334 3379 1390 discant
3404 1351 3463 1391 ea
3491 1337 3562 1392 de

1977 1418 2170 1489 quibus
2195 1420 2519 1489 quaestiones
2553 1431 2787 1477 movent.
2806 1421 2940 1491 Quia
2965 1423 3099 1478 dixit
3127 1426 3288 1490 Deus,
3324 1426 3442 1480 Fiat
3469 1430 3563 1496 [ir-

1979 1522 2321 1578 utamentum,
2367 1521 2422 1568 et
2461 1514 2640 1568 statim
2683 1515 2905 1571 verbum
2938 1515 3066 1572 illud
3107 1517 3316 1586 etTecit,
3345 1520 3564 1591 reliquit

1978 1604 2135 1659 nobis
2153 1603 2258 1658 hoc
2289 1605 2479 1676 pignus
2504 1605 2644 1676 quod
2672 1607 2787 1678 ipse
2811 1606 3019 1663 fecerit.
3048 1608 3221 1665 Hodie
3249 1611 3442 1666 czelum
3471 1629 3561 1669 re-

1981 1695 2269 1765 linquimus
2311 1696 2510 1751 nudum
2540 1711 2570 1750 a
2597 1712 2844 1766 veSpera,
2873 1713 2938 1754 ac
2981 1709 3206 1770 repente
3241 1713 3557 1774 surgentes,

1979 1785 2282 1840 invenimus
2336 1786 2482 1841 aliud
2525 1786 2917 1844 firmamentum
2960 1789 3015 1843 in
3059 1790 3289 1846 nubibus
3338 1809 3560 1851 concreo

1981 1883 2111 1930 tum.
2140 1874 2214 1949 (α)
2240 1875 2260 1949 [
2283 1877 2374 1931 lla:
2395 1879 2511 1931 aliae
2535 1878 2814 1949 pignorum
2837 1889 3012 1948 partes
3042 1888 3165 1936 sunt
3196 1893 3313 1951 post
3339 1885 3558 1952 primas,

1978 1982 2100 2021 cum
2132 1967 2328 2022 videris
2357 1969 2546 2024 etclum
2574 1969 2941 2038 caliginosum,
2973 1969 3223 2040 aliudque
3250 1971 3560 2030 ﬁrmamen-

1979 2067 2090 2113 tum
2132 2075 2200 2114 ex
2248 2059 2551 2134 nubibus.]
2596 2061 2697 2129 Qui
2735 2077 2877 2117 nunc
2905 2062 3056 2119 brevi
3086 2065 3368 2122 intervallo
3394 2069 3563 2125 nubes

1977 2159 2154 2217 creat,
2199 2153 2432 2206 ostendit
2461 2154 2729 2223 quomodo
2773 2163 2900 2211 tunc
2930 2171 3038 2211 uno
3065 2167 3338 2215 momento
3367 2161 3558 2219 caelum

1979 2244 2297 2300 condiderit.
2355 2247 2420 2300 Et
2455 2247 2580 2316 quid
2623 2247 2781 2303 facit?
2823 2249 3094 2319 quomodo
3132 2251 3306 2309 nubes
3354 2254 3560 2324 pluvias

1979 2337 2267 2392 emittunt?
2287 2337 2438 2394 Fecit
2464 2339 2634 2394 nubes
2655 2340 2794 2396 sicut
2819 2349 2990 2409 utres,
3023 2357 3224 2414 perque
3246 2345 3364 2400 illas
3385 2346 3561 2404 haurit

1979 2446 2144 2502 aquas
2189 2431 2392 2498 maris,
2437 2447 2557 2502 quae
2601 2433 2757 2488 salsa:
2797 2444 2958 2500 sunt,
3007 2435 3298 2507 impletque
3341 2438 3559 2495 nubes:

1976 2532 2148 2579 mutat
2177 2538 2368 2595 aquam
2386 2565 2402 2590 ,
2429 2532 2486 2580 et
2510 2525 2645 2596 rigat
2676 2535 2893 2581 terram.
2927 2526 3113 2582 Dicant
3140 2529 3408 2599 quomodo
3433 2531 3562 2587 effe.

1977 2625 2128 2672 ratur
2157 2616 2209 2670 iu
2235 2616 2462 2671 sublime
2504 2616 2556 2671 id
2593 2616 2734 2687 quod
2776 2633 2937 2686 grave
2965 2627 3084 2684 est;
3127 2620 3396 2689 quomodo
3421 2620 3556 2678 hau-

1977 2709 2179 2773 riatur;
2211 2709 2483 2779 quomodo
2512 2709 2680 2764 nubes
2731 2708 2997 2763 hauriant.
3046 2709 3164 2765 Non
3217 2714 3398 2766 statim
3427 2729 3557 2768 evao

1977 2809 2222 2866 citantur,
2255 2801 2349 2856 sed
2392 2800 2548 2871 longe
2589 2809 2844 2862 currunt.
2868 2815 2975 2870 quo
2995 2800 3215 2870 jusserit
3262 2802 3518 2858 Dominus
3540 2846 3558 2872 ,

1977 2904 2166 2964 estque
2209 2893 2518 2948 mandatum
2575 2891 2667 2946 Dei
2717 2891 2868 2961 quasi
2921 2892 3194 2948 vinculum
3250 2893 3557 2964 impositum

1978 2985 2240 3051 nubibus,
2268 2983 2410 3057 quod
2441 3000 2546 3039 non
2590 2983 2716 3038 siuit
2743 2998 2835 3038 eas
2865 2983 3047 3052 pluere
3072 3024 3087 3047 ,
3118 2983 3290 3040 donec
3318 2985 3436 3056 ipse
3459 3002 3558 3042 au-

1981 3078 2177 3132 nuerit.
2210 3075 2361 3144 Quod
2412 3084 2590 3129 autem
2638 3085 2785 3128 utres
2833 3074 2942 3128 sint
2987 3073 3298 3130 testiﬁcatur
3352 3076 3558 3132 David:

1983 3168 2327 3240 Cougregans,
2355 3167 2544 3239 inquit,
2576 3167 2703 3222 sicut
2730 3175 2889 3220 utrem
2915 3183 3076 3236 aquas
3095 3168 3250 3221 maris
3273 3165 3441 3242 (Paul.
3466 3169 3557 3227 52.

1981 3262 2053 3330 7).
2085 3260 2154 3314 Et
2179 3259 2300 3313 vide
2328 3275 2440 3314 rem
2489 3259 2700 3312 miram.
2730 3257 3029 3329 Congregat
3071 3273 3269 3329 aquas,
3298 3259 3562 3318 incumbit

1978 3367 2168 3407 manus
2191 3350 2528 3417 immortalis,
2555 3349 2834 3405 invisibilis
2857 3390 2872 3412 ,
2903 3363 3009 3405 non
3031 3349 3215 3406 sitiens
3235 3352 3414 3407 statim
3436 3367 3560 3409 eva-

1976 3445 2149 3510 cuari,
2182 3443 2274 3499 sed
2304 3459 2398 3513 per
2421 3450 2620 3514 partes.
2642 3441 2712 3499 Ut
2741 3443 2934 3498 mulier
2951 3441 3146 3498 subtile
3164 3452 3372 3501 stamen
3399 3462 3554 3513 nens,

1976 3537 2150 3592 lanam
2181 3535 2424 3605 dispertit
2447 3535 2498 3589 iu
2527 3535 2689 3590 multa
2717 3534 3034 3605 diversaque
3063 3533 3152 3590 ﬁla
3185 3553 3200 3590 :
3231 3537 3310 3592 sic
3335 3537 3566 3594 immen-

1974 3645 2088 3684 sam
2118 3629 2280 3684 maris
2306 3627 2640 3683 altitudinem
2685 3627 2739 3681 in
2782 3627 2949 3682 stillas
2978 3630 3126 3698 quasi
3153 3629 3236 3683 fila
3283 3629 3558 3699 dividens,

1975 3721 2047 3776 ita
2077 3721 2130 3774 in
2171 3728 2370 3774 terram
2413 3719 2626 3774 emittit.
2681 3717 2871 3774 Verum
2919 3718 3061 3787 quod
3104 3727 3187 3774 est
3212 3719 3559 3787 admirabile,

1975 3813 2019 3868 si
2047 3813 2220 3867 soluta
2250 3822 2372 3877 est,
2403 3811 2674 3881 quomodo
2713 3825 2818 3864 non
2847 3810 3028 3864 statim
3061 3819 3385 3876 evacuatur;
3414 3813 3458 3867 si
3488 3813 3556 3867 li-

1975 3912 2095 3986 gata
2118 3945 2134 3969 ,
2185 3917 2284 3957 cur
2331 3901 2493 3956 fluit?
2527 3901 2700 3956 Habes
2729 3900 3066 3970 exemplum,
3113 3900 3289 3956 debile
3312 3903 3524 3971 quidem
3547 3949 3560 3966 ,

1976 3995 2070 4050 sed
2100 3993 2243 4064 quod
2273 3992 2324 4048 id
2353 3992 2446 4048 tibi
2477 3991 2704 4047 suadere
2744 3991 2936 4046 valeat.
2970 3989 3155 4045 Vidisti
3184 4005 3441 4061 aquarum
3469 4009 3556 4048 ra-

1977 4087 2224 4160 ptorem?
2252 4084 2430 4140 vidisti
2457 4082 2728 4156 quomodo
2757 4081 2826 4138 ab
2870 4082 2980 4137 imo
3007 4080 3307 4152 perforatas
3333 4084 3438 4138 sit?
3469 4085 3554 4139 lu-

1977 4180 2236 4237 cumbens
2269 4177 2508 4233 continet
2528 4189 2789 4245 aquarum
2819 4173 3026 4244 copiam
3050 4214 3064 4238 ,
3083 4172 3362 4228 obturatur
3381 4184 3558 4231 autem

1978 4273 2200 4329 inferius
2221 4287 2318 4341 per
2345 4270 2471 4325 illud
2502 4268 2641 4337 quod
2672 4267 2918 4337 superius
2936 4275 3106 4337 urget.
3134 4266 3221 4322 Sic
3244 4269 3562 4326 immortalis

1981 4367 2075 4422 Dei
2099 4365 2295 4436 digitus
2324 4363 2565 4418 imminet
2591 4361 2844 4426 nubibus,
2869 4359 3117 4430 laxatque
3143 4368 3400 4430 quantum
3425 4363 3562 4427 vult,

1980 4466 2035 4513 et
2081 4465 2336 4528 quantum
2383 4453 2496 4508 vult
2544 4461 2750 4517 servat,
2788 4459 2844 4506 ut
2902 4467 2999 4522 per
3027 4452 3332 4506 universam
3367 4461 3563 4508 terram

1983 4542 2180 4598 donum
2209 4540 2438 4597 emittat.
2466 4537 2630 4607 lilque
2660 4537 2893 4592 maxime
2931 4535 3057 4591 facit
3108 4535 3160 4591 in
3191 4537 3442 4591 serotinis
3469 4537 3567 4591 im-

1981 4635 2166 4692 bribus
2187 4675 2202 4701 ,
2227 4631 2440 4703 quando
2463 4640 2625 4696 totam
2653 4629 2882 4684 inebriat
2905 4638 3098 4683 terram
3130 4645 3144 4681 :
3170 4629 3385 4698 quando
3407 4629 3568 4683 modo

1987 4729 2137 4792 illud,
2174 4727 2334 4782 modo
2362 4725 2508 4780 aliud
2534 4725 2690 4780 clima
2728 4724 2884 4792 rigat.
2919 4722 3039 4777 Ideo
3063 4722 3139 4775 ait
3165 4719 3420 4791 propheta
3453 4739 3466 4776 :
3501 4721 3565 4776 Et

1985 4823 2124 4893 pluet
2169 4836 2322 4890 super
2359 4818 2607 4872 ciuitatem
2631 4832 2815 4882 unum,
2858 4823 2906 4867 et
2932 4829 3082 4884 super
3128 4813 3379 4866 ciuitatem
3411 4828 3567 4866 unum

1984 4934 2085 4972 non
2121 4916 2274 4986 pluet.
2301 4912 2437 4968 Pars
2470 4927 2572 4965 una
2593 4908 2911 4973 compluetur
2936 4945 2951 4969 ,
2978 4913 3027 4958 et
3054 4918 3208 4973 pars,
3240 4919 3395 4974 super
3417 4920 3570 4974 quam

1985 5025 2086 5066 non
2105 5010 2264 5081 pluet,
2296 5011 2548 5061 exarescet
2580 5001 2754 5070 (Amos
2779 4998 2831 5052 4.
2863 4996 2939 5066 7).
2971 4994 3232 5052 Incumbit
3256 5003 3435 5050 autem
3461 5011 3566 5051 non

1987 5103 2080 5159 Dei
2109 5101 2306 5172 digitus
2328 5140 2343 5163 ,
2368 5096 2461 5152 sed
2486 5092 2671 5150 missio
2700 5089 2798 5162 (ὁ).
2827 5088 2940 5144 Sub
2970 5087 3137 5159 ﬁgura
3159 5097 3336 5143 autem
3363 5103 3574 5143 sermo-

1989 5210 2111 5251 nem
2143 5192 2258 5248 usui
2285 5196 2472 5245 nostro
2499 5181 2921 5240 accommodavi.
2943 5180 3120 5247 .lubet,
3146 5188 3202 5235 et
3224 5194 3333 5235 non
3360 5179 3571 5249 pluunt.

1988 5293 2164 5358 Atque
2213 5284 2316 5338 hoc
2344 5280 2474 5336 dicit
2515 5276 2786 5346 Scriptura
2820 5289 2834 5326 :
2868 5271 3132 5333 Nubibus,
3167 5271 3375 5342 inquit,
3426 5287 3569 5323 mart-

1991 5381 2121 5434 dubo
2164 5393 2224 5432 ne
2266 5375 2449 5446 pluunt
2495 5369 2705 5424 imbrem
2734 5365 2902 5438 (farti.
2937 5365 2989 5420 5.
3016 5365 3118 5436 6).
3149 5365 3313 5432 Quam
3364 5362 3567 5432 ningui-

2075 5564 2127 5615 al
2162 5561 2347 5611 Phrasis
2369 5561 2498 5609 inter
2519 5557 2724 5606 uncinos
2745 5551 2905 5615 rosita
2920 5545 3065 5596 deest
3087 5545 3135 5593 in
3159 5538 3302 5610 Savil.

2075 5579 2105 5614 rt
2162 5564 2347 5611 Phrasis
2369 5564 2498 5609 inter
2519 5564 2724 5606 uncinos
2745 5564 2898 5615 rosua
2920 5564 3065 5596 0885!.
3088 5564 3135 5593 in
3160 5564 3302 5610 savii.

2053 5564 2127 5688 ibi
2157 5631 2336 5673 Omnes
2359 5629 2493 5688 ass...
2719 5610 2954 5688 Sari-1r:
2967 5619 3134 5688 certe
3163 5597 3570 5688 P9§fl'.‘.'..‘m‘.‘,‘5it’.:

1991 5659 2336 5739 ’ἶ
2359 5659 3135 5739 attinebat;nullaattctoritate
3164 5659 3335 5739 Lumbi
3358 5664 3571 5724 animm

1995 5731 2638 5814 illiéjiaaiidanﬁiirosuri.
2668 5738 2759 5791 sed
2783 5731 2942 5787 missio
2963 5738 3095 5778 stare
3121 5731 3302 5787 potest.
