3958 6186
493 267 597 318 455)“
1721 276 1723 278 ·
1918 251 2074 306 δενι

2183 252 2281 305 ΑΝΙ
3587 265 3664 321 tas

497 382 644 439 fmina
699 386 812 430 sunt
867 389 1018 438 Opera
1067 383 1151 422 tua
1177 410 1191 433 ,
1239 369 1496 422 Domine!
1544 368 1726 420 Omnia
1771 367 1825 419 in
1866 368 2072 429 sapien-

497 475 565 524 tia
611 469 772 542 fecisti
810 464 1005 538 (Psal.
1053 461 1178 518 105.
1230 459 1303 514 94
1329 461 1367 530 ).
1410 459 1656 514 Vidistin‘
1701 458 1795 512 Dei
1839 459 2073 513 creatio-

497 561 660 617 nem?
695 555 924 612 vidistin‘
948 553 1218 625 quomodo
1255 552 1499 607 obstruat
1544 550 1919 605 haereticorum
1945 565 2071 615 ora,

491 653 584 723 qui
613 649 936 706 creationem
982 648 1264 717 ignorant,
1301 653 1357 702 et
1401 642 1710 698 Creatorem
1748 641 1958 696 curiose
1983 656 2077 695 ex-

495 747 705 815 plorant
729 743 751 796 ?
772 741 961 798 Omnia
995 741 1088 796 Dei
1129 740 1231 810 legi
1278 739 1666 808 obsequuntur.
1698 736 1811 790 Stat
1842 735 2030 790 caelum
2059 778 2074 800 ,

494 856 599 895 non
632 855 725 896 sua
759 854 918 892 manu
948 845 1212 906 gestatum
1234 875 1248 898 ,
1279 834 1373 888 sed
1415 832 1593 886 divina
1635 831 1752 901 lege
1783 828 2076 882 ﬁrmatum.

494 932 627 988 Cum
679 931 821 987 enim
867 929 1216 991 dubitavere,
1263 925 1531 995 quomodo
1573 939 1643 979 ex
1697 922 1850 992 aquis
1886 917 2075 976 caelum

492 1031 798 1078 concretum
825 1021 914 1082 sit,
947 1017 1330 1074 dubitationem
1356 1031 1528 1069 meam
1559 1014 1718 1067 solvit
1749 1014 1934 1066 beatus
1968 1011 2075 1064 Da-

495 1113 583 1168 vid
611 1113 798 1168 dicens
828 1129 840 1162 :
878 1109 1037 1163 Verbo
1056 1108 1264 1163 Domini
1289 1106 1398 1160 ειεΙὶ
1429 1105 1616 1172 firmati
1635 1113 1749 1158 sunt
1773 1105 1789 1172 (
1813 1101 1953 1156 Psal.
1982 1100 2072 1155 3'2.

495 1205 573 1276 6).
613 1203 724 1258 Cur
747 1202 890 1257 enim
921 1199 1115 1256 ﬁrmati
1144 1197 1305 1252 sunt?
1334 1195 1594 1264 Quoniam
1625 1210 1690 1248 ex
1721 1193 1872 1264 aquis
1900 1199 2072 1246 erant.

495 1298 790 1368 Numquam
813 1295 880 1352 de
918 1293 1090 1348 solido
1119 1300 1173 1346 et
1202 1289 1357 1344 ﬁrmo
1380 1288 1606 1353 dicitur,
1635 1287 1930 1341 Firmatum
1969 1295 2072 1339 est.

495 1390 676 1460 Neque
697 1396 874 1457 potest
901 1383 1164 1455 quispiam
1177 1382 1378 1447 dicere,
1406 1388 1613 1450 petram
1643 1379 1904 1433 ﬁrmatam
1930 1392 2070 1431 esse.

494 1480 650 1536 Aliud
674 1485 758 1532 est
780 1476 1049 1530 ﬁrmatum
1080 1487 1227 1536 esse,
1259 1471 1404 1526 aliud
1432 1484 1553 1526 esse
1584 1468 1822 1522 ﬁrmum.
1868 1466 2075 1521 Firma-

481 1580 606 1624 tum
633 1565 1008 1635 dicitur,'quod
1033 1579 1154 1618 cum
1183 1577 1362 1618 rarum
1385 1569 1444 1616 et
1473 1559 1632 1614 molle
1657 1568 1822 1624 esset,
1849 1572 2075 1613 concre-

495 1670 604 1714 tum
637 1659 756 1713 fuit.
791 1656 915 1712 Ideo
944 1656 1156 1720 Petrus,
1187 1651 1403 1722 quando
1438 1650 1788 1722 paralyticum
1831 1651 2072 1718 sanavit,

491 1751 630 1808 dixit
659 1768 674 1806 :
729 1768 746 1798 ι
784 1747 896 1802 Viri
943 1746 1222 1811 lsraelitze,
1251 1742 1377 1813 quid
1409 1742 1677 1796 miramini
1722 1742 1774 1796 in
1815 1740 1954 1806 hoc,
1985 1751 2077 1794 aut

494 1858 593 1897 nos
619 1840 746 1911 quid
775 1837 1078 1902 intuemini,
1113 1835 1265 1906 quasi
1310 1842 1493 1890 nostra
1521 1833 1722 1888 virtute
1761 1841 1850 1886 aut
1880 1832 2076 1902 pietate

494 1935 781 1994 fecerimus
812 1931 953 1986 hunc
977 1927 1289 1984 ambulare?
1318 1927 1458 1981 Dens
1492 1932 1702 1995 patrum
1743 1931 2071 1986 nostrorum,

496 2029 639 2082 Deus
669 2024 938 2080 Abraham
967 2031 1022 2077 et
1065 2020 1211 2076 Isaac
1257 2029 1310 2074 et
1335 2017 1523 2082 Jacob,
1553 2016 1869 2086 gloriﬁcavit
1908 2015 2073 2068 ﬁlium

492 2136 649 2180 suum
679 2118 894 2173 Jesum:
929 2125 984 2169 et
1011 2114 1062 2168 in
1093 2113 1197 2168 ﬁde
1222 2112 1455 2167 nominis
1487 2110 1606 2180 ejus
1633 2108 1774 2163 hunc
1807 2123 1963 2178 quem
1991 2107 2073 2160 vi-

497 2211 635 2266 detis
663 2218 717 2264 et
743 2208 932 2273 nostis,
973 2205 1311 2261 conﬁrmavit
1340 2217 1531 2258 nomen
1558 2201 1676 2272 ejus
1715 2202 1732 2270 (
1764 2200 1878 2254 Act.
1902 2201 1955 2254 5.
1987 2199 2072 2252 12.

493 2301 582 2354 13.
620 2299 685 2353 16
713 2299 730 2370 )
760 2315 774 2360 ;
807 2310 1001 2365 nempe
1027 2293 1376 2365 paralyticum
1393 2291 1745 2346 conﬁrmavit.
1765 2289 1890 2344 ideo
1917 2287 2075 2342 Verbo

494 2390 699 2443 Domini
739 2388 851 2443 ca'li
899 2386 1087 2457 ﬁrmati
1133 2393 1248 2439 sunt
1288 2382 1308 2456 (
1338 2382 1484 2438 Psal.
1519 2382 1607 2438 ⁸52.
1636 2383 1668 2437 6
1689 2382 1738 2452 );
1775 2396 1839 2436 ex
1868 2381 2002 2435 raris
2022 2389 2077 2435 et

493 2479 768 2535 dissolutis
797 2479 950 2548 aquis
974 2476 1140 2532 verbo
1166 2474 1377 2530 Domini
1418 2473 1587 2528 nubes
1632 2473 1684 2530 in
1713 2471 1944 2527 sublime
1975 2473 2077 2527 tol-

495 2575 694 2627 luntur.
717 2571 872 2638 Vide,
902 2583 1110 2640 quaeso.
1141 2567 1291 2636 Aqua
1319 2581 1437 2637 quae
1462 2580 1644 2620 amara
1665 2574 1800 2630 erat,
1819 2572 2071 2618 mutatur.

497 2665 570 2718 Ex
613 2663 747 2718 mari
781 2662 1036 2716 hauriunt
1080 2659 1251 2714 nubes
1274 2700 1288 2726 ,
1319 2668 1374 2712 et
1406 2673 1526 2712 eam
1552 2672 1675 2726 qua:
1719 2672 1782 2710 ex
1813 2655 2075 2724 profundo

495 2755 739 2808 hauritur
786 2768 966 2806 aniara
993 2792 1008 2817 ,
1043 2751 1252 2805 dulcem
1302 2758 1356 2803 et
1399 2747 1683 2818 potabilem
1713 2745 1968 2801 efﬁciunt.
2000 2745 2076 2800 De

495 2845 770 2915 profundis
801 2857 899 2898 nos
936 2842 1144 2913 abyssis
1165 2841 1418 2896 excitavit
1439 2839 1706 2906 Christus,
1731 2847 1786 2893 et
1813 2836 2072 2892 amaritu-

471 2939 672 2993 dinem
699 2944 938 2992 nostram
961 2949 1067 2989 non
1096 2934 1429 3002 deponimus.

564 3031 794 3086 Christus
836 3029 889 3082 in
927 3028 1155 3082 omnibus
1197 3025 1451 3080 elementis
1499 3023 1749 3077 miracula
1777 3023 1928 3093 fecit,
1959 3023 2075 3077 hinc

493 3123 736 3194 probatur
763 3121 918 3175 Deus.
960 3149 1030 3160 --
1053 3119 1182 3185 Quis
1215 3127 1298 3174 est
1325 3118 1370 3172 is
1399 3117 1488 3188 qui
1515 3117 1643 3172 fecit
1665 3117 1852 3173 caelum
1881 3125 1936 3170 et
1964 3125 2074 3170 ter-

494 3214 649 3269 ram?
680 3214 791 3284 Ego
821 3212 941 3267 dico
987 3211 1259 3266 Christum
1294 3224 1434 3266 esse.
1484 3209 1555 3265 Et
1586 3209 1731 3264 unde
1773 3208 1914 3264 hoc?
1939 3208 2072 3277 Quia

487 3308 537 3360 si
567 3321 672 3360 non
701 3317 844 3360 esset
875 3302 1130 3359 Dominus
1159 3303 1418 3368 omnium,
1449 3303 1500 3356 in
1528 3302 1804 3372 evangelio
1835 3316 1942 3356 non
1977 3302 2078 3356 mi-

494 3399 669 3453 racula
699 3404 960 3465 patrasset
981 3395 1034 3450 in
1053 3393 1299 3448 omnibus
1316 3394 1593 3448 creaturis.
1616 3394 1718 3448 Per
1734 3393 1910 3448 omnia
1933 3392 2074 3448 enim

492 3489 757 3543 elementa
790 3485 1054 3541 mirabilia
1098 3485 1255 3548 fecit;
1293 3499 1389 3554 per
1416 3493 1630 3547 terram,
1668 3499 1764 3554 per
1791 3499 1958 3549 mare,
1981 3499 2077 3553 per

491 3596 692 3645 aerem,
724 3594 820 3650 per
847 3579 1022 3648 ignem
1042 3585 1128 3644 ;ut
1149 3578 1504 3646 conspicuum
1526 3577 1595 3632 sit
1615 3577 1788 3646 ipsum
1814 3591 1934 3632 esse
1951 3591 2073 3631 om-

495 3674 640 3726 nium
667 3681 1030 3727 creaturarum
1054 3670 1358 3726 Dominum.
1388 3669 1500 3726 Diei
1521 3669 1627 3725 luci
1652 3668 1961 3740 supervenit
1985 3685 2080 3725 ve-

494 3780 667 3834 sperae
693 3766 805 3818 lux.
847 3762 938 3818 Sol
983 3763 1144 3828 lucet,
1173 3770 1227 3817 et
1255 3761 1472 3818 lucerna
1498 3761 1671 3818 facem
1698 3761 1947 3832 prmfert:
1971 3761 2075 3818 diei

472 3858 638 3923 'ﬁuis,
665 3873 730 3912 ac
759 3857 927 3912 noctis
955 3854 1257 3912 exordium.
1297 3854 1400 3912 Sed
1430 3864 1507 3918 tu,
1538 3870 1659 3910 cum
1683 3855 1880 3910 videris
1904 3855 2078 3910 lucer-

479 3963 618 4002 nam
643 3957 698 4003 et
724 3947 892 4001 solem
921 3985 936 4011 ,
969 3946 1132 4002 dicito
1163 3962 1176 4000 :
1209 3944 1349 4000 Tuus
1377 3955 1448 4001 est
1473 3945 1579 4001 dies
1599 3985 1614 4010 ,
1646 3955 1692 4000 et
1719 3955 1807 4000 tua
1830 3952 1902 4000 est
1937 3961 2077 4012 nox;

469 4047 549 4091 tu
573 4039 848 4109 fabricatus
877 4054 928 4092 es
947 4037 1105 4108 jubar
1133 4046 1179 4092 et
1203 4036 1397 4106 solem(
1431 4035 1572 4093 Psal.
1603 4037 1692 4092 75.
1725 4035 1848 4106 16).
1881 4035 2075 4092 Verum

493 4128 586 4188 fax
623 4131 739 4196 illa,
764 4146 884 4201 qua:
923 4130 1238 4200 praefertur,
1279 4143 1584 4184 sermonem
1613 4142 1721 4183 non
1751 4127 2074 4198 interpellat.

471 4222 717 4293 Oportet
755 4223 898 4277 enim
940 4221 1108 4276 solem
1162 4234 1382 4276 currere
1425 4218 1494 4273 ad
1529 4219 1650 4289 ejus
1677 4218 1882 4287 jussum
1915 4219 2074 4289 (nam

494 4313 589 4370 Sol
605 4313 833 4382 cognovit
860 4328 1095 4366 occasum
1123 4328 1271 4365 suum
1301 4309 1475 4382 [Psal.
1503 4309 1778 4383 105.19]),
1809 4318 1868 4364 ut
1893 4318 2078 4367 osten-

493 4403 651 4457 datur
674 4401 944 4456 Christum
968 4402 1203 4456 omnium
1243 4412 1608 4456 creaturarum
1624 4399 1915 4456 Dominum
1933 4416 2073 4458 esse.

493 4495 550 4547 Id
575 4493 810 4549 Joannes
840 4493 1113 4562 praedicat,
1150 4495 1338 4548 Omnia
1364 4511 1452 4562 per
1474 4495 1639 4563 ipsum
1667 4495 1803 4564 facta
1834 4503 1990 4559 sunt,
2030 4505 2078 4548 et

491 4590 600 4644 sine
619 4588 731 4656 ipso
757 4586 946 4655 factum
973 4595 1043 4640 est
1070 4587 1198 4640 nihil
1225 4585 1360 4655 quod
1379 4589 1567 4656 factum
1588 4595 1660 4640 est
1689 4587 1708 4654 (
1723 4585 1881 4640 Joan.
1909 4587 1961 4641 1.
1983 4588 2074 4657 5).

489 4681 691 4736 Verum
719 4680 998 4749 oportebat
1023 4679 1193 4749 ipsum
1225 4692 1329 4733 non
1353 4693 1602 4734 sermone
1631 4688 1834 4733 tantum
1863 4678 2040 4734 lucere
2060 4721 2075 4743 ,

476 4772 592 4828 sed
619 4772 780 4828 etiam
810 4787 994 4841 opere.
1021 4770 1161 4828 Dixit
1181 4769 1335 4833 mari,
1377 4767 1526 4834 Tace,
1558 4768 1877 4838 obmutesce(
1909 4761 2073 4826 Marc.

489 4866 544 4918 4.
573 4865 688 4934 39);
715 4874 770 4921 et
796 4865 1080 4930 obmutuit,
1110 4863 1428 4934 agnovitque
1450 4878 1585 4934 opus
1630 4862 1907 4934 Opiﬁcem.
1936 4864 2080 4918 Dixit

416 5027 418 5030 _
493 4959 638 5012 enim
683 4958 839 5022 mari,
871 4966 925 5012 et
960 4957 1158 5022 tacuit;
1191 4956 1324 5012 dixit
1352 4965 1530 5021 vento,
1560 4965 1616 5012 et
1650 4956 1949 5014 refrenatus
1971 4965 2070 5011 est.

478 5047 550 5104 'Si
571 5062 677 5103 non
708 5047 1152 5118 obtemperasset,
1183 5048 1300 5116 ejus
1320 5047 1574 5104 Conditor
1613 5063 1720 5102 non
1761 5047 1926 5104 fuisse
1951 5062 2075 5116 pro-

494 5141 751 5207 deretur;
785 5140 886 5196 nisi
910 5141 1167 5196 Dominus
1198 5151 1341 5197 esset
1366 5156 1538 5210 aquae,
1570 5156 1675 5196 non
1704 5139 1848 5196 illam
1875 5149 2077 5195 mutas-

491 5241 578 5290 set
601 5234 654 5289 in
678 5234 883 5296 vinum;
905 5234 1005 5287 uisi
1035 5242 1180 5288 esset
1203 5233 1318 5288 caeli
1350 5234 1624 5299 Dominus,
1649 5249 1756 5288 non
1783 5249 1905 5290 eum
1923 5234 2074 5288 stella

493 5327 564 5381 de
601 5324 735 5382 cado
763 5323 1138 5394 praedicasset;
1187 5324 1288 5380 nisi
1316 5335 1462 5380 esset
1501 5325 1630 5380 solis
1661 5327 1936 5393 Dominus,
1969 5341 2074 5380 non

481 5418 730 5476 tenebris
761 5432 819 5472 se
845 5417 1149 5472 ohvclasset
1180 5416 1229 5471 in
1253 5433 1434 5474 cruce.
1466 5419 1714 5475 Christus
1743 5421 1794 5474 in
1817 5435 1993 5483 cruce,
2026 5430 2078 5474 et

492 5510 575 5564 sol
601 5508 982 5565 obtenebratus
1010 5516 1112 5562 est.
1141 5506 1186 5562 Ο
1215 5509 1564 5572 miraculum!
1593 5508 1847 5566 Creatura
1867 5526 1971 5566 non
1999 5522 2079 5564 tn-

493 5599 555 5654 lit
598 5599 975 5654 contumeliam
1029 5598 1259 5654 Domini.
1308 5599 1700 5659 Obtenebratus
1746 5611 1831 5659 est
1877 5601 1994 5667 sol,
2023 5613 2079 5657 nt

489 5690 550 5742 in
590 5689 700 5756 ipsa
728 5705 890 5746 cruce
931 5689 1059 5746 solis
1091 5690 1372 5746 Dominum
1416 5694 1653 5750 noveris.
1693 5694 1970 5751 Commota
1996 5707 2076 5749 est

2194 377 2354 431 terra,
2380 377 2435 421 ut
2460 367 2632 420 discas
2659 368 2726 422 de
2753 368 2868 437 ipso
2901 369 3151 422 Davidem
3189 369 3372 426 dixisse
3397 391 3408 424 :
3435 375 3520 440 Qui
3541 394 3671 444 rupi.

2183 460 2249 511 cit
2279 469 2464 513 terram
2491 470 2537 512 et
2567 461 2686 530 facit
2714 476 2824 513 eam
2866 470 3073 527 tremere
3101 461 3264 530 (Psal.
3292 463 3400 518 105.
3422 465 3526 534 52).
3566 470 3674 524 Scis-

2183 566 2257 605 sa)
2288 559 2411 606 sunt
2437 560 2619 620 petrae,
2642 562 2699 605 ut
2720 552 2895 606 discas
2919 551 2988 608 de
3013 568 3234 622 quonam
3259 553 3432 610 dixerit
3456 559 3678 628 propheta:

2184 640 2356 696 Furor
2380 643 2489 712 ejus
2514 642 2762 696 tabescere
2782 643 2904 714 facit
2928 644 3256 712 principatus,
3278 655 3321 698 et
3341 658 3477 715 petra:
3497 655 3680 721 perfora-

2182 742 2246 786 ta:
2263 742 2378 786 sunt
2399 732 2459 786 ab
2487 749 2544 787 eo
2567 733 2820 802 (Nattam.
2849 735 2898 787 1.
2918 734 2994 802 6).
3028 735 3351 791 Monumenta
3380 749 3540 807 aperta
3559 752 3681 805 sunt,

2184 832 2240 876 ut
2287 833 2570 894 appareret
2598 827 2959 894 resurrectio,
3007 836 3062 881 et
3096 827 3185 897 qui
3234 829 3437 883 suscitat
3473 831 3590 886 Deus
3615 849 3688 903 per

2182 927 2375 971 cuncta
2401 918 2726 986 splenderet.

2255 1011 2308 1065 7.
2359 1011 2574 1065 Moralis
2603 1012 2904 1075 conclusio;
2927 1013 3231 1081 sacri/icium
3263 1015 3562 1084 uespertinum
3581 1020 3701 1086 quid?

2179 1135 2251 1145 -—
2288 1104 2476 1175 Operm
2525 1106 2751 1174 pretium
2778 1121 2906 1160 vero
2943 1116 3026 1160 est
3064 1115 3121 1159 ut
3157 1105 3403 1160 moralem
3442 1122 3692 1161 moveamus

2181 1212 2506 1252 sermonem.
2529 1197 2768 1252 Lucerna
2791 1206 2947 1252 vocat
2973 1213 3095 1262 nos,
3127 1205 3186 1250 ut
3214 1197 3440 1251 dicamus
3472 1215 3483 1249 ε
3513 1197 3694 1252 Lucerna

2183 1290 2392 1360 pedibus
2415 1289 2536 1342 meis
2562 1290 2764 1342 verbum
2797 1298 2960 1355 tuum,
2985 1298 3030 1341 et
3049 1290 3213 1342 lumen
3239 1288 3417 1342 semitis
3439 1291 3546 1341 meis
3563 1289 3693 1358 (Psal.

2184 1382 2306 1436 118.
2340 1381 2506 1450 105).
2553 1380 2782 1436 Advenit
2808 1396 3029 1450 vespera
3077 1390 3131 1434 ut
3179 1381 3452 1435 dicamus:
3488 1380 3699 1452 Dirigatur

2182 1474 2344 1527 oratio
2386 1489 2498 1526 mea
2535 1473 2664 1526 sicut
2709 1474 2966 1527 incensum
3005 1474 3058 1526 in
3107 1484 3371 1543 conspectu
3401 1485 3507 1538 tuo,
3535 1475 3699 1528 eieratio

2181 1579 2422 1617 manuum
2451 1569 2677 1618 mearum
2717 1565 3021 1633 sacriﬁcium
3059 1565 3388 1633 vespertinum
3417 1564 3433 1633 (
3468 1563 3584 1618 ibid.
3605 1565 3699 1622 NO.

2182 1653 2263 1723 2).
2290 1653 2397 1707 Cur
2417 1668 2522 1707 non
2557 1654 2912 1708 matutinum?
2943 1655 3041 1709 llic
3068 1656 3303 1708 animum
3334 1653 3557 1708 adhibete
3577 1673 3589 1708 :
3608 1672 3701 1710 nam

2183 1762 2306 1816 qum
2337 1747 2631 1816 psallimus,
2669 1747 2806 1801 scire
2832 1747 3109 1802 debemus.
3152 1747 3290 1802 Dicit
3317 1747 3468 1799 David
3499 1764 3511 1797 :
3537 1746 3703 1801 Psallitc

2181 1841 2454 1907 sapienter.
2481 1837 2708 1893 Elevalio
2730 1857 2970 1893 manuum
2995 1856 3221 1893 mearum
3241 1840 3526 1908 sacriﬁcium
3544 1856 3704 1909 vesper-

2183 1930 2521 1999 timthbid.
2554 1930 2644 1986 46.
2669 1930 2744 2002 8).
2771 1931 2884 1986 Duo
2909 1931 3168 1986 sacriﬁcia
3204 1931 3361 2001 jussit
3395 1931 3500 1985 ﬁeri
3519 1929 3703 2001 Moyses,

2182 2025 2291 2079 imo
2321 2025 2482 2091 Deus,
2525 2040 2688 2078 unum
2717 2024 3056 2088 matutinum,
3088 2033 3140 2078 et
3181 2040 3342 2078 unum
3379 2023 3702 2092 vespertinam.

2181 2117 2434 2172 Matutina
2499 2118 2789 2186 gratiarum
2817 2118 2956 2171 actio
2992 2134 3087 2187 pro
3127 2126 3290 2171 nocte
3334 2126 3462 2171 erat.
3501 2115 3615 2169 Nam
3641 2118 3706 2183 qui

2183 2208 2234 2262 in
2274 2218 2432 2263 nocte
2462 2218 2707 2263 servatus
2735 2218 2817 2263 est
2838 2249 2854 2274 ,
2901 2209 2952 2262 in
2982 2208 3069 2263 die
3093 2209 3296 2279 gratias
3334 2208 3454 2277 agit.
3484 2205 3706 2272 Vespcrti-

2182 2316 2311 2354 num
2343 2300 2665 2355 sacriﬁcium
2693 2316 2790 2371 pro
2816 2301 2906 2356 die
2934 2311 3067 2357 erat.
3099 2301 3257 2368 Quia,
3279 2300 3460 2370 inquit,
3487 2301 3532 2352 in
3555 2299 3628 2353 die
3644 2313 3708 2351 me

2183 2391 2431 2454 servasti,
2461 2407 2557 2460 pro
2580 2401 2692 2446 toto
2718 2392 2804 2446 die
2833 2392 3030 2460 gratias
3060 2407 3160 2460 ago
3189 2391 3305 2445 tibi.
3342 2390 3622 2445 Matutiuum
3643 2404 3707 2442 sa-

2181 2481 2440 2535 crilicimn
2465 2496 2570 2536 non
2591 2497 2713 2536 eum
2737 2482 2942 2550 recipit,
2971 2484 3061 2553 qui
3095 2484 3147 2536 in
3178 2493 3337 2538 nocte
3364 2483 3597 2552 peccavit.
3615 2480 3709 2534 Ideo

2180 2571 2346 2627 dicit:
2379 2570 2612 2627 Elevatio
2651 2591 2891 2628 manuum
2920 2591 3147 2628 mearum
3187 2575 3487 2643 sacri/icium
3514 2574 3710 2644 vesperti-

2180 2683 2320 2720 num.
2355 2667 2658 2736 lngrederis
2683 2683 2981 2737 vesperam,
3007 2668 3269 2738 expandis
3301 2683 3517 2739 manus;
3546 2667 3582 2719 si
3607 2665 3708 2718 ﬁdu-

2179 2760 2316 2814 ciam
2340 2759 2558 2826 habent,
2577 2760 2943 2829 expaudantur
2976 2779 2989 2814 :
3017 2760 3061 2814 si
3093 2774 3201 2814 non
3231 2761 3544 2830 scripserunt
3564 2756 3712 2826 iniqui-

2180 2859 2344 2906 tatem
2374 2893 2390 2916 ,
2431 2852 2478 2906 si
2509 2867 2768 2922 pauperes
2803 2867 2909 2906 non
2952 2851 3292 2920 spoliarunt,
3319 2852 3364 2906 si
3394 2852 3597 2922 pupillos
3631 2865 3710 2902 non

2181 2952 2584 3012 Oppresserunt,
2614 2954 2671 2997 ut
2712 2959 2830 3012 qua:
2861 2959 3142 3012 personam
3193 2944 3391 2998 habent
3423 2942 3711 2999 extollantur.

2187 3032 2415 3087 Elevatio
2441 3049 2698 3108 manuum,
2729 3049 2996 3097 mearum;
3035 3050 3097 3088 ac
3141 3035 3187 3087 si
3230 3035 3449 3097 diceret,
3475 3033 3609 3097 Vide,
3631 3031 3712 3084 Do-

2182 3123 2328 3180 mine
2349 3164 2364 3189 ,
2395 3124 2609 3179 mundae
2646 3132 2771 3179 sunt
2809 3139 3018 3179 manus.
3051 3123 3506 3191 Quemadmodum
3543 3128 3660 3180 enim
3682 3123 3712 3176 is

2181 3216 2273 3286 qui
2302 3216 2545 3285 peccavit
2572 3216 2774 3270 vultum
2805 3216 3067 3272 extollere
3095 3233 3207 3273 non
3236 3227 3430 3289 potest,
3457 3217 3543 3273 sed
3574 3232 3599 3270 a
3619 3231 3714 3269 cou-

2184 3306 2407 3362 scientia
2439 3308 2749 3363 incurvatur
2771 3325 2784 3361 :
2813 3309 2892 3363 sic
2914 3322 3107 3363 manus
3129 3311 3358 3380 polluta,
3385 3326 3451 3366 ne
3469 3309 3606 3364 audet
3627 3307 3715 3376 qui-

2182 3397 2305 3452 dem
2330 3413 2510 3453 coram
2532 3399 2642 3454 Deo
2665 3399 2984 3455 consistere.
3009 3399 3145 3455 Vide
3170 3418 3184 3455 :
3217 3402 3262 3455 si
3292 3416 3472 3455 manus
3491 3401 3715 3455 sintmuu-

2182 3490 2266 3545 dae
2285 3491 2352 3546 ab
2373 3491 2669 3560 iniquitate,
2697 3493 3086 3562 expandantur.
3117 3492 3246 3548 Ideo
3274 3493 3561 3563 patriarcha
3586 3490 3716 3545 Abra-

2183 3584 2306 3639 ham
2336 3593 2490 3656 turpe
2514 3585 2719 3641 lncrum
2750 3577 3036 3651 recusavit,
3064 3601 3188 3641 cum
3218 3587 3423 3642 diceret
3459 3587 3502 3640 ei
3531 3600 3610 3639 rex
3643 3582 3717 3636 So-

2181 3675 2462 3730 domorum
2507 3693 2520 3728 :
2568 3675 2750 3746 Accipe
2800 3678 2969 3730 omnia
2995 3720 3010 3742 ,
3059 3679 3302 3732 mulieres
3344 3687 3527 3730 tantum
3567 3673 3718 3726 dimitte

2187 3767 2336 3840 (Gen.
2366 3769 2452 3823 14.
2482 3767 2573 3822 21.
2604 3767 2719 3839 22).
2752 3769 2822 3825 Ut
2859 3771 3036 3840 itaque
3073 3770 3325 3826 ﬁduciam
3353 3771 3590 3832 haberet,
3618 3764 3718 3820 nihil

2183 3862 2388 3930 accepit
2416 3878 2430 3924 ;
2463 3860 2556 3916 sed
2583 3877 2703 3916 cum
2738 3862 2882 3930 puris
2907 3863 3151 3917 manibus
3177 3873 3344 3928 esset,
3373 3862 3569 3917 dicebat
3599 3856 3717 3911 τεπ-

2185 3953 2387 4006 tendam
2419 3969 2599 4007 manus
2637 3969 2776 4007 meas
2805 3953 2874 4006 ad
2900 3954 3084 4018 Deum,
3112 3957 3202 4024 qui
3229 3956 3350 4024 fecit
3384 3955 3553 4008 ca'lum
3577 3961 3617 4005 et
3641 3960 3718 4002 ter-

2183 4060 2295 4097 ram
2319 4058 2338 4097 :
2365 4051 2421 4098 et
2463 4043 2722 4109 extendit,
2756 4045 2877 4114 quia
2913 4059 3018 4098 non
3044 4055 3202 4100 erant
3232 4045 3446 4116 polluta:
3474 4040 3720 4113 injustolu-

2183 4153 2298 4192 cro.
2326 4136 2556 4191 Elevatio
2574 4153 2814 4191 manuum
2831 4155 3079 4194 mearum.
3106 4139 3261 4205 Illud,
3289 4139 3510 4194 Elevatio
3523 4150 3720 4190 manuum

2184 4243 2432 4292 mearum,
2461 4228 2843 4297 interpretatur
2863 4228 3087 4283 Paulus:
3127 4228 3258 4284 Volo
3287 4232 3442 4301 igitur
3465 4230 3584 4282 viros
3606 4236 3718 4277 orare

2184 4324 2237 4372 in
2259 4319 2398 4372 omni
2443 4317 2552 4371 loco
2581 4319 2797 4373 levantes
2833 4329 3034 4374 sanctas
3077 4337 3262 4374 ntanns
3304 4323 3411 4376 sine
3438 4321 3509 4373 ira
3533 4328 3574 4372 et
3596 4317 3720 4369 disce-

2186 4411 2493 4479 ptationibus
2524 4410 2541 4479 (
2581 4411 2633 4464 1.
2668 4409 2799 4463 Tim.
2826 4410 2882 4464 2.
2927 4410 2961 4464 8
2990 4409 3031 4480 ).
3076 4411 3316 4480 Vespera
3356 4427 3384 4465 a
3416 4409 3558 4463 nobis
3595 4404 3735 4469 exigit.

2183 4517 2424 4571 vespera-
2445 4516 2626 4570 opera.
2661 4500 2934 4570 Expaudis
2975 4516 3162 4555 manus
3183 4541 3198 4566 ,
3232 4510 3501 4556 scrutatur
3537 4495 3716 4552 Artifex.

2182 4594 2414 4649 Advenit
2437 4593 2754 4648 matutinum
2780 4600 3017 4663 tempus,
3054 4601 3108 4648 et
3135 4594 3180 4648 si
3211 4609 3400 4664 puram
3431 4606 3529 4646 non
3563 4587 3717 4641 habeas

2186 4697 2240 4744 et
2266 4701 2479 4740 manum
2497 4693 2552 4740 et
2569 4695 2822 4751 mentem,
2843 4685 3158 4740 matutinum
3184 4695 3396 4754 tempus
3418 4699 3480 4738 ne
3504 4679 3718 4748 respicere

2183 4777 2399 4846 quidem
2423 4775 2591 4831 audes
2614 4792 2627 4829 :
2654 4776 2982 4846 experientia
3014 4776 3270 4845 magistra
3299 4786 3404 4831 est.
3432 4774 3598 4843 Cogita
3623 4782 3713 4821 cum

2183 4877 2378 4936 quanta
2402 4867 2592 4922 ﬁducia
2625 4867 2952 4938 ingrediatur
2981 4869 3026 4923 is
3048 4868 3138 4938 qui
3164 4882 3333 4937 purus
3354 4872 3571 4926 maneat,
3599 4855 3713 4929 quasi

2186 4961 2238 5012 in
2267 4960 2480 5028 propria
2504 4959 2666 5014 domo
2691 4958 2945 5014 ambulet.
2976 4959 3248 5014 Fiduciam
3293 4960 3385 5012 dat
3430 4957 3499 5012 illi
3543 4949 3713 5008 matuti-

2184 5050 2269 5106 nis
2291 5051 2435 5106 horis
2465 5068 2567 5105 nox
2598 5052 2646 5105 in
2665 5053 2992 5108 continentia
3019 5064 3223 5108 exacta.
3259 5052 3383 5108 ldeo
3413 5046 3564 5106 David
3590 5043 3706 5099 dicit:

2187 5141 2249 5198 Si
2267 5158 2456 5196 memor
2479 5145 2555 5213 fui
2585 5143 2658 5196 tui
2684 5160 2838 5212 super
2861 5154 3076 5199 stratum
3101 5160 3287 5209 meum,
3306 5145 3361 5196 in
3387 5137 3621 5194 matutinis
3638 5148 3704 5185 me

2185 5233 2383 5286 (litabar
2405 5234 2459 5287 in
2488 5244 2533 5288 te
2563 5233 2581 5303 (
2615 5232 2760 5288 Psal.
2789 5233 2878 5290 ϐξ.
2910 5235 2941 5289 7
2972 5236 3012 5302 ).
3045 5234 3254 5290 Gratias
3283 5248 3384 5303 ago
3413 5233 3547 5286 Deo:
3573 5235 3696 5280 recot‘

2186 5326 2287 5383 dor
2319 5326 2650 5382 fatiscentem
2681 5343 2864 5383 vocem
2896 5343 2928 5384 a
2971 5328 3065 5383 Dei
3103 5327 3265 5384 verbo
3293 5334 3574 5397 reparatam
3592 5328 3703 5382 esse,

2189 5433 2293 5472 non
2336 5434 2432 5487 pro
2463 5418 2664 5475 nostris
2707 5420 2948 5486 meritis,
2997 5420 3091 5476 sed
3137 5434 3234 5490 pro
3277 5429 3453 5474 vestro
3475 5407 3706 5468 desiderio.

2187 5510 2474 5567 Precemur
2521 5528 2649 5583 ergo
2680 5513 2731 5568 in
2765 5514 2987 5569 veritate
3023 5514 3221 5579 cordis,
3266 5523 3324 5568 ut
3351 5525 3474 5583 pace
3502 5510 3706 5562 fruamur.

2187 5612 2250 5656 et—
2271 5603 2322 5656 in
2356 5604 2628 5660 matutinis
2654 5605 2900 5660 fiduciam
2944 5605 3253 5670 habeamus,
3288 5603 3628 5659 haereticorum
3650 5589 3709 5642 fu-

2191 5711 2365 5751 rorem
2423 5696 2727 5754 devitemus
2762 5741 2777 5767 ,
2835 5700 2992 5754 fidem
3043 5698 3387 5755 orthodoxam
3443 5699 3702 5762 sequamur.
