4050 6198
310 417 420 475 Αἲἐὸ

301 532 498 601 φησὶν,
528 531 879 600 ἐντελοῦμαι
913 533 1019 586 τοῦ
1049 531 1134 601 μὴ
1159 534 1375 599 βρέξαι
1407 535 1603 586 ὑετόν.
1643 532 1736 594 Ὠς
1760 530 1878 598 ἐμε-

303 614 578 681 γαλύνθη
607 614 714 684 γὰρ
747 617 818 667 τὰ
847 615 990 684 ἔργα
1025 629 1164 677 σου,
1193 614 1413 681 Κύριε]
1449 612 1649 666 Πάντα
1685 613 1754 665 ἐν
1785 627 1890 665 σο-

302 700 420 764 φίᾳ
460 697 773 764 ἐποίησας.
812 693 966 761 Εἶδες
993 697 1128 750 Θεοῦ
1166 697 1564 767 δημιουργίαν;
1607 690 1746 757 εἶδες
1776 694 1892 758 πῶς

302 781 616 850 ἐμφράττει
637 780 744 832 τῶν
765 780 1060 853 αἱρετικῶν
1082 779 1151 833 τὰ
1181 780 1443 849 στόματα,
1469 779 1578 832 τῶν
1595 779 1694 848 τὴν
1718 779 1892 831 κτίσιν

301 861 670 930 ἀγνοούντων,
716 865 811 917 καὶ
854 865 946 916 τὸν
993 865 1220 932 κτίστην
1259 859 1890 932 πολυπραγμονούντωνς

304 946 497 1001 Πάντα
523 947 768 1001 πείθεται
790 947 926 1000 Θεοῦ
959 947 1129 1017 νόμῳ.
1177 947 1234 999 '0
1263 945 1486 1014 οὐρανὸς
1520 945 1767 1013 ἔστηκεν,
1794 943 1892 996 οὑκ

305 1028 420 1099 ίδίᾳ
443 1029 670 1098 δυνάμει
705 1027 1124 1098 βασταζόμενος,
1155 1027 1292 1080 ἀλλὰ
1323 1026 1451 1096 θείῳ
1472 1026 1621 1096 νόμῳ
1646 1025 1893 1096 στερεοῦ-

304 1129 489 1182 μενος.
529 1114 695 1165 Ὅταν
732 1113 838 1183 γάρ
872 1113 1155 1183 ἀπορήσω,
1197 1111 1314 1174 πῶς
1354 1110 1412 1175 ἐξ
1444 1110 1650 1164 ὑδάτων
1679 1113 1706 1164 6
1733 1112 1894 1180 ούρα-

303 1194 401 1258 νὺς
453 1196 750 1264 πέπηκται,
802 1195 916 1248 λύει
954 1211 1052 1263 μου
1109 1195 1207 1264 τὴν
1253 1194 1488 1264 ἀπορίαν
1536 1196 1564 1246 6
1628 1195 1894 1264 μακάριος

305 1277 476 1330 Δαυῒδ
516 1277 688 1345 λέγων
710 1293 724 1308 ·
778 1277 861 1342 Τῷ
892 1278 1052 1345 λόγῳ
1090 1278 1310 1344 Κυρίου
1353 1280 1405 1329 οί
1437 1277 1678 1343 οὐρανοί
1737 1277 1896 1329 ἐστεο

297 1363 638 1428 ρεώθησαν.
682 1359 831 1412 Διατί
867 1360 978 1429 γὰρ
1027 1357 1474 1429 ἐστερεώθησαν;
1532 1357 1747 1427 Ἐπειδὴ
1789 1357 1895 1409 ἀπὸ

304 1445 538 1498 ὑδάτων.
568 1443 835 1497 Οὐδέποτε
861 1442 971 1512 γὰρ
996 1441 1058 1495 16
1101 1441 1318 1512 στερεὸν
1347 1440 1582 1506 λέγεται,
1618 1441 1697 1494 ὅτι
1739 1442 1893 1492 ἐστε-

303 1526 511 1599 ρεώθη·
546 1526 663 1579 οὑδέ
687 1543 769 1589 τις
792 1525 1016 1578 δύναται
1042 1526 1235 1577 εἰπεῖν·
1268 1525 1333 1576 Ἦ
1363 1525 1541 1594 πέτρα
1565 1523 1891 1594 ἐστερεώθη.

307 1610 476 1662 ’Ἄλλο
520 1608 908 1680 περεωθῆναι,
945 1607 1070 1660 ἄλλο
1118 1605 1255 1660 εἶναι
1307 1606 1547 1678 στερεόν.
1593 1606 1896 1677 Στερεωθέν

302 1693 526 1761 λέγεται
558 1691 734 1764 [463],
758 1693 886 1745 ὅταν
907 1691 968 1743 16
996 1689 1341 1762 ἠραιωμένον
1370 1691 1462 1742 καὶ
1483 1689 1897 1759 κεχαυνωμένον

302 1779 483 1847 παγῇ.
522 1776 620 1828 Διὰ
645 1774 804 1827 τοῦτο
845 1773 874 1824 6
930 1772 1156 1843 Πέτρος,
1187 1773 1275 1825 ὅτε
1319 1772 1410 1824 τὸν
1459 1772 1897 1844 παραλελυμένον

301 1863 521 1932 ἤγειρε,
545 1859 731 1927 λέγει·
772 1856 1014 1924 Ἄνδρες
1071 1854 1458 1922 Ἰσραηλῖται,
1485 1855 1543 1908 τί
1579 1853 1898 1924 θαυμάζετε

298 1942 626 2005 ἐπὶτοῦτο,
659 1943 698 2008 ἢ
730 1939 875 2009 ἡμῖν
902 1940 959 1992 τί
992 1938 1299 2001 ἀτενίζετε,
1333 1938 1414 2004 ὡς
1456 1938 1626 2006 ἡμῶν
1665 1936 1739 2006 τῇ
1783 1937 1899 2004 ἰδίᾳ

299 2023 564 2094 δυνάμει
609 2023 708 2076 καὶ
753 2023 1031 2089 εὐσεϐείᾳ
1063 2021 1476 2087 πεποιηκότων
1520 2019 1626 2074 τοῦ
1661 2034 1902 2089 περιπα-

300 2107 438 2160 τεῖν
473 2107 693 2171 αὐτόν;
730 2106 786 2158 '0
815 2105 958 2170 Θεὸς
987 2103 1105 2157 τῶν
1134 2103 1404 2173 πατέρων
1446 2101 1637 2173 ἡμῶν,
1675 2106 1708 2157 ό
1756 2103 1901 2169 Θεὸς

316 2190 571 2258 Ἀϐραὰμ
591 2189 685 2242 καί
725 2188 925 2242 Ἰσαὰκ
955 2187 1052 2240 καὶ
1087 2185 1562 2251 ἰακὼϐἐδόξασε
1587 2185 1693 2240 τὸν
1719 2185 1902 2239 παῖδα

303 2277 501 2331 αὑτοῦ
535 2275 804 2343 Ἰησοῦν·
853 2275 948 2329 καὶ
980 2274 1078 2327 ἐπὶ
1116 2273 1189 2341 τῇ
1219 2275 1417 2328 πίστει
1463 2273 1570 2327 τοῦ
1611 2274 1902 2342 ὀνόματος

305 2366 508 2420 αὐτοῦ
530 2365 764 2427 τοῦτον,
807 2364 880 2418 ὃν
909 2362 1172 2432 θεωρεῖτε
1196 2363 1295 2415 καὶ
1325 2362 1545 2426 οἴδατε,
1575 2361 1902 2430 ὲστερέωσε

303 2453 376 2506 τὸ
425 2453 612 2522 ενομα
642 2451 859 2505 αὐτοῦ·
909 2450 1004 2504 τὸν
1055 2448 1498 2520 παραλελυμένον
1550 2449 1898 2520 ἐστερέωσεν.

307 2541 412 2594 Διὰ
445 2539 604 2594 τοῦτο
653 2537 736 2603 Τῷ
777 2540 936 2608 λόγῳ
971 2541 1193 2607 Κυρίου
1230 2540 1283 2592 οί
1334 2539 1576 2606 οὐρανοί
1626 2536 1904 2606 ἐστερεώ-

307 2633 533 2695 θησαν.
595 2627 690 2679 Ἐκ
729 2624 837 2678 τῶν
882 2625 1088 2695 ἀραιῶν
1127 2625 1222 2678 καὶ
1255 2624 1651 2695 διαλελυμένων
1696 2625 1904 2678 ὑδάτων

305 2713 385 2783 τῷ
405 2712 550 2784 λόγῳ
579 2711 783 2782 Κυρίου
811 2711 866 2764 αἱ
896 2710 1114 2780 νεφέλαι
1148 2713 1228 2774 εἰς
1255 2709 1383 2780 ὕψος
1407 2712 1669 2782 αἴρονται.
1708 2711 1902 2776 Βλέπε,

309 2798 644 2871 παρακαλῶ·
681 2799 755 2851 Τὸ
793 2798 937 2870 ὕδωρ
964 2798 1026 2852 16
1069 2799 1266 2869 πικρὸν
1315 2799 1710 2870 μεταϐάλλεται
1735 2817 1748 2829 ·
1797 2799 1906 2852 61:6

308 2889 594 2958 θαλάσσης
618 2885 900 2940 ἀντλοῦσιν
923 2889 978 2939 αἱ
1005 2885 1244 2955 νεφέλαι,
1273 2887 1368 2940 καὶ
1401 2886 1462 2939 16
1491 2888 1554 2940 ἐκ
1587 2887 1780 2957 βάθους
1813 2888 1908 2938 ἁν-

307 2975 511 3046 τληθὲν
555 2974 772 3044 πικρὸν,
821 2974 994 3042 γλυκὺ
1044 2974 1140 3027 καὶ
1180 2973 1410 3043 πότιμον
1452 2973 1716 3028 ποιοῦσιν.
1775 2973 1908 3027 Ἀπὸ

313 3063 495 3130 βυθῶν
523 3063 670 3133 ἡμᾶς
704 3061 890 3134 ἤγειρε
919 3060 1174 3130 Χριστὸς,
1211 3060 1304 3112 καὶ
1343 3059 1441 3131 τὴν
1487 3058 1712 3130 πικρίαν
1751 3058 1907 3130 ἡμῶν

307 3153 407 3204 οὐκ
440 3149 841 3220 ἁποτιθέμεθα.

379 3242 422 3292 Τ
431 3241 486 3304 ίς
535 3241 683 3291 ἐστιν
715 3239 743 3290 6
786 3235 1020 3306 ποιήσας
1069 3235 1162 3289 τὸν
1207 3234 1437 3307 οὐρανὸν
1491 3235 1587 3288 καὶ
1625 3235 1723 3306 τὴν
1763 3235 1905 3306 γῆνς

321 3328 470 3398 Ἐγὼ
501 3326 663 3394 λέγω,
700 3325 780 3378 ὅτι
829 3326 857 3378 6
902 3323 1156 3395 Χριστός.
1196 3324 1306 3376 Καὶ
1342 3322 1507 3376 πόθεν
1542 3321 1740 3388 τοῦτο;
1786 3323 1908 3376 Ὅτι

310 3419 360 3470 εί
391 3417 472 3488 μὴ
527 3411 596 3485 ἦν
651 3414 925 3484 Δεσπότης
975 3411 1085 3465 τῶν
1145 3411 1421 3473 ἁπάντων,
1467 3410 1568 3464 οὐκ
1614 3409 1680 3464 ἂν
1730 3411 1789 3464 ἐν
1831 3411 1909 3484 τῷ

312 3502 637 3571 Εύαγγελίῳ
659 3501 913 3552 ἐποίειτὰ
934 3500 1187 3570 θαύματα
1209 3499 1274 3552 δι’
1294 3499 1430 3552 ὅλων
1444 3497 1553 3552 τῶν
1572 3498 1905 3569 κτισμάτων.

325 3587 587 3656 Ἐποίησε
614 3586 720 3654 γὰρ
744 3584 808 3636 δι’
837 3583 972 3636 ὅλων
999 3583 1274 3653 στοιχείων
1292 3622 1306 3647 ,
1334 3581 1423 3635 6:6
1454 3583 1579 3652 γῆς,
1598 3581 1686 3635 διὰ
1709 3583 1906 3636 θαλάσ-

319 3687 445 3738 σης,
499 3667 563 3719 δι’
610 3668 790 3736 ἀέρος,
840 3665 930 3718 διὰ
983 3666 1192 3734 πυρὸς,
1245 3666 1330 3717 ἵνα
1364 3668 1504 3736 φανῇ
1548 3666 1769 3720 πάντων
1798 3665 1907 3718 τῶν

320 3750 640 3820 κτισμάτων
697 3747 993 3816 Δεσπότης.
1057 3747 1374 3816 Ἐπεισῆλθε
1423 3747 1501 3817 τῷ
1549 3748 1649 3817 τῆς
1695 3749 1907 3819 ἡμέρας

320 3838 466 3905 φωτὶ
511 3835 572 3888 τὸ
618 3834 718 3903 τῆς
765 3833 1022 3903 ἑσπέρας.
1063 3833 1253 3894 Ἥλιος
1303 3833 1529 3905 λάμπει,
1573 3835 1668 3888 καὶ
1715 3820 1907 3905 λύχνος

317 3925 573 3998 δᾳδουχεῖ
591 3940 604 3954 ο
638 3921 849 3992 ἡμέρας
879 3921 1050 3985 τέλος,
1074 3921 1168 3973 καλ⁸
1189 3921 1382 3984 νυκτὸς
1409 3922 1716 3992 προοίμιον.
1751 3921 1911 3976 Ἀλλὰ

322 4015 410 4080 σὺ,
436 4013 568 4067 ὅταν
600 4011 715 4082 ἴδῃς
747 4007 938 4078 λύχνον
986 4008 1078 4060 καὶ
1114 4007 1286 4076 ἥλιον,
1339 4009 1495 4061 εἰπέ·
1549 4009 1634 4076 Σή
1669 4009 1841 4063 ἐστιν
1867 4009 1906 4076 ὴ

311 4099 534 4170 ἡμέρα,
565 4099 661 4152 καί
697 4095 780 4166 σή
808 4097 978 4150 ἐστιν
1006 4095 1046 4163 ἡ
1084 4095 1200 4160 νύξ
1215 4107 1229 4122 ⁶
1277 4093 1359 4148 σὺ
1392 4095 1728 4163 κατηρτίσω
1763 4095 1913 4164 φαῦ-

319 4203 426 4239 σιν
457 4186 558 4240 καὶ
591 4186 790 4252 ἣλιον.
843 4181 980 4234 Ἀλλ’
1014 4182 1073 4234 06
1103 4181 1387 4236 διακόπτει
1420 4182 1511 4235 τὸν
1553 4181 1708 4250 λόγον
1748 4185 1780 4253 ὴ
1815 4183 1912 4254 δα-

319 4275 534 4345 δουχία.
589 4277 682 4326 Δεῖ
727 4271 835 4342 γὰρ
875 4270 967 4323 τὸν
1005 4269 1157 4340 ἣλιον
1209 4269 1434 4341 δραμεῖν
1478 4271 1570 4324 ἐπὶ
1604 4271 1704 4341 τὴν
1745 4270 1912 4324 αὑτοῦ

322 4363 573 4414 κέλευσιν
608 4361 703 4430 ('0
736 4360 911 4426 ἣλιος
949 4357 1057 4429 γὰρ
1099 4356 1252 4428 ἔγνω
1300 4357 1416 4425 τὴν
1452 4357 1634 4412 δύσιν
1667 4358 1908 4429 αὑτοῦ),

322 4450 412 4503 ἵνα
439 4447 650 4519 δειχθῇ,
673 4448 754 4500 ὅτι
771 4446 1003 4518 Χριστὸς
1033 4445 1252 4500 πάντων
1281 4443 1394 4498 τῶν
1413 4443 1474 4516 δη
1484 4461 1716 4516 μιουργη
1727 4446 1913 4516 μάτων

322 4537 603 4604 Δεσπότης
647 4535 783 4588 ἐστί.
835 4532 1105 4605 Κηρὺττει
1155 4532 1255 4604 μὲν
1309 4533 1562 4602 Ἰωάννης
1600 4532 1794 4600 τοῦτο,
1831 4535 1913 4587 ὅτι

324 4623 532 4677 Πάντα
562 4619 798 4690 ἐγένετο
828 4619 900 4672 δι’
943 4619 1153 4681 αὐτοῦ,
1202 4618 1304 4673 καὶ
1334 4618 1510 4689 χωρὶς
1539 4620 1728 4675 αὐτοῦ
1772 4620 1914 4674 οὐδὲ

322 4709 392 4762 ἒν
418 4710 668 4780 γέγονεν
696 4707 726 4760 ὃ
761 4706 1025 4776 γέγονεν.
1071 4706 1210 4759 Ἀλλ’
1233 4705 1339 4758 ἔδει
1371 4707 1445 4776 μὴ
1475 4707 1634 4777 μόνον
1661 4705 1739 4778 τῷ
1772 4705 1914 4778 λόγῳ

326 4797 560 4868 λάμψαι,
589 4795 726 4848 ἀλλὰ
759 4796 853 4847 καὶ
885 4793 1052 4865 ἔργῳ.
1088 4792 1251 4858 Λέγει
1278 4794 1346 4862 τῇ
1388 4793 1625 4864 θαλάττῃ
1646 4810 1660 4824 ·
1690 4793 1907 4857 Σιώπα,

327 4889 681 4955 πεφίμωσο·
720 4881 814 4936 καὶ
841 4879 1114 4950 ἐφιμώθη,
1163 4878 1256 4932 καὶ
1316 4878 1459 4947 ἔγνω
1502 4880 1564 4932 16
1611 4880 1770 4951 ἔργον
1823 4881 1913 4935 τὸν

329 4975 599 5045 τεχνίτην.
658 4968 792 5024 Εἶπε
845 4969 954 5041 γὰρ
1000 4971 1065 5040 τῇ
1117 4967 1377 5039 θαλάττῃ,
1429 4969 1523 5021 καὶ¹
1569 4968 1912 5040 ἐσιώπησεν·

330 5058 450 5115 εἷπε
478 5063 558 5132 τῷ
599 5059 808 5131 ἀνέμῳ,
844 5061 938 5112 καὶ
966 5056 1240 5128 ἐφιμώθη.
1277 5057 1339 5109 Εἰ
1372 5056 1446 5126 μὴ
1473 5057 1770 5128 ὑπήκουσε,
1815 5058 1914 5110 οὑκ

331 5147 396 5200 ἂν
428 5148 685 5219 ἐποίησεν
714 5147 875 5200 αὐτόν
897 5162 909 5175 ·
956 5145 1005 5198 εί
1048 5143 1123 5215 μὴ
1153 5139 1220 5214 ἦν
1249 5141 1441 5206 ὓδατος
1473 5144 1770 5214 Δεσπότης,
1816 5144 1916 5198 οὐκ

331 5234 397 5288 ἂν
431 5236 694 5308 μετέϐαλε
731 5236 792 5288 τὸ
830 5234 972 5305 ὕδωρ
1009 5234 1089 5297 είς
1115 5229 1290 5286 οῐνον·
1343 5233 1392 5284 εί
1439 5232 1513 5302 μὴ
1574 5226 1642 5303 ἦν
1687 5233 1914 5304 ούρανοῦ

335 5327 628 5398 Δεσπότης,
653 5326 754 5378 οὑκ
783 5324 848 5379 ἂν
871 5324 1032 5378 αὑτὸν
1057 5323 1232 5394 ἀστὴρ
1253 5321 1313 5389 ἐξ
1334 5319 1565 5393 οὐρανοῦ
1584 5323 1880 5394 ἐκήρυττεν
1898 5338 1914 5354 ·

335 5413 383 5462 εί
414 5412 488 5484 μὴ
523 5409 592 5485 ἦν
622 5412 773 5484 ἡλίου
805 5410 1105 5481 Δεσπότης,
1146 5411 1245 5462 οὑκ
1278 5410 1345 5462 ἂν
1395 5409 1584 5473 σκότος
1630 5409 1918 5464 ἐνεδύσατο

338 5497 394 5549 ἐν
435 5500 513 5571 τῷ
554 5497 792 5570 σταυρῷ.
826 5498 1059 5570 Χριστὸς
1113 5499 1207 5551 ἐπὶ
1257 5497 1513 5570 σταυροῦ,
1565 5498 1656 5552 καὶ
1693 5500 1721 5553 6
1765 5495 1919 5563 ἥλιος

336 5587 643 5659 ἐσκοτίσθη.
679 5592 742 5642 Ὢ
772 5589 864 5642 τοῦ
899 5588 1203 5658 θαύματοςί
1239 5588 1374 5641 0666
1419 5592 1451 5659 ἡ
1497 5590 1678 5653 κτίσις
1719 5589 1917 5660 ἤνεγκε

335 5673 436 5745 ⁴ιὴν
480 5675 636 5750 669w
694 5677 788 5730 106
841 5677 1131 5729 Δεσπότου.
1177 5675 1493 5748 Ἐσκοτίσθη
1528 5679 1556 5730 6
1598 5678 1772 5748 ἥλιος,
1831 5679 1918 5732 ἵνα

343 5762 514 5835 μάθῃς
564 5769 656 5820 καὶ
707 5768 766 5820 ἐν
816 5765 964 5836 αὑτῷ
1017 5764 1095 5833 τῷ
1153 5763 1366 5835 σταυρῷ
1417 5766 1566 5836 ἡλίου
1618 5766 1914 5836 Δεσπότην.

351 5845 594 5912 ’κτείσθη
641 5858 670 5913 ἡ
716 5856 808 5924 γῆ,
848 5855 934 5908 ἵνα
967 5853 1164 5919 μάθῃς.
1219 5853 1298 5905 ὅτι
1341 5856 1465 5919 περὶ
1501 5855 1664 5907 αὑτοῦ
1694 5858 1722 5908 6
1753 5855 1916 5909 Δαυῖδ

1307 415 1393 469 DE
1432 411 1646 469 MUNDI
1685 407 2080 465 CREATIONE
2120 411 2378 466 "RATIO
2407 409 2494 467 Ill.

3471 415 3580 470 656'

1998 525 2179 584 εἶπεν·
2211 533 2273 584 Ὀ
2299 530 2636 585 ἐπιϐλέπων
2655 531 2751 583 ἐπὶ
2775 531 2890 598 τὴν
2918 530 3033 599 γῆν
3055 531 3150 584 καὶ
3179 529 3364 584 ποιῶν
3383 532 3575 600 αὐτὴν

1996 614 2245 684 τρέμειν.
2304 615 2665 686 Ἐσχίσθησαν
2715 617 2772 669 αἱ
2810 616 3031 686 πέτραι,
3083 616 3170 668 ῐνα
3213 615 3388 685 μάθῃς
3448 616 3577 688 περὶ

1995 699 2138 761 τίνος
2196 694 2348 750 εἷπεν
2404 701 2432 750 6
2481 701 2802 769 προφήτης·
2847 700 2902 752 '0
2953 698 3140 768 θυμὸς
3179 699 3364 753 αὐτοῦ
3415 699 3575 766 τήκει

1995 780 2204 850 ἀρχὰς,
2227 781 2324 834 καὶ
2345 785 2405 834 al
2424 783 2629 850 πέτραι
2647 783 2988 850 ἑθρύϐησαν
3006 784 3106 837 ἀπ’
3127 783 3334 837 αὐτοῦ.
3355 784 3574 854 Ἦνοίγη

1995 867 2063 918 τὰ
2100 867 2378 935 μνήματα,
2413 866 2499 918 ἵνα
2543 869 2681 936 φανῇ
2712 868 2744 937 ἡ
2786 867 3110 931 ἀνάστασις,
3154 868 3247 921 καὶ
3287 868 3314 920 6
3348 866 3577 937 ἐγείρων

1994 948 2128 1012 Θεὸς
2154 947 2240 1000 διὰ
2269 948 2377 1001 τῶν
2405 947 2622 1001 πάντων
2644 949 2851 1022 λάμψῃ.

2067 1029 2132 1095 ξ’.
2189 1031 2347 1084 Ἀλλά
2374 1031 2456 1084 δεῖ
2485 1033 2632 1102 ἡμᾶς
2675 1033 2769 1085 καὶ
2813 1031 3005 1101 ἠθικὸν
3043 1031 3260 1102 κινῆσαι
3301 1031 3477 1099 λόγον.
3523 1031 3580 1082 '0

1995 1113 2186 1182 λύχνος
2213 1115 2244 1183 ἡ
2255 1115 2363 1182 μᾶς
2393 1112 2548 1168 καλεί
2576 1115 2669 1168 ἐπὶ
2696 1115 2757 1167 τὸ
2779 1117 2954 1168 εἰπεῖν
2973 1131 2985 1146 ·
3022 1116 3262 1184 Λύχνος
3292 1114 3415 1180 τοῖς
3435 1115 3583 1166 ποσί

1991 1217 2109 1266 μου
2135 1203 2168 1253 ό
2189 1201 2373 1268 λόγος
2405 1215 2544 1262 σου,
2565 1199 2663 1252 καί
2695 1197 2820 1268 φῶς
2855 1199 2985 1264 ταῖς
3021 1201 3241 1267 τρίϐοις
3265 1215 3405 1267 μου.
3433 1199 3583 1250 Κατ-

1997 1281 2186 1336 έλαὸεν
2202 1282 2410 1353 ἑσπέρα
2431 1283 2517 1334 ἵνα
2542 1282 2809 1352 λέγωμεν·
2836 1283 3299 1347 Κατευθυνθήτω
3321 1280 3360 1346 ἡ
3394 1295 3582 1348 προσ-

1995 1369 2145 1438 ευχή
2171 1388 2289 1439 μου
2319 1371 2400 1436 ὡς
2427 1371 2686 1439 θυμίαμα
2728 1370 2985 1424 ἐνώπιόν
3014 1386 3151 1433 σου,
3187 1371 3438 1436 ἔπαρσις
3465 1365 3586 1420 τῶν

1997 1456 2210 1524 χειρῶν
2226 1475 2344 1526 μου
2365 1462 2545 1513 θυσία
2566 1457 2874 1527 ἐσπερινή.
2903 1455 3051 1529 [464]
3070 1457 3177 1511 Καὶ
3210 1455 3349 1509 διατί
3379 1454 3453 1525 μὴ
3479 1455 3582 1507 ἐωο

1956 1597 1963 1610 ,
2000 1547 2156 1619 θινή;
2189 1542 2315 1600 Ἶιδε
2350 1547 2441 1600 τὸν
2469 1547 2612 1602 νοῦν·
2649 1548 2686 1601 ἃ.
2723 1548 2830 1619 γὰρ
2862 1547 3152 1618 ψάλλομεν,
3191 1545 3475 1616 ὀφείλομεν
3509 1545 3584 1597 elo

1997 1635 2167 1689 δέναι.
2197 1635 2357 1703 Λέγει
2383 1636 2562 1688 Δαυΐδ·
2597 1633 2833 1689 Ψάλατε
2862 1635 3443 1703 συνετῶς.Ἕπαρσις
3467 1631 3585 1686 τῶν

2002 1723 2214 1793 χειρῶν
2235 1742 2356 1794 μου
2393 1727 2575 1780 θυσία
2603 1723 2912 1793 ὲσπερινή.
2962 1723 3064 1776 Δύο
3106 1724 3294 1788 θυσίας
3331 1724 3582 1776 ἐκέλευσε

2001 1811 2241 1881 Μωῦσῆς
2274 1811 2545 1880 γίνεσθαι,
2597 1812 2795 1882 μᾶλλον
2835 1811 2892 1865 δὲ
2933 1811 3128 1878 Θεὸςοη
3156 1811 3282 1880 μίαν
3323 1810 3580 1880 ἑωθινὴν,

2006 1899 2134 1969 μίαν
2165 1900 2476 1970 ἐσπερινήν.
2514 1899 2579 1952 Ἦ
2608 1899 2833 1971 ὀρθρινὴ
2868 1898 3191 1972 εὐχαριστία
3223 1892 3292 1966 ἦν
3323 1898 3462 1968 ὑπὲρ
3483 1897 3585 1967 τῆς

2004 1986 2218 2049 νυκτός.
2273 1987 2330 2039 Ὀ
2359 1987 2468 2057 γὰρ
2497 1986 2783 2051 διασωθεὶς
2811 1987 2909 2058 τὴν
2937 1987 3131 2054 νύκτα,
3170 1985 3487 2057 εὐχαριστεῖ
3526 1986 3584 2037 ἐν

2004 2078 2067 2147 τῇ
2103 2077 2304 2149 ἡμέρᾳ.
2338 2077 2402 2129 Ἢ
2424 2075 2685 2148 ἐσπερινὴ
2707 2076 2867 2130 θυσία
2893 2077 3209 2148 εὐχαριστία
3227 2070 3294 2146 ἦν
3320 2074 3460 2146 ὑπὲρ
3488 2073 3585 2142 τῆς

2002 2165 2234 2246 ἡμέρας.
2279 2163 2496 2236 Ἐπειδὴ
2524 2164 2852 2236 διετήρησάς
2882 2182 2971 2234 με,
2999 2164 3185 2236 φησὶν,
3204 2166 3261 2217 ἐν
3290 2166 3356 2234 τῇ
3377 2160 3582 2233 ἡμέρα,

2005 2253 2308 2323 εὐχαριστῶ
2366 2270 2448 2306 σοι
2495 2253 2636 2323 ὑπὲρ
2678 2254 2804 2323 ὅλης
2849 2253 2948 2323 τῆς
2995 2251 3233 2324 ἡμέρας.
3274 2251 3340 2304 Ἦ
3391 2249 3587 2320 ἑωθινὴ

2006 2339 2164 2394 θυσία
2207 2341 2270 2393 οὑ
2314 2339 2542 2410 δέχεται¹
2570 2341 2660 2394 16v
2704 2341 3100 2412 άμαρτήσαντα
3143 2340 3202 2392 ἐν
3248 2340 3431 2392 νυκτί.
3488 2339 3586 2392 Διὰ

2004 2426 2163 2481 τοῦτο
2209 2428 2392 2496 λέγει·
2449 2428 2747 2496 Ἐπαρσις
2800 2427 2919 2481 τῶν
2973 2425 3185 2497 χειρῶν
3242 2443 3360 2495 μου
3407 2426 3587 2480 θυσιά
3697 2481 3702 2485 _

2006 2515 2316 2584 ἐσπερινή.
2347 2516 2583 2586 Είσέρχῃ
2623 2516 2882 2587 ἑσπέραν,
2925 2515 3113 2578 ἁπλοῖς
3147 2513 3244 2575 τὰς
3277 2515 3494 2582 χεῖρας·
3539 2513 3587 2564 εί

2007 2604 2188 2674 ἔχουσι
2219 2604 2530 2676 παρρησίαν
2563 2603 2956 2657 ἁπλούσθωσαν
2976 2620 2991 2636 ·
3018 2603 3066 2655 εί
3097 2601 3171 2672 μὴ
3200 2601 3447 2670 ἔγραψαν
3477 2598 3592 2653 66:-

2007 2693 2152 2756 κίαν,
2193 2694 2241 2745 εί
2267 2693 2340 2763 μὴ
2370 2695 2626 2765 ἥρπασαν
2665 2693 2924 2762 πένητας,
2963 2692 3010 2744 εί
3047 2691 3121 2760 μὴ
3157 2689 3590 2757 ἐπλεονέκτησαν

2008 2782 2297 2852 ὀρφανοὺς,
2328 2781 2402 2844 ὼς
2429 2781 2718 2852 πρόσωπον
2735 2781 2950 2851 ἔχουσαι
2977 2778 3349 2849 ὑψούσθωσαν.
3378 2777 3590 2842 Ἐπαρ-

2009 2886 2110 2933 σις
2139 2868 2257 2922 τῶν
2283 2868 2496 2937 χειρῶν
2510 2886 2630 2937 μου
2653 2884 2666 2898 ·
2697 2869 2818 2922 ἀντί
2843 2867 2959 2934 τοῦ,
2993 2867 3187 2930 Βλέπε,
3207 2864 3400 2936 Κύριε,
3422 2862 3588 2916 καθα--

2013 2956 2102 3027 96‘.
2135 2957 2190 3010 αί
2224 2959 2420 3027 χεῖρες.
2461 2955 2670 3026 Ὥσπερ
2701 2956 2811 3027 γὰρ
2847 2957 2876 3009 6
2919 2957 3264 3028 ἁμαρτήσας,
3300 2952 3591 3022 πρόσωπον

2010 3044 2212 3116 ἐπᾶραι
2233 3043 2294 3096 o6
2323 3042 2566 3107 δύναται,
2589 3043 2700 3096 ἀλλ’
2725 3044 2832 3097 ὑπὸ
2861 3042 3217 3115 συνειδήσεως
3246 3040 3588 3110 κάμπτεται,

2010 3129 2153 3183 οῦτω
2201 3129 2321 3201 χεὶρ
2370 3130 2753 3202 μεμολυσμένη
2793 3130 2914 3184 0666
2960 3129 3134 3200 τολμᾷ
3177 3125 3593 3197 ἀντιπρόσωπος

2011 3217 2265 3286 γενέσθαι
2293 3217 2428 3289 Θεῷ.
2459 3218 2633 3271 Βλέπε
2656 3237 2671 3251 ·
2700 3221 2748 3272 εἰ
2781 3217 3021 3288 καθαραὶ⁵
3046 3217 3102 3268 αἱ
3132 3217 3311 3286 χεῖρες
3338 3213 3446 3266 61:6
3477 3212 3593 3265 66:-

2013 3308 2157 3372 κίας,
2178 3307 2590 3363 ἁπλούσθωσαν.
2616 3307 2714 3360 Διὰ
2732 3307 2890 3361 τοῦτο
2916 3309 2944 3360 6
2971 3305 3314 3376 πατριάρχης
3346 3302 3596 3373 Ἀϐραὰμ

2013 3397 2366 3468 παρῃτήσατο
2422 3395 2604 3448 λαϐεῖν
2651 3395 2758 3448 61:6
2797 3392 3243 3464 αἰσχροκερδείας
3287 3390 3475 3460 κέρδη,
3509 3390 3596 3441 ὅτε

2011 3484 2195 3553 ἔλεγεν
2222 3483 2370 3555 αὑτῷ
2402 3485 2431 3536 6
2454 3483 2705 3554 βασιλεὺς
2734 3483 2983 3553 Σοδόμων
3002 3499 3014 3512 ·
3055 3479 3210 3536 Λάϐε
3233 3480 3447 3534 πάντα·
3487 3479 3596 3548 μό-

2012 3590 2125 3625 νον
2152 3573 2255 3638 τὰς
2286 3571 2576 3642 γυναῖκας
2621 3571 2958 3625 ἀπόλυσον.
3014 3570 3132 3624 Ἵνα
3159 3563 3250 3622 οὖν
3281 3564 3605 3639 παρρησίαν-

2013 3661 2132 3733 ἐχῃ,
2161 3660 2312 3714 οὐδὲν
2354 3659 2574 3713 ἔλαϐεν·
2606 3657 2854 3730 καθαρὰς
2885 3657 2942 3710 66
2968 3656 3106 3728 ἔχων
3141 3657 3237 3720 τὰς
3264 3658 3451 3726 χεῖρας
3481 3653 3596 3707 ἐλε-

2013 3763 2135 3815 γεν·
2178 3745 2430 3800 Ἔκτειλῶ
2464 3745 2571 3811 τὰς
2609 3745 2810 3814 χεῖράς
2847 3763 2967 3813 μου
2998 3744 3146 3811 πρὸς
3179 3745 3285 3796 τὸν
3316 3743 3484 3808 Θεὸν,
3529 3742 3597 3806 ὃς

2014 3833 2263 3899 ἐποίησε
2290 3832 2397 3885 τὸν
2429 3833 2689 3898 οὐρανὸν
2715 3830 2811 3884 καὶ
2838 3831 2950 3898 τὴν
2992 3829 3124 3900 γῆν.
3171 3830 3282 3884 Καὶ
3312 3829 3594 3897 ἐξέτεινεν,

2019 3918 2208 3990 ἐπειδὴ
2231 3921 2328 3973 οὑκ
2355 3916 2496 3988 ἦσαν
2525 3919 2929 3990 μεμολυσμέναι
2963 3919 3344 3989 κέρδειὰδίκῳ.
3377 3921 3598 3985 Ἔπαρ-

1961 4065 1966 4072 ,
2018 4027 2119 4076 σις
2134 4008 2252 4062 τῶν
2276 4007 2489 4076 χειρῶν
2511 4026 2652 4076 μου.
2695 4007 3018 4079 Ἐρμηνεύει
3045 4007 3126 4071 16,
3162 4009 3450 4075 Ἔπαρσις
3480 4008 3600 4060 τῶν

2019 4096 2233 4167 χειρῶν
2248 4113 2394 4166 μου,
2424 4095 2668 4158 Παῦλος·
2703 4095 2999 4162 Βούλομαι
3039 4091 3154 4149 οὗν
3194 4094 3335 4160 τοὺς
3373 4095 3596 4160 ἄνδρας

2017 4186 2458 4254 προσεύχεσθαι
2492 4184 2563 4237 ἐν
2581 4183 2758 4236 παντί
2783 4183 2966 4248 τόπῳ,
3007 4183 3362 4252 ἐπαίροντας
3388 4181 3601 4246 όσίους

2019 4271 2221 4341 χεῷας
2250 4272 2426 4342 χωρὶς
2463 4270 2648 4342 ὀργῆς
2681 4271 2777 4324 καὶ
2812 4269 3238 4340 διαλογισμῶν.
3282 4270 3345 4322 Ἡ
3390 4269 3601 4339 ἑσπέρα

2019 4361 2242 4414 ἀπαιτεῖ
2288 4361 2435 4430 ἡμᾶς
2476 4359 2546 4412 16
2585 4358 2685 4429 τῆς
2735 4359 2971 4430 ἑσπέρας
3022 4357 3177 4430 ἔργα.
3240 4357 3455 4420 ’Δπλοῖς
3502 4357 3602 4420 τὰς

2021 4449 2212 4519 χεῖρας
2231 4463 2245 4479 ·
2274 4448 2470 4519 ἐρευνᾷ
2489 4449 2520 4500 6
2540 4447 2802 4517 τεχνίτης.
2833 4447 3132 4519 Ἔρχεταιὸ
3148 4445 3366 4510 ἑωθινὸς
3387 4445 3599 4516 καιρὸς,

2019 4534 2114 4589 καὶ
2144 4534 2240 4590 ἐὰν
2280 4535 2354 4607 μὴ
2387 4534 2516 4606 ἔχῃς
2541 4534 2786 4606 καθαρὰν
2815 4533 2912 4604 τὴν
2937 4537 3095 4606 χεῖρα
3135 4533 3166 4605 ἦ
3206 4533 3305 4605 τὴν
3339 4534 3599 4597 διάνοιαν,

2018 4621 2240 4676 ἑωθινὸν
2263 4622 2453 4694 καιρὸν
2473 4621 2593 4676 οὔτε
2616 4622 2743 4675 ίδεῖν
2760 4623 2964 4694 τολμᾷς
2979 4641 2991 4652 ·
3026 4624 3059 4692 ὴ
3086 4625 3250 4692 πεῖρα
3263 4620 3598 4684 διδάσκαλος.

2030 4709 2318 4780 Ἐννόησον
2345 4711 2471 4763 ὅταν
2493 4727 2577 4773 τις
2597 4709 2834 4782 καθαρὸς
2853 4709 3124 4780 διαμείνῃ.
3155 4708 3272 4771 πῶς
3298 4708 3601 4777 εἰσέρχεται

2017 4798 2106 4852 διὰ
2143 4797 2478 4870 παρρησίας,
2519 4797 2596 4862 ὡς
2632 4798 2767 4851 ἰδίαν
2809 4799 2977 4867 αὐλὴν
3017 4795 3224 4850 πατῶν.
3280 4795 3604 4865 Παρρησίαν

2017 4889 2126 4958 γὰρ
2162 4885 2309 4956 αὐτῷ
2347 4885 2560 4938 δίδωσιν
2597 4887 2654 4940 ἐν
2689 4885 2769 4954 τῷ
2811 4883 3017 4954 έωθινῷ
3065 4882 3242 4953 καιρῷ
3285 4884 3318 4949 ἠ
3352 4883 3412 4936 ἐν
3449 4885 3604 4937 νυκτὶ

2020 4972 2366 5045 σωφροσύνη.
2402 4972 2501 5025 Διὰ
2520 4972 2680 5026 τοῦτο
2699 4971 2862 5024 Δαυῖδ
2890 4970 3036 5038 λέγει
3062 4985 3076 4999 ·
3104 4970 3173 5021 El
3191 4969 3604 5038 ἐμνημόνευιῖν

2019 5077 2135 5115 σου
2163 5060 2260 5114 ἐπὶ
2283 5059 2394 5129 τῆς
2409 5060 2725 5129 στρωμνῆς
2746 5075 2886 5127 μου,
2915 5057 2986 5110 ἐν
3011 5055 3134 5122 τοῖς
3149 5056 3379 5126 ὄρθροις
3397 5058 3603 5128 ἐμελέ-

2020 5165 2138 5201 των
2189 5151 2277 5214 είς
2325 5147 2419 5201 σέ.
2476 5146 2797 5217 Εὐχαριστῶ
2837 5143 2916 5216 τῷ
2953 5144 3112 5214 Θεῷ·
3169 5144 3473 5216 μέμνημαι,
3523 5147 3603 5199 ὅτι

2017 5236 2337 5306 κάμνουσαν
2375 5236 2508 5305 ἡμῖν
2541 5233 2638 5304 τὴν
2677 5231 2862 5303 φωνην
2909 5233 2938 5286 ὁ
2983 5231 3078 5286 τοῦ
3129 5231 3265 5286 Θεοῦ
3310 5233 3602 5304 ἀνώρθωσε

2022 5324 2199 5393 λόγος,
2226 5324 2285 5376 06
2321 5321 2456 5393 1:96;
2477 5323 2575 5392 τὴν
2603 5321 2878 5394 ἡμετέραν
2913 5320 3069 5388 ἀξίαν
3101 5322 3262 5395 ὁρῶν,
3297 5322 3432 5376 ἀλλὰ
3468 5320 3604 5392 πρὸς

2020 5407 2112 5466 τὸν
2148 5413 2412 5484 ὑμέτερον
2463 5411 2645 5466 πόθον.
2690 5410 2988 5483 Εύξὼμεθα
3039 5412 3220 5466 τοίνυν
3265 5414 3322 5464 ἐν
3375 5409 3604 5478 ἀληθείᾳ

2023 5503 2270 5575 καρδίας.
2307 5501 2403 5556 καὶ
2431 5504 2655 5574 εἰρήνην
2681 5501 2845 5572 ἔχειν,
2884 5503 2977 5556 καὶ
3021 5503 3080 5556 ἐν
3121 5501 3339 5573 69090:;
3367 5500 3596 5568 -παρῤη-

2024 5590 2326 5655 σιάζεσθαι,
2355 5591 2450 5645 καὶ
2477 5591 2758 5662 αἱρετικὴν
2794 5593 2990 5660 μανίαν
3025 5589 3268 5658 φεύγειν,
3313 5585 3405 5638 καὶ
3446 5584 3600 5657 ὀρθό-

2023 5679 2174 5744 δοξον
2208 5680 2392 5733 πίστιν
2427 5679 2800 5750 μεταδιώκειν,
2852 5679 2944 5732 καὶ
2971 5677 3128 5741 δόξαν
3157 5673 3505 5743 ἀναπέμπειν
3529 5672 3604 5743 τῷ

2026 5768 2201 5840 Πατρὶ
2237 5751 2329 5822 καὶ
2359 5769 2439 5838 τῷ
2469 5767 2583 5838 Υίῴ
2608 5770 2700 5822 καὶ
2727 5768 2805 5837 τῷ
2843 5766 2984 5835 ἁγίῳ
3028 5761 3328 5832 Πνεύματι,
3376 5760 3472 5816 νῦν
3513 5766 3599 5814 καὶ

2024 5856 2129 5918 ἀεὶ,
2163 5857 2254 5910 καὶ
2285 5857 2364 5921 εἰς
2394 5857 2516 5922 106;
2551 5855 2750 5918 αἰῶνας
2777 5855 2884 5908 τῶν
2916 5852 3144 5907 αἰώνων.
3185 5851 3373 5918 ’Δμήν.
