3958 6186
203 249 298 305 ιη

201 363 529 432 gloriamque
590 361 881 416 referamus
921 362 1095 425 Patri,
1145 362 1277 415 Filio
1307 371 1359 416 et
1394 362 1607 430 Spiritui
1657 375 1782 413 san-

200 463 284 505 cto
311 468 451 506 nime
479 463 533 507 et
561 468 793 522 semper,
826 462 881 506 et
907 455 956 506 in
986 454 1178 508 sa-cula
1207 454 1543 506 szeenlortun.
1597 454 1779 506 Amen.

367 543 608 614 Ejusdem
633 546 685 598 in
711 556 939 617 quartam
959 548 1088 598 diem
1115 546 1380 599 creationis
1403 545 1602 598 mundi.

273 637 646 692 1..Labantem
698 654 882 693 vocem
933 649 1165 692 nostram
1200 639 1363 706 pridie
1396 655 1488 707 per
1514 638 1781 692 orationes

202 741 403 784 vestras
434 746 629 799 perque
659 738 894 784 vestrum
924 731 1245 785 desiderium
1281 731 1370 785 Dei
1399 732 1567 802 gratia
1599 731 1780 785 ﬁrma-

197 823 290 874 vit.
326 821 440 889 Ipsa
482 822 640 890 igitur
680 823 927 890 magistra
962 837 1088 876 usus
1126 823 1454 892 experientia
1478 865 1492 887 ,
1523 835 1776 893 quantum

196 928 346 964 amor
373 911 673 982 divina-que
695 913 906 979 pietatis
934 913 1167 967 Studium
1200 923 1406 982 potest,
1433 914 1500 968 ad
1535 913 1775 968 eamdem

193 1003 618 1057 obsecrationem
651 1003 865 1067 accedo,
897 1019 1081 1057 rursus
1103 1019 1293 1073 rogans
1317 1013 1376 1057 ut
1402 1003 1642 1058 eamdem
1685 1019 1778 1071 pro

196 1093 350 1147 nobis
377 1094 601 1162 gratiam
651 1094 859 1162 petatis.
900 1094 1032 1147 Nam
1065 1095 1106 1147 si
1141 1110 1234 1148 vas
1265 1094 1541 1148 electionis
1560 1093 1773 1153 Paulus,

190 1187 280 1253 qui
303 1185 572 1241 Christum
627 1187 678 1240 in
725 1189 902 1254 seipso
944 1188 1246 1256 loquentem
1294 1187 1538 1251 habebat,
1571 1188 1690 1256 quia
1744 1202 1771 1238 a

189 1278 389 1350 Spiritu
418 1263 610 1332 sancto
631 1280 934 1349 regebatur,
954 1281 1252 1333 auditorum
1279 1280 1633 1348 precationem
1654 1295 1769 1330 mtt-

192 1373 438 1426 tuabatnr
476 1373 660 1426 dicens
693 1390 704 1426 :
739 1371 965 1439 Fratres,
999 1386 1144 1426 orate
1174 1390 1265 1442 pro
1293 1391 1369 1426 me
1393 1413 1407 1437 ,
1438 1382 1490 1424 ut
1533 1373 1651 1423 mihi
1681 1372 1770 1424 de-

189 1475 272 1516 tur
303 1464 501 1515 verbum
558 1464 608 1516 in
664 1465 922 1532 apertioue
969 1465 1070 1517 oris
1128 1465 1222 1518 mei
1262 1465 1280 1532 (
1315 1465 1501 1534 lz'pltes.
1533 1463 1586 1518 6.
1634 1461 1769 1533 l9):

185 1564 387 1622 quanto
419 1554 585 1623 magis
631 1569 728 1607 nos
761 1555 890 1608 viles
912 1597 926 1619 ,
958 1564 1012 1608 et
1040 1555 1126 1624 qui
1150 1596 1163 1617 ,
1197 1562 1254 1622 ut
1303 1555 1368 1608 ita
1397 1554 1567 1608 dicam
1594 1595 1609 1620 ,
1643 1555 1772 1609 nihil

186 1661 401 1708 sumus,
440 1647 874 1700 intercessionem
927 1656 1157 1702 vestram
1206 1656 1466 1714 petemus,
1497 1656 1553 1700 ιιι
1580 1647 1772 1714 lingua:

185 1737 457 1790 vinculum
498 1736 734 1789 solvatur
757 1776 772 1800 ,
798 1737 1069 1804 aperiatur
1099 1737 1336 1791 veritatis
1380 1751 1594 1802 sermo;
1627 1737 1770 1805 ipsa-

180 1847 289 1902 que
319 1831 492 1885 divina
517 1833 688 1902 gratia
719 1833 1026 1901 expeditum
1050 1848 1306 1901 organum
1333 1830 1616 1895 custodiat,
1649 1846 1772 1885 sen-

181 1923 578 1991 tentiaruruque
605 1923 811 1992 copiam
837 1923 1174 1993 suppeditet;
1208 1939 1311 1977 non
1338 1931 1398 1977 ut
1425 1923 1569 1977 solus
1591 1931 1771 1976 orator

181 2014 362 2068 divina
413 2015 680 2077 lueretur,
728 2014 821 2069 sed
851 2022 908 2069 ut
947 2016 1219 2070 vobiscum
1265 2015 1532 2070 czeleslem
1562 2014 1770 2069 hauriat

185 2107 520 2162 thesaurum.
548 2109 660 2177 Age
689 2123 818 2178 ergo
845 2148 860 2172 ,
903 2108 1050 2178 prius
1079 2107 1342 2162 dictorum
1373 2107 1531 2162 seriei
1562 2106 1761 2161 haerea-

181 2213 323 2252 mus.
352 2198 454 2252 Par
483 2206 565 2252 est
589 2199 754 2262 enim,
787 2198 1038 2263 arbitror,
1075 2208 1132 2253 ut
1171 2198 1620 2268 quemadmodum
1656 2198 1768 2268 ipse

174 2291 454 2363 legislator
481 2290 689 2364 Moyses
726 2293 868 2347 serie
915 2301 1074 2360 atque
1118 2291 1306 2348 ordine
1335 2291 1619 2346 creationis
1655 2304 1770 2345 ser-

174 2399 396 2439 monem
429 2384 674 2447 absolvit,
703 2385 778 2438 sic
825 2394 878 2438 et
906 2399 1002 2438 nos
1033 2384 1218 2454 primis
1244 2383 1496 2450 secunda,
1519 2381 1767 2438 secundis

171 2478 332 2533 tertia
366 2477 679 2546 c0pulemus
699 2485 753 2531 et
778 2477 1184 2545 distinguamus,
1213 2475 1470 2545 vobisque
1499 2489 1602 2528 non
1626 2490 1761 2544 prte-

161 2578 449 2640 posteram
476 2569 742 2624 sermonis
781 2569 1175 2623 enarrationem
1208 2566 1496 2622 tradamus.
1535 2566 1764 2636 Compa-

166 2671 319 2716 ctum
345 2670 466 2715 erat
493 2660 702 2728 caelum,
734 2660 906 2715 solide
931 2670 1190 2714 structum
1219 2660 1608 2714 ﬁrmamentum
1633 2699 1649 2724 ,
1675 2673 1764 2714 se-

164 2762 452 2822 gregatum
485 2766 652 2815 mare,
693 2751 898 2806 detecta
929 2761 1088 2818 terra,
1115 2750 1394 2817 fructibus,
1434 2749 1646 2821 plantis,
1674 2766 1765 2805 ar-

168 2844 395 2899 boribus
419 2885 435 2909 ,
466 2843 697 2898 fontibus
739 2845 883 2899 varie
913 2855 1120 2909 ornata,
1154 2854 1208 2899 et
1250 2851 1308 2898 ut
1353 2843 1656 2898 summatim
1687 2843 1766 2898 di-

169 2954 310 3003 cam,
340 2937 590 2992 omnibus
633 2938 732 2991 sibi
770 2939 1186 3008 congruentibus
1212 2938 1460 2994 decorata
1490 2947 1624 2994 erat.
1662 2937 1763 2994 Ne-

173 3046 278 3099 que
305 3031 450 3085 enim
482 3031 705 3100 simplex
736 3031 976 3101 quaedam
1006 3030 1256 3087 feracitas
1287 3033 1380 3088 fuit
1404 3075 1419 3099 ,
1451 3033 1544 3089 sed
1571 3032 1763 3088 distin-

171 3129 260 3176 lcta
287 3133 344 3178 et
382 3123 550 3177 varia.
593 3122 724 3176 Nam
751 3123 854 3176 alia
898 3123 1065 3193 ipsam
1093 3124 1355 3178 ornabant
1396 3134 1590 3180 terram
1617 3142 1632 3189 ;
1661 3125 1762 3179 alia

182 3217 238 3270 in
279 3232 454 3270 escam
487 3215 793 3272 hominibus
823 3228 876 3272 et
911 3217 1079 3272 brutis
1105 3210 1464 3271 animantibus
1504 3216 1760 3288 producta

185 3315 325 3371 sunt,
343 3317 535 3362 ett-tera
565 3306 868 3362 hominibus
888 3323 1041 3362 usum
1066 3307 1393 3377 prtebebant.
1420 3307 1602 3379 Neque
1619 3309 1759 3363 enim

188 3400 458 3465 prasentis
485 3411 564 3454 est
590 3402 867 3470 temporis,
891 3401 1100 3478 diversa
1122 3402 1204 3456 illa
1234 3417 1353 3472 qua:
1379 3417 1444 3457 ex
1479 3410 1618 3456 terra
1648 3416 1761 3469 pro-

190 3491 339 3546 ducta
366 3503 487 3546 sunt
516 3508 802 3549 recensere
825 3535 841 3559 ,
872 3509 940 3548 ne
961 3495 1226 3548 sermonis
1247 3493 1519 3563 longitudo
1545 3492 1760 3548 auribus

192 3583 372 3636 vestris
399 3583 618 3638 molesta
650 3585 738 3638 sit.
773 3585 1067 3654 Acceperat
1085 3585 1244 3639 etiam
1275 3585 1460 3639 caelum
1486 3585 1757 3653 proprium

190 3674 290 3728 sibi
316 3685 576 3730 ornatum.
610 3677 858 3732 Procedit
883 3677 994 3748 jam
1027 3677 1166 3733 Deus
1187 3676 1254 3731 ad
1274 3691 1459 3748 aquas,
1487 3676 1758 3748 efﬁcitque

195 3775 251 3818 ut
273 3766 367 3821 illa:
389 3769 619 3822 animam
656 3770 923 3824 viventem
952 3769 1267 3839 producant,
1301 3784 1523 3840 magnus
1549 3771 1760 3838 sapien-

195 3857 523 3930 lissimusque
573 3861 796 3916 tireator
818 3903 832 3926 ,
865 3862 952 3930 qui
1005 3861 1172 3916 libero
1200 3875 1298 3915 suo
1345 3872 1474 3916 nutu
1501 3869 1558 3915 et
1587 3859 1759 3917 Verbo

187 3960 366 4005 sancto
388 3967 485 4006 suo
507 3953 683 4007 omnia
714 3955 864 4020 fecit,
911 3963 968 4008 ut
990 3971 1054 4008 ex
1088 3955 1200 4024 ipsa
1234 3952 1395 4010 Verbi
1423 3955 1646 4010 veritate
1675 3971 1760 4010 rc-

192 4056 302 4095 rum
327 4044 596 4099 veritatem
629 4049 814 4108 nostis,
848 4063 968 4101 cum
998 4046 1274 4101 audivistis
1300 4062 1423 4102 eum
1453 4046 1755 4110 dicentem:

189 4133 553 4208 Cougregettlur
581 4154 727 4208 aqua:
751 4155 770 4203 ,°
798 4149 851 4193 et
881 4140 1059 4193 statim
1087 4152 1221 4208 opus
1246 4148 1526 4209 sequutum
1559 4148 1640 4194 est
1660 4157 1674 4203 ;
1697 4154 1760 4194 ac

192 4241 410 4291 rursum,
447 4228 647 4284 Educet
692 4241 866 4296 terra;
905 4241 977 4300 et,
1007 4230 1241 4286 Educant
1279 4249 1457 4304 aquae;
1487 4241 1570 4296 et,
1604 4232 1759 4287 Fiant

189 4318 465 4374 luminaria.
494 4320 749 4392 Multique
771 4322 928 4377 fuerit
956 4323 1232 4392 temporis,
1250 4323 1425 4378 omnia
1445 4340 1564 4395 qua:
1583 4324 1758 4380 Verbo

192 4407 318 4461 laeta
343 4421 462 4465 sunt
481 4427 622 4466 nunc
651 4427 900 4467 sermone
927 4415 1194 4484 prosequi.
1219 4413 1288 4470 Ut
1316 4415 1458 4470 enim
1489 4416 1758 4485 antiquam

191 4501 324 4556 illam
351 4505 675 4559 creationem
703 4507 994 4570 mittamus,
1019 4506 1130 4576 jam
1154 4508 1429 4562 veniamus
1457 4507 1524 4563 ad
1550 4523 1612 4563 ea
1638 4524 1758 4576 qua:

191 4593 239 4647 in
267 4595 406 4651 Novo
437 4596 779 4653 Testamento
806 4599 921 4654 solo
949 4598 1128 4655 Verbo
1147 4600 1214 4655 ab
1233 4616 1299 4655 eo
1324 4610 1448 4656 sunt
1473 4601 1630 4656 facta.
1663 4602 1759 4656 llic

189 4700 406 4758 namque
428 4700 508 4743 est
529 4691 617 4760 qui
641 4697 819 4745 vetera
844 4691 1062 4756 creavit,
1083 4700 1137 4746 et
1153 4707 1290 4747 nova
1318 4691 1444 4748 fecit
1465 4693 1754 4748 secundum

188 4774 432 4834 Joannem
473 4781 736 4836 (ilt'cltlcm
770 4798 784 4835 :
835 4784 1020 4835 Omnia
1049 4799 1137 4853 per
1166 4783 1330 4853 ipsum
1373 4787 1507 4856 facta
1530 4795 1688 4852 sunt,
1714 4797 1762 4842 et

188 4870 287 4924 sine
321 4871 430 4940 ipso
473 4875 664 4940 [aetum
706 4882 778 4927 est
825 4874 954 4928 nihil
1000 4873 1020 4946 (
1044 4873 1199 4929 Joan.
1228 4877 1276 4930 l.
1306 4874 1404 4946 '5).
1433 4877 1562 4944 Quae
1604 4877 1764 4947 igitur

187 4965 350 5017 oratio
378 4965 492 5019 hmc
522 4975 770 5023 accurate
802 4966 1051 5037 prosequi
1101 4967 1313 5036 possit?
1342 4968 1444 5023 Sed
1490 4969 1644 5025 serici
1675 4974 1754 5026 in-

181 5055 449 5111 sistamus.
484 5057 580 5110 llic
624 5058 783 5127 igitur
823 5058 1248 5127 sapientissimus
1284 5058 1540 5122 Creator,
1565 5069 1622 5113 ut
1652 5060 1760 5129 jam

183 5146 428 5215 diximus,
455 5150 597 5220 quod
630 5153 858 5220 primum
904 5151 1137 5216 fecerat,
1167 5149 1270 5206 hoc
1309 5161 1364 5207 et
1390 5153 1638 5218 ornavit;
1677 5153 1762 5207 hic

193 5239 339 5295 etiam
370 5240 447 5306 id,
479 5242 623 5311 quod
664 5243 956 5299 secundum
1000 5243 1192 5298 factum
1227 5243 1430 5312 fuerat,
1463 5245 1649 5301 ordine
1679 5261 1764 5303 se-

199 5335 418 5390 cundum
440 5339 757 5401 exornavit;
791 5339 1034 5411 itemque.
1053 5337 1290 5403 tertium,
1323 5346 1566 5407 quartum
1593 5349 1648 5393 et
1674 5355 1764 5396 re-

194 5417 322 5494 liqua
350 5426 609 5496 deinceps
635 5426 814 5481 omnia
856 5426 1149 5482 secundum
1189 5427 1430 5481 ordinem
1475 5430 1761 5484 creationis

191 5522 371 5571 ornatu
395 5532 497 5572 suo
525 5516 819 5572 decoravit.
839 5517 955 5587 Quo
977 5527 1155 5573 autem
1172 5517 1350 5572 animo
1370 5517 1421 5571 id
1452 5519 1613 5573 fecit?
1634 5535 1758 5573 num

191 5597 414 5664 'Onasse
439 5609 628 5665 volens
659 5609 855 5664 docere
885 5625 1000 5676 nos,
1016 5618 1073 5665 ut
1092 5609 1476 5666 elementorum
1506 5611 1761 5667 terminos

187 5698 441 5767 colemus,
489 5700 836 5772 ordinemque
877 5703 1262 5774 agnoscamus?
1289 5701 1464 5758 Primo
1501 5702 1658 5773 igitur
1684 5703 1760 5760 fe-

1225 247 1314 303 DE
1345 245 1557 307 MUNDI
1596 245 1983 334 CREATIONE
2021 250 2273 308 ORATIO
2313 253 2396 310 IV.

3379 267 3493 321 “58'-

1895 362 1964 415 eit
1993 364 2178 419 ca-lum
2233 369 2512 439 superius;
2545 372 2777 425 secundo
2829 383 3056 440 terram;
3112 379 3264 432 tertio
3291 378 3473 435 ﬁrma-

1892 464 2161 521 mentum;
2187 467 2376 525 quarto
2402 463 2697 530 segregavit
2723 478 2907 532 aquas.
2947 467 3096 532 Quod
3135 469 3366 536 primum
3393 472 3467 524 fe-

1891 545 1981 610 cit,
2015 547 2242 614 primttm
2271 551 2499 604 ornavit.
2532 553 2810 618 Quomodo
2839 571 3000 626 ergo,
3035 557 3179 613 dicet
3205 561 3466 630 quispiam

1888 649 1951 689 ex
1985 637 2413 706 studiosiorihus,
2442 658 2560 696 cum
2591 646 2819 698 secunda
2851 659 2993 702 esset
3033 659 3200 715 terra,
3241 654 3462 720 primam

1889 728 2026 781 illam
2055 733 2295 785 ornavit?
2333 750 2394 787 ac
2419 737 2567 804 quasi
2609 753 2786 792 secum
2821 751 3082 810 pugnante
3123 745 3457 810 narratione,

1873 836 2173 900 coarguere
2203 825 2360 880 volet.
2390 826 2492 898 ipsi
2524 831 2972 900 ι’θεροιιάθιιιίιιιιι,
2998 834 3128 889 nihil
3160 851 3340 892 secum
3372 855 3467 908 pu-

1882 929 2049 983 gnans
2077 931 2104 968 a
2137 917 2290 971 nobis
2322 917 2374 973 in
2409 923 2658 989 pra‘senti
2688 924 2884 979 dictum
2911 926 3072 982 fuisse
3094 970 3109 995 ,
3144 927 3237 984 sed
3260 933 3462 985 oratio-

1885 1023 2003 1058 m-m
2049 1007 2146 1060 sibi
2179 1011 2398 1065 omnino
2425 1028 2543 1068 esse
2576 1017 3020 1074 consentientem.
3054 1021 3182 1075 Nam
3210 1032 3332 1078 ante
3363 1023 3466 1078 hoc

1887 1099 2303 1168 lirmamentum,
2331 1103 2470 1173 quod
2501 1114 2622 1174 post
2645 1108 2828 1162 caelum
2857 1113 3102 1180 superius
3129 1114 3319 1169 factmn
3347 1124 3458 1181 est,

1881 1196 2040 1254 atque
2087 1192 2319 1247 secunda
2366 1194 2453 1250 die
2502 1199 2885 1264 constitutum,
2929 1213 3112 1257 ornata
3162 1215 3297 1260 terra
3343 1206 3460 1262 fuit.

1883 1280 2175 1348 Oportebat
2197 1285 2336 1338 enint
2365 1287 2569 1342 ordinis
2598 1291 2792 1345 seriem
2821 1295 3046 1348 servari.
3091 1296 3222 1350 Cum
3266 1309 3460 1354 terram

1883 1371 2076 1440 plantis
2101 1383 2154 1428 et
2177 1374 2434 1432 fructibus
2461 1391 2728 1448 ornasset,
2763 1399 2885 1441 cum
2911 1389 3103 1442 cazlum
3134 1392 3264 1455 sole,
3299 1394 3419 1448 luna
3448 1435 3462 1458 ,

1878 1479 1941 1518 ac
1969 1465 2174 1534 reliquo
2201 1468 2475 1524 stellarum
2501 1473 2665 1528 choro
2694 1475 3022 1546 decorasset,
3054 1481 3118 1534 ad
3141 1499 3304 1552 aquas
3334 1500 3460 1554 pro-

1878 1560 2061 1614 cessit.
2095 1562 2162 1615 Et
2190 1564 2315 1633 quid
2345 1565 2581 1623 historiae
2623 1571 2891 1640 scriptor?
2919 1573 2984 1627 Et
3014 1576 3143 1629 dixit
3172 1577 3310 1632 Deus
3331 1621 3345 1644 ,
3383 1581 3461 1633 itt-

1876 1651 2022 1718 quit,
2057 1652 2287 1708 Educant
2338 1674 2481 1724 aqua:
2525 1662 2725 1730 reptilia
2767 1664 3051 1720 animarum
3095 1669 3380 1737 viventium,
3413 1681 3460 1728 et

1876 1755 1990 1794 aves
2029 1743 2252 1798 volantes
2294 1764 2446 1816 super
2492 1759 2711 1814 terram,
2763 1754 3037 1808 secundum
3082 1757 3487 1825 ﬁrmamentum.

1875 1835 1988 1888 ειτιὶ
2015 1835 2035 1905 (
2065 1836 2189 1891 Gen.
2217 1840 2267 1893 1.
2300 1838 2371 1894 20
2398 1841 2440 1912 ).
2475 1841 2609 1898 Vide
2631 1843 2725 1898 Dei
2755 1858 3080 1913 sermonem,
3113 1863 3274 1918 opera
3302 1851 3457 1906 dictis

1875 1926 2183 2003 addentem,
2235 1939 2290 1985 et
2320 1932 2481 1987 verba
2536 1934 2588 1988 in
2625 1950 2785 2005 opera
2830 1947 3143 1995 vertentem.
3177 1940 3312 1998 Vide
3357 1943 3452 1998 Dei

1873 2019 2105 2090 syllabas
2131 2022 2400 2094 verbaque
2425 2025 2630 2093 brevia,
2663 2027 2840 2084 divina
2876 2031 3083 2089 virtute.
3106 2034 3282 2104 plena.
3308 2035 3455 2092 Edu—

1873 2123 1989 2167 caut
2016 2131 2200 2186 aqute:
2227 2131 2405 2173 sermo
2432 2119 2584 2174 labor
2608 2131 2819 2192 etopus
2837 2123 2930 2179 Dei
2961 2134 3062 2180 est.
3089 2127 3333 2184 Arbitror
3355 2145 3454 2200 ego

1872 2220 2032 2276 Opera
2082 2223 2384 2266 sermonem
2412 2215 2804 2271 antevertisse:
2851 2217 3086 2275 velocior
3126 2221 3271 2276 enim
3299 2222 3454 2278 dictis

1873 2301 2107 2370 potentia
2151 2302 2398 2384 Nondum
2427 2307 2662 2375 prolatus
2681 2324 2861 2364 sermo
2883 2310 3073 2380 fuerat,
3091 2323 3142 2367 et
3171 2329 3305 2384 cpns
3333 2330 3455 2384 pro-

1871 2391 2043 2460 prium
2075 2383 2371 2464 accipiebat
2397 2407 2642 2452 ornatum
2671 2416 2687 2456 :
2721 2401 2969 2473 quodque
2991 2403 3183 2459 mirum
3209 2383 3312 2473 est,
3337 2383 3455 2462 sin-

1869 2484 2006 2554 gulis
2031 2485 2178 2544 hisce
2202 2488 2649 2566 elementisDeus
2686 2494 2951 2564 duplicem
2986 2500 3258 2568 praebebat
3297 2519 3453 2557 orna-

1874 2585 2002 2632 tum.
2063 2577 2217 2634 Dedit
2265 2580 2598 2638 firmamento
2657 2586 2936 2644 luminaria
2982 2598 3046 2646 et
3091 2607 3287 2649 rorem.
3343 2595 3452 2650 lmo

1872 2669 2032 2721 etiam
2079 2668 2267 2725 horum
2316 2673 2656 2731 luminarium
2689 2678 2934 2736 diversus
2973 2693 3090 2738 erat
3116 2701 3279 2754 usus;
3307 2697 3364 2742 ut
3385 2704 3449 2744 ex

1873 2757 2000 2827 ipsis
2027 2759 2315 2832 Scripturze
2362 2766 2518 2822 dictis
2564 2780 2811 2836 constat,
2839 2772 2906 2828 de
2935 2775 3126 2844 quibus
3153 2793 3250 2848 pro
3292 2780 3449 2846 virili,

1871 2849 1970 2903 etsi
2017 2866 2124 2906 non
2167 2869 2266 2923 pro
2309 2855 2598 2926 dignitate,
2641 2877 2813 2932 nuper
2844 2865 3008 2920 verba
3042 2865 3297 2937 fecimus,
3329 2886 3450 2926 cum

1875 2942 2027 2998 vobis
2052 2942 2243 3000 borum
2275 2948 2532 3005 rationem
2567 2954 2966 3023 exponebamus
2997 2972 3012 3011 :
3043 2958 3112 3014 de
3137 2962 3328 3030 quibus
3355 2965 3453 3018 ite-

1868 3050 1986 3089 rum
2017 3036 2070 3090 in
2092 3041 2343 3107 praesenti
2389 3058 2692 3101 sermonem
2726 3040 2921 3105 habere
2951 3051 3138 3108 inutile
3164 3054 3319 3112 foret.

1936 3127 1992 3181 2.
2032 3127 2170 3184 Deus
2197 3134 2451 3198 praterita
2473 3175 2487 3198 ,
2521 3139 2787 3204 pra-sentio
2815 3149 2862 3194 et
2889 3145 3064 3212 futura
3090 3145 3238 3199 videt.
3267 3145 3450 3216 Bapti-

1865 3234 2001 3274 smus
2039 3222 2335 3278 emundata
2375 3228 2590 3293 peccatis
2627 3230 2874 3285 omnibus.
2916 3231 3164 3304 Baptismi
3204 3237 3369 3307 ﬁgura
3403 3250 3450 3292 et

1865 3313 1957 3367 vis.
1983 3343 2055 3353 -—
2084 3314 2264 3371 Terra:
2290 3319 2490 3373 semina
2521 3320 2668 3376 dedit
2696 3332 2750 3377 et
2780 3324 2984 3392 plantas
3009 3345 3022 3390 ;
3053 3329 3227 3398 aquis,
3255 3331 3449 3386 natati-

1866 3405 1935 3460 lia
1963 3415 2016 3461 et
2045 3407 2297 3464 volatilia.
2325 3410 2557 3466 Edacant
2576 3430 2720 3482 aqua:
2745 3417 2945 3486 reptilia
2969 3419 3255 3474 animarum
3281 3423 3446 3475 viven-

1867 3498 1989 3551 tium
2013 3539 2026 3562 ,
2058 3509 2103 3552 et
2129 3501 2354 3556 volatilia
2383 3503 2623 3558 volantia.
2655 3505 2882 3575 lleptilia
2914 3509 3086 3577 pisces
3110 3519 3262 3565 vocat
3283 3515 3443 3582 ,quia

1867 3589 2040 3656 potius
2079 3601 2311 3660 repunt,
2351 3609 2506 3663 quam
2546 3596 2838 3652 ambulant.
2873 3600 3228 3664 Quamobrem
3259 3602 3467 3658 beatus~

1866 3678 2029 3734 David
2070 3679 2427 3758 legislagorem
2463 3701 2691 3756 sequens
2733 3689 2807 3742 ait
2837 3706 2850 3743 :
2885 3671 3169 3746 Hocimare
3208 3710 3446 3765 magnum

1865 3779 1911 3824 et
1955 3773 2234 3840 spatiosum
2267 3793 2286 3828 :
2313 3773 2421 3827 illic
2456 3776 2659 3846 reptilia
2700 3795 2912 3848 quorum
2957 3798 3058 3836 non
3099 3791 3173 3837 est
3213 3801 3445 3839 nwuerus

1866 3865 1883 3934 (
1909 3864 2051 3919 I’sal.
2081 3865 2202 3922 103.
2231 3867 2302 3922 25
2323 3867 2363 3939 ).
2394 3867 2526 3923 Rem
2551 3871 2866 3940 stupendam
2898 3875 2911 3927 !
2953 3875 3281 3944 stupendum
3299 3878 3445 3932 ordi-

1865 3957 2029 4010 nem!
2076 3957 2320 4028 stupendi
2367 3959 2514 4014 verbi
2557 3961 3000 4030 promissionem!
3042 3966 3268 4033 Quare?
3315 3968 3445 4034 Quia

1864 4047 2102 4102 omnium
2133 4048 2320 4119 Opifex
2349 4058 2470 4116 est;
2501 4052 2578 4106 sic
2616 4067 2724 4122 pra:
2754 4054 2922 4108 oculis
2953 4054 3112 4110 habet
3139 4059 3403 4126 praeterita
3431 4101 3444 4119 ,

1863 4139 2144 4208 prtesentia
2176 4148 2231 4196 et
2272 4140 2442 4194 futura
2470 4183 2485 4206 ,
2529 4151 2584 4196 ut
2624 4159 2794 4215 neque
2828 4159 2926 4199 nos
2962 4161 3024 4201 ea
3055 4148 3164 4217 ipsa
3191 4165 3308 4219 qua:
3337 4166 3446 4221 pra-

1864 4233 2032 4287 oculis
2053 4242 2191 4287 sunt.
2216 4233 2346 4300 Quia
2375 4234 2532 4304 igitur
2558 4251 2650 4306 per
2674 4252 2838 4310 aquas
2862 4239 3032 4308 primo
3059 4240 3217 4296 vitam
3249 4244 3446 4298 mundo

1864 4325 2084 4382 daturus
2112 4335 2246 4392 erat,
2277 4328 2446 4396 primo
2475 4329 2628 4398 aquis
2658 4331 2918 4402 praecipit,
2946 4342 3005 4387 ut
3031 4333 3319 4403 viviparam
3350 4352 3444 4390 na-

1867 4427 2039 4472 turam
2071 4418 2364 4488 producant
2394 4437 2406 4474 :
2442 4428 2497 4474 ut
2521 4420 2696 4477 discas
2727 4422 2865 4478 unde
2893 4424 3044 4480 radix
3072 4425 3190 4480 vitze
3219 4427 3307 4482 sit.
3338 4429 3444 4500 Ego

1865 4527 1987 4566 cum
2015 4510 2170 4567 video
2199 4527 2294 4568 eos
2335 4513 2424 4584 qui
2465 4513 2748 4569 illuminati
2779 4514 2929 4572 fuere
2971 4533 3040 4572 ex
3069 4519 3264 4574 sanctis
3293 4522 3443 4591 aquis

1865 4605 2030 4668 exire,
2054 4604 2143 4672 qui
2168 4603 2221 4657 in
2248 4603 2567 4674 baptismum
2589 4622 2709 4660 cum
2737 4607 2917 4662 multis
2936 4608 3090 4663 malis
3109 4611 3257 4680 quasi
3285 4613 3443 4680 repti~

1865 4693 1934 4747 lia
1960 4693 2182 4763 ingressi
2208 4703 2350 4759 sunt,
2381 4703 2434 4749 et
2460 4712 2580 4750 curn
2608 4697 2711 4751 vita
2741 4707 2940 4752 aeterna
2968 4709 3090 4753 sunt
3126 4701 3345 4770 egressi,
3371 4704 3448 4756 vi-

1866 4785 1965 4838 deo
1995 4783 2372 4854 Legislatorem
2413 4786 2676 4842 dicentem
2708 4807 2720 4841 :
2755 4788 2992 4843 Educant
3024 4806 3175 4860 aqua:
3205 4808 3266 4847 ea
3287 4835 3302 4859 ,
3334 4812 3450 4866 quas

1868 4888 1990 4933 tunc
2013 4879 2220 4946 reptilia
2241 4888 2412 4943 erant,
2443 4897 2582 4933 nunc
2610 4881 2784 4934 anima
2808 4884 2988 4937 vivens
3008 4894 3152 4938 sunt.
3177 4885 3448 4944 Undenam

1868 4972 1968 5026 hoc
1993 4970 2149 5026 nobis
2177 4972 2350 5042 palam
2382 4973 2520 5026 erit?
2551 4973 2684 5039 Quia
2728 4974 2760 5027 ii
2789 4975 2878 5044 qui
2908 4976 3169 5032 accedunt
3213 4980 3279 5032 ad
3312 4981 3454 5036 lava-

1865 5079 2014 5118 crum
2044 5063 2097 5118 in
2125 5063 2301 5133 priora
2343 5074 2555 5133 peccata
2580 5106 2594 5129 ,
2623 5066 2888 5136 reptilinm
2929 5085 3122 5126 nomen
3154 5074 3448 5144 accipiunt.

1869 5154 2134 5211 Exierunt
2159 5157 2309 5211 multi
2337 5157 2402 5212 ad
2434 5158 2757 5226 baptismum
2780 5160 3001 5217 Joannis
3031 5181 3048 5216 ι
3077 5167 3452 5223 accedentibus

1865 5245 1994 5302 dicit
2024 5265 2038 5302 :
2073 5248 2377 5317 Serpentes,
2419 5251 2675 5321 genimina
2717 5254 3000 5323 viperarum
3029 5298 3045 5325 ,
3081 5261 3192 5330 quis
3234 5261 3450 5315 ostendit

1867 5339 2002 5392 vobis
2026 5342 2198 5410 fugere
2219 5357 2252 5393 a
2272 5351 2479 5396 ventura
2509 5345 2587 5396 ira
2615 5346 2634 5415 (
2657 5345 2841 5402 Matth.
2868 5348 2920 5403 3.
2947 5350 3014 5422 7)
3038 5351 3062 5405 ?
3089 5353 3219 5407 Cum
3251 5349 3450 5414 anima,

1867 5445 1984 5498 quae
2001 5432 2179 5485 multis
2201 5431 2358 5486 annis
2388 5434 2440 5487 in
2475 5437 2704 5506 nequitia
2733 5439 2900 5507 vixit,
2935 5441 2986 5495 in
3019 5442 3337 5511 baptismum
3370 5441 3449 5493 in-

1871 5531 1974 5574 trat
2001 5563 2015 5584 ,
2055 5531 2108 5577 et
2147 5522 2484 5594 improbitate
2523 5526 2760 5597 deposita
2801 5532 3090 5601 egreditur,
3120 5529 3238 5584 vide
3276 5547 3451 5586 annon

1869 5613 2117 5682 operibus
2142 5617 2477 5685 reSplendeat
2501 5617 2588 5673 illa
2612 5636 2712 5674 vox
2737 5620 3022 5686 dominica,
3051 5636 3167 5690 qu:e
3193 5620 3288 5684 ait,
3316 5620 3453 5677 Edu-

1874 5713 1988 5759 cant
2013 5721 2159 5776 aqua
2186 5707 2388 5780 rtptilia
2413 5711 2694 5765 animarum
2725 5710 3009 5780 viventium,
3044 5721 3088 5767 st
3117 5711 3340 5767 volatiiiu
3367 5731 3454 5768 uo—
