3982 6198
487 279 592 334 459

484 398 689 452 Iantia.’
720 395 987 464 Duphcem
1039 405 1265 460 namque
1307 389 1530 460 gratiam
1558 387 1752 458 accipit
1777 387 1824 440 is
1850 387 1936 457 qui
1968 402 2060 440 sa-

459 471 646 542 :lutem
677 484 1040 555 consequitur.
1069 497 1260 552 nempe
1286 491 1340 537 et
1369 479 1664 536 viviﬁcatur
1683 478 1877 545 anima,
1901 487 1954 532 et
1974 495 2066 530 vo-

485 579 639 634 latilis
667 578 913 642 efﬁcitur,
944 584 996 630 et
1021 574 1088 630 ad
1115 574 1366 630 caelorum
1399 572 1632 628 fornices
1661 571 1871 641 attingit
1897 612 1912 636 ,
1941 586 2062 625 cum

485 669 684 742 angelis
711 677 976 733 versatur,
1004 673 1058 721 et
1085 681 1205 720 cum
1233 664 1431 719 czulesti
1459 662 1648 718 ordine
1676 663 1852 717 locum
1883 660 2063 714 habet.

489 762 550 815 Et
579 761 804 815 volatilia
829 759 1050 813 volantia
1078 774 1231 830 super
1252 768 1436 810 terram
1465 754 1738 809 secundum
1767 754 2062 822 ﬁrmamen-

484 863 589 904 tum
613 851 745 905 cazli.
777 848 946 920 Super
966 859 1148 902 terrain
1174 888 1189 914 ,
1217 861 1463 917 corpore,
1493 846 1545 900 in
1573 844 1737 926 caelis,
1769 844 1890 897 vita:
1914 841 2066 896 inSti-

484 951 612 998 tuto.
647 943 770 998 Hzec
797 957 902 998 non
934 958 1030 1012 per
1057 941 1364 1012 allegoriam
1395 939 1694 994 inducimus
1718 977 1733 1002 ,
1768 935 1861 990 sed
1893 937 1945 990 in
1977 935 2062 989 hi-

480 1038 643 1091 storia
669 1035 1054 1106 conspicimus.
1079 1032 1234 1088 Aliud
1263 1041 1344 1087 est
1373 1031 1679 1102 allegoriam
1706 1029 1759 1084 in
1787 1029 2060 1084 historiam

483 1128 535 1182 vi
566 1127 857 1193 inducere;
891 1127 1032 1182 aliud
1072 1125 1290 1181 historia
1321 1133 1527 1179 servata
1557 1123 1864 1191 allegoriam
1895 1136 2062 1176 excoc

479 1218 666 1288 gitare.
705 1219 882 1286 Atque
917 1225 976 1271 ut
1012 1214 1261 1271 ostendat
1301 1229 1360 1268 se
1389 1213 1598 1284 reptilia
1624 1213 1800 1267 dicere
1827 1212 2062 1267 volatilia

482 1319 708 1377 pennata
732 1349 746 1372 ,
776 1322 895 1376 quze
924 1315 1047 1360 sunt
1086 1307 1137 1360 in
1175 1304 1306 1359 mari
1330 1345 1344 1369 ,
1371 1303 1550 1359 subdit
1574 1321 1589 1369 ;
1629 1323 1648 1357 ι
1677 1304 1742 1358 Et
1771 1304 1893 1358 fecit
1923 1304 2062 1359 Deus

480 1409 597 1452 rete
622 1397 862 1469 grandia,
892 1407 946 1452 et
973 1396 1447 1452 omnem’animam
1473 1395 1738 1451 viventem
1769 1397 2059 1466 reptilium,

477 1505 594 1558 quae
617 1488 797 1544 eduxit
818 1503 953 1558 aqua
975 1505 988 1551 ;
1011 1495 1065 1541 et
1089 1486 1300 1541 volatile
1329 1493 1616 1556 pcnnatum
1644 1505 1662 1537 ι
1699 1485 1847 1556 (Gen.
1873 1486 1924 1540 1.
1945 1486 2055 1557 21).

482 1579 644 1633 Estne
673 1593 800 1648 ergo
836 1577 1048 1632 volatile
1085 1592 1191 1632 non
1229 1577 1559 1646 pennatam?
1602 1576 1728 1648 quid
1770 1592 1903 1647 opus
1945 1587 2063 1633 erat

479 1668 676 1732 dicere,
708 1667 925 1721 Volatile
953 1667 1273 1737 pennatam?
1301 1667 1491 1722 Volare
1519 1666 1606 1723 hic
1625 1666 1818 1722 dicitur
1845 1667 1896 1723 id
1918 1669 2059 1740 quod

479 1767 560 1813 cst
605 1758 907 1828 expandere
953 1772 1163 1813 manus.
1218 1758 1402 1813 Potest
1443 1759 1604 1814 etiam
1654 1759 1774 1829 quis
1816 1760 2061 1815 manibus

477 1857 725 1918 πετᾶςθαι,
755 1859 812 1905 ut
837 1850 911 1904 ait
937 1849 1196 1920 prOpheta
1221 1868 1234 1904 :
1267 1849 1394 1904 Tota
1419 1851 1501 1904 die
1518 1857 1775 1917 ἐξεπέτασα
1793 1890 1809 1918 ,
1837 1851 2059 1908 exaandi

477 1957 654 1994 manus
681 1957 819 1996 meas
841 1941 909 1993 ad
931 1943 1174 2011 populum
1201 1958 1303 1996 non
1329 1941 1611 1996 credentem
1636 1952 1684 1997 et
1706 1944 2058 1997 contradicen-

477 2045 572 2086 tem
603 2031 756 2105 (lsai.
788 2033 874 2089 65.
900 2033 959 2106 2)
994 2052 1008 2089 :
1038 2050 1142 2089 non
1172 2033 1311 2104 quod
1341 2049 1530 2088 manus
1557 2048 1764 2104 pennas
1789 2034 2056 2102 habeant,

476 2125 567 2178 sed
590 2125 713 2195 quia
734 2134 961 2180 τητᾶσθαι
982 2125 1281 2196 expandere
1298 2125 1578 2196 signiﬁcat.
1601 2125 1750 2194 Quod
1777 2127 1913 2196 repit
1932 2143 2059 2198 ergo

477 2216 688 2271 volatile
710 2216 810 2291 dici
843 2225 1032 2287 potest,
1059 2216 1199 2287 quod
1226 2225 1397 2286 repat,
1416 2230 1578 2286 seque
1598 2215 1894 2287 expandat:
1919 2218 2060 2273 unde

475 2319 528 2364 et
555 2309 718 2364 David
745 2310 820 2365 ait
848 2327 863 2369 :
895 2309 1164 2380 Serpentes
1190 2319 1237 2364 et
1256 2309 1482 2364 volatilia
1506 2315 1746 2381 pennata.
1772 2309 1916 2365 Fecit
1931 2325 2058 2381 ergo

480 2401 612 2456 Dens
649 2411 755 2458 cete
792 2403 1006 2474 grandia
1052 2403 1070 2473 (
1097 2401 1188 2456 Ps.
1218 2401 1342 2457 148.
1374 2400 1480 2473 10)
1511 2417 1526 2468 ;
1558 2401 1612 2456 id
1639 2410 1722 2458 est
1749 2443 1765 2469 ,
1797 2401 2058 2460 dracones

477 2507 696 2562 magnos
735 2493 789 2547 in
836 2493 989 2546 mari.
1043 2491 1250 2563 Reliqui
1296 2493 1438 2547 enim
1483 2493 1800 2561 interpretes
1826 2493 2053 2548 dicunt:

485 2586 620 2640 ("ecit
645 2584 783 2640 Deus
822 2585 1062 2638 dracones
1091 2600 1299 2654 magnos
1325 2583 1422 2653 (a).
1467 2583 1585 2638 Non
1613 2584 1886 2650 dixerunt,
1919 2583 2053 2651 Cete,

475 2677 591 2742 sed,
622 2678 896 2731 Dracones.
925 2675 1062 2730 Nthl
1095 2675 1147 2729 in
1175 2689 1307 2729 man
1336 2673 1531 2730 factum
1557 2684 1639 2730 est
1663 2675 1803 2730 inter
1826 2675 2055 2731 viventia

479 2768 624 2834 prius
653 2782 811 2837 quam
841 2767 1022 2821 draco.
1053 2764 1178 2821 Ideo
1207 2764 1282 2819 ait
1309 2764 1474 2820 David
1503 2783 1517 2820 :
1552 2783 1571 2816 ε
1606 2765 1840 2820 Laudate
1871 2766 2056 2820 Domi-

479 2875 600 2914 num
622 2859 689 2914 de
706 2867 865 2926 terra,
883 2857 1144 2914 dracones
1159 2867 1213 2913 et
1231 2871 1416 2913 omnes
1429 2857 1604 2934 abyssi
1625 2877 1644 2911 ι
1669 2857 1786 2932 (Ps.
1810 2859 1931 2915 MS.
1961 2861 2017 2930 7)
2038 2877 2052 2925 ;

477 2963 529 3008 ct
557 2953 681 3008 alibi
711 2971 724 3007 :
761 2971 779 3006 ι
807 2953 919 3008 Hoc
952 2967 1100 3008 mare
1125 2967 1373 3023 magnum
1396 2961 1450 3008 et
1474 2952 1764 3022 Spatiosum
1786 2995 1801 3019 ,
1832 2953 1938 3009 illic
1967 2970 2054 3009 re-

477 3045 621 3113 ptilia
646 3059 873 3115 quorum
903 3058 1007 3098 non
1032 3052 1115 3100 est
1134 3059 1385 3099 numerus
1409 3059 1426 3102 :
1450 3045 1698 3100 animalia
1725 3046 1912 3116 pusilla
1933 3061 2055 3101 cum

478 3138 677 3209 magnis
706 3155 720 3193 :
749 3138 857 3193 illic
881 3153 1042 3193 naves
1071 3136 1486 3206 pertransibunt.
1529 3137 1699 3191 Draco
1729 3137 1829 3192 iste
1850 3179 1863 3200 ,
1892 3155 2050 3208 quem

476 3227 710 3283 formasti
759 3227 824 3283 ad
869 3228 1196 3284 illudeudum
1235 3228 1284 3282 ei
1312 3246 1332 3281 ι
1379 3226 1514 3296 (Ps.
1546 3226 1672 3286 105.
1700 3228 1791 3284 25.
1818 3227 1953 3298 26).
1988 3231 2054 3284 Et

473 3317 597 3370 alibi
625 3326 681 3370 ut
707 3317 956 3371 ostendat
985 3334 1090 3371 non
1121 3332 1316 3381 unum,
1350 3317 1444 3372 sed
1473 3317 1669 3372 multos
1697 3317 1766 3372 ibi
1793 3317 2054 3375 dracones

476 3422 594 3463 esse
612 3450 625 3473 ,
655 3410 727 3463 ait
756 3424 773 3461 :
798 3407 879 3462 Tu
907 3410 1185 3463 contrivisti
1207 3411 1374 3478 capita
1395 3409 1670 3463 draconum
1698 3410 1750 3463 in
1774 3427 1904 3481 aqua
1933 3410 2051 3483 (Ps.

474 3487 701 3570 75.13).
734 3497 876 3552 Fecit
904 3499 1061 3568 igitur
1087 3509 1192 3553 cete
1219 3499 1453 3570 grandia.
1484 3499 1550 3554 Et
1576 3501 1698 3553 vidit
1729 3499 1865 3554 Deus
1887 3541 1902 3566 ,
1934 3503 2054 3571 quia

472 3591 640 3644 omnia
669 3589 818 3643 bona.
848 3589 1025 3658 Quare
1053 3589 1221 3656 dixit,
1260 3589 1407 3643 Bona
1426 3592 1451 3644 .9
1477 3591 1730 3660 numquid
1760 3591 1896 3645 bona
1929 3607 2053 3662 pro-

474 3693 591 3753 pter
617 3681 1057 3738 multitudinem?
1082 3681 1240 3751 Atqui
1271 3682 1483 3752 quando
1511 3682 1693 3736 stellas
1725 3682 1850 3737 fecit
1877 3691 1934 3738 et
1961 3697 2052 3738 so-

474 3783 574 3830 tcm
605 3783 662 3831 et
688 3774 868 3830 lunam
893 3816 909 3840 ,
945 3775 1111 3829 multa
1153 3775 1278 3830 licet
1315 3784 1494 3830 essent
1524 3791 1647 3846 quae
1676 3775 1810 3829 facta
1843 3777 2055 3832 fuerant

469 3867 628 3923 dicit:
665 3867 800 3922 Vidit
821 3867 958 3922 Deus
976 3869 1112 3938 quod
1125 3878 1250 3924 esset
1276 3867 1458 3922 bonum
1481 3866 1634 3940 (Gen.
1664 3869 1850 3940 1.10).
1877 3869 2054 3926 Multa:

469 3967 593 4014 sunt
616 3959 810 4026 stellae,
832 3974 1120 4030 earumque
1153 3960 1314 4014 millia
1344 3960 1653 4016 innumera:
1675 3977 1846 4032 neque
1875 3970 2050 4019 tamen

468 4051 636 4105 dixit:
659 4049 800 4105 Vidit
823 4051 963 4105 Deus
986 4050 1126 4121 quod
1157 4049 1294 4105 bona
1317 4061 1534 4117 essent;
1568 4053 1659 4107 sed
1695 4052 1844 4120 Quod
1866 4055 2052 4108 bonum

466 4153 610 4198 esset.
635 4143 849 4212 Quare?
871 4143 1002 4212 Quia
1023 4144 1122 4200 etsi
1141 4144 1302 4199 multa
1328 4145 1632 4214 luminaria,
1657 4161 1724 4202 ex
1746 4162 1848 4202 una
1873 4157 2048 4204 tamen

465 4235 584 4290 luce
612 4245 756 4302 sunt,
790 4243 844 4290 et
867 4235 932 4289 ad
963 4236 1209 4291 eumdem
1241 4237 1421 4290 omnia
1446 4252 1600 4292 usum
1631 4254 1644 4290 :
1677 4252 1800 4292 nam
1830 4239 1897 4293 ad
1922 4239 2048 4295 illu-

467 4327 772 4382 minandum
811 4328 982 4398 posita
1021 4337 1164 4382 sunt.
1197 4327 1295 4384 Hic
1317 4343 1446 4384 vero
1473 4328 1598 4399 quia
1638 4328 1824 4397 ingens
1848 4339 1930 4386 est
1957 4346 2051 4386 re-

465 4420 668 4487 ptilium
697 4417 994 4474 differentia
1018 4459 1036 4486 ,
1061 4427 1115 4474 et
1139 4419 1453 4486 volatilium,
1487 4421 1893 4492 natatiliumque
1926 4421 2047 4494 (alia

462 4511 658 4581 quippe
682 4510 820 4564 ratio
845 4518 930 4565 est
959 4510 1280 4576 natatilium,
1297 4512 1400 4567 alia
1422 4512 1738 4581 volatilium,
1757 4513 1860 4568 alia
1884 4516 2050 4584 repti-

460 4603 634 4672 Iiu-m),
658 4609 712 4656 ct
733 4601 784 4654 in
813 4600 1034 4671 singulis
1061 4601 1344 4671 generibus
1370 4602 1535 4657 multa
1555 4603 1871 4675 diversaque
1900 4613 2046 4674 sunt,

457 4694 582 4749 dicit
607 4711 618 4746 :
659 4691 798 4747 Vidit
826 4691 964 4747 Deus
984 4692 1120 4762 quod
1143 4702 1304 4746 essent
1328 4692 1478 4747 bona.
1504 4693 1610 4748 Pro
1635 4699 1889 4749 varietate
1917 4709 2052 4766 ope-

455 4803 571 4841 rum
611 4786 726 4840 laus
767 4787 1026 4856 sequitur.
1060 4784 1126 4839 Et
1155 4783 1404 4839 benedixit
1433 4802 1492 4839 ea
1518 4784 1655 4841 Deus
1681 4786 1892 4842 dicens:
1917 4785 2044 4843 Cre-

455 4879 576 4931 scite
602 4887 650 4932 et
670 4877 1097 4947 multiplicamini,
1118 4887 1165 4931 et
1183 4877 1369 4948 replete
1389 4894 1572 4946 aquas,
1599 4887 1644 4931 et
1668 4878 1894 4932 volatilia
1915 4880 2048 4933 mul-

457 4971 748 5040 tiplicantur
777 4969 927 5043 (Gen.
962 4971 1012 5025 1.
1039 4969 1152 5042 22).

527 5061 578 5115 ὖ.
603 5060 775 5114 Stcllis
790 5078 880 5114 cur
899 5078 999 5115 non
1017 5061 1322 5116 benedixerit
1341 5059 1577 5115 Deus.—
1597 5059 1706 5116 Cur
1723 5076 1843 5116 cum
1865 5064 2046 5121 stellas

455 5152 596 5211 fecit.
617 5165 720 5205 non
737 5153 1044 5208 benedixit?
1065 5168 1161 5208 cur
1175 5168 1296 5208 cum
1319 5153 1508 5208 herbas
1526 5163 1581 5208 et
1602 5152 1739 5223 ligna
1768 5153 1914 5220 fecit,
1942 5172 2044 5209 non

457 5243 882 5299 honedixit?Alia
901 5243 1193 5312 benedixit,
1207 5246 1305 5300 alia
1322 5261 1425 5300 non
1438 5245 1725 5302 benedicit.
1740 5246 1869 5313 Quae
1886 5261 2044 5301 causa

455 5334 660 5393 virtutis
678 5334 832 5404 hujus
849 5342 1104 5390 creatura:
1122 5336 1251 5390 fuit?
1275 5337 1522 5392 Attende.
1538 5337 1715 5393 Stellae
1733 5346 1862 5408 quot
1889 5337 2043 5392 factae

450 5439 574 5484 sunt
595 5429 662 5483 ab
691 5427 842 5483 initio
858 5471 873 5494 ,
904 5437 983 5482 tot
1009 5439 1266 5496 manent,
1296 5447 1359 5486 ac
1384 5447 1558 5502 neque
1582 5447 1808 5488 numero
1831 5475 1846 5499 ,
1871 5447 2044 5503 neque

452 5521 811 5594 magnitudine
851 5530 1071 5592 possunt
1107 5523 1331 5593 augeri;
1372 5539 1567 5595 nempe
1608 5539 1728 5580 cum
1761 5523 1817 5579 in
1844 5524 2041 5580 identi-

513 5655 586 5715 (ιι)
619 5663 731 5720 ttzec
753 5656 1052 5719 reliquorum
1084 5660 1406 5720 interpretum
1443 5654 1590 5708 lectio
1625 5669 1722 5709 non
1759 5665 1951 5710 notatur
1990 5664 2039 5711 in

456 5716 676 5781 hexaplis
702 5716 894 5769 nostris.
1214 5716 1229 5720 ’
1691 5732 1695 5736 '

1913 272 2282 330 SEVERIANI

3645 292 3744 346 160

2175 396 2283 442 tate
2325 397 2528 444 naturae
2576 404 2934 450 permansurze
2974 403 3188 459 essent,
3228 393 3600 455 benedictione
3638 416 3768 470 qua

2171 480 2312 545 ipsas
2334 479 2709 548 multiplicaret
2735 498 2840 535 non
2864 483 3108 553 egebant.
3139 485 3270 553 Quae
3295 503 3424 541 vero
3447 504 3517 543 ex
3540 506 3750 547 succes-

2169 569 2320 622 sione
2345 580 2625 640 augentur,
2659 587 2754 627 nec
2778 573 2879 627 alio
2912 584 3131 642 possunt
3159 577 3338 646 augeri
3367 579 3529 632 modo
3548 621 3564 647 ,
3593 581 3752 638 bene-

2169 657 2456 714 dictionem
2489 663 2792 716 necessario
2817 666 3170 734 accipiebant.
3201 666 3344 722 Idem
3373 685 3586 725 rursum
3617 672 3748 740 dico,

2171 759 2228 803 ut
2251 750 2448 806 dictum
2476 753 2643 822 magis
2668 754 2913 823 inligatur
2933 758 3116 810 menti.
3139 757 3322 828 Neque
3344 760 3514 827 enim,
3546 760 3746 825 fratres,

2170 841 2369 909 planta,
2393 857 2511 912 quae
2533 852 2732 898 temere
2753 853 2806 899 et
2836 847 3192 914 perfunctorie
3221 849 3274 902 in
3304 857 3464 904 terra:
3495 851 3745 907 scissuras

2169 932 2455 996 inducitur,
2484 933 2689 988 ﬁrmam
2720 935 2878 991 habet
2905 937 3121 1002 sedem;
3168 939 3263 994 sed
3301 956 3421 1010 quae
3453 941 3504 995 in
3538 939 3769 1010 profun-'

2168 1022 2292 1078 dum
2324 1024 2440 1093 ejus
2469 1040 2594 1079 cum
2622 1027 2764 1080 onmi
2793 1027 3064 1098 diligentia
3093 1031 3419 1085 immittitur.
3451 1031 3632 1088 Stellae
3659 1034 3744 1089 be-

2168 1114 2468 1171 nedictione
2492 1131 2627 1186 opus
2655 1133 2760 1172 non
2791 1118 3058 1173 habebant
3087 1138 3101 1175 :
3134 1136 3307 1190 neque
3333 1123 3477 1177 enim
3509 1123 3622 1179 hazc
3651 1126 3745 1182 illis

2169 1205 2554 1276 multiplicandi
2585 1209 2691 1262 vim
2730 1210 3012 1264 tribuebat.
3039 1211 3284 1265 Volatilia
3315 1223 3498 1268 autem
3525 1225 3578 1269 et
3608 1228 3743 1270 nata-

2169 1299 2278 1353 tilia
2308 1308 2465 1368 atque
2501 1300 2662 1354 homo
2704 1300 2842 1356 hanc
2882 1302 3310 1358 benedictionem
3343 1305 3741 1374 desiderabant,

2167 1391 2522 1445 successionis
2541 1407 2720 1446 causa.
2745 1395 2918 1463 Atque
2941 1395 3029 1448 ubi
3059 1396 3215 1451 aliter
3242 1397 3614 1466 multiplicatio
3638 1399 3744 1456 ﬁeri

2167 1483 2369 1552 nequit,
2395 1482 2466 1536 ibi
2493 1482 2668 1538 locum
2699 1483 2857 1539 habet
2885 1486 3221 1542 benedictio:
3252 1488 3339 1542 ubi
3370 1505 3563 1560 nempe
3589 1506 3744 1560 pauca

2167 1572 2607 1643 multiplicantur,
2639 1583 2695 1629 et
2727 1589 2889 1644 parva
2917 1586 3258 1647 augmentum
3287 1578 3592 1634 admittunt.
3619 1582 3745 1648 Quia

2168 1664 2324 1734 igitur
2344 1679 2556 1720 causam
2574 1667 2886 1736 agnovimus
2903 1682 2999 1722 cur
3018 1667 3133 1722 hzrc
3148 1668 3524 1726 benedictione
3543 1672 3746 1743 dignata

2167 1757 2378 1825 fuerint,
2397 1772 2574 1826 operae
2601 1759 2825 1827 pretium
2854 1757 3011 1813 fuerit
3032 1759 3097 1814 ad
3127 1760 3259 1813 alias
3283 1761 3498 1816 demum
3521 1762 3751 1833 Scriptu-

2165 1863 2343 1903 rarum
2379 1849 2636 1905 dictiones
2685 1866 2782 1906 nos
2820 1851 3082 1906 conferre.
3113 1852 3330 1908 Crescite
3354 1895 3369 1920 ,
3399 1856 3518 1923 quia
3552 1871 3748 1925 parva;

2166 1938 2585 2010 Multiplicamini
2607 1981 2622 2006 ,
2654 1942 2775 2011 quia
2807 1951 3013 2012 pauca”;
3047 1942 3266 2012 lmplete
3307 1961 3466 2014 aquas
3490 1987 3504 2012 ,
3538 1953 3658 2016 quia
3699 1949 3750 2003 in

2164 2043 2333 2103 parte.
2364 2031 2593 2089 Necesse
2619 2044 2799 2090 autem
2817 2046 2921 2102 est,
2953 2045 3012 2090 ut
3035 2035 3140 2090 alio
3160 2048 3401 2107 tempore
3426 2055 3749 2108 qumramus,

2162 2138 2258 2176 cur
2284 2125 2458 2192 pisces
2496 2135 2548 2179 et
2576 2124 2809 2180 volatilia
2850 2137 2904 2180 et
2933 2126 3200 2184 hominem
3231 2129 3512 2184 dumtaxat
3538 2132 3753 2187 benedi-

2162 2213 2338 2268 ctione
2361 2213 2607 2282 dignatus
2629 2214 2730 2280 sit;
2753 2217 2961 2271 caeteris
2981 2233 3108 2272 vero
3130 2233 3234 2272 non
3264 2235 3383 2273 eam
3412 2221 3748 2292 imperticrit.

2162 2303 2377 2358 Interim
2403 2313 2580 2359 autem
2605 2345 2622 2370 ,
2654 2315 2711 2360 ut
2740 2306 2960 2376 polliciti
2991 2322 3207 2374 sumus,
3241 2311 3400 2364 seriei
3433 2312 3750 2369 lucreamus.

2161 2394 2229 2448 Et
2251 2395 2378 2450 dixit
2401 2395 2540 2451 Deus
2568 2413 2585 2450 :
2611 2397 2812 2451 Educat
2845 2410 2976 2452 terra
3000 2401 3221 2454 animam
3247 2403 3486 2456 viventem
3516 2405 3670 2474 (Gen.
3699 2408 3748 2462 1.

2159 2486 2271 2557 21).
2288 2486 2505 2542 Terram
2528 2489 2669 2543 Deus
2689 2488 2882 2561 duplici
2901 2491 3298 2548 aflicithonore.
3317 2495 3494 2551 Primo
3509 2498 3652 2553 enim
3667 2499 3753 2554 illa

2163 2579 2364 2632 semina
2394 2580 2558 2650 gignit
2585 2590 2638 2634 et
2667 2582 2892 2650 plantas,
2924 2593 2977 2636 et
3007 2593 3187 2650 postea
3214 2585 3493 2653 animalia;
3520 2605 3620 2644 nec
3641 2593 3755 2648 sine

2161 2685 2342 2736 causa,
2372 2670 2466 2726 sed
2493 2673 2615 2742 quia
2638 2672 2871 2728 hominis
2901 2673 3225 2728 domicilium
3263 2675 3439 2731 futura
3468 2690 3583 2733 erat
3613 2697 3629 2735 :
3662 2698 3752 2736 ne-

2161 2776 2266 2832 que
2293 2761 2346 2816 id
2378 2770 2617 2828 tantum;
2641 2763 2733 2818 sed
2758 2765 2879 2834 quia
2903 2779 2967 2818 ex
2998 2765 3084 2818 illa
3113 2766 3225 2835 ipsa
3252 2765 3416 2823 homo
3439 2769 3751 2826 alimentum

2159 2866 2477 2926 accepturus
2501 2865 2615 2911 erat
2637 2899 2652 2923 ,
2685 2857 2826 2911 illam
2859 2865 2916 2912 ut
2939 2859 3198 2912 nutricem
3229 2868 3283 2913 et
3314 2871 3542 2916 matrem
3574 2866 3753 2934 magni

2161 2949 2321 3018 hujus
2350 2950 2598 3005 animalis
2627 2991 2642 3016 ,
2683 2949 2894 3005 honore
2922 2950 3103 3004 afﬁcit.
3139 2951 3236 3007 llic
3265 2952 3388 3007 vide
3416 2969 3519 3023 qua
3549 2956 3755 3011 ordinis

2158 3042 2297 3097 serie
2318 3043 2387 3097 sit
2407 3057 2551 3095 usus.
2585 3040 2762 3097 Primo
2787 3041 3036 3097 alimenta
3066 3051 3214 3112 parat
3239 3059 3254 3108 ;
3287 3046 3525 3101 secundo
3553 3047 3756 3104 inducit

2159 3149 2219 3188 ea
2261 3149 2378 3204 quae
2417 3133 2682 3188 alimentis
2724 3131 3000 3200 fruantur,
3042 3143 3102 3190 ut
3141 3151 3266 3205 erga
3298 3136 3569 3193 hominem
3604 3139 3752 3195 fecit.

2161 3224 2338 3279 Primo
2353 3223 2568 3279 domum
2592 3223 2832 3294 perfecit,
2864 3234 2919 3280 et
2938 3226 3014 3280 sic
3041 3228 3479 3294 patremfamilias
3507 3231 3751 3286 introdu-

2156 3317 2252 3372 xit.
2280 3316 2475 3371 Educat
2494 3325 2628 3371 terra
2647 3317 2870 3370 animam
2888 3316 3146 3371 viventem.
3183 3317 3420 3374 lnanima
3447 3331 3586 3377 terra
3615 3339 3754 3394 quo-

2158 3407 2317 3462 modo
2357 3408 2524 3478 gignit
2551 3408 2784 3462 animam
2813 3408 3122 3462 viventem?
3151 3408 3292 3464 unde
3321 3411 3516 3478 prodiit
3544 3412 3630 3467 leo
3660 3429 3756 3468 ru-

2156 3503 2326 3572 giens,
2355 3511 2447 3556 aut
2471 3516 2639 3572 equus
2662 3515 2902 3569 currens,
2930 3511 3021 3555 aut
3046 3502 3143 3557 bos
3172 3502 3492 3572 laboriosus,
3521 3515 3612 3559 aut
3635 3521 3758 3561 sar-

2156 3595 2291 3650 cinis
2315 3602 2470 3663 aptus
2497 3594 2716 3649 asinus?
2738 3593 2878 3648 unde
2897 3594 3207 3648 animalium
3232 3595 3585 3652 differentim?
3613 3599 3761 3655 unde

2157 3701 2221 3740 ex
2246 3686 2478 3740 inanima
2505 3694 2584 3740 tot
2607 3685 2843 3740 animat?
2868 3685 2977 3741 Nec
3004 3687 3166 3756 pudet
3191 3685 3472 3743 haereticos
3493 3690 3584 3760 (a).
3611 3692 3760 3760 quod

2157 3776 2388 3831 inanima
2407 3785 2544 3832 terra
2566 3793 2722 3847 quam
2741 3793 2847 3832 non
2865 3777 3024 3832 habet
3038 3777 3266 3831 animam
3284 3779 3526 3847 proferat
3545 3796 3557 3844 ;
3581 3781 3758 3836 Deum

2155 3883 2284 3924 vero
2307 3869 2351 3924 si
2378 3871 2624 3940 genuisse
2648 3869 2866 3924 audiant
2893 3885 2958 3924 ex
2992 3871 3200 3939 propria
3225 3872 3539 3936 substantia,
3566 3874 3756 3928 statim

2156 3963 2554 4018 ratiociniorum
2567 3962 2738 4018 tricas
2763 3971 3047 4028 moveant,
3069 3972 3124 4017 et
3144 3963 3375 4018 inferant
3401 3976 3416 4014 :
3443 3963 3585 4034 Ergo
3614 3964 3762 4021 divi-

2157 4070 2248 4110 sus
2277 4064 2360 4110 est
2385 4095 2400 4119 ,
2443 4069 2572 4125 ergo
2613 4055 2908 4118 dissectus,
2935 4069 3063 4123 ergo
3093 4067 3283 4122 passus
3310 4063 3428 4120 est,
3470 4064 3523 4108 et
3551 4056 3762 4111 similia

2155 4161 2277 4216 quae
2302 4146 2482 4202 dicere
2509 4147 2703 4202 solent.
2735 4145 2915 4214 Neque
2942 4145 3084 4199 enim
3111 4145 3393 4214 praesentis
3423 4156 3506 4201 est
3535 4156 3766 4216 tempo-

2155 4242 2229 4292 ris
2257 4237 2436 4292 omnia
2466 4253 2586 4308 qua:
2613 4245 2800 4293 contra
2830 4236 3166 4306 Unigenitum
3190 4277 3207 4304 ,
3240 4236 3350 4290 imo
3379 4247 3562 4292 contra
3592 4253 3765 4294 suam

2154 4331 2380 4384 salutem
2430 4329 2650 4396 dicunt,
2682 4328 2979 4384 confutare.
3012 4328 3152 4383 Deus
3181 4327 3328 4383 enim
3358 4343 3458 4385 nec
3484 4329 3527 4383 si
3557 4329 3768 4385 laude—

2155 4429 2256 4487 tur,
2281 4420 2478 4490 aliquid
2499 4421 2631 4476 lucri
2658 4420 2901 4492 percipit,
2926 4435 3027 4476 nec
3053 4422 3096 4475 si
3119 4420 3418 4477 maledictis
3439 4425 3768 4492 impetatur,

2153 4511 2351 4582 aliquid
2371 4511 2552 4567 damni
2582 4531 2594 4566 :
2622 4512 2725 4567 nisi
2757 4513 2980 4568 fortasse
3007 4511 3224 4576 dixeris,
3255 4514 3477 4570 salutem
3502 4523 3770 4569 nostram

2151 4604 2358 4659 lucrum
2389 4618 2512 4659 esse
2543 4603 2658 4659 Dei.
2691 4601 2809 4673 lpse
2835 4618 3065 4673 namque
3087 4603 3278 4673 plenus
3303 4613 3386 4659 est
3404 4605 3542 4659 omni
3569 4605 3765 4671 bono,

2153 4697 2401 4767 nullaque
2429 4711 2489 4752 re
2515 4703 2671 4768 eget:
2695 4695 2785 4768 qui
2811 4711 3000 4751 omnes
3025 4695 3179 4762 ditet,
3209 4697 3461 4768 nulloque
3485 4711 3617 4766 opus
3655 4698 3771 4753 ha-

2152 4789 2290 4846 beat.
2324 4789 2613 4844 Enimvero
2641 4790 2760 4859 quis
2784 4787 2990 4844 dederit
3009 4788 3277 4859 quidpiam
3303 4791 3374 4853 ei,
3396 4789 3482 4860 qui
3499 4791 3770 4846 omnium

2151 4891 2234 4938 est
2262 4881 2378 4937 fons
2409 4881 2668 4936 bonorum
2695 4921 2711 4946 ,
2741 4896 2808 4935 ex
2836 4880 2989 4950 cujus
3018 4880 3173 4933 unius
3209 4879 3526 4951 benignitate
3551 4883 3769 4938 omnia

2150 4974 2462 5049 pendeant?
2505 4972 2965 5040 Quemadmodum
3012 4971 3087 5026 ait
3135 4971 3346 5026 David:
3379 4971 3550 5026 Omnia
3593 4972 3680 5024 ad
3713 4984 3771 5027 te

2149 5077 2457 5142 exspectant,
2489 5068 2667 5138 Aperis
2687 5075 2742 5120 tu
2765 5082 2975 5123 manum
3000 5075 3159 5131 tuam,
3191 5072 3239 5118 et
3265 5065 3440 5135 imples
3461 5079 3609 5118 omne
3634 5068 3768 5120 am'o

2149 5165 2250 5218 mal
2277 5162 2614 5218 benedictione
2641 5156 2770 5229 (Ps.
2795 5158 2916 5213 105.
2939 5157 3028 5212 27.
3061 5168 3107 5212 et
3131 5157 3258 5212 144.
3281 5157 3407 5228 16).
3443 5154 3536 5213 Sed
3570 5171 3762 5227 quem

2147 5254 2382 5326 aggressi
2420 5267 2605 5308 sumus
2647 5263 2952 5306 sermonem
2996 5249 3063 5304 ad
3103 5249 3264 5304 ﬁnem
3308 5249 3580 5304 ducamus.
3635 5249 3764 5305 Hoc

2148 5348 2290 5403 enim
2321 5356 2374 5401 et
2402 5345 2559 5400 nobis
2585 5353 2792 5414 gratum
2820 5351 2904 5398 est
2924 5383 2939 5408 ,
2971 5350 3025 5396 et
3050 5340 3184 5396 ordo
3210 5340 3460 5412 postulat.
3497 5337 3556 5392 id
3597 5342 3762 5408 quod

2149 5453 2257 5494 non
2286 5437 2446 5492 habet
2471 5445 2614 5490 terra
2646 5434 2863 5504 profert,
2885 5431 3124 5501 jubentis
3153 5431 3377 5500 imperio
3399 5429 3762 5498 obsequiis;

2147 5539 2201 5586 et
2228 5529 2279 5583 id
2316 5526 2459 5599 quod
2483 5525 2644 5580 habet
2667 5523 2846 5578 divina
2874 5530 2928 5578 et
2966 5522 3278 5577 intemerata
3306 5529 3478 5575 natura
3502 5533 3637 5574 non
3674 5523 3770 5591 gi-

2145 5621 2300 5695 gnit?
2324 5619 2522 5675 Verum
2554 5633 2621 5672 ne
2658 5616 2778 5685 quis
2820 5629 3027 5671 rursum
3059 5628 3244 5670 vocem
3274 5611 3459 5667 habere
3483 5607 3773 5671 humano

2213 5713 2288 5778 (τι)
2321 5713 2526 5762 Arianos
2547 5707 2790 5772 intelligit.
