  <div class='ocr_page' id='page_1' title='image "/cluster/home/n/w/nwhite01/storage/ocr_20150623/56/hvd.32044048208490/454.png"; bbox 0 0 4050 6198; ppageno 0'>
   <div class='ocr_carea' id='block_1_1' title="bbox 244 296 348 354">
    <p class='ocr_par' dir='ltr' id='par_1_1' title="bbox 244 296 348 354">
     <span class='ocr_line' id='line_1_1' title="bbox 244 296 348 354; baseline -0.019 -1"><span class='ocrx_word' id='word_1_1' title='bbox 244 296 348 354; x_wconf 79' lang='grc' dir='ltr'>ι59</span> 
     </span>
    </p>
   </div>
   <div class='ocr_carea' id='block_1_2' title="bbox 235 394 1821 475">
    <p class='ocr_par' dir='ltr' id='par_1_2' title="bbox 235 394 1821 475">
     <span class='ocr_line' id='line_1_2' title="bbox 235 394 1821 475; baseline -0.002 -23"><span class='ocrx_word' id='word_1_2' title='bbox 235 398 578 475; x_wconf 70' lang='grc' dir='ltr'>γεννήματα</span> <span class='ocrx_word' id='word_1_3' title='bbox 609 394 889 468; x_wconf 72' lang='grc' dir='ltr'>ἐχιδνῶν,</span> <span class='ocrx_word' id='word_1_4' title='bbox 938 395 1031 463; x_wconf 81' lang='grc' dir='ltr'><em>τις</em></span> <span class='ocrx_word' id='word_1_5' title='bbox 1065 395 1380 462; x_wconf 81' lang='grc' dir='ltr'>ὑπέδειξεν</span> <span class='ocrx_word' id='word_1_6' title='bbox 1425 396 1569 468; x_wconf 80' lang='grc' dir='ltr'>ὑμῖν</span> <span class='ocrx_word' id='word_1_7' title='bbox 1605 397 1821 469; x_wconf 70' lang='grc' dir='ltr'>φυγεῖν</span> 
     </span>
    </p>
   </div>
   <div class='ocr_carea' id='block_1_3' title="bbox 236 475 1823 552">
    <p class='ocr_par' dir='ltr' id='par_1_3' title="bbox 236 475 1823 552">
     <span class='ocr_line' id='line_1_3' title="bbox 236 475 1823 552; baseline -0.004 -14"><span class='ocrx_word' id='word_1_8' title='bbox 236 485 354 543; x_wconf 83' lang='grc' dir='ltr'>ἀπὸ</span> <span class='ocrx_word' id='word_1_9' title='bbox 380 480 494 552; x_wconf 84' lang='grc' dir='ltr'>τῆς</span> <span class='ocrx_word' id='word_1_10' title='bbox 527 482 881 552; x_wconf 71' lang='grc' dir='ltr'>μελλούσης</span> <span class='ocrx_word' id='word_1_11' title='bbox 914 475 1126 548; x_wconf 73' lang='grc' dir='ltr'>όργῆςς</span> <span class='ocrx_word' id='word_1_12' title='bbox 1152 479 1319 533; x_wconf 84' lang='grc' dir='ltr'>Ὅταν</span> <span class='ocrx_word' id='word_1_13' title='bbox 1339 480 1420 543; x_wconf 89' lang='grc' dir='ltr'>είς</span> <span class='ocrx_word' id='word_1_14' title='bbox 1445 479 1508 532; x_wconf 77' lang='grc' dir='ltr'>τὸ</span> <span class='ocrx_word' id='word_1_15' title='bbox 1541 478 1823 550; x_wconf 82' lang='grc' dir='ltr'>βάπτισμα</span> 
     </span>
    </p>
   </div>
   <div class='ocr_carea' id='block_1_4' title="bbox 236 559 1823 638">
    <p class='ocr_par' dir='ltr' id='par_1_4' title="bbox 236 559 1823 638">
     <span class='ocr_line' id='line_1_4' title="bbox 236 559 1823 638; baseline -0.004 -16"><span class='ocrx_word' id='word_1_16' title='bbox 236 565 457 638; x_wconf 77' lang='grc' dir='ltr'>εἰσέλθῃ</span> <span class='ocrx_word' id='word_1_17' title='bbox 493 563 661 635; x_wconf 81' lang='grc' dir='ltr'>ψυχὴ,</span> <span class='ocrx_word' id='word_1_18' title='bbox 704 563 798 616; x_wconf 75' lang='grc' dir='ltr'>ἐπὶ</span> <span class='ocrx_word' id='word_1_19' title='bbox 830 559 1003 614; x_wconf 86' lang='grc' dir='ltr'>πολλὰ</span> <span class='ocrx_word' id='word_1_20' title='bbox 1046 562 1141 634; x_wconf 84' lang='grc' dir='ltr'>ἐτη</span> <span class='ocrx_word' id='word_1_21' title='bbox 1168 562 1339 632; x_wconf 80' lang='grc' dir='ltr'>κακίᾳ</span> <span class='ocrx_word' id='word_1_22' title='bbox 1377 561 1679 633; x_wconf 76' lang='grc' dir='ltr'>συζῆσασα,</span> <span class='ocrx_word' id='word_1_23' title='bbox 1728 565 1823 616; x_wconf 79' lang='grc' dir='ltr'>καὶ</span> 
     </span>
    </p>
   </div>
   <div class='ocr_carea' id='block_1_5' title="bbox 237 644 1822 722">
    <p class='ocr_par' dir='ltr' id='par_1_5' title="bbox 237 644 1822 722">
     <span class='ocr_line' id='line_1_5' title="bbox 237 644 1822 722; baseline -0.004 -17"><span class='ocrx_word' id='word_1_24' title='bbox 237 650 431 722; x_wconf 78' lang='grc' dir='ltr'>ἐξέλθῃ</span> <span class='ocrx_word' id='word_1_25' title='bbox 462 648 666 717; x_wconf 87' lang='grc' dir='ltr'>ταύτην</span> <span class='ocrx_word' id='word_1_26' title='bbox 689 645 1023 716; x_wconf 83' lang='grc' dir='ltr'>ἀποθεμένη,</span> <span class='ocrx_word' id='word_1_27' title='bbox 1044 645 1144 716; x_wconf 80' lang='grc' dir='ltr'>ὅρα</span> <span class='ocrx_word' id='word_1_28' title='bbox 1167 647 1215 698; x_wconf 83' lang='grc' dir='ltr'>εί</span> <span class='ocrx_word' id='word_1_29' title='bbox 1237 644 1310 716; x_wconf 82' lang='grc' dir='ltr'>μὴ</span> <span class='ocrx_word' id='word_1_30' title='bbox 1330 644 1399 699; x_wconf 87' lang='grc' dir='ltr'>δι’</span> <span class='ocrx_word' id='word_1_31' title='bbox 1422 644 1602 699; x_wconf 88' lang='grc' dir='ltr'>αὐτῶν</span> <span class='ocrx_word' id='word_1_32' title='bbox 1616 644 1822 716; x_wconf 78' lang='grc' dir='ltr'>λάμπει</span> 
     </span>
    </p>
   </div>
   <div class='ocr_carea' id='block_1_6' title="bbox 236 728 1823 804">
    <p class='ocr_par' dir='ltr' id='par_1_6' title="bbox 236 728 1823 804">
     <span class='ocr_line' id='line_1_6' title="bbox 236 728 1823 804; baseline -0.008 -14"><span class='ocrx_word' id='word_1_33' title='bbox 236 737 346 791; x_wconf 88' lang='grc' dir='ltr'>τῶν</span> <span class='ocrx_word' id='word_1_34' title='bbox 378 734 558 804; x_wconf 75' lang='grc' dir='ltr'>ἔργων</span> <span class='ocrx_word' id='word_1_35' title='bbox 589 734 623 801; x_wconf 78' lang='grc' dir='ltr'><strong>ἡ</strong></span> <span class='ocrx_word' id='word_1_36' title='bbox 658 728 965 799; x_wconf 81' lang='grc' dir='ltr'>Δεσποτικὴ</span> <span class='ocrx_word' id='word_1_37' title='bbox 1007 728 1160 798; x_wconf 83' lang='grc' dir='ltr'>φωνὴ</span> <span class='ocrx_word' id='word_1_38' title='bbox 1183 731 1217 799; x_wconf 75' lang='grc' dir='ltr'><strong>ἡ</strong></span> <span class='ocrx_word' id='word_1_39' title='bbox 1262 729 1493 797; x_wconf 76' lang='grc' dir='ltr'>λέγουσα</span> <span class='ocrx_word' id='word_1_40' title='bbox 1515 746 1529 759; x_wconf 90' lang='grc'><strong>·</strong></span> <span class='ocrx_word' id='word_1_41' title='bbox 1576 729 1823 798; x_wconf 78' lang='grc' dir='ltr'>Ἐεατα-</span> 
     </span>
    </p>
   </div>
   <div class='ocr_carea' id='block_1_7' title="bbox 239 809 1816 889">
    <p class='ocr_par' dir='ltr' id='par_1_7' title="bbox 239 809 1816 889">
     <span class='ocr_line' id='line_1_7' title="bbox 239 809 1816 889; baseline -0.014 -16"><span class='ocrx_word' id='word_1_42' title='bbox 239 819 388 889; x_wconf 81' lang='grc' dir='ltr'>τέτω</span> <span class='ocrx_word' id='word_1_43' title='bbox 432 814 507 868; x_wconf 84' lang='grc' dir='ltr'>τὰ</span> <span class='ocrx_word' id='word_1_44' title='bbox 545 812 736 867; x_wconf 83' lang='grc' dir='ltr'>ὕδατα</span> <span class='ocrx_word' id='word_1_45' title='bbox 769 810 985 881; x_wconf 80' lang='grc' dir='ltr'>ἑρπετά</span> <span class='ocrx_word' id='word_1_46' title='bbox 1030 810 1248 880; x_wconf 68' lang='grc' dir='ltr'>ψυχῶν</span> <span class='ocrx_word' id='word_1_47' title='bbox 1291 809 1519 876; x_wconf 83' lang='grc' dir='ltr'>ζωσῶν,</span> <span class='ocrx_word' id='word_1_48' title='bbox 1565 811 1663 865; x_wconf 79' lang='grc' dir='ltr'>καί</span> <span class='ocrx_word' id='word_1_49' title='bbox 1718 828 1816 865; x_wconf 83' lang='grc' dir='ltr'>πε.</span> 
     </span>
    </p>
   </div>
   <div class='ocr_carea' id='block_1_8' title="bbox 238 893 1825 966">
    <p class='ocr_par' dir='ltr' id='par_1_8' title="bbox 238 893 1825 966">
     <span class='ocr_line' id='line_1_8' title="bbox 238 893 1825 966; baseline -0.006 -9"><span class='ocrx_word' id='word_1_50' title='bbox 238 899 407 957; x_wconf 82' lang='grc' dir='ltr'>τεινὰ</span> <span class='ocrx_word' id='word_1_51' title='bbox 450 898 773 966; x_wconf 78' lang='grc' dir='ltr'>πετόμενα.</span> <span class='ocrx_word' id='word_1_52' title='bbox 815 895 1019 964; x_wconf 89' lang='grc' dir='ltr'>Διπλῆν</span> <span class='ocrx_word' id='word_1_53' title='bbox 1055 893 1163 966; x_wconf 89' lang='grc' dir='ltr'>γάρ</span> <span class='ocrx_word' id='word_1_54' title='bbox 1192 893 1455 966; x_wconf 82' lang='grc' dir='ltr'>λαμϐάνει</span> <span class='ocrx_word' id='word_1_55' title='bbox 1479 893 1577 964; x_wconf 80' lang='grc' dir='ltr'>τὴν</span> <span class='ocrx_word' id='word_1_56' title='bbox 1604 894 1762 966; x_wconf 84' lang='grc' dir='ltr'>χάριν</span> <span class='ocrx_word' id='word_1_57' title='bbox 1795 895 1825 948; x_wconf 99' lang='lat'>6</span> 
     </span>
    </p>
   </div>
   <div class='ocr_carea' id='block_1_9' title="bbox 242 973 1824 1049">
    <p class='ocr_par' dir='ltr' id='par_1_9' title="bbox 242 973 1824 1049">
     <span class='ocr_line' id='line_1_9' title="bbox 242 973 1824 1049; baseline -0.004 -16"><span class='ocrx_word' id='word_1_58' title='bbox 242 978 569 1049; x_wconf 81' lang='grc' dir='ltr'>σωζόμενος,</span> <span class='ocrx_word' id='word_1_59' title='bbox 596 974 692 1027; x_wconf 76' lang='grc' dir='ltr'>καὶ</span> <span class='ocrx_word' id='word_1_60' title='bbox 718 973 1065 1037; x_wconf 78' lang='grc' dir='ltr'>ζωοποιεῖται</span> <span class='ocrx_word' id='word_1_61' title='bbox 1093 974 1193 1044; x_wconf 83' lang='grc' dir='ltr'>τὴν</span> <span class='ocrx_word' id='word_1_62' title='bbox 1226 975 1427 1046; x_wconf 73' lang='grc' dir='ltr'>ψυχὴν,</span> <span class='ocrx_word' id='word_1_63' title='bbox 1460 975 1556 1029; x_wconf 76' lang='grc' dir='ltr'>καὶ</span> <span class='ocrx_word' id='word_1_64' title='bbox 1582 973 1824 1027; x_wconf 81' lang='grc' dir='ltr'>πετεινὸν</span> 
     </span>
    </p>
   </div>
   <div class='ocr_carea' id='block_1_10' title="bbox 240 1056 1826 1137">
    <p class='ocr_par' dir='ltr' id='par_1_10' title="bbox 240 1056 1826 1137">
     <span class='ocr_line' id='line_1_10' title="bbox 240 1056 1826 1137; baseline -0.004 -19"><span class='ocrx_word' id='word_1_65' title='bbox 240 1065 455 1137; x_wconf 88' lang='grc' dir='ltr'>γίνεται</span> <span class='ocrx_word' id='word_1_66' title='bbox 484 1060 690 1122; x_wconf 82' lang='grc' dir='ltr'>λοιπὸν,</span> <span class='ocrx_word' id='word_1_67' title='bbox 736 1058 929 1127; x_wconf 73' lang='grc' dir='ltr'>ἀψῖδας</span> <span class='ocrx_word' id='word_1_68' title='bbox 971 1059 1215 1129; x_wconf 81' lang='grc' dir='ltr'>οὐρανῶν</span> <span class='ocrx_word' id='word_1_69' title='bbox 1246 1056 1700 1124; x_wconf 77' lang='grc' dir='ltr'>καταλαμϐάνων,</span> <span class='ocrx_word' id='word_1_70' title='bbox 1731 1058 1826 1111; x_wconf 77' lang='grc' dir='ltr'>καὶ</span> 
     </span>
    </p>
   </div>
   <div class='ocr_carea' id='block_1_11' title="bbox 246 1139 1827 1218">
    <p class='ocr_par' dir='ltr' id='par_1_11' title="bbox 246 1139 1827 1218">
     <span class='ocr_line' id='line_1_11' title="bbox 246 1139 1827 1218; baseline -0.004 -18"><span class='ocrx_word' id='word_1_71' title='bbox 246 1146 385 1218; x_wconf 86' lang='grc' dir='ltr'>μετά</span> <span class='ocrx_word' id='word_1_72' title='bbox 437 1142 685 1211; x_wconf 89' lang='grc' dir='ltr'>ἀγγέλων</span> <span class='ocrx_word' id='word_1_73' title='bbox 740 1140 1173 1211; x_wconf 78' lang='grc' dir='ltr'>πολιτευόμενος,</span> <span class='ocrx_word' id='word_1_74' title='bbox 1229 1142 1323 1194; x_wconf 74' lang='grc' dir='ltr'>καὶ</span> <span class='ocrx_word' id='word_1_75' title='bbox 1369 1141 1507 1212; x_wconf 86' lang='grc' dir='ltr'>μετά</span> <span class='ocrx_word' id='word_1_76' title='bbox 1562 1139 1663 1211; x_wconf 80' lang='grc' dir='ltr'>τῆς</span> <span class='ocrx_word' id='word_1_77' title='bbox 1714 1140 1827 1195; x_wconf 87' lang='grc' dir='ltr'>ἀνω</span> 
     </span>
    </p>
   </div>
   <div class='ocr_carea' id='block_1_12' title="bbox 241 1222 1827 1297">
    <p class='ocr_par' dir='ltr' id='par_1_12' title="bbox 241 1222 1827 1297">
     <span class='ocr_line' id='line_1_12' title="bbox 241 1222 1827 1297; baseline -0.004 -14"><span class='ocrx_word' id='word_1_78' title='bbox 241 1229 449 1294; x_wconf 81' lang='grc' dir='ltr'>τάξεως</span> <span class='ocrx_word' id='word_1_79' title='bbox 494 1228 631 1297; x_wconf 75' lang='grc' dir='ltr'>ἔχων</span> <span class='ocrx_word' id='word_1_80' title='bbox 681 1222 781 1294; x_wconf 77' lang='grc' dir='ltr'>τὴν</span> <span class='ocrx_word' id='word_1_81' title='bbox 816 1223 1010 1276; x_wconf 89' lang='grc' dir='ltr'>ἐαυτοῦ</span> <span class='ocrx_word' id='word_1_82' title='bbox 1060 1223 1402 1278; x_wconf 84' lang='grc' dir='ltr'>ἀκολουθίαν.</span> <span class='ocrx_word' id='word_1_83' title='bbox 1437 1223 1543 1277; x_wconf 87' lang='lat' dir='ltr'><strong><em>Kal</em></strong></span> <span class='ocrx_word' id='word_1_84' title='bbox 1585 1222 1827 1276; x_wconf 87' lang='grc' dir='ltr'>πετεινὰ</span> 
     </span>
    </p>
   </div>
   <div class='ocr_carea' id='block_1_13' title="bbox 242 1304 1828 1381">
    <p class='ocr_par' dir='ltr' id='par_1_13' title="bbox 242 1304 1828 1381">
     <span class='ocr_line' id='line_1_13' title="bbox 242 1304 1828 1381; baseline -0.006 -14"><span class='ocrx_word' id='word_1_85' title='bbox 242 1312 543 1381; x_wconf 75' lang='grc' dir='ltr'>πετόμενα</span> <span class='ocrx_word' id='word_1_86' title='bbox 571 1306 669 1362; x_wconf 78' lang='grc' dir='ltr'>ἐπὶ</span> <span class='ocrx_word' id='word_1_87' title='bbox 696 1306 808 1376; x_wconf 81' lang='grc' dir='ltr'>τῆς</span> <span class='ocrx_word' id='word_1_88' title='bbox 838 1305 952 1377; x_wconf 55' lang='grc' dir='ltr'>ῆς</span> <span class='ocrx_word' id='word_1_89' title='bbox 981 1307 1132 1360; x_wconf 80' lang='grc' dir='ltr'>κατὰ</span> <span class='ocrx_word' id='word_1_90' title='bbox 1158 1306 1224 1359; x_wconf 90' lang='grc' dir='ltr'>τὸ</span> <span class='ocrx_word' id='word_1_91' title='bbox 1260 1305 1561 1376; x_wconf 81' lang='grc' dir='ltr'>στερέωμα</span> <span class='ocrx_word' id='word_1_92' title='bbox 1592 1304 1698 1359; x_wconf 87' lang='grc' dir='ltr'>τοῦ</span> <span class='ocrx_word' id='word_1_93' title='bbox 1728 1306 1828 1358; x_wconf 78' lang='grc' dir='ltr'>οὐ·</span> 
     </span>
    </p>
   </div>
   <div class='ocr_carea' id='block_1_14' title="bbox 238 1387 1824 1467">
    <p class='ocr_par' dir='ltr' id='par_1_14' title="bbox 238 1387 1824 1467">
     <span class='ocr_line' id='line_1_14' title="bbox 238 1387 1824 1467; baseline -0.003 -23"><span class='ocrx_word' id='word_1_94' title='bbox 238 1394 454 1467; x_wconf 79' lang='grc' dir='ltr'>ραγοῦ.</span> <span class='ocrx_word' id='word_1_95' title='bbox 498 1391 623 1445; x_wconf 81' lang='grc' dir='ltr'>Ἑπὶ</span> <span class='ocrx_word' id='word_1_96' title='bbox 673 1388 785 1459; x_wconf 83' lang='grc' dir='ltr'>τῆς</span> <span class='ocrx_word' id='word_1_97' title='bbox 821 1387 956 1461; x_wconf 66' lang='grc' dir='ltr'>γῆς,</span> <span class='ocrx_word' id='word_1_98' title='bbox 988 1387 1079 1442; x_wconf 83' lang='grc' dir='ltr'>διά</span> <span class='ocrx_word' id='word_1_99' title='bbox 1124 1390 1186 1442; x_wconf 86' lang='grc' dir='ltr'>τὸ</span> <span class='ocrx_word' id='word_1_100' title='bbox 1216 1389 1409 1459; x_wconf 85' lang='grc' dir='ltr'>σῶμα·</span> <span class='ocrx_word' id='word_1_101' title='bbox 1454 1390 1513 1441; x_wconf 90' lang='grc' dir='ltr'>ἐν</span> <span class='ocrx_word' id='word_1_102' title='bbox 1557 1388 1824 1460; x_wconf 79' lang='grc' dir='ltr'>οὐρανοῖς,</span> 
     </span>
    </p>
   </div>
   <div class='ocr_carea' id='block_1_15' title="bbox 244 1470 1829 1545">
    <p class='ocr_par' dir='ltr' id='par_1_15' title="bbox 244 1470 1829 1545">
     <span class='ocr_line' id='line_1_15' title="bbox 244 1470 1829 1545; baseline -0.008 -10"><span class='ocrx_word' id='word_1_103' title='bbox 244 1480 335 1535; x_wconf 76' lang='grc' dir='ltr'>διὰ</span> <span class='ocrx_word' id='word_1_104' title='bbox 374 1479 435 1533; x_wconf 84' lang='grc' dir='ltr'>τὸ</span> <span class='ocrx_word' id='word_1_105' title='bbox 472 1477 792 1545; x_wconf 87' lang='grc' dir='ltr'>πολίτευμα.</span> <span class='ocrx_word' id='word_1_106' title='bbox 850 1473 1033 1527; x_wconf 86' lang='grc' dir='ltr'>Ταῦτα</span> <span class='ocrx_word' id='word_1_107' title='bbox 1090 1473 1190 1526; x_wconf 88' lang='grc' dir='ltr'>οὐκ</span> <span class='ocrx_word' id='word_1_108' title='bbox 1243 1470 1669 1544; x_wconf 85' lang='grc' dir='ltr'>ἀλληγοροῦντες</span> <span class='ocrx_word' id='word_1_109' title='bbox 1718 1472 1829 1524; x_wconf 80' lang='grc' dir='ltr'>είσ-</span> 
     </span>
    </p>
   </div>
   <div class='ocr_carea' id='block_1_16' title="bbox 246 1555 1830 1636">
    <p class='ocr_par' dir='ltr' id='par_1_16' title="bbox 246 1555 1830 1636">
     <span class='ocr_line' id='line_1_16' title="bbox 246 1555 1830 1636; baseline -0.005 -18"><span class='ocrx_word' id='word_1_110' title='bbox 246 1565 549 1636; x_wconf 83' lang='grc' dir='ltr'>ηγάγομεν,</span> <span class='ocrx_word' id='word_1_111' title='bbox 581 1559 697 1614; x_wconf 86' lang='grc' dir='ltr'>ἀλλ’</span> <span class='ocrx_word' id='word_1_112' title='bbox 731 1558 1119 1630; x_wconf 84' lang='grc' dir='ltr'>ἐοεωρήσαμεν</span> <span class='ocrx_word' id='word_1_113' title='bbox 1160 1559 1227 1629; x_wconf 75' lang='grc' dir='ltr'>τῇ</span> <span class='ocrx_word' id='word_1_114' title='bbox 1278 1556 1509 1628; x_wconf 80' lang='grc' dir='ltr'>ἱστορίᾳ.</span> <span class='ocrx_word' id='word_1_115' title='bbox 1563 1555 1726 1610; x_wconf 81' lang='grc' dir='ltr'>Ἀλλο</span> <span class='ocrx_word' id='word_1_116' title='bbox 1768 1555 1830 1610; x_wconf 86' lang='grc' dir='ltr'>τὸ</span> 
     </span>
    </p>
   </div>
   <div class='ocr_carea' id='block_1_17' title="bbox 245 1636 1832 1711">
    <p class='ocr_par' dir='ltr' id='par_1_17' title="bbox 245 1636 1832 1711">
     <span class='ocr_line' id='line_1_17' title="bbox 245 1636 1832 1711; baseline -0.008 -9"><span class='ocrx_word' id='word_1_117' title='bbox 245 1645 609 1702; x_wconf 80' lang='grc' dir='ltr'>ἐκϐιάσασθαι</span> <span class='ocrx_word' id='word_1_118' title='bbox 636 1643 718 1706; x_wconf 90' lang='grc' dir='ltr'>εἱς</span> <span class='ocrx_word' id='word_1_119' title='bbox 738 1640 1067 1711; x_wconf 88' lang='grc' dir='ltr'>ἀλληγορίαν</span> <span class='ocrx_word' id='word_1_120' title='bbox 1093 1639 1190 1711; x_wconf 84' lang='grc' dir='ltr'>τὴν</span> <span class='ocrx_word' id='word_1_121' title='bbox 1216 1639 1480 1710; x_wconf 75' lang='grc' dir='ltr'>ἱστορίαν,</span> <span class='ocrx_word' id='word_1_122' title='bbox 1504 1638 1632 1692; x_wconf 84' lang='grc' dir='ltr'>ἄλλο</span> <span class='ocrx_word' id='word_1_123' title='bbox 1654 1638 1708 1691; x_wconf 77' lang='grc' dir='ltr'>δὲ</span> <span class='ocrx_word' id='word_1_124' title='bbox 1737 1636 1832 1690; x_wconf 73' lang='grc' dir='ltr'>καὶ</span> 
     </span>
    </p>
   </div>
   <div class='ocr_carea' id='block_1_18' title="bbox 245 1720 1831 1803">
    <p class='ocr_par' dir='ltr' id='par_1_18' title="bbox 245 1720 1831 1803">
     <span class='ocr_line' id='line_1_18' title="bbox 245 1720 1831 1803; baseline -0.005 -20"><span class='ocrx_word' id='word_1_125' title='bbox 245 1732 344 1803; x_wconf 80' lang='grc' dir='ltr'>τὴν</span> <span class='ocrx_word' id='word_1_126' title='bbox 372 1730 615 1800; x_wconf 81' lang='grc' dir='ltr'>ἱστορίαν</span> <span class='ocrx_word' id='word_1_127' title='bbox 645 1723 877 1796; x_wconf 80' lang='grc' dir='ltr'>φυλάξαι</span> <span class='ocrx_word' id='word_1_128' title='bbox 899 1725 994 1778; x_wconf 73' lang='grc' dir='ltr'>καὶ</span> <span class='ocrx_word' id='word_1_129' title='bbox 1029 1722 1259 1794; x_wconf 86' lang='grc' dir='ltr'>θεωρίαν</span> <span class='ocrx_word' id='word_1_130' title='bbox 1281 1723 1584 1793; x_wconf 75' lang='grc' dir='ltr'>ἐπινοῆσαι.</span> <span class='ocrx_word' id='word_1_131' title='bbox 1611 1721 1721 1774; x_wconf 86' lang='lat' dir='ltr'><strong><em>Kal</em></strong></span> <span class='ocrx_word' id='word_1_132' title='bbox 1745 1720 1831 1775; x_wconf 83' lang='grc' dir='ltr'>ἵνα</span> 
     </span>
    </p>
   </div>
   <div class='ocr_carea' id='block_1_19' title="bbox 242 1803 1831 1884">
    <p class='ocr_par' dir='ltr' id='par_1_19' title="bbox 242 1803 1831 1884">
     <span class='ocr_line' id='line_1_19' title="bbox 242 1803 1831 1884; baseline -0.007 -16"><span class='ocrx_word' id='word_1_133' title='bbox 242 1812 416 1884; x_wconf 80' lang='grc' dir='ltr'>δείξῃ,</span> <span class='ocrx_word' id='word_1_134' title='bbox 447 1812 530 1865; x_wconf 79' lang='grc' dir='ltr'>ὅτι</span> <span class='ocrx_word' id='word_1_135' title='bbox 560 1808 765 1882; x_wconf 88' lang='grc' dir='ltr'>ἐρπετά</span> <span class='ocrx_word' id='word_1_136' title='bbox 790 1806 859 1860; x_wconf 80' lang='grc' dir='ltr'>τά</span> <span class='ocrx_word' id='word_1_137' title='bbox 888 1806 1114 1859; x_wconf 81' lang='grc' dir='ltr'>πετεινά</span> <span class='ocrx_word' id='word_1_138' title='bbox 1134 1805 1391 1877; x_wconf 88' lang='grc' dir='ltr'>πτερωτά</span> <span class='ocrx_word' id='word_1_139' title='bbox 1419 1804 1567 1874; x_wconf 81' lang='grc' dir='ltr'>λέγει</span> <span class='ocrx_word' id='word_1_140' title='bbox 1598 1803 1668 1857; x_wconf 86' lang='grc' dir='ltr'>τὰ</span> <span class='ocrx_word' id='word_1_141' title='bbox 1686 1806 1743 1857; x_wconf 85' lang='grc' dir='ltr'>ἐν</span> <span class='ocrx_word' id='word_1_142' title='bbox 1764 1805 1831 1876; x_wconf 76' lang='grc' dir='ltr'>τῇ</span> 
     </span>
    </p>
   </div>
   <div class='ocr_carea' id='block_1_20' title="bbox 246 1886 1835 1966">
    <p class='ocr_par' dir='ltr' id='par_1_20' title="bbox 246 1886 1835 1966">
     <span class='ocr_line' id='line_1_20' title="bbox 246 1886 1835 1966; baseline -0.006 -16"><span class='ocrx_word' id='word_1_143' title='bbox 246 1895 515 1966; x_wconf 84' lang='grc' dir='ltr'>θαλάσσῃ,</span> <span class='ocrx_word' id='word_1_144' title='bbox 542 1893 809 1962; x_wconf 68' lang='grc' dir='ltr'>ἐπήγαγεν</span> <span class='ocrx_word' id='word_1_145' title='bbox 835 1892 941 1943; x_wconf 78' lang='grc' dir='ltr'>Καὶ</span> <span class='ocrx_word' id='word_1_146' title='bbox 964 1888 1256 1961; x_wconf 80' lang='grc' dir='ltr'>ἐποίησεν</span> <span class='ocrx_word' id='word_1_147' title='bbox 1280 1891 1313 1942; x_wconf 81' lang='grc' dir='ltr'>ό</span> <span class='ocrx_word' id='word_1_148' title='bbox 1336 1886 1479 1953; x_wconf 83' lang='grc' dir='ltr'>Θεὸς</span> <span class='ocrx_word' id='word_1_149' title='bbox 1501 1886 1571 1941; x_wconf 89' lang='grc' dir='ltr'>τὰ</span> <span class='ocrx_word' id='word_1_150' title='bbox 1592 1886 1741 1954; x_wconf 81' lang='grc' dir='ltr'>κήτη</span> <span class='ocrx_word' id='word_1_151' title='bbox 1762 1887 1835 1940; x_wconf 86' lang='grc' dir='ltr'>τὰ</span> 
     </span>
    </p>
   </div>
   <div class='ocr_carea' id='block_1_21' title="bbox 240 1966 1836 2051">
    <p class='ocr_par' dir='ltr' id='par_1_21' title="bbox 240 1966 1836 2051">
     <span class='ocr_line' id='line_1_21' title="bbox 240 1966 1836 2051; baseline -0.007 -17"><span class='ocrx_word' id='word_1_152' title='bbox 240 1978 501 2051; x_wconf 74' lang='grc' dir='ltr'>μεγάλα,</span> <span class='ocrx_word' id='word_1_153' title='bbox 532 1975 630 2029; x_wconf 79' lang='grc' dir='ltr'>καί</span> <span class='ocrx_word' id='word_1_154' title='bbox 659 1972 866 2029; x_wconf 85' lang='grc' dir='ltr'>πᾶσαν</span> <span class='ocrx_word' id='word_1_155' title='bbox 881 1970 1094 2041; x_wconf 70' lang='grc' dir='ltr'>ψυχὴν</span> <span class='ocrx_word' id='word_1_156' title='bbox 1129 1966 1325 2032; x_wconf 76' lang='grc' dir='ltr'>ζῶσαν</span> <span class='ocrx_word' id='word_1_157' title='bbox 1359 1969 1643 2039; x_wconf 85' lang='grc' dir='ltr'>ἑρπετῶν,</span> <span class='ocrx_word' id='word_1_158' title='bbox 1668 1969 1707 2025; x_wconf 81' lang='grc' dir='ltr'>ἀ</span> <span class='ocrx_word' id='word_1_159' title='bbox 1745 1969 1836 2034; x_wconf 80' lang='grc' dir='ltr'>ἑξ-</span> 
     </span>
    </p>
   </div>
   <div class='ocr_carea' id='block_1_22' title="bbox 247 2053 1836 2134">
    <p class='ocr_par' dir='ltr' id='par_1_22' title="bbox 247 2053 1836 2134">
     <span class='ocr_line' id='line_1_22' title="bbox 247 2053 1836 2134; baseline -0.01 -14"><span class='ocrx_word' id='word_1_160' title='bbox 247 2064 439 2134; x_wconf 79' lang='grc' dir='ltr'>ήγατε</span> <span class='ocrx_word' id='word_1_161' title='bbox 459 2061 530 2115; x_wconf 83' lang='grc' dir='ltr'>τὰ</span> <span class='ocrx_word' id='word_1_162' title='bbox 559 2058 769 2123; x_wconf 80' lang='grc' dir='ltr'>ὕδατα,</span> <span class='ocrx_word' id='word_1_163' title='bbox 804 2058 901 2111; x_wconf 79' lang='grc' dir='ltr'>καί</span> <span class='ocrx_word' id='word_1_164' title='bbox 930 2056 1207 2110; x_wconf 84' lang='grc' dir='ltr'>πετεινὸν</span> <span class='ocrx_word' id='word_1_165' title='bbox 1237 2055 1552 2134; x_wconf 80' lang='grc' dir='ltr'>πτερωτόν.</span> <span class='ocrx_word' id='word_1_166' title='bbox 1589 2055 1710 2107; x_wconf 84' lang='grc' dir='ltr'>Ἐνι</span> <span class='ocrx_word' id='word_1_167' title='bbox 1728 2053 1836 2124; x_wconf 83' lang='grc' dir='ltr'>γάρ</span> 
     </span>
    </p>
   </div>
   <div class='ocr_carea' id='block_1_23' title="bbox 250 2133 1837 2214">
    <p class='ocr_par' dir='ltr' id='par_1_23' title="bbox 250 2133 1837 2214">
     <span class='ocr_line' id='line_1_23' title="bbox 250 2133 1837 2214; baseline -0.007 -14"><span class='ocrx_word' id='word_1_168' title='bbox 250 2133 499 2200; x_wconf 84' lang='grc' dir='ltr'>πετεινὺν</span> <span class='ocrx_word' id='word_1_169' title='bbox 536 2141 611 2214; x_wconf 85' lang='grc' dir='ltr'>μὴ</span> <span class='ocrx_word' id='word_1_170' title='bbox 650 2140 710 2194; x_wconf 70' lang='grc' dir='ltr'>ὃν</span> <span class='ocrx_word' id='word_1_171' title='bbox 742 2139 1051 2212; x_wconf 88' lang='grc' dir='ltr'>πτερωτόν;</span> <span class='ocrx_word' id='word_1_172' title='bbox 1091 2138 1177 2201; x_wconf 88' lang='grc' dir='ltr'>τίς</span> <span class='ocrx_word' id='word_1_173' title='bbox 1218 2138 1373 2211; x_wconf 87' lang='grc' dir='ltr'>χρεία</span> <span class='ocrx_word' id='word_1_174' title='bbox 1400 2133 1469 2208; x_wconf 73' lang='grc' dir='ltr'>ἦν</span> <span class='ocrx_word' id='word_1_175' title='bbox 1503 2139 1695 2199; x_wconf 75' lang='grc' dir='ltr'>εἰπεῖν,</span> <span class='ocrx_word' id='word_1_176' title='bbox 1729 2139 1837 2190; x_wconf 80' lang='grc' dir='ltr'>πᾶν</span> 
     </span>
    </p>
   </div>
   <div class='ocr_carea' id='block_1_24' title="bbox 254 2218 1838 2292">
    <p class='ocr_par' dir='ltr' id='par_1_24' title="bbox 254 2218 1838 2292">
     <span class='ocr_line' id='line_1_24' title="bbox 254 2218 1838 2292; baseline -0.006 -10"><span class='ocrx_word' id='word_1_177' title='bbox 254 2225 537 2282; x_wconf 85' lang='grc' dir='ltr'>Πετεινὸν</span> <span class='ocrx_word' id='word_1_178' title='bbox 551 2224 882 2292; x_wconf 82' lang='grc' dir='ltr'>πτερωτόν;</span> <span class='ocrx_word' id='word_1_179' title='bbox 899 2221 973 2274; x_wconf 78' lang='grc' dir='ltr'><strong>Τὸ</strong></span> <span class='ocrx_word' id='word_1_180' title='bbox 996 2220 1261 2274; x_wconf 86' lang='grc' dir='ltr'>πετᾶσθαι</span> <span class='ocrx_word' id='word_1_181' title='bbox 1278 2221 1429 2292; x_wconf 84' lang='grc' dir='ltr'>παρά</span> <span class='ocrx_word' id='word_1_182' title='bbox 1450 2220 1512 2273; x_wconf 82' lang='grc' dir='ltr'>τὸ</span> <span class='ocrx_word' id='word_1_183' title='bbox 1534 2218 1838 2274; x_wconf 86' lang='grc' dir='ltr'>ἀπλοῦσθαι</span> 
     </span>
    </p>
   </div>
   <div class='ocr_carea' id='block_1_25' title="bbox 250 2304 1842 2380">
    <p class='ocr_par' dir='ltr' id='par_1_25' title="bbox 250 2304 1842 2380">
     <span class='ocr_line' id='line_1_25' title="bbox 250 2304 1842 2380; baseline -0.005 -17"><span class='ocrx_word' id='word_1_184' title='bbox 250 2309 354 2373; x_wconf 84' lang='grc' dir='ltr'>τὰς</span> <span class='ocrx_word' id='word_1_185' title='bbox 374 2311 561 2380; x_wconf 87' lang='grc' dir='ltr'>χεῖρας</span> <span class='ocrx_word' id='word_1_186' title='bbox 584 2306 821 2376; x_wconf 89' lang='grc' dir='ltr'>λέγεται.</span> <span class='ocrx_word' id='word_1_187' title='bbox 840 2306 998 2357; x_wconf 82' lang='grc' dir='ltr'>Ἔστι</span> <span class='ocrx_word' id='word_1_188' title='bbox 1025 2304 1080 2358; x_wconf 79' lang='grc' dir='ltr'>δὲ</span> <span class='ocrx_word' id='word_1_189' title='bbox 1109 2304 1374 2357; x_wconf 78' lang='grc' dir='ltr'>πετασθαι</span> <span class='ocrx_word' id='word_1_190' title='bbox 1396 2305 1490 2357; x_wconf 77' lang='grc' dir='ltr'>καὶ</span> <span class='ocrx_word' id='word_1_191' title='bbox 1508 2306 1717 2376; x_wconf 78' lang='grc' dir='ltr'>χεῖρας,</span> <span class='ocrx_word' id='word_1_192' title='bbox 1742 2320 1842 2357; x_wconf 87' lang='grc' dir='ltr'>κα-</span> 
     </span>
    </p>
   </div>
   <div class='ocr_carea' id='block_1_26' title="bbox 254 2385 1842 2462">
    <p class='ocr_par' dir='ltr' id='par_1_26' title="bbox 254 2385 1842 2462">
     <span class='ocr_line' id='line_1_26' title="bbox 254 2385 1842 2462; baseline -0.004 -16"><span class='ocrx_word' id='word_1_193' title='bbox 254 2392 364 2455; x_wconf 87' lang='grc' dir='ltr'>θὼς</span> <span class='ocrx_word' id='word_1_194' title='bbox 397 2409 559 2462; x_wconf 89' lang='grc' dir='ltr'>φησιν</span> <span class='ocrx_word' id='word_1_195' title='bbox 590 2390 619 2443; x_wconf 89' lang='lat'>6</span> <span class='ocrx_word' id='word_1_196' title='bbox 665 2389 981 2460; x_wconf 79' lang='grc' dir='ltr'>προφήτηςο</span> <span class='ocrx_word' id='word_1_197' title='bbox 1020 2387 1206 2455; x_wconf 85' lang='grc' dir='ltr'>Ὅλην</span> <span class='ocrx_word' id='word_1_198' title='bbox 1234 2385 1350 2454; x_wconf 75' lang='grc' dir='ltr'>τὴν</span> <span class='ocrx_word' id='word_1_199' title='bbox 1369 2386 1599 2456; x_wconf 75' lang='grc' dir='ltr'>ἡμέραν</span> <span class='ocrx_word' id='word_1_200' title='bbox 1637 2385 1842 2451; x_wconf 80' lang='grc' dir='ltr'>ἐξεπέ-</span> 
     </span>
    </p>
   </div>
   <div class='ocr_carea' id='block_1_27' title="bbox 257 2467 1844 2542">
    <p class='ocr_par' dir='ltr' id='par_1_27' title="bbox 257 2467 1844 2542">
     <span class='ocr_line' id='line_1_27' title="bbox 257 2467 1844 2542; baseline -0.004 -13"><span class='ocrx_word' id='word_1_201' title='bbox 257 2490 415 2529; x_wconf 84' lang='grc' dir='ltr'>τασα</span> <span class='ocrx_word' id='word_1_202' title='bbox 436 2474 543 2540; x_wconf 88' lang='grc' dir='ltr'>τὰς</span> <span class='ocrx_word' id='word_1_203' title='bbox 562 2470 765 2542; x_wconf 81' lang='grc' dir='ltr'>χεῖράς</span> <span class='ocrx_word' id='word_1_204' title='bbox 780 2488 899 2541; x_wconf 86' lang='grc' dir='ltr'>μου</span> <span class='ocrx_word' id='word_1_205' title='bbox 920 2470 1069 2537; x_wconf 79' lang='grc' dir='ltr'>πρὸς</span> <span class='ocrx_word' id='word_1_206' title='bbox 1088 2469 1242 2523; x_wconf 82' lang='grc' dir='ltr'>λαὸν</span> <span class='ocrx_word' id='word_1_207' title='bbox 1260 2467 1621 2525; x_wconf 78' lang='grc' dir='ltr'>ἀπειθοῦντα</span> <span class='ocrx_word' id='word_1_208' title='bbox 1633 2469 1730 2523; x_wconf 82' lang='grc' dir='ltr'>καί</span> <span class='ocrx_word' id='word_1_209' title='bbox 1746 2469 1844 2523; x_wconf 66' lang='grc' dir='ltr'>ἀνα</span> 
     </span>
    </p>
   </div>
   <div class='ocr_carea' id='block_1_28' title="bbox 258 2551 1842 2629">
    <p class='ocr_par' dir='ltr' id='par_1_28' title="bbox 258 2551 1842 2629">
     <span class='ocr_line' id='line_1_28' title="bbox 258 2551 1842 2629; baseline -0.005 -15"><span class='ocrx_word' id='word_1_210' title='bbox 258 2558 601 2629; x_wconf 67' lang='grc' dir='ltr'>τιλέγονταθ</span> <span class='ocrx_word' id='word_1_211' title='bbox 627 2556 725 2626; x_wconf 91' lang='grc' dir='ltr'>οὐχ</span> <span class='ocrx_word' id='word_1_212' title='bbox 760 2556 842 2609; x_wconf 84' lang='grc' dir='ltr'>ὅτι</span> <span class='ocrx_word' id='word_1_213' title='bbox 876 2552 1051 2623; x_wconf 90' lang='grc' dir='ltr'>πτερά</span> <span class='ocrx_word' id='word_1_214' title='bbox 1076 2552 1257 2623; x_wconf 75' lang='grc' dir='ltr'>ἔχουσι</span> <span class='ocrx_word' id='word_1_215' title='bbox 1281 2555 1484 2625; x_wconf 89' lang='grc' dir='ltr'>χεῖρες,</span> <span class='ocrx_word' id='word_1_216' title='bbox 1513 2551 1628 2605; x_wconf 84' lang='grc' dir='ltr'>ἀλλ’</span> <span class='ocrx_word' id='word_1_217' title='bbox 1654 2553 1842 2623; x_wconf 79' lang='grc' dir='ltr'>ἐπειδὴ</span> 
     </span>
    </p>
   </div>
   <div class='ocr_carea' id='block_1_29' title="bbox 259 2634 1843 2706">
    <p class='ocr_par' dir='ltr' id='par_1_29' title="bbox 259 2634 1843 2706">
     <span class='ocr_line' id='line_1_29' title="bbox 259 2634 1843 2706; baseline -0.004 -12"><span class='ocrx_word' id='word_1_218' title='bbox 259 2640 321 2694; x_wconf 82' lang='grc' dir='ltr'>τδ</span> <span class='ocrx_word' id='word_1_219' title='bbox 348 2638 613 2693; x_wconf 88' lang='grc' dir='ltr'>πετᾶσθαί</span> <span class='ocrx_word' id='word_1_220' title='bbox 640 2638 756 2691; x_wconf 87' lang='grc' dir='ltr'>ἐστι</span> <span class='ocrx_word' id='word_1_221' title='bbox 788 2636 848 2689; x_wconf 83' lang='grc' dir='ltr'>τὸ</span> <span class='ocrx_word' id='word_1_222' title='bbox 870 2634 1191 2689; x_wconf 75' lang='grc' dir='ltr'>διπλοῦσθαι.</span> <span class='ocrx_word' id='word_1_223' title='bbox 1231 2636 1341 2688; x_wconf 82' lang='lat' dir='ltr'><strong><em>Kal</em></strong></span> <span class='ocrx_word' id='word_1_224' title='bbox 1381 2636 1443 2689; x_wconf 83' lang='grc' dir='ltr'>τὸ</span> <span class='ocrx_word' id='word_1_225' title='bbox 1467 2635 1635 2706; x_wconf 84' lang='grc' dir='ltr'>ἑρπον</span> <span class='ocrx_word' id='word_1_226' title='bbox 1666 2635 1843 2688; x_wconf 81' lang='grc' dir='ltr'>τοίνυν</span> 
     </span>
    </p>
   </div>
   <div class='ocr_carea' id='block_1_30' title="bbox 262 2717 1844 2789">
    <p class='ocr_par' dir='ltr' id='par_1_30' title="bbox 262 2717 1844 2789">
     <span class='ocr_line' id='line_1_30' title="bbox 262 2717 1844 2789; baseline -0.004 -12"><span class='ocrx_word' id='word_1_227' title='bbox 262 2723 506 2777; x_wconf 84' lang='grc' dir='ltr'>πετεινόν</span> <span class='ocrx_word' id='word_1_228' title='bbox 526 2722 672 2774; x_wconf 82' lang='grc' dir='ltr'>ἐστιν</span> <span class='ocrx_word' id='word_1_229' title='bbox 698 2719 804 2773; x_wconf 81' lang='grc' dir='ltr'>ἀπὸ</span> <span class='ocrx_word' id='word_1_230' title='bbox 830 2718 923 2771; x_wconf 86' lang='grc' dir='ltr'>τοῦ</span> <span class='ocrx_word' id='word_1_231' title='bbox 954 2717 1219 2789; x_wconf 84' lang='grc' dir='ltr'>ἑρπεσθαι</span> <span class='ocrx_word' id='word_1_232' title='bbox 1246 2719 1339 2771; x_wconf 70' lang='grc' dir='ltr'>καὶ</span> <span class='ocrx_word' id='word_1_233' title='bbox 1368 2717 1700 2772; x_wconf 68' lang='grc' dir='ltr'>ἀπλοῦσθαν</span> <span class='ocrx_word' id='word_1_234' title='bbox 1723 2719 1844 2771; x_wconf 83' lang='grc' dir='ltr'>ὅθεν</span> 
     </span>
    </p>
   </div>
   <div class='ocr_carea' id='block_1_31' title="bbox 266 2800 1842 2875">
    <p class='ocr_par' dir='ltr' id='par_1_31' title="bbox 266 2800 1842 2875">
     <span class='ocr_line' id='line_1_31' title="bbox 266 2800 1842 2875; baseline -0.004 -14"><span class='ocrx_word' id='word_1_235' title='bbox 266 2808 360 2861; x_wconf 67' lang='grc' dir='ltr'>καὶ</span> <span class='ocrx_word' id='word_1_236' title='bbox 377 2804 545 2861; x_wconf 78' lang='grc' dir='ltr'>Δαυῖδ</span> <span class='ocrx_word' id='word_1_237' title='bbox 588 2818 785 2875; x_wconf 71' lang='grc' dir='ltr'>φησιν*</span> <span class='ocrx_word' id='word_1_238' title='bbox 839 2800 1085 2869; x_wconf 83' lang='grc' dir='ltr'>Ἑρπετὰ</span> <span class='ocrx_word' id='word_1_239' title='bbox 1122 2802 1218 2855; x_wconf 81' lang='grc' dir='ltr'>καί</span> <span class='ocrx_word' id='word_1_240' title='bbox 1274 2801 1514 2855; x_wconf 82' lang='grc' dir='ltr'>πετεινὰ</span> <span class='ocrx_word' id='word_1_241' title='bbox 1559 2800 1842 2870; x_wconf 85' lang='grc' dir='ltr'>πτερωτά.</span> 
     </span>
    </p>
   </div>
   <div class='ocr_carea' id='block_1_32' title="bbox 280 2883 1849 2956">
    <p class='ocr_par' dir='ltr' id='par_1_32' title="bbox 280 2883 1849 2956">
     <span class='ocr_line' id='line_1_32' title="bbox 280 2883 1849 2956; baseline -0.006 -11"><span class='ocrx_word' id='word_1_242' title='bbox 280 2890 565 2956; x_wconf 75' lang='grc' dir='ltr'>Ἐποίησε</span> <span class='ocrx_word' id='word_1_243' title='bbox 596 2885 774 2940; x_wconf 80' lang='grc' dir='ltr'>τοίνυν</span> <span class='ocrx_word' id='word_1_244' title='bbox 804 2888 836 2939; x_wconf 80' lang='grc' dir='ltr'><em>ὁ</em></span> <span class='ocrx_word' id='word_1_245' title='bbox 866 2884 1010 2951; x_wconf 89' lang='grc' dir='ltr'>Θεὸς</span> <span class='ocrx_word' id='word_1_246' title='bbox 1039 2884 1111 2939; x_wconf 86' lang='grc' dir='ltr'>τὰ</span> <span class='ocrx_word' id='word_1_247' title='bbox 1130 2883 1283 2953; x_wconf 76' lang='grc' dir='ltr'>κήτη</span> <span class='ocrx_word' id='word_1_248' title='bbox 1306 2884 1379 2939; x_wconf 82' lang='grc' dir='ltr'>τὰ</span> <span class='ocrx_word' id='word_1_249' title='bbox 1410 2884 1674 2955; x_wconf 74' lang='grc' dir='ltr'>μεγάλα·</span> <span class='ocrx_word' id='word_1_250' title='bbox 1698 2902 1849 2937; x_wconf 86' lang='grc' dir='ltr'>τουτ-</span> 
     </span>
    </p>
   </div>
   <div class='ocr_carea' id='block_1_33' title="bbox 274 2967 1845 3043">
    <p class='ocr_par' dir='ltr' id='par_1_33' title="bbox 274 2967 1845 3043">
     <span class='ocr_line' id='line_1_33' title="bbox 274 2967 1845 3043; baseline -0.004 -17"><span class='ocrx_word' id='word_1_251' title='bbox 274 2973 403 3036; x_wconf 81' lang='grc' dir='ltr'>έστι,</span> <span class='ocrx_word' id='word_1_252' title='bbox 446 2973 577 3036; x_wconf 83' lang='grc' dir='ltr'>τούς</span> <span class='ocrx_word' id='word_1_253' title='bbox 616 2970 917 3043; x_wconf 89' lang='grc' dir='ltr'>δράκοντας</span> <span class='ocrx_word' id='word_1_254' title='bbox 950 2970 1076 3032; x_wconf 88' lang='grc' dir='ltr'>τούς</span> <span class='ocrx_word' id='word_1_255' title='bbox 1103 2968 1396 3040; x_wconf 81' lang='grc' dir='ltr'>μεγάλους,</span> <span class='ocrx_word' id='word_1_256' title='bbox 1423 2970 1551 3033; x_wconf 86' lang='grc' dir='ltr'>τούς</span> <span class='ocrx_word' id='word_1_257' title='bbox 1573 2971 1631 3021; x_wconf 81' lang='grc' dir='ltr'>ἐν</span> <span class='ocrx_word' id='word_1_258' title='bbox 1652 2969 1719 3039; x_wconf 76' lang='grc' dir='ltr'>τῇ</span> <span class='ocrx_word' id='word_1_259' title='bbox 1748 2967 1845 3021; x_wconf 87' lang='grc' dir='ltr'>θα-</span> 
     </span>
    </p>
   </div>
   <div class='ocr_carea' id='block_1_34' title="bbox 272 3051 1850 3131">
    <p class='ocr_par' dir='ltr' id='par_1_34' title="bbox 272 3051 1850 3131">
     <span class='ocr_line' id='line_1_34' title="bbox 272 3051 1850 3131; baseline -0.004 -22"><span class='ocrx_word' id='word_1_260' title='bbox 272 3055 457 3131; x_wconf 87' lang='grc' dir='ltr'>λάττῃ.</span> <span class='ocrx_word' id='word_1_261' title='bbox 496 3055 561 3110; x_wconf 78' lang='grc' dir='ltr'>υἱ</span> <span class='ocrx_word' id='word_1_262' title='bbox 596 3054 704 3125; x_wconf 84' lang='grc' dir='ltr'>γὰρ</span> <span class='ocrx_word' id='word_1_263' title='bbox 736 3052 886 3108; x_wconf 80' lang='grc' dir='ltr'>ἄλλοι</span> <span class='ocrx_word' id='word_1_264' title='bbox 919 3052 1251 3124; x_wconf 86' lang='grc' dir='ltr'>ἑρμηνευταὶ</span> <span class='ocrx_word' id='word_1_265' title='bbox 1288 3052 1570 3120; x_wconf 87' lang='grc' dir='ltr'>λέγουσιν·</span> <span class='ocrx_word' id='word_1_266' title='bbox 1615 3051 1850 3117; x_wconf 84' lang='grc' dir='ltr'>Ἐποίη-</span> 
     </span>
    </p>
   </div>
   <div class='ocr_carea' id='block_1_35' title="bbox 272 3133 1853 3204">
    <p class='ocr_par' dir='ltr' id='par_1_35' title="bbox 272 3133 1853 3204">
     <span class='ocr_line' id='line_1_35' title="bbox 272 3133 1853 3204; baseline -0.004 -11"><span class='ocrx_word' id='word_1_267' title='bbox 272 3156 380 3193; x_wconf 87' lang='grc' dir='ltr'>σεν</span> <span class='ocrx_word' id='word_1_268' title='bbox 420 3139 456 3193; x_wconf 88' lang='grc' dir='ltr'><strong>ὁ</strong></span> <span class='ocrx_word' id='word_1_269' title='bbox 491 3136 637 3203; x_wconf 86' lang='grc' dir='ltr'><em>Θεὸς</em></span> <span class='ocrx_word' id='word_1_270' title='bbox 667 3135 809 3202; x_wconf 80' lang='grc' dir='ltr'>τοὺς</span> <span class='ocrx_word' id='word_1_271' title='bbox 827 3134 1163 3202; x_wconf 71' lang='grc' dir='ltr'>δράκοντας</span> <span class='ocrx_word' id='word_1_272' title='bbox 1196 3133 1341 3201; x_wconf 85' lang='grc' dir='ltr'>τοὺς</span> <span class='ocrx_word' id='word_1_273' title='bbox 1378 3133 1703 3204; x_wconf 74' lang='grc' dir='ltr'>μεγάλους.</span> <span class='ocrx_word' id='word_1_274' title='bbox 1737 3134 1853 3187; x_wconf 84' lang='grc' dir='ltr'>Οὐκ</span> 
     </span>
    </p>
   </div>
   <div class='ocr_carea' id='block_1_36' title="bbox 272 3215 1853 3289">
    <p class='ocr_par' dir='ltr' id='par_1_36' title="bbox 272 3215 1853 3289">
     <span class='ocr_line' id='line_1_36' title="bbox 272 3215 1853 3289; baseline -0.003 -13"><span class='ocrx_word' id='word_1_275' title='bbox 272 3220 420 3278; x_wconf 80' lang='grc' dir='ltr'>εἷπον</span> <span class='ocrx_word' id='word_1_276' title='bbox 444 3235 496 3289; x_wconf 79' lang='grc' dir='ltr'>ι,</span> <span class='ocrx_word' id='word_1_277' title='bbox 531 3221 607 3276; x_wconf 78' lang='lat' dir='ltr'><strong><em>Ta</em></strong></span> <span class='ocrx_word' id='word_1_278' title='bbox 637 3218 811 3286; x_wconf 79' lang='grc' dir='ltr'>κήτη,</span> <span class='ocrx_word' id='word_1_279' title='bbox 853 3218 1009 3283; x_wconf 82' lang='grc' dir='ltr'>ἀλλά,</span> <span class='ocrx_word' id='word_1_280' title='bbox 1056 3218 1204 3284; x_wconf 86' lang='grc' dir='ltr'><em>Τοὺς</em></span> <span class='ocrx_word' id='word_1_281' title='bbox 1241 3216 1592 3286; x_wconf 83' lang='grc' dir='ltr'>δράκοντας.</span> <span class='ocrx_word' id='word_1_282' title='bbox 1628 3215 1853 3289; x_wconf 85' lang='grc' dir='ltr'>Πρῶτον</span> 
     </span>
    </p>
   </div>
   <div class='ocr_carea' id='block_1_37' title="bbox 270 3301 1852 3377">
    <p class='ocr_par' dir='ltr' id='par_1_37' title="bbox 270 3301 1852 3377">
     <span class='ocr_line' id='line_1_37' title="bbox 270 3301 1852 3377; baseline -0.003 -17"><span class='ocrx_word' id='word_1_283' title='bbox 270 3308 420 3362; x_wconf 75' lang='grc' dir='ltr'>οὐδὲν</span> <span class='ocrx_word' id='word_1_284' title='bbox 459 3309 517 3360; x_wconf 89' lang='grc' dir='ltr'>ἐν</span> <span class='ocrx_word' id='word_1_285' title='bbox 544 3308 612 3377; x_wconf 78' lang='grc' dir='ltr'>τῇ</span> <span class='ocrx_word' id='word_1_286' title='bbox 640 3304 886 3377; x_wconf 80' lang='grc' dir='ltr'>θαλάσσῃ</span> <span class='ocrx_word' id='word_1_287' title='bbox 905 3304 964 3356; x_wconf 89' lang='grc' dir='ltr'>ἐν</span> <span class='ocrx_word' id='word_1_288' title='bbox 987 3305 1099 3367; x_wconf 89' lang='grc' dir='ltr'>τοίς</span> <span class='ocrx_word' id='word_1_289' title='bbox 1120 3301 1381 3373; x_wconf 69' lang='grc' dir='ltr'>ἐμψύχοις</span> <span class='ocrx_word' id='word_1_290' title='bbox 1399 3301 1690 3374; x_wconf 82' lang='grc' dir='ltr'>ἑγένετο,ῆ</span> <span class='ocrx_word' id='word_1_291' title='bbox 1720 3301 1852 3375; x_wconf 83' lang='grc' dir='ltr'>δρά-</span> 
     </span>
    </p>
   </div>
   <div class='ocr_carea' id='block_1_38' title="bbox 272 3384 1854 3454">
    <p class='ocr_par' dir='ltr' id='par_1_38' title="bbox 272 3384 1854 3454">
     <span class='ocr_line' id='line_1_38' title="bbox 272 3384 1854 3454; baseline -0.005 -8"><span class='ocrx_word' id='word_1_292' title='bbox 272 3406 405 3446; x_wconf 76' lang='grc' dir='ltr'>κων.</span> <span class='ocrx_word' id='word_1_293' title='bbox 448 3388 548 3442; x_wconf 85' lang='grc' dir='ltr'>Διά</span> <span class='ocrx_word' id='word_1_294' title='bbox 573 3386 731 3440; x_wconf 91' lang='grc' dir='ltr'>τοῦτο</span> <span class='ocrx_word' id='word_1_295' title='bbox 764 3388 793 3439; x_wconf 94' lang='lat'>6</span> <span class='ocrx_word' id='word_1_296' title='bbox 826 3385 990 3439; x_wconf 79' lang='grc' dir='ltr'>Δαυὶδ</span> <span class='ocrx_word' id='word_1_297' title='bbox 1022 3385 1206 3454; x_wconf 88' lang='grc' dir='ltr'>λέγει·</span> <span class='ocrx_word' id='word_1_298' title='bbox 1244 3384 1472 3439; x_wconf 84' lang='grc' dir='ltr'>Αἱνεῖτε</span> <span class='ocrx_word' id='word_1_299' title='bbox 1496 3384 1604 3438; x_wconf 89' lang='grc' dir='ltr'>τὸν</span> <span class='ocrx_word' id='word_1_300' title='bbox 1634 3385 1854 3453; x_wconf 81' lang='grc' dir='ltr'>Κύριον</span> 
     </span>
    </p>
   </div>
   <div class='ocr_carea' id='block_1_39' title="bbox 271 3465 1855 3540">
    <p class='ocr_par' dir='ltr' id='par_1_39' title="bbox 271 3465 1855 3540">
     <span class='ocr_line' id='line_1_39' title="bbox 271 3465 1855 3540; baseline -0.003 -15"><span class='ocrx_word' id='word_1_301' title='bbox 271 3473 340 3527; x_wconf 78' lang='grc' dir='ltr'>ἐκ</span> <span class='ocrx_word' id='word_1_302' title='bbox 380 3472 493 3540; x_wconf 82' lang='grc' dir='ltr'>τῆς</span> <span class='ocrx_word' id='word_1_303' title='bbox 524 3466 662 3540; x_wconf 75' lang='grc' dir='ltr'>γῆς,</span> <span class='ocrx_word' id='word_1_304' title='bbox 698 3467 1020 3537; x_wconf 79' lang='grc' dir='ltr'>δράκοντες</span> <span class='ocrx_word' id='word_1_305' title='bbox 1050 3469 1149 3522; x_wconf 78' lang='grc' dir='ltr'>καί</span> <span class='ocrx_word' id='word_1_306' title='bbox 1192 3465 1382 3523; x_wconf 82' lang='grc' dir='ltr'>πᾶσαι</span> <span class='ocrx_word' id='word_1_307' title='bbox 1414 3466 1708 3522; x_wconf 77' lang='grc' dir='ltr'>ἄϐυσσοι·</span> <span class='ocrx_word' id='word_1_308' title='bbox 1760 3468 1855 3522; x_wconf 77' lang='grc' dir='ltr'>καὶ</span> 
     </span>
    </p>
   </div>
   <div class='ocr_carea' id='block_1_40' title="bbox 273 3549 1855 3626">
    <p class='ocr_par' dir='ltr' id='par_1_40' title="bbox 273 3549 1855 3626">
     <span class='ocr_line' id='line_1_40' title="bbox 273 3549 1855 3626; baseline -0.003 -18"><span class='ocrx_word' id='word_1_309' title='bbox 273 3552 549 3626; x_wconf 74' lang='grc' dir='ltr'>ἀλλαχοῦο</span> <span class='ocrx_word' id='word_1_310' title='bbox 591 3551 749 3619; x_wconf 78' lang='grc' dir='ltr'>Αὕτη</span> <span class='ocrx_word' id='word_1_311' title='bbox 784 3551 821 3618; x_wconf 78' lang='grc' dir='ltr'>ἡ</span> <span class='ocrx_word' id='word_1_312' title='bbox 866 3552 1149 3605; x_wconf 84' lang='grc' dir='ltr'>θάλασσα</span> <span class='ocrx_word' id='word_1_313' title='bbox 1193 3553 1231 3619; x_wconf 75' lang='grc' dir='ltr'><em>ὴ</em></span> <span class='ocrx_word' id='word_1_314' title='bbox 1274 3549 1505 3620; x_wconf 80' lang='grc' dir='ltr'>μεγάλη</span> <span class='ocrx_word' id='word_1_315' title='bbox 1547 3550 1648 3604; x_wconf 77' lang='grc' dir='ltr'>καὶ</span> <span class='ocrx_word' id='word_1_316' title='bbox 1679 3552 1855 3619; x_wconf 71' lang='grc' dir='ltr'>είφύ-</span> 
     </span>
    </p>
   </div>
   <div class='ocr_carea' id='block_1_41' title="bbox 280 3628 1858 3707">
    <p class='ocr_par' dir='ltr' id='par_1_41' title="bbox 280 3628 1858 3707">
     <span class='ocr_line' id='line_1_41' title="bbox 280 3628 1858 3707; baseline -0.003 -17"><span class='ocrx_word' id='word_1_317' title='bbox 280 3654 495 3707; x_wconf 83' lang='grc' dir='ltr'>χωρος,</span> <span class='ocrx_word' id='word_1_318' title='bbox 532 3633 655 3687; x_wconf 74' lang='grc' dir='ltr'>ἐκεῖ</span> <span class='ocrx_word' id='word_1_319' title='bbox 685 3633 900 3701; x_wconf 81' lang='grc' dir='ltr'>ἑρπετά</span> <span class='ocrx_word' id='word_1_320' title='bbox 945 3628 1033 3686; x_wconf 82' lang='grc' dir='ltr'>ὧν</span> <span class='ocrx_word' id='word_1_321' title='bbox 1063 3635 1174 3687; x_wconf 83' lang='grc' dir='ltr'>οὐκ</span> <span class='ocrx_word' id='word_1_322' title='bbox 1215 3635 1385 3687; x_wconf 79' lang='grc' dir='ltr'>ἐστιν</span> <span class='ocrx_word' id='word_1_323' title='bbox 1427 3633 1703 3703; x_wconf 84' lang='grc' dir='ltr'>ἀριθμός·</span> <span class='ocrx_word' id='word_1_324' title='bbox 1746 3633 1858 3695; x_wconf 84' lang='grc' dir='ltr'>ζῶα</span> 
     </span>
    </p>
   </div>
   <div class='ocr_carea' id='block_1_42' title="bbox 271 3714 1852 3791">
    <p class='ocr_par' dir='ltr' id='par_1_42' title="bbox 271 3714 1852 3791">
     <span class='ocr_line' id='line_1_42' title="bbox 271 3714 1852 3791; baseline -0.001 -18"><span class='ocrx_word' id='word_1_325' title='bbox 271 3719 461 3791; x_wconf 80' lang='grc' dir='ltr'>μικρὰ</span> <span class='ocrx_word' id='word_1_326' title='bbox 485 3717 635 3787; x_wconf 85' lang='grc' dir='ltr'>μετὰ</span> <span class='ocrx_word' id='word_1_327' title='bbox 676 3714 973 3784; x_wconf 76' lang='grc' dir='ltr'>μεγάλων,</span> <span class='ocrx_word' id='word_1_328' title='bbox 1003 3714 1126 3768; x_wconf 82' lang='grc' dir='ltr'>ἐκεῖ</span> <span class='ocrx_word' id='word_1_329' title='bbox 1160 3714 1341 3768; x_wconf 84' lang='grc' dir='ltr'>πλοῖα</span> <span class='ocrx_word' id='word_1_330' title='bbox 1377 3714 1852 3784; x_wconf 85' lang='grc' dir='ltr'>διαπορεύονται.</span> 
     </span>
    </p>
   </div>
   <div class='ocr_carea' id='block_1_43' title="bbox 278 3791 1859 3872">
    <p class='ocr_par' dir='ltr' id='par_1_43' title="bbox 278 3791 1859 3872">
     <span class='ocr_line' id='line_1_43' title="bbox 278 3791 1859 3872; baseline -0.001 -14"><span class='ocrx_word' id='word_1_331' title='bbox 278 3804 522 3872; x_wconf 73' lang='grc' dir='ltr'>Δράκων</span> <span class='ocrx_word' id='word_1_332' title='bbox 547 3796 719 3865; x_wconf 82' lang='grc' dir='ltr'>οὗτος</span> <span class='ocrx_word' id='word_1_333' title='bbox 743 3838 758 3864; x_wconf 98' lang='grc'>,</span> <span class='ocrx_word' id='word_1_334' title='bbox 798 3798 870 3852; x_wconf 89' lang='grc' dir='ltr'>δν</span> <span class='ocrx_word' id='word_1_335' title='bbox 907 3791 1185 3864; x_wconf 75' lang='grc' dir='ltr'>ἔπλασας</span> <span class='ocrx_word' id='word_1_336' title='bbox 1209 3798 1512 3867; x_wconf 76' lang='grc' dir='ltr'>ἐμπαίζειν</span> <span class='ocrx_word' id='word_1_337' title='bbox 1538 3801 1716 3866; x_wconf 84' lang='grc' dir='ltr'>αὐτῷ.</span> <span class='ocrx_word' id='word_1_338' title='bbox 1749 3803 1859 3856; x_wconf 80' lang='grc' dir='ltr'>Καὶ</span> 
     </span>
    </p>
   </div>
   <div class='ocr_carea' id='block_1_44' title="bbox 278 3876 1860 3957">
    <p class='ocr_par' dir='ltr' id='par_1_44' title="bbox 278 3876 1860 3957">
     <span class='ocr_line' id='line_1_44' title="bbox 278 3876 1860 3957; baseline -0.002 -16"><span class='ocrx_word' id='word_1_339' title='bbox 278 3883 516 3957; x_wconf 81' lang='grc' dir='ltr'>ἀλλαχοῦ</span> <span class='ocrx_word' id='word_1_340' title='bbox 557 3883 877 3955; x_wconf 89' lang='grc' dir='ltr'>βουλόμενος</span> <span class='ocrx_word' id='word_1_341' title='bbox 917 3881 1088 3946; x_wconf 80' lang='grc' dir='ltr'>δεῖξαι</span> <span class='ocrx_word' id='word_1_342' title='bbox 1128 3883 1212 3934; x_wconf 84' lang='grc' dir='ltr'>ὅτι</span> <span class='ocrx_word' id='word_1_343' title='bbox 1239 3882 1337 3952; x_wconf 78' lang='grc' dir='ltr'>οὐχ</span> <span class='ocrx_word' id='word_1_344' title='bbox 1363 3876 1473 3945; x_wconf 79' lang='grc' dir='ltr'>είς,</span> <span class='ocrx_word' id='word_1_345' title='bbox 1512 3883 1645 3936; x_wconf 87' lang='grc' dir='ltr'>ἀλλά</span> <span class='ocrx_word' id='word_1_346' title='bbox 1675 3884 1860 3939; x_wconf 87' lang='grc' dir='ltr'>πολλοὶ</span> 
     </span>
    </p>
   </div>
   <div class='ocr_carea' id='block_1_45' title="bbox 278 3964 1860 4043">
    <p class='ocr_par' dir='ltr' id='par_1_45' title="bbox 278 3964 1860 4043">
     <span class='ocr_line' id='line_1_45' title="bbox 278 3964 1860 4043; baseline -0.001 -19"><span class='ocrx_word' id='word_1_347' title='bbox 278 3970 568 4043; x_wconf 85' lang='grc' dir='ltr'>δράκοντές</span> <span class='ocrx_word' id='word_1_348' title='bbox 597 3969 702 4021; x_wconf 86' lang='grc' dir='ltr'>εἱσι</span> <span class='ocrx_word' id='word_1_349' title='bbox 720 4008 733 4027; x_wconf 85' lang='grc'>,</span> <span class='ocrx_word' id='word_1_350' title='bbox 756 3966 936 4034; x_wconf 89' lang='grc' dir='ltr'>λέγει·</span> <span class='ocrx_word' id='word_1_351' title='bbox 961 3966 1045 4019; x_wconf 89' lang='grc' dir='ltr'>Σὺ</span> <span class='ocrx_word' id='word_1_352' title='bbox 1070 3964 1437 4033; x_wconf 72' lang='grc' dir='ltr'>συνέτριψας</span> <span class='ocrx_word' id='word_1_353' title='bbox 1464 3966 1860 4042; x_wconf 52' lang='grc' dir='ltr'>τὰςοκεςραλὰς</span> 
     </span>
    </p>
   </div>
   <div class='ocr_carea' id='block_1_46' title="bbox 278 4047 1862 4123">
    <p class='ocr_par' dir='ltr' id='par_1_46' title="bbox 278 4047 1862 4123">
     <span class='ocr_line' id='line_1_46' title="bbox 278 4047 1862 4123; baseline -0.001 -16"><span class='ocrx_word' id='word_1_354' title='bbox 278 4054 400 4109; x_wconf 86' lang='grc' dir='ltr'>τῶν</span> <span class='ocrx_word' id='word_1_355' title='bbox 427 4052 771 4123; x_wconf 79' lang='grc' dir='ltr'>δρακόντων</span> <span class='ocrx_word' id='word_1_356' title='bbox 809 4049 907 4104; x_wconf 77' lang='grc' dir='ltr'>ἐπί</span> <span class='ocrx_word' id='word_1_357' title='bbox 945 4049 1053 4103; x_wconf 84' lang='grc' dir='ltr'>τοῦ</span> <span class='ocrx_word' id='word_1_358' title='bbox 1094 4047 1333 4114; x_wconf 83' lang='grc' dir='ltr'>ὕδατος.</span> <span class='ocrx_word' id='word_1_359' title='bbox 1381 4050 1662 4116; x_wconf 82' lang='grc' dir='ltr'>Ἐποίησε</span> <span class='ocrx_word' id='word_1_360' title='bbox 1687 4050 1862 4106; x_wconf 84' lang='grc' dir='ltr'>τοίνυν</span> 
     </span>
    </p>
   </div>
   <div class='ocr_carea' id='block_1_47' title="bbox 280 4127 1866 4205">
    <p class='ocr_par' dir='ltr' id='par_1_47' title="bbox 280 4127 1866 4205">
     <span class='ocr_line' id='line_1_47' title="bbox 280 4127 1866 4205; baseline -0.001 -13"><span class='ocrx_word' id='word_1_361' title='bbox 280 4139 354 4192; x_wconf 85' lang='grc' dir='ltr'>τὰ</span> <span class='ocrx_word' id='word_1_362' title='bbox 382 4139 534 4205; x_wconf 77' lang='grc' dir='ltr'>κήτη</span> <span class='ocrx_word' id='word_1_363' title='bbox 565 4134 638 4188; x_wconf 86' lang='grc' dir='ltr'>τὰ</span> <span class='ocrx_word' id='word_1_364' title='bbox 655 4131 912 4203; x_wconf 77' lang='grc' dir='ltr'>μεγάλα.</span> <span class='ocrx_word' id='word_1_365' title='bbox 950 4131 1060 4186; x_wconf 89' lang='lat' dir='ltr'><strong><em>Kal</em></strong></span> <span class='ocrx_word' id='word_1_366' title='bbox 1091 4127 1252 4185; x_wconf 76' lang='grc' dir='ltr'>εἶδεν</span> <span class='ocrx_word' id='word_1_367' title='bbox 1287 4134 1320 4185; x_wconf 84' lang='grc' dir='ltr'>ό</span> <span class='ocrx_word' id='word_1_368' title='bbox 1348 4133 1516 4199; x_wconf 89' lang='grc' dir='ltr'>Θεὸς,</span> <span class='ocrx_word' id='word_1_369' title='bbox 1552 4131 1640 4187; x_wconf 82' lang='grc' dir='ltr'>ὅτι</span> <span class='ocrx_word' id='word_1_370' title='bbox 1668 4132 1866 4190; x_wconf 82' lang='grc' dir='ltr'>πάντα</span> 
     </span>
    </p>
   </div>
   <div class='ocr_carea' id='block_1_48' title="bbox 280 4212 1865 4288">
    <p class='ocr_par' dir='ltr' id='par_1_48' title="bbox 280 4212 1865 4288">
     <span class='ocr_line' id='line_1_48' title="bbox 280 4212 1865 4288; baseline -0.003 -15"><span class='ocrx_word' id='word_1_371' title='bbox 280 4220 460 4275; x_wconf 82' lang='grc' dir='ltr'>καλά.</span> <span class='ocrx_word' id='word_1_372' title='bbox 490 4216 638 4271; x_wconf 89' lang='grc' dir='ltr'>Διατί</span> <span class='ocrx_word' id='word_1_373' title='bbox 671 4212 792 4269; x_wconf 83' lang='grc' dir='ltr'>εἷπε</span> <span class='ocrx_word' id='word_1_374' title='bbox 812 4254 827 4279; x_wconf 90' lang='grc'>,</span> <span class='ocrx_word' id='word_1_375' title='bbox 858 4213 1065 4279; x_wconf 81' lang='grc' dir='ltr'>Καλά;</span> <span class='ocrx_word' id='word_1_376' title='bbox 1104 4214 1226 4285; x_wconf 75' lang='grc' dir='ltr'>οὐχὶ</span> <span class='ocrx_word' id='word_1_377' title='bbox 1272 4215 1434 4268; x_wconf 81' lang='grc' dir='ltr'>καλὸν</span> <span class='ocrx_word' id='word_1_378' title='bbox 1454 4216 1482 4256; x_wconf 73' lang='grc' dir='ltr'>δ</span> <span class='ocrx_word' id='word_1_379' title='bbox 1519 4215 1605 4270; x_wconf 84' lang='grc' dir='ltr'>διὰ</span> <span class='ocrx_word' id='word_1_380' title='bbox 1639 4217 1701 4270; x_wconf 86' lang='grc' dir='ltr'>τὸ</span> <span class='ocrx_word' id='word_1_381' title='bbox 1730 4217 1865 4288; x_wconf 89' lang='grc' dir='ltr'>πλῆ-</span> 
     </span>
    </p>
   </div>
   <div class='ocr_carea' id='block_1_49' title="bbox 282 4297 1864 4371">
    <p class='ocr_par' dir='ltr' id='par_1_49' title="bbox 282 4297 1864 4371">
     <span class='ocr_line' id='line_1_49' title="bbox 282 4297 1864 4371; baseline -0.001 -14"><span class='ocrx_word' id='word_1_382' title='bbox 282 4302 401 4369; x_wconf 86' lang='grc' dir='ltr'>θος;</span> <span class='ocrx_word' id='word_1_383' title='bbox 454 4302 593 4355; x_wconf 80' lang='grc' dir='ltr'>Ἀλλ’</span> <span class='ocrx_word' id='word_1_384' title='bbox 629 4302 716 4353; x_wconf 80' lang='grc' dir='ltr'>ὅτε</span> <span class='ocrx_word' id='word_1_385' title='bbox 759 4297 982 4369; x_wconf 82' lang='grc' dir='ltr'>ἐποίησε</span> <span class='ocrx_word' id='word_1_386' title='bbox 1022 4297 1147 4361; x_wconf 82' lang='grc' dir='ltr'>τοὺς</span> <span class='ocrx_word' id='word_1_387' title='bbox 1181 4297 1416 4369; x_wconf 80' lang='grc' dir='ltr'>ἀστέρας</span> <span class='ocrx_word' id='word_1_388' title='bbox 1460 4300 1555 4353; x_wconf 80' lang='grc' dir='ltr'>καὶ</span> <span class='ocrx_word' id='word_1_389' title='bbox 1594 4299 1743 4371; x_wconf 76' lang='grc' dir='ltr'>ἥλιον</span> <span class='ocrx_word' id='word_1_390' title='bbox 1770 4301 1864 4355; x_wconf 77' lang='grc' dir='ltr'>καὶ</span> 
     </span>
    </p>
   </div>
   <div class='ocr_carea' id='block_1_50' title="bbox 282 4375 1866 4455">
    <p class='ocr_par' dir='ltr' id='par_1_50' title="bbox 282 4375 1866 4455">
     <span class='ocr_line' id='line_1_50' title="bbox 282 4375 1866 4455; baseline -0.001 -19"><span class='ocrx_word' id='word_1_391' title='bbox 282 4383 531 4455; x_wconf 80' lang='grc' dir='ltr'>σελήνην,</span> <span class='ocrx_word' id='word_1_392' title='bbox 567 4379 774 4434; x_wconf 85' lang='grc' dir='ltr'>πολλῶν</span> <span class='ocrx_word' id='word_1_393' title='bbox 800 4378 967 4432; x_wconf 76' lang='grc' dir='ltr'>ὄντων</span> <span class='ocrx_word' id='word_1_394' title='bbox 995 4375 1104 4430; x_wconf 85' lang='grc' dir='ltr'>τῶν</span> <span class='ocrx_word' id='word_1_395' title='bbox 1125 4377 1454 4449; x_wconf 86' lang='grc' dir='ltr'>γενομένων,</span> <span class='ocrx_word' id='word_1_396' title='bbox 1486 4377 1654 4447; x_wconf 80' lang='grc' dir='ltr'>λέγει’</span> <span class='ocrx_word' id='word_1_397' title='bbox 1686 4375 1866 4434; x_wconf 76' lang='grc' dir='ltr'>Εἶδεν</span> 
     </span>
    </p>
   </div>
   <div class='ocr_carea' id='block_1_51' title="bbox 281 4460 1864 4535">
    <p class='ocr_par' dir='ltr' id='par_1_51' title="bbox 281 4460 1864 4535">
     <span class='ocr_line' id='line_1_51' title="bbox 281 4460 1864 4535; baseline -0.001 -17"><span class='ocrx_word' id='word_1_398' title='bbox 281 4468 314 4518; x_wconf 86' lang='lat' dir='ltr'>d</span> <span class='ocrx_word' id='word_1_399' title='bbox 336 4466 485 4531; x_wconf 82' lang='grc' dir='ltr'>Θεὸς</span> <span class='ocrx_word' id='word_1_400' title='bbox 512 4463 601 4516; x_wconf 85' lang='grc' dir='ltr'>ὅτι</span> <span class='ocrx_word' id='word_1_401' title='bbox 637 4464 848 4517; x_wconf 81' lang='grc' dir='ltr'>καλόν.</span> <span class='ocrx_word' id='word_1_402' title='bbox 874 4460 1064 4514; x_wconf 85' lang='grc' dir='ltr'>Πολλοὶ</span> <span class='ocrx_word' id='word_1_403' title='bbox 1091 4460 1319 4531; x_wconf 83' lang='grc' dir='ltr'>ἀστέρες</span> <span class='ocrx_word' id='word_1_404' title='bbox 1338 4500 1352 4525; x_wconf 93' lang='grc'>,</span> <span class='ocrx_word' id='word_1_405' title='bbox 1379 4462 1473 4514; x_wconf 76' lang='grc' dir='ltr'>καὶ</span> <span class='ocrx_word' id='word_1_406' title='bbox 1501 4461 1864 4535; x_wconf 81' lang='grc' dir='ltr'>ἀναρίθμητοι</span> 
     </span>
    </p>
   </div>
   <div class='ocr_carea' id='block_1_52' title="bbox 281 4538 1865 4616">
    <p class='ocr_par' dir='ltr' id='par_1_52' title="bbox 281 4538 1865 4616">
     <span class='ocr_line' id='line_1_52' title="bbox 281 4538 1865 4616; baseline 0 -17"><span class='ocrx_word' id='word_1_407' title='bbox 281 4548 490 4601; x_wconf 79' lang='grc' dir='ltr'>τούτων</span> <span class='ocrx_word' id='word_1_408' title='bbox 520 4548 574 4599; x_wconf 92' lang='grc' dir='ltr'>αί</span> <span class='ocrx_word' id='word_1_409' title='bbox 601 4545 857 4616; x_wconf 83' lang='grc' dir='ltr'>μυριάδες</span> <span class='ocrx_word' id='word_1_410' title='bbox 875 4562 887 4574; x_wconf 93' lang='grc'><strong>·</strong></span> <span class='ocrx_word' id='word_1_411' title='bbox 914 4544 1009 4596; x_wconf 80' lang='grc' dir='ltr'>καὶ</span> <span class='ocrx_word' id='word_1_412' title='bbox 1031 4544 1132 4596; x_wconf 90' lang='grc' dir='ltr'>οὐκ</span> <span class='ocrx_word' id='word_1_413' title='bbox 1169 4540 1341 4611; x_wconf 84' lang='grc' dir='ltr'>εἶπεν,</span> <span class='ocrx_word' id='word_1_414' title='bbox 1373 4538 1527 4597; x_wconf 79' lang='grc' dir='ltr'>Εἷδεν</span> <span class='ocrx_word' id='word_1_415' title='bbox 1559 4547 1586 4599; x_wconf 89' lang='lat'>6</span> <span class='ocrx_word' id='word_1_416' title='bbox 1613 4545 1744 4609; x_wconf 83' lang='grc' dir='ltr'>Θεὸς</span> <span class='ocrx_word' id='word_1_417' title='bbox 1782 4547 1865 4599; x_wconf 84' lang='grc' dir='ltr'>ὅτι</span> 
     </span>
    </p>
   </div>
   <div class='ocr_carea' id='block_1_53' title="bbox 282 4621 1866 4695">
    <p class='ocr_par' dir='ltr' id='par_1_53' title="bbox 282 4621 1866 4695">
     <span class='ocr_line' id='line_1_53' title="bbox 282 4621 1866 4695; baseline -0.003 -15"><span class='ocrx_word' id='word_1_418' title='bbox 282 4627 456 4690; x_wconf 81' lang='grc' dir='ltr'>καλὰ,</span> <span class='ocrx_word' id='word_1_419' title='bbox 500 4624 637 4689; x_wconf 89' lang='grc' dir='ltr'>ἀλλ’,</span> <span class='ocrx_word' id='word_1_420' title='bbox 680 4624 802 4677; x_wconf 87' lang='grc' dir='ltr'>Ὅτι</span> <span class='ocrx_word' id='word_1_421' title='bbox 842 4623 1052 4676; x_wconf 84' lang='grc' dir='ltr'>καλόν.</span> <span class='ocrx_word' id='word_1_422' title='bbox 1098 4621 1249 4695; x_wconf 67' lang='grc'>[468]</span> <span class='ocrx_word' id='word_1_423' title='bbox 1291 4623 1474 4689; x_wconf 87' lang='grc' dir='ltr'>Διατὶ;</span> <span class='ocrx_word' id='word_1_424' title='bbox 1510 4622 1631 4677; x_wconf 88' lang='grc' dir='ltr'>Ὅτι</span> <span class='ocrx_word' id='word_1_425' title='bbox 1683 4625 1731 4677; x_wconf 90' lang='grc' dir='ltr'>εί</span> <span class='ocrx_word' id='word_1_426' title='bbox 1770 4623 1866 4677; x_wconf 78' lang='grc' dir='ltr'>καὶ</span> 
     </span>
    </p>
   </div>
   <div class='ocr_carea' id='block_1_54' title="bbox 285 4706 1867 4780">
    <p class='ocr_par' dir='ltr' id='par_1_54' title="bbox 285 4706 1867 4780">
     <span class='ocr_line' id='line_1_54' title="bbox 285 4706 1867 4780; baseline -0.002 -17"><span class='ocrx_word' id='word_1_427' title='bbox 285 4711 472 4765; x_wconf 71' lang='grc' dir='ltr'>πολλοὶ</span> <span class='ocrx_word' id='word_1_428' title='bbox 496 4707 806 4780; x_wconf 76' lang='grc' dir='ltr'>φωστῆρες,</span> <span class='ocrx_word' id='word_1_429' title='bbox 837 4706 951 4760; x_wconf 87' lang='grc' dir='ltr'>ἀλλ’</span> <span class='ocrx_word' id='word_1_430' title='bbox 982 4706 1042 4770; x_wconf 78' lang='grc' dir='ltr'>ἐξ</span> <span class='ocrx_word' id='word_1_431' title='bbox 1071 4706 1188 4769; x_wconf 83' lang='grc' dir='ltr'>ἑνὸς</span> <span class='ocrx_word' id='word_1_432' title='bbox 1218 4706 1412 4775; x_wconf 77' lang='grc' dir='ltr'>φωτὸς,</span> <span class='ocrx_word' id='word_1_433' title='bbox 1442 4708 1536 4760; x_wconf 75' lang='grc' dir='ltr'>καὶ</span> <span class='ocrx_word' id='word_1_434' title='bbox 1567 4708 1666 4778; x_wconf 86' lang='grc' dir='ltr'>τῆς</span> <span class='ocrx_word' id='word_1_435' title='bbox 1697 4706 1867 4777; x_wconf 90' lang='grc' dir='ltr'>αὐτῆς</span> 
     </span>
    </p>
   </div>
   <div class='ocr_carea' id='block_1_55' title="bbox 284 4788 1868 4864">
    <p class='ocr_par' dir='ltr' id='par_1_55' title="bbox 284 4788 1868 4864">
     <span class='ocr_line' id='line_1_55' title="bbox 284 4788 1868 4864; baseline -0.002 -17"><span class='ocrx_word' id='word_1_436' title='bbox 284 4793 523 4857; x_wconf 73' lang='grc' dir='ltr'>ἅπαντες</span> <span class='ocrx_word' id='word_1_437' title='bbox 552 4792 768 4864; x_wconf 80' lang='grc' dir='ltr'>χρείας’</span> <span class='ocrx_word' id='word_1_438' title='bbox 807 4788 1061 4860; x_wconf 78' lang='grc' dir='ltr'>φωτίζειν</span> <span class='ocrx_word' id='word_1_439' title='bbox 1091 4789 1199 4860; x_wconf 85' lang='grc' dir='ltr'>γάρ</span> <span class='ocrx_word' id='word_1_440' title='bbox 1233 4788 1557 4861; x_wconf 82' lang='grc' dir='ltr'>ἐτάχθησαν.</span> <span class='ocrx_word' id='word_1_441' title='bbox 1605 4789 1868 4845; x_wconf 82' lang='grc' dir='ltr'>Ἐνταῦθα</span> 
     </span>
    </p>
   </div>
   <div class='ocr_carea' id='block_1_56' title="bbox 284 4873 1867 4947">
    <p class='ocr_par' dir='ltr' id='par_1_56' title="bbox 284 4873 1867 4947">
     <span class='ocr_line' id='line_1_56' title="bbox 284 4873 1867 4947; baseline -0.001 -18"><span class='ocrx_word' id='word_1_442' title='bbox 284 4876 341 4929; x_wconf 76' lang='grc' dir='ltr'>δὲ</span> <span class='ocrx_word' id='word_1_443' title='bbox 375 4876 567 4947; x_wconf 81' lang='grc' dir='ltr'>ἐπειδὴ</span> <span class='ocrx_word' id='word_1_444' title='bbox 614 4873 784 4945; x_wconf 79' lang='grc' dir='ltr'>πολλὴ</span> <span class='ocrx_word' id='word_1_445' title='bbox 820 4873 928 4926; x_wconf 88' lang='grc' dir='ltr'>τῶν</span> <span class='ocrx_word' id='word_1_446' title='bbox 962 4873 1208 4945; x_wconf 75' lang='grc' dir='ltr'>ἑρπετῶν</span> <span class='ocrx_word' id='word_1_447' title='bbox 1241 4874 1274 4943; x_wconf 81' lang='grc' dir='ltr'>ὴ</span> <span class='ocrx_word' id='word_1_448' title='bbox 1318 4874 1581 4945; x_wconf 79' lang='grc' dir='ltr'>διαφορά,</span> <span class='ocrx_word' id='word_1_449' title='bbox 1627 4875 1721 4928; x_wconf 80' lang='grc' dir='ltr'>καὶ</span> <span class='ocrx_word' id='word_1_450' title='bbox 1758 4875 1867 4929; x_wconf 88' lang='grc' dir='ltr'>τῶν</span> 
     </span>
    </p>
   </div>
   <div class='ocr_carea' id='block_1_57' title="bbox 286 4952 1864 5024">
    <p class='ocr_par' dir='ltr' id='par_1_57' title="bbox 286 4952 1864 5024">
     <span class='ocr_line' id='line_1_57' title="bbox 286 4952 1864 5024; baseline 0.001 -18"><span class='ocrx_word' id='word_1_451' title='bbox 286 4955 549 5009; x_wconf 86' lang='grc' dir='ltr'>πετεινῶν</span> <span class='ocrx_word' id='word_1_452' title='bbox 580 4954 675 5008; x_wconf 81' lang='grc' dir='ltr'>καὶ</span> <span class='ocrx_word' id='word_1_453' title='bbox 702 4953 811 5007; x_wconf 86' lang='grc' dir='ltr'>τῶν</span> <span class='ocrx_word' id='word_1_454' title='bbox 848 4952 1063 5023; x_wconf 84' lang='grc' dir='ltr'>νηκτῶν</span> <span class='ocrx_word' id='word_1_455' title='bbox 1094 4952 1286 5020; x_wconf 78' lang='grc' dir='ltr'>(ἄλλος</span> <span class='ocrx_word' id='word_1_456' title='bbox 1312 4953 1421 5024; x_wconf 84' lang='grc' dir='ltr'>γάρ</span> <span class='ocrx_word' id='word_1_457' title='bbox 1448 4952 1602 5020; x_wconf 87' lang='grc' dir='ltr'>λόγος</span> <span class='ocrx_word' id='word_1_458' title='bbox 1633 4953 1864 5024; x_wconf 87' lang='grc' dir='ltr'>νηκτῶν,</span> 
     </span>
    </p>
   </div>
   <div class='ocr_carea' id='block_1_58' title="bbox 287 5034 1867 5108">
    <p class='ocr_par' dir='ltr' id='par_1_58' title="bbox 287 5034 1867 5108">
     <span class='ocr_line' id='line_1_58' title="bbox 287 5034 1867 5108; baseline -0.001 -16"><span class='ocrx_word' id='word_1_459' title='bbox 287 5038 442 5104; x_wconf 80' lang='grc' dir='ltr'>ἄλλος</span> <span class='ocrx_word' id='word_1_460' title='bbox 474 5037 759 5104; x_wconf 77' lang='grc' dir='ltr'>πετεινῶν,</span> <span class='ocrx_word' id='word_1_461' title='bbox 781 5036 938 5100; x_wconf 79' lang='grc' dir='ltr'>ἄλλος</span> <span class='ocrx_word' id='word_1_462' title='bbox 962 5034 1263 5108; x_wconf 79' lang='grc' dir='ltr'>ἑρπετῶν),</span> <span class='ocrx_word' id='word_1_463' title='bbox 1289 5036 1384 5088; x_wconf 72' lang='grc' dir='ltr'>καὶ</span> <span class='ocrx_word' id='word_1_464' title='bbox 1407 5038 1462 5088; x_wconf 81' lang='grc' dir='ltr'>ἐν</span> <span class='ocrx_word' id='word_1_465' title='bbox 1490 5036 1702 5107; x_wconf 78' lang='grc' dir='ltr'>ἑκάστῳ</span> <span class='ocrx_word' id='word_1_466' title='bbox 1722 5036 1867 5105; x_wconf 89' lang='grc' dir='ltr'>γένει</span> 
     </span>
    </p>
   </div>
   <div class='ocr_carea' id='block_1_59' title="bbox 240 5112 1864 5191">
    <p class='ocr_par' dir='ltr' id='par_1_59' title="bbox 240 5112 1864 5191">
     <span class='ocr_line' id='line_1_59' title="bbox 240 5112 1864 5191; baseline 0.001 -19"><span class='ocrx_word' id='word_1_467' title='bbox 240 5112 249 5125; x_wconf 44' lang='grc'>⁸</span> <span class='ocrx_word' id='word_1_468' title='bbox 288 5120 460 5174; x_wconf 85' lang='grc' dir='ltr'>πολλά</span> <span class='ocrx_word' id='word_1_469' title='bbox 478 5121 569 5175; x_wconf 80' lang='grc' dir='ltr'>καὶ</span> <span class='ocrx_word' id='word_1_470' title='bbox 597 5119 830 5191; x_wconf 88' lang='grc' dir='ltr'>διάφορα</span> <span class='ocrx_word' id='word_1_471' title='bbox 851 5159 865 5181; x_wconf 86' lang='grc'>,</span> <span class='ocrx_word' id='word_1_472' title='bbox 896 5118 1076 5187; x_wconf 84' lang='grc' dir='ltr'>λέγει·</span> <span class='ocrx_word' id='word_1_473' title='bbox 1114 5114 1293 5173; x_wconf 78' lang='grc' dir='ltr'>Εἷδεν</span> <span class='ocrx_word' id='word_1_474' title='bbox 1333 5121 1367 5172; x_wconf 84' lang='grc' dir='ltr'><em>ὀ</em></span> <span class='ocrx_word' id='word_1_475' title='bbox 1401 5117 1546 5183; x_wconf 86' lang='grc' dir='ltr'>Θεὸς</span> <span class='ocrx_word' id='word_1_476' title='bbox 1569 5117 1659 5171; x_wconf 82' lang='grc' dir='ltr'>ὅτι</span> <span class='ocrx_word' id='word_1_477' title='bbox 1689 5118 1864 5173; x_wconf 84' lang='grc' dir='ltr'>καλά.</span> 
     </span>
    </p>
   </div>
   <div class='ocr_carea' id='block_1_60' title="bbox 290 5200 1855 5276">
    <p class='ocr_par' dir='ltr' id='par_1_60' title="bbox 290 5200 1855 5276">
     <span class='ocr_line' id='line_1_60' title="bbox 290 5200 1855 5276; baseline 0 -20"><span class='ocrx_word' id='word_1_478' title='bbox 290 5204 432 5275; x_wconf 81' lang='grc' dir='ltr'>Πρὸς</span> <span class='ocrx_word' id='word_1_479' title='bbox 460 5204 559 5276; x_wconf 78' lang='grc' dir='ltr'>τὴν</span> <span class='ocrx_word' id='word_1_480' title='bbox 577 5203 847 5257; x_wconf 82' lang='grc' dir='ltr'>ποικιλίαν</span> <span class='ocrx_word' id='word_1_481' title='bbox 873 5202 983 5257; x_wconf 85' lang='grc' dir='ltr'>τῶν</span> <span class='ocrx_word' id='word_1_482' title='bbox 1008 5201 1184 5273; x_wconf 73' lang='grc' dir='ltr'>ἔργων</span> <span class='ocrx_word' id='word_1_483' title='bbox 1214 5201 1307 5253; x_wconf 86' lang='grc' dir='ltr'>καί</span> <span class='ocrx_word' id='word_1_484' title='bbox 1328 5203 1357 5254; x_wconf 88' lang='lat'>6</span> <span class='ocrx_word' id='word_1_485' title='bbox 1379 5200 1615 5264; x_wconf 81' lang='grc' dir='ltr'>ἔπαινος.</span> <span class='ocrx_word' id='word_1_486' title='bbox 1638 5203 1743 5256; x_wconf 81' lang='lat' dir='ltr'><strong><em>Kal</em></strong></span> <span class='ocrx_word' id='word_1_487' title='bbox 1761 5204 1855 5269; x_wconf 86' lang='grc' dir='ltr'>ηὑ-</span> 
     </span>
    </p>
   </div>
   <div class='ocr_carea' id='block_1_61' title="bbox 288 5283 1873 5357">
    <p class='ocr_par' dir='ltr' id='par_1_61' title="bbox 288 5283 1873 5357">
     <span class='ocr_line' id='line_1_61' title="bbox 288 5283 1873 5357; baseline 0.001 -19"><span class='ocrx_word' id='word_1_488' title='bbox 288 5288 555 5357; x_wconf 78' lang='grc' dir='ltr'>λότησεν</span> <span class='ocrx_word' id='word_1_489' title='bbox 574 5286 727 5340; x_wconf 80' lang='grc' dir='ltr'>αὐτὰ</span> <span class='ocrx_word' id='word_1_490' title='bbox 752 5289 785 5341; x_wconf 84' lang='grc' dir='ltr'><em>ὁ</em></span> <span class='ocrx_word' id='word_1_491' title='bbox 820 5287 965 5351; x_wconf 85' lang='grc' dir='ltr'>Θεὸς</span> <span class='ocrx_word' id='word_1_492' title='bbox 987 5285 1200 5353; x_wconf 76' lang='grc' dir='ltr'>λέγων’</span> <span class='ocrx_word' id='word_1_493' title='bbox 1225 5283 1572 5348; x_wconf 78' lang='grc' dir='ltr'>Αὐξάνεσθε</span> <span class='ocrx_word' id='word_1_494' title='bbox 1601 5288 1697 5339; x_wconf 84' lang='grc' dir='ltr'>καὶ</span> <span class='ocrx_word' id='word_1_495' title='bbox 1724 5290 1873 5355; x_wconf 85' lang='grc' dir='ltr'>πλη-</span> 
     </span>
    </p>
   </div>
   <div class='ocr_carea' id='block_1_62' title="bbox 290 5367 1872 5438">
    <p class='ocr_par' dir='ltr' id='par_1_62' title="bbox 290 5367 1872 5438">
     <span class='ocr_line' id='line_1_62' title="bbox 290 5367 1872 5438; baseline 0.001 -14"><span class='ocrx_word' id='word_1_496' title='bbox 290 5372 563 5431; x_wconf 78' lang='grc' dir='ltr'>θύνεσθε,</span> <span class='ocrx_word' id='word_1_497' title='bbox 596 5369 691 5422; x_wconf 81' lang='grc' dir='ltr'>καί</span> <span class='ocrx_word' id='word_1_498' title='bbox 714 5368 1070 5438; x_wconf 85' lang='grc' dir='ltr'>πληρώσατε</span> <span class='ocrx_word' id='word_1_499' title='bbox 1098 5368 1168 5422; x_wconf 83' lang='grc' dir='ltr'>τὰ</span> <span class='ocrx_word' id='word_1_500' title='bbox 1183 5367 1393 5433; x_wconf 84' lang='grc' dir='ltr'>ὕδατα,</span> <span class='ocrx_word' id='word_1_501' title='bbox 1414 5368 1512 5422; x_wconf 78' lang='grc' dir='ltr'>καὶ</span> <span class='ocrx_word' id='word_1_502' title='bbox 1535 5369 1605 5423; x_wconf 83' lang='grc' dir='ltr'>τὰ</span> <span class='ocrx_word' id='word_1_503' title='bbox 1631 5375 1872 5427; x_wconf 83' lang='grc' dir='ltr'>πετεινὰ</span> 
     </span>
    </p>
   </div>
   <div class='ocr_carea' id='block_1_63' title="bbox 292 5450 831 5520">
    <p class='ocr_par' dir='ltr' id='par_1_63' title="bbox 292 5450 831 5520">
     <span class='ocr_line' id='line_1_63' title="bbox 292 5450 831 5520; baseline 0.002 -15"><span class='ocrx_word' id='word_1_504' title='bbox 292 5450 831 5520; x_wconf 79' lang='grc' dir='ltr'>πληθυνέσθωσαν.</span> 
     </span>
    </p>
   </div>
   <div class='ocr_carea' id='block_1_64' title="bbox 360 5532 1868 5606">
    <p class='ocr_par' dir='ltr' id='par_1_64' title="bbox 360 5532 1868 5606">
     <span class='ocr_line' id='line_1_64' title="bbox 360 5532 1868 5606; baseline -0.001 -17"><span class='ocrx_word' id='word_1_505' title='bbox 360 5542 431 5605; x_wconf 85' lang='grc' dir='ltr'>γ’.</span> <span class='ocrx_word' id='word_1_506' title='bbox 455 5535 606 5589; x_wconf 83' lang='grc' dir='ltr'>Διατί</span> <span class='ocrx_word' id='word_1_507' title='bbox 621 5536 710 5589; x_wconf 71' lang='grc' dir='ltr'>ὅτε</span> <span class='ocrx_word' id='word_1_508' title='bbox 726 5536 851 5599; x_wconf 87' lang='grc' dir='ltr'>τούς</span> <span class='ocrx_word' id='word_1_509' title='bbox 873 5533 1105 5605; x_wconf 80' lang='grc' dir='ltr'>ἀστέρας</span> <span class='ocrx_word' id='word_1_510' title='bbox 1123 5532 1397 5605; x_wconf 88' lang='grc' dir='ltr'>ἐποίησεν,</span> <span class='ocrx_word' id='word_1_511' title='bbox 1420 5533 1519 5587; x_wconf 88' lang='grc' dir='ltr'>οὐκ</span> <span class='ocrx_word' id='word_1_512' title='bbox 1540 5532 1868 5606; x_wconf 80' lang='grc' dir='ltr'>ηὐλόγησενς</span> 
     </span>
    </p>
   </div>
   <div class='ocr_carea' id='block_1_65' title="bbox 355 5673 1864 5741">
    <p class='ocr_par' dir='ltr' id='par_1_65' title="bbox 355 5673 1864 5741">
     <span class='ocr_line' id='line_1_65' title="bbox 355 5673 1864 5741; baseline 0.004 -16"><span class='ocrx_word' id='word_1_513' title='bbox 355 5679 377 5741; x_wconf 68' lang='lat' dir='ltr'>f&#39;</span> <span class='ocrx_word' id='word_1_514' title='bbox 406 5677 660 5741; x_wconf 57' lang='lat' dir='ltr'>96mm</span> <span class='ocrx_word' id='word_1_515' title='bbox 678 5677 978 5741; x_wconf 67' lang='lat' dir='ltr'>rescriptum</span> <span class='ocrx_word' id='word_1_516' title='bbox 1009 5688 1042 5728; x_wconf 75' lang='grc' dir='ltr'>ε</span> <span class='ocrx_word' id='word_1_517' title='bbox 1068 5673 1219 5728; x_wconf 71' lang='lat' dir='ltr'>Salvi].</span> <span class='ocrx_word' id='word_1_518' title='bbox 1246 5673 1415 5727; x_wconf 74' lang='lat' dir='ltr'>Monlf.</span> <span class='ocrx_word' id='word_1_519' title='bbox 1459 5675 1566 5727; x_wconf 83' lang='grc' dir='ltr'>οὐκ</span> <span class='ocrx_word' id='word_1_520' title='bbox 1584 5676 1700 5727; x_wconf 75' lang='grc' dir='ltr'>εἷπε.</span> <span class='ocrx_word' id='word_1_521' title='bbox 1727 5676 1864 5730; x_wconf 71' lang='lat' dir='ltr'>Eon.</span> 
     </span>
    </p>
   </div>
   <div class='ocr_carea' id='block_1_66' title="bbox 356 5736 832 5791">
    <p class='ocr_par' dir='ltr' id='par_1_66' title="bbox 356 5736 832 5791">
     <span class='ocr_line' id='line_1_66' title="bbox 356 5736 832 5791; baseline -0.006 -1"><span class='ocrx_word' id='word_1_522' title='bbox 356 5739 381 5777; x_wconf 67' lang='grc' dir='ltr'>ιι</span> <span class='ocrx_word' id='word_1_523' title='bbox 406 5736 662 5791; x_wconf 75' lang='lat' dir='ltr'>Combeﬁs.</span> <span class='ocrx_word' id='word_1_524' title='bbox 688 5739 832 5790; x_wconf 85' lang='grc' dir='ltr'>καλά.</span> 
     </span>
    </p>
   </div>
   <div class='ocr_carea' id='block_1_67' title="bbox 1222 280 2417 344">
    <p class='ocr_par' dir='ltr' id='par_1_67' title="bbox 1222 280 2417 344">
     <span class='ocr_line' id='line_1_67' title="bbox 1222 280 2417 344; baseline 0.002 -5"><span class='ocrx_word' id='word_1_525' title='bbox 1222 284 1309 342; x_wconf 82' lang='lat' dir='ltr'>DE</span> <span class='ocrx_word' id='word_1_526' title='bbox 1341 282 1563 344; x_wconf 78' lang='lat' dir='ltr'><strong><em>MUNDl</em></strong></span> <span class='ocrx_word' id='word_1_527' title='bbox 1599 282 1996 341; x_wconf 75' lang='lat' dir='ltr'>CREATIONE</span> <span class='ocrx_word' id='word_1_528' title='bbox 2032 280 2291 340; x_wconf 75' lang='lat' dir='ltr'>ORATIO</span> <span class='ocrx_word' id='word_1_529' title='bbox 2328 284 2417 341; x_wconf 82' lang='lat' dir='ltr'>IV.</span> 
     </span>
    </p>
   </div>
   <div class='ocr_carea' id='block_1_68' title="bbox 3387 294 3493 351">
    <p class='ocr_par' dir='ltr' id='par_1_68' title="bbox 3387 294 3493 351">
     <span class='ocr_line' id='line_1_68' title="bbox 3387 294 3493 351; baseline 0.009 -2"><span class='ocrx_word' id='word_1_530' title='bbox 3387 294 3493 351; x_wconf 64' lang='grc' dir='ltr'>Δί’ιο</span> 
     </span>
    </p>
   </div>
   <div class='ocr_carea' id='block_1_69' title="bbox 1918 396 3495 477">
    <p class='ocr_par' dir='ltr' id='par_1_69' title="bbox 1918 396 3495 477">
     <span class='ocr_line' id='line_1_69' title="bbox 1918 396 3495 477; baseline 0.008 -26"><span class='ocrx_word' id='word_1_531' title='bbox 1918 397 2060 451; x_wconf 83' lang='grc' dir='ltr'>διατί</span> <span class='ocrx_word' id='word_1_532' title='bbox 2095 396 2325 469; x_wconf 82' lang='grc' dir='ltr'>βοτάνας</span> <span class='ocrx_word' id='word_1_533' title='bbox 2352 397 2594 464; x_wconf 72' lang='grc' dir='ltr'>καὶξύλα</span> <span class='ocrx_word' id='word_1_534' title='bbox 2628 402 2890 474; x_wconf 77' lang='grc' dir='ltr'>ποιήσας,</span> <span class='ocrx_word' id='word_1_535' title='bbox 2929 403 3027 459; x_wconf 90' lang='grc' dir='ltr'>οὐκ</span> <span class='ocrx_word' id='word_1_536' title='bbox 3053 404 3383 477; x_wconf 84' lang='grc' dir='ltr'>ηὐλόγησεν;</span> <span class='ocrx_word' id='word_1_537' title='bbox 3413 409 3495 464; x_wconf 65' lang='grc' dir='ltr'>Τὶι</span> 
     </span>
    </p>
   </div>
   <div class='ocr_carea' id='block_1_70' title="bbox 1922 480 3494 559">
    <p class='ocr_par' dir='ltr' id='par_1_70' title="bbox 1922 480 3494 559">
     <span class='ocr_line' id='line_1_70' title="bbox 1922 480 3494 559; baseline 0.008 -28"><span class='ocrx_word' id='word_1_538' title='bbox 1922 481 2021 549; x_wconf 84' lang='grc' dir='ltr'>μὲν</span> <span class='ocrx_word' id='word_1_539' title='bbox 2052 480 2284 549; x_wconf 89' lang='grc' dir='ltr'>εὐλογεῖ,</span> <span class='ocrx_word' id='word_1_540' title='bbox 2306 482 2375 536; x_wconf 87' lang='grc' dir='ltr'>τὰ</span> <span class='ocrx_word' id='word_1_541' title='bbox 2391 480 2449 535; x_wconf 83' lang='grc' dir='ltr'>δὲ</span> <span class='ocrx_word' id='word_1_542' title='bbox 2479 483 2579 535; x_wconf 91' lang='grc' dir='ltr'>οὐκ</span> <span class='ocrx_word' id='word_1_543' title='bbox 2597 484 2826 555; x_wconf 85' lang='grc' dir='ltr'>εὐλογεῖ.</span> <span class='ocrx_word' id='word_1_544' title='bbox 2849 485 2915 539; x_wconf 85' lang='grc' dir='ltr'>Τί</span> <span class='ocrx_word' id='word_1_545' title='bbox 2930 486 2991 540; x_wconf 76' lang='grc' dir='ltr'>τὸ</span> <span class='ocrx_word' id='word_1_546' title='bbox 3009 487 3180 541; x_wconf 84' lang='grc' dir='ltr'>αίτιον</span> <span class='ocrx_word' id='word_1_547' title='bbox 3208 491 3274 559; x_wconf 73' lang='grc' dir='ltr'>τῇ</span> <span class='ocrx_word' id='word_1_548' title='bbox 3303 489 3494 544; x_wconf 83' lang='grc' dir='ltr'>τούτου</span> 
     </span>
    </p>
   </div>
   <div class='ocr_carea' id='block_1_71' title="bbox 1920 563 3498 647">
    <p class='ocr_par' dir='ltr' id='par_1_71' title="bbox 1920 563 3498 647">
     <span class='ocr_line' id='line_1_71' title="bbox 1920 563 3498 647; baseline 0.006 -31"><span class='ocrx_word' id='word_1_549' title='bbox 1920 565 2087 637; x_wconf 76' lang='grc' dir='ltr'>ἀρετῇ</span> <span class='ocrx_word' id='word_1_550' title='bbox 2105 563 2446 647; x_wconf 63' lang='grc' dir='ltr'>καθέστηκεν</span> <span class='ocrx_word' id='word_1_551' title='bbox 2454 583 2469 632; x_wconf 90' lang='grc'>;</span> <span class='ocrx_word' id='word_1_552' title='bbox 2496 566 2760 638; x_wconf 78' lang='grc' dir='ltr'>Πρόσεχε’</span> <span class='ocrx_word' id='word_1_553' title='bbox 2784 570 2845 623; x_wconf 89' lang='grc' dir='ltr'>Οἱ</span> <span class='ocrx_word' id='word_1_554' title='bbox 2863 568 3091 641; x_wconf 78' lang='grc' dir='ltr'>ἀστέρες</span> <span class='ocrx_word' id='word_1_555' title='bbox 3112 571 3226 623; x_wconf 82' lang='grc' dir='ltr'>ὅσοι</span> <span class='ocrx_word' id='word_1_556' title='bbox 3253 572 3498 638; x_wconf 84' lang='grc' dir='ltr'>ἐγένοντο</span> 
     </span>
    </p>
   </div>
   <div class='ocr_carea' id='block_1_72' title="bbox 1920 647 3498 725">
    <p class='ocr_par' dir='ltr' id='par_1_72' title="bbox 1920 647 3498 725">
     <span class='ocr_line' id='line_1_72' title="bbox 1920 647 3498 725; baseline 0.004 -25"><span class='ocrx_word' id='word_1_557' title='bbox 1920 647 2015 701; x_wconf 80' lang='grc' dir='ltr'>ἀπ’</span> <span class='ocrx_word' id='word_1_558' title='bbox 2028 648 2221 718; x_wconf 88' lang='grc' dir='ltr'>ἀρχῆς,</span> <span class='ocrx_word' id='word_1_559' title='bbox 2233 648 2477 704; x_wconf 89' lang='grc' dir='ltr'>τοσοῦτοι</span> <span class='ocrx_word' id='word_1_560' title='bbox 2490 651 2583 704; x_wconf 78' lang='grc' dir='ltr'>καὶ</span> <span class='ocrx_word' id='word_1_561' title='bbox 2601 652 2934 722; x_wconf 87' lang='grc' dir='ltr'>διαμένουσι,</span> <span class='ocrx_word' id='word_1_562' title='bbox 2950 654 3042 706; x_wconf 74' lang='grc' dir='ltr'>καὶ</span> <span class='ocrx_word' id='word_1_563' title='bbox 3055 651 3178 706; x_wconf 82' lang='grc' dir='ltr'>οὐτε</span> <span class='ocrx_word' id='word_1_564' title='bbox 3194 653 3269 723; x_wconf 85' lang='grc' dir='ltr'>τῷ</span> <span class='ocrx_word' id='word_1_565' title='bbox 3281 654 3404 725; x_wconf 85' lang='grc' dir='ltr'>άριθ</span> <span class='ocrx_word' id='word_1_566' title='bbox 3413 654 3498 723; x_wconf 81' lang='grc' dir='ltr'>μῴ</span> 
     </span>
    </p>
   </div>
   <div class='ocr_carea' id='block_1_73' title="bbox 1920 730 3498 807">
    <p class='ocr_par' dir='ltr' id='par_1_73' title="bbox 1920 730 3498 807">
     <span class='ocr_line' id='line_1_73' title="bbox 1920 730 3498 807; baseline 0.004 -23"><span class='ocrx_word' id='word_1_567' title='bbox 1920 730 2120 795; x_wconf 87' lang='grc' dir='ltr'>αὐτῶν,</span> <span class='ocrx_word' id='word_1_568' title='bbox 2152 730 2276 784; x_wconf 84' lang='grc' dir='ltr'>οὐτε</span> <span class='ocrx_word' id='word_1_569' title='bbox 2315 731 2393 803; x_wconf 82' lang='grc' dir='ltr'>τῷ</span> <span class='ocrx_word' id='word_1_570' title='bbox 2427 734 2647 803; x_wconf 81' lang='grc' dir='ltr'>μεγέθει</span> <span class='ocrx_word' id='word_1_571' title='bbox 2688 735 2913 790; x_wconf 80' lang='grc' dir='ltr'>δυνατὸν</span> <span class='ocrx_word' id='word_1_572' title='bbox 2949 737 3345 807; x_wconf 75' lang='grc' dir='ltr'>προστεθῆναιο</span> <span class='ocrx_word' id='word_1_573' title='bbox 3389 731 3498 791; x_wconf 78' lang='grc' dir='ltr'>οἷον</span> 
     </span>
    </p>
   </div>
   <div class='ocr_carea' id='block_1_74' title="bbox 1922 815 3496 892">
    <p class='ocr_par' dir='ltr' id='par_1_74' title="bbox 1922 815 3496 892">
     <span class='ocr_line' id='line_1_74' title="bbox 1922 815 3496 892; baseline 0.002 -22"><span class='ocrx_word' id='word_1_574' title='bbox 1922 818 1980 870; x_wconf 90' lang='grc' dir='ltr'>ἐν</span> <span class='ocrx_word' id='word_1_575' title='bbox 2001 818 2066 887; x_wconf 75' lang='grc' dir='ltr'>τῇ</span> <span class='ocrx_word' id='word_1_576' title='bbox 2094 815 2350 886; x_wconf 87' lang='grc' dir='ltr'>αὐτότητι</span> <span class='ocrx_word' id='word_1_577' title='bbox 2389 818 2489 888; x_wconf 86' lang='grc' dir='ltr'>τῆς</span> <span class='ocrx_word' id='word_1_578' title='bbox 2535 818 2751 888; x_wconf 86' lang='grc' dir='ltr'>φύσεως</span> <span class='ocrx_word' id='word_1_579' title='bbox 2793 820 3075 891; x_wconf 85' lang='grc' dir='ltr'>μέλλοντες</span> <span class='ocrx_word' id='word_1_580' title='bbox 3123 818 3496 892; x_wconf 81' lang='grc' dir='ltr'>παραμένειν,</span> 
     </span>
    </p>
   </div>
   <div class='ocr_carea' id='block_1_75' title="bbox 1922 898 3502 976">
    <p class='ocr_par' dir='ltr' id='par_1_75' title="bbox 1922 898 3502 976">
     <span class='ocr_line' id='line_1_75' title="bbox 1922 898 3502 976; baseline 0.004 -23"><span class='ocrx_word' id='word_1_581' title='bbox 1922 900 2021 970; x_wconf 85' lang='grc' dir='ltr'>τῆς</span> <span class='ocrx_word' id='word_1_582' title='bbox 2050 898 2427 972; x_wconf 89' lang='grc' dir='ltr'>πληθυνούσης</span> <span class='ocrx_word' id='word_1_583' title='bbox 2461 902 2659 966; x_wconf 80' lang='grc' dir='ltr'>αὐτοὺς</span> <span class='ocrx_word' id='word_1_584' title='bbox 2702 903 2802 956; x_wconf 89' lang='grc' dir='ltr'>οὐκ</span> <span class='ocrx_word' id='word_1_585' title='bbox 2838 903 3068 976; x_wconf 73' lang='grc' dir='ltr'>ἔχρῃζον</span> <span class='ocrx_word' id='word_1_586' title='bbox 3104 904 3372 973; x_wconf 78' lang='grc' dir='ltr'>εὐλογίας.</span> <span class='ocrx_word' id='word_1_587' title='bbox 3420 905 3502 960; x_wconf 88' lang='grc' dir='ltr'>Τά</span> 
     </span>
    </p>
   </div>
   <div class='ocr_carea' id='block_1_76' title="bbox 1921 982 3503 1059">
    <p class='ocr_par' dir='ltr' id='par_1_76' title="bbox 1921 982 3503 1059">
     <span class='ocr_line' id='line_1_76' title="bbox 1921 982 3503 1059; baseline 0.003 -22"><span class='ocrx_word' id='word_1_588' title='bbox 1921 983 1979 1037; x_wconf 88' lang='grc' dir='ltr'>δὲ</span> <span class='ocrx_word' id='word_1_589' title='bbox 2012 982 2388 1055; x_wconf 84' lang='grc' dir='ltr'>πληθυνόμενα</span> <span class='ocrx_word' id='word_1_590' title='bbox 2427 988 2546 1049; x_wconf 88' lang='grc' dir='ltr'>ταῖς</span> <span class='ocrx_word' id='word_1_591' title='bbox 2572 986 2862 1058; x_wconf 84' lang='grc' dir='ltr'>διαδοχαῖς,</span> <span class='ocrx_word' id='word_1_592' title='bbox 2887 990 2981 1042; x_wconf 77' lang='grc' dir='ltr'>καὶ</span> <span class='ocrx_word' id='word_1_593' title='bbox 3014 990 3110 1059; x_wconf 85' lang='grc' dir='ltr'>οὐχ</span> <span class='ocrx_word' id='word_1_594' title='bbox 3145 988 3345 1059; x_wconf 83' lang='grc' dir='ltr'>ἑτέρως</span> <span class='ocrx_word' id='word_1_595' title='bbox 3364 988 3503 1059; x_wconf 88' lang='grc' dir='ltr'>λαμ-</span> 
     </span>
    </p>
   </div>
   <div class='ocr_carea' id='block_1_77' title="bbox 1924 1068 3501 1142">
    <p class='ocr_par' dir='ltr' id='par_1_77' title="bbox 1924 1068 3501 1142">
     <span class='ocr_line' id='line_1_77' title="bbox 1924 1068 3501 1142; baseline 0.003 -21"><span class='ocrx_word' id='word_1_596' title='bbox 1924 1068 2154 1124; x_wconf 79' lang='grc' dir='ltr'>δάνοντα</span> <span class='ocrx_word' id='word_1_597' title='bbox 2206 1070 2544 1141; x_wconf 81' lang='grc' dir='ltr'>προσθήκην,</span> <span class='ocrx_word' id='word_1_598' title='bbox 2594 1071 2907 1139; x_wconf 85' lang='grc' dir='ltr'>ἀναγκαίως</span> <span class='ocrx_word' id='word_1_599' title='bbox 2957 1073 3050 1124; x_wconf 72' lang='grc' dir='ltr'>καὶ</span> <span class='ocrx_word' id='word_1_600' title='bbox 3095 1071 3193 1142; x_wconf 84' lang='grc' dir='ltr'>τὴν</span> <span class='ocrx_word' id='word_1_601' title='bbox 3251 1072 3501 1140; x_wconf 88' lang='grc' dir='ltr'>εὐλογίαν</span> 
     </span>
    </p>
   </div>
   <div class='ocr_carea' id='block_1_78' title="bbox 1924 1151 3503 1226">
    <p class='ocr_par' dir='ltr' id='par_1_78' title="bbox 1924 1151 3503 1226">
     <span class='ocr_line' id='line_1_78' title="bbox 1924 1151 3503 1226; baseline 0.003 -22"><span class='ocrx_word' id='word_1_602' title='bbox 1924 1151 2186 1222; x_wconf 83' lang='grc' dir='ltr'>ἐδέχοντο.</span> <span class='ocrx_word' id='word_1_603' title='bbox 2209 1152 2375 1207; x_wconf 86' lang='grc' dir='ltr'>Πάλιν</span> <span class='ocrx_word' id='word_1_604' title='bbox 2411 1152 2545 1207; x_wconf 85' lang='grc' dir='ltr'>αὐτὸ</span> <span class='ocrx_word' id='word_1_605' title='bbox 2572 1154 2734 1222; x_wconf 87' lang='grc' dir='ltr'>λέγω,</span> <span class='ocrx_word' id='word_1_606' title='bbox 2762 1154 2904 1226; x_wconf 81' lang='grc' dir='ltr'>ὑπὲρ</span> <span class='ocrx_word' id='word_1_607' title='bbox 2936 1155 3031 1208; x_wconf 87' lang='grc' dir='ltr'>τοῦ</span> <span class='ocrx_word' id='word_1_608' title='bbox 3060 1156 3258 1224; x_wconf 80' lang='grc' dir='ltr'>μᾶλλον</span> <span class='ocrx_word' id='word_1_609' title='bbox 3287 1156 3420 1210; x_wconf 79' lang='grc' dir='ltr'>αὐτὸ</span> <span class='ocrx_word' id='word_1_610' title='bbox 3442 1157 3503 1209; x_wconf 83' lang='grc' dir='ltr'>τὸ</span> 
     </span>
    </p>
   </div>
   <div class='ocr_carea' id='block_1_79' title="bbox 1923 1234 3504 1311">
    <p class='ocr_par' dir='ltr' id='par_1_79' title="bbox 1923 1234 3504 1311">
     <span class='ocr_line' id='line_1_79' title="bbox 1923 1234 3504 1311; baseline 0.004 -24"><span class='ocrx_word' id='word_1_611' title='bbox 1923 1234 2110 1305; x_wconf 80' lang='grc' dir='ltr'>λεχθὲν</span> <span class='ocrx_word' id='word_1_612' title='bbox 2135 1238 2449 1308; x_wconf 73' lang='grc' dir='ltr'>ἐμπαγῆναι</span> <span class='ocrx_word' id='word_1_613' title='bbox 2486 1239 2552 1307; x_wconf 83' lang='grc' dir='ltr'>τῇ</span> <span class='ocrx_word' id='word_1_614' title='bbox 2589 1237 2815 1309; x_wconf 74' lang='grc' dir='ltr'>διανοίᾳ.</span> <span class='ocrx_word' id='word_1_615' title='bbox 2846 1238 2983 1291; x_wconf 88' lang='grc' dir='ltr'>Οὐτε</span> <span class='ocrx_word' id='word_1_616' title='bbox 3013 1240 3123 1311; x_wconf 90' lang='grc' dir='ltr'>γάρ</span> <span class='ocrx_word' id='word_1_617' title='bbox 3154 1240 3215 1294; x_wconf 81' lang='grc' dir='ltr'>τὸ</span> <span class='ocrx_word' id='word_1_618' title='bbox 3241 1240 3406 1310; x_wconf 80' lang='grc' dir='ltr'>φυτὸν</span> <span class='ocrx_word' id='word_1_619' title='bbox 3442 1241 3504 1294; x_wconf 79' lang='grc' dir='ltr'>τὸ</span> 
     </span>
    </p>
   </div>
   <div class='ocr_carea' id='block_1_80' title="bbox 1926 1318 3505 1394">
    <p class='ocr_par' dir='ltr' id='par_1_80' title="bbox 1926 1318 3505 1394">
     <span class='ocr_line' id='line_1_80' title="bbox 1926 1318 3505 1394; baseline 0.003 -22"><span class='ocrx_word' id='word_1_620' title='bbox 1926 1318 2112 1383; x_wconf 89' lang='grc' dir='ltr'>ἀπλῶς</span> <span class='ocrx_word' id='word_1_621' title='bbox 2147 1320 2240 1372; x_wconf 80' lang='grc' dir='ltr'>καὶ</span> <span class='ocrx_word' id='word_1_622' title='bbox 2268 1318 2327 1384; x_wconf 81' lang='grc' dir='ltr'>ἐξ</span> <span class='ocrx_word' id='word_1_623' title='bbox 2350 1319 2606 1390; x_wconf 78' lang='grc' dir='ltr'>ἐπιϐολῆς</span> <span class='ocrx_word' id='word_1_624' title='bbox 2633 1323 2753 1384; x_wconf 86' lang='grc' dir='ltr'>ταῖς</span> <span class='ocrx_word' id='word_1_625' title='bbox 2781 1321 2882 1391; x_wconf 83' lang='grc' dir='ltr'>τῆς</span> <span class='ocrx_word' id='word_1_626' title='bbox 2910 1322 3013 1392; x_wconf 87' lang='grc' dir='ltr'>γῆς</span> <span class='ocrx_word' id='word_1_627' title='bbox 3037 1323 3228 1392; x_wconf 82' lang='grc' dir='ltr'>λαγόσι</span> <span class='ocrx_word' id='word_1_628' title='bbox 3272 1338 3505 1394; x_wconf 76' lang='grc' dir='ltr'>παρατι-</span> 
     </span>
    </p>
   </div>
   <div class='ocr_carea' id='block_1_81' title="bbox 1927 1398 3498 1478">
    <p class='ocr_par' dir='ltr' id='par_1_81' title="bbox 1927 1398 3498 1478">
     <span class='ocr_line' id='line_1_81' title="bbox 1927 1398 3498 1478; baseline 0.004 -24"><span class='ocrx_word' id='word_1_629' title='bbox 1927 1401 2172 1468; x_wconf 80' lang='grc' dir='ltr'>θέμενον,</span> <span class='ocrx_word' id='word_1_630' title='bbox 2206 1403 2446 1473; x_wconf 72' lang='grc' dir='ltr'>ἀδελφοὶ,</span> <span class='ocrx_word' id='word_1_631' title='bbox 2488 1403 2706 1474; x_wconf 74' lang='grc' dir='ltr'>βεϐαίαν</span> <span class='ocrx_word' id='word_1_632' title='bbox 2734 1404 2845 1476; x_wconf 74' lang='grc' dir='ltr'>ἔχει</span> <span class='ocrx_word' id='word_1_633' title='bbox 2869 1406 2969 1478; x_wconf 81' lang='grc' dir='ltr'>τὴν</span> <span class='ocrx_word' id='word_1_634' title='bbox 3001 1407 3220 1471; x_wconf 88' lang='grc' dir='ltr'>στάσιν,</span> <span class='ocrx_word' id='word_1_635' title='bbox 3249 1407 3385 1463; x_wconf 89' lang='grc' dir='ltr'>ἀλλά</span> <span class='ocrx_word' id='word_1_636' title='bbox 3418 1398 3498 1477; x_wconf 73' lang='grc' dir='ltr'>τῷ</span> 
     </span>
    </p>
   </div>
   <div class='ocr_carea' id='block_1_82' title="bbox 1929 1482 3486 1561">
    <p class='ocr_par' dir='ltr' id='par_1_82' title="bbox 1929 1482 3486 1561">
     <span class='ocr_line' id='line_1_82' title="bbox 1929 1482 3486 1561; baseline 0.004 -24"><span class='ocrx_word' id='word_1_637' title='bbox 1929 1482 2081 1554; x_wconf 88' lang='grc' dir='ltr'>βάθει</span> <span class='ocrx_word' id='word_1_638' title='bbox 2106 1484 2311 1555; x_wconf 81' lang='grc' dir='ltr'>ταύτης</span> <span class='ocrx_word' id='word_1_639' title='bbox 2343 1486 2479 1555; x_wconf 84' lang='grc' dir='ltr'>μετά</span> <span class='ocrx_word' id='word_1_640' title='bbox 2509 1488 2689 1558; x_wconf 86' lang='grc' dir='ltr'>πάσης</span> <span class='ocrx_word' id='word_1_641' title='bbox 2711 1488 3011 1559; x_wconf 83' lang='grc' dir='ltr'>παρατεθὲν</span> <span class='ocrx_word' id='word_1_642' title='bbox 3045 1492 3143 1561; x_wconf 89' lang='grc' dir='ltr'>τῆς</span> <span class='ocrx_word' id='word_1_643' title='bbox 3170 1490 3486 1559; x_wconf 83' lang='grc' dir='ltr'>ἀσφαλείας.</span> 
     </span>
    </p>
   </div>
   <div class='ocr_carea' id='block_1_83' title="bbox 1928 1567 3491 1644">
    <p class='ocr_par' dir='ltr' id='par_1_83' title="bbox 1928 1567 3491 1644">
     <span class='ocr_line' id='line_1_83' title="bbox 1928 1567 3491 1644; baseline 0.005 -25"><span class='ocrx_word' id='word_1_644' title='bbox 1928 1568 1994 1619; x_wconf 81' lang='lat' dir='ltr'><strong><em>Ol</em></strong></span> <span class='ocrx_word' id='word_1_645' title='bbox 2021 1567 2251 1635; x_wconf 86' lang='grc' dir='ltr'>ἀστέρες</span> <span class='ocrx_word' id='word_1_646' title='bbox 2281 1567 2529 1635; x_wconf 88' lang='grc' dir='ltr'>εὐλογίας</span> <span class='ocrx_word' id='word_1_647' title='bbox 2560 1569 2660 1622; x_wconf 88' lang='grc' dir='ltr'>οὐκ</span> <span class='ocrx_word' id='word_1_648' title='bbox 2707 1569 2963 1642; x_wconf 75' lang='grc' dir='ltr'>ἔχρῃζον·</span> <span class='ocrx_word' id='word_1_649' title='bbox 3003 1571 3126 1626; x_wconf 86' lang='grc' dir='ltr'>οὐτε</span> <span class='ocrx_word' id='word_1_650' title='bbox 3170 1574 3277 1644; x_wconf 79' lang='grc' dir='ltr'>γάρ</span> <span class='ocrx_word' id='word_1_651' title='bbox 3308 1573 3491 1637; x_wconf 83' lang='grc' dir='ltr'>αὐτοῖς</span> 
     </span>
    </p>
   </div>
   <div class='ocr_carea' id='block_1_84' title="bbox 1928 1650 3530 1729">
    <p class='ocr_par' dir='ltr' id='par_1_84' title="bbox 1928 1650 3530 1729">
     <span class='ocr_line' id='line_1_84' title="bbox 1928 1650 3530 1729; baseline 0.004 -24"><span class='ocrx_word' id='word_1_652' title='bbox 1928 1650 2065 1722; x_wconf 82' lang='grc' dir='ltr'>αὐτη</span> <span class='ocrx_word' id='word_1_653' title='bbox 2087 1652 2178 1704; x_wconf 84' lang='grc' dir='ltr'>τὸν</span> <span class='ocrx_word' id='word_1_654' title='bbox 2206 1651 2521 1723; x_wconf 81' lang='grc' dir='ltr'>πληθυσμὸν</span> <span class='ocrx_word' id='word_1_655' title='bbox 2551 1653 2851 1723; x_wconf 78' lang='grc' dir='ltr'>ἐχαρίζετο.</span> <span class='ocrx_word' id='word_1_656' title='bbox 2876 1656 3102 1710; x_wconf 70' lang='grc' dir='ltr'>Πετεινὰ</span> <span class='ocrx_word' id='word_1_657' title='bbox 3126 1656 3183 1710; x_wconf 83' lang='grc' dir='ltr'>δὲ</span> <span class='ocrx_word' id='word_1_658' title='bbox 3216 1658 3309 1711; x_wconf 77' lang='grc' dir='ltr'>καὶ</span> <span class='ocrx_word' id='word_1_659' title='bbox 3326 1659 3498 1729; x_wconf 85' lang='grc' dir='ltr'>νηκτά</span> <span class='ocrx_word' id='word_1_660' title='bbox 3517 1694 3530 1711; x_wconf 83' lang='grc'>.</span> 
     </span>
    </p>
   </div>
   <div class='ocr_carea' id='block_1_85' title="bbox 1929 1734 3502 1809">
    <p class='ocr_par' dir='ltr' id='par_1_85' title="bbox 1929 1734 3502 1809">
     <span class='ocr_line' id='line_1_85' title="bbox 1929 1734 3502 1809; baseline 0.004 -20"><span class='ocrx_word' id='word_1_661' title='bbox 1929 1736 2024 1789; x_wconf 78' lang='grc' dir='ltr'>καὶ</span> <span class='ocrx_word' id='word_1_662' title='bbox 2062 1734 2349 1806; x_wconf 79' lang='grc' dir='ltr'>ἄνθρωπος</span> <span class='ocrx_word' id='word_1_663' title='bbox 2391 1736 2489 1807; x_wconf 87' lang='grc' dir='ltr'>τῆς</span> <span class='ocrx_word' id='word_1_664' title='bbox 2541 1736 2790 1805; x_wconf 82' lang='grc' dir='ltr'>εὐλογίας</span> <span class='ocrx_word' id='word_1_665' title='bbox 2823 1737 3026 1809; x_wconf 88' lang='grc' dir='ltr'>ταύτης</span> <span class='ocrx_word' id='word_1_666' title='bbox 3067 1739 3247 1808; x_wconf 83' lang='grc' dir='ltr'>ἐφίετο</span> <span class='ocrx_word' id='word_1_667' title='bbox 3287 1740 3376 1794; x_wconf 81' lang='grc' dir='ltr'>διὰ</span> <span class='ocrx_word' id='word_1_668' title='bbox 3404 1742 3502 1806; x_wconf 85' lang='grc' dir='ltr'>τάς</span> 
     </span>
    </p>
   </div>
   <div class='ocr_carea' id='block_1_86' title="bbox 1928 1818 3504 1892">
    <p class='ocr_par' dir='ltr' id='par_1_86' title="bbox 1928 1818 3504 1892">
     <span class='ocr_line' id='line_1_86' title="bbox 1928 1818 3504 1892; baseline 0.003 -20"><span class='ocrx_word' id='word_1_669' title='bbox 1928 1818 2196 1889; x_wconf 86' lang='grc' dir='ltr'>διαδοχάς.</span> <span class='ocrx_word' id='word_1_670' title='bbox 2224 1820 2333 1872; x_wconf 79' lang='lat' dir='ltr'><strong><em>Kal</em></strong></span> <span class='ocrx_word' id='word_1_671' title='bbox 2354 1818 2490 1872; x_wconf 80' lang='grc' dir='ltr'>ὅπου</span> <span class='ocrx_word' id='word_1_672' title='bbox 2536 1820 2742 1892; x_wconf 86' lang='grc' dir='ltr'>ἑτέρως</span> <span class='ocrx_word' id='word_1_673' title='bbox 2770 1820 3136 1892; x_wconf 87' lang='grc' dir='ltr'>πληθυνθῆναι</span> <span class='ocrx_word' id='word_1_674' title='bbox 3167 1822 3228 1875; x_wconf 92' lang='grc' dir='ltr'>οὐ</span> <span class='ocrx_word' id='word_1_675' title='bbox 3255 1822 3504 1888; x_wconf 86' lang='grc' dir='ltr'>δύναται,</span> 
     </span>
    </p>
   </div>
   <div class='ocr_carea' id='block_1_87' title="bbox 1934 1900 3511 1977">
    <p class='ocr_par' dir='ltr' id='par_1_87' title="bbox 1934 1900 3511 1977">
     <span class='ocr_line' id='line_1_87' title="bbox 1934 1900 3511 1977; baseline 0.003 -21"><span class='ocrx_word' id='word_1_676' title='bbox 1934 1903 2052 1956; x_wconf 85' lang='grc' dir='ltr'>ἐκεῖ</span> <span class='ocrx_word' id='word_1_677' title='bbox 2069 1900 2251 1973; x_wconf 83' lang='grc' dir='ltr'>χώραν</span> <span class='ocrx_word' id='word_1_678' title='bbox 2279 1901 2393 1971; x_wconf 75' lang='grc' dir='ltr'>ἔχει</span> <span class='ocrx_word' id='word_1_679' title='bbox 2418 1902 2487 1956; x_wconf 82' lang='grc' dir='ltr'>τὰ</span> <span class='ocrx_word' id='word_1_680' title='bbox 2510 1902 2610 1973; x_wconf 88' lang='grc' dir='ltr'>τῆς</span> <span class='ocrx_word' id='word_1_681' title='bbox 2633 1903 2882 1973; x_wconf 83' lang='grc' dir='ltr'>εὐλογίας</span> <span class='ocrx_word' id='word_1_682' title='bbox 2899 1922 2915 1937; x_wconf 75' lang='grc'><em>’</em></span> <span class='ocrx_word' id='word_1_683' title='bbox 2939 1905 3072 1959; x_wconf 81' lang='grc' dir='ltr'>ὅπου</span> <span class='ocrx_word' id='word_1_684' title='bbox 3099 1906 3167 1961; x_wconf 88' lang='grc' dir='ltr'>τά</span> <span class='ocrx_word' id='word_1_685' title='bbox 3193 1905 3349 1973; x_wconf 86' lang='grc' dir='ltr'>ὀλίγα</span> <span class='ocrx_word' id='word_1_686' title='bbox 3375 1906 3511 1977; x_wconf 87' lang='grc' dir='ltr'>πλη-</span> 
     </span>
    </p>
   </div>
   <div class='ocr_carea' id='block_1_88' title="bbox 1933 1984 3510 2063">
    <p class='ocr_par' dir='ltr' id='par_1_88' title="bbox 1933 1984 3510 2063">
     <span class='ocr_line' id='line_1_88' title="bbox 1933 1984 3510 2063; baseline 0.003 -23"><span class='ocrx_word' id='word_1_687' title='bbox 1933 1985 2149 2040; x_wconf 89' lang='grc' dir='ltr'>θύνεται</span> <span class='ocrx_word' id='word_1_688' title='bbox 2169 2023 2185 2049; x_wconf 94' lang='grc'>,</span> <span class='ocrx_word' id='word_1_689' title='bbox 2222 1984 2316 2039; x_wconf 66' lang='grc' dir='ltr'>καὶ</span> <span class='ocrx_word' id='word_1_690' title='bbox 2340 1986 2408 2041; x_wconf 90' lang='grc' dir='ltr'>τά</span> <span class='ocrx_word' id='word_1_691' title='bbox 2454 1986 2627 2058; x_wconf 87' lang='grc' dir='ltr'>μικρά</span> <span class='ocrx_word' id='word_1_692' title='bbox 2657 1984 2885 2057; x_wconf 78' lang='grc' dir='ltr'>αὐξησιν</span> <span class='ocrx_word' id='word_1_693' title='bbox 2916 1988 3243 2059; x_wconf 83' lang='grc' dir='ltr'>ἐπιδέχεται.</span> <span class='ocrx_word' id='word_1_694' title='bbox 3291 1991 3510 2063; x_wconf 82' lang='grc' dir='ltr'>Ἐπειδὴ</span> 
     </span>
    </p>
   </div>
   <div class='ocr_carea' id='block_1_89' title="bbox 1932 2069 3513 2144">
    <p class='ocr_par' dir='ltr' id='par_1_89' title="bbox 1932 2069 3513 2144">
     <span class='ocr_line' id='line_1_89' title="bbox 1932 2069 3513 2144; baseline 0.002 -20"><span class='ocrx_word' id='word_1_695' title='bbox 1932 2070 2111 2124; x_wconf 88' lang='grc' dir='ltr'>τοίνυν</span> <span class='ocrx_word' id='word_1_696' title='bbox 2144 2070 2391 2141; x_wconf 75' lang='grc' dir='ltr'>ἔγνωμεν</span> <span class='ocrx_word' id='word_1_697' title='bbox 2416 2071 2516 2141; x_wconf 82' lang='grc' dir='ltr'>τὴν</span> <span class='ocrx_word' id='word_1_698' title='bbox 2540 2069 2719 2124; x_wconf 75' lang='grc' dir='ltr'>αἰτίαν</span> <span class='ocrx_word' id='word_1_699' title='bbox 2745 2070 2811 2125; x_wconf 77' lang='grc' dir='ltr'>δι’</span> <span class='ocrx_word' id='word_1_700' title='bbox 2835 2072 2902 2144; x_wconf 78' lang='grc' dir='ltr'>ῆν</span> <span class='ocrx_word' id='word_1_701' title='bbox 2931 2073 3104 2127; x_wconf 90' lang='grc' dir='ltr'>ταῦτα</span> <span class='ocrx_word' id='word_1_702' title='bbox 3136 2073 3237 2144; x_wconf 85' lang='grc' dir='ltr'>τῆς</span> <span class='ocrx_word' id='word_1_703' title='bbox 3260 2074 3513 2142; x_wconf 85' lang='grc' dir='ltr'>εὐλογίας</span> 
     </span>
    </p>
   </div>
   <div class='ocr_carea' id='block_1_90' title="bbox 1934 2152 3513 2228">
    <p class='ocr_par' dir='ltr' id='par_1_90' title="bbox 1934 2152 3513 2228">
     <span class='ocr_line' id='line_1_90' title="bbox 1934 2152 3513 2228; baseline 0.004 -23"><span class='ocrx_word' id='word_1_704' title='bbox 1934 2154 2181 2224; x_wconf 76' lang='grc' dir='ltr'>ἠξίωται,</span> <span class='ocrx_word' id='word_1_705' title='bbox 2208 2153 2503 2221; x_wconf 88' lang='grc' dir='ltr'>ἀναγκαῖον</span> <span class='ocrx_word' id='word_1_706' title='bbox 2532 2152 2718 2207; x_wconf 80' lang='grc' dir='ltr'>λοιπὸν</span> <span class='ocrx_word' id='word_1_707' title='bbox 2752 2155 2847 2207; x_wconf 70' lang='grc' dir='ltr'>καὶ</span> <span class='ocrx_word' id='word_1_708' title='bbox 2883 2158 3004 2218; x_wconf 82' lang='grc' dir='ltr'>ταῖς</span> <span class='ocrx_word' id='word_1_709' title='bbox 3050 2157 3261 2228; x_wconf 84' lang='grc' dir='ltr'>ἑτέραις</span> <span class='ocrx_word' id='word_1_710' title='bbox 3287 2158 3513 2221; x_wconf 82' lang='grc' dir='ltr'>ἑαυτοὺς</span> 
     </span>
    </p>
   </div>
   <div class='ocr_carea' id='block_1_91' title="bbox 1934 2236 3512 2314">
    <p class='ocr_par' dir='ltr' id='par_1_91' title="bbox 1934 2236 3512 2314">
     <span class='ocr_line' id='line_1_91' title="bbox 1934 2236 3512 2314; baseline 0.001 -21"><span class='ocrx_word' id='word_1_711' title='bbox 1934 2239 2044 2293; x_wconf 88' lang='grc' dir='ltr'>τῶν</span> <span class='ocrx_word' id='word_1_712' title='bbox 2089 2236 2325 2310; x_wconf 82' lang='grc' dir='ltr'>Γραφῶν</span> <span class='ocrx_word' id='word_1_713' title='bbox 2356 2236 2566 2303; x_wconf 77' lang='grc' dir='ltr'>λέξεσιν</span> <span class='ocrx_word' id='word_1_714' title='bbox 2599 2237 2895 2292; x_wconf 82' lang='grc' dir='ltr'>ἐπιδοῦναι.</span> <span class='ocrx_word' id='word_1_715' title='bbox 2930 2240 3296 2306; x_wconf 80' lang='grc' dir='ltr'>Αὑξάνεσθε,</span> <span class='ocrx_word' id='word_1_716' title='bbox 3327 2241 3512 2314; x_wconf 72' lang='grc' dir='ltr'>ἐπειδὴ</span> 
     </span>
    </p>
   </div>
   <div class='ocr_carea' id='block_1_92' title="bbox 1939 2321 3517 2395">
    <p class='ocr_par' dir='ltr' id='par_1_92' title="bbox 1939 2321 3517 2395">
     <span class='ocr_line' id='line_1_92' title="bbox 1939 2321 3517 2395; baseline 0.002 -19"><span class='ocrx_word' id='word_1_717' title='bbox 1939 2321 2142 2395; x_wconf 83' lang='grc' dir='ltr'>μικρά·</span> <span class='ocrx_word' id='word_1_718' title='bbox 2168 2321 2578 2388; x_wconf 82' lang='grc' dir='ltr'>Πληθύνεσθε,</span> <span class='ocrx_word' id='word_1_719' title='bbox 2613 2322 2799 2392; x_wconf 82' lang='grc' dir='ltr'>ἐπειδὴ</span> <span class='ocrx_word' id='word_1_720' title='bbox 2836 2321 3018 2392; x_wconf 77' lang='grc' dir='ltr'>ὀλίγαο</span> <span class='ocrx_word' id='word_1_721' title='bbox 3050 2323 3407 2392; x_wconf 83' lang='grc' dir='ltr'>Πληρώσατε</span> <span class='ocrx_word' id='word_1_722' title='bbox 3441 2326 3517 2379; x_wconf 80' lang='grc' dir='ltr'>τὰ</span> 
     </span>
    </p>
   </div>
   <div class='ocr_carea' id='block_1_93' title="bbox 1936 2403 3517 2478">
    <p class='ocr_par' dir='ltr' id='par_1_93' title="bbox 1936 2403 3517 2478">
     <span class='ocr_line' id='line_1_93' title="bbox 1936 2403 3517 2478; baseline 0.001 -18"><span class='ocrx_word' id='word_1_723' title='bbox 1936 2406 2157 2472; x_wconf 79' lang='grc' dir='ltr'>ὕδατα,</span> <span class='ocrx_word' id='word_1_724' title='bbox 2204 2403 2391 2475; x_wconf 82' lang='grc' dir='ltr'>ἐπειδὴ</span> <span class='ocrx_word' id='word_1_725' title='bbox 2438 2406 2495 2457; x_wconf 90' lang='grc' dir='ltr'>ἐν</span> <span class='ocrx_word' id='word_1_726' title='bbox 2535 2405 2708 2476; x_wconf 88' lang='grc' dir='ltr'>μέρει.</span> <span class='ocrx_word' id='word_1_727' title='bbox 2762 2406 3080 2474; x_wconf 82' lang='grc' dir='ltr'>Ἀναγκαῖον</span> <span class='ocrx_word' id='word_1_728' title='bbox 3131 2406 3188 2460; x_wconf 86' lang='grc' dir='ltr'>δέ</span> <span class='ocrx_word' id='word_1_729' title='bbox 3236 2409 3294 2461; x_wconf 93' lang='grc' dir='ltr'>ἐν</span> <span class='ocrx_word' id='word_1_730' title='bbox 3345 2407 3517 2478; x_wconf 80' lang='grc' dir='ltr'>ἑτέρῳ</span> 
     </span>
    </p>
   </div>
   <div class='ocr_carea' id='block_1_94' title="bbox 1941 2487 3519 2562">
    <p class='ocr_par' dir='ltr' id='par_1_94' title="bbox 1941 2487 3519 2562">
     <span class='ocr_line' id='line_1_94' title="bbox 1941 2487 3519 2562; baseline 0.001 -18"><span class='ocrx_word' id='word_1_731' title='bbox 1941 2489 2119 2562; x_wconf 84' lang='grc' dir='ltr'>καιρῷ</span> <span class='ocrx_word' id='word_1_732' title='bbox 2153 2489 2315 2544; x_wconf 87' lang='grc' dir='ltr'>πάλιν</span> <span class='ocrx_word' id='word_1_733' title='bbox 2344 2487 2595 2559; x_wconf 81' lang='grc' dir='ltr'>ζητῆσαι,</span> <span class='ocrx_word' id='word_1_734' title='bbox 2643 2488 2787 2542; x_wconf 87' lang='grc' dir='ltr'>διατί</span> <span class='ocrx_word' id='word_1_735' title='bbox 2814 2490 2941 2554; x_wconf 87' lang='grc' dir='ltr'>τούς</span> <span class='ocrx_word' id='word_1_736' title='bbox 2977 2489 3163 2560; x_wconf 88' lang='grc' dir='ltr'>ἱχθύας</span> <span class='ocrx_word' id='word_1_737' title='bbox 3190 2490 3295 2544; x_wconf 73' lang='grc' dir='ltr'>καῖ</span> <span class='ocrx_word' id='word_1_738' title='bbox 3320 2491 3390 2545; x_wconf 78' lang='grc' dir='ltr'>τά</span> <span class='ocrx_word' id='word_1_739' title='bbox 3423 2509 3519 2545; x_wconf 89' lang='grc' dir='ltr'>πε-</span> 
     </span>
    </p>
   </div>
   <div class='ocr_carea' id='block_1_95' title="bbox 1936 2570 3519 2644">
    <p class='ocr_par' dir='ltr' id='par_1_95' title="bbox 1936 2570 3519 2644">
     <span class='ocr_line' id='line_1_95' title="bbox 1936 2570 3519 2644; baseline 0.001 -18"><span class='ocrx_word' id='word_1_740' title='bbox 1936 2573 2091 2628; x_wconf 90' lang='grc' dir='ltr'>τεινά</span> <span class='ocrx_word' id='word_1_741' title='bbox 2124 2573 2220 2627; x_wconf 79' lang='grc' dir='ltr'>καὶ</span> <span class='ocrx_word' id='word_1_742' title='bbox 2262 2573 2355 2625; x_wconf 78' lang='grc' dir='ltr'>τὸν</span> <span class='ocrx_word' id='word_1_743' title='bbox 2401 2570 2684 2642; x_wconf 76' lang='grc' dir='ltr'>ἄνθρωπον</span> <span class='ocrx_word' id='word_1_744' title='bbox 2712 2606 2719 2609; x_wconf 73' lang='grc' dir='ltr'>ι</span> <span class='ocrx_word' id='word_1_745' title='bbox 2738 2572 2899 2643; x_wconf 91' lang='grc' dir='ltr'>μόνον</span> <span class='ocrx_word' id='word_1_746' title='bbox 2949 2573 3051 2644; x_wconf 87' lang='grc' dir='ltr'>τῆς</span> <span class='ocrx_word' id='word_1_747' title='bbox 3084 2574 3334 2644; x_wconf 83' lang='grc' dir='ltr'>εὐλογίας</span> <span class='ocrx_word' id='word_1_748' title='bbox 3384 2592 3519 2629; x_wconf 88' lang='grc' dir='ltr'>κατ-</span> 
     </span>
    </p>
   </div>
   <div class='ocr_carea' id='block_1_96' title="bbox 1938 2654 3520 2729">
    <p class='ocr_par' dir='ltr' id='par_1_96' title="bbox 1938 2654 3520 2729">
     <span class='ocr_line' id='line_1_96' title="bbox 1938 2654 3520 2729; baseline -0.001 -19"><span class='ocrx_word' id='word_1_749' title='bbox 1938 2656 2162 2729; x_wconf 79' lang='grc' dir='ltr'>ηξίωσε,</span> <span class='ocrx_word' id='word_1_750' title='bbox 2191 2658 2306 2719; x_wconf 82' lang='grc' dir='ltr'>τοῖς</span> <span class='ocrx_word' id='word_1_751' title='bbox 2329 2654 2387 2709; x_wconf 81' lang='grc' dir='ltr'>δέ</span> <span class='ocrx_word' id='word_1_752' title='bbox 2419 2654 2626 2718; x_wconf 83' lang='grc' dir='ltr'>λοιποῖς</span> <span class='ocrx_word' id='word_1_753' title='bbox 2646 2655 2706 2707; x_wconf 91' lang='grc' dir='ltr'>οὐ</span> <span class='ocrx_word' id='word_1_754' title='bbox 2742 2654 3014 2726; x_wconf 84' lang='grc' dir='ltr'>μετέδωκε</span> <span class='ocrx_word' id='word_1_755' title='bbox 3035 2656 3255 2724; x_wconf 77' lang='grc' dir='ltr'>ταύτης.</span> <span class='ocrx_word' id='word_1_756' title='bbox 3287 2657 3437 2719; x_wconf 85' lang='grc' dir='ltr'>Τέως</span> <span class='ocrx_word' id='word_1_757' title='bbox 3461 2656 3520 2709; x_wconf 79' lang='grc' dir='ltr'>δέ</span> 
     </span>
    </p>
   </div>
   <div class='ocr_carea' id='block_1_97' title="bbox 1942 2736 3520 2809">
    <p class='ocr_par' dir='ltr' id='par_1_97' title="bbox 1942 2736 3520 2809">
     <span class='ocr_line' id='line_1_97' title="bbox 1942 2736 3520 2809; baseline -0.002 -15"><span class='ocrx_word' id='word_1_758' title='bbox 1942 2738 2126 2803; x_wconf 86' lang='grc' dir='ltr'>καθὼς</span> <span class='ocrx_word' id='word_1_759' title='bbox 2155 2736 2602 2809; x_wconf 78' lang='grc' dir='ltr'>ἐπηγγειλάμεθα</span> <span class='ocrx_word' id='word_1_760' title='bbox 2628 2737 2727 2808; x_wconf 85' lang='grc' dir='ltr'>τῆς</span> <span class='ocrx_word' id='word_1_761' title='bbox 2752 2736 3073 2803; x_wconf 83' lang='grc' dir='ltr'>ἀκολουθίας</span> <span class='ocrx_word' id='word_1_762' title='bbox 3098 2737 3375 2808; x_wconf 77' lang='grc' dir='ltr'>ἐχώμεθα.</span> <span class='ocrx_word' id='word_1_763' title='bbox 3407 2738 3520 2791; x_wconf 87' lang='lat' dir='ltr'><strong><em>Kal</em></strong></span> 
     </span>
    </p>
   </div>
   <div class='ocr_carea' id='block_1_98' title="bbox 1941 2818 3517 2891">
    <p class='ocr_par' dir='ltr' id='par_1_98' title="bbox 1941 2818 3517 2891">
     <span class='ocr_line' id='line_1_98' title="bbox 1941 2818 3517 2891; baseline -0.003 -14"><span class='ocrx_word' id='word_1_764' title='bbox 1941 2820 2113 2878; x_wconf 76' lang='grc' dir='ltr'>εἶπεν</span> <span class='ocrx_word' id='word_1_765' title='bbox 2154 2825 2187 2877; x_wconf 86' lang='grc' dir='ltr'>ό</span> <span class='ocrx_word' id='word_1_766' title='bbox 2222 2822 2386 2887; x_wconf 85' lang='grc' dir='ltr'>Θεός⁹</span> <span class='ocrx_word' id='word_1_767' title='bbox 2447 2820 2814 2891; x_wconf 76' lang='grc' dir='ltr'>Ἐξαγαγέτω</span> <span class='ocrx_word' id='word_1_768' title='bbox 2850 2822 2889 2888; x_wconf 82' lang='grc' dir='ltr'><strong><em>ή</em></strong></span> <span class='ocrx_word' id='word_1_769' title='bbox 2936 2819 3014 2891; x_wconf 76' lang='grc' dir='ltr'>τῆ</span> <span class='ocrx_word' id='word_1_770' title='bbox 3047 2819 3258 2891; x_wconf 72' lang='grc' dir='ltr'>ψυχὴν</span> <span class='ocrx_word' id='word_1_771' title='bbox 3301 2818 3517 2881; x_wconf 74' lang='grc' dir='ltr'>ζῶσαν.</span> 
     </span>
    </p>
   </div>
   <div class='ocr_carea' id='block_1_99' title="bbox 1944 2903 3521 2977">
    <p class='ocr_par' dir='ltr' id='par_1_99' title="bbox 1944 2903 3521 2977">
     <span class='ocr_line' id='line_1_99' title="bbox 1944 2903 3521 2977; baseline -0.002 -17"><span class='ocrx_word' id='word_1_772' title='bbox 1944 2906 2057 2975; x_wconf 83' lang='grc' dir='ltr'>Τὴν</span> <span class='ocrx_word' id='word_1_773' title='bbox 2086 2906 2190 2975; x_wconf 87' lang='grc' dir='ltr'>γῆν</span> <span class='ocrx_word' id='word_1_774' title='bbox 2215 2907 2244 2958; x_wconf 97' lang='lat'>6</span> <span class='ocrx_word' id='word_1_775' title='bbox 2274 2903 2406 2966; x_wconf 79' lang='grc' dir='ltr'>Θεὸς</span> <span class='ocrx_word' id='word_1_776' title='bbox 2436 2903 2595 2975; x_wconf 78' lang='grc' dir='ltr'>διπλῇ</span> <span class='ocrx_word' id='word_1_777' title='bbox 2625 2903 2937 2975; x_wconf 79' lang='grc' dir='ltr'>περιϐάλλει</span> <span class='ocrx_word' id='word_1_778' title='bbox 2979 2908 3134 2977; x_wconf 80' lang='grc' dir='ltr'>τιμῇ.</span> <span class='ocrx_word' id='word_1_779' title='bbox 3163 2903 3384 2976; x_wconf 84' lang='grc' dir='ltr'>Πρῶτον</span> <span class='ocrx_word' id='word_1_780' title='bbox 3412 2903 3521 2975; x_wconf 83' lang='grc' dir='ltr'>γὰρ</span> 
     </span>
    </p>
   </div>
   <div class='ocr_carea' id='block_1_100' title="bbox 1945 2987 3523 3060">
    <p class='ocr_par' dir='ltr' id='par_1_100' title="bbox 1945 2987 3523 3060">
     <span class='ocr_line' id='line_1_100' title="bbox 1945 2987 3523 3060; baseline -0.002 -17"><span class='ocrx_word' id='word_1_781' title='bbox 1945 2987 2084 3060; x_wconf 78' lang='grc' dir='ltr'>αὕτη</span> <span class='ocrx_word' id='word_1_782' title='bbox 2125 2989 2287 3058; x_wconf 77' lang='grc' dir='ltr'>γεννᾷ</span> <span class='ocrx_word' id='word_1_783' title='bbox 2315 2987 2381 3040; x_wconf 88' lang='grc' dir='ltr'>τά</span> <span class='ocrx_word' id='word_1_784' title='bbox 2409 2987 2834 3058; x_wconf 71' lang='grc' dir='ltr'>σπέρματαοκαὶ</span> <span class='ocrx_word' id='word_1_785' title='bbox 2860 2987 3032 3056; x_wconf 85' lang='grc' dir='ltr'>φυτά,</span> <span class='ocrx_word' id='word_1_786' title='bbox 3062 2988 3156 3043; x_wconf 74' lang='grc' dir='ltr'>καὶ</span> <span class='ocrx_word' id='word_1_787' title='bbox 3186 2988 3323 3058; x_wconf 86' lang='grc' dir='ltr'>μετά</span> <span class='ocrx_word' id='word_1_788' title='bbox 3349 2987 3523 3041; x_wconf 86' lang='grc' dir='ltr'>ταῦτα</span> 
     </span>
    </p>
   </div>
   <div class='ocr_carea' id='block_1_101' title="bbox 1945 3070 3522 3143">
    <p class='ocr_par' dir='ltr' id='par_1_101' title="bbox 1945 3070 3522 3143">
     <span class='ocr_line' id='line_1_101' title="bbox 1945 3070 3522 3143; baseline -0.002 -17"><span class='ocrx_word' id='word_1_789' title='bbox 1945 3072 2014 3126; x_wconf 90' lang='grc' dir='ltr'>τά</span> <span class='ocrx_word' id='word_1_790' title='bbox 2059 3071 2203 3137; x_wconf 77' lang='grc' dir='ltr'>ζῶα,</span> <span class='ocrx_word' id='word_1_791' title='bbox 2237 3072 2339 3123; x_wconf 91' lang='grc' dir='ltr'>οὐκ</span> <span class='ocrx_word' id='word_1_792' title='bbox 2379 3070 2622 3137; x_wconf 85' lang='grc' dir='ltr'>ἀλόγως,</span> <span class='ocrx_word' id='word_1_793' title='bbox 2670 3070 2784 3123; x_wconf 89' lang='grc' dir='ltr'>ἀλλ’</span> <span class='ocrx_word' id='word_1_794' title='bbox 2835 3070 3021 3143; x_wconf 83' lang='grc' dir='ltr'>ἐπειδὴ</span> <span class='ocrx_word' id='word_1_795' title='bbox 3076 3072 3387 3143; x_wconf 75' lang='grc' dir='ltr'>οἰκητήριον</span> <span class='ocrx_word' id='word_1_796' title='bbox 3424 3070 3522 3123; x_wconf 84' lang='grc' dir='ltr'>ἀν-</span> 
     </span>
    </p>
   </div>
   <div class='ocr_carea' id='block_1_102' title="bbox 1949 3151 3523 3225">
    <p class='ocr_par' dir='ltr' id='par_1_102' title="bbox 1949 3151 3523 3225">
     <span class='ocr_line' id='line_1_102' title="bbox 1949 3151 3523 3225; baseline -0.001 -17"><span class='ocrx_word' id='word_1_797' title='bbox 1949 3155 2168 3225; x_wconf 82' lang='grc' dir='ltr'>θρώπου</span> <span class='ocrx_word' id='word_1_798' title='bbox 2216 3152 2407 3225; x_wconf 72' lang='grc' dir='ltr'>ἔμελλε</span> <span class='ocrx_word' id='word_1_799' title='bbox 2451 3153 2730 3222; x_wconf 85' lang='grc' dir='ltr'>γίνεσθαι·</span> <span class='ocrx_word' id='word_1_800' title='bbox 2781 3154 2844 3207; x_wconf 93' lang='grc' dir='ltr'>οὐ</span> <span class='ocrx_word' id='word_1_801' title='bbox 2889 3154 3048 3223; x_wconf 88' lang='grc' dir='ltr'>μόνον</span> <span class='ocrx_word' id='word_1_802' title='bbox 3082 3151 3140 3207; x_wconf 89' lang='grc' dir='ltr'>δέ</span> <span class='ocrx_word' id='word_1_803' title='bbox 3186 3154 3363 3219; x_wconf 90' lang='grc' dir='ltr'>τοῦτο,</span> <span class='ocrx_word' id='word_1_804' title='bbox 3409 3152 3523 3207; x_wconf 84' lang='grc' dir='ltr'>ἀλλ’</span> 
     </span>
    </p>
   </div>
   <div class='ocr_carea' id='block_1_103' title="bbox 1950 3235 3527 3310">
    <p class='ocr_par' dir='ltr' id='par_1_103' title="bbox 1950 3235 3527 3310">
     <span class='ocr_line' id='line_1_103' title="bbox 1950 3235 3527 3310; baseline -0.001 -17"><span class='ocrx_word' id='word_1_805' title='bbox 1950 3238 2135 3306; x_wconf 85' lang='grc' dir='ltr'>ἐπειδὴ</span> <span class='ocrx_word' id='word_1_806' title='bbox 2165 3236 2260 3291; x_wconf 78' lang='grc' dir='ltr'>καὶ</span> <span class='ocrx_word' id='word_1_807' title='bbox 2281 3236 2341 3302; x_wconf 81' lang='grc' dir='ltr'>ἐξ</span> <span class='ocrx_word' id='word_1_808' title='bbox 2366 3237 2534 3307; x_wconf 89' lang='grc' dir='ltr'>αὐτῆς</span> <span class='ocrx_word' id='word_1_809' title='bbox 2555 3235 2758 3307; x_wconf 90' lang='grc' dir='ltr'>ταύτης</span> <span class='ocrx_word' id='word_1_810' title='bbox 2782 3238 2811 3290; x_wconf 89' lang='lat'>6</span> <span class='ocrx_word' id='word_1_811' title='bbox 2838 3237 2998 3301; x_wconf 83' lang='grc' dir='ltr'>αὐτὸς</span> <span class='ocrx_word' id='word_1_812' title='bbox 3021 3237 3305 3310; x_wconf 76' lang='grc' dir='ltr'>ἄνθρωπος</span> <span class='ocrx_word' id='word_1_813' title='bbox 3335 3237 3527 3308; x_wconf 78' lang='grc' dir='ltr'>ἔμελλε</span> 
     </span>
    </p>
   </div>
   <div class='ocr_carea' id='block_1_104' title="bbox 1948 3318 3526 3393">
    <p class='ocr_par' dir='ltr' id='par_1_104' title="bbox 1948 3318 3526 3393">
     <span class='ocr_line' id='line_1_104' title="bbox 1948 3318 3526 3393; baseline -0.002 -17"><span class='ocrx_word' id='word_1_814' title='bbox 1948 3320 2262 3393; x_wconf 87' lang='grc' dir='ltr'>τρέφεσθαι,</span> <span class='ocrx_word' id='word_1_815' title='bbox 2294 3319 2370 3383; x_wconf 86' lang='grc' dir='ltr'>ὡς</span> <span class='ocrx_word' id='word_1_816' title='bbox 2407 3318 2604 3391; x_wconf 79' lang='grc' dir='ltr'>τροφὸν</span> <span class='ocrx_word' id='word_1_817' title='bbox 2640 3318 2810 3390; x_wconf 83' lang='grc' dir='ltr'>αὐτὴν</span> <span class='ocrx_word' id='word_1_818' title='bbox 2839 3321 2935 3374; x_wconf 73' lang='grc' dir='ltr'>καὶ</span> <span class='ocrx_word' id='word_1_819' title='bbox 2970 3320 3181 3390; x_wconf 86' lang='grc' dir='ltr'>μητέρα</span> <span class='ocrx_word' id='word_1_820' title='bbox 3213 3318 3405 3371; x_wconf 90' lang='grc' dir='ltr'>τούτου</span> <span class='ocrx_word' id='word_1_821' title='bbox 3432 3320 3526 3373; x_wconf 82' lang='grc' dir='ltr'>τοῦ</span> 
     </span>
    </p>
   </div>
   <div class='ocr_carea' id='block_1_105' title="bbox 1953 3401 3526 3478">
    <p class='ocr_par' dir='ltr' id='par_1_105' title="bbox 1953 3401 3526 3478">
     <span class='ocr_line' id='line_1_105' title="bbox 1953 3401 3526 3478; baseline -0.003 -18"><span class='ocrx_word' id='word_1_822' title='bbox 1953 3405 2189 3478; x_wconf 87' lang='grc' dir='ltr'>μεγάλου</span> <span class='ocrx_word' id='word_1_823' title='bbox 2226 3401 2366 3468; x_wconf 81' lang='grc' dir='ltr'>ζώου</span> <span class='ocrx_word' id='word_1_824' title='bbox 2412 3403 2567 3473; x_wconf 83' lang='grc' dir='ltr'>τιμᾷ.</span> <span class='ocrx_word' id='word_1_825' title='bbox 2596 3401 2741 3473; x_wconf 83' lang='grc' dir='ltr'>Ὅρα</span> <span class='ocrx_word' id='word_1_826' title='bbox 2771 3401 2827 3455; x_wconf 74' lang='grc' dir='ltr'>δὲ</span> <span class='ocrx_word' id='word_1_827' title='bbox 2871 3402 2966 3455; x_wconf 77' lang='grc' dir='ltr'>καὶ</span> <span class='ocrx_word' id='word_1_828' title='bbox 2996 3401 3263 3464; x_wconf 85' lang='grc' dir='ltr'>ἐνταῦθα,</span> <span class='ocrx_word' id='word_1_829' title='bbox 3299 3402 3418 3465; x_wconf 87' lang='grc' dir='ltr'>πῶς</span> <span class='ocrx_word' id='word_1_830' title='bbox 3457 3405 3526 3474; x_wconf 79' lang='grc' dir='ltr'>τῇ</span> 
     </span>
    </p>
   </div>
   <div class='ocr_carea' id='block_1_106' title="bbox 1951 3485 3530 3561">
    <p class='ocr_par' dir='ltr' id='par_1_106' title="bbox 1951 3485 3530 3561">
     <span class='ocr_line' id='line_1_106' title="bbox 1951 3485 3530 3561; baseline -0.003 -16"><span class='ocrx_word' id='word_1_831' title='bbox 1951 3489 2243 3561; x_wconf 74' lang='grc' dir='ltr'>ἀκολουθία</span> <span class='ocrx_word' id='word_1_832' title='bbox 2282 3487 2572 3559; x_wconf 79' lang='grc' dir='ltr'>ἐχρήσατο.</span> <span class='ocrx_word' id='word_1_833' title='bbox 2616 3485 2838 3556; x_wconf 87' lang='grc' dir='ltr'>Πρῶτον</span> <span class='ocrx_word' id='word_1_834' title='bbox 2868 3486 2977 3556; x_wconf 86' lang='grc' dir='ltr'>γὰρ</span> <span class='ocrx_word' id='word_1_835' title='bbox 3000 3487 3408 3557; x_wconf 77' lang='grc' dir='ltr'>παρασκευάζει</span> <span class='ocrx_word' id='word_1_836' title='bbox 3431 3487 3530 3548; x_wconf 82' lang='grc' dir='ltr'>τὰς</span> 
     </span>
    </p>
   </div>
   <div class='ocr_carea' id='block_1_107' title="bbox 1953 3568 3530 3645">
    <p class='ocr_par' dir='ltr' id='par_1_107' title="bbox 1953 3568 3530 3645">
     <span class='ocr_line' id='line_1_107' title="bbox 1953 3568 3530 3645; baseline -0.003 -18"><span class='ocrx_word' id='word_1_837' title='bbox 1953 3576 2188 3645; x_wconf 80' lang='grc' dir='ltr'>τροφάς·</span> <span class='ocrx_word' id='word_1_838' title='bbox 2227 3568 2329 3625; x_wconf 80' lang='grc' dir='ltr'>εἷθ’</span> <span class='ocrx_word' id='word_1_839' title='bbox 2362 3570 2534 3635; x_wconf 79' lang='grc' dir='ltr'>οὕτως</span> <span class='ocrx_word' id='word_1_840' title='bbox 2566 3570 2774 3638; x_wconf 88' lang='grc' dir='ltr'>εἱσάγει</span> <span class='ocrx_word' id='word_1_841' title='bbox 2824 3569 2892 3624; x_wconf 84' lang='grc' dir='ltr'>τὰ</span> <span class='ocrx_word' id='word_1_842' title='bbox 2918 3570 3018 3641; x_wconf 85' lang='grc' dir='ltr'>τῆς</span> <span class='ocrx_word' id='word_1_843' title='bbox 3045 3569 3252 3641; x_wconf 85' lang='grc' dir='ltr'>τροφῆς</span> <span class='ocrx_word' id='word_1_844' title='bbox 3286 3570 3530 3624; x_wconf 84' lang='grc' dir='ltr'>ἀπολαύ-</span> 
     </span>
    </p>
   </div>
   <div class='ocr_carea' id='block_1_108' title="bbox 1956 3653 3526 3727">
    <p class='ocr_par' dir='ltr' id='par_1_108' title="bbox 1956 3653 3526 3727">
     <span class='ocr_line' id='line_1_108' title="bbox 1956 3653 3526 3727; baseline -0.002 -15"><span class='ocrx_word' id='word_1_845' title='bbox 1956 3676 2152 3723; x_wconf 86' lang='grc' dir='ltr'>σοντα,</span> <span class='ocrx_word' id='word_1_846' title='bbox 2197 3657 2446 3727; x_wconf 87' lang='grc' dir='ltr'>καθάπερ</span> <span class='ocrx_word' id='word_1_847' title='bbox 2491 3654 2587 3710; x_wconf 74' lang='grc' dir='ltr'>καὶ</span> <span class='ocrx_word' id='word_1_848' title='bbox 2627 3656 2718 3709; x_wconf 79' lang='grc' dir='ltr'>ἐπὶ</span> <span class='ocrx_word' id='word_1_849' title='bbox 2768 3653 2861 3708; x_wconf 90' lang='grc' dir='ltr'>τοῦ</span> <span class='ocrx_word' id='word_1_850' title='bbox 2912 3653 3200 3725; x_wconf 83' lang='grc' dir='ltr'>ἀνθρώπου</span> <span class='ocrx_word' id='word_1_851' title='bbox 3251 3655 3526 3726; x_wconf 86' lang='grc' dir='ltr'>ἐποίησεν.</span> 
     </span>
    </p>
   </div>
   <div class='ocr_carea' id='block_1_109' title="bbox 1955 3736 3531 3813">
    <p class='ocr_par' dir='ltr' id='par_1_109' title="bbox 1955 3736 3531 3813">
     <span class='ocr_line' id='line_1_109' title="bbox 1955 3736 3531 3813; baseline -0.002 -18"><span class='ocrx_word' id='word_1_852' title='bbox 1955 3742 2178 3813; x_wconf 84' lang='grc' dir='ltr'>Πρῶτον</span> <span class='ocrx_word' id='word_1_853' title='bbox 2205 3742 2297 3793; x_wconf 78' lang='grc' dir='ltr'>τὸν</span> <span class='ocrx_word' id='word_1_854' title='bbox 2321 3736 2467 3793; x_wconf 85' lang='grc' dir='ltr'>οἷκον</span> <span class='ocrx_word' id='word_1_855' title='bbox 2491 3739 2604 3808; x_wconf 87' lang='grc' dir='ltr'>ἀπή</span> <span class='ocrx_word' id='word_1_856' title='bbox 2615 3755 2784 3809; x_wconf 80' lang='grc' dir='ltr'>ρτισε,</span> <span class='ocrx_word' id='word_1_857' title='bbox 2819 3738 2915 3792; x_wconf 77' lang='grc' dir='ltr'>καὶ</span> <span class='ocrx_word' id='word_1_858' title='bbox 2940 3738 3082 3793; x_wconf 84' lang='grc' dir='ltr'>οὐτω</span> <span class='ocrx_word' id='word_1_859' title='bbox 3099 3738 3190 3791; x_wconf 86' lang='grc' dir='ltr'>τὸν</span> <span class='ocrx_word' id='word_1_860' title='bbox 3221 3739 3531 3793; x_wconf 85' lang='grc' dir='ltr'>οἱκοδεσπό-</span> 
     </span>
    </p>
   </div>
   <div class='ocr_carea' id='block_1_110' title="bbox 1954 3820 3529 3895">
    <p class='ocr_par' dir='ltr' id='par_1_110' title="bbox 1954 3820 3529 3895">
     <span class='ocr_line' id='line_1_110' title="bbox 1954 3820 3529 3895; baseline -0.002 -16"><span class='ocrx_word' id='word_1_861' title='bbox 1954 3842 2056 3895; x_wconf 86' lang='grc' dir='ltr'>την</span> <span class='ocrx_word' id='word_1_862' title='bbox 2104 3826 2418 3892; x_wconf 78' lang='grc' dir='ltr'>εισήγαγεν.</span> <span class='ocrx_word' id='word_1_863' title='bbox 2466 3820 2824 3891; x_wconf 77' lang='grc' dir='ltr'>Ἐξαγατέτω</span> <span class='ocrx_word' id='word_1_864' title='bbox 2869 3823 2907 3889; x_wconf 79' lang='grc' dir='ltr'>ἡ</span> <span class='ocrx_word' id='word_1_865' title='bbox 2946 3821 3023 3890; x_wconf 77' lang='grc' dir='ltr'>γῆ</span> <span class='ocrx_word' id='word_1_866' title='bbox 3063 3822 3278 3891; x_wconf 66' lang='grc' dir='ltr'>ψυχὴν</span> <span class='ocrx_word' id='word_1_867' title='bbox 3312 3821 3529 3882; x_wconf 80' lang='grc' dir='ltr'>ζῶσαν.</span> 
     </span>
    </p>
   </div>
   <div class='ocr_carea' id='block_1_111' title="bbox 1968 3902 3533 3975">
    <p class='ocr_par' dir='ltr' id='par_1_111' title="bbox 1968 3902 3533 3975">
     <span class='ocr_line' id='line_1_111' title="bbox 1968 3902 3533 3975; baseline -0.001 -15"><span class='ocrx_word' id='word_1_868' title='bbox 1968 3908 2032 3960; x_wconf 86' lang='grc' dir='ltr'><em>Ἢ</em></span> <span class='ocrx_word' id='word_1_869' title='bbox 2081 3905 2287 3975; x_wconf 76' lang='grc' dir='ltr'>ἄψυχος</span> <span class='ocrx_word' id='word_1_870' title='bbox 2342 3904 2416 3974; x_wconf 85' lang='grc' dir='ltr'>γῆ</span> <span class='ocrx_word' id='word_1_871' title='bbox 2464 3904 2628 3956; x_wconf 84' lang='grc' dir='ltr'>πόθεν</span> <span class='ocrx_word' id='word_1_872' title='bbox 2669 3904 2832 3974; x_wconf 78' lang='grc' dir='ltr'>γεννᾷ</span> <span class='ocrx_word' id='word_1_873' title='bbox 2878 3902 3054 3973; x_wconf 74' lang='grc' dir='ltr'>ψυχὴν</span> <span class='ocrx_word' id='word_1_874' title='bbox 3111 3902 3321 3970; x_wconf 74' lang='grc' dir='ltr'>ζῶσανς</span> <span class='ocrx_word' id='word_1_875' title='bbox 3369 3905 3533 3959; x_wconf 88' lang='grc' dir='ltr'>πόθεν</span> 
     </span>
    </p>
   </div>
   <div class='ocr_carea' id='block_1_112' title="bbox 1959 3985 3534 4060">
    <p class='ocr_par' dir='ltr' id='par_1_112' title="bbox 1959 3985 3534 4060">
     <span class='ocr_line' id='line_1_112' title="bbox 1959 3985 3534 4060; baseline 0 -19"><span class='ocrx_word' id='word_1_876' title='bbox 1959 3987 2195 4060; x_wconf 81' lang='grc' dir='ltr'>προῆλθε</span> <span class='ocrx_word' id='word_1_877' title='bbox 2220 3986 2357 4039; x_wconf 90' lang='grc' dir='ltr'>λέων</span> <span class='ocrx_word' id='word_1_878' title='bbox 2387 3985 2822 4057; x_wconf 78' lang='grc' dir='ltr'>βρυχώμενος,ἢ</span> <span class='ocrx_word' id='word_1_879' title='bbox 2858 3986 3024 4049; x_wconf 80' lang='grc' dir='ltr'>ῖππος</span> <span class='ocrx_word' id='word_1_880' title='bbox 3062 3986 3291 4057; x_wconf 88' lang='grc' dir='ltr'>τρέχων,</span> <span class='ocrx_word' id='word_1_881' title='bbox 3333 3988 3369 4055; x_wconf 82' lang='grc' dir='ltr'>ἢ</span> <span class='ocrx_word' id='word_1_882' title='bbox 3406 3988 3534 4057; x_wconf 86' lang='grc' dir='ltr'>βοῦς</span> 
     </span>
    </p>
   </div>
   <div class='ocr_carea' id='block_1_113' title="bbox 1961 4067 3535 4143">
    <p class='ocr_par' dir='ltr' id='par_1_113' title="bbox 1961 4067 3535 4143">
     <span class='ocr_line' id='line_1_113' title="bbox 1961 4067 3535 4143; baseline 0.007 -31"><span class='ocrx_word' id='word_1_883' title='bbox 1961 4072 2223 4143; x_wconf 57' lang='grc' dir='ltr'>ἐργάτης,</span> <span class='ocrx_word' id='word_1_884' title='bbox 2262 4069 2296 4139; x_wconf 78' lang='grc' dir='ltr'>ἢ</span> <span class='ocrx_word' id='word_1_885' title='bbox 2339 4068 2636 4140; x_wconf 84' lang='grc' dir='ltr'>ἀχθοφόρος</span> <span class='ocrx_word' id='word_1_886' title='bbox 2664 4068 2810 4131; x_wconf 74' lang='grc' dir='ltr'>δνοςς</span> <span class='ocrx_word' id='word_1_887' title='bbox 2851 4067 3014 4120; x_wconf 87' lang='grc' dir='ltr'>πόθεν</span> <span class='ocrx_word' id='word_1_888' title='bbox 3055 4068 3114 4120; x_wconf 88' lang='grc' dir='ltr'>αἱ</span> <span class='ocrx_word' id='word_1_889' title='bbox 3139 4068 3392 4139; x_wconf 88' lang='grc' dir='ltr'>διαφοραὶ</span> <span class='ocrx_word' id='word_1_890' title='bbox 3426 4070 3535 4124; x_wconf 83' lang='grc' dir='ltr'>τῶν</span> 
     </span>
    </p>
   </div>
   <div class='ocr_carea' id='block_1_114' title="bbox 1961 4149 3537 4221">
    <p class='ocr_par' dir='ltr' id='par_1_114' title="bbox 1961 4149 3537 4221">
     <span class='ocr_line' id='line_1_114' title="bbox 1961 4149 3537 4221; baseline -0.004 -12"><span class='ocrx_word' id='word_1_891' title='bbox 1961 4154 2145 4220; x_wconf 73' lang='grc' dir='ltr'>ζώωνς</span> <span class='ocrx_word' id='word_1_892' title='bbox 2181 4152 2344 4206; x_wconf 87' lang='grc' dir='ltr'>πόθεν</span> <span class='ocrx_word' id='word_1_893' title='bbox 2390 4153 2454 4204; x_wconf 85' lang='grc' dir='ltr'>ἐκ</span> <span class='ocrx_word' id='word_1_894' title='bbox 2501 4151 2613 4221; x_wconf 79' lang='grc' dir='ltr'>τῆς.</span> <span class='ocrx_word' id='word_1_895' title='bbox 2640 4149 2848 4220; x_wconf 73' lang='grc' dir='ltr'>ἀψύχου</span> <span class='ocrx_word' id='word_1_896' title='bbox 2875 4149 3133 4203; x_wconf 85' lang='grc' dir='ltr'>τοσαῦται</span> <span class='ocrx_word' id='word_1_897' title='bbox 3173 4149 3379 4221; x_wconf 63' lang='grc' dir='ltr'>ψυχαί;</span> <span class='ocrx_word' id='word_1_898' title='bbox 3426 4152 3537 4205; x_wconf 80' lang='lat' dir='ltr'><strong><em>Kal</em></strong></span> 
     </span>
    </p>
   </div>
   <div class='ocr_carea' id='block_1_115' title="bbox 1960 4232 3537 4306">
    <p class='ocr_par' dir='ltr' id='par_1_115' title="bbox 1960 4232 3537 4306">
     <span class='ocr_line' id='line_1_115' title="bbox 1960 4232 3537 4306; baseline -0.004 -13"><span class='ocrx_word' id='word_1_899' title='bbox 1960 4240 2061 4294; x_wconf 88' lang='grc' dir='ltr'>οὐκ</span> <span class='ocrx_word' id='word_1_900' title='bbox 2091 4236 2436 4306; x_wconf 87' lang='grc' dir='ltr'>αἱσχύνονται</span> <span class='ocrx_word' id='word_1_901' title='bbox 2463 4234 2753 4304; x_wconf 86' lang='grc' dir='ltr'>αἱρετικῶν</span> <span class='ocrx_word' id='word_1_902' title='bbox 2785 4232 2972 4296; x_wconf 89' lang='grc' dir='ltr'>παῖδες</span> <span class='ocrx_word' id='word_1_903' title='bbox 2990 4273 3004 4298; x_wconf 96' lang='grc'>,</span> <span class='ocrx_word' id='word_1_904' title='bbox 3036 4233 3118 4286; x_wconf 81' lang='grc' dir='ltr'>ὅτι</span> <span class='ocrx_word' id='word_1_905' title='bbox 3144 4234 3177 4305; x_wconf 82' lang='grc' dir='ltr'>ἠ</span> <span class='ocrx_word' id='word_1_906' title='bbox 3209 4234 3306 4303; x_wconf 83' lang='grc' dir='ltr'>μὲν</span> <span class='ocrx_word' id='word_1_907' title='bbox 3332 4234 3537 4306; x_wconf 76' lang='grc' dir='ltr'>ἄψυχος</span> 
     </span>
    </p>
   </div>
   <div class='ocr_carea' id='block_1_116' title="bbox 1961 4315 3539 4393">
    <p class='ocr_par' dir='ltr' id='par_1_116' title="bbox 1961 4315 3539 4393">
     <span class='ocr_line' id='line_1_116' title="bbox 1961 4315 3539 4393; baseline -0.002 -19"><span class='ocrx_word' id='word_1_908' title='bbox 1961 4323 2035 4393; x_wconf 87' lang='grc' dir='ltr'>γῆ</span> <span class='ocrx_word' id='word_1_909' title='bbox 2081 4322 2147 4393; x_wconf 81' lang='grc' dir='ltr'>ἠν</span> <span class='ocrx_word' id='word_1_910' title='bbox 2179 4321 2280 4373; x_wconf 84' lang='grc' dir='ltr'>οὐκ</span> <span class='ocrx_word' id='word_1_911' title='bbox 2314 4315 2465 4390; x_wconf 69' lang='grc'>[469]</span> <span class='ocrx_word' id='word_1_912' title='bbox 2498 4317 2608 4387; x_wconf 79' lang='grc' dir='ltr'>ἔχει</span> <span class='ocrx_word' id='word_1_913' title='bbox 2650 4316 2911 4389; x_wconf 83' lang='grc' dir='ltr'>προφέρει</span> <span class='ocrx_word' id='word_1_914' title='bbox 2944 4316 3151 4389; x_wconf 82' lang='grc' dir='ltr'>ψυχήν·</span> <span class='ocrx_word' id='word_1_915' title='bbox 3198 4317 3330 4371; x_wconf 82' lang='grc' dir='ltr'>Θεὸν</span> <span class='ocrx_word' id='word_1_916' title='bbox 3357 4317 3414 4371; x_wconf 76' lang='grc' dir='ltr'>δέ</span> <span class='ocrx_word' id='word_1_917' title='bbox 3442 4318 3539 4371; x_wconf 85' lang='grc' dir='ltr'>ἐὰν</span> 
     </span>
    </p>
   </div>
   <div class='ocr_carea' id='block_1_117' title="bbox 1961 4400 3539 4470">
    <p class='ocr_par' dir='ltr' id='par_1_117' title="bbox 1961 4400 3539 4470">
     <span class='ocr_line' id='line_1_117' title="bbox 1961 4400 3539 4470; baseline -0.004 -10"><span class='ocrx_word' id='word_1_918' title='bbox 1961 4404 2286 4463; x_wconf 81' lang='grc' dir='ltr'>ἀκούσωσιν,</span> <span class='ocrx_word' id='word_1_919' title='bbox 2316 4403 2397 4455; x_wconf 79' lang='grc' dir='ltr'>ὅτι</span> <span class='ocrx_word' id='word_1_920' title='bbox 2422 4400 2709 4470; x_wconf 85' lang='grc' dir='ltr'>ἐγέννησεν</span> <span class='ocrx_word' id='word_1_921' title='bbox 2733 4401 2796 4453; x_wconf 88' lang='grc' dir='ltr'>ἐκ</span> <span class='ocrx_word' id='word_1_922' title='bbox 2814 4400 2913 4470; x_wconf 87' lang='grc' dir='ltr'>τῆς</span> <span class='ocrx_word' id='word_1_923' title='bbox 2936 4400 3073 4463; x_wconf 84' lang='grc' dir='ltr'>ἱδίας</span> <span class='ocrx_word' id='word_1_924' title='bbox 3100 4400 3310 4465; x_wconf 89' lang='grc' dir='ltr'>οὐσίας,</span> <span class='ocrx_word' id='word_1_925' title='bbox 3336 4400 3539 4464; x_wconf 86' lang='grc' dir='ltr'>εὐθέως</span> 
     </span>
    </p>
   </div>
   <div class='ocr_carea' id='block_1_118' title="bbox 1960 4477 3536 4551">
    <p class='ocr_par' dir='ltr' id='par_1_118' title="bbox 1960 4477 3536 4551">
     <span class='ocr_line' id='line_1_118' title="bbox 1960 4477 3536 4551; baseline -0.001 -13"><span class='ocrx_word' id='word_1_926' title='bbox 1960 4484 2070 4538; x_wconf 90' lang='grc' dir='ltr'>τῶν</span> <span class='ocrx_word' id='word_1_927' title='bbox 2095 4479 2369 4551; x_wconf 89' lang='grc' dir='ltr'>λογισμῶν</span> <span class='ocrx_word' id='word_1_928' title='bbox 2400 4478 2498 4542; x_wconf 88' lang='grc' dir='ltr'>τάς</span> <span class='ocrx_word' id='word_1_929' title='bbox 2522 4477 2726 4541; x_wconf 83' lang='grc' dir='ltr'>πλοκὰς</span> <span class='ocrx_word' id='word_1_930' title='bbox 2751 4478 2981 4545; x_wconf 86' lang='grc' dir='ltr'>κινοῦσι,</span> <span class='ocrx_word' id='word_1_931' title='bbox 3009 4480 3103 4533; x_wconf 76' lang='grc' dir='ltr'>καὶ</span> <span class='ocrx_word' id='word_1_932' title='bbox 3130 4481 3536 4550; x_wconf 75' lang='grc' dir='ltr'>ἐπεισάγουσιν*</span> 
     </span>
    </p>
   </div>
   <div class='ocr_carea' id='block_1_119' title="bbox 1962 4558 3541 4634">
    <p class='ocr_par' dir='ltr' id='par_1_119' title="bbox 1962 4558 3541 4634">
     <span class='ocr_line' id='line_1_119' title="bbox 1962 4558 3541 4634; baseline -0.002 -12"><span class='ocrx_word' id='word_1_933' title='bbox 1962 4567 2173 4622; x_wconf 82' lang='grc' dir='ltr'>Οὐκοῦν</span> <span class='ocrx_word' id='word_1_934' title='bbox 2201 4563 2437 4634; x_wconf 79' lang='grc' dir='ltr'>ἐτμήθη,</span> <span class='ocrx_word' id='word_1_935' title='bbox 2482 4561 2675 4615; x_wconf 87' lang='grc' dir='ltr'>οὐκοῦν</span> <span class='ocrx_word' id='word_1_936' title='bbox 2702 4558 2954 4634; x_wconf 79' lang='grc' dir='ltr'>διῃρέθη,</span> <span class='ocrx_word' id='word_1_937' title='bbox 2990 4562 3186 4617; x_wconf 88' lang='grc' dir='ltr'>οὐκοῦν</span> <span class='ocrx_word' id='word_1_938' title='bbox 3214 4563 3381 4617; x_wconf 77' lang='grc' dir='ltr'>ἔπαθε</span> <span class='ocrx_word' id='word_1_939' title='bbox 3402 4604 3417 4627; x_wconf 92' lang='grc'>,</span> <span class='ocrx_word' id='word_1_940' title='bbox 3444 4566 3541 4619; x_wconf 62' lang='grc' dir='ltr'>καὶ⁵</span> 
     </span>
    </p>
   </div>
   <div class='ocr_carea' id='block_1_120' title="bbox 1960 4643 3647 4718">
    <p class='ocr_par' dir='ltr' id='par_1_120' title="bbox 1960 4643 3647 4718">
     <span class='ocr_line' id='line_1_120' title="bbox 1960 4643 3647 4718; baseline -0.002 -14"><span class='ocrx_word' id='word_1_941' title='bbox 1960 4650 2188 4704; x_wconf 91' lang='grc' dir='ltr'>τοιαῦτα</span> <span class='ocrx_word' id='word_1_942' title='bbox 2213 4649 2313 4701; x_wconf 82' lang='grc' dir='ltr'>ὅσα</span> <span class='ocrx_word' id='word_1_943' title='bbox 2339 4645 2460 4709; x_wconf 85' lang='grc' dir='ltr'>ἑθος</span> <span class='ocrx_word' id='word_1_944' title='bbox 2482 4645 2663 4708; x_wconf 85' lang='grc' dir='ltr'>αὐτοῖς</span> <span class='ocrx_word' id='word_1_945' title='bbox 2689 4643 2890 4712; x_wconf 89' lang='grc' dir='ltr'>λέγειν.</span> <span class='ocrx_word' id='word_1_946' title='bbox 2915 4646 2990 4699; x_wconf 86' lang='grc' dir='ltr'>υύ</span> <span class='ocrx_word' id='word_1_947' title='bbox 3010 4646 3120 4718; x_wconf 86' lang='grc' dir='ltr'>γάρ</span> <span class='ocrx_word' id='word_1_948' title='bbox 3150 4646 3245 4699; x_wconf 91' lang='grc' dir='ltr'>τοῦ</span> <span class='ocrx_word' id='word_1_949' title='bbox 3274 4647 3541 4718; x_wconf 84' lang='grc' dir='ltr'>παρόντος</span> <span class='ocrx_word' id='word_1_950' title='bbox 3644 4678 3647 4681; x_wconf 59' lang='grc' dir='ltr'>η</span> 
     </span>
    </p>
   </div>
   <div class='ocr_carea' id='block_1_121' title="bbox 1963 4728 3544 4804">
    <p class='ocr_par' dir='ltr' id='par_1_121' title="bbox 1963 4728 3544 4804">
     <span class='ocr_line' id='line_1_121' title="bbox 1963 4728 3544 4804; baseline -0.004 -16"><span class='ocrx_word' id='word_1_951' title='bbox 1963 4734 2082 4788; x_wconf 80' lang='grc' dir='ltr'>ἐστὶ</span> <span class='ocrx_word' id='word_1_952' title='bbox 2106 4730 2298 4804; x_wconf 87' lang='grc' dir='ltr'>καιροῦ</span> <span class='ocrx_word' id='word_1_953' title='bbox 2338 4730 2469 4782; x_wconf 81' lang='grc' dir='ltr'>πᾶσι</span> <span class='ocrx_word' id='word_1_954' title='bbox 2508 4731 2619 4791; x_wconf 87' lang='grc' dir='ltr'>τοῖς</span> <span class='ocrx_word' id='word_1_955' title='bbox 2648 4728 2779 4799; x_wconf 79' lang='grc' dir='ltr'>παρ’</span> <span class='ocrx_word' id='word_1_956' title='bbox 2824 4729 3004 4782; x_wconf 88' lang='grc' dir='ltr'>αὐτῶν</span> <span class='ocrx_word' id='word_1_957' title='bbox 3049 4729 3357 4800; x_wconf 83' lang='grc' dir='ltr'>λεγομένοις</span> <span class='ocrx_word' id='word_1_958' title='bbox 3401 4729 3544 4783; x_wconf 86' lang='grc' dir='ltr'>κατά</span> 
     </span>
    </p>
   </div>
   <div class='ocr_carea' id='block_1_122' title="bbox 1963 4811 3543 4884">
    <p class='ocr_par' dir='ltr' id='par_1_122' title="bbox 1963 4811 3543 4884">
     <span class='ocr_line' id='line_1_122' title="bbox 1963 4811 3543 4884; baseline -0.005 -11"><span class='ocrx_word' id='word_1_959' title='bbox 1963 4818 2056 4873; x_wconf 89' lang='grc' dir='ltr'>τοῦ</span> <span class='ocrx_word' id='word_1_960' title='bbox 2090 4813 2425 4884; x_wconf 85' lang='grc' dir='ltr'>Μονογενοῦς</span> <span class='ocrx_word' id='word_1_961' title='bbox 2464 4812 2756 4879; x_wconf 80' lang='grc' dir='ltr'>ἐπεξιέναι,</span> <span class='ocrx_word' id='word_1_962' title='bbox 2805 4811 3004 4883; x_wconf 79' lang='grc' dir='ltr'>μᾶλλον</span> <span class='ocrx_word' id='word_1_963' title='bbox 3040 4811 3099 4864; x_wconf 79' lang='grc' dir='ltr'>δὲ</span> <span class='ocrx_word' id='word_1_964' title='bbox 3122 4811 3261 4865; x_wconf 87' lang='grc' dir='ltr'>κατά</span> <span class='ocrx_word' id='word_1_965' title='bbox 3290 4812 3389 4883; x_wconf 89' lang='grc' dir='ltr'>τῆς</span> <span class='ocrx_word' id='word_1_966' title='bbox 3417 4814 3543 4866; x_wconf 84' lang='grc' dir='ltr'>ἑαυ-</span> 
     </span>
    </p>
   </div>
   <div class='ocr_carea' id='block_1_123' title="bbox 1962 4886 3544 4970">
    <p class='ocr_par' dir='ltr' id='par_1_123' title="bbox 1962 4886 3544 4970">
     <span class='ocr_line' id='line_1_123' title="bbox 1962 4886 3544 4970; baseline -0.003 -16"><span class='ocrx_word' id='word_1_967' title='bbox 1962 4900 2072 4955; x_wconf 84' lang='grc' dir='ltr'>τῶν</span> <span class='ocrx_word' id='word_1_968' title='bbox 2131 4897 2425 4970; x_wconf 86' lang='grc' dir='ltr'>σωτηρίας.</span> <span class='ocrx_word' id='word_1_969' title='bbox 2477 4893 2615 4948; x_wconf 83' lang='grc' dir='ltr'>Οὐτε</span> <span class='ocrx_word' id='word_1_970' title='bbox 2658 4894 2768 4965; x_wconf 76' lang='grc' dir='ltr'>γὰρ</span> <span class='ocrx_word' id='word_1_971' title='bbox 2806 4892 3223 4964; x_wconf 85' lang='grc' dir='ltr'>εὐφημούμενος</span> <span class='ocrx_word' id='word_1_972' title='bbox 3271 4886 3544 4967; x_wconf 69' lang='grc' dir='ltr'>κερδαίνει</span> 
     </span>
    </p>
   </div>
   <div class='ocr_carea' id='block_1_124' title="bbox 1964 4976 3543 5050">
    <p class='ocr_par' dir='ltr' id='par_1_124' title="bbox 1964 4976 3543 5050">
     <span class='ocr_line' id='line_1_124' title="bbox 1964 4976 3543 5050; baseline -0.006 -12"><span class='ocrx_word' id='word_1_973' title='bbox 1964 4983 2118 5048; x_wconf 85' lang='grc' dir='ltr'>Θεὸς,</span> <span class='ocrx_word' id='word_1_974' title='bbox 2176 4981 2299 5036; x_wconf 83' lang='grc' dir='ltr'>οὐτε</span> <span class='ocrx_word' id='word_1_975' title='bbox 2352 4976 2836 5050; x_wconf 82' lang='grc' dir='ltr'>βλασφημούμενος</span> <span class='ocrx_word' id='word_1_976' title='bbox 2882 4976 3177 5046; x_wconf 87' lang='grc' dir='ltr'>βλάπτεται</span> <span class='ocrx_word' id='word_1_977' title='bbox 3208 4978 3453 5043; x_wconf 86' lang='grc' dir='ltr'>πάντως·</span> <span class='ocrx_word' id='word_1_978' title='bbox 3491 4980 3543 5033; x_wconf 79' lang='grc' dir='ltr'>εί</span> 
     </span>
    </p>
   </div>
   <div class='ocr_carea' id='block_1_125' title="bbox 1970 5059 3546 5141">
    <p class='ocr_par' dir='ltr' id='par_1_125' title="bbox 1970 5059 3546 5141">
     <span class='ocr_line' id='line_1_125' title="bbox 1970 5059 3546 5141; baseline -0.011 -19"><span class='ocrx_word' id='word_1_979' title='bbox 1970 5067 2046 5141; x_wconf 82' lang='grc' dir='ltr'>μὴ</span> <span class='ocrx_word' id='word_1_980' title='bbox 2068 5068 2131 5122; x_wconf 82' lang='grc' dir='ltr'>ἀν</span> <span class='ocrx_word' id='word_1_981' title='bbox 2160 5083 2244 5130; x_wconf 87' lang='grc' dir='ltr'>τις</span> <span class='ocrx_word' id='word_1_982' title='bbox 2266 5065 2404 5134; x_wconf 84' lang='grc' dir='ltr'>τάχα</span> <span class='ocrx_word' id='word_1_983' title='bbox 2430 5060 2619 5132; x_wconf 86' lang='grc' dir='ltr'>κέρδος</span> <span class='ocrx_word' id='word_1_984' title='bbox 2644 5059 2792 5129; x_wconf 87' lang='grc' dir='ltr'>λέγοι</span> <span class='ocrx_word' id='word_1_985' title='bbox 2806 5059 2940 5113; x_wconf 89' lang='grc' dir='ltr'>Θεοῦ</span> <span class='ocrx_word' id='word_1_986' title='bbox 2963 5060 3346 5134; x_wconf 83' lang='grc' dir='ltr'>τὴνήμετέραν</span> <span class='ocrx_word' id='word_1_987' title='bbox 3370 5080 3546 5135; x_wconf 77' lang='grc' dir='ltr'>σωτη-</span> 
     </span>
    </p>
   </div>
   <div class='ocr_carea' id='block_1_126' title="bbox 1969 5145 3546 5225">
    <p class='ocr_par' dir='ltr' id='par_1_126' title="bbox 1969 5145 3546 5225">
     <span class='ocr_line' id='line_1_126' title="bbox 1969 5145 3546 5225; baseline -0.003 -20"><span class='ocrx_word' id='word_1_988' title='bbox 1969 5153 2112 5225; x_wconf 89' lang='grc' dir='ltr'>ρίαν.</span> <span class='ocrx_word' id='word_1_989' title='bbox 2146 5149 2317 5212; x_wconf 77' lang='grc' dir='ltr'>Αὐτὸς</span> <span class='ocrx_word' id='word_1_990' title='bbox 2354 5146 2462 5219; x_wconf 84' lang='grc' dir='ltr'>γὰρ</span> <span class='ocrx_word' id='word_1_991' title='bbox 2491 5145 2707 5217; x_wconf 87' lang='grc' dir='ltr'>πλήρης</span> <span class='ocrx_word' id='word_1_992' title='bbox 2746 5145 2863 5197; x_wconf 85' lang='grc' dir='ltr'>ἐστὶ</span> <span class='ocrx_word' id='word_1_993' title='bbox 2890 5145 3091 5211; x_wconf 79' lang='grc' dir='ltr'>παντὸς</span> <span class='ocrx_word' id='word_1_994' title='bbox 3124 5146 3351 5216; x_wconf 88' lang='grc' dir='ltr'>ἀγαθοῦ,</span> <span class='ocrx_word' id='word_1_995' title='bbox 3391 5148 3546 5203; x_wconf 83' lang='grc' dir='ltr'>ἀνεν-</span> 
     </span>
    </p>
   </div>
   <div class='ocr_carea' id='block_1_127' title="bbox 1965 5230 3546 5307">
    <p class='ocr_par' dir='ltr' id='par_1_127' title="bbox 1965 5230 3546 5307">
     <span class='ocr_line' id='line_1_127' title="bbox 1965 5230 3546 5307; baseline -0.011 -17"><span class='ocrx_word' id='word_1_996' title='bbox 1965 5236 2091 5307; x_wconf 79' lang='grc' dir='ltr'>δεὴς</span> <span class='ocrx_word' id='word_1_997' title='bbox 2121 5234 2381 5305; x_wconf 84' lang='grc' dir='ltr'>ὑπάρχων</span> <span class='ocrx_word' id='word_1_998' title='bbox 2413 5233 2469 5284; x_wconf 85' lang='grc' dir='ltr'>ἐν</span> <span class='ocrx_word' id='word_1_999' title='bbox 2513 5231 2751 5284; x_wconf 71' lang='grc' dir='ltr'>ἅπασινο</span> <span class='ocrx_word' id='word_1_1000' title='bbox 2800 5230 2962 5295; x_wconf 75' lang='grc' dir='ltr'>αὐτὸς</span> <span class='ocrx_word' id='word_1_1001' title='bbox 2994 5230 3092 5301; x_wconf 85' lang='grc' dir='ltr'>μὲν</span> <span class='ocrx_word' id='word_1_1002' title='bbox 3130 5231 3338 5297; x_wconf 89' lang='grc' dir='ltr'>πάντας</span> <span class='ocrx_word' id='word_1_1003' title='bbox 3382 5232 3546 5287; x_wconf 77' lang='grc' dir='ltr'>πλου-</span> 
     </span>
    </p>
   </div>
   <div class='ocr_carea' id='block_1_128' title="bbox 1964 5312 3547 5388">
    <p class='ocr_par' dir='ltr' id='par_1_128' title="bbox 1964 5312 3547 5388">
     <span class='ocr_line' id='line_1_128' title="bbox 1964 5312 3547 5388; baseline -0.005 -14"><span class='ocrx_word' id='word_1_1004' title='bbox 1964 5319 2151 5384; x_wconf 77' lang='grc' dir='ltr'>τίζων,</span> <span class='ocrx_word' id='word_1_1005' title='bbox 2177 5315 2402 5388; x_wconf 80' lang='grc' dir='ltr'>μηδενὸς</span> <span class='ocrx_word' id='word_1_1006' title='bbox 2423 5313 2481 5368; x_wconf 88' lang='grc' dir='ltr'>δέ</span> <span class='ocrx_word' id='word_1_1007' title='bbox 2499 5312 2913 5386; x_wconf 85' lang='grc' dir='ltr'>προσδεόμενος.</span> <span class='ocrx_word' id='word_1_1008' title='bbox 2940 5314 3130 5385; x_wconf 85' lang='grc' dir='ltr'>Ὅμως</span> <span class='ocrx_word' id='word_1_1009' title='bbox 3153 5315 3204 5368; x_wconf 91' lang='grc' dir='ltr'>τί</span> <span class='ocrx_word' id='word_1_1010' title='bbox 3227 5315 3337 5386; x_wconf 83' lang='grc' dir='ltr'>γάρ</span> <span class='ocrx_word' id='word_1_1011' title='bbox 3373 5314 3441 5368; x_wconf 83' lang='grc' dir='ltr'>ἀν</span> <span class='ocrx_word' id='word_1_1012' title='bbox 3461 5330 3547 5377; x_wconf 90' lang='grc' dir='ltr'>τις</span> 
     </span>
    </p>
   </div>
   <div class='ocr_carea' id='block_1_129' title="bbox 1967 5389 3547 5471">
    <p class='ocr_par' dir='ltr' id='par_1_129' title="bbox 1967 5389 3547 5471">
     <span class='ocr_line' id='line_1_129' title="bbox 1967 5389 3547 5471; baseline -0.004 -14"><span class='ocrx_word' id='word_1_1013' title='bbox 1967 5403 2063 5457; x_wconf 75' lang='grc' dir='ltr'>καὶ</span> <span class='ocrx_word' id='word_1_1014' title='bbox 2101 5400 2217 5471; x_wconf 86' lang='grc' dir='ltr'>δοίη</span> <span class='ocrx_word' id='word_1_1015' title='bbox 2241 5399 2317 5470; x_wconf 83' lang='grc' dir='ltr'>τῷ</span> <span class='ocrx_word' id='word_1_1016' title='bbox 2337 5399 2553 5451; x_wconf 89' lang='grc' dir='ltr'>πάντων</span> <span class='ocrx_word' id='word_1_1017' title='bbox 2578 5396 2687 5450; x_wconf 86' lang='grc' dir='ltr'>τῶν</span> <span class='ocrx_word' id='word_1_1018' title='bbox 2710 5397 2930 5466; x_wconf 85' lang='grc' dir='ltr'>ἀγαθῶν</span> <span class='ocrx_word' id='word_1_1019' title='bbox 2954 5402 3104 5469; x_wconf 81' lang='grc' dir='ltr'>πηγῇ</span> <span class='ocrx_word' id='word_1_1020' title='bbox 3135 5397 3455 5458; x_wconf 83' lang='grc' dir='ltr'>καθεστῶτι,</span> <span class='ocrx_word' id='word_1_1021' title='bbox 3484 5389 3547 5451; x_wconf 76' lang='grc' dir='ltr'>οῦ</span> 
     </span>
    </p>
   </div>
   <div class='ocr_carea' id='block_1_130' title="bbox 1971 5477 3547 5557">
    <p class='ocr_par' dir='ltr' id='par_1_130' title="bbox 1971 5477 3547 5557">
     <span class='ocr_line' id='line_1_130' title="bbox 1971 5477 3547 5557; baseline -0.006 -18"><span class='ocrx_word' id='word_1_1022' title='bbox 1971 5486 2131 5557; x_wconf 81' lang='grc' dir='ltr'>μόνον</span> <span class='ocrx_word' id='word_1_1023' title='bbox 2162 5484 2339 5538; x_wconf 89' lang='grc' dir='ltr'>πάντα</span> <span class='ocrx_word' id='word_1_1024' title='bbox 2383 5481 2483 5552; x_wconf 93' lang='grc' dir='ltr'>τῆς</span> <span class='ocrx_word' id='word_1_1025' title='bbox 2530 5481 2939 5554; x_wconf 86' lang='grc' dir='ltr'>φιλανθρωπίας</span> <span class='ocrx_word' id='word_1_1026' title='bbox 2993 5482 3317 5555; x_wconf 77' lang='grc' dir='ltr'>ἐξήρτηται;</span> <span class='ocrx_word' id='word_1_1027' title='bbox 3351 5477 3547 5542; x_wconf 81' lang='grc' dir='ltr'>Καθὼς</span> 
     </span>
    </p>
   </div>
   <div class='ocr_carea' id='block_1_131' title="bbox 1969 5558 3543 5638">
    <p class='ocr_par' dir='ltr' id='par_1_131' title="bbox 1969 5558 3543 5638">
     <span class='ocr_line' id='line_1_131' title="bbox 1969 5558 3543 5638; baseline -0.004 -19"><span class='ocrx_word' id='word_1_1028' title='bbox 1969 5583 2133 5638; x_wconf 80' lang='grc' dir='ltr'>φησιν</span> <span class='ocrx_word' id='word_1_1029' title='bbox 2180 5567 2210 5618; x_wconf 88' lang='lat'>6</span> <span class='ocrx_word' id='word_1_1030' title='bbox 2258 5565 2424 5618; x_wconf 84' lang='grc' dir='ltr'>Δαυῖδ</span> <span class='ocrx_word' id='word_1_1031' title='bbox 2447 5580 2461 5593; x_wconf 87' lang='grc'><strong>·</strong></span> <span class='ocrx_word' id='word_1_1032' title='bbox 2525 5563 2729 5619; x_wconf 82' lang='grc' dir='ltr'>Πάντα</span> <span class='ocrx_word' id='word_1_1033' title='bbox 2775 5564 2927 5635; x_wconf 79' lang='grc' dir='ltr'>πρὸς</span> <span class='ocrx_word' id='word_1_1034' title='bbox 2972 5565 3049 5619; x_wconf 85' lang='grc' dir='ltr'>σὲ</span> <span class='ocrx_word' id='word_1_1035' title='bbox 3103 5558 3543 5632; x_wconf 82' lang='grc' dir='ltr'>προσδοκῶσιν.</span> 
     </span>
    </p>
   </div>
   <div class='ocr_carea' id='block_1_132' title="bbox 1982 5642 3551 5720">
    <p class='ocr_par' dir='ltr' id='par_1_132' title="bbox 1982 5642 3551 5720">
     <span class='ocr_line' id='line_1_132' title="bbox 1982 5642 3551 5720; baseline -0.005 -12"><span class='ocrx_word' id='word_1_1036' title='bbox 1982 5650 2257 5720; x_wconf 68' lang='grc' dir='ltr'>Ἀνοίγεις</span> <span class='ocrx_word' id='word_1_1037' title='bbox 2292 5648 2376 5705; x_wconf 87' lang='grc' dir='ltr'>σὺ</span> <span class='ocrx_word' id='word_1_1038' title='bbox 2421 5649 2536 5719; x_wconf 83' lang='grc' dir='ltr'>τὴν</span> <span class='ocrx_word' id='word_1_1039' title='bbox 2566 5648 2733 5719; x_wconf 64' lang='grc' dir='ltr'>χεῷά</span> <span class='ocrx_word' id='word_1_1040' title='bbox 2776 5667 2918 5715; x_wconf 86' lang='grc' dir='ltr'>σου,</span> <span class='ocrx_word' id='word_1_1041' title='bbox 2953 5647 3054 5703; x_wconf 75' lang='grc' dir='ltr'>καὶ</span> <span class='ocrx_word' id='word_1_1042' title='bbox 3093 5642 3398 5716; x_wconf 73' lang='grc' dir='ltr'>ἐμπιπλᾷς</span> <span class='ocrx_word' id='word_1_1043' title='bbox 3426 5643 3551 5701; x_wconf 73' lang='grc' dir='ltr'>πᾶν</span> 
     </span>
    </p>
   </div>
   <div class='ocr_carea' id='block_1_133' title="bbox 1973 5731 3545 5802">
    <p class='ocr_par' dir='ltr' id='par_1_133' title="bbox 1973 5731 3545 5802">
     <span class='ocr_line' id='line_1_133' title="bbox 1973 5731 3545 5802; baseline -0.008 -11"><span class='ocrx_word' id='word_1_1044' title='bbox 1973 5734 2121 5798; x_wconf 72' lang='grc' dir='ltr'>ζ’ὡον</span> <span class='ocrx_word' id='word_1_1045' title='bbox 2152 5733 2447 5802; x_wconf 81' lang='grc' dir='ltr'>εὐδοκίας.</span> <span class='ocrx_word' id='word_1_1046' title='bbox 2506 5734 2670 5789; x_wconf 81' lang='grc' dir='ltr'>’Δλλά</span> <span class='ocrx_word' id='word_1_1047' title='bbox 2702 5734 2795 5789; x_wconf 79' lang='grc' dir='ltr'>τὸν</span> <span class='ocrx_word' id='word_1_1048' title='bbox 2828 5734 2985 5801; x_wconf 87' lang='grc' dir='ltr'>λόγον</span> <span class='ocrx_word' id='word_1_1049' title='bbox 3022 5732 3111 5785; x_wconf 82' lang='grc' dir='ltr'>τὸν</span> <span class='ocrx_word' id='word_1_1050' title='bbox 3139 5732 3199 5785; x_wconf 78' lang='grc' dir='ltr'>ἐν</span> <span class='ocrx_word' id='word_1_1051' title='bbox 3241 5731 3426 5795; x_wconf 63' lang='grc' dir='ltr'>χερσὶν</span> <span class='ocrx_word' id='word_1_1052' title='bbox 3470 5732 3545 5795; x_wconf 57' lang='lat' dir='ltr'>cl:</span> 
     </span>
    </p>
   </div>
  </div>
