4050 6198
552 356 655 417 ιῦι

557 473 731 544 πέρας
767 458 1081 541 ἀγάγωμενζ
1127 464 1298 522 Τοῦτο
1326 468 1432 545 γάρ
1464 466 1561 522 καὶ
1589 467 1720 539 ήμίν
1747 462 1899 534 φίλον
1932 463 2026 517 καὶ
2057 466 2122 534 τῇ

557 558 704 623 τάξει
746 556 1104 625 καθέστηκεν.
1149 555 1216 606 Ὃ
1253 554 1353 607 οὐκ
1395 553 1505 624 ἔχει
1540 555 1571 623 ή
1612 551 1683 619 γῆ
1726 546 2019 619 προφέρει,
2049 545 2129 614 τῷ

556 637 937 711 προστάγματι
966 635 1259 706 πειθομένη
1285 652 1299 666 ·
1331 635 1360 688 6
1388 635 1500 705 ἔχει
1533 635 1567 705 ή
1597 632 1716 684 θεία
1748 630 1842 683 καὶ
1864 628 2130 711 ἄχραντος

553 710 655 776 οὑκ
699 721 972 791 ἀπογεννᾷ
1021 718 1215 786 φύσις;
1268 718 1429 770 Ἀλλά
1474 715 1638 770 πάλιν
1686 716 1760 783 μή
1792 729 1877 775 τις
1902 712 1962 763 τὸ
1986 710 2130 781 ἔχειν

556 804 1036 876 ἀνθρωπινώτερον
1053 801 1375 873 λαμϐανέτω
1411 801 1617 869 λέγων’
1672 798 1834 869 Ὁρᾷς
1874 795 1991 857 πῶς
2034 794 2129 847 καὶ

554 888 717 951 αὑτὸς
758 888 786 940 6
829 886 1148 949 διδάσκαλος
1193 885 1361 938 ἐδωκε
1399 882 1824 956 προγενέστερον
1864 880 2128 949 ὑπάρχειν

553 971 648 1026 τοῦ
685 971 815 1024 Υίοῦ
842 971 935 1023 τὸν
964 970 1213 1039 Πατέρας
1251 967 1385 1021 ἀλλά
1416 967 1612 1037 μᾶλλον
1641 961 1971 1032 συγγνώμην
1997 961 2130 1014 ἀπό-

553 1071 736 1124 νειμαι
758 1053 837 1122 τῷ
875 1050 1034 1121 λόγῳ,
1063 1051 1369 1122 ἀνθρώποις
1400 1046 1519 1101 οὖσι
1547 1049 1642 1101 καὶ
1676 1047 1907 1117 πηλίνην
1932 1062 2129 1115 κεκτη-

558 1137 740 1207 μένοις
779 1135 1059 1204 γλῶσσαν,
1103 1133 1198 1185 καὶ
1237 1132 1373 1200 πρὸς
1417 1129 1736 1203 ἀνθρώπους
1789 1127 2130 1205 ποιουμένοις

548 1221 890 1289 λόγονιπερὶ
928 1219 1079 1280 θείας
1123 1215 1218 1269 καὶ
1272 1216 1449 1268 πάντα
1484 1214 1642 1281 λόγον
1692 1209 2126 1281 ὑπερϐαινούσης

554 1303 784 1372 φύσεως.
816 1301 1122 1370 Ἄνθρωποι
1160 1298 1270 1368 γάρ
1307 1296 1480 1359 ὄντες,
1525 1296 1599 1358 ὼς
1637 1292 1913 1365 ἄνθρωποι
1948 1292 2127 1344 λαλεῖν

554 1385 931 1455 ἐδιδάχθημεν.
967 1382 1058 1453 Μὴ
1088 1381 1197 1451 γὰρ
1236 1380 1414 1433 ἴσασιν
1439 1381 1488 1432 οί
1509 1378 1702 1442 ἄθλιοι,
1731 1379 1812 1430 ὃτι
1840 1380 1968 1446 περὶ
1994 1373 2126 1427 Θεοῦ

553 1468 916 1536 διαλέγονται,
962 1465 1329 1536 προφέροντες
1371 1463 1561 1531 λόγους
1599 1462 1724 1524 τοὺς
1764 1460 1856 1513 ἐπὶ
1888 1457 2021 1511 Θεοῦ
2053 1457 2126 1528 μὴ

555 1551 890 1622 ἁρμόζοντας
930 1547 1209 1616 λέγεσθαι..
1234 1544 1343 1599 Kal
1379 1547 1479 1615 ὅρα
1519 1542 1873 1614 κακουργίαν.
1902 1540 2032 1593 Ὅτε
2061 1540 2131 1594 τά

555 1632 844 1704 ζητήματα
887 1631 1289 1700 προτείνουσιν,
1336 1627 1444 1680 ἀπὸ
1497 1626 1606 1679 τῶν
1638 1623 1992 1695 ἀνθρωπίνων
2037 1622 2128 1675 λο-

553 1715 768 1785 γισμῶν
797 1713 1081 1766 λαλοῦσιν⁸
1122 1707 1263 1764 οἷονο
1311 1711 1446 1773 Πᾶν,
1497 1708 1650 1778 φησὶ,
1699 1707 1761 1760 τὸ
1792 1704 2128 1776 γεννώμενον

553 1799 728 1868 ἀρχὴν
763 1796 873 1867 ἔχει
904 1796 999 1849 τοῦ
1032 1790 1190 1848 εἶναι.
1225 1792 1334 1846 Kal
1379 1791 1580 1856 πόθεν;
1613 1790 1782 1843 Τοῦτο
1812 1788 2014 1852 εὐθέως
2041 1789 2127 1841 λέ·

553 1896 711 1949 γουσι
735 1894 751 1908 ·
784 1880 855 1932 Σὺ
883 1878 1161 1949 γεννηθεὶς
1184 1877 1284 1929 οὐκ
1324 1876 1499 1947 ἀρχὴν
1526 1874 1715 1945 ἐσχες;
1745 1873 1775 1924 6
1803 1873 1984 1943 πατήρ
2010 1888 2125 1935 σου,

552 1965 584 2016 6
612 1963 834 2027 πάππος
858 1979 984 2025 σου;
1031 1961 1156 2013 Ἐὰν
1180 1959 1538 2029 παραστήσῃς
1565 1955 1713 2027 αύτῷ
1737 1955 1797 2020 ἐξ
1821 1954 2001 2010 αὑτῶν
2020 1955 2129 2008 τῶν

553 2046 827 2117 λογισμῶν
852 2042 1108 2114 λογισμόν
1134 2041 1220 2094 ἕτε
1227 2057 1320 2111 ρον
1343 2038 1591 2093 διαλῦσαι
1615 2037 1779 2091 αὐτοῦ
1799 2038 1896 2110 τὴν
1934 2037 2128 2108 μανίαν

552 2129 873 2201 δυνάμενον,
910 2127 1075 2190 εὐθὺς
1114 2123 1424 2194 σοφίζεται⁹
1479 2122 1614 2193 Περὶ
1655 2120 1790 2174 Θεοῦ
1830 2120 2005 2189 λόγος,
2038 2121 2131 2174 καὶ

554 2210 931 2285 ἀνθρωπίνους
976 2227 1064 2281 μοι
1110 2206 1404 2277 λογισμοὺς
1459 2202 1845 2275 παρεισάγεις;
1891 2203 1986 2257 καὶ
2032 2202 2130 2273 τὴν

555 2295 658 2366 μὲν
690 2294 845 2365 ῥίζαν
877 2293 986 2347 τῶν
1029 2291 1213 2345 κακῶν
1241 2289 1349 2343 ἀπὸ
1393 2287 1586 2341 κοινῶν
1622 2288 1953 2358 προφέρουσι
1982 2287 2130 2353 λογι-

554 2376 710 2448 σμῶν
727 2393 743 2408 ·
781 2376 881 2447 τὴν
908 2375 966 2428 δὲ
1011 2374 1251 2427 διάλυσιν
1289 2371 1399 2425 τῶν
1421 2369 1608 2425 κακῶν
1633 2370 1693 2422 οὐ
1720 2368 1998 2440 βούλονται
2023 2369 2129 2423 ἀπὸ

551 2460 663 2514 τῶν
683 2459 861 2513 αὑτῶν
889 2457 1138 2530 δέχεσθαι
1163 2454 1457 2526 λογισμῶν.

621 2617 686 2673 δ’.
713 2615 876 2684 Λέγει
893 2615 1170 2679 πολλάκις·
1188 2613 1422 2669 Δύναταί
1443 2631 1525 2677 τις
1541 2612 1679 2666 εἶναι
1699 2611 1793 2666 καί
1808 2610 2093 2680 γεννᾶσθαι
2111 2628 2127 2677 ;

566 2699 693 2753 Ἐὰν
721 2694 833 2763 οὖν,
857 2698 1016 2763 δείξω
1048 2697 1147 2768 τὴν
1179 2697 1400 2768 Γραφὴν
1424 2696 1506 2748 ὃτι
1533 2696 1634 2749 οὐκ
1677 2696 1768 2748 ἐπὶ
1785 2692 1918 2747 Θεοῦ
1951 2693 2127 2764 μόνον,

555 2781 695 2835 ἀλλά
730 2782 828 2834 καὶ
876 2781 970 2833 ἐπὶ
1014 2778 1316 2850 ἀνθρώπων
1361 2780 1621 2849 εἰσήγαγε
1672 2777 1732 2830 τὸ
1778 2776 2051 2841 τοιοῦτον,
2080 2778 2131 2829 τί

556 2868 760 2931 ποιεῖς;
798 2865 935 2928 Τοὺς
965 2863 1059 2916 τοῦ
1102 2862 1372 2934 μακαρίου
1418 2861 1671 2933 ’Δϐραάμ
1702 2862 1898 2924 παῖδας
1925 2863 2022 2932 οὐχ
2057 2862 2132 2925 ὡς

556 2948 636 3021 μὴ
660 2948 873 3019 ὄνταςή
908 2945 1098 3018 Γραφὴ
1136 2946 1283 3014 λέγει
1327 2945 1656 3013 γεννᾶσθαι,
1689 2943 1909 3008 ἀλλ’ὡς
1939 2944 2134 3016 προόν-

552 3049 675 3097 τας.
709 3033 766 3085 Ὀ
795 3033 903 3103 γὰρ
942 3028 1191 3101 Ἀϐραὰμ
1231 3028 1489 3099 ἐγέννησε
1514 3028 1605 3082 τὸν
1643 3029 1913 3082 Ἰσαάκ·ιό
1948 3027 2132 3080 Ἰσαὰκ

553 3115 811 3186 ἐγέννησε
862 3114 956 3168 τὸν
1008 3112 1201 3166 Ἰακώϐ
1220 3128 1235 3144 ·
1282 3111 1475 3166 Ἰακὼϐ
1504 3110 1596 3166 τὸν
1625 3112 1773 3177 Λευὶ,
1803 3110 1865 3177 ἐξ
1904 3105 1965 3165 οῦ
1998 3112 2031 3181 ὴ
2061 3112 2133 3163 ἱε-

557 3198 755 3271 ρατικὴ
776 3197 937 3269 φυλή.
964 3195 1184 3266 Ἐπειδὴ
1220 3196 1396 3250 τοίνυν
1426 3195 1505 3266 τῷ
1534 3194 1864 3265 Μελχισεδὲκ
1896 3195 2134 3265 ἀπήντη-

554 3299 648 3335 σεν
679 3278 865 3345 οὗτος,
897 3280 1039 3349 λέγω
1079 3281 1143 3350 δὴ
1193 3279 1480 3351 Ἀϐραάμ,
1517 3279 1726 3341 Παῦλος
1771 3282 1800 3333 6
1837 3277 2130 3342 ἀπόστολος

553 3363 869 3436 ἑρμηνεύων
917 3362 1016 3433 τὴν
1062 3363 1193 3415 ποτέ
1227 3363 1463 3433 ἰστορίαν
1505 3363 1585 3424 εἰς
1626 3360 1899 3429 θεολογίαν
1936 3360 2128 3430 λέγει’

555 3447 909 3514 Συνήντησε
962 3444 1031 3498 δὲ
1079 3447 1113 3498 ὀ
1162 3443 1538 3512 Μελχισεδὲκ
1582 3442 1662 3508 τῷ
1715 3444 1958 3513 Ἀϐραὰμ
1987 3484 2003 3508 ,
2032 3443 2132 3497 καὶ

552 3529 898 3599 ηὑλόγησεν
945 3528 1153 3580 αὐτόν.
1204 3528 1314 3579 Kal
1364 3527 1557 3594 ἐπάγει
1605 3526 1805 3590 εὐθέως
1839 3542 1852 3556 ο
1884 3527 1995 3580 Kal
2050 3528 2131 3594 ὠς

550 3613 699 3678 ἔπος
723 3610 914 3665 εἰπεῖν
929 3607 1100 3681 [670],
1129 3609 1202 3662 δι’
1231 3608 1486 3677 Ἀϐραὰμ
1510 3609 1607 3663 καί
1638 3610 1777 3663 Λευί
1814 3612 1847 3664 ὁ
1877 3609 2131 3675 δεκάτας

552 3693 872 3768 λαμϐάνων
899 3691 1286 3747 δεδεκάτωται
1305 3708 1319 3721 ·
1364 3691 1452 3745 ἐτι
1484 3691 1594 3762 γὰρ
1613 3691 1683 3744 ἐν
1708 3690 1782 3761 τῇ
1822 3693 2012 3773 ὀσφύϊ
2023 3694 2129 3748 τοῦ

552 3778 776 3849 πατρὸς
804 3774 884 3847 ἦν
926 3776 1192 3847 Ἀϐραάμ.
1220 3777 1329 3831 Kal
1355 3778 1382 3829 6
1409 3775 1601 3846 θνητὸς
1636 3775 1762 3846 πρὶν
1808 3777 2128 3848 γεννηθῆναι

551 3859 639 3932 ἦν.
681 3859 897 3933 Ἐπειδὴ
918 3859 1056 3923 ὅλως
1086 3861 1119 3931 ή
1156 3858 1282 3930 ῥίζα
1323 3858 1443 3929 ἔζη.
1472 3858 1564 3911 τὸν
1608 3860 1820 3930 καρπὸν
1850 3860 1988 3931 μετὰ
2029 3861 2128 3931 τῆς

553 3942 735 4015 ζώσης
762 3942 918 4015 ῥίζης
941 3943 1253 4011 εἰσήγαγεν.
1284 3940 1549 3994 Ἐνταῦθα
1581 3941 1806 4005 δέ,ὃπου
1844 3943 1907 3997 οὐ
1935 3943 2125 4009 πάθος,

553 4029 616 4082 οὑ
669 4026 918 4098 διαδοχῆς
954 4025 1175 4098 τρόπος,
1206 4024 1268 4077 οὑ
1316 4027 1579 4095 κυοφορία
1599 4064 1614 4088 ,
1646 4025 1747 4078 οὑκ
1772 4026 2127 4097 ἀνθρωπίνων

555 4112 743 4168 παθῶν
763 4109 1075 4174 ἀκολουθία,
1105 4109 1168 4161 οὑ
1197 4107 1342 4161 θέλει
1374 4110 1548 4161 εἰπεῖν
1575 4107 1705 4162 ὄντα
1741 4109 1799 4176 ἐξ
1827 4109 1978 4173 ὄντος
2004 4127 2129 4179 γεν-
2164 4115 2177 4127 ‘

552 4195 801 4267 νηθέντα,
830 4194 1057 4266 μένοντα
1082 4191 1141 4246 δέ
1173 4190 1377 4254 άῖδίως.
1421 4190 1559 4244 Ἀλλ’
1584 4193 1633 4245 εἰ
1661 4192 1944 4263 ἐγεννήθη,
1970 4193 2124 4264 φησὶ,

551 4280 671 4342 πῶς
699 4281 788 4334 ἀεὶ
814 4274 883 4350 ἧν
913 4293 929 4343 ;
956 4278 1071 4340 Πᾶς
1090 4275 1198 4347 γὰρ
1219 4275 1249 4328 6
1277 4271 1613 4343 γεννώμενος
1640 4273 1813 4346 ἀρχὴν
1837 4274 2122 4347 λαμϐάνει.

553 4364 627 4416 Τὸ
652 4363 822 4433 ὄνομα
850 4360 946 4414 τοῦ
975 4359 1177 4431 πατρὸς
1214 4359 1342 4429 παρ’
1372 4357 1531 4427 ήμῶν
1555 4358 1643 4412 διὰ
1671 4357 1880 4411 πολλῶν
1909 4359 2124 4429 ἔρχεται

551 4446 835 4518 περιόδων.
878 4440 1036 4499 Οίονο
1081 4444 1285 4497 ὑπόθου
1320 4446 1597 4498 νεανίσκον
1629 4442 1996 4515 ἐπιθυμοῦντα
2024 4444 2125 4513 γά·-

552 4546 677 4600 μου.
722 4527 942 4599 Πρῶτον
993 4528 1202 4595 γίνεται
1237 4530 1520 4598 μνηστήρ,
1568 4522 1687 4581 εἶτα
1724 4527 1973 4598 νυμφίος,
2006 4523 2125 4582 εἶτα

550 4613 687 4684 ἀνήρ
704 4628 718 4641 ⁸
745 4611 848 4664 κᾶν
869 4610 1025 4680 τέκῃ,
1059 4608 1179 4661 τότε
1200 4608 1417 4676 λέγεται
1436 4611 1621 4679 πατήρ
1641 4627 1654 4640 ·
1686 4608 1789 4662 κᾶν
1822 4611 1897 4682 ph
1921 4611 1982 4664 τὸ
2002 4627 2125 4679 γεν-

546 4695 789 4767 νώμενον
820 4692 967 4762 αὐτῷ
981 4693 1042 4744 τὸ
1070 4692 1240 4761 ὄνομα
1286 4693 1598 4763 χαρίσηται,
1632 4693 1800 4763 μυρία
1845 4694 1939 4763 ἐτη
1985 4694 2122 4765 μετὰ

546 4780 647 4851 τῆς
670 4777 926 4847 γυναικὸς
946 4776 1040 4830 ἐὰν
1064 4776 1285 4850 ποιήσῃ,
1316 4776 1378 4828 οὑ
1402 4776 1643 4829 καλεῖται
1671 4780 1873 4848 πατήρ.
1891 4779 2123 4848 Ὁμοίως

549 4864 583 4934 ή
606 4864 809 4934 μήτηρ,
829 4860 1043 4932 πρῶτον
1068 4858 1354 4930 παρθένος,
1374 4854 1493 4913 εἶτα
1523 4859 1752 4930 μνηστὴ,
1770 4857 1886 4914 εἶτα
1909 4863 2118 4933 νύμφη,

547 4942 667 4997 εἶτα
691 4946 827 5016 γυνή
847 4960 863 4975 ο
896 4945 1188 5014 κυοφορεῖ,
1216 4942 1474 5012 βαστάζει
1513 4941 1604 4995 τὸν
1640 4944 1849 5015 καρπόν
1869 4960 1883 4974 ·
1917 4944 2022 4998 κάν
2045 4947 2121 5015 μὴ

545 5025 687 5080 οὕτω
734 5027 990 5100 προέλθῃ,
1040 5028 1221 5098 μήτηρ
1266 5028 1329 5080 οὑ
1377 5026 1614 5095 λέγεται.
1649 5028 1767 5081 Κᾶν
1809 5028 2118 5102 βαστάσῃή

547 5108 673 5180 ῥίζα
700 5111 792 5162 τὸν
822 5112 1054 5180 καρπὸν,
1078 5111 1174 5163 ἐὰν
1206 5111 1280 5181 μὴ
1303 5108 1578 5181 προελθὼν
1607 5111 1635 5163 6
1669 5113 1796 5174 παῖς
1829 5112 2119 5185 χαρίσηται

538 5192 682 5263 αὐτῇ
717 5193 948 5265 ἀμοιϐὴν
982 5194 1091 5247 τῶν
1122 5193 1299 5248 πόνων
1353 5195 1451 5265 τὴν
1489 5193 1854 5266 προσηγορίαν
1874 5235 1889 5258 ,
1923 5197 1982 5248 οὑ
2034 5196 2120 5249 λέ-

541 5291 698 5343 γεται
733 5277 936 5347 μήτηρ.
966 5278 1073 5329 Καὶ
1103 5276 1261 5330 τοῦτο
1287 5278 1542 5347 ἐποίησεν
1589 5278 1665 5341 ὼς
1713 5277 1876 5346 σοφὸς
1905 5279 1934 5330 6
1963 5278 2115 5343 Θεὸς,

542 5358 629 5412 [va
659 5358 735 5430 ph
762 5361 811 5413 οἰ
841 5358 1075 5428 πατέρες
1100 5359 1241 5413 κατά
1274 5361 1383 5414 τῶν
1430 5361 1633 5414 παίδων
1665 5361 1970 5432 καυχῶνται
1993 5378 2008 5392 ο
2030 5364 2117 5415 ἵνα

540 5442 617 5514 μὴ
638 5442 772 5515 λέγῃ
791 5445 820 5497 6
850 5442 1031 5514 πατὴρ
1059 5441 1138 5513 τῷ
1161 5443 1328 5507 παιδὶ,
1376 5444 1517 5512 Ἐγώ
1542 5461 1624 5498 σοι
1645 5444 1707 5497 τὸ
1739 5444 1839 5515 ζῇν
1855 5446 2115 5516 ἐχαρισά-

541 5542 685 5598 μην·
714 5526 782 5580 δι⁹
813 5525 914 5596 ἐμὲ
949 5526 1241 5597 ἐγεννήθης
1272 5543 1286 5558 ο
1332 5527 1400 5580 δι’
1432 5526 1567 5598 ἐμοῦ
1598 5530 1679 5591 εἰς
1707 5528 1768 5581 τὸ
1799 5524 1938 5582 εἶναι
1971 5546 2115 5600 παρ-

537 5610 732 5681 ήχθης*
763 5610 876 5665 ἀλλ’
899 5610 984 5665 ἵνα
1010 5609 1113 5665 κᾶν
1143 5611 1273 5682 εἴπῃ
1290 5611 1483 5674 ταῦτα,
1504 5612 1705 5675 εὐθέως
1730 5612 1955 5684 ἀκούσῃ.
1976 5613 2116 5681 Ἐγὼ

531 5690 625 5746 διὰ
656 5694 716 5748 σὲ
760 5693 1056 5766 ἐγεννήθην
1080 5732 1097 5759 ,
1126 5693 1192 5747 δι’
1225 5693 1327 5764 ἐμὲ
1373 5694 1467 5746 καὶ
1509 5696 1574 5748 σὺ
1627 5696 1829 5766 πατήρ.
1886 5696 2115 5766 ὐμοίως

535 5776 631 5832 καὶ
652 5779 743 5833 ἐπὶ
771 5779 868 5853 τῆς
900 5779 1120 5853 μητρός·
1156 5777 1423 5851 Ἐχαρίσω
1459 5796 1548 5850 μοι
1576 5778 1636 5833 τὸ
1669 5779 1808 5835 εἶναι
1831 5780 1964 5849 υίὸς,
1987 5783 2115 5852 ἐχα-

2004 338 2376 397 SEVERIANI

2242 462 2481 535 ρισάμην
2525 480 2603 518 σοι
2651 464 2711 518 τδ
2752 459 2891 520 εἶναι
2942 469 3145 540 μήτηρ.
3186 467 3306 538 Ἐφ’
3345 468 3502 540 ήμῶν
3547 469 3840 540 λαμϐάνει

2234 545 2407 599 ταῦτα
2447 547 2609 619 χάριν
2640 549 2762 603 τινά
2790 550 2883 604 καὶ
2912 552 3201 606 ἀντίδοσιν.
3248 553 3476 623 Ὁμοίως
3500 556 3596 608 καὶ
3624 556 3657 607 6
3681 556 3839 626 υίὸς,

2229 631 2551 696 οὑκ-εὐθέως
2580 632 2714 697 υίὸς,
2743 633 2878 687 ἀλλὰ
2904 634 3120 705 πρῶτον
3147 637 3390 707 σπέρμα.
3415 631 3535 688 εἶτα
3555 636 3833 708 ἔμϐρυον,

2230 716 2325 768 καὶ
2351 715 2439 769 ὅτε
2465 717 2734 789 γεννηθῇ,
2763 718 2882 771 τότε
2916 719 3049 782 υἱός.
3087 718 3277 774 Ταῦτα
3309 719 3515 790 χρόνων
3550 721 3838 789 ἀνάγκαις

2229 797 2467 851 δουλεύει
2506 816 2521 829 ⁸
2550 800 2720 852 ταῦτα
2760 799 2987 853 πάθεσιν
3032 802 3331 856 ὑποπίπτει
3364 820 3378 833 ·
3415 802 3590 856 ταῦτα
3638 820 3840 873 ampu-

2228 881 2386 951 τικῆς
2445 883 2560 934 ἐστι
2630 883 3033 947 καταστάσεως.
3085 883 3262 938 Ὅπου
3328 883 3387 939 δὲ
3438 884 3737 954 ἀσώματος
3791 888 3839 958 ἡ
3900 902 3919 907 “

2230 962 2390 1031 φύσις
2420 965 2454 1034 ή
2504 964 2777 1031 γεννῶσα,
2803 965 2936 1019 ὅπου
2964 964 3266 1040 ,ἀσώματος
3309 970 3339 1022 6
3371 968 3585 1039 καρπὸς
3624 970 3657 1020 6
3698 985 3839 1035 γεν-

2228 1043 2484 1116 νώμενος.
2520 1049 2669 1101 ποῖον
2696 1048 3001 1118 ἐπιδέχεται
3031 1049 3213 1123 λόγον,
3239 1051 3321 1105 ὅτι
3349 1047 3416 1123 ἦν
3446 1068 3578 1104 ποτε
3597 1052 3694 1104 ὅτε
3720 1053 3838 1105 οὐκ

2227 1123 2326 1198 ἢν,
2359 1129 2453 1182 καί.
2499 1129 2723 1203 ὕστερον
2767 1122 3066 1204 ἐγεννήθης
3104 1135 3214 1186 Καί
3252 1151 3434 1205 φαμεν
3461 1134 3636 1197 οὕτως
3658 1151 3675 1163 ο
3706 1146 3738 1174 ι
3758 1136 3837 1187 εξ

2227 1210 2314 1263 ἀεὶ
2345 1210 2518 1276 οὕτως
2548 1213 2658 1284 ἔχει
2689 1213 2841 1281 Θεὸς,
2872 1218 2919 1268 εί
2954 1217 3120 1285 μηδὲν
3150 1217 3493 1287 προσ-κτᾶταί
3528 1234 3689 1281 ποτε,
3735 1219 3838 1271 ἀεί

2230 1294 2345 1346 ἐστι
2397 1296 2489 1351 καὶ
2532 1297 2742 1370 Πατήρ.
2780 1297 2841 1352 Εἰ
2872 1298 2927 1351 δὲ
2957 1300 3043 1352 ἀεί
3071 1302 3187 1352 ἐστι
3215 1301 3438 1370 Πατὴρ,
3470 1300 3560 1353 ἀεὶ⁵
3597 1300 3839 1370 δέχεται

2229 1377 2319 1429 τὸν
2347 1378 2473 1435 Υἰόν
2500 1393 2515 1408 ⁶
2543 1382 2805 1447 συναίδιος
2846 1383 2951 1454 ἀρα
2977 1386 3006 1436 6
3037 1383 3166 1447 Υίδς
3209 1384 3287 1454 τῷ
3318 1383 3512 1453 Πατρί.
3568 1384 3705 1436 Υἱδν
3737 1384 3838 1437 λέ-

2229 1475 2398 1530 γομεν
2419 1462 2743 1533 γεννηθέντα
2775 1464 2873 1536 μὲν
2904 1465 3155 1532 ἀπαθῶς,
3188 1467 3279 1520 τὸν
3301 1467 3359 1520 δὲ
3384 1468 3481 1535 τῆς
3503 1470 3845 1536 γεννήσεως

2227 1543 2426 1615 τρόπον
2456 1546 2778 1618 ἑρμηνεύειν
2810 1550 2910 1601 οὐκ
2933 1549 3294 1619 ἐπιστάμεθα.
3342 1551 3407 1602 Ἦ
3435 1549 3648 1621 ἀληθὴς
3678 1550 3839 1620 γνῶ-

2231 1642 2314 1689 σις
2353 1625 2490 1699 αὕτη
2522 1630 2690 1694 ἐστὶν,
2732 1630 2793 1684 τὺ
2830 1630 2901 1684 τά
2930 1631 3323 1703 ὑπερϐαίνοντα
3342 1632 3442 1702 τὴν
3462 1632 3623 1701 φύσιν
3662 1633 3841 1703 ἡμῶν

2228 1713 2508 1784 ὁμολογεῖν
2527 1717 2601 1787 μὴ
2623 1718 2840 1773 εἰδέναι.
2863 1720 2935 1773 Τὸ
2958 1720 3055 1791 μὲν
3086 1715 3178 1774 οὖν
3209 1719 3452 1790 γέννημα
3477 1721 3839 1790 προσκυνοῦ-

2231 1814 2354 1868 μεν,
2379 1799 2475 1871 τὴν
2507 1800 2562 1854 δὲ
2590 1800 2749 1871 φύσιν
2786 1804 2846 1857 οὑ
2873 1803 3454 1875 πολυπραγμονοῦμεν.
3491 1804 3557 1857 Εἰ
3591 1806 3703 1876 μὲν
3729 1801 3835 1859 οὖν

2227 1880 2296 1955 ἦν
2326 1886 2608 1959 ἄνθρωπος
2622 1890 2651 1943 6
2669 1892 2954 1962 γεννήσας,
2976 1891 3323 1963 ἀνθρωπίνην
3350 1892 3574 1963 ἐποίησε
3600 1893 3708 1946 καὶ
3728 1894 3835 1962 τὴν

2228 1968 2578 2041 γέννησιν.Εἰ
2611 1972 2770 2043 σῶμα
2796 1970 2958 2044 εἶχεν,
2983 1976 3273 2045 ἐγέννησεν
3313 1973 3389 2038 ὡς
3432 1975 3617 2046 σῶμα.
3665 1976 3738 2029 Εἰ
3770 1978 3833 2030 δὲ

2231 2050 2479 2123 σώματος
2507 2055 2870 2127 ἀπήλλακται,
2893 2058 2966 2129 μὴ
2994 2058 3261 2130 περίαπτε
3287 2057 3534 2128 σώματος
3567 2057 3728 2129 πάθη
3749 2059 3833 2129 τῷ

2229 2137 2527 2209 ἀσωμάτῳ.
2567 2139 2707 2192 Ἀλλ’
2729 2140 3003 2212 ἐγέννησε,
3038 2141 3223 2211 φησὶν,
3241 2143 3304 2194 ἐκ
3344 2142 3444 2212 τῆς
3478 2142 3641 2208 ἰδίας,
3677 2144 3829 2197 κατά

2229 2219 2398 2283 πάθος
2428 2220 2703 2292 ἐγέννησε,
2725 2223 2865 2277 κατὰ
2894 2223 3241 2295 τομὴν,κατά
3264 2224 3465 2296 ῥεῦσιν.
3489 2225 3684 2279 Πείσω
3717 2228 3830 2281 ἀπὸ

2227 2302 2334 2356 τῶν
2369 2305 2592 2374 γηΐνων.
2619 2306 2842 2379 Γεννᾷή
2868 2307 3112 2378 ἄμπελος
3135 2347 3149 2373 ,
3175 2309 3341 2379 γεννᾷ
3371 2309 3404 2379 ὴ
3430 2308 3614 2371 ἐλαία,
3651 2312 3829 2379 γεννᾷ

2229 2389 2322 2440 καὶ
2366 2388 2426 2442 τὺ
2472 2388 2643 2461 ὓδωρ,
2688 2390 2748 2443 ού
2782 2389 2923 2444 κατά
2963 2390 3062 2461 τὴν
3115 2390 3389 2461 ήμετέραν
3445 2390 3642 2460 φύσιν,
3681 2393 3831 2446 ἀλλά

2158 2524 2160 2527 .
2230 2471 2370 2524 κατὰ
2390 2470 2487 2542 τὴν
2517 2472 2652 2525 ἰδίαν
2673 2471 2843 2539 τάξιν.
2869 2471 3020 2545 [47η
3047 2474 3202 2527 Πᾶσα
3227 2474 3385 2543 γυνὴ,
3406 2472 3628 2527 ἐπειδὰν
3664 2476 3828 2546 παρᾶ
3876 2540 3881 2546 ί

2229 2554 2364 2608 Θεοῦ
2393 2554 2533 2629 λάϐῃ
2553 2554 2613 2609 τδ
2633 2555 2882 2620 γενέσθαι
2910 2557 3111 2628 μήτηρ,
3132 2556 3476 2627 κυοφοροῦσα
3502 2556 3605 2627 μὲν
3624 2555 3829 2626 ὠγκω-

2228 2653 2353 2690 ταιο
2390 2638 2699 2708 ἀποθεμένη
2743 2638 2801 2691 δέ
2838 2637 2929 2693 τὸν
2962 2639 3171 2710 καρπὸν
3206 2639 3568 2695 συστέλλεται.
3605 2640 3741 2695 Ἐπὶ
3767 2643 3830 2697 δὲ

2230 2721 2337 2774 τῶν
2359 2722 2676 2794 δένδρωντά
2710 2720 2928 2777 ἐναντία
2953 2722 3100 2777 ἔστιν
3138 2725 3339 2796 εὑρεῖν.
3386 2725 3522 2794 Πρὶν
3567 2726 3826 2798 γεννηθῇ

2230 2805 2330 2858 οὐκ
2363 2804 2649 2872 ῶγκωται·
2683 2806 2811 2859 ὅταν
2829 2807 3084 2878 γεννήσῃ,
3115 2812 3234 2860 τότε
3270 2806 3586 2877 παχύνεται,
3614 2811 3644 2863 6
3679 2827 3827 2880 καρ-

2233 2886 2331 2950 πὸς
2362 2886 2600 2952 αὒξεται,
2638 2888 2733 2941 καὶ
2767 2889 2800 2958 ή
2829 2887 2953 2958 ῥίζα
2999 2888 3351 2960 πληθύνεται,
3378 2890 3473 2945 καί
3494 2889 3621 2944 οὔτε
3645 2893 3829 2962 μείω-

2234 2986 2316 3033 σις
2350 2973 2416 3041 τῇ
2445 2969 2690 3041 γεννώσῃ
2724 2972 2868 3043 ῥίζῃ,
2899 2970 3023 3025 οὔτε
3059 2972 3353 3036 ἐλάττωσις
3385 2972 3463 3044 τῷ
3492 2975 3825 3044 γεννηθέντι

2232 3052 2606 3123 προσγίνεται.
2645 3055 2707 3107 Ἠ
2735 3054 2976 3125 ἄμπελος
3004 3056 3254 3127 γεννᾷού
3301 3055 3422 3109 καθ’
3463 3058 3640 3126 ἡμᾶς’
3676 3056 3821 3111 Θεὸν

2233 3136 2328 3188 ἐὰν
2377 3136 2612 3207 ἀκούσῃς
2641 3138 2722 3191 ὅτι
2753 3136 3040 3209 ἐγέννησεν
3064 3180 3078 3200 ,
3102 3138 3414 3210 ἀνθρώπινα
3454 3138 3602 3210 πάθη
3647 3156 3820 3211 περι-

2232 3218 2523 3290 άπτειςρτῷ
2555 3221 2732 3275 πᾶσαν
2758 3220 3100 3295 ἀνθρωπίνην
3128 3222 3509 3294 ὑπερϐαίνοντι
3535 3223 3704 3292 φύσιν
3719 3242 3742 3294 ς

2302 3377 2363 3431 ε’.
2405 3377 2514 3432 Kal
2543 3378 2713 3432 εἶπεν
2746 3381 2780 3433 ό
2819 3380 2962 3446 Θεός
2980 3394 2994 3409 ·
3025 3380 3394 3452 Ἑξαγαγέτω
3422 3385 3460 3452 ἠ
3489 3382 3566 3453 γῆ
3592 3384 3821 3455 ψυχὴν

2230 3460 2428 3525 ζῶσαν
2454 3463 2603 3516 κατὰ
2640 3460 2835 3530 γένος,
2865 3462 3213 3532 τετράποδα,
3244 3465 3480 3533 ἑρπετὰ,
3504 3470 3703 3536 θηρία.
3731 3471 3817 3524 Τά

2228 3545 2532 3618 τετράποδα
2579 3547 2746 3616 κτήνη
2791 3546 2972 3599 ἐστίν’
3015 3548 3242 3618 ἐρπετά,
3275 3548 3459 3620 θηρία,
3497 3550 3655 3620 ὄφις,
3687 3552 3819 3623 δράο

2229 3647 2341 3683 κων
2367 3644 2381 3658 ο
2416 3630 2476 3682 οὑ
2517 3628 2627 3699 γὰρ
2659 3628 2816 3699 μόνον
2837 3630 2905 3683 τά
2936 3629 3095 3702 θηρία
3132 3632 3202 3684 τά
3229 3632 3604 3689 ὑποπίπτοντα
3630 3640 3813 3709 κτήνη

2229 3710 2465 3781 λέγεται,
2504 3710 2638 3765 ἀλλά
2689 3711 2785 3764 καί⁸
2828 3712 2897 3765 τά
2928 3713 3223 3786 ἀχθοφόρα.
3256 3715 3372 3768 Πάν
3423 3719 3766 3787 χορτοφάγον
3790 3762 3807 3786 ,

2229 3797 2341 3848 εἴτε
2390 3795 2536 3867 βοῦς,
2580 3796 2690 3848 είτε
2725 3794 2992 3867 πρόϐατον
3018 3837 3032 3859 ,
3067 3797 3264 3868 κτῆνος
3311 3798 3810 3872 καλεῖται,’κτῆνος

2228 3877 2381 3950 παρά
2406 3876 2468 3932 τὸ
2513 3876 2701 3947 κτῆμα
2730 3873 2868 3931 εῐναι
2907 3878 3000 3932 τοῦ
3043 3879 3351 3952 ἀνθρώπου.
3391 3882 3600 3937 Ὀτιδέ
3632 3888 3807 3956 κτήνη

2228 3962 2469 4015 καλεῖται
2502 3962 2598 4015 καὶ
2626 3961 2868 4033 πρόϐατα
2907 3962 3000 4015 καὶ
3044 3961 3184 4032 βόες,
3217 3967 3539 4036 μαρτυρεῖή
3568 3966 3764 4040 Γραφή
3788 3985 3803 3998 ⁶

2226 4045 2335 4098 Kal
2379 4042 2655 4112 ἐγένοντο
2686 4043 2845 4110 αὐτῷ
2897 4043 3087 4114 κτήνη
3110 4048 3417 4113 προϐάτων
3462 4049 3561 4102 καί
3610 4051 3803 4119 κτήνη

2219 4127 2408 4193 βοῶν.
2455 4128 2774 4200 Ἐπληρώθη
2809 4129 2842 4200 ή
2872 4129 2971 4198 γῆ,
2997 4129 3170 4198 ἐκόμα
3203 4132 3314 4192 τοίς
3347 4134 3601 4201 καρποῖς,
3634 4138 3806 4205 προή-

2225 4227 2386 4279 νεγκε
2414 4210 2482 4265 τὰ
2509 4211 2623 4276 ζῶα
2647 4228 2661 4241 ·
2688 4210 2868 4265 ἔλειπε
2902 4212 3083 4265 λοιπὸν
3127 4215 3156 4266 6
3193 4213 3580 4285 οἰκοδεσπότης
3600 4232 3617 4248 ο
3646 4218 3675 4271 6
3714 4221 3805 4271 06—

2229 4294 2389 4366 ρανὺς
2422 4293 2875 4359 ἐκεκαλλώπιστο,
2905 4297 2937 4366 ή
2976 4296 3047 4367 γῆ
3075 4296 3421 4350 ὲπεποίκιλτο
3443 4338 3458 4361 ,
3481 4300 3515 4368 ὴ
3556 4299 3804 4355 θάλασσα

2225 4377 2603 4448 ἐπεπλήρωτο,
2655 4378 2684 4430 6
2739 4378 2847 4449 ἀὴρ
2900 4378 3129 4449 ὀρνίθων
3186 4382 3525 4452 ἐκεκόσμητο
3581 4384 3799 4456 πλήθει.

2225 4461 2408 4514 Πάντα
2430 4457 2498 4532 ἦν
2526 4461 2849 4539 ἓτοιμα,κα¹ι
2879 4461 3087 4517 ἔλειπεν
3115 4466 3143 4516 6
3173 4464 3478 4536 ἄνθρωπος.
3507 4468 3626 4539 Οὑχ
3650 4468 3804 4535 669(—

2223 4543 2372 4609 ζεται
2408 4543 2465 4597 δὲ
2508 4541 2586 4613 τῷ
2619 4538 3109 4623 εἶναιᾲτελευταίος,
3153 4546 3289 4600 ἀλλά
3332 4550 3589 4618 τιμᾶται·
3618 4538 3803 4623 παρα-

2224 4625 2546 4691 σκευάζεται
2566 4625 2675 4697 γάρ
2698 4627 2726 4679 6
2745 4621 2913 4691 οἰκος,
2930 4629 3025 4682 καὶ
3049 4629 3324 4699 εἰσάγεται
3345 4634 3373 4687 6
3391 4621 3798 4705 οἰκοδεσπότης.

2223 4709 2387 4763 Οὐδὲν
2422 4709 2529 4781 γάρ
2559 4710 2732 4773 όΘεὸς
2763 4709 2887 4763 οὔτε
2913 4711 3175 4784 ἀκαίρως.
3200 4712 3325 4766 οὕτε
3353 4715 3609 4785 ἀμέτρως
3635 4721 3797 4781 ποιεί,

2222 4792 2357 4847 ἀλλά
2402 4794 2578 4849 πάντα
2622 4794 2708 4848 διά
2754 4793 2853 4864 τὴν
2890 4794 3098 4865 χρείαν.
3138 4797 3245 4851 Kal
3293 4797 3456 4867 βλέπε
3493 4799 3592 4870 τήν
3622 4802 3795 4868 τάξιν.

2220 4878 2445 4951 Πρῶτον
2495 4877 2748 4951 ἐποίησεν
2776 4879 2804 4930 6
2842 4876 2973 4943 Θεὸς
3027 4878 3258 4950 βοτάνην
3299 4882 3394 4935 καὶ
3442 4883 3671 4954 χόρτον,
3703 4885 3799 4937 καί

2220 4960 2339 5015 τότε
2373 4960 2441 5014 τὰ
2463 4959 2625 5031 θηρία
2647 4960 2972 5031 τρεφόμενα.
2993 4963 3101 5016 Kal
3125 4966 3175 5017 εἰ
3205 4965 3304 5017 οὑκ
3319 4960 3386 5035 ἦν
3406 4965 3472 5017 τά
3504 4968 3794 5036 τρέφοντα,

2219 5047 2444 5116 ἄκαιρος
2464 5040 2532 5116 ἦν
2562 5046 2594 5114 ή
2626 5044 2952 5118 δημιουργία
2973 5044 3081 5098 τῶν
3111 5045 3286 5114 ζώων,
3314 5049 3659 5122 ζημιουμένη
3688 5051 3796 5105 τῶν

2221 5128 2448 5200 καρπῶν
2472 5128 2570 5198 τὴν
2599 5127 2823 5181 ἔνδειαν.
2869 5128 3121 5199 Ἐποίησε
3141 5130 3210 5183 τὰ
3242 5135 3529 5202 τρέφοντα,
3558 5134 3656 5187 καὶ
3676 5133 3792 5187 τότε

2217 5212 2285 5265 τά
2307 5212 2613 5282 τρεφόμενα
2638 5212 3152 5284 προπαρασκευάζει
3170 5231 3183 5245 ο
3209 5215 3422 5286 πρῶτον
3454 5216 3554 5281 τὰς
3581 5219 3791 5289 χρείας,

2220 5297 2313 5349 καὶ
2350 5296 2519 5360 οὑτως
2557 5298 2764 5365 εἰσάγει
2802 5297 2870 5350 τά
2912 5297 3011 5367 τῆς
3055 5299 3242 5369 χρείας
3287 5298 3606 5369 μεθέξοντα.
3640 5302 3793 5357 Οὕτω

2219 5380 2310 5432 καί
2335 5380 2425 5432 ἐπὶ
2448 5380 2555 5432 τῶν
2578 5380 2807 5451 Γραφῶν
2824 5380 3065 5450 ἐποίησε.
3099 5383 3406 5452 Προέλαϐον
3436 5384 3526 5437 τὸν
3559 5386 3794 5458 Χριστὸν

2217 5463 2273 5514 al
2311 5462 2351 5514 Γ
2356 5465 2525 5532 ραφαὶ
2571 5463 2784 5533 πρῶτον
2835 5464 3199 5534 κηρύττουσαι
3227 5507 3241 5527 ,
3275 5467 3371 5519 καὶ
3412 5468 3536 5521 τότε
3585 5465 3795 5541 mem

2219 5546 2679 5618 μαρτυρούμενος.
2725 5546 3025 5619 Ιιροέλαϐον
3079 5551 3136 5603 αἰ
3187 5550 3520 5623 μαρτυρίαι,
3563 5554 3655 5607 ἵνα
3703 5572 3794 5607 πι-

2280 5721 2656 5802 ἐΗῐεέιυέεάαεη
2676 5727 2864 5802 όθειιρι
2882 5728 2932 5777 in
2954 5727 3207 5802 Valiqaqo.
3231 5730 3391 5802 οἶοι-[ε
3421 5735 3570 5785 verba
3607 5736 3691 5785 καί
3711 5753 3792 5802 φα-

2217 5800 2356 5848 μεν...
2378 5787 2447 5851 τῷ
2472 5787 2642 5851 ΙΙατρί,
2663 5801 2775 5851 quae
2798 5789 2908 5841 Sav.
2936 5793 3127 5842 uncinis
3149 5787 3392 5859 inclusit.)
