3982 6198
258 301 345 356 to!
1300 296 1385 352 DE
1425 296 1636 353 MUNDI
1673 295 2058 356 CREATIONE
2097 302 2349 360 ORATIO
2385 308 2472 370 ιν,

256 413 467 483 accipiat
507 426 658 466 more.
701 410 926 465 dicens:
961 407 1145 464 Viden‘
1181 408 1450 480 quomodo
1480 411 1593 480 ipse
1636 411 1823 466 doctor

257 504 565 564 concesserit
610 504 818 557 Patrem
861 502 996 556 Filio
1036 502 1266 571 priorem
1304 503 1466 558 esse?
1510 502 1604 558 sed
1649 504 1821 572 potius

255 597 472 657 sermoni
493 595 701 651 veniam
721 596 938 658 tribuas,
957 609 1078 648 cum
1104 593 1346 649 homines
1364 595 1553 662 simus,
1574 597 1820 663 lnteaque

255 694 416 761 lingua
453 698 661 744 utantur
684 729 699 754 ,
731 697 888 758 atque
935 687 1238 744 hominibus
1266 688 1425 743 verba
1472 687 1726 742 faciamus
1754 689 1820 743 de

253 785 415 838 divina
442 797 759 852 omnemque
789 781 1043 836 rationem
1074 791 1359 850 superante
1387 791 1598 836 natura.
1632 782 1817 836 llomi-

254 887 340 928 nes
359 873 493 928 enim
519 887 636 927 cum
657 873 844 939 simus,
869 881 924 926 ut
946 872 1186 927 homines
1213 872 1354 941 loqui
1378 872 1677 927 didicimus.
1701 874 1815 928 Non

251 965 380 1019 enim
402 964 572 1018 sciunt
601 965 802 1027 miseri,
828 977 886 1016 se
909 962 977 1016 de
1000 963 1107 1016 Deo
1134 962 1418 1027 disserere,
1451 964 1611 1018 verba
1643 963 1819 1032 profe-

250 1065 430 1120 rcntcs,
461 1069 577 1124 quze
601 1053 668 1107 de
699 1055 805 1108 Deo
833 1053 1010 1107 dicere
1041 1069 1146 1106 non
1173 1062 1594 1107 consentaneum
1625 1064 1724 1108 est.
1753 1055 1818 1108 Et

247 1145 357 1200 vide
375 1159 552 1199 eorum
581 1144 859 1198 vafritiem.
885 1144 1017 1198 Cum
1044 1144 1368 1213 quaestiones
1393 1153 1717 1213 proponunt,
1747 1161 1810 1198 ex

249 1237 473 1292 Immanis
498 1237 782 1306 loquuntur
807 1236 1130 1301 ratiociniis;
1161 1237 1391 1305 exempli
1427 1251 1584 1291 causa
1609 1255 1622 1291 :
1646 1237 1811 1290 0mm

247 1327 372 1396 quod
393 1329 641 1397 gignitur,
675 1327 936 1396 inquiunt,
961 1327 1254 1402 exsis‘tendi
1283 1328 1598 1397 principium
1630 1327 1810 1382 habet.

245 1418 500 1474 Undenam
533 1421 704 1474 vero?
744 1418 933 1474 Statim
965 1427 1232 1488 reponunt
1261 1437 1274 1473 :
1307 1419 1386 1474 Tu
1415 1418 1506 1488 qui
1538 1427 1692 1473 natus
1719 1433 1810 1482 es,

244 1527 401 1565 annon
427 1512 736 1582 principium
757 1512 982 1566 habuisti
1005 1529 1018 1565 :
1044 1527 1167 1565 num
1192 1520 1339 1579 pater
1358 1512 1512 1565 tuus?
1542 1525 1664 1564 num
1684 1524 1814 1564 avus

245 1603 384 1656 tuus?
401 1603 453 1658 Si
477 1601 712 1670 proferas
738 1603 811 1657 illi
830 1618 892 1657 ex
918 1604 1035 1672 ipso
1051 1617 1234 1657 eorum
1253 1601 1529 1656 ratiocinio
1553 1601 1811 1654 rationem

241 1696 403 1763 aliam,
426 1712 541 1767 quze
562 1697 803 1751 insanum
830 1698 969 1751 illius
988 1707 1346 1751 commentum
1378 1695 1544 1764 possit
1561 1694 1808 1760 obruere,

163 1811 165 1815 ·
240 1789 401 1843 statim
423 1788 657 1857 captiose
685 1788 810 1844 dicit
839 1807 854 1840 τ
884 1789 958 1843 De
991 1789 1098 1841 Deo
1123 1788 1312 1857 agitur,
1345 1791 1399 1840 et
1425 1786 1650 1839 humana
1680 1785 1810 1842 mihi

241 1880 490 1934 ratiocinia
521 1879 763 1934 inducis?
786 1888 836 1934 et
866 1878 942 1933 illi
963 1878 1175 1948 quidem
1195 1877 1426 1931 radicem
1453 1876 1710 1930 malorum
1741 1892 1810 1930 ex

239 1971 584 2026 communibus
602 1970 895 2025 ratiociniis
918 1969 1192 2040 proferunt
1223 1989 1237 2023 :
1270 1969 1531 2022 malorum
1558 1982 1688 2023 vero
1713 1982 1805 2023 so-

239 2060 472 2117 lutionem
494 2063 678 2116 nolunt
703 2077 768 2116 ex
799 2062 985 2115 iisdem
1011 2059 1301 2114 ratiociniis
1327 2059 1625 2112 admittere.

303 2154 354 2208 4.
385 2154 468 2207 Ait
494 2168 638 2222 saepe
682 2152 968 2208 haereticus
999 2168 1014 2205 :
1045 2152 1127 2206 Au
1176 2159 1348 2219 potest
1373 2149 1564 2219 aliquis
1604 2164 1724 2204 esse
1749 2158 1806 2204 et

237 2245 405 2300 nasci?
429 2244 481 2300 Si
509 2245 672 2315 igitur
695 2252 1086 2309 monstravere,
1117 2241 1445 2311 Seripturam
1473 2256 1578 2296 non
1600 2239 1667 2296 de
1690 2241 1802 2296 Deo

237 2346 446 2402 tantum,
476 2337 568 2391 sed
598 2337 760 2390 etiam
791 2335 858 2390 de
886 2334 1194 2389 hominibus
1223 2333 1398 2389 simile
1425 2333 1694 2403 quidpiam
1722 2333 1802 2388 in-

231 2427 430 2494 ducere,
468 2429 595 2498 quid
645 2427 812 2497 ages?
839 2426 984 2481 Beati
1022 2425 1252 2480 Abrabte
1292 2424 1454 2490 filios,
1499 2441 1605 2480 non
1647 2425 1799 2495 quasi

231 2535 322 2575 non
347 2523 466 2583 sint,
489 2521 583 2575 sed
613 2520 762 2590 quasi
796 2520 1198 2588 prteexsistant,
1219 2518 1490 2590 Scriptura
1531 2520 1675 2573 nasci
1713 2518 1799 2572 di-

230 2613 309 2667 cit.
338 2613 460 2668 Nam
486 2612 760 2668 Abraham
785 2612 968 2682 genuit
1010 2613 1185 2678 Isaac,
1217 2611 1361 2666 Isaac
1386 2611 1565 2682 genuit
1597 2610 1794 2676 Jacob,

231 2702 374 2760 Jacob
411 2704 569 2771 Levi,
611 2719 676 2759 ex
703 2719 809 2772 quo
850 2704 1019 2758 tribus
1059 2701 1425 2757 sacerdotalis.
1462 2702 1596 2770 Quia
1640 2702 1799 2772 igitur

230 2793 322 2861 hic,
363 2811 550 2866 nempe
601 2794 900 2859 Abraham,
949 2794 1338 2850 Mclchisedeco
1375 2794 1584 2848 obviam
1627 2794 1791 2859 venit,

230 2887 400 2943 Paulus
418 2889 697 2959 apostolus
726 2887 777 2942 id
803 2888 942 2958 quod
972 2897 1095 2942 tunc
1123 2893 1327 2957 gestum
1361 2886 1460 2941 fuit
1497 2887 1795 2957 tlieologico

226 2993 355 3033 more
396 2980 756 3049 interpretans
795 2980 870 3033 ait
904 2996 918 3032 :
956 2997 975 3029 ε
1012 2977 1234 3033 Obviam
1271 2979 1414 3032 venit
1456 2986 1632 3033 autem
1661 2979 1792 3034 Mel-

223 3069 449 3125 cltisedec
486 3071 758 3137 Abrahae,
803 3079 858 3125 et
900 3069 1169 3125 benedixit
1197 3069 1282 3134 ei;
1322 3079 1417 3124 »οι
1459 3069 1636 3124 statim
1667 3070 1794 3125 sub-

218 3161 370 3232 iungit
397 3181 409 3217 :
439 3182 458 3213 ‹
496 3162 563 3218 Et
613 3170 671 3216 ut
706 3162 775 3216 ita
818 3162 1016 3216 dictum
1057 3161 1166 3223 sit,»
1189 3175 1284 3230 per
1316 3161 1582 3215 Abraham
1631 3162 1790 3216 etiam

219 3250 352 3318 Levi,
373 3256 456 3323 qui
477 3255 718 3310 decimas
742 3254 954 3322 accipit,
983 3252 1276 3308 decimatus
1299 3261 1381 3307 est
1404 3270 1418 3306 :
1445 3252 1620 3308 adhuc
1649 3255 1790 3308 enim

219 3343 263 3397 in
289 3344 470 3400 lumbis
511 3356 635 3401 erat
677 3346 908 3400 Abraha:
945 3344 1163 3414 »(Ηεὸν.
1196 3346 1248 3399 7.
1279 3346 1330 3399 ί.
1377 3345 1428 3400 9.
1469 3346 1579 3416 10).
1615 3347 1790 3416 Atque

217 3436 336 3490 adeo
361 3441 600 3494 mortalis
626 3440 788 3493 homo
816 3448 1100 3509 antequam
1119 3446 1427 3494 nasceretur
1451 3447 1586 3493 erat.
1607 3439 1787 3507 Quan-

213 3527 682 3600 doquidem.radix
725 3533 966 3598 vivebat,
1013 3531 1243 3586 fructum
1288 3547 1410 3586 cum
1453 3533 1664 3588 vivente
1704 3550 1789 3588 ra-

214 3618 290 3673 dix
321 3621 538 3677 induxit.
573 3623 674 3676 llic
715 3637 871 3685 vero,
906 3622 993 3676 ubi
1031 3623 1175 3676 nulla
1216 3623 1411 3691 passio,
1447 3624 1623 3677 nullus
1666 3639 1788 3680 suc-

211 3712 450 3768 cessionis
497 3713 727 3780 modus,
787 3713 931 3767 nulla
981 3715 1117 3768 uteri
1169 3715 1428 3783 gestatio,
1484 3715 1627 3768 nulla
1681 3715 1783 3769 hu-

209 3815 468 3859 manarum
526 3806 838 3876 passionum
873 3806 1068 3871 series,
1116 3821 1222 3859 non
1265 3805 1380 3858 vult
1433 3803 1613 3861 dicere
1659 3821 1782 3860 eum

210 3894 290 3962 qui
319 3906 429 3950 erat
453 3897 521 3951 ab
546 3897 840 3953 exsistente
867 3897 1045 3967 gigni,
1074 3905 1128 3950 et
1170 3897 1223 3950 in
1253 3906 1508 3951 aeternum
1541 3913 1778 3953 manere.

208 3987 271 4039 At
303 3989 342 4041 si
387 3991 604 4059 genitus
652 3989 778 4055 fuit,
829 3989 1019 4059 inquit,
1068 3989 1336 4058 quomodo
1374 4003 1590 4059 semper
1627 3991 1781 4044 erat?

207 4077 444 4150 Quisquis
487 4082 634 4135 enim
679 4082 933 4149 gignitur,
981 4081 1298 4151 principium
1347 4081 1560 4151 accipit.
1608 4082 1781 4137 Patris

204 4185 386 4228 nomen
411 4173 554 4243 apud
586 4189 685 4230 nos
715 4190 808 4244 per
839 4175 1037 4229 multos
1063 4174 1314 4229 circuitus
1333 4173 1592 4228 decurrit.
1617 4173 1780 4229 Verbi

200 4265 381 4331 gratia,
412 4281 660 4336 snppone
685 4268 936 4336 juvenem
971 4281 1190 4321 uxorem
1221 4265 1419 4320 ducere
1449 4266 1772 4334 cupientem.

201 4353 424 4411 Primum
460 4358 515 4411 fit
545 4373 738 4427 proeus
758 4399 774 4424 ,
805 4357 997 4412 deinde
1027 4372 1276 4428 sponsus.
1309 4367 1490 4428 postea
1519 4358 1740 4412 maritus
1757 4375 1773 4422 ;

197 4447 237 4500 si
263 4450 462 4518 gignat,
491 4451 686 4505 dicitur
707 4459 888 4522 pater;
911 4451 992 4504 sin
1022 4450 1196 4519 proles
1220 4451 1318 4505 hoc
1347 4451 1420 4506 illi
1448 4465 1641 4504 nomen
1669 4466 1774 4504 non

195 4539 452 4604 tribuerit,
481 4540 692 4594 etiamsi
713 4549 996 4595 sexcentos
1021 4554 1189 4594 annos
1215 4555 1335 4594 cum
1368 4556 1532 4594 υκαι-ε
1559 4539 1771 4601 vixerit,

195 4642 292 4680 non
325 4643 474 4698 pater
499 4632 794 4685 vocabitur.
825 4631 1185 4700 Similiterque
1207 4643 1396 4696 mater,
1433 4633 1602 4701 primo
1626 4631 1775 4699 virgo

193 4720 308 4776 hinc
337 4724 630 4791 postulata,
653 4736 838 4794 postea
861 4725 1202 4793 desponsata,
1227 4724 1438 4779 demum
1467 4741 1629 4790 uxor;
1660 4734 1774 4779 ute-

191 4827 300 4868 rum
352 4827 553 4886 gestat,
603 4817 830 4871 fructum
885 4827 1084 4887 portat;
1134 4818 1227 4871 sed
1275 4819 1318 4871 si
1373 4834 1478 4871 non
1525 4818 1769 4886 prodeat,

188 4918 351 4964 mater
381 4926 489 4964 non
521 4920 757 4964 vocatur.
790 4911 1012 4964 Etiamsi
1043 4910 1194 4964 radix
1224 4911 1451 4964 fructum
1485 4911 1638 4973 ferat,
1669 4911 1770 4965 nisi

190 5013 463 5069 progressa
499 5003 681 5071 proles
722 5004 965 5057 laborum
1008 5003 1308 5057 mercedem
1331 5044 1348 5068 ,
1385 5002 1523 5057 hanc
1563 5003 1772 5058 scilicet

184 5090 712 5162 denominationem,
743 5097 1018 5161 retulerit,
1070 5105 1241 5150 mater
1288 5111 1393 5150 non
1450 5097 1765 5164 appellatur.

187 5182 412 5253 ldipsum
465 5188 644 5253 Deus,
692 5198 871 5260 utpote
922 5189 1135 5257 sapiens
1186 5188 1342 5253 fecit,
1401 5203 1469 5242 ne
1513 5190 1769 5243 adversus

182 5274 317 5331 ﬁlios
341 5278 707 5346 gloriarentur
735 5291 1076 5350 patres,neve
1106 5280 1305 5334 diceret
1329 5289 1476 5349 pater
1497 5280 1625 5346 filio,
1659 5281 1767 5350 Ego

180 5369 269 5422 tibi
309 5372 478 5424 vitam
533 5371 752 5442 largitus
795 5389 949 5437 sum,
978 5382 1193 5443 propter
1222 5388 1306 5427 me
1342 5382 1496 5426 natus
1527 5389 1607 5439 es,
1648 5388 1765 5428 mea

176 5473 343 5527 opera
368 5461 424 5515 in
470 5475 654 5516 rerum
686 5473 925 5519 naturam
966 5463 1254 5534 productus
1291 5478 1350 5517 es
1379 5481 1392 5518 :
1420 5462 1514 5518 sed
1555 5464 1763 5519 etiamsi

179 5547 290 5605 haec
327 5551 566 5617 diceret,
602 5554 778 5609 statim
823 5555 1070 5611 audiret:
1116 5555 1229 5625 Ego
1269 5561 1487 5624 propter
1515 5563 1566 5609 te
1608 5564 1764 5610 natus

176 5654 314 5708 sum,
350 5653 407 5698 tu
439 5644 611 5700 etiam
641 5654 854 5716 propter
897 5663 980 5702 me
1006 5656 1158 5718 pater
1196 5661 1277 5703 es.
1311 5645 1543 5716 ldipsum
1571 5653 1626 5700 et
1651 5661 1764 5700 ma-

176 5734 240 5788 tri
270 5751 285 5788 :
314 5734 590 5793 Tribuisti
614 5738 742 5794 mihi
775 5748 834 5794 ut
870 5755 1040 5796 essem
1072 5740 1241 5806 filius,
1270 5748 1324 5796 et
1350 5753 1449 5809 ego
1477 5737 1635 5796 tribui
1666 5739 1758 5796 tibi

3398 330 3504 390 462

1928 425 1983 468 ut
2008 430 2156 470 esses
2182 428 2374 472 mater.
2405 419 2527 474 Haec
2551 421 2691 490 apud
2721 437 2820 479 nos
2844 428 3064 498 gratiam
3109 431 3389 498 quamdam
3426 436 3507 488 vi-

1925 520 2148 575 cemque
2189 508 2559 564 retributionis
2584 527 2694 581 prae
2721 529 2781 569 se
2826 513 3022 571 ferunt.
3051 517 3413 592 Similiterque
3441 524 3506 577 fi-

1926 595 2062 661 lius,
2109 613 2214 652 non
2267 601 2446 653 statim
2491 601 2661 665 filius,
2702 604 2796 658 sed
2845 606 3016 674 primo
3051 622 3266 674 semen,
3313 613 3505 670 deinde

1924 684 2083 752 fetus,
2111 696 2306 742 etcum
2333 678 2488 745 natus
2519 702 2629 756 est,
2669 704 2794 748 tunc
2820 704 2903 750 est
2943 698 3102 752 filius.
3145 701 3272 756 Hzec
3298 711 3505 772 tempo-

1923 792 2038 830 rum
2081 780 2484 836 necessitatibus
2529 783 2758 838 obnoxia
2811 795 2980 840 sunt:
3012 788 3126 842 lia-c
3169 793 3503 858 passionibus

1922 865 2158 934 subjecta
2193 885 2205 919 ε
2233 867 2346 923 haec
2371 885 2647 941 corporea:
2677 885 2799 928 sunt
2828 879 3242 934 constitutionis.
3275 882 3371 938 Ubi
3402 900 3501 938 au-

1923 963 2026 1009 tem
2053 957 2362 1026 incorporea
2382 969 2465 1016 est
2486 972 2671 1016 natura
2690 980 2807 1033 quae
2832 967 3018 1036 gignit,
3049 971 3134 1024 ubi
3153 971 3501 1042 incorporeus

1921 1057 2000 1102 est
2026 1047 2230 1104 fructus
2273 1053 2360 1120 qui
2387 1054 2652 1123 gignitur,
2679 1071 2782 1125 qua
2831 1060 3035 1114 ratione
3075 1040 3288 1118 dicatur.
3309 1040 3447 1120 illud
3481 1085 3495 1122 :

1920 1138 2048 1191 Erat
2078 1139 2292 1208 quando
2325 1156 2428 1195 non
2457 1152 2594 1208 erat,
2627 1153 2679 1197 et
2705 1154 2886 1213 postea
2915 1151 3126 1218 genitus
3150 1155 3275 1208 est?
3304 1156 3372 1208 At
3401 1171 3498 1211 nos

1917 1228 2182 1285 dicimus:
2211 1231 2265 1286 Si
2298 1233 2436 1286 Deus
2468 1235 2536 1286 ita
2577 1249 2791 1304 semper
2821 1253 2879 1292 se
2915 1239 3102 1307 habet,
3142 1244 3187 1296 si
3218 1245 3349 1299 nihil
3377 1263 3497 1301 um-

1916 1336 2074 1390 quam
2096 1326 2354 1394 acquirat,
2378 1342 2592 1397 semper
2618 1330 2780 1382 etiam
2810 1339 2892 1385 est
2913 1331 3087 1388 Pater.
3115 1335 3263 1402 Quod
3291 1338 3335 1391 si
3355 1354 3496 1394 sern-

1918 1430 2012 1483 per
2040 1426 2120 1469 est
2148 1415 2324 1483 Pater,
2338 1432 2550 1488 semper
2571 1419 2761 1476 Filium
2784 1423 3019 1492 recipit’:
3047 1441 3177 1496 ergo
3200 1439 3497 1488 coaeternus

1916 1515 2000 1563 est
2028 1509 2167 1562 Patri
2193 1509 2379 1565 Filius.
2411 1511 2600 1566 Filium
2629 1513 2855 1570 dicimus
2875 1516 2990 1571 sine
3017 1519 3262 1586 passione
3289 1533 3492 1589 natum,

1917 1602 2278 1669 generationis
2305 1618 2432 1657 vero
2475 1605 2690 1658 modum
2728 1607 2997 1676 explicare
3040 1626 3148 1664 non
3189 1627 3492 1681 possumus.

1922 1691 2059 1746 Vera
2090 1691 2204 1748 haec
2223 1702 2305 1748 est
2329 1695 2574 1761 scientia,
2604 1707 2660 1750 ut
2683 1698 2941 1753 fateamur
2969 1715 3068 1754 nos
3094 1716 3154 1755 ea
3177 1717 3281 1758 non
3310 1720 3490 1770 nosse,

1915 1798 2034 1853 qua:
2070 1793 2310 1838 naturam
2336 1794 2573 1840 nostram
2609 1797 2882 1856 superant.
2915 1788 3123 1842 Prolem
3158 1791 3335 1860 itaque
3363 1793 3493 1848 ado-

1913 1889 2111 1928 ramus.
2143 1885 2386 1930 naturam
2415 1891 2540 1930 vero
2560 1891 2665 1932 non
2687 1878 2896 1934 curiose
2916 1889 3237 1935 scrutamur.
3257 1881 3311 1937 Si
3331 1882 3491 1937 han

1913 1977 2058 2021 esset
2083 1967 2129 2022 is
2149 1969 2238 2036 qui
2265 1970 2467 2037 genuit,
2501 1969 2786 2024 humanam
2810 1982 2954 2026 certe
2975 1972 3373 2043 generationem
3395 1974 3490 2028 lia-

1911 2057 2135 2114 buisset.
2165 2060 2218 2114 Si
2243 2074 2438 2130 corpus
2461 2060 2752 2127 habuisset,
2781 2065 3052 2134 genuisset
3070 2076 3124 2121 ut
3153 2081 3367 2137 corpus.
3393 2068 3485 2123 Sin

1911 2163 2041 2203 vero
2072 2148 2324 2204 immunis
2352 2151 2423 2203 sit
2451 2166 2480 2202 a
2519 2167 2746 2221 corpore
2765 2195 2780 2218 ,
2817 2170 2884 2209 ne
2913 2156 3155 2225 corporis
3181 2159 3489 2214 affectiones

1918 2237 2238 2309 incorporeo
2276 2239 2570 2296 adscribas.
2606 2245 2673 2296 At
2701 2245 2910 2312 genuit,
2945 2246 3150 2317 inquit',
3178 2263 3243 2302 ex
3274 2251 3487 2318 propria

1909 2339 2118 2395 natura,
2148 2345 2268 2385 cum
2301 2331 2549 2400 passione
2577 2335 2782 2403 genuit,
2817 2351 2910 2405 per
2939 2337 3255 2406 sectionem,
3287 2355 3382 2409 per
3408 2340 3488 2394 ef-

1905 2419 2127 2475 fluxum.
2161 2422 2240 2478 Ex
2267 2425 2499 2479 terrenis
2527 2427 2858 2483 contrarium
2888 2428 3074 2497 probo.
3122 2429 3302 2501 Gignit
3328 2433 3480 2497 vitis,

1903 2512 2070 2584 gignit
2087 2514 2227 2582 olea,
2253 2516 2422 2586 gignit
2442 2517 2602 2572 etiam
2619 2534 2777 2589 aqua,
2797 2535 2902 2574 non
2924 2522 3216 2576 secundum
3238 2534 3480 2578 naturam

1904 2615 2175 2673 nostram,
2218 2606 2314 2660 sed
2349 2608 2640 2662 secundum
2670 2611 2940 2678 proprium
2971 2612 3234 2668 ordinem.
3267 2614 3479 2682 Quaevis

1903 2696 2094 2751 mulier
2119 2698 2331 2768 quando
2352 2699 2404 2754 id
2426 2716 2456 2755 a
2488 2700 2598 2755 Deo
2618 2711 2944 2772 consequuta
2973 2713 3076 2772 est,
3107 2715 3164 2760 ut
3187 2708 3259 2762 sit
3285 2717 3476 2776 mater,

1903 2797 2112 2843 uterum
2139 2799 2332 2860 gestat,
2363 2791 2673 2846 intumescit
2703 2809 2717 2846 :
2745 2795 2940 2848 emisso
2966 2806 3140 2851 autem
3172 2796 3365 2865 fructu,
3397 2809 3480 2854 tu-

1903 2896 2106 2936 morem
2138 2883 2308 2954 ponit.
2336 2882 2392 2936 ln
2424 2883 2707 2938 arboribus
2733 2900 2886 2940 secus
2915 2888 3124 2942 accidit.
3165 2889 3473 2960 Priusquam

1897 2976 2143 3045 genuerit
2184 2975 2346 3029 arbor
2394 2991 2501 3030 non
2542 2977 2846 3032 intumescit
2880 2994 2894 3032 :
2923 2995 3042 3032 cttm
3082 2982 3326 3050 genuerit
3365 2991 3476 3036 tum

1898 3068 2133 3121 crassior
2162 3065 2413 3131 efficitur,
2445 3066 2648 3121 fructus
2676 3054 2932 3138 augetur,
2964 3078 3023 3124 et
3045 3070 3190 3124 radix
3223 3070 3480 3142 multipli-

1897 3168 2070 3224 catur,
2118 3174 2290 3228 neque
2331 3159 2627 3213 imminutio
2677 3168 2758 3212 est
2797 3161 3030 3229 gignenti
3073 3162 3255 3227 radici,
3302 3178 3478 3233 neque

1897 3261 2024 3306 nato
2053 3251 2266 3306 fructui.
2289 3251 2469 3322 Gignit
2490 3253 2610 3306 vitis
2633 3269 2737 3306 non
2766 3269 2916 3307 more
2943 3263 3127 3307 nostro
3153 3269 3166 3306 :
3205 3255 3475 3324 Deumque

1895 3343 1941 3398 si
1962 3342 2194 3398 audieris
2219 3345 2486 3413 genuisse,
2515 3344 2770 3398 humanas
2804 3346 3076 3414 passiones
3097 3345 3354 3401 adscribis
3381 3362 3476 3400 na-

1895 3443 2067 3491 turam
2092 3451 2306 3490 onmem
2334 3436 2616 3490 humanam
2643 3437 2954 3506 superanti?

1964 3528 2018 3582 5.
2051 3527 2118 3581 Et
2147 3528 2276 3582 dixit
2305 3527 2436 3581 Deus
2461 3543 2479 3581 :
2509 3526 2709 3581 Educat
2737 3539 2868 3582 terra
2888 3533 3112 3584 animum
3137 3530 3375 3585 viventem
3394 3547 3476 3585 se-

1891 3621 2114 3674 cundum
2154 3638 2345 3694 genus,
2384 3623 2772 3692 quadrupedes,
2813 3626 3050 3692 reptilia,
3094 3627 3273 3680 bestias
3314 3625 3468 3697 (Gen.

1891 3713 1943 3766 ί.
1975 3712 2087 3776 24).
2121 3712 2506 3782 Quadrupedes
2529 3713 2767 3782 jumenta
2796 3725 2946 3779 sunt;
2982 3717 3223 3784 reptiles,
3255 3717 3467 3784 besﬁm,

1890 3818 2115 3873 serpens
2153 3813 2208 3857 et
2233 3804 2432 3867 draco;
2461 3819 2631 3873 neque
2657 3805 2797 3858 enim
2841 3806 3024 3860 bestia:
3068 3808 3240 3861 solum
3283 3808 3470 3876 subju-

1889 3896 2057 3967 galcs,
2091 3896 2184 3950 sed
2215 3897 2372 3950 etiam
2401 3911 2519 3964 qua:
2545 3897 2795 3951 oneribus
2826 3898 3089 3964 ferendis,
3116 3900 3354 3969 jumenta
3383 3901 3468 3954 di-

1888 3999 2102 4043 cuntur.
2132 3987 2395 4055 Quidquid
2430 3989 2571 4041 freno
2602 3990 2832 4042 vescitur
2853 4030 2868 4053 ,
2897 3991 3009 4045 sive
3037 3992 3162 4056 bos,
3192 3993 3303 4046 sive
3330 3995 3465 4055 ovis,

1885 4097 2050 4153 pecus
2090 4091 2348 4136 vocatur:
2390 4097 2554 4144 κτῆνος
2594 4081 2704 4134 sive
2745 4096 2904 4149 pceus
2946 4082 3170 4145 dicitur,
3213 4083 3332 4152 quia
3384 4092 3467 4136 est

1883 4192 2044 4243 κτῆμα
2090 4174 2202 4228 sive
2234 4175 2500 4243 possessio
2538 4174 2788 4230 hominis.
2835 4172 2984 4240 Quod
3031 4181 3209 4226 autem
3257 4182 3464 4226 ovcsi2t

1884 4269 2051 4323 boves
2078 4281 2267 4334 pecora
2297 4274 2554 4321 vocentur
2575 4265 2885 4319 testificatur
2907 4263 3178 4333 Scriptura
3209 4281 3222 4318 :
3257 4262 3319 4316 Et
3348 4265 3463 4334 fue-

1882 4369 2000 4413 runt
2025 4360 2102 4412 illi
2128 4374 2311 4428 pecora
2360 4359 2524 4410 ouium
2561 4365 2605 4410 et
2640 4372 2820 4426 pecora
2859 4355 3006 4408 boum
3031 4354 3048 4425 (
3072 4353 3196 4408 Gen.
3223 4353 3312 4408 ‘26.
3349 4355 3461 4424 Μ).

1881 4451 2107 4520 Repleta
2136 4459 2220 4504 est
2254 4459 2426 4513 terra,
2467 4447 2722 4503 vernabat
2770 4447 3045 4510 fructibus,
3097 4445 3312 4516 protulit
3349 4447 3464 4500 ani-

1884 4544 2076 4607 malia;
2109 4542 2513 4597 desiderabatur
2546 4541 2759 4594 demum
2804 4549 2952 4607 pater
2981 4538 3240 4600 familias;
3273 4541 3459 4593 Caelum

1881 4644 2130 4689 ornatum
2169 4635 2359 4699 fuerat,
2395 4645 2533 4688 terra
2577 4633 2725 4686 vario
2759 4632 2954 4686 decore
2997 4631 3342 4700 spleudt-bat,
3377 4646 3458 4702 re-

1882 4725 2080 4796 pit-tum
2127 4737 2242 4780 erat
2286 4741 2452 4791 mare,
2498 4741 2590 4779 aer
2629 4725 2804 4776 avium
2855 4722 3190 4776 multitudine
3239 4732 3461 4775 ornatus

1881 4829 2015 4872 erat.
2046 4817 2232 4873 Omnia
2280 4827 2458 4888 parata
2505 4827 2694 4880 erant,
2724 4829 2776 4869 et
2827 4813 3232 4868 desiderabatur
3275 4814 3456 4868 homo.

1881 4910 1994 4964 Non
2023 4911 2094 4964 illi
2128 4913 2462 4964 contumelia:
2489 4920 2589 4972 est,
2626 4909 2765 4976 quod
2795 4909 2861 4960 sit
2887 4917 3207 4975 postremus,
3237 4907 3328 4962 sed
3361 4909 3460 4961 hoc

1879 5001 1954 5056 illi
1985 5003 2127 5056 cedit
2155 5003 2340 5056 honori
2378 5019 2390 5054 :
2423 5011 2754 5069 pra-paratur
2780 5001 2920 5054 enim
2950 5000 3168 5061 domus,
3205 5008 3256 5053 et
3303 5000 3450 5053 intluv

1878 5093 2018 5147 citur
2047 5103 2194 5162 pater
2226 5093 2473 5148 familias.
2509 5092 2645 5145 Nihil
2679 5092 2872 5162 quippe
2907 5092 3047 5146 Dens
3086 5093 3458 5162 intempestive

1883 5197 1936 5242 et
1963 5188 2080 5242 sine
2110 5187 2268 5241 modo
2301 5187 2450 5252 facit,
2495 5187 2587 5239 sed
2616 5196 2802 5239 cuncta
2835 5187 2899 5238 ad
2930 5196 3132 5240 certum
3171 5203 3344 5240 usum.
3383 5189 3458 5240 Ac

1877 5278 1995 5334 vide
2019 5277 2280 5332 ordinem.
2313 5279 2489 5332 Primo
2521 5278 2643 5332 fecit
2669 5279 2803 5331 Dens
2831 5277 3046 5331 herbam
3077 5288 3124 5332 el
3154 5279 3372 5341 foenum,
3402 5286 3456 5329 ct

1876 5383 2060 5444 postea
2085 5372 2332 5426 animalia
2355 5388 2472 5441 qua:
2501 5372 2582 5425 his
2608 5372 2954 5425 nutrirentur.
2981 5371 3088 5424 Nisi
3113 5372 3252 5425 enim
3276 5377 3456 5423 essent

1873 5465 2154 5530 alimenta,
2209 5463 2576 5532 intempestiva
2623 5463 2810 5518 fuisset
2857 5463 3165 5518 animalium
3211 5461 3453 5526 creatio,

1873 5572 1991 5626 quae
2012 5587 2016 5591 ι
2037 5555 2255 5626 penuria
2294 5555 2555 5610 fructuum
2590 5556 2872 5610 laboraret.
2907 5555 3056 5608 Fecit
3082 5553 3334 5606 alimenta
3357 5591 3370 5614 ,
3399 5559 3454 5606 et

1872 5657 1992 5720 post
2016 5664 2077 5704 ea
2111 5664 2230 5718 qua:
2275 5649 2338 5704 iis
2372 5650 2646 5705 alerentur
2692 5646 2958 5711 condidit;
2986 5645 3158 5715 primo
3200 5642 3264 5697 ad
3299 5656 3454 5698 usum

1872 5741 2192 5809 necessaria,
2237 5740 2432 5797 deinde
2489 5739 2688 5796 inducit
2726 5755 2784 5795 ea
2837 5753 2955 5808 qua:
3007 5735 3112 5789 illis
3153 5743 3450 5790 uterentur.
