3982 6198
565 366 673 426 663

572 483 770 536 Eodem
805 481 963 536 modo
1008 495 1071 535 se
1119 480 1168 533 in
1197 478 1486 550 Scripturis
1523 478 1704 548 gessit.
1735 479 2150 537 Antecesserunt

569 574 841 628 Christum
867 571 1154 641 Scriptura:
1177 571 1347 640 ipsum
1377 569 1748 639 praedicantes,
1771 578 1826 624 et
1857 579 1982 624 tunc
2004 573 2151 627 venit

572 668 614 718 is
655 680 815 734 quem
865 665 1248 734 praedicabant.
1293 665 1695 718 Praecesserunt
1729 665 2062 729 testimonia,
2095 673 2152 720 ut

569 757 878 812 crederetur
903 757 974 819 ei,
1003 757 1071 810 de
1115 772 1222 826 quo
1263 757 1625 811 testimonium
1677 755 1962 810 ferebatur.
2009 757 2153 811 Prai-

570 855 734 908 cessit
767 854 872 920 lex,
905 862 963 907 ut
993 852 1305 922 prmdicaret
1335 853 1717 924 legislatorem.
1750 852 2150 907 Prmcesserunt

571 946 884 1016 prophetae,
929 954 985 1000 ut
1028 945 1174 999 illum
1221 945 1594 1009 declararent,
1633 943 1698 998 de
1743 958 1849 1012 quo
1891 943 2150 998 vaticina-

568 1036 784 1093 bantur.

645 1127 930 1198 Scriptura:
948 1143 1036 1180 cur
1055 1125 1252 1180 Iudicis
1279 1125 1484 1178 relicta’.
1503 1153 1577 1165 —-
1596 1125 1674 1178 Ac
1695 1123 1813 1178 vide
1833 1124 2151 1193 sapientiam

575 1219 691 1274 Dei.
734 1219 1040 1288 Scripturas
1088 1216 1467 1287 prophetarum
1513 1230 1618 1269 non
1664 1215 1787 1269 sivit
1828 1216 1880 1269 in
1912 1215 2151 1270 Ecclesia

575 1312 744 1366 solum
767 1327 910 1379 esse,
935 1311 1031 1366 sed
1056 1319 1110 1365 et
1131 1311 1266 1380 apud
1289 1310 1529 1365 Judzros:
1551 1320 1607 1364 ut
1625 1311 1698 1364 illi
1716 1319 2150 1381 coarguerentur,

572 1403 788 1472 reliquit
813 1416 905 1456 eas
929 1401 1069 1470 apud
1091 1400 1305 1457 Iudaeos
1331 1399 1597 1470 indignos,
1626 1401 1716 1454 Dei
1736 1400 1936 1462 hostes,
1955 1401 2151 1454 Christi

572 1494 837 1548 inimicos.
853 1492 962 1547 Cur
983 1508 1109 1562 ergo
1135 1492 1186 1546 id
1209 1492 1352 1557 fecit,
1378 1508 1474 1546 nec
1495 1493 1562 1546 ab
1587 1493 1690 1546 illis
1710 1492 2014 1563 Script_uras
2035 1493 2142 1546 abs-

573 1585 732 1640 tulit?
765 1585 995 1640 Evidens
1024 1600 1181 1638 causa
1207 1595 1308 1648 est,
1341 1599 1437 1638 nec
1477 1584 1639 1637 multa
1681 1585 1994 1653 probatione
2020 1600 2154 1653 opus

575 1678 754 1732 habet.
787 1676 858 1732 Ut
885 1677 1188 1746 przedicatio
1213 1691 1328 1729 mea
1353 1692 1456 1729 non
1479 1685 1725 1744 suspecta
1747 1686 1911 1730 esset.
1935 1676 1988 1730 Si
2012 1677 2154 1731 solus

576 1770 865 1839 prophetas
897 1769 1182 1832 haberem,
1216 1779 1395 1836 posset
1423 1768 1728 1822 incredulus
1763 1769 2151 1823 contradicere.

572 1863 821 1916 Aususnc
842 1876 1014 1915 essem
1042 1876 1142 1930 ego
1164 1860 1363 1924 dicere,
1391 1861 1528 1913 Dixit
1556 1861 1787 1932 Moyses,
1814 1862 1948 1915 dixit
1968 1862 2150 1927 Isaias,

573 1963 662 2006 aut
690 1953 826 2006 dixit
860 1952 1097 2022 reliquus
1125 1951 1504 2022 prophetarum
1534 1952 1667 2006 ordo
1687 1994 1702 2016 ,
1735 1953 1802 2007 de
1828 1952 2066 2016 Christo,
2100 1963 2156 2006 et

573 2044 640 2098 de
669 2045 732 2098 iis
763 2060 880 2114 qua:
921 2052 1162 2113 tempore
1205 2043 1468 2099 adventus
1495 2044 1612 2113 cjus
1656 2054 1916 2098 eventura
1959 2045 2154 2098 erant?

577 2135 789 2189 Poterat
816 2134 984 2204 quivis
1009 2135 1369 2204 respondere:
1394 2134 1669 2190 Undenam
1699 2136 1898 2190 scimus
1919 2135 2152 2206 Moyseui

577 2214 741 2282 fuisse
773 2227 1123 2297 prophetam,
1158 2237 1211 2280 et
1256 2226 1371 2281 lucc
1401 2227 1621 2292 dixisse,
1668 2237 1758 2280 aut
1809 2227 2150 2297 praedicasse,

576 2317 1026 2386 quemadmodum
1061 2317 1210 2372 vobis
1234 2317 1550 2372 Christianis
1587 2317 1653 2371 ad
1691 2319 2152 2372 conﬁrmationem

572 2408 834 2462 doctrina:
852 2417 1041 2472 vestra;
1063 2409 1326 2464 blaterare
1342 2409 1512 2464 visum
1533 2418 1633 2474 est,
1657 2409 1942 2479 prophetas
1965 2424 2156 2478 nempe

577 2499 800 2568 lingere,
830 2508 885 2554 et
929 2501 1142 2554 nomina
1177 2499 1415 2556 fabulose
1458 2502 1828 2556 comminisci?
1867 2518 2036 2557 nosne
2064 2503 2158 2556 de-

574 2592 762 2647 bemus
791 2593 928 2649 hanc
955 2595 1324 2650 auctoritatem
1353 2595 1670 2651 admittere?
1696 2596 1847 2652 Nunc
1877 2613 2006 2652 vero
2030 2605 2158 2652 eon-

579 2683 890 2749 tradicenti,
933 2687 1140 2740 etiamsi
1189 2689 1392 2756 magnis
1447 2688 1681 2742 munitus
1735 2688 1804 2743 sit
1843 2689 2152 2758 ratiociniis,

572 2777 748 2830 omnis
791 2777 994 2833 sublata
1039 2780 1250 2832 occasio
1289 2789 1389 2845 est,
1443 2795 1507 2835 eo
1544 2780 1684 2850 quod
1726 2780 1814 2835 illa
1857 2781 2154 2837 testimonia

573 2869 714 2938 apud
747 2871 890 2939 ipsos
915 2869 1153 2940 deposita
1182 2872 1307 2938 sint,
1339 2888 1455 2941 qua:
1482 2887 1579 2927 nos
1619 2873 1686 2926 ad
1710 2872 2016 2944 dogmatum
2053 2889 2154 2928 no-

573 2977 806 3018 strorum
842 2963 1204 3020 defensionem
1243 2965 1527 3020 aﬂ'erimus.
1569 2963 1722 3021 Unde
1762 2967 1902 3020 enim
1941 2967 2153 3038 coargui

572 3071 678 3111 non
699 3057 868 3127 possit
886 3073 1071 3113 eorum
1090 3058 1310 3114 levitas?
1333 3057 1410 3114 Ne
1435 3059 1592 3128 igitur
1615 3057 1730 3113 huic
1746 3058 2007 3125 dicantur,
2033 3076 2154 3129 per-

576 3151 720 3204 misit
764 3160 820 3204 ut
849 3151 969 3206 libri
1015 3151 1408 3222 Scripturarum
1451 3151 1590 3221 apud
1619 3151 1740 3206 illos
1784 3160 1997 3215 essent,
2026 3161 2082 3205 ut
2111 3153 2155 3206 si

578 3242 702 3296 mihi
744 3242 878 3297 fides
922 3253 1161 3312 negetur,
1190 3244 1338 3314 quasi
1383 3244 1448 3298 ad
1474 3243 1810 3314 prapriorum
1849 3243 2155 3314 dogmatum

574 3336 795 3403 gratiam
827 3337 912 3389 illa
942 3337 1289 3411 confinxerim
1311 3378 1326 3403 ,
1353 3337 1454 3392 illis
1485 3337 1618 3391 fides
1644 3336 1937 3402 habeatur,
1969 3337 2055 3407 qui
2087 3336 2155 3390 ab

576 3425 679 3478 illis
719 3425 1055 3495 dogmatibus
1099 3428 1407 3482 abhorrent.
1435 3428 1490 3484 Si
1536 3428 1775 3483 Judaeum
1823 3431 2150 3500 interroges,

576 3531 681 3569 non
709 3515 830 3570 dico
860 3517 1142 3585 quemdam
1170 3518 1237 3573 de
1266 3518 1423 3587 plebe
1447 3533 1508 3572 ac
1546 3517 1614 3573 de
1647 3519 1830 3584 turba,
1862 3521 1954 3574 scd
1983 3522 2070 3590 qui
2101 3530 2156 3576 et

575 3608 736 3663 verbo
760 3607 955 3678 polleat
984 3618 1038 3663 et
1064 3610 1236 3680 legem
1265 3617 1463 3675 teneat,
1488 3609 1652 3664 Estne
1673 3611 1951 3665 Christus?
1971 3621 2024 3665 et
2046 3627 2151 3667 non

571 3700 713 3755 dicat
741 3716 846 3754 non
887 3716 1008 3756 esse
1027 3743 1042 3767 ,
1070 3702 1163 3756 sed
1193 3716 1312 3757 esse
1353 3701 1590 3772 quidem,
1617 3711 1672 3757 at
1697 3718 1801 3758 non
1841 3720 1960 3760 esse
1987 3705 2147 3773 hunc,

571 3805 728 3862 quem
755 3805 851 3846 vos
891 3790 1096 3857 dicitis,
1124 3792 1216 3847 sed
1244 3793 1405 3847 alium
1435 3807 1451 3846 :
1481 3792 1737 3848 hactenus
1763 3794 1851 3850 ille
1893 3812 2004 3850 rem
2042 3813 2150 3852 non

570 3881 780 3948 evertit,
814 3881 906 3937 sed
933 3898 1209 3952 personam
1234 3883 1286 3937 in
1313 3883 1528 3938 dubium
1560 3885 1787 3940 vocavit.
1813 3886 1965 3941 Aliud
1990 3903 2151 3957 porro

568 3983 649 4028 est
681 3989 795 4028 rem
837 3990 1052 4044 negare,
1084 3975 1226 4029 aliud
1276 3991 1406 4030 vero
1448 3992 1750 4048 personam.
1795 3979 1860 4035 Ut
1903 3981 1945 4034 si
1975 3983 2092 4051 quis
2118 3998 2149 4038 a

568 4081 654 4120 me
679 4065 916 4121 debitum
944 4077 1208 4136 reposcat,
1240 4067 1381 4122 aliud
1406 4079 1486 4122 est
1511 4069 1708 4136 dicere,
1728 4069 1842 4125 Non
1873 4071 2062 4137 debeo,
2095 4082 2150 4127 ct

566 4155 707 4211 aliud
732 4157 931 4224 dicere,
952 4157 1065 4212 Non
1095 4159 1208 4222 tibi,
1233 4159 1326 4214 sed
1348 4160 1433 4214 alii
1457 4159 1646 4215 debeo.
1673 4160 1886 4216 lntcrim
1908 4163 2147 4219 debitum

565 4249 617 4304 in
648 4250 896 4307 confesso
921 4262 1021 4306 est.
1049 4253 1198 4318 Quod
1223 4253 1378 4322 igitur
1404 4251 1647 4308 Christus
1674 4254 1761 4318 sit,
1790 4254 1840 4308 id
1873 4255 1946 4308 illi
1977 4258 2146 4309 conli-

569 4351 768 4406 tentur,
795 4342 1039 4396 dubitant
1065 4353 1240 4398 autem
1271 4359 1337 4397 an
1367 4344 1453 4398 hic
1478 4345 1566 4410 sit,
1599 4345 1687 4415 qui
1718 4360 1749 4399 a
1773 4345 1924 4400 nobis
1951 4347 2146 4415 prmdi-

563 4441 734 4497 catur,
754 4443 946 4488 eteum
973 4437 1062 4502 qui
1091 4452 1194 4488 non
1217 4437 1424 4491 exsistit
1449 4437 1752 4502 admittunt,
1772 4438 1894 4508 quia
1912 4455 2032 4493 eum
2055 4440 2144 4509 qui

564 4543 693 4581 vere
723 4537 803 4582 est
833 4537 1111 4596 negarunt.
1142 4530 1208 4583 Et
1233 4529 1478 4584 advertas
1512 4532 1697 4595 velim,
1728 4533 1899 4602 ipsum
1927 4532 2140 4602 legisla-

563 4625 732 4672 torem
776 4616 1010 4689 Moysem
1050 4618 1163 4687 ipsa
1205 4618 1432 4674 hominis
1462 4621 1778 4676 formatione
1815 4622 2007 4677 Filium
2055 4625 2142 4679 in-

559 4710 775 4775 ducere,
795 4710 1015 4780 ejusque
1029 4711 1407 4781 cognitionem.
1427 4713 1584 4779 Dixit,
1604 4715 1724 4768 Fiat
1740 4718 2107 4784 ﬁrmamentum
2119 4742 2143 4791 ,-

559 4802 711 4866 dixit,
740 4801 995 4857 Germinet
1034 4811 1204 4867 terra;
1229 4803 1389 4870 dixit,
1425 4804 1660 4859 Educant
1687 4823 1848 4876 aquce.
1877 4809 2009 4863 Cum
2040 4826 2140 4866 au-

559 4904 665 4948 tem
688 4897 835 4950 venit
877 4897 944 4950 ad
971 4896 1242 4950 hominem
1270 4898 1343 4951 ait
1372 4916 1384 4950 :
1415 4897 1481 4951 Et
1508 4899 1636 4952 dixit
1661 4898 1829 4965 Deus,
1865 4901 2140 4959 Faciamus

558 4987 829 5042 hominem.
856 4989 1126 5059 Interrogo
1146 4990 1417 5046 Judaeum:
1439 4988 1496 5045 Si
1516 4992 1661 5045 solus
1681 5004 1782 5059 est,
1807 5008 1904 5048 nec
1920 5003 2000 5048 est
2015 5010 2135 5049 cum

556 5094 622 5130 eo
669 5079 854 5146 Filius,
902 5100 1058 5151 quem
1110 5095 1486 5152 praedicamus,
1537 5086 1580 5140 si
1628 5101 1734 5140 non
1781 5095 1864 5141 est
1907 5087 2137 5157 Spiritus

555 5180 791 5237 sanctus,
820 5187 976 5241 quem
1001 5175 1302 5242 adoramus,
1330 5177 1539 5231 cuinam
1569 5177 1720 5240 dixit.
1746 5176 2017 5233 Faciamus
2043 5181 2135 5235 lio-

556 5261 737 5313 minem
755 5262 782 5315 7
808 5261 1009 5317 Caelum
1035 5264 1187 5333 jussu
1217 5268 1330 5320 solo
1360 5267 1504 5332 facit,
1532 5277 1726 5323 terram
1753 5277 1808 5323 ct
1834 5271 2030 5341 reliqua
2061 5272 2133 5326 si-

554 5353 782 5408 militer:
810 5369 931 5408 cum
955 5354 1223 5409 hominem
1243 5369 1408 5425 creat,
1432 5358 1761 5416 divinitatem
1786 5361 1900 5416 Filii
1919 5362 2130 5419 demum

555 5448 743 5502 volens
759 5449 907 5518 quasi
930 5464 1024 5518 per
1043 5449 1298 5503 fenestras
1318 5453 1748 5521 conspiciendam
1771 5455 2028 5524 praebere,
2046 5457 2130 5510 di~

551 5538 645 5603 cit,
667 5536 938 5592 Faciamus
961 5540 1248 5605 hominem;
1271 5551 1326 5595 ut
1346 5544 1590 5598 ostendat
1615 5545 1760 5598 illum
1788 5547 1838 5600 in
1868 5548 2131 5615 prioribus

552 5631 711 5685 etiam
737 5631 984 5687 creandis
1007 5632 1106 5686 sibi
1134 5636 1337 5687 socium
1361 5634 1541 5688 fuisse.
1575 5637 1732 5691 Aiunt
1757 5638 1934 5708 itaque
1959 5638 2128 5694 ,ιυάςυὶ

552 5721 602 5775 in
632 5733 913 5794 angustum
955 5723 1191 5790 redacti,
1227 5740 1325 5780 nec
1369 5725 1606 5782 valentes
1653 5729 1722 5782 ita
1765 5739 2003 5798 apertam
2043 5730 2128 5784 di-

548 5814 777 5872 ctionem
808 5827 1043 5886 mutare,
1074 5818 1245 5890 ipsum
1277 5817 1328 5874 id
1355 5819 1555 5890 angelis
1596 5819 1790 5875 dixisse
1820 5837 1832 5874 :
1876 5821 2125 5891 quoniam

2019 365 2391 423 SEVEBIANI
3691 389 3774 444 ια

2259 481 2509 536 dictionis
2553 491 2793 538 naturam
2841 493 3024 554 aperte
3065 501 3260 558 negare
3289 503 3386 545 non
3428 503 3658 562 possunt,
3691 501 3779 556 alio

2259 575 2420 627 modo
2473 575 2810 644 negationem
2864 576 3007 632 illam
3059 577 3342 635 insinuant.
3397 583 3601 639 Cuinam
3652 589 3780 659 igitur

2258 663 2412 728 dixit,
2442 663 2758 722 Faciamus?
2783 669 3022 739 Angelis,
3048 670 3306 741 inquiunt.
3336 673 3549 741 Quaero,
3572 675 3670 732 litri
3692 696 3782 735 ma-

2253 753 2401 824 jores
2430 765 2574 820 sunt,
2620 758 2816 827 angeli,
2862 774 2929 812 an
2980 760 3420 818 homines?Sane
3464 768 3640 836 angeli.
3676 769 3781 824 Nam

2257 846 2470 915 quando
2512 848 2672 902 etiam
2722 848 3007 905 admodum
3054 853 3107 906 in
3153 853 3342 908 virtute
3386 855 3705 924 profecimus,
3733 877 3783 914 ne

2262 947 2386 992 tunc
2414 939 2629 1008 quidem
2661 941 2782 997 illos
2821 957 3158 1011 superamus,
3201 944 3292 998 sed
3320 961 3470 1013 pares
3507 947 3581 1002 eis
3618 964 3784 1003 sumus.

2259 1028 2410 1083 Nunc
2443 1045 2574 1085 vero
2614 1031 2678 1085 iis
2704 1042 2892 1087 natura
2931 1034 3085 1104 longe
3125 1035 3399 1091 inferiores
3424 1052 3614 1104 sumus,
3643 1040 3785 1096 incor-

2257 1124 2542 1192 poreisque
2565 1125 2766 1193 angelis
2787 1141 2972 1180 sumus
3001 1129 3250 1183 minores.

2331 1213 2384 1269 6.
2417 1215 2554 1268 Audi
2586 1217 2836 1271 Davidem
2864 1217 2962 1272 hac
2986 1219 3054 1273 de
3077 1235 3138 1274 re
3166 1220 3530 1276 testificantem
3559 1240 3571 1275 :
3597 1223 3714 1290 Quid
3734 1237 3788 1276 est

2260 1307 2429 1370 homo,
2457 1307 2591 1377 quod
2612 1324 2800 1361 memor
2825 1325 2878 1362 es
2899 1311 3027 1379 ejus,
3062 1321 3150 1364 aut
3178 1312 3313 1380 ﬁlius
3343 1313 3571 1376 hominis,
3591 1311 3811 1384 quoniam

2259 1399 2430 1451 visitas
2477 1399 2630 1452 cum?
2676 1399 2908 1454 Minuisti
2954 1418 3068 1454 eum
3121 1403 3274 1472 paulo
3325 1403 3489 1456 minus
3531 1403 3588 1456 ab
3634 1407 3788 1475 angelis

2260 1488 2431 1557 (Psal.
2459 1491 2512 1542 8.
2537 1491 2588 1545 5.
2611 1489 2688 1561 fi).
2711 1491 2868 1546 Certe
2891 1492 3122 1547 minores
3147 1495 3346 1562 angelis
3373 1510 3550 1548 sumus
3577 1513 3589 1548 :
3627 1512 3709 1550 nos
3731 1498 3792 1549 iu-

2261 1578 2514 1644 feriores,
2543 1582 2715 1650 angeli
2743 1581 2999 1651 majores.
3029 1582 3082 1637 Si
3111 1598 3229 1636 cum
3265 1584 3530 1638 hominem
3559 1586 3688 1639 illum
3715 1589 3789 1639 mi-

2261 1685 2444 1724 norem
2497 1671 2717 1737 faceret,
2761 1689 2895 1741 Opus
2941 1673 3127 1728 habuit
3175 1676 3381 1744 angelis
3428 1677 3717 1730 consiliariis
3751 1688 3788 1730 et

2261 1760 2613 1828 adjutoribus,
2643 1778 2762 1825 cum
2792 1764 3022 1833 majores
3051 1765 3251 1820 faceret
3271 1806 3284 1830 ,
3329 1783 3432 1819 non
3462 1783 3612 1820 unum
3640 1784 3790 1836 nempe

2259 1853 2545 1921 angelum,
2592 1856 2686 1909 sed
2733 1856 2821 1908 illa
2868 1856 3030 1908 millia
3071 1857 3298 1910 millium
3348 1858 3788 1920 innumerabilium;

2259 1943 2711 2012 quemadmodum
2742 1946 2883 1999 enim
2908 1947 3185 2001 luminaria
3214 1949 3375 2002 simul
3398 1950 3570 2003 omnia
3596 1951 3715 2009 fecit.
3735 1952 3790 2003 sic

2259 2045 2312 2089 et
2341 2036 2561 2104 angelos
2587 2044 2642 2091 et
2675 2037 3027 2108 archangelos
3069 2039 3263 2104 simul;
3295 2049 3352 2094 et
3381 2050 3457 2094 tot
3497 2049 3610 2094 sunt
3635 2050 3684 2094 ut
3703 2056 3789 2093 oni-

2261 2143 2382 2182 nem
2427 2137 2680 2197 superent
2725 2146 3028 2196 numerum,
3075 2132 3384 2202 clamatque
3413 2133 3589 2186 Daniel
3619 2151 3631 2185 :
3660 2131 3792 2186 Decies

2251 2221 2442 2274 millies
2471 2222 2601 2275 dena
2625 2223 2785 2276 millia
2804 2224 3153 2279 ministrabant
3175 2226 3240 2292 ei,
3261 2235 3310 2279 rt
3338 2226 3496 2279 millia
3524 2226 3712 2279 millium
3727 2227 3793 2276 ad-

2259 2313 2458 2366 stabant
2486 2315 2530 2367 ei
2556 2314 2712 2384 (Dan.
2746 2317 2798 2369 7.
2827 2315 2936 2386 10).
2968 2317 3112 2370 Dena
3140 2318 3300 2370 millia
3342 2318 3593 2372 denorum
3617 2318 3792 2370 millium

2261 2407 2574 2477 angelorum
2619 2407 2764 2474 fecit,
2809 2409 3079 2480 milliaque
3121 2410 3355 2464 millium
3391 2411 3791 2480 archangelorum,

2258 2514 2358 2553 nec
2399 2514 2534 2570 opus
2579 2500 2762 2554 habuit
2806 2503 3112 2557 consiliario
3158 2512 3250 2557 aut
3285 2503 3575 2574 adjutore,
3618 2513 3665 2556 et
3702 2518 3793 2555 cum

2261 2607 2424 2645 unum
2449 2591 2650 2648 faceret
2677 2593 2877 2648 luteum
2911 2595 3212 2658 hominem,
3243 2597 3480 2650 consilio
3510 2595 3683 2660 utitur,
3708 2608 3795 2647 ser-

2261 2699 2473 2739 monem
2495 2685 2721 2751 confert,
2753 2686 3032 2740 consilium
3059 2686 3191 2740 init?
3219 2686 3358 2752 Quis
3382 2696 3455 2740 est
3476 2687 3644 2740 homo?
3662 2699 3796 2738 nonne

2261 2787 2401 2831 terra
2431 2787 2485 2832 et
2509 2778 2576 2832 de
2611 2779 2793 2833 terra?
2818 2793 2996 2832 nonne
3025 2778 3162 2832 cinis
3205 2787 3260 2831 et
3284 2777 3506 2832 favilla?
3541 2777 3795 2842 Clamatque

2259 2869 2526 2922 Abraham
2553 2885 2702 2924 suam
2738 2870 3036 2938 prazdicans
3058 2871 3327 2924 vilitatem
3361 2888 3376 2924 :
3411 2869 3517 2940 Ego
3542 2880 3688 2922 autem
3711 2882 3796 2919 sunt

2260 2971 2394 3014 terra
2423 2970 2470 3014 et
2495 2962 2620 3014 cinis
2650 2960 2802 3030 (Gen.
2839 2963 2924 3017 l8.
2955 2962 3070 3032 27).
3104 2961 3240 3030 Quid
3269 2972 3409 3017 sunt
3438 2963 3634 3032 angeli?
3658 2974 3795 3013 nonne

2259 3053 2514 3124 spiritus?
2558 3069 2735 3109 nonne
2779 3055 2956 3124 ignis?
2998 3055 3132 3109 Audi
3173 3055 3444 3110 Davidem
3485 3055 3791 3110 clamantem:

2263 3147 2364 3211 Qui
2390 3151 2515 3218 facit
2541 3147 2749 3218 augeias
2775 3165 2892 3202 suos
2920 3149 3146 3219 spiritus,
3176 3157 3223 3201 et
3252 3149 3520 3202 ministros
3541 3163 3647 3201 suos
3668 3146 3794 3214 ignem

2259 3248 2480 3291 urentem
2507 3238 2675 3311 (Psal.
2708 3239 2832 3294 103.
2859 3239 2940 3309 4).
2971 3239 3100 3294 Cum
3129 3239 3264 3308 ignis
3297 3250 3544 3294 naturam
3569 3236 3794 3295 conderet.

2259 3329 2617 3398 intelligentes
2645 3339 2700 3385 et
2727 3331 3070 3400 incorporeos
3095 3333 3350 3400 Spiritus,
3380 3347 3482 3386 non
3507 3345 3629 3401 opus
3653 3326 3794 3382 habuit

2257 3421 2582 3487 consiliario,
2635 3438 2740 3476 non
2785 3424 2948 3488 socio,
2999 3439 3104 3478 non
3147 3424 3254 3478 alio
3312 3425 3556 3496 quapiam
3593 3423 3640 3476 in
3669 3431 3795 3488 opere

2256 3512 2500 3580 adjutore
2532 3531 2544 3567 :
2578 3523 2632 3568 et
2661 3529 2782 3568 cum
2814 3530 2936 3570 eum
2957 3515 3048 3585 qui
3078 3515 3146 3571 de
3173 3525 3330 3571 terra
3357 3528 3438 3573 est
3465 3515 3648 3580 condit,
3671 3512 3795 3565 mise-

2257 3617 2373 3656 rum
2403 3603 2572 3668 illum,
2605 3605 2794 3672 vilem,
2825 3606 2913 3675 qui
2943 3606 3088 3661 brevi
3121 3616 3313 3676 postea
3359 3618 3590 3678 tempore
3619 3620 3710 3658 non
3732 3600 3793 3654 fu-

2257 3701 2408 3748 turus
2435 3704 2538 3761 est,
2574 3696 2661 3766 qui
2694 3698 2746 3750 in
2793 3698 3040 3767 sepulcro
3084 3699 3450 3765 dissolvetur,
3479 3702 3562 3769 qui
3603 3707 3793 3764 tempore

2253 3795 2620 3854 consumetur,
2672 3790 2953 3843 consilium
3000 3791 3115 3856 iuit,
3157 3794 3479 3848 consultat?
3525 3792 3697 3851 Etiam,
3735 3787 3794 3838 in-

2257 3881 2426 3950 quiet,
2451 3881 2602 3938 decet
2631 3883 2916 3938 Dominum
2947 3885 3017 3940 ob
3045 3899 3320 3941 summam
3345 3903 3493 3942 suam
3523 3887 3790 3940 bonitatem.

2253 3972 2436 4029 dicere
2465 3975 2676 4030 famulis
2699 3978 3050 4044 priesentibns
3071 4019 3088 4046 ,
3119 3979 3258 4046 Quid
3295 3981 3416 4036 ﬁeri
3445 3976 3673 4050 oportet?
3697 3971 3790 4043 quid

2254 4065 2550 4122 faciemus?
2574 4068 2684 4124 Iloc
2711 4085 2924 4140 quoque
2948 4072 3188 4127 concedo
3206 4114 3221 4136 ,
3251 4088 3324 4128 ac
3353 4083 3471 4143 post
3498 4083 3679 4126 tantum
3702 4081 3790 4121 cer.

2254 4166 2452 4225 tamen,
2480 4159 2705 4214 admitto
2724 4202 2740 4227 ,
2768 4163 2918 4228 illud,
2947 4162 3252 4228 Faciamus,
3292 4166 3361 4221 ad
3399 4167 3608 4236 angelos
3630 4163 3788 4216 dictqu

2252 4251 2432 4307 fuisse.
2468 4252 2621 4319 Illud,
2651 4253 2946 4322 Faciamus,
2973 4256 3199 4321 audisti;
3226 4257 3361 4313 illud
3381 4275 3524 4325 vero,
3549 4256 3790 4313 Secundum

2250 4343 2517 4414 imaginem
2541 4355 2588 4399 et
2611 4347 2989 4401 similitudinem
3010 4363 3113 4402 non
3137 4349 3361 4405 vidisti?
3386 4352 3495 4406 Hoc
3517 4352 3644 4405 enim
3661 4343 3789 4398 verbo

2247 4434 2551 4491 Judasorum
2577 4447 2632 4492 et
2654 4439 3023 4495 haereticorum
3050 4457 3143 4495 ora
3168 4444 3469 4499 obstruam.
3493 4444 3658 4512 Neque
3677 4438 3786 4492 enim

2248 4527 2485 4594 Judaeus,
2526 4545 2699 4599 neque
2727 4548 2937 4586 rursum
2976 4533 3258 4589 haereticus
3281 4576 3296 4600 ,
3330 4538 3446 4606 ipse
3477 4548 3666 4604 quoque
3690 4542 3786 4583 vere

2247 4617 2495 4685 Jutheus;
2530 4621 2636 4674 imo
2664 4621 2814 4692 pejor
2844 4642 2858 4679 :
2891 4625 2962 4677 illi
2995 4639 3226 4695 namque
3253 4641 3459 4696 corpus
3493 4626 3675 4680 visibile
3691 4635 3785 4673 eruo

2247 4709 2564 4776 citixcrunt;
2614 4711 2666 4766 hi
2720 4728 2846 4768 vero
2903 4714 3230 4770 divinitatem
3288 4717 3598 4772 invisibilem
3646 4714 3782 4778 impu-

2245 4813 2410 4875 gnaut
2429 4820 2442 4868 ;
2461 4804 2568 4858 imo
2587 4807 2959 4874 veroipsorum
2973 4809 3220 4863 salutem.
3243 4809 3448 4865 Verum
3475 4820 3526 4863 et
3545 4808 3610 4862 illi
3627 4807 3782 4870 impos-

2244 4898 2418 4953 sibilia
2459 4899 2672 4968 aggredi
2712 4899 3062 4956 demonstrati
3091 4911 3234 4956 sunt.
3259 4903 3592 4972 Quapropter
3629 4895 3777 4967 partim

2245 5005 2432 5060 poenas
2472 4989 2628 5060 hujus
2666 4989 2916 5046 facinoris
2955 4993 3007 5046 in
3047 4995 3299 5062 praesenti
3341 4994 3614 5054 dederunt,
3648 4996 3780 5056 genus

2244 5097 2400 5136 suum
2429 5082 2673 5136 videntes
2705 5097 2802 5152 per
2830 5093 2995 5139 totum
3027 5085 3213 5140 orbem
3253 5085 3576 5156 dispersum.
3601 5083 3773 5135 Deum"!

2243 5185 2421 5228 autem
2465 5175 2566 5227 illis
2606 5185 2840 5229 extrema
2872 5177 3000 5229 ultio
3035 5187 3117 5230 est
3148 5175 3466 5246 inlligenda,
3495 5173 3683 5246 quando
3703 5180 3772 5220 el-

2245 5275 2476 5328 tremum
2523 5268 2761 5322 omnium
2803 5268 3061 5337 judicium
3107 5271 3442 5324 reddendum
3490 5270 3604 5324 erit.
3639 5265 3771 5326 Λιαυο

2241 5359 2308 5412 ab
2352 5359 2480 5428 ipsis
2507 5374 2604 5412 suo
2647 5368 2888 5428 tempore
2931 5363 3235 5429 promerita:
3278 5369 3584 5431 repetentur
3617 5363 3768 5424 pant-

2238 5452 2374 5520 Quid
2401 5466 2578 5506 causa:
2603 5452 2762 5520 igitur
2785 5462 2886 5514 est.
2914 5467 3010 5506 cur
3031 5452 3130 5508 hos
3149 5468 3340 5508 omnes
3363 5463 3628 5508 sermones
3654 5440 3770 5498 vobis

2237 5547 2644 5615 proposuerim?
2683 5547 2818 5601 Volo
2862 5548 3006 5602 enim
3055 5563 3263 5602 rursum
3315 5549 3508 5603 seriem
3548 5550 3770 5614 repetere-

2235 5636 2351 5692 Non
2375 5639 2532 5693 audet
2554 5638 2860 5706 haereticus,
2885 5652 2984 5696 nec
3013 5640 3172 5696 audet
3191 5640 3406 5696 Judaeus
3431 5639 3618 5700 dicere,
3644 5642 3770 5686 uti!!!"l

2235 5745 2354 5786 esse
2387 5731 2479 5787 Dei
2519 5741 2573 5788 et
2599 5733 2907 5802 angelorum
2953 5733 3256 5804 imaginem.
3305 5731 3444 5788 Num
3477 5727 3658 5800 angeli,
3694 5719 3768 5791 qui

2235 5821 2362 5878 facti
2384 5831 2526 5890 sunt,
2552 5824 2821 5894 adjutores
2845 5825 2936 5880 Dei
2957 5823 3433 5882 fuerintlhlinistri
3447 5823 3608 5878 solum
3627 5820 3770 5872 erant.
