4050 6198
240 264 347 320 165

237 379 438 454 στευθῇ
493 378 523 432 ό
570 375 1031 449 μαρτυρούμενος.
1085 375 1387 447 Προέλαδεν
1428 376 1687 448 όΝόμος,
1728 375 1816 430 ἴνα

234 460 452 533 κηρύξῃ
476 459 569 514 τὸν
593 459 928 532 Νομοθέτην.
959 459 1265 531 Προέλαόον
1290 461 1585 531 προφῆται,
1609 459 1697 513 ἴνα
1731 460 1823 531 ἐρ-

238 544 556 618 μηνεύσωσι
581 543 672 597 τὸν
696 542 1193 613 προφητευόμενον.

303 628 418 682 Kal
463 628 566 699 δρα
604 625 699 680 τοῦ
750 625 886 680 Θεοῦ
934 625 1033 698 τὴν
1071 626 1283 695 σοφίαν.
1313 626 1425 690 Τάς
1456 625 1684 699 Γραφὰς
1712 624 1820 679 τῶν

211 710 535 784 προφητῶν
575 712 637 763 οὑ
678 707 1055 780 συνεχώρησεν
1097 710 1156 763 ἐν
1200 711 1267 782 τῇ
1318 710 1615 782 Ἐκκλησία
1660 709 1820 781 μόνον

235 791 398 856 εῖναι,
425 793 563 848 ἀλλά
623 793 718 847 καὶ
756 794 895 864 πρὸς
954 792 1239 857 Ἰουδαίους
1277 808 1293 824 ο
1335 793 1427 847 ἵνα
1455 793 1817 864 ἐλέγχωνται,

234 881 418 933 εἴασεν
442 875 613 939 αὑτάς
645 876 737 929 καὶ
775 874 925 945 παρὰ
971 875 1245 939 Ἰουδαίοις
1275 878 1387 941 τοῖς
1412 875 1671 942 ἀναξίοις,
1706 879 1819 941 τοῖς

234 961 548 1033 θεομάχοις,
573 960 687 1023 τοῖς
717 959 928 1032 ἐχθροῖς
958 957 1054 1017 τοῦ
1086 957 1345 1029 Χριστοῦ.
1373 960 1523 1015 Διατί
1550 956 1644 1014 οὖν
1662 961 1819 1015 τοῦτο

234 1045 529 1114 πεποίηκε,
566 1043 661 1096 καὶ
688 1046 764 1112 μὴ
784 1040 974 1094 ἐλαϐεν
1010 1041 1181 1105 αὑτὰς
1206 1041 1336 1115 παρ’
1360 1041 1575 1109 αὑτῶν;
1604 1044 1818 1113 Φανερά

230 1131 266 1200 ή
305 1128 457 1184 αἰτία
483 1167 500 1194 ,
526 1126 623 1182 καὶ
670 1126 733 1180 οὑ
780 1124 981 1193 πολλῆς
1023 1126 1368 1196 κατασκευῆς
1413 1125 1664 1197 δεομένη.
1699 1127 1818 1179 ’Ἰνα

231 1212 543 1266 ἀνύποπτον
639 1208 700 1263 τὸ
727 1208 860 1279 ἐμὸν
915 1209 1196 1279 κήρυγμα.
1228 1209 1293 1261 Εἰ
1339 1208 1499 1278 μόνος
1523 1205 1667 1279 εἶχον
1690 1209 1815 1271 τοὺς

233 1298 538 1367 προφήτας,
560 1295 686 1365 ἐνῆν
727 1293 1001 1346 ἀντειπεῖν
1023 1291 1102 1363 τῷ
1133 1292 1467 1347 ἀπιστοῦντι.
1510 1292 1816 1363 Ἐτόλμησα

233 1382 411 1448 εἰπεῖν
440 1378 580 1448 ἐγὼ,
611 1379 690 1432 ὅτι
720 1373 841 1431 εἷπε
890 1377 1153 1447 Μωὺσῆς,
1197 1376 1231 1447 ἢ
1282 1373 1435 1431 εἶπεν
1485 1377 1747 1441 Ἡσαΐας,
1779 1377 1812 1449 ἢ

230 1458 354 1516 εἷπε
386 1462 448 1516 τὺ
486 1462 671 1516 λοιπὸν
718 1461 827 1515 τῶν
862 1459 1158 1531 προφητῶν
1203 1460 1411 1530 τάγμα,
1442 1459 1568 1531 περί
1590 1476 1652 1513 τε
1680 1461 1815 1531 Χρι-

231 1545 384 1609 στοῦ,
420 1547 512 1599 καὶ
530 1545 638 1598 τῶν
668 1543 811 1598 κατὰ
837 1545 928 1597 τὸν
961 1542 1153 1616 καιρὸν
1185 1544 1284 1610 τῆς
1313 1542 1614 1611 παρουσίας
1646 1542 1811 1597 αὑτοῦ

228 1629 610 1699 γενησομένων
648 1645 663 1694 ;
718 1626 879 1697 Ἐνῆν
928 1626 1205 1680 ἀντειπεῖν
1249 1625 1327 1697 τῷ
1370 1625 1682 1696 βουλομένῳ
1719 1626 1814 1680 καὶ

228 1712 461 1781 φάσκειν
486 1727 501 1741 ’
535 1710 706 1765 Πόθεν
735 1708 913 1773 τοῦτο,
938 1710 1024 1763 ὃτι
1058 1710 1301 1779 Μωῦσῆς
1329 1709 1546 1778 ἐγένετό
1577 1727 1661 1774 τις
1681 1727 1814 1781 προ·

224 1796 427 1866 φήτης,
458 1795 553 1848 καὶ
598 1790 718 1846 εἷπε
775 1792 969 1856 ταῦτα,
992 1791 1027 1863 ἢ
1079 1793 1362 1864 ἐκήρυξεν,
1403 1792 1480 1856 ῶς
1512 1790 1813 1864 ἠθελήσατε

217 1879 389 1951 ὑμεῖς
409 1882 458 1932 οἱ
471 1877 786 1950 Χριστιανοὶ
806 1877 940 1946 πρὸς
958 1876 1216 1931 σύστασιν
1239 1877 1348 1929 τῶν
1370 1877 1588 1931 οἰκείων
1608 1877 1814 1949 δογμά-

212 1980 324 2017 των
346 1964 456 2016 ι-ιαὶ
481 1964 767 2034 προφήτας
786 1959 1010 2023 πλάσαι.
1044 1958 1196 2031 [472}
1225 1960 1320 2015 καὶ
1353 1959 1592 2031 ὀνόματα
1616 1960 1814 2031 μυθεῦ-

216 2066 349 2115 σαι;
391 2050 555 2118 ήμεῖς
594 2048 662 2100 ἐκ
716 2045 909 2099 τούτου
963 2045 1248 2116 πρόκριμα
1282 2045 1569 2117 ὀφείλομεν
1603 2046 1811 2117 ὑπομέ-

215 2149 378 2199 νειν;
408 2131 522 2185 Νῦν
565 2131 623 2185 δὲ
668 2131 821 2184 πᾶσα
858 2128 936 2199 τῷ
980 2129 1279 2198 ἀντιλέγειν
1336 2129 1681 2202 βουλομένῳ,
1708 2132 1812 2186 κᾶν

226 2214 453 2286 μακράν
481 2214 655 2284 ἔχοντι
712 2212 1095 2281 δικαιολογίαν,
1133 2211 1463 2284 περιῄρηται
1517 2214 1810 2284 πρόφασις,

225 2299 314 2353 διὰ
349 2292 645 2361 τδταύτας
669 2297 768 2360 τὰς
803 2296 1106 2371 μαρτυρίας
1135 2299 1265 2367 παρ’
1298 2298 1484 2362 αὑτοῖς
1498 2299 1809 2370 τυγχάνειν,

227 2379 293 2443 ἃς
314 2381 476 2450 ἡμεῖς
506 2379 642 2451 πρὸς
673 2378 932 2433 σύστασιν
961 2380 1068 2433 τῶν
1093 2380 1308 2433 οἰκείων
1338 2380 1580 2454 φέρομεν
1607 2381 1810 2452 δογμά-

225 2479 357 2517 των.
389 2462 561 2516 Πόθεν
583 2462 690 2535 γάρ
721 2462 796 2534 μὴ
831 2463 1054 2518 δυνατὸν
1077 2463 1294 2532 ἐλέγξαι
1337 2466 1438 2536 τὴν
1463 2465 1669 2521 τούτων
1707 2469 1811 2539 ρᾳ-

228 2545 533 2618 διουργίαν;
559 2546 677 2601 Ἵνα
705 2547 883 2600 τοίνυν
907 2548 980 2619 μὴ
998 2548 1173 2601 ταῦτα
1200 2546 1809 2622 λέγηται,συνεχώρησε

229 2632 356 2701 παρ’
390 2628 623 2692 ἐκείνοις
663 2628 732 2683 τὰ
760 2629 871 2683 τῶν
903 2629 1135 2700 Γραφῶν
1166 2632 1457 2703 τυγχάνειν
1489 2633 1688 2704 βιϐλία,
1722 2635 1810 2688 ἵνα

226 2713 326 2768 κᾶν
343 2712 461 2782 ἐγὼ
493 2711 780 2784 άπιστηθῶ
806 2712 881 2778 ὡς
912 2714 1048 2785 πρὸς
1066 2713 1226 2786 χάριν
1244 2717 1352 2771 τῶν
1369 2717 1585 2771 οἰκείων
1606 2718 1811 2789 δογμά-

225 2816 329 2853 των
356 2798 729 2869 πλαττόμενος
765 2797 853 2852 διὰ
875 2799 974 2870 τὴν
1002 2801 1332 2872 οἰκειότητα,
1359 2802 1558 2857 ἐκεῖνοι
1585 2820 1811 2858 πιστευο

223 2881 353 2936 θῶσι
390 2881 480 2935 διὰ
503 2881 604 2953 τὴν
635 2881 1041 2953 ἀλλοτριότητα.
1072 2883 1199 2938 Ἐὰν
1219 2886 1503 2960 ἐρωτήσῃς
1537 2888 1806 2955 Ἰουδαῖον,

227 2966 286 3019 οὑ
326 2966 476 3036 λέγω
504 2964 596 3019 τὸν
644 2966 865 3036 χυδαῖον
915 2967 1011 3022 καὶ
1042 2967 1266 3040 δημώδη
1315 2970 1473 3041 δχλον
1492 3011 1506 3036 ,
1534 2971 1671 3026 ἀλλά
1718 2972 1809 3026 τὸν

230 3049 378 3128 ἐντὸς
398 3049 556 3119 λόγου
587 3050 681 3103 καὶ
708 3049 899 3120 νόμου,
934 3051 1092 3105 Ἔστι
1125 3054 1389 3123 Χριστός;
1422 3058 1516 3111 καὶ
1545 3057 1608 3111 οὑ
1659 3058 1808 3128 λέγει

226 3127 303 3185 ὅτι
339 3133 458 3187 Οὑκ
481 3132 661 3197 ἐστιν,
688 3132 802 3187 ἀλλ’
826 3135 909 3187 ὅτι
965 3134 1122 3191 Ἔστι
1160 3138 1290 3207 μὲν,
1319 3139 1418 3209 οὐχ
1451 3134 1604 3204 οὗτος
1646 3141 1703 3194 δέ
1737 3127 1809 3196 δν

227 3215 384 3286 ὑμεῖς
421 3216 626 3286 λέγετε,
651 3217 766 3272 ἀλλ’
792 3218 949 3283 ἄλλος
967 3236 981 3250 ·
1008 3221 1147 3285 τέως
1187 3221 1249 3275 τὸ
1287 3225 1521 3294 πρᾶγμα
1551 3223 1650 3277 οὑκ
1683 3225 1808 3278 ἀνέ-

224 3297 411 3368 τρεψε,
435 3301 562 3371 περὶ
582 3300 639 3355 δὲ
666 3300 728 3354 τὸ
752 3302 1039 3375 πρόσωπον
1070 3304 1539 3360 ἐδίστασεν.”Αλλο
1570 3306 1627 3361 δέ
1661 3309 1809 3363 ἐστιν

223 3382 565 3467 ἀρνήσασθαι
598 3387 853 3456 πρᾶγμα,
874 3386 1004 3441 ἄλλο
1033 3388 1090 3442 δὲ
1119 3390 1430 3461 πρόσωπον.
1449 3386 1576 3446 Οἶον
1600 3393 1806 3467 ἐάνιτις

223 3465 397 3541 mm
427 3485 518 3538 μοι
558 3470 687 3541 περὶ
712 3470 926 3540 χρέους,
953 3472 1082 3526 ἄλλο
1113 3474 1261 3528 ἐστὶν
1299 3476 1493 3543 εἰπεῖν,
1525 3477 1600 3531 Οὑ
1634 3465 1807 3550 χρεω-

225 3550 357 3611 στῶ,
382 3553 479 3604 καὶ
499 3551 627 3605 ἄλλο
654 3550 724 3625 ἦν
756 3555 950 3621 εἰπεῖν,
982 3558 1056 3610 υὺ
1082 3558 1164 3611 σοὶ
1189 3561 1474 3631 χρεωστῶ,
1492 3561 1606 3616 ἀλλ’
1637 3563 1801 3637 ἄλλῳ.

222 3637 379 3699 Τέως
404 3636 465 3689 τὺ
500 3638 662 3708 χρέος
714 3640 1077 3712 ὡμολόγηται.
1105 3644 1230 3699 Ὀτι
1274 3647 1373 3717 μὲν
1404 3644 1498 3703 οὖν
1523 3649 1638 3704 ἐστι
1665 3636 1804 3723 Χρι⁴

224 3723 352 3788 στὸς
376 3763 393 3788 ,
424 3724 798 3794 ὁμολογοῦσιν,
830 3729 1227 3800 ἀμφιϐάλλουσι
1275 3733 1332 3787 δέ
1363 3736 1412 3787 εἰ
1460 3731 1614 3802 οὗτός
1656 3739 1804 3794 ἐστιν

221 3811 251 3863 ό
271 3810 406 3882 παρ’
436 3810 597 3899 ήμῶν
623 3816 1044 3885 κηρυττόμενος,
1065 3819 1158 3871 καὶ
1177 3818 1267 3872 τὸν
1303 3821 1378 3893 μὴ
1408 3821 1537 3877 ὄντα
1566 3826 1806 3899 ἐκδέχον-

221 3915 334 3982 ται,
363 3898 551 3971 ὲπειδὴ
588 3899 679 3953 τὸν
710 3900 840 3955 όντα
866 3904 1192 3975 ἠρνήσαντο.
1235 3907 1347 3959 Kal
1373 3911 1606 3982 πρόσεχε
1638 3898 1803 3968 αὑτὸν

220 3980 311 4033 τὸν
339 3982 640 4054 νομοθέτην
663 3984 908 4040 Μωῦσέα
933 3986 1068 4057 αὐτῇ
1103 3989 1169 4060 τῇ
1196 3989 1291 4042 τοῦ
1321 3980 1610 4063 ἀνθρώπου
1636 4013 1803 4050 κατα-

223 4067 393 4145 σκευῇ
434 4066 795 4135 εἰσαγαγόντα
828 4068 919 4123 τὸν
970 4069 1096 4125 Υίὸν
1124 4074 1220 4125 καὶ
1242 4073 1340 4144 τὴν
1383 4075 1587 4145 γνῶσιν
1614 4079 1798 4136 αὑτοῦ.

222 4141 380 4236 Eius,
395 4148 744 4236 ,Γενηθήτω
788 4153 1091 4236 στερέωμα
1109 4171 1123 4186 ο
1160 4141 1307 4226 εἶπε,
1323 4141 1738 4228 Βλαστησὰτω
1762 4166 1801 4236 ἠ

222 4226 298 4316 πῆ
318 4248 334 4263 ·
366 4225 512 4316 εἷπε,
560 4233 928 4305 Ἐξαγαγέτιοι
982 4238 1057 4293 τὰ
1100 4239 1310 4298 ὕδατα.
1350 4243 1477 4297 Ὅτε
1526 4225 1689 4316 ἦλθεν
1723 4225 1804 4312 εἰς

221 4312 311 4365 τὸν
348 4314 667 4385 ἄνθρωπον,
694 4320 840 4389 λέγει
871 4336 885 4351 ο
919 4321 1030 4375 Καὶ
1069 4320 1239 4378 εἶπεν
1270 4328 1305 4379 ό
1339 4326 1503 4395 Θεὸς,
1533 4312 1805 4397 Ποιήσωο

218 4412 330 4484 μεν
369 4397 704 4484 ᾅνθρωπον.
747 4405 965 4477 Ἐρωτῶ
1001 4407 1250 4463 Ἰουδαῖον
1284 4425 1299 4441 ’
1331 4410 1396 4464 Εί
1449 4413 1609 4484 μόνος
1659 4417 1798 4483 ἐστὶ,

223 4481 313 4567 καὶ
337 4482 441 4567 οὑκ
465 4483 577 4567 ἐστι
621 4487 738 4558 μετ’
770 4489 934 4543 αὑτοῦ
975 4490 1104 4557 Υἱὸς
1132 4492 1192 4547 ὃν
1219 4481 1561 4567 κηρύττομεν
1578 4537 1594 4563 ,
1628 4498 1677 4552 εἰ
1701 4481 1801 4554 οὑκ

220 4561 333 4617 ἔστι
358 4564 584 4656 Πνεῦμα
605 4570 761 4639 ἀγιον
790 4571 819 4625 δ
847 4561 1414 4647 προσκυνοῦμενίτίνι
1444 4561 1587 4646 εἷπε,
1622 4584 1801 4656 Ποιή-

220 4662 423 4737 σωμεν
452 4650 800 4737 άνθρωποντ
838 4656 943 4710 Τὸν
974 4659 1201 4731 οὐρανὸν
1243 4666 1388 4717 ποιεῖ
1416 4650 1799 4737 προστάγματι

224 4730 389 4825 μόνιρ,
413 4734 514 4806 τὴν
552 4735 667 4825 γῆν
685 4738 887 4825 ὁμοίως
909 4742 1001 4796 καὶ
1034 4730 1102 4797 τά
1125 4744 1287 4799 λοιπά
1314 4763 1328 4777 ·
1351 4748 1438 4801 ὅτε
1461 4730 1567 4804 -τὸν

221 4829 317 4900 πον
340 4816 686 4900 δημιουργεῖ,
707 4821 806 4894 τὴν
831 4823 1158 4893 θεοίνωσίαν
1198 4829 1382 4884 λοιπὸν
1413 4830 1509 4885 τοῦ
1541 4833 1672 4888 Υίοῦ
1693 4816 1706 4825 ’
1722 4836 1798 4900 ὡς

219 4896 304 4954 διὰ
333 4899 567 4986 θυρίδων
598 4906 920 4978 παρακύψαι
960 4909 1306 4983 βουλόμενος,
1331 4914 1499 4986 λέγει,
1531 4896 1800 4985 [laniatu-'-

218 4983 670 5074 μενᾶνᾲρωπον,
706 4991 793 5044 ἵνα
837 4992 986 5067 δείξῃ
1016 4996 1111 5049 καὶ
1141 4995 1251 5050 τῶν
1307 4983 1539 5070 πρώτων
1583 4983 1735 5074 αὐτῷ
1768 5016 1795 5046 ι

223 5068 497 5162 συνεργόν.
528 5073 760 5162 Λέγουσι
781 5079 958 5134 τοίνυν
981 5080 1030 5134 οἱ
1069 5081 1306 5138 Ἰουδαῖοι
1334 5068 1797 5162 στενούμενοιίμὴ

219 5147 508 5242 δυνάμενοι
532 5157 594 5211 τὸ
642 5162 915 5242 προφανὲς
954 5166 1301 5236 μετατιθέναι
1339 5171 1442 5242 τῆς
1476 5147 1694 5241 λέξεως,

219 5237 328 5329 τοῖς
359 5238 611 5329 ἀγγέλοις
644 5240 798 5329 εἶπεν
832 5262 848 5278 ’
873 5249 1060 5322 ἐπειδὴ
1104 5256 1358 5327 φανερῶς
1397 5237 1690 5329 ἀρνεῖσθαι
1726 5261 1795 5324 ,οὑ

219 5314 470 5415 δύνανται
488 5405 499 5415 ι
518 5324 621 5415 τῆς
659 5327 856 5396 λέξεως
900 5332 1000 5402 τὴν
1031 5314 1222 5405 φύσιν,
1247 5314 1429 5413 ’ἑτέρῳ
1449 5314 1650 5415 ’τρόπῳ
1678 5314 1795 5408 ml);

220 5400 418 5495 ταύτην
447 5405 548 5479 τὴν
576 5409 802 5484 ἄρνησιν
827 5400 1226 5487 ἐπεισάγουσιν.
1262 5400 1791 5495 Τίνίτοίνυνεῐπε,

221 5485 569 5560 Ποιήσωμεν
581 5509 603 5558 ;
644 5495 939 5566 ’Δγγέλοις,
989 5485 1175 5576 φησίν.
1224 5509 1462 5581 Ἐρωτῶ,
1491 5512 1634 5579 τίνες
1673 5485 1794 5585 μείξ-

280 5676 308 5709 ⁸
329 5678 442 5731 Sal.
476 5680 639 5735 αὐτόν.
659 5681 915 5737 Combeﬁs.
939 5689 1103 5740 αὑτοῦ.

1332 264 1420 320 DE
1452 264 1671 322 MUNDI
1706 262 2104 322 CREATIONE
2142 266 2400 326 ORATIO
2436 270 2525 326 IV.

3407 283 3512 339 464

1927 375 2073 459 ζους,
2103 378 2153 432 οἰ
2176 378 2426 448 ἄγγελοι,
2459 381 2495 454 ἢ
2526 381 2578 435 οἰ
2601 381 2907 453 ἀνθρώποις
2942 384 3165 450 Πάντως
3191 388 3240 441 οἰ
3267 388 3508 459 ἄγγελοι.

1929 458 2094 515 ὐταν
2133 462 2245 533 γὰρ
2286 465 2430 519 πάνυ
2461 465 2760 537 φθάσωμεν
2792 467 2874 530 εἰς
2903 467 3102 540 ἀρετῆς
3138 458 3365 543 μέτρον,
3389 477 3511 532 τότε

1927 543 2171 627 ἐκείνους
2220 546 2318 617 οὑχ
2370 548 2804 620 ὑπερϐαίνομεν,
2835 549 2951 603 ἀλλ’
2977 551 3205 615 ἐκείνοις
3232 555 3509 627 ἰσούμεθα.

1924 625 2038 678 Νῦν
2062 627 2118 680 δὲ
2163 629 2297 684 πολὺ
2345 630 2445 702 τὴν
2482 632 2706 687 ἐκείνων
2737 631 3161 704 ὑποὸεϐήκαμεν
3202 625 3384 703 φύσιν,
3419 644 3513 695 καὶ

1922 708 2180 775 ἐλάττους
2210 712 2326 782 ,τῆς
2372 714 2666 785 ἀσωμάτου
2718 715 2851 787 τῶν,
2879 715 3131 785 ἀγγέλων
3172 719 3513 794 τυγχάνομεν

1923 795 2334 859 καταστάσεως.

1995 875 2070 941 ς’.
2108 878 2310 932 Ἄκουε
2337 880 2468 951 περὶ
2512 879 2704 935 τούτου
2756 880 2928 935 Δαυῖδ
2969 884 3408 959 μαρτυροῦντος·
3454 890 3513 943 Τί

1920 957 2094 1013 ἐσειν
2131 959 2464 1029 ἄνθρωπος,
2494 964 2584 1017 ὅτι
2598 963 2919 1035 μιμνήσκῃ
2943 957 3216 1037 αὐτοῦπῆ
3248 970 3380 1036 υἱὸς
3408 972 3513 1026 ἀν-

1921 1041 2156 1111 θρώπου
2177 1083 2193 1107 ,
2225 1043 2315 1098 ὅτι
2352 1045 2688 1116 ἐπισκέπτῃ
2734 1050 2960 1114 αὐτόν;
3014 1049 3388 1119 Ἡλάττωσας
3404 1057 3515 1109 αὐσ-

1922 1124 2028 1177 τὸν
2066 1126 2271 1195 ,ϐραχύ
2302 1144 2358 1180 τι
2416 1129 2553 1195 παρ’
2589 1128 2905 1199 ἀγγέλους.
2937 1131 3087 1195 Τέως
3138 1134 3511 1207 ἡλαττωμένοι

1920 1207 2085 1278 ἐσμὲν
2120 1210 2252 1280 παρ’
2304 1211 2569 1281 ἀγγέλους
2596 1228 2611 1242 ο
2641 1214 2806 1283 ἡμεῖς
2860 1213 3138 1280 ἐλάττους.
3179 1219 3230 1271 οἰ
3287 1219 3509 1289 ἄγγελοι

1925 1289 2168 1359 μείζους.
2192 1293 2256 1347 Εἰ
2284 1294 2375 1348 τὸν
2396 1294 2682 1366 ἄνθρωπον
2704 1296 2797 1350 τὸν
2825 1297 3085 1352 ἐλάττονα
3110 1299 3302 1365 ποιῶν,
3318 1304 3509 1372 χρείαν

1920 1372 2048 1443 ἔσχε
2081 1374 2398 1445 συμϐούλων
2423 1377 2533 1431 τῶν
2567 1378 2816 1447 ἀγγέλων
2841 1380 2875 1451 ἢ
2910 1383 3207 1452 συνεργῶν,
3228 1389 3256 1430 b
3274 1385 3364 1439 ὅτε
3382 1388 3510 1452 τοὺς

1923 1454 2140 1539 μείζους
2175 1458 2371 1526 ἐποίει,
2400 1459 2498 1530 οὑχ
2531 1460 2628 1514 ἕνα
2666 1460 2919 1531 ἄγγελον,
2946 1463 3063 1516 ἀλλ’
3108 1465 3244 1536 ὁμοῦ
3273 1467 3374 1531 τὰς
3413 1487 3509 1539 μυ-

1921 1537 2115 1624 ριάδας
2153 1541 2370 1606 ἐκείνας
2402 1542 2501 1607 τὰς
2523 1545 2925 1617 ἀναριθμήτους
2949 1561 2965 1579 ο
2999 1545 3145 1619 [473]
3181 1548 3371 1621 ῶσπερ
3394 1537 3504 1624 γὰρ

1917 1620 2045 1684 τοὺς
2065 1624 2358 1695 φωστῆρας
2378 1625 2513 1695 ὁμοῦ
2542 1626 2750 1691 πάντας
2772 1628 3046 1699 ἐποίησεν,
3071 1629 3213 1684 οὕτω
3237 1620 3503 1702 ἀγγέλους

1918 1705 2410 1787 καὶάρχαγγέλους
2438 1709 2573 1779 ὁμοῦ
2592 1727 2608 1741 θ
2640 1711 2735 1764 καὶ
2762 1711 3006 1765 τοσοῦτοί
3032 1715 3137 1766 είσι
3164 1715 3246 1767 ὅτι
3270 1715 3370 1787 τὴν
3394 1718 3503 1771 τῶν

1918 1786 2173 1858 ἀριθμῶν
2194 1790 2605 1863 ὑπερδεδήκασι
2625 1793 2806 1863 φύσιν,
2834 1796 2929 1849 καὶ
2971 1795 3069 1866 βοᾷ
3102 1786 3338 1869 Δανιήλὲ
3374 1802 3500 1856 Μύ-

1910 1886 2042 1952 ριαιγ
2066 1872 2354 1940 μυριάδες
2398 1874 2818 1948 ἐλειτούργουν
2852 1876 3033 1944 αὐτῷ.
3066 1880 3165 1934 καί
3205 1882 3393 1951 χίλιαι
3417 1901 3504 1952 χι·-

1916 1951 2123 2036 λιάδες
2173 1958 2681 2027 παρειστήκεισαν
2728 1961 2908 2036 αὐτῷ.
2965 1964 3185 2033 Μυρίας
3239 1951 3529 2036 μυριάδας

1918 2035 2174 2106 ἐποίησεν
2199 2039 2466 2107 ἀγγέλων,
2499 2043 2594 2096 καὶ
2629 2032 2831 2113 χιλίαςν
2847 2032 3090 2114 χιλιάδας
3123 2032 3502 2118 ἀρχαγγέλων,

1919 2120 2013 2174 καὶ
2044 2121 2106 2174 οὑ
2140 2124 2298 2193 χρεία
2328 2125 2634 2195 συμὸούλου
2665 2126 2697 2198 ἢ
2730 2128 3016 2199 συνεργοῦ,
3059 2131 3153 2183 καὶ
3192 2131 3287 2186 ἕνα
3331 2133 3504 2187 ποιῶν

1917 2205 2142 2276 πήλινον
2192 2208 2477 2279 ἄνθρωπον
2520 2210 2682 2283 βουλῇ
2723 2212 3018 2283 κέχρηται.
3049 2213 3207 2283 λόγον
3248 2217 3500 2286 εἰσάγει,

1918 2287 2232 2372 συμϐουλὴν
2263 2291 2534 2363 λαμϐάνει
2563 2310 2582 2361 ς
2621 2294 2684 2348 Τί
2730 2296 2903 2348 ἐστιν
2933 2296 3241 2366 ἄνθρωπος
3266 2315 3288 2363 ;
3316 2301 3378 2354 οὑ
3426 2302 3499 2372 γῆ

1917 2371 2022 2457 και
2041 2371 2150 2457 ἀπὸ
2194 2373 2334 2444 γῆς;
2368 2376 2429 2428 οὑ
2480 2376 2629 2440 κόνις
2678 2376 2838 2446 μόνον
2885 2380 2981 2437 καὶ
3011 2381 3223 2452 τέφρα;
3260 2383 3371 2436 Kal
3402 2383 3503 2457 βοᾷ

1929 2451 2181 2526 Ἀϐραάμ
2222 2457 2323 2527 τὴν
2373 2457 2566 2512 ἐαυτοῦ
2596 2458 2878 2531 κηρύττων
2906 2461 3212 2516 εὐτέλειανο
3262 2451 3502 2535 Ἐγὼνδέ

1914 2538 2031 2605 ειμι
2058 2536 2262 2609 ᾔκιιί
2288 2540 2541 2607 σποδός.
2581 2542 2648 2594 Τί
2674 2543 2814 2597 εἰσιν
2853 2545 3071 2612 ἄγγελοι
3104 2546 3198 2612 ;οὑ
3244 2546 3498 2619 πνεῦμα;

1914 2619 1976 2672 οὑ
2029 2620 2180 2692 πῦρ;
2219 2622 2329 2676 Καὶ
2374 2622 2540 2677 ἄκουε
2582 2624 2677 2678 τοῦ
2721 2624 2887 2679 Δαυῒδ
2926 2626 3154 2697 βοῶντος
3173 2646 3188 2661 ·
3230 2630 3293 2684 '0
3312 2630 3501 2686 ποιῶν

1914 2704 2058 2770 τοὺς
2104 2706 2400 2776 ἀγγέλους
2443 2707 2631 2764 αὐτοῦ
2677 2711 3004 2779 πνεύματα,
3034 2713 3135 2765 καί
3183 2713 3326 2780 τοὺς
3378 2718 3500 2785 ,ζει-

1914 2788 2203 2858 τουρτοὺς
2222 2791 2409 2845 αὐτοῦ
2438 2791 2558 2859 πῦρ
2583 2791 2834 2862 φλέγον.
2866 2794 2977 2866 Τὴν
3005 2793 3101 2847 τοῦ
3134 2797 3306 2865 πυρὸς
3334 2797 3498 2865 φύσιν

1914 2870 2300 2943 ἐργαζόμενος,
2333 2872 2405 2926 τὰ
2448 2874 2612 2946 νοερά
2652 2878 2745 2931 καὶ
2776 2876 3044 2948 ἀσώματα
3084 2877 3390 2949 πνεύματα,
3430 2880 3495 2933 οὑ

1914 2954 2106 3025 χρείαν
2135 2954 2263 3026 έσχε
2285 2957 2613 3027 συμσούλου,
2629 2960 2689 3012 οὑ
2713 2958 2998 3031 συνεργοῦ,
3017 2961 3114 3031 οὐχ
3141 2962 3331 3032 ἐτέρου
3355 2964 3498 3027 τινὸς

1916 3039 2060 3111 πρὸς
2110 3041 2429 3112 συμμαχίαν
2455 3041 2565 3096 τῶν
2606 3043 2912 3113 γενομένων
2943 3060 2958 3075 ·
2993 3045 3090 3099 καὶ
3128 3045 3220 3099 τὸν
3260 3047 3368 3100 ἀπὸ
3393 3050 3498 3119 γῆς

1915 3129 2110 3196 ποιῶν,
2135 3131 2228 3186 τὸν
2251 3132 2489 3204 οἰκτρὸν,
2517 3133 2609 3188 τὸν
2645 3134 2862 3205 εὐτελῆ,
2900 3135 2991 3190 τὸν
3040 3137 3234 3208 μικρὸν
3269 3136 3499 3209 ὓστερον

1913 3213 2014 3266 οὐκ
2046 3215 2323 3286 ἐσόμενον,
2370 3216 2461 3270 τὸν
2509 3217 2665 3289 τάφῳ
2716 3218 3084 3289 διαλυόμενον,
3136 3220 3229 3274 τὸν
3276 3224 3491 3294 καιροῖς

1912 3294 2321 3368 δαπανώμενον,
2351 3298 2547 3371 βουλὴν
2575 3301 2807 3371 είσάγει,
2841 3302 3032 3373 σκέψιν
3058 3305 3327 3370 ποιεῖται;
3361 3306 3493 3370 Nal,

1915 3381 2110 3450 φησὶν,
2153 3381 2429 3452 ἐνδέχεται
2471 3383 2749 3455 Δεσπότην
2799 3384 2887 3439 διὰ
2930 3385 3132 3456 πολλὴν
3183 3386 3496 3459 ἀγαθότητα

1912 3464 2084 3517 εἰπεῖν
2110 3463 2317 3530 δούλοις
2346 3467 2691 3539 παρεστῶσν
2716 3469 2781 3522 Τί
2811 3469 2892 3523 δεῖ
2922 3469 3205 3540 γενέσθαι;
3234 3471 3288 3524 τί
3324 3472 3493 3525 ποιῶ-

1914 3561 2047 3616 μεν;
2090 3547 2364 3619 Συγχωρῶ
2408 3550 2504 3604 καὶ
2545 3549 2724 3619 τοῦτο,
2769 3552 2861 3605 καὶ
2918 3553 3055 3623 μετὰ
3103 3554 3195 3606 τὸν
3238 3554 3494 3610 τοσοῦτον

1910 3628 2130 3696 ἀγῶνα,
2160 3630 2351 3701 δίδωμι
2393 3632 2475 3698 τὸ,
2522 3634 2899 3704 Ποιήσωμεν,
2942 3635 3081 3708 πρὸς
3110 3637 3376 3706 ἀγγέλους
3414 3639 3493 3691 είι

1914 3712 2126 3781 ρῆσθαι.
2154 3713 2249 3779 Τὸ,
2273 3714 2642 3783 Ποιήσωμεν,
2684 3718 2951 3788 ἤκουσας·
3000 3719 3083 3784 τὸ,
3128 3720 3268 3774 Κατ’
3288 3723 3493 3776 εἰκόνα

1909 3793 2009 3846 καί
2035 3796 2336 3862 ὁμοίωσιν,
2362 3798 2462 3850 οὑκ
2487 3795 2654 3865 εἷδεςς
2688 3800 2874 3870 Τούτῳ
2895 3801 3004 3871 γάρ
3023 3801 3218 3870 ὀφείλω
3244 3805 3323 3875 τῷ
3348 3804 3494 3876 λόγῳ

1910 3876 2005 3959 καὶ
2056 3877 2325 3931 Ἰουδαίων
2371 3880 2466 3933 καὶ
2518 3882 2810 3953 αἰρετικῶν
2856 3881 3170 3956 ἀπορράψαι
3226 3889 3486 3959 στόματα.

1910 3957 2047 4012 Οὑτε
2101 3959 2210 4030 γὰρ
2242 3960 2514 4025 Ἰουδαῖος,
2551 3962 2675 4015 οῦτε
2728 3965 2891 4018 πάλιν
2938 3968 3216 4037 αἰρετικὺς
3253 3972 3282 4023 ό
3324 3957 3489 4034 αὑτὸς

1909 4042 2029 4095 κατ’
2073 4040 2332 4112 ἀλήθειαν
2376 4044 2659 4111 Ἰουδαῖος,
2707 4048 2907 4116 μᾶλλον
2938 4049 2995 4102 δέ
3030 4050 3124 4103 καί⁵
3170 4052 3366 4123 χείρων
3386 4070 3402 4086 ο
3438 4056 3490 4108 οἰ

1911 4124 2013 4196 μὲν
2042 4123 2151 4195 γὰρ
2170 4124 2231 4178 τὸ
2253 4125 2411 4196 σῶμα
2439 4127 2792 4200 ἐσταύρωσαν
2819 4130 2883 4184 τὸ
2911 4130 3206 4203 ὁρώμενον,
3232 4137 3282 4187 οἰ
3309 4136 3366 4188 δέ
3389 4138 3489 4208 τὴν

1909 4209 2135 4279 θεότητα
2171 4210 2271 4281 τὴν
2299 4211 2528 4282 ἀόρατον
2559 4212 2853 4283 πολεμοῦσι
2870 4231 2884 4245 ⁸
2924 4215 3125 4284 μᾶλλον
3150 4216 3207 4271 δὲ
3236 4217 3490 4290 τήνοέαυ-

1906 4291 2015 4345 τῶν
2041 4292 2331 4364 σωτηρίαν.
2371 4295 2532 4350 Ἀλλά
2560 4296 2803 4350 κάκεῖνοι
2836 4298 3182 4370 ⁴ἠλέγχθησάν
3208 4302 3489 4370 ἀδυνάτοις

1907 4375 2352 4459 ἐπιχειρήσαντες
2385 4379 2725 4449 πράγμασιν.
2770 4380 2862 4434 Διὸ
2908 4383 3002 4437 καὶ
3052 4382 3209 4453 δίκην
3259 4386 3488 4459 μερικὴν

1906 4456 2108 4528 ταύτης
2136 4458 2237 4529 τῆς
2268 4458 2471 4531 τόλμης
2495 4461 2588 4514 ἐπὶ
2616 4461 2711 4515 τοῦ
2747 4464 3009 4535 παρόντος
3037 4456 3353 4535 δεδώκασιν,
3382 4456 3485 4525 ἀνά

1906 4541 2089 4592 πᾶσαν
2119 4540 2220 4611 τήν
2246 4541 2572 4614 οἰκουμένην
2595 4543 2657 4597 τὸ
2688 4545 2894 4600 ἑαυτῶν
2932 4547 3329 4621 διεσπαρμένον
3361 4553 3484 4607 θεαο

1908 4623 2134 4693 σάμενοι
2179 4624 2357 4693 γένος.
2395 4625 2661 4698 ’Ὕστερον
2706 4629 2816 4700 γάρ
2861 4631 3044 4695 αὐτοῖς
3083 4633 3117 4704 ἡ
3170 4633 3349 4689 τελεία
3388 4637 3487 4688 ἐπ-

1904 4707 2203 4789 αχθήσεται
2230 4707 2386 4779 δίκη,
2415 4708 2505 4762 ὅτε
2546 4711 2608 4763 τὸ
2641 4711 2920 4784 πάνδημον
2956 4714 3137 4784 μέλλει
3159 4720 3480 4789 συγκροτεῖ-

1906 4787 2029 4841 σθαι
2073 4791 2374 4862 κριτήριον.
2409 4793 2518 4847 Kal
2559 4794 2712 4848 αὑτοὶ
2757 4795 2815 4848 δὲ
2847 4794 2925 4866 τῷ
2956 4796 3125 4850 δέοντι
3167 4787 3345 4870 καιρῷ
3383 4801 3484 4865 τὰς

1903 4872 2061 4939 ἀξίας
2094 4873 2246 4945 παρά
2276 4874 2369 4928 τοῦ
2407 4876 2572 4929 αὑτοῦ
2598 4878 3063 4949 άπαιτηθήσονται
3096 4879 3273 4941 δίκας.
3312 4882 3482 4937 Τοῦτο
3550 4878 3563 4889 “

1901 4951 2076 5009 τί¹οῦν
2104 4957 2242 5019 ἐστι,
2281 4956 2361 5009 διὸ
2397 4957 2605 5022 πάντας
2644 4960 2773 5030 ὑμῖν
2798 4961 3022 5025 τούτους
3054 4962 3371 5037 παρεθέμην
3402 4966 3483 5021 λόο

1903 5057 2066 5111 γουςς
2098 5040 2370 5111 Βούλομαι
2401 5043 2510 5113 γὰρ
2538 5043 2697 5097 πάλιν
2725 5043 2826 5113 τῆς
2855 5044 3172 5112 ἀκολουθίας
3203 5050 3476 5117 γενέσθαι.

1903 5125 1978 5178 Οὑ
2024 5124 2196 5195 τολμᾷ
2237 5124 2362 5178 οὔτε
2392 5126 2695 5195 αἱρετικὺς,
2739 5125 2863 5180 οὔτε
2904 5129 3154 5195 Ἰουδαῖος
3182 5134 3355 5189 εἰπεῖν
3398 5138 3480 5192 ὅτι

1906 5208 2004 5277 μία
2030 5205 2193 5260 εἰκὼν
2219 5208 2313 5260 καὶ
2336 5208 2593 5292 ὁμοίωσις
2614 5208 2748 5262 Θεοῦ
2774 5212 3162 5292 καὶᾼάγγέλων.
3194 5226 3216 5256 ε
3246 5218 3337 5291 Μὴ
3367 5220 3478 5292 γὰρ

1901 5290 2144 5361 ἄγγελοι,
2174 5292 2226 5345 οἰ
2256 5291 2556 5362 γενόμενοι,
2589 5294 2840 5367 συνεργοί
2865 5290 3006 5369 ἦσαν
3035 5299 3129 5353 τοῦ
3154 5299 3289 5356 Θεοῦ
3311 5290 3333 5369 ;ί
3356 5290 3479 5357 Λει-

1901 5376 2121 5447 τουργοὶ
2167 5375 2345 5447 μόνον,
2378 5373 2702 5446 ὑμνοῦντες,
2751 5377 3233 5452 εὐχαριστοῦντες,
3280 5385 3480 5447 εἰδότες

1963 5520 1993 5561 b
2016 5520 2197 5586 Sav._t_n
2224 5532 2393 5586 magg._
2409 5490 2735 5586 spipplehdum
2766 5522 2961 5585 conjicit
2981 5524 3145 5586 πολλῷ
3180 5524 3374 5586 μξλλον,
3398 5524 3479 5574 νει

1901 5584 2041 5645 πόσῳ
2066 5582 2262 5644 μᾶλλον.
2295 5579 2394 5630 Séd
2428 5579 2703 5645 intercepta
2724 5579 2885 5634 εει-ίεέ
2919 5579 3155 5635 orationis
3176 5579 3298 5634 intra
3320 5579 3476 5634 canu-

1902 5652 2132 5755 ""5'1'12c
2153 5707 2278 5760 apud
2297 5706 2513 5759 Cosmam
2534 5706 2813 5770 :Egyplium
2836 5705 3082 5756 habentur
3104 5718 3152 5768 p.
3182 5705 3290 5755 525.
