4050 6198
555 264 664 322 465

551 378 635 432 δτι
661 373 923 443 ἐγένοντο,
947 369 1030 425 δτι
1059 369 1167 442 πρὸ
1193 369 1378 425 τούτου
1402 369 1502 424 οὐκ
1531 364 1693 442 ἦσαν,
1722 367 1816 422 καὶ
1846 366 2114 439 πνεύματι

551 457 885 528 ἀγαθότητος
930 453 1174 522 ἐγένοντο
1196 465 1254 494 ι·
1286 454 1381 506 καὶ
1425 453 1686 522 ἑστήκασι
1732 450 1957 522 θεωροὶ,
2001 449 2121 520 βλέ-

2000 248 2362 306 SEVERIANI

3691 246 3803 302 ιεε

2219 365 2384 420 ’Λλλο
2412 362 2669 427 δανείζων
2711 365 2890 436 χάριν,
2930 361 3060 419 ἄλλο
3095 362 3406 436 λαμϐάνων.
3441 363 3586 432 Θεὸς
3619 367 3804 434 ἰσχυ-

2207 451 2338 516 ρός.
2407 447 2646 517 Μωῦσῆς
2707 447 2828 511 θεὸς
2899 447 3313 519 ἐνισχυόμενος,
3377 446 3483 501 κάν
3542 450 3808 518 μεγάλων

553 527 743 602 ποντες
780 538 849 591 τά
888 537 1145 606 γινόμενα
1202 537 1316 606 μετ’
1347 535 1561 599 αὐτούς.
1595 535 1858 588 Ἔϐλεπον
1893 533 2121 604 οὐρανὸν
2290 531 2582 600 θαυμάτων
2641 532 2913 601 ἐργάτης,
2968 529 3108 583 ἀλλά
3153 530 3420 600 λαμϐάνει
3467 530 3568 601 τὴν
3613 533 3802 602 χάριν.

552 628 618 678 ἐκ
645 622 737 675 τοῦ
775 621 848 690 μὴ
892 619 1044 682 ὄντος
1089 619 1394 688 γινόμενον,
1443 619 1538 671 καὶ
1574 617 1990 688 ἐξεπλήττοντο·
2023 615 2122 669 θά-

552 707 756 761 λασσαν
781 701 1198 772 ἀφοριζομένην,
1228 703 1321 754 καὶ
1354 700 1688 772 ἐθαύμαζον·
1719 700 1987 770 ἐθεώρουν
2020 699 2122 769 γῆν

552 789 950 859 κοσμουμένην,
1002 785 1097 838 καὶ
1147 785 1417 858 ἔφριττον.
1447 785 1569 838 Ὅτι
1618 784 1674 837 δὲ
1705 785 1805 837 οὐκ
1841 779 1981 853 ἦσαν
2025 782 2124 850 άγο

553 871 701 939 γελοι
745 867 1014 936 συνεργοὶ,
1043 867 1176 920 ἀλλὰ
1211 868 1540 937 θαυμασταὶ,
1571 866 1715 933 λέγει
1757 868 1786 918 6
1817 865 1948 927 Θεὸς
1990 864 2126 935 πρὸς

554 953 644 1005 τὸν
679 950 798 1005 Ἰώϐ
817 967 831 980 ·
865 951 995 1004 Ὅτε
1019 950 1275 1016 ἐποίησα
1301 949 1510 1017 ἄστρα,
1541 949 1772 1018 ῇνεσὰν
1795 963 1872 1016 με
1904 946 2126 1012 πάντες

553 1037 794 1106 ἄγγελοι
825 1033 925 1088 καί
950 1033 1248 1102 ὕμνησαν.

630 1195 781 1269 [474]
810 1193 1164 1263 Ποιήσωμεν
1195 1193 1526 1260 ἄνθρωπον.
1561 1192 1634 1246 Τὸ
1679 1193 1826 1263 ῥῆμα
1865 1191 2013 1260 δηλοῖ
2039 1191 2128 1245 τὸν

556 1281 782 1349 λέγοντα
823 1279 917 1332 καὶ
962 1278 1051 1331 τὸν
1096 1277 1380 1331 ἀκούοντα.
1407 1277 1548 1346 Ὅρα
1580 1276 1678 1346 τῆς
1718 1275 1994 1346 όρθοδόξου
2036 1275 2125 1328 πί-

561 1380 729 1425 στεως
758 1360 855 1431 τὴν
888 1361 1080 1412 ἀκτῖνα
1109 1359 1428 1428 λάμπουσαν
1461 1358 1576 1410 ἀεί·
1608 1360 1702 1412 καὶ
1739 1359 1888 1428 ἥλιος
1927 1359 2129 1428 φαίνων

557 1448 657 1517 τὴν
685 1443 878 1499 ἐαυτοῦ
909 1446 1102 1498 ἀκτῖνα
1141 1442 1394 1512 συνῆψεν.
1428 1441 1778 1511 Ποιήσωμεν
1819 1442 2132 1510 ἄνθρωπον

560 1529 688 1583 κατ’
714 1528 918 1580 εἰκόνα
947 1524 1243 1594 ἡμετέραν
1272 1526 1368 1578 καί
1401 1526 1705 1594 ὁμοίωσιν.
1747 1525 2004 1594 Ἐφύλαξε
2039 1525 2132 1578 καὶ

554 1612 669 1664 τῶν
709 1609 1055 1663 ὐποστάσεων
1097 1609 1193 1679 τὴν
1237 1607 1408 1673 τάξιν,
1455 1608 1678 1677 καὶτῆς
1710 1609 1896 1671 οὐσίας
1937 1608 1999 1660 τὸ
2035 1624 2130 1677 μο-

559 1693 781 1757 νοειδές.
829 1691 1181 1759 Ποιήσωμεν
1241 1691 1556 1759 ἄνθρωπον
1619 1692 1744 1743 κατ’
1783 1692 2008 1744 εἰκόνα.
2056 1690 2129 1741 Οὐ

561 1779 682 1830 κατ’
707 1775 947 1836 εἰκόνας·
977 1773 1076 1826 οὐκ
1109 1774 1239 1844 ἄλλη
1273 1773 1380 1843 γὰρ
1410 1773 1573 1826 εἰκὼν
1607 1773 1838 1844 Πατρὸς,
1869 1773 1962 1825 καὶ
1998 1771 2129 1842 ἄλλη

562 1857 712 1912 Υίοῦ.
744 1858 1120 1924 Ποιήσωμεν·
1153 1857 1238 1909 ἵνα
1267 1857 1327 1909 τὸ
1364 1855 1722 1926 πληθυντικὸν
1757 1856 1866 1908 τῶν
1898 1854 2134 1908 ὑποστά-

555 1959 701 1996 σεων
735 1940 917 2012 δείξῃ·
952 1940 1087 1994 Κατ’
1119 1940 1323 1993 είκόνα
1370 1937 1693 2016 ἡμετέραν·
1726 1938 1812 1992 ἵνα
1842 1939 1902 1992 τὸ
1939 1937 2134 2009 ὁμοού-

560 2042 676 2078 σιον
710 2022 1042 2095 ἐρμηνεύσῃ.
1082 2023 1177 2084 Τίς
1207 2024 1322 2074 ἐστι
1362 2021 1550 2073 τούτου
1583 2019 1674 2073 τοῦ
1705 2021 1943 2090 μεγάλου
1971 2021 2130 2090 λόγου

557 2109 657 2163 καὶ
683 2108 782 2177 τῆς
817 2106 1134 2178 θαυμαστῆς
1173 2105 1531 2175 δημιουργίας
1569 2105 1852 2168 κοινωνός;
1894 2104 2132 2158 Ἰουδαῖοι

564 2193 940 2260 ἀντιλέγουσι,
988 2191 1082 2244 καὶ
1133 2190 1603 2259 ἐπιστομιζόμενοι
1653 2189 2130 2259 ἐπαισχυντοῦσιν·

564 2278 830 2349 αἱρετικοὶ
860 2275 1160 2346 μαίνονται,
1191 2275 1225 2344 ἡ
1252 2272 1477 2344 ἀλήθεια
1507 2272 1842 2342 πολεμεῖται,
1868 2273 1898 2325 6
1925 2276 2023 2344 τῆς
2053 2273 2136 2325 εὐ-

558 2360 778 2423 σεϐείας
807 2358 962 2426 λόγος
991 2357 1256 2426 ἀήττητον
1286 2355 1397 2424 έχει
1421 2357 1518 2424 τὴν
1544 2356 1850 2426 ὁμολογίαν.

633 2517 698 2583 ζ’.
724 2519 893 2572 Πόθεν
912 2512 1004 2571 οῦν
1021 2505 1440 2586 παραστήσομεν
1463 2514 1567 2568 τίνι
1598 2511 1766 2577 εἷπεν,
1788 2514 2137 2584 Ποιήσωμεν

553 2601 911 2670 ἇνθρωπον;
947 2600 981 2671 ἢ
1013 2600 1095 2662 τίς
1139 2601 1284 2651 ἐστιν
1317 2597 1478 2651 αὐτοῦ
1523 2598 1854 2666 σύμϐουλος;
1885 2598 1959 2650 Τὸ
2003 2599 2132 2670 γὰρ,

562 2685 942 2752 Ποιήσωμεν,
981 2683 1102 2751 ὄψιν
1133 2682 1354 2736 ἀπαιτεί
1397 2681 1720 2751 συμϐούλου.
1753 2681 1918 2749 Λέγει
1957 2681 2135 2735 τοίνυν

563 2771 595 2820 6
631 2767 896 2836 μακάριος
933 2765 1159 2827 Ἡσαΐας
1199 2765 1325 2835 περὶ
1362 2763 1456 2816 τοῦ
1509 2763 1828 2834 μονογενοῦς
1863 2762 1994 2816 Υίοῦ
2041 2762 2134 2817 τοῦ

561 2847 723 2912 Θεοῦ,
753 2848 846 2902 τοῦ
875 2848 941 2901 δι’
968 2849 1116 2918 ἡμᾶς
1143 2848 1380 2917 σχήματι
1415 2846 1493 2917 τῷ
1523 2846 1646 2900 καθ’
1685 2848 1831 2918 ἡμᾶς
1871 2847 2138 2918 ἐπιδημή-

561 2951 774 3000 σαντος,
798 2934 885 2986 ὅτι
917 2931 1162 2986 Παιδίον
1186 2929 1476 2999 ἐγεννήθη
1515 2930 1677 3000 ἡμῖν,
1712 2932 1843 2995 υίὸς
1870 2930 1966 2984 καί
2002 2947 2138 2985 rea.-

563 3017 778 3081 νίσκος
807 3015 1005 3083 ἐδόθη.
1036 3015 1108 3067 Τὸ
1143 3013 1216 3084 μὴ
1247 3013 1306 3067 ὂν
1347 3013 1556 3066 παιδίον
1587 3012 1878 3084 ἐγεννήθη·
1907 3015 1935 3067 6
1966 3012 2023 3066 δὲ
2060 3011 2136 3067 ὢν

565 3099 693 3162 Υἱὸς
721 3097 897 3169 ἐδόθη.
919 3095 1035 3151 Καὶ
1063 3096 1325 3150 καλεῖται
1353 3095 1422 3150 τὸ
1454 3097 1641 3166 ὄνομα
1663 3094 1850 3150 αὑτοῦ
1867 3094 2136 3166 μεγάλης

558 3179 802 3250 ,ϐουλῆς
857 3180 1131 3250 ἅγγελος,
1166 3177 1260 3232 τοῦ
1301 3178 1535 3243 παιδίου,
1587 3178 1717 3232 Υίοῦ
1776 3180 1872 3250 μὲν
1915 3179 2004 3233 διά
2038 3179 2136 3250 τὴν

566 3267 812 3334 θεότητα,
838 3265 1049 3318 παιδίου
1078 3264 1134 3316 δὲ
1165 3261 1254 3316 διὰ
1277 3263 1376 3333 τὴν
1414 3262 1823 3335 ἀνθρωπότητα.
1853 3263 2135 3333 Μεγάλης

559 3348 804 3415 ,ϐουλῆς
855 3347 1128 3416 ἄγγελος,
1179 3345 1520 3415 θαυμαστὸς
1567 3346 1930 3414 σύμϐουλος.
1974 3345 2037 3397 EE
2077 3343 2134 3396 δὲ

565 3432 654 3483 τὸν
687 3428 1006 3499 σύμϐουλον,
1028 3422 1072 3496 ᾧ
1098 3425 1268 3494 εἶπεν,
1297 3427 1647 3496 Ποιήσωμεν
1669 3427 1979 3496 ἄνθρωπον
2005 3426 2132 3481 κατ’

561 3513 768 3567 εἰκόνα
803 3511 898 3566 καί
926 3511 1052 3564 καθ’
1078 3511 1364 3579 ὁμοίωσιν
1391 3510 1700 3578 ἡμετέραν,
1737 3510 1977 3580 μεγάλης
2005 3509 2134 3580 βου-

565 3596 662 3666 λῆς
690 3594 916 3663 ἄγγελον
955 3593 1154 3658 καλεῖς,
1193 3592 1730 3662 οὐδέπω,.προφῆτα,
1761 3591 2040 3662 ἐμήνυσας
2075 3591 2135 3646 τὸ

566 3677 784 3747 ἀξίωμα
832 3675 924 3729 τοῦ
982 3676 1134 3747 παρά
1183 3674 1277 3728 σοῦ
1332 3675 1739 3746 κηρυσσομένου
1809 3673 2131 3744 συμϐούλου.

579 3761 824 3827 Ἐγένετο
845 3759 951 3829 γάρ
972 3759 1063 3812 καὶ
1078 3758 1315 3822 Μωῦσῆς
1332 3756 1628 3826 σύμϐουλος
1643 3772 1655 3785 ·
1677 3755 1847 3809 ἐδόκει
1869 3755 1976 3826 γὰρ
2005 3772 2138 3825 συμ-

567 3841 834 3896 ϐουλεύειν
871 3841 1069 3910 λέγων·
1105 3840 1200 3908 Μὴ
1231 3838 1592 3906 ἀποκτείνῃς
1631 3837 1871 3904 αὐτοὺς,
1893 3837 2130 3907 μήποτε

562 3929 775 3981 εἴπωσι
805 3927 877 3981 τὰ
907 3927 1081 3994 ἔθνη·
1112 3925 1216 3979 Διὰ
1245 3924 1310 3977 τὸ
1337 3925 1423 3992 μὴ
1452 3924 1744 3977 δύνασθαι
1781 3922 2004 3989 αὐτοὺς
2035 3939 2126 3976 τε·

563 4009 813 4074 κνῶσαι,
856 4008 1203 4064 ἀπέκτεινεν
1234 4007 1476 4072 αὐτούς.
1517 4005 1674 4058 Ἀλλά
1712 4004 1786 4076 μὴ
1839 4008 2041 4077 στήσῃς
2074 4003 2136 4059 τὸ

564 4094 746 4164 θαῦμα
801 4092 964 4163 μέχρι
1007 4089 1098 4144 τοῦ
1151 4088 1488 4160 συμϐούλου·
1535 4088 1610 4159 μὴ
1659 4089 2040 4159 κοινοποιήσῃς
2074 4088 2134 4141 τὸ

562 4177 750 4245 ὄνομα.
799 4175 862 4228 Εἰ
901 4174 996 4228 καὶ
1033 4171 1216 4227 πολλοὶ
1269 4170 1592 4240 σύμϐουλοι,
1648 4170 1723 4240 μὴ
1771 4168 2073 4239 ὑϐριζέσθω
2105 4171 2134 4223 6

564 4259 746 4327 μόνος.
782 4250 922 4309 Ἀλλ’
948 4256 1158 4309 οὐδέπω
1201 4254 1445 4322 ἐνόησας,
1487 4251 1641 4322 φησὶ,
1674 4251 1735 4302 τὸ
1779 4250 1994 4320 ἀξίωμα
2038 4251 2132 4304 τοῦ

563 4340 988 4409 κηρυττομένου.
1017 4340 1213 4391 Ἀκουε
1252 4335 1380 4407 περὶ
1416 4334 1509 4387 τοῦ
1541 4333 1854 4404 θαυμαστοῦ
1897 4333 2135 4404 συμϐού-

562 4422 683 4474 λου·
722 4423 1009 4492 ἑρμηνεύει
1041 4420 1147 4490 γὰρ
1170 4423 1198 4473 6
1221 4419 1443 4480 Ἡσαΐας
1472 4417 1578 4470 ἀπὸ
1603 4416 1696 4470 τοῦ
1724 4414 2132 4488 προεξελθόντος

562 4502 624 4554 τὸ
657 4503 936 4571 ἑπόμενον.
970 4501 1340 4571 Θαυμαστὸς,
1381 4500 1541 4569 φησὶ,
1580 4500 1942 4568 σύμϐουλος,
1989 4500 2133 4564 Θεὸς

565 4576 1080 4653 ἰσχυρός.’Καλῶς
1147 4583 1449 4654 προσέθηκε
1503 4581 1583 4652 τῷ
1627 4582 1746 4652 Θεῷ
1780 4582 1841 4634 τὸ
1895 4583 2128 4654 ίσχυρόν.

562 4668 745 4733 Διατί;
783 4669 993 4738 Ὥσπερ
1035 4667 1142 4736 γὰρ
1190 4665 1431 4733 ἐγένοντο
1464 4665 1647 4717 πολλοὶ
1687 4665 1997 4734 σύμϐουλοι.
2037 4666 2131 4718 καὶ

560 4754 620 4807 οὐ
650 4752 736 4805 διά
771 4751 928 4804 τοῦτο
965 4750 1070 4802 ἔδει
1093 4748 1367 4820 τρωθῆναι
1396 4749 1456 4800 τὸ
1481 4749 1699 4818 ἀξίωμα
1721 4747 1815 4800 τοῦ
1847 4747 1965 4811 ἐνὸς
1997 4765 2133 4818 συμ-

563 4836 752 4890 ϐούλου
776 4851 790 4866 ·
832 4834 1002 4898 οὕτως
1050 4831 1236 4903 ἐπειδὴ
1280 4831 1463 4884 πολλοὶ
1510 4832 1754 4898 ἐγένοντο
1805 4830 1917 4883 θεολ⁸
1957 4830 2135 4901 (Ἐγὼ

560 4919 670 4989 γὰρ
699 4914 855 4984 εἶπα,
900 4916 1032 4970 Θεοί
1063 4916 1222 4973 ἐστε.
1256 4915 1352 4968 καί
1383 4914 1499 4968 υἰοί
1539 4915 1831 4982 Ὑψίστου
1873 4913 2129 4978 πάντες·

560 5003 654 5054 καὶ
688 5001 846 5053 πάλιν
887 4997 1038 5053 εἶπεν
1075 4999 1104 5051 6
1140 4999 1271 5062 Θεὸς
1316 4999 1393 5070 τῷ
1428 4999 1663 5058 Μωῡσεῖ,
1707 4997 1858 5052 Ἰδοὺ
1900 4997 2130 5052 τέθεικά

560 5097 634 5135 σε
664 5085 751 5148 εἰς
777 5083 915 5137 θεὸν
958 5081 1038 5148 τῷ
1070 5081 1320 5153 Φαραώ),
1349 5076 1500 5145 οὗτος
1535 5083 1563 5133 6
1591 5082 1988 5152 κηρυττόμενος
2031 5081 2132 5134 οὐκ

559 5163 786 5232 ὤφειλεν
831 5164 1170 5235 ὑϐρισθῆναι.
1208 5166 1318 5217 Καὶ
1353 5164 1440 5216 ἵνα
1487 5164 1560 5235 μὴ
1589 5165 1839 5236 νομίσῃς,
1868 5163 1948 5215 ὃτι
1988 5162 2126 5227 θεὸς,

558 5245 634 5308 ὡς
659 5248 687 5298 ὀ
723 5247 990 5314 Μωῦσῆς,
1035 5246 1068 5315 ἢ
1113 5246 1187 5310 ὡς
1228 5249 1276 5299 οί
1310 5246 1614 5312 ἀπόστολοι,
1669 5247 1936 5316 ἐπήγαγε,
1986 5245 2129 5310 Θεὸς

560 5330 827 5398 ίσχυρός.
874 5329 1111 5398 Μωῦσῆς
1141 5329 1280 5394 θεὸς,
1310 5331 1408 5384 οὐκ
1450 5330 1700 5400 ἰσχυρὸς,
1743 5329 1854 5382 ἀλλ’
1885 5328 2128 5398 ἐνισχυό-

559 5429 738 5484 μενος.
797 5412 958 5466 Ἀλλο
1008 5413 1156 5468 ἐστὶν
1214 5413 1630 5484 ἐνισχυόμενος,
1696 5412 1823 5468 ἄλλο
1885 5411 2124 5483 ίσχυρός.

617 5608 645 5638 ⁸
671 5607 806 5672 Hau},
842 5608 915 5656 ὅτι
937 5608 1027 5672 πρὸ
1069 5626 1176 5657 τ....
1206 5609 1454 5672 Αέγένοντο,
1481 5607 1659 5656 desunl
1688 5605 1734 5654 in
1760 5605 1909 5656 Savil.
1953 5603 2120 5655 Monll'.

555 5674 742 5730 νεύματι
765 5670 946 5731 legisse
967 5670 1182 5723 videtur.
1206 5670 1335 5718 Ευιτ.

2229 614 2568 681 ’Υπεξούσιοι
2594 615 2642 667 οί
2679 613 2985 676 ἀπόστολοι,
3017 612 3368 684 ἐξουσιαστὴς
3388 614 3416 666 ό
3450 615 3662 684 Σωτὴρ,
3708 617 3809 667 καὶ

2219 696 2419 750 δίδωσι.
2456 695 2602 762 Θεὸς
2633 697 2902 765 ἰσχυρός.
2936 697 3050 748 Οὐκ
3079 695 3321 767 ἠρκέσθη
3353 697 3410 750 δέ
3437 697 3559 750 οὐδὲ
3599 697 3805 767 τούτῳ.

2220 780 2335 832 ἀλλ’
2356 779 2571 848 ἐπάγει,
2601 781 2653 832 '0
2675 778 3102 845 éEovo'taathc,
3131 779 3218 831 ἵνα
3245 779 3510 850 παιδεύσῃ
3537 781 3630 833 καὶ
3650 783 3810 850 ἡμᾶς

2222 865 2316 916 καὶ
2347 864 2678 933 αίρετικούς,
2710 864 2785 934 μὴ
2827 863 3147 928 ὑπεξούσιον
3178 861 3357 931 λέγειν
3390 864 3482 917 τὸν
3512 863 3616 933 τῆς
3649 864 3811 926 ἐξου-

2224 948 2344 1010 σίας
2377 947 2630 1018 ἇρχοντα.
2656 946 2818 1000 Ἀλλο
2856 945 3208 1013 ὑπεξούσιος,
3252 947 3381 1001 ἀλλο
3424 948 3808 1020 ἐξουσιαστής.

2224 1029 2375 1101 μῖὅ]
2405 1030 2590 1094 Θέλεις
2624 1022 2816 1099 μαθεῖν
2845 1029 3192 1096 αὐτεξουσίου
3221 1032 3314 1084 καὶ
3338 1030 3659 1096 ὑπεξουσίου
3693 1033 3816 1083 δια-

2225 1113 2423 1183 φοράν;
2469 1115 2533 1165 Ol
2579 1112 2864 1166 ἀπόστολοι
2908 1113 3243 1180 ὑπεξούσιοι,
3276 1115 3304 1167 6
3336 1114 3528 1184 Σωτήρ
3557 1113 3813 1178 ἐξουσια-

2227 1197 2375 1264 στής.
2407 1194 2618 1258 Παῦλος
2649 1191 2787 1248 εῐδεν
2813 1197 2870 1248 ἐν
2899 1199 2966 1266 τῇ
2997 1195 3305 1267 Μακεδονίᾳ
3333 1196 3622 1264 παιδίσκην
3655 1196 3818 1263 ἐχου-

2229 1294 2326 1330 σαν
2382 1277 2597 1347 πνεῦμα
2635 1277 2922 1344 Πύθωνος,
2970 1279 3066 1330 καὶ
3111 1278 3374 1346 λέγουσαν
3410 1278 3500 1331 ἐπὶ
3547 1279 3814 1331 πάντων·

2231 1355 2404 1414 Οὗτοι
2436 1363 2488 1413 οἰ
2519 1359 2815 1427 ἄνθρωποι
2851 1359 3063 1414 δοῦλοι
3087 1360 3194 1414 τοῦ
3223 1360 3372 1414 Θεοῦ
3399 1360 3505 1414 τοῦ
3532 1361 3817 1428 ὑψίστου

2225 1443 2401 1496 εἰσίν.
2432 1443 2818 1510 Διαπονηθείς
2848 1443 2918 1496 δὲ
2949 1445 2985 1498 ό
3009 1443 3248 1510 Παῦλος
3277 1444 3376 1497 καί
3408 1443 3814 1511 ἐπιστρέψας.

2226 1522 2355 1579 εἷπε
2382 1525 2461 1591 τῷ
2487 1527 2802 1595 πνεύματι,
2827 1527 2888 1579 οὐ
2917 1529 2986 1598 τῇ
3029 1527 3414 1598 ἐνεργουμένη,
3448 1526 3587 1579 ἀλλά
3614 1526 3698 1595 τῷ
3728 1527 3817 1577 ἐν-

2228 1609 2505 1681 εργοῦντι,
2554 1608 2954 1678 Παραγγέλλω
3011 1625 3110 1663 σοι
3170 1610 3240 1663 έν
3291 1611 3533 1676 ὀνόματι
3583 1610 3818 1675 Κυρίου

2242 1694 2442 1761 Ἰησοῦ
2478 1693 2740 1762 Χριστοῦ
2790 1692 3061 1757 ἐξελθεῖν
3103 1694 3204 1748 ἀπ’
3231 1693 3437 1761 αὐτῆς.
3485 1693 3663 1746 Καλεί
3702 1693 3822 1745 Κύ-

2233 1795 2365 1850 ριον,
2406 1777 2492 1830 ἵνα
2527 1777 2676 1847 δείξῃ
2711 1777 2903 1830 ἐαυτὸν
2938 1776 3142 1830 δοῦλον.
3179 1777 3395 1847 Ἐπειδὴ
3425 1777 3485 1829 τὸ
3519 1776 3718 1846 θαῦμα
3749 1772 3820 1845 ἦν

2231 1861 2372 1932 ὑπὲρ
2403 1860 2710 1932 ἄνθρωπον,
2754 1861 2817 1914 τὸ
2857 1861 3117 1931 δαίμονας
3148 1860 3443 1914 ὑπακούειν
3473 1858 3816 1929 ἀνθρώποις.

2232 1943 2318 1996 ἵνα
2349 1943 2422 2015 μὴ
2451 1943 2573 2012 δψις
2613 1942 2836 2016 ἁρπάσῃ
2872 1942 2972 2014 τὴν
3003 1942 3207 2013 φωνὴν,
3237 1944 3332 1996 καὶ
3363 1941 3671 2013 νομισθῶσι
3705 1941 3820 1995 θεοὶ

2230 2029 2280 2081 οἱ
2311 2026 2405 2080 τοῦ
2456 2026 2591 2080 Θεοῦ
2640 2026 2946 2097 ὑπηρέται,
2998 2026 3402 2096 Παραγγέλλω
3447 2042 3572 2088 σοι,
3621 2026 3815 2096 φησιν,

2231 2111 2300 2165 ἐν
2327 2109 2406 2175 τῷ
2453 2111 2694 2177 ὀνόματι
2738 2109 2844 2164 τοῦ
2891 2111 3134 2178 Κυρίου.
3166 2110 3360 2163 Δούλου
3394 2109 3455 2162 τὸ
3491 2110 3818 2180 παραγγέλ-

2231 2193 2362 2256 λειν,
2392 2192 2660 2246 Δεσπότου
2693 2191 2755 2245 16
2785 2191 3138 2257 ἐξουσιάζειν.
3164 2189 3316 2254 Εἶδες
3341 2192 3563 2263 οἰκέτην
3594 2210 3819 2263 παραγ-

2231 2277 2505 2345 γέλλοντα,
2533 2274 2695 2346 βλέπε
2735 2274 3010 2345 Δεσπότην
3045 2275 3423 2330 ἐπιτάσσοντα.
3453 2276 3816 2347 Προσηνέχθη

2230 2377 2313 2423 τις
2340 2358 2418 2430 τῷ
2463 2358 2706 2430 Δεσπότῃ
2745 2357 3056 2429 δαιμονιῶν,
3085 2358 3267 2428 κωφὸς
3311 2360 3405 2412 καὶ
3432 2358 3653 2423 άλαλος.
3702 2362 3822 2414 Οὐκ

2231 2439 2383 2496 εἶπεν
2424 2443 2452 2495 6
2489 2441 2798 2512 Δεσπότης,
2833 2441 3207 2510 Παραγγέλλω
3245 2457 3348 2507 σοι,
3378 2441 3439 2494 16
3474 2441 3678 2496 ἄλαλον
3721 2443 3820 2496 καὶ

2231 2525 2414 2594 κωφὸν
2457 2525 2728 2594 δαιμόνιον
2747 2541 2760 2554 ·
2815 2522 2953 2586 ἀλλ’,
3001 2523 3142 2593 Ἐγώ
3192 2538 3292 2578 σοι
3346 2523 3680 2578 ἐπιτάσσω.
3740 2526 3818 2578 Τὸ

2232 2607 2596 2679 παράγγελμα
2625 2605 2860 2672 Παύλου,
2884 2605 2978 2658 τοῦ
3005 2600 3353 2672 ἐξουσιαστοῦ
3380 2608 3442 2660 τὸ
3471 2609 3821 2664 ἐπιτάσσειν.

2247 2688 2393 2761 Ἐγώ
2424 2705 2522 2743 σοι
2550 2688 2876 2752 ἐπιτάσσω,
2924 2688 3135 2753 ἔξελθε
3177 2689 3279 2744 ἀπ’
3304 2690 3511 2756 αὑτοῦ,
3559 2692 3661 2744 καί
3701 2709 3826 2760 μη-

2232 2771 2357 2826 κέτι
2399 2771 2698 2839 εἰσέλθῃς.
2735 2771 3074 2842 ’Υπήκουσεν
3113 2773 3143 2826 6
3184 2771 3412 2842 δαίμων,
3446 2774 3667 2841 ἐπέγνω
3706 2775 3822 2844 γάρ

2231 2857 2328 2928 τὴν
2354 2855 2621 2923 ἐξουσίαν.
2644 2855 2863 2923 Λεγέτω
2889 2857 2918 2908 6
2945 2856 3213 2927 μακάριος
3253 2856 3509 2928 Ἰεζεκιὴλ
3542 2857 3683 2928 πρὸς
3715 2859 3823 2929 τήν

2233 2939 2514 3012 αἱρετικήν
2543 2940 2862 3010 συναγωγήν
2883 2957 2895 2969 ·
2929 2939 3021 2992 Ζῶ
3056 2939 3192 3008 ἐγὼ,
3232 2939 3394 3008 λέγει
3429 2940 3668 3007 Κύριος,
3692 2941 3822 2994 ἐδι-

2233 3022 2448 3090 καιώθη
2474 3023 2513 3090 ή
2559 3021 2790 3090 ἀδελφή
2829 3037 2946 3076 σου
2987 3021 3221 3091 Σόδομα
3268 3022 3421 3088 ὑπὲρ
3468 3023 3563 3075 σέ.
3614 3023 3734 3075 Καὶ
3765 3025 3822 3076 τί

2232 3108 2378 3159 ἐστιν
2402 3105 2430 3157 6
2458 3104 2636 3172 λέγεις
2676 3104 2801 3158 Ἐὰν
2839 3105 2947 3176 γάρ
2991 3105 3064 3176 μὴ
3099 3103 3278 3175 μάθῃς
3311 3105 3340 3157 ὃ
3371 3105 3537 3172 λέγει,
3569 3106 3630 3157 οὐ
3680 3105 3821 3179 δύνῃ

2231 3185 2609 3256 ἐφώιασθῆναι
2649 3186 2787 3258 πρὸς
2815 3186 2911 3256 τὴν
2957 3187 3055 3256 τῆς
3088 3186 3323 3258 θεωρίας
3364 3187 3696 3259 κατάληψιν.
3745 3193 3815 3244 Ol

2232 3267 2517 3337 Σοδομῖται
2573 3267 2930 3338 ἀπειρημένοι
2971 3267 3000 3308 ι)
3047 3269 3440 3338 τυγχάνοντες.
3493 3273 3822 3343 παρανομίᾳ.

2231 3351 2340 3422 γὰρ
2369 3349 2631 3416 συνέζων·
2657 3351 2738 3404 διὸ
2768 3351 2873 3405 καὶ
2891 3350 3135 3421 θεηλάτῳ
3164 3352 3626 3424 κατηναλὼθησαν
3654 3357 3819 3425 πυρί.

2231 3434 2344 3488 Καὶ
2375 3429 2444 3504 ἦν
2480 3433 2833 3504 Ἰερουσαλὴμ
2888 3432 3026 3503 μετά
3073 3432 3172 3505 τὴν
3222 3435 3446 3489 ἐκείνων
3505 3437 3816 3507 ἀναίρεσιν,

2231 3517 2327 3569 καὶ
2354 3516 2455 3582 τῆς
2481 3515 2685 3579 πόλεως
2714 3515 2892 3569 αὐτῶν
2921 3517 3022 3585 τὴν
3047 3516 3410 3586 πυρπόλησιν.
3443 3518 3583 3587 μετά
3610 3518 3820 3582 πολλάς

2231 3599 2443 3667 γενεὰς,
2487 3599 2725 3654 ἀνθοῦσα
2761 3598 2859 3670 μὲν
2895 3602 2962 3670 τῇ
2992 3598 3145 3668 όψει,
3176 3602 3242 3671 τῇ
3277 3599 3335 3652 δὲ
3374 3600 3544 3671 κακία
3587 3602 3817 3670 μείζονα

2235 3683 2481 3738 ποιοῦσα.
2513 3684 2645 3739 Ὅτε
2689 3683 2867 3736 τοίνυν
2901 3683 2999 3753 τὴν
3030 3682 3136 3736 τῶν
3173 3682 3420 3754 Σοδόμων
3462 3683 3818 3755 ὑπερέϐησαν

2233 3760 2375 3820 οὗτοι
2404 3766 2618 3831 κακίαν,
2648 3766 2872 3836 ὄμνυσιν
2896 3768 2924 3818 6
2946 3764 3077 3829 Θεὸς
3101 3764 3190 3820 διὰ
3217 3765 3311 3818 τοῦ
3346 3766 3607 3836 Ἰεζεκιὴλ
3638 3769 3817 3836 λέγων

2233 3847 2434 3912 οὕτως·
2478 3847 2569 3901 Ζῶ
2596 3849 2711 3917 ἐγὼ
2745 3847 2998 3913 Ἀδωναῒ,
3035 3849 3199 3918 λέγει
3235 3850 3469 3916 Κύριος,
3499 3851 3634 3904 εἰπὲ
3660 3853 3814 3919 πρὸς

2232 3932 2346 4000 τὴν
2383 3931 2720 3986 ἀσύνθετον
2751 3929 2865 3998 τὴν
2894 3929 3188 4000 θυγατέρα
3217 3931 3618 4002 Ἰερουσαλήμ
3637 3951 3650 3964 ·
3687 3937 3811 4003 Οὐχ

2233 4014 2495 4084 ἥμαρτεν
2531 4015 2569 4084 ἠ
2601 4011 2831 4082 ἀδελφή
2863 4028 2978 4066 σου
3012 4013 3246 4083 Σόδομα
3276 4016 3425 4068 κατὰ
3458 4017 3531 4069 τὰ
3565 4016 3810 4085 ήμίσεια

2232 4099 2351 4151 τῶν
2374 4097 2670 4168 ἁμαρτιῶν
2692 4113 2830 4161 σου,
2855 4095 2955 4150 καί
2981 4096 3289 4166 ἐδικαιώθη
3313 4098 3544 4168 Σόδομα
3567 4099 3639 4153 ἐκ
3661 4101 3808 4155 σοῦ·

2231 4182 2352 4236 ἀντί
2393 4181 2508 4247 τοῦ,
2537 4181 2679 4252 Πρὸς
2712 4179 2996 4250 σύγκρισιν
3025 4179 3122 4251 σὴν
3166 4180 3373 4252 Σόδομα
3414 4181 3596 4234 δικαία
3625 4184 3808 4236 ἐστίν·

2230 4259 2340 4318 οἷον
2364 4266 2515 4328 εἴτις
2543 4264 2723 4332 ἔλεγεν
2743 4264 3036 4334 αἰρετικοῖς
3052 4281 3066 4293 ·
3100 4263 3528 4334 Ἐδικαιώθησαν
3549 4265 3647 4319 καὶ
3682 4265 3812 4318 Ἰου-

2230 4347 2365 4400 δαῖοι
2395 4347 2500 4401 ἀπὸ
2543 4348 2640 4418 τῆς
2679 4347 2984 4419 ὑπερϐολῆς
3025 4346 3126 4418 τῆς
3164 4347 3308 4402 κατά
3339 4351 3466 4413 τοὺς
3500 4351 3811 4420 αίρετικοὺς

2236 4431 2460 4502 μανίας·
2493 4429 2885 4500 ἐδικαιώθησαν
2923 4429 3194 4500 δαίμονες,
3225 4433 3306 4484 ὅτι
3339 4433 3387 4484 οί
3423 4433 3522 4501 μὲν
3565 4435 3695 4486 Υίὸν
3725 4434 3812 4486 λέ-

2231 4531 2434 4582 γουσιν,
2462 4515 2512 4566 οἱ
2547 4513 2603 4566 δὲ
2638 4513 2867 4583 ποίημα.
2909 4513 3244 4581 Ἐδικαιώθη
3285 4515 3522 4584 Σόδομα
3557 4516 3630 4571 ἐκ
3669 4516 3807 4572 σοῦ.

2231 4595 2386 4666 Ζητῶ
2418 4595 2474 4648 δέ
2517 4597 2573 4648 ἐν
2605 4595 2822 4666 παρόδῳ
2864 4596 2963 4668 τὴν
3000 4596 3177 4650 αίτίαν
3215 4596 3282 4649 δι’
3316 4597 3383 4669 ήν
3419 4600 3468 4651 οί
3499 4599 3563 4652 τά
3593 4599 3813 4669 Σοδομι-

2228 4680 2336 4732 τῶν
2370 4677 2692 4750 πράξαντες,
2717 4679 2818 4732 οὐκ
2857 4678 3132 4732 ἀπώλοντο
3157 4679 3232 4742 ὡς
3263 4681 3577 4752 Σοδομῖται·
3612 4684 3814 4753 μᾶλλον

2228 4761 2304 4824 δέ,
2334 4763 2382 4816 εἰ
2427 4761 2812 4814 ἐδιπλασίασαν
2843 4760 2912 4814 τὰ
2949 4763 3354 4832 ἁμαρτήματα,
3387 4763 3528 4818 διατί
3563 4767 3642 4838 μὴ
3682 4769 3814 4839 ἐρηο

2223 4845 2490 4916 μώθησαν
2526 4844 2602 4908 ὡς
2631 4846 2827 4897 ἐκεῖνοι
2850 4861 2866 4908 ;

2301 4999 2372 5063 η’.
2417 4993 2475 5045 '0
2497 4991 2628 5055 Θεὸς
2645 4987 2736 5046 οὖν
2770 4991 2829 5043 οὐ
2868 4989 3028 5060 μόνον
3059 4990 3251 5045 ἐϐλεπε
3276 4991 3502 5063 τὴντῶν
3540 4993 3811 5047 Ἰουδαίων

2229 5075 2582 5146 ἀκμάζουσαν
2612 5073 2881 5136 ἀσέϐειαν,
2913 5072 3051 5126 ἀλλά
3087 5076 3181 5128 καὶ
3209 5074 3309 5145 τὴν
3339 5075 3480 5146 μετά
3505 5075 3682 5129 ταῦτα
3705 5076 3812 5128 τῶν

2230 5158 2435 5211 πιστῶν
2469 5157 2782 5211 εὐσέϐειαν·
2828 5154 3050 5227 προῄδει
3096 5157 3179 5210 ὅτι
3215 5157 3407 5227 ἐμελλε
3454 5158 3709 5230 προϊέναι
3747 5160 3809 5211 ἐκ

2227 5243 2327 5312 τῆς
2360 5241 2619 5305 Ἰουδαίας
2659 5242 2692 5310 ή
2741 5238 2874 5308 ἀγία
2922 5238 3168 5304 θεοτόκος
3199 5241 3505 5312 Παρθένος·
3555 5241 3808 5312 προεώρα

2228 5326 2320 5378 τὸν
2352 5325 2509 5396 χορὸν
2555 5325 2664 5378 τῶν
2717 5321 3051 5383 ἀποστόλων.
3097 5324 3399 5393 προέϐλεπε
3447 5325 3517 5378 τά
3555 5327 3809 5396 τάγματα

2229 5406 2338 5460 τῶν
2380 5407 2744 5478 ὀμολογητῶν,
2789 5405 2887 5468 τὰς
2926 5406 3192 5476 μυριάδας
3239 5407 3348 5461 τῶν
3383 5408 3655 5462 Ἰουδαίων
3698 5409 3808 5463 τῶν

2287 5601 2315 5642 b
2353 5602 2533 5669 Savi};
2555 5600 2808 5669 azlflileai
2849 5604 3238 5669 ἀπηγορευμένοι,
3275 5604 3570 5669 conjicilque
3608 5605 3810 5668 ἐτύγχα-

2235 5678 2327 5724 νον,
2350 5665 2477 5726 quod
2500 5662 2755 5714 Combeﬁs.
2779 5662 2986 5727 rec-epit.
