3982 6198
180 261 276 314 H35
1185 249 1271 305 DE
1310 244 1519 305 MUNDI
1557 239 1942 302 CREATIONE
1979 241 2234 298 ORATIO
2272 241 2355 299 IV.

181 376 490 437 laudantes,
522 371 725 442 gratias
753 377 990 440 agentes,
1023 367 1172 436 gnari
1200 379 1260 420 se
1287 363 1456 418 factos
1483 375 1626 425 esse,
1661 362 1676 390 ⁸
1705 357 1786 428 let

186 475 339 520 antea
386 480 498 516 non
552 464 748 526 fuisse,
779 476 842 516 ac
870 467 1000 513 nutu
1033 455 1326 510 voluntatis
1373 453 1518 507 illius
1560 456 1770 505 creatos

192 553 420 627 fuisse]:
476 554 797 620 stabantque
824 547 1280 616 contemplantes,
1324 543 1676 612 videntesque
1718 554 1782 594 ea

191 665 310 716 qme
348 655 474 715 post
515 646 662 712 ipsos
712 646 847 696 facta
899 641 1131 696 fuerant.
1180 637 1445 692 Videbunt
1484 635 1672 690 caelum
1720 650 1785 689 ex

193 740 362 794 nihilo
390 739 609 800 factum,
634 745 687 790 et
713 736 998 802 stupebant
1021 750 1036 800 ;
1064 746 1211 788 mare
1229 738 1586 800 segregatum,
1614 738 1667 783 et
1689 731 1789 782 mi-

194 834 491 892 rabantur;
525 829 1025 900 contemplabantur
1051 837 1247 882 terram
1288 833 1565 886 ornatam,
1613 833 1666 876 et
1693 837 1792 876 ex-

195 923 604 979 horrescebant.
635 921 787 988 Quod
817 931 994 975 autem
1021 919 1195 989 angeli
1238 932 1341 971 non
1369 917 1638 986 adjutores
1671 912 1788 966 fue-

195 1021 325 1080 rint,
378 1015 474 1071 sed
516 1013 903 1080 admiratores,
935 1014 1010 1066 ait
1056 1013 1194 1066 Deus
1237 1011 1429 1066 Jobum
1469 1009 1787 1078 alloquens:

200 1108 424 1174 Quando
453 1106 550 1176 feci
575 1105 768 1170 stellas,
800 1105 1130 1158 laudauerunt
1153 1119 1232 1156 me
1250 1118 1420 1158 omnes
1445 1100 1612 1156 anceli
1639 1106 1689 1154 et
1711 1112 1790 1154 ce-

217 1199 549 1253 lebraverunt
599 1194 731 1262 (Job.
766 1193 855 1249 58.
905 1193 980 1261 7).

288 1288 452 1352 Illud,
477 1285 780 1348 Faciamus,
807 1284 1114 1338 Trinitatem
1136 1291 1182 1337 et
1201 1282 1454 1335 unitatem
1473 1279 1787 1336 subindicat.

216 1411 288 1422 —
322 1379 616 1433 Faciamus
652 1379 932 1431 hominem.
967 1376 1175 1430 Dictum
1224 1375 1353 1429 illud
1392 1381 1448 1428 et
1481 1373 1788 1440 loquentem

215 1471 490 1542 signiﬁcat
531 1479 585 1523 et
637 1468 965 1522 audientem.
1018 1467 1152 1520 Vide
1195 1465 1505 1520 orthodoxa:
1538 1461 1660 1516 ﬁdei
1705 1475 1791 1514 ra-

220 1563 369 1618 dium
423 1575 641 1630 semper
677 1560 1050 1630 splendentem
1081 1575 1094 1611 :
1136 1566 1191 1611 et
1227 1557 1306 1611 sol
1351 1556 1541 1612 lucens
1580 1553 1790 1608 radium

220 1667 380 1707 suum
421 1649 684 1718 adjunxit.
733 1649 1011 1703 Faciamus
1039 1649 1295 1702 hominem
1327 1646 1610 1700 secundum
1649 1646 1792 1697 ima-

215 1743 391 1810 ginem
425 1750 474 1794 et
514 1741 910 1794 similitudinem
954 1749 1205 1792 nostram.
1250 1737 1611 1792 Personarum
1645 1733 1792 1788 ordi-

203 1853 326 1890 nem
375 1837 629 1902 servavit,
659 1845 714 1890 et
740 1835 1051 1890 substantia:
1079 1835 1359 1889 unitatem.
1399 1832 1673 1888 Faciamus
1700 1835 1792 1887 ho-

200 1927 387 1980 minem
407 1927 684 1980 secundum
712 1927 1004 1997 imaginem.
1034 1924 1149 1981 Non
1180 1924 1468 1979 secundum
1499 1925 1792 1992 imagines:

203 2033 377 2088 neque
407 2019 551 2072 enim
575 2019 677 2072 alia
708 2027 791 2072 est
819 2019 993 2088 imago
1032 2017 1229 2085 Patris,
1269 2017 1374 2070 alia
1415 2016 1556 2073 Filii.
1606 2017 1795 2071 Facia-

204 2127 318 2162 mus
353 2127 366 2161 :
395 2118 453 2162 ut
480 2124 826 2177 personarum
861 2109 1160 2178 pluritatem
1193 2109 1470 2172 ostendat;
1507 2109 1796 2164 Secundum

201 2202 477 2271 imaginem
509 2211 731 2255 nostram
755 2216 779 2252 .·
809 2211 866 2255 ιιι
892 2201 1496 2256 consubstantialitatem
1540 2201 1795 2256 declaret.

201 2292 462 2360 Quisnam
493 2307 622 2346 vero
656 2301 739 2347 est
763 2293 938 2363 magni
971 2292 1126 2362 hujus
1151 2293 1416 2347 sermonis
1444 2300 1501 2348 et
1525 2291 1798 2347 admiran-

199 2387 281 2439 dae
304 2387 598 2441 creationis
627 2387 842 2442 socius?
866 2387 1036 2442 Judazi
1065 2388 1458 2453 contradicunt,
1486 2390 1654 2445 ac~vel
1679 2404 1801 2444 con-

209 2477 357 2532 futati
392 2479 732 2548 impudenter
757 2485 1074 2550 se‘gerunt;
1109 2479 1346 2534 haeretici
1380 2481 1669 2547 insaniunt,
1701 2497 1797 2536 ve-

201 2569 334 2621 ritas
381 2568 744 2638 impugnatur,
787 2571 1002 2640 pictatis
1046 2570 1288 2626 doctrina
1318 2572 1567 2626 invictam
1601 2588 1710 2642 pra:
1740 2588 1798 2628 se

198 2656 301 2710 fert
327 2645 744 2712 confessionem.

274 2749 328 2802 7.
375 2749 532 2804 Unde
568 2751 725 2820 igitur
758 2752 1109 2807 ostendemus
1135 2753 1221 2808 cui
1264 2753 1478 2821 dixerit,
1526 2753 1797 2810 Faciamus

201 2841 508 2895 hominem?
531 2853 622 2896 aut
652 2844 769 2913 quis
792 2853 876 2899 est
900 2845 1016 2911 ejus
1043 2847 1419 2901 coasiliarius?
1450 2847 1580 2902 Illud
1616 2847 1758 2903 enim
1778 2889 1794 2914 ,

205 2931 506 3000 Faciamus,
549 2937 888 3004 pra'sentiam
923 2938 1213 2993 consiliarii
1255 2940 1435 3010 exigit.
1493 2942 1581 2995 Ait
1623 2943 1798 3010 itaque

203 3025 393 3079 beatus
419 3026 579 3080 Isaias
605 3027 672 3081 de
702 3027 974 3097 unigenito
999 3027 1132 3085 Filio
1155 3030 1269 3097 Dei,
1317 3031 1405 3100 qui
1446 3042 1660 3101 propter
1700 3047 1799 3088 nos

205 3116 442 3172 humana
473 3118 615 3172 venit
645 3117 814 3173 forma
850 3139 863 3174 :
895 3119 1034 3174 Puer
1073 3130 1222 3175 natus
1269 3131 1342 3176 est
1378 3123 1540 3188 nobis,
1573 3123 1710 3192 ﬁlius
1753 3133 1799 3178 et

200 3209 401 3278 iuvenis
429 3210 578 3264 datus
607 3222 679 3263 est
703 3209 861 3277 (lsai.
883 3211 936 3267 9.
958 3213 1033 3284 6).
1066 3211 1167 3280 Qui
1199 3229 1302 3267 non
1334 3226 1449 3270 erat
1482 3232 1610 3284 puer
1640 3227 1795 3271 natus

200 3309 322 3365 est;
359 3301 451 3370 qui
481 3310 596 3355 erat
629 3300 814 3367 Filius,
845 3302 1003 3358 datus
1049 3314 1151 3358 est.
1207 3303 1276 3358 Et
1315 3307 1572 3360 vocabitur
1615 3324 1796 3362 nomen

200 3394 336 3461 ejus,
383 3394 558 3464 magni
575 3395 774 3449 consilii
802 3397 1032 3466 angelus,
1065 3412 1255 3467 nempe
1295 3399 1464 3467 pueri,
1493 3401 1581 3470 qui
1628 3400 1796 3455 Filius

200 3495 318 3539 erat
347 3496 566 3556 propter
591 3488 943 3553 divinitatem,
983 3505 1116 3560 puer
1147 3501 1320 3545 autem
1346 3502 1561 3562 propter
1605 3495 1795 3547 huma-

202 3577 449 3630 nitatem.
484 3575 664 3648 Magni
681 3581 882 3633 consilii
926 3583 1156 3651 angelus,
1205 3583 1519 3638 admirabilis
1561 3587 1795 3640 consilia-

197 3669 329 3724 rius.
367 3669 424 3725 Si
462 3685 626 3740 porro
653 3672 1011 3727 Consiliarium
1037 3675 1121 3729 cui
1147 3674 1298 3737 dixit,
1331 3674 1603 3730 Faciamus
1631 3678 1796 3731 homi-

199 3777 321 3814 nem
368 3763 646 3815 secundum
691 3763 958 3834 imaginem
1005 3776 1052 3818 et
1096 3765 1475 3820 similitudinem
1526 3778 1792 3833 nostram,

157 3846 162 3852 ’
198 3854 385 3923 magni
417 3856 622 3908 consilii
650 3856 909 3925 Angelum
943 3871 1120 3923 vocas,
1166 3857 1423 3922 nondum,
1455 3873 1488 3911 o
1515 3859 1793 3928 propheta,

197 3944 524 4013 dignitatem
564 3945 680 4013 ejus
709 3947 853 4014 quia
881 3955 936 4000 te
974 3947 1308 4002 consiliarius
1349 3959 1570 4002 vocatur
1614 3949 1796 4004 decla-

193 4037 360 4090 rasti.
396 4036 517 4090 Fuit
561 4037 702 4090 enim
745 4045 799 4091 et
839 4037 1047 4109 Moyses
1073 4039 1408 4094 consiliarius
1457 4056 1472 4092 :
1519 4040 1799 4096 videbatur

192 4129 351 4182 enim
381 4129 660 4183 consilium
685 4129 813 4185 dare
842 4146 963 4186 cum
989 4131 1226 4186 diceret:
1253 4130 1336 4186 Ne
1363 4133 1564 4186 occidas
1603 4151 1704 4201 eos,
1738 4151 1800 4188 ne

189 4219 342 4287 forte
381 4219 552 4274 dicant
581 4231 751 4290 gentes
800 4237 819 4275 :
869 4221 946 4275 Ea
982 4224 1118 4293 quod
1160 4239 1262 4277 non
1303 4233 1465 4294 posset
1513 4225 1629 4279 illos
1661 4226 1800 4293 prole

189 4327 415 4380 augere,
452 4313 634 4365 occidit
671 4329 775 4368 eos.
815 4313 1008 4368 Verum
1037 4330 1104 4369 ne
1135 4316 1445 4370 miraculum
1465 4317 1529 4371 ad
1551 4320 1798 4372 consilia-

188 4403 346 4457 rium
375 4419 540 4471 usque
579 4405 830 4458 statueris
864 4423 876 4459 :
911 4421 976 4458 ne
1013 4422 1298 4463 commune
1341 4425 1533 4464 nomen
1585 4409 1796 4476 feceris,

187 4494 302 4547 etsi
358 4495 508 4547 multi
533 4495 824 4549 consiliarii
863 4501 990 4561 sint,
1025 4514 1091 4550 ne
1117 4501 1436 4554 contumelia
1465 4501 1727 4557 afﬁciatur
1751 4509 1799 4560 is

184 4586 289 4655 qui
328 4588 481 4640 solus
515 4595 616 4641 est.
651 4590 720 4640 At
749 4588 1006 4651 nondum,
1040 4589 1226 4660 inquit,
1261 4591 1376 4660 ejus
1418 4595 1504 4659 qui
1538 4595 1766 4662 pra-(lica

188 4687 286 4730 tur
325 4675 642 4745 dignitatem
671 4679 831 4732 nosti.
877 4681 1012 4734 Audi
1037 4682 1104 4736 de
1130 4683 1427 4738 admirabili
1455 4688 1797 4754 consiliario;

183 4769 380 4823 Isaias
407 4771 548 4825 enim
591 4773 641 4825 id
686 4773 825 4842 quod
863 4775 1204 4843 sequitnrab
1242 4793 1326 4840 eo,
1355 4779 1493 4848 qttod
1522 4781 1798 4852 praecedit,

185 4862 592 4929 interpretatur
623 4881 638 4918 :
665 4863 1014 4929 Admirabilis,
1057 4867 1246 4936 inquit,
1280 4870 1618 4934 consiliarius,
1665 4871 1802 4924 Deus

181 4955 386 5022 fortis.
443 4954 608 5010 Recte
662 4955 770 5010 Deo
823 4955 1189 5012 fortitudinem
1247 4959 1508 5028 adjunxit.
1574 4961 1802 5027 Quare?

181 5044 672 5112 Quemadmodum
699 5049 841 5102 enim
882 5049 1036 5102 multi
1084 5048 1231 5104 fuere
1272 5051 1584 5118 consiliarii,
1629 5067 1801 5122 neque

182 5147 398 5190 tanien
424 5135 539 5191 ideo
563 5139 718 5193 unius
739 5139 1030 5194 consiliarii
1060 5141 1289 5211 dignitas
1317 5141 1436 5200 laedi
1461 5142 1680 5209 debuit,
1726 5146 1801 5200 sic

177 5228 326 5296 quia
376 5227 528 5281 multi
567 5226 714 5285 fuere
753 5231 824 5284 dii
869 5231 1030 5298 (nam
1060 5234 1169 5286 ait:
1205 5233 1314 5302 Ego
1336 5235 1460 5300 dixi,
1482 5238 1572 5292 Dii
1592 5239 1725 5301 estis,
1756 5251 1800 5292 et

177 5318 294 5385 ﬁlii
358 5315 609 5374 Altissimi
656 5336 826 5375 omnes
873 5321 891 5394 [
923 5322 1063 5378 Psal.
1097 5325 1182 5378 Si.
1214 5323 1323 5396 6]:
1389 5341 1452 5380 ac
1488 5343 1697 5382 rursum
1728 5331 1801 5384 ait

176 5415 350 5468 Deus
386 5411 580 5484 Moysi,
614 5413 745 5468 Ecce
781 5417 926 5486 posui
951 5426 997 5470 te
1021 5418 1074 5470 in
1097 5420 1241 5472 deum
1273 5417 1560 5476 Pharaonis
1603 5421 1796 5495 [E.-tod.

172 5506 235 5560 7.
269 5502 334 5577 1]
363 5504 414 5575 ),
463 5505 544 5560 hic
571 5506 660 5577 qui
691 5510 1008 5578 praedicatur
1037 5527 1142 5565 non
1165 5511 1345 5567 debuit
1372 5518 1690 5570 Contumelia
1717 5517 1797 5572 af-

248 5708 268 5739 ι
317 5703 528 5752 phrasis
547 5705 772 5756 articulus
792 5709 874 5770 qui
900 5710 1084 5760 uncinis
1105 5708 1339 5762 clauditur
1355 5713 1499 5764 deest
1523 5714 1572 5763 in
1595 5713 1736 5764 Savil.

3377 245 3484 301 £66

1894 356 2000 413 lici.
2028 361 2108 413 Ac
2135 373 2206 412 ne
2235 368 2390 429 putes
2417 373 2542 415 eum
2567 359 2635 415 ita
2661 359 2821 416 deum
2849 375 2990 428 esse,
3023 367 3080 416 ut
3107 369 3220 417 erat
3247 360 3482 435 Moyses,

1891 460 1951 507 ut
1979 462 2134 507 erant
2157 455 2410 522 apostoli,
2460 453 2683 521 addidit,
2713 453 2851 509 Deus
2889 457 3051 526 fortis.
3085 455 3296 528 Moyses
3341 457 3481 512 Dens

1893 553 2029 610 erat,
2059 559 2164 599 non
2211 544 2386 613 fortis,
2430 546 2526 602 sed
2572 545 2884 602 fortitudine
2927 547 3173 602 donatus.
3214 548 3368 603 Aliud
3401 559 3483 604 est

1894 635 2207 691 fortitudine
2255 636 2501 704 donatus,
2555 646 2610 690 et
2659 639 2799 691 aliud
2847 637 3020 694 fortis.
3071 638 3228 692 Aliud
3259 641 3480 708 gratiam

1893 729 2258 797 commodatus,
2287 731 2430 786 aliud
2447 731 2731 802 accipiens.
2766 731 2902 785 Deus
2929 730 3093 802 fortis.
3122 729 3328 803 Moyses
3353 731 3486 787 deus

1894 831 2008 874 erat
2037 821 2346 876 fortitudine
2366 823 2612 885 donatus,
2646 823 2854 876 etiamsi
2883 822 3161 892 grandiqu
3202 823 3486 878 miraculo-

1897 924 2012 962 rum
2042 918 2280 978 patrator
2306 929 2321 977 ;
2358 928 2544 966 verum
2573 914 2796 982 gratiam
2824 914 3033 983 accipit.
3083 913 3196 968 Sub
3221 923 3484 982 potestate

1894 1009 2048 1055 erant
2073 1003 2321 1070 apostoli,
2370 1015 2560 1073 potens
2589 1016 2670 1060 est
2695 1005 2966 1072 Servator,
2995 1015 3050 1062 et
3087 1007 3292 1063 tribuit.
3347 1007 3488 1064 Deus

1895 1093 2062 1163 fortis.
2109 1093 2291 1164 Neque
2332 1094 2436 1149 hoc
2475 1105 2677 1151 tantum
2720 1099 2850 1152 satis
2897 1097 3101 1162 habuit,
3143 1100 3234 1154 sed
3267 1100 3486 1170 adjicit,

1896 1194 2092 1254 potens,
2144 1195 2202 1239 ut
2242 1194 2296 1241 et.
2338 1200 2437 1241 nos
2477 1196 2532 1241 et
2572 1187 2853 1242 haereticos
2881 1188 3118 1257 doceret,
3153 1207 3220 1246 ne
3258 1192 3356 1246 sub
3393 1208 3490 1261 po—

1896 1284 2088 1331 testate
2137 1277 2440 1333 diceremus
2485 1293 2609 1334 eutn
2667 1281 2756 1349 qui
2805 1281 2903 1349 ipsi
2944 1284 3193 1352 potestati
3238 1284 3486 1352 imperat.

1895 1369 2052 1424 Aliud
2091 1378 2174 1424 est
2216 1371 2316 1424 sub
2361 1378 2622 1440 potestate
2663 1371 3017 1436 constitutus,
3083 1373 3224 1428 aliud
3269 1385 3482 1445 potens.

1897 1461 1988 1516 Vis
2019 1477 2178 1517 nosse
2210 1463 2497 1518 discrimen
2537 1464 2676 1519 inter
2702 1480 2824 1519 eum
2847 1465 2934 1534 qui
2965 1481 3034 1521 ex
3066 1479 3123 1519 se
3163 1477 3350 1536 potens
3391 1469 3483 1534 sit,

1897 1563 1952 1607 et
1995 1568 2116 1607 eum
2146 1557 2236 1624 qui
2259 1555 2358 1609 sub
2384 1565 2645 1624 potestate
2668 1557 2774 1610 sit?
2801 1558 3037 1626 Apostoli
3067 1559 3168 1614 sub
3203 1568 3486 1627 potestate,

1899 1645 2158 1700 Servator
2187 1661 2316 1702 vero
2345 1657 2535 1716 potens
2563 1659 2698 1704 erat.
2723 1649 2916 1704 Paulus
2943 1649 3072 1704 vidit
3097 1651 3151 1705 iu
3181 1652 3486 1708 Macedonia

1901 1734 2130 1803 puellam
2189 1737 2434 1805 spiritum
2476 1739 2734 1809 Pythonis
2776 1739 3088 1805 habentem,
3136 1743 3488 1812 omnibusque

1900 1826 2166 1884 dicentem
2201 1846 2216 1884 :
2247 1829 2320 1884 Hi
2345 1831 2572 1886 homines
2595 1834 2724 1886 serui
2756 1832 2854 1887 Dei
2893 1834 3128 1888 altissimi
3155 1846 3291 1889 sunt.
3322 1836 3489 1907 zEgre

1900 1929 2068 1973 autem
2101 1920 2265 1990 ferens
2303 1922 2518 1986 Paulus,
2548 1940 2812 1979 conuersus
2837 1925 2965 1980 dixit
2993 1926 3192 1996 spiritui
3231 1927 3364 1996 (Act.
3396 1927 3484 1983 16.

1903 2012 1990 2066 i7.
2023 2013 2150 2084 18);
2199 2030 2304 2069 non
2331 2026 2507 2069 autem
2534 2016 2746 2086 puellae,
2777 2017 2870 2072 scd
2903 2018 3128 2086 puellam
3165 2020 3440 2088 occupanti
3465 2060 3484 2086 ,

1902 2101 2159 2158 Denuntio
2185 2106 2272 2159 tibi
2311 2111 2365 2163 in
2393 2109 2593 2162 nomine
2620 2108 2822 2162 Domini
2845 2109 2966 2164 Jesu
2991 2107 3197 2176 Christi,
3247 2121 3301 2164 ut
3336 2128 3486 2166 exeas

1903 2197 1966 2249 ab
2005 2198 2115 2250 illa.
2179 2198 2347 2254 Vocat
2396 2201 2713 2269 Dominum,
2760 2210 2820 2256 ut
2857 2203 3101 2257 ostendat
3142 2219 3202 2258 se
3247 2219 3484 2258 servum.

1903 2287 2035 2354 Quia
2065 2304 2223 2359 supra
2255 2290 2524 2347 hominem
2557 2291 2658 2348 hoc
2694 2293 3010 2348 miraculum
3039 2304 3173 2360 erat,
3203 2297 3340 2365 quod
3372 2296 3485 2350 dxe-

1902 2397 2089 2436 mones
2141 2383 2421 2439 obedirent
2465 2385 2786 2452 hominibus,
2841 2403 2908 2443 ne
2950 2388 3094 2442 visus
3125 2404 3310 2444 vocem
3334 2404 3488 2460 rape-

1904 2483 2005 2540 ret,
2051 2491 2184 2531 neve
2226 2477 2292 2542 ii,
2333 2479 2425 2548 qui
2470 2479 2562 2533 Dei
2601 2481 2830 2534 ministri
2877 2489 3063 2546 erant,
3109 2481 3180 2536 dii
3226 2497 3346 2538 esse
3391 2498 3488 2552 pu-

1906 2573 2162 2630 tarentur,
2219 2567 2494 2636 Denuntio,
2543 2571 2734 2642 inquit,
2784 2572 2873 2626 tibi
2919 2573 2971 2626 in
3014 2574 3214 2628 nomine
3255 2573 3484 2628 Domini.

1906 2657 2055 2713 Servi
2082 2669 2166 2716 est
2193 2661 2534 2727 denuntiare,
2570 2664 2663 2719 Dei
2692 2679 2816 2719 cum
2851 2674 3115 2736 potestate
3159 2681 3339 2736 agere.
3388 2667 3485 2721 Vi-

1904 2752 2025 2806 disti
2059 2752 2308 2808 famulum
2352 2755 2776 2822 denuntiantem,
2818 2757 2940 2812 vide
2985 2759 3265 2812 Dominum
3308 2765 3482 2828 tmpe-

1905 2854 2130 2898 rantem.
2179 2845 2402 2903 Oblatus
2428 2856 2511 2902 est
2555 2848 2779 2902 Domino
2821 2847 3032 2917 quidam
3085 2848 3478 2912 dmmoniacus.

1902 2935 2094 2989 surdus
2121 2947 2175 2991 et
2205 2948 2400 2993 mutus.
2446 2939 2561 2994 Non
2601 2939 2734 2994 dixit
2762 2939 3033 3002 Dominus,
3086 2939 3344 2994 Denuntio
3391 2940 3486 2994 tibi

1905 3026 2070 3081 surdo
2100 3037 2151 3082 et
2178 3039 2327 3084 muto
2355 3030 2655 3095 daemonio;
2687 3030 2801 3092 sed,
2835 3030 2944 3100 Ego
2981 3030 3068 3083 tibi
3095 3029 3351 3099 prazcipio.
3387 3031 3489 3086 lte-

1904 3119 2164 3173 nuntiatio
2217 3130 2299 3175 est
2345 3121 2514 3186 Pauli,
2571 3123 2802 3192 potentis
2849 3131 3026 3176 autem
3071 3130 3152 3175 est
3196 3121 3484 3190 imperare.

1906 3207 2018 3280 Ego
2059 3210 2150 3264 tibi
2197 3213 2456 3280 praecipio,
2502 3214 2581 3268 exi
2629 3215 2692 3267 ab
2739 3230 2819 3279 eo,
2869 3229 2957 3267 nec
2980 3213 3200 3280 amplius
3223 3213 3488 3266 intraueris

1905 3298 2096 3363 (Marc.
2115 3301 2166 3357 9.
2187 3301 2298 3365 24).
2322 3302 2568 3357 Obedivit
2596 3303 2826 3369 dazmon,
2845 3303 2992 3357 novit
3012 3303 3154 3359 enim
3179 3305 3486 3372 potentiam.

1902 3392 2052 3446 Dicat
2077 3392 2264 3448 beatus
2281 3393 2528 3450 Ezechiel
2548 3395 2613 3449 ad
2635 3410 2960 3467 synanogam
2981 3395 3281 3450 haereticam
3317 3411 3331 3449 :
3364 3393 3488 3448 Vivo

1901 3499 2012 3554 ego,
2046 3483 2165 3536 dicit
2192 3483 2440 3539 Dominus
2463 3525 2478 3548 ,
2498 3487 2785 3554 justiﬁcata
2830 3495 2900 3540 est
2945 3502 3090 3539 soror
3132 3495 3219 3538 tua
3259 3483 3489 3538 Sodoma

1899 3591 2054 3644 supra
2080 3585 2126 3628 te
2171 3573 2384 3645 (Ezeclt.
2410 3575 2496 3631 16.
2529 3577 2801 3645 52).ριιίἀ
2842 3587 2924 3633 cst
2967 3576 3095 3634 illud
3140 3577 3280 3646 quod
3315 3577 3487 3632 dicit?

1899 3667 2011 3721 Nisi
2043 3669 2185 3722 enim
2213 3669 2342 3723 illud
2371 3668 2642 3736 didiceris,
2693 3687 2796 3725 non
2827 3672 3028 3740 pateris
3056 3671 3241 3725 deduci
3270 3669 3336 3724 ad
3375 3671 3487 3738 spi-

1902 3761 2108 3816 ritualis
2156 3776 2344 3816 sensus
2388 3763 2812 3831 intelligentiam.
2876 3764 3166 3818 Sodomita:
3217 3763 3489 3834 desperati

1901 3859 2092 3915 erant;
2127 3853 2179 3906 in
2204 3853 2410 3908 scelere
2440 3854 2583 3907 enim
2613 3854 2771 3908 vitam
2802 3855 3166 3923 transigebant
3209 3871 3222 3908 :
3258 3855 3486 3924 ideoque

1901 3943 2153 3998 divinitus
2179 3944 2418 3998 immisso
2446 3945 2743 4013 consumpti
2775 3956 2897 3998 sunt
2928 3946 3065 4014 igne.
3115 3945 3347 4015 Eratque
3391 3945 3488 4000 Je-

1904 4036 2134 4090 rusalem
2161 4044 2284 4105 post
2318 4050 2503 4090 eorum
2531 4037 2771 4103 exitium,
2808 4037 3059 4107 urbisque
3085 4052 3270 4089 eorum
3301 4035 3490 4089 incen-

1903 4129 2072 4192 dium,
2113 4129 2297 4191 mult'ts
2321 4127 2776 4197 generationibus,
2825 4128 3002 4197 specie
3030 4127 3240 4194 quidem
3266 4126 3486 4190 florens,

1905 4221 2102 4291 majora
2127 4229 2301 4275 tamen
2327 4221 2526 4274 scelera
2550 4228 2883 4288 perpetrans.
2933 4219 3065 4272 Cum
3105 4219 3259 4287 igitur
3298 4216 3352 4270 hi
3390 4216 3490 4272 So-

1903 4313 2224 4367 domitarum
2273 4312 2560 4380 nequitiam
2611 4317 2961 4379 superarent,
3005 4309 3149 4374 jurat
3206 4307 3344 4361 Deus
3391 4322 3490 4375 per

1905 4405 2240 4458 Ezcclticlem
2283 4403 2365 4457 his
2413 4402 2592 4457 verbis
2645 4419 2661 4457 :
2713 4420 2732 4452 ι
2771 4401 2902 4455 Vivo
2943 4415 3042 4470 ego
3082 4399 3319 4463 Adouai,
3357 4398 3492 4454 dicit

1905 4497 2182 4560 Dominus,
2207 4495 2292 4550 dic
2313 4495 2678 4562 incomposita:
2705 4493 2827 4547 ﬁliae
2851 4492 3146 4548 Jerusalem
3177 4509 3188 4544 :
3216 4490 3330 4546 Non
3361 4506 3486 4558 pec-

1904 4591 2045 4646 cavit
2086 4605 2240 4644 soror
2295 4599 2381 4642 tua
2427 4586 2659 4642 Sodoma
2703 4588 2783 4640 vel
2831 4586 3107 4640 dimidium
3151 4595 3487 4648 peccatorum

1907 4693 2140 4749 tuorum,
2181 4695 2230 4738 et
2254 4683 2539 4753 justilicata
2571 4691 2652 4734 est
2679 4681 2910 4734 Sodoma
2937 4695 2999 4733 ex
3033 4690 3083 4732 te
3109 4696 3127 4729 ›
3155 4676 3362 4748 (Eseclt.
3399 4673 3487 4729 l6.

1906 4779 1996 4832 48.
2031 4774 2156 4845 52),
2204 4791 2267 4830 ac
2309 4775 2352 4828 si
2394 4775 2620 4838 diceret,
2668 4773 2897 4826 Sodoma
2953 4767 3352 4837 comparatione
3410 4767 3484 4820 tui

1901 4869 2044 4937 justa
2087 4877 2201 4930 est;
2245 4883 2308 4922 ac
2349 4867 2393 4920 si
2437 4865 2556 4933 quis
2611 4863 2874 4916 lucreticis
2919 4859 3123 4914 diceret
3159 4876 3174 4912 :
3208 4855 3489 4912 Justiﬁcati

1909 4969 2032 5013 sunt
2070 4968 2125 5014 et
2146 4959 2314 5014 Judari
2345 4974 2410 5012 ex
2442 4956 2638 5027 ingenti
2668 4954 3042 5008 luereticornm
3071 4949 3286 5015 furore;
3327 4949 3488 5020 justi-

1911 5055 2048 5108 licati
2097 5062 2217 5106 sunt
2262 5053 2552 5108 dmmones.
2602 5047 2724 5116 quia
2753 5046 2806 5099 hi
2839 5045 3029 5099 Filium
3071 5045 3242 5114 ipsum
3273 5050 3485 5108 vocant,

1910 5150 1980 5204 illi
2015 5165 2140 5203 vero
2164 5147 2454 5215 cpilicium.
2494 5141 2788 5207 Justiﬁcata
2826 5147 2899 5194 est
2947 5137 3174 5194 Sodoma
3213 5154 3275 5192 ea:
3303 5148 3367 5192 te.
3394 5137 3490 5191 Hic

1909 5254 2086 5296 autem
2133 5241 2304 5294 obiter
2329 5255 2510 5307 qntnro
2539 5251 2754 5290 causam
2783 5250 2879 5288 cur
2909 5234 2944 5287 ii
2971 5234 3058 5302 qui
3089 5231 3490 5286 Sodomitarum

1909 5339 2108 5390 scelera
2151 5339 2546 5402 perpetrarnnt,
2587 5343 2691 5380 non
2742 5327 3013 5395 perierunt
3051 5336 3111 5379 ut
3157 5321 3487 5385 Sodomita,
3537 5403 3540 5406 ~

1909 5429 2016 5481 imo
2055 5429 2234 5486 etiam,
2285 5423 2329 5479 si
2370 5422 2531 5491 duplo
2575 5421 2776 5488 majora
2828 5426 3199 5488 peccaverunt,
3239 5429 3337 5468 cur
3381 5427 3488 5464 non
3541 5409 3544 5414 ’

1907 5521 2162 5578 devastati
2193 5531 2312 5574 sunt
2343 5529 2398 5572 ut
2427 5518 2536 5572 illi?

1977 5613 2031 5669 8.
2076 5615 2213 5667 Deus
2253 5612 2429 5681 itaque
2477 5626 2582 5663 non
2630 5607 2790 5662 modo
2837 5604 3050 5660 videbat
3092 5601 3358 5669 ingentem
3389 5594 3488 5649 Ju-

1913 5708 2150 5761 daeorum
2177 5703 2524 5774 impietatem,
2548 5699 2642 5756 sed
2669 5699 2829 5755 etiam
2856 5709 2996 5760 eam,
3020 5705 3137 5762 qute
3167 5695 3286 5760 post
3313 5684 3488 5743 futura
