3958 6186
388 269 493 326 46⁸1

385 392 522 449 erat,
563 381 795 438 ﬁdelium
842 383 1120 450 pietatem;
1167 380 1490 451 prmidebat
1531 379 1854 450 prodituram
1897 395 1962 435 ex

385 474 569 530 Judzna
598 489 718 530 esse
746 483 983 528 sanctam
1012 473 1292 544 Deiparam
1317 473 1573 543 virginem
1606 491 1619 528 :
1649 472 1970 543 prmvidebat

385 568 610 623 chorum
657 566 1046 636 apostolorum,
1089 583 1294 622 necnon
1333 567 1547 622 ordines
1579 565 1966 631 confessorem,

383 669 438 713 et
467 659 631 712 multa
660 657 820 712 millia
841 657 1146 713 Judzeorum
1166 657 1524 728 quicredituri
1549 665 1720 712 erant.
1746 655 1970 724 Quando

383 752 526 805 enim
549 751 791 806 ascendit
819 751 1015 805 Paulus
1043 751 1104 804 in—
1125 749 1420 806 Jerusalem
1441 790 1455 812 .
1478 749 1659 804 dicunt
1695 749 1743 801 ei
1769 762 1968 816 coapo-

382 842 507 896 stoli
539 860 552 896 :
579 841 752 909 Vides,
778 841 942 897 Paule
973 837 1161 907 frater,
1185 851 1302 909 quot
1324 840 1483 895 millia
1509 849 1627 894 sunt
1659 836 1971 890 Judworum

383 935 472 1004 qui
510 933 829 988 crediderunt
873 934 1012 1002 (Act.
1040 931 1132 987 2|.
1157 932 1270 1003 20).
1318 930 1626 985 Praevidens
1669 929 1828 999 igitur
1869 942 1965 982 eos

378 1025 468 1096 qui
498 1026 750 1081 credituri
780 1035 954 1090 erant,
981 1026 1219 1094 pepercit
1248 1024 1562 1088 incredulis;
1602 1037 1706 1076 non
1729 1023 1963 1091 ipsorum

383 1118 574 1187 gratia,
621 1117 713 1171 sed
755 1128 970 1186 propter
1011 1116 1261 1178 fructum,
1303 1117 1390 1185 qui
1421 1131 1485 1170 ex
1518 1114 1622 1168 illis
1662 1114 1962 1197 nasciturus

377 1219 512 1264 erat.
541 1210 596 1264 ld
639 1209 952 1265 testiﬁcatur
975 1209 1137 1264 Isaias
1162 1227 1174 1262 :
1204 1208 1299 1261 «Et
1328 1207 1428 1261 nisi
1457 1206 1710 1260 Dominus
1729 1203 1961 1260 Sabaoth

381 1301 686 1370 reliquisset
714 1302 869 1354 nobis
897 1315 1102 1365 semen,
1133 1298 1285 1369 quasi
1312 1298 1541 1353 Sodoma
1562 1297 1867 1362 fuissemus,
1908 1303 1962 1350 et

377 1395 527 1462 quasi
568 1393 864 1449 Gomorrha
894 1393 1097 1448 similes
1123 1393 1242 1446 facti
1267 1405 1508 1446 essemus
1539 1409 1556 1442 ι
1617 1389 1766 1461 (Isai.
1798 1391 1850 1444 1.
1878 1387 1957 1461 9).

381 1484 574 1537 Verum
623 1481 759 1538 forte
801 1497 899 1536 nos
937 1482 1080 1538 dicto
1127 1483 1234 1536 vim
1281 1481 1576 1541 intulimus.
1606 1480 1751 1536 etde
1771 1480 1870 1534 alia
1899 1495 1959 1536 re

377 1575 611 1644 loquitur
641 1574 845 1628 Isaias?
891 1577 960 1628 At
1003 1573 1224 1628 Paulum
1264 1572 1410 1634 audi,
1439 1570 1818 1640 prophetarum
1847 1570 1954 1625 fra-

377 1676 512 1720 trem
542 1677 593 1721 et
614 1667 970 1735 interpretem
998 1666 1262 1721 dicentem
1290 1683 1305 1717 :
1340 1683 1359 1716 ι
1384 1664 1620 1727 Fratres,
1673 1681 1778 1720 non
1832 1665 1952 1721 reli-

375 1757 516 1826 quite
572 1756 864 1811 secundum
907 1756 1218 1810 electionem
1267 1756 1451 1825 gratim
1502 1755 1654 1809 facta:
1693 1764 1848 1815 sunt;
1899 1763 1956 1810 ttt

372 1847 611 1916 reliquiae
639 1847 798 1901 salva:
819 1857 1020 1902 essent.
1054 1847 1122 1902 Et
1149 1847 1284 1902 sicut
1309 1846 1442 1901 dixit
1477 1846 1653 1912 lsaias,
1695 1847 1806 1901 Nisi
1845 1847 1951 1900 Do-

373 1938 550 1993 minus
579 1937 816 1993 Sabaoth
848 1939 1145 2010 reliquissct
1176 1938 1328 1993 nobis
1357 1952 1564 2002 semen,
1602 1939 1749 2008 quasi
1777 1937 1948 1992 Sodo-

371 2043 455 2082 ma
505 2029 628 2084 facti
679 2045 920 2084 essemus
975 2050 995 2083 ι
1054 2029 1226 2099 (Rom.
1261 2031 1346 2085 ll.
1375 2029 1427 2084 5.
1456 2040 1502 2083 et
1531 2029 1584 2084 9.
1615 2027 1729 2100 29).
1761 2029 1950 2083 Omnia

367 2119 628 2189 siquidem
649 2120 972 2189 prtevidebat
997 2120 1156 2187 Deus,
1176 2129 1231 2174 et
1259 2135 1364 2174 non
1397 2119 1614 2188 perinde
1641 2128 1802 2188 atque
1827 2133 1946 2182 nos,

366 2214 456 2281 qui
487 2208 726 2283 tempore
751 2213 1026 2278 docemur,
1071 2213 1150 2269 sic
1176 2214 1315 2268 Deus
1341 2228 1435 2282 per
1459 2211 1842 2281 experientiam
1869 2211 1948 2265 di-

363 2305 483 2360 scit.
515 2304 721 2360 Rursus
751 2306 890 2370 dico,
925 2314 982 2360 ut
1006 2321 1149 2376 saepe
1177 2305 1307 2371 dixi,
1346 2305 1663 2360 saeculorum
1703 2303 1836 2358 ﬁnes
1865 2304 1947 2358 vi-

361 2401 522 2458 debat
554 2420 568 2456 :
598 2403 859 2457 Adatnum
890 2403 1022 2456 vidit
1065 2410 1392 2472 peccantem,
1434 2399 1756 2470 przevidebat
1783 2399 1943 2453 etiam

361 2508 458 2549 eos
484 2494 573 2564 qui
604 2509 674 2549 ex
707 2494 800 2548 illo
841 2493 998 2548 futuri
1041 2500 1221 2547 essent
1255 2491 1407 2562 justi,
1437 2489 1651 2546 videbat
1696 2503 1818 2544 eum
1846 2488 1945 2557 eji-

359 2585 608 2640 ciendum
635 2601 701 2640 ex
741 2585 1028 2654 paradiso:
1072 2599 1255 2638 verum
1283 2581 1608 2652 przevidebat
1635 2595 1854 2650 regnum
1892 2580 1942 2634 ei

359 2689 478 2729 esse
522 2686 782 2745 paratum.
812 2675 1071 2746 Quodque
1097 2673 1410 2728 admirabile
1435 2682 1537 2736 est,
1568 2683 1693 2726 ante
1729 2669 1939 2741 paradi-

359 2781 475 2820 sum
505 2780 726 2834 regnum
760 2773 998 2834 paratum
1025 2763 1141 2818 fuit.
1166 2764 1372 2818 Miraris
1398 2762 1540 2833 quod
1556 2762 1724 2818 Adam
1741 2761 1941 2832 ejectus

357 2856 519 2911 fuerit
559 2872 624 2911 ex
672 2857 959 2925 paradiso?
1006 2857 1233 2924 Mirare,
1281 2857 1424 2927 quod
1464 2866 1590 2912 ante
1637 2856 1937 2926 paradisum

356 2959 596 3019 paratum
639 2951 738 3020 ipsi
783 2951 942 3007 fuerit
971 2967 1192 3022 regnum
1217 2951 1493 3006 caelorum.
1524 2951 1614 3006 Ait
1642 2951 1894 3006 Servatur
1921 2968 1936 3005 :

367 3043 553 3106 Venite,
577 3043 820 3098 benedicti
871 3044 1046 3099 Patris
1087 3047 1184 3099 mei
1207 3087 1220 3109 ,
1254 3045 1502 3116 possidete
1539 3054 1775 3114 paratum
1801 3044 1938 3099 vobis

351 3151 560 3205 regnum
598 3151 629 3186 a
677 3137 1030 3196 constitutione
1069 3137 1245 3190 mundi
1297 3136 1507 3207 (Matth.
1536 3138 1626 3194 25.
1659 3138 1774 3208 54).

421 3229 608 3283 Contra
636 3229 874 3285 Arianae.
913 3228 1249 3301 Primogeniti
1275 3241 1324 3284 et
1352 3233 1596 3303 unigeniti
1628 3233 1931 3301 differentia.

347 3349 418 3360 -—
443 3319 772 3375 Erubescant
812 3319 1077 3388 haeretici,
1123 3335 1244 3376 cum
1290 3322 1512 3378 audiunt
1552 3339 1614 3378 ea
1653 3340 1774 3395 quae
1811 3341 1933 3382 san-

345 3413 446 3466 ctis
488 3423 666 3481 parata
715 3419 858 3478 sunt,
902 3421 1028 3467 ante
1069 3414 1504 3470 constitutionem
1536 3418 1742 3484 mundi,
1772 3428 1827 3475 et
1853 3421 1934 3475 di-

345 3511 492 3568 cunt,
535 3503 660 3557 Erat
694 3503 979 3572 aliquando
1019 3519 1139 3558 cum
1170 3503 1338 3558 Filius
1375 3520 1482 3559 non
1533 3516 1694 3562 esset.
1741 3509 1931 3579 Specie

345 3603 548 3648 tantum
601 3593 944 3664 Unigenitum
997 3595 1354 3660 conﬁtentur,
1412 3596 1535 3665 quia
1595 3597 1927 3669 St-ripturam

342 3683 522 3738 delere
551 3699 656 3738 non
686 3691 946 3753 possunt;
991 3697 1174 3738 vocem
1217 3684 1534 3754 largiuntur,
1575 3697 1630 3741 et
1654 3703 1768 3743 rem
1801 3692 1929 3746 sub-

343 3774 578 3827 trahunt.
627 3773 683 3828 Si
723 3774 1019 3828 dixerimus
1071 3774 1400 3844 unigenitum
1453 3777 1644 3832 Filium
1674 3819 1690 3845 ,
1745 3782 1924 3837 statim

341 3865 526 3920 dicunt
555 3883 568 3919 :
600 3865 867 3936 Scriptum
896 3878 978 3923 est
1003 3869 1183 3936 etiam,
1211 3868 1590 3940 Primogenitus
1617 3874 1767 3927 totius
1793 3875 1925 3931 orbis

338 3965 587 4010 terrarum
616 3957 749 4026 (Col.
788 3959 840 4013 I.
871 3960 981 4029 15).
1019 3959 1160 4030 Ergo
1190 3961 1480 4016 secundum
1504 3962 1783 4020 haereticos
1809 3965 1924 4022 lucc

337 4049 444 4106 duo
470 4051 608 4107 inter
634 4065 692 4107 se
721 4062 975 4123 pugnant.
997 4053 1130 4108 Nam
1157 4055 1199 4109 si
1232 4055 1632 4125 primogenitus,
1665 4073 1770 4112 non
1801 4060 1922 4114 uni-

335 4142 547 4212 gettitus
571 4152 654 4197 est
686 4162 700 4198 :
729 4145 1116 4213 primogenitus
1136 4146 1298 4212 enim,
1349 4161 1469 4200 cum
1497 4147 1690 4203 fratres
1718 4148 1921 4205 habue-

336 4234 424 4298 rit,
460 4234 844 4304 primogenitus
869 4227 1067 4290 dicitur
1097 4253 1110 4288 :
1144 4235 1446 4306 unigenitus
1473 4253 1620 4301 vero,
1657 4239 1701 4293 si
1729 4238 1920 4295 fratres

336 4325 549 4390 habeat,
601 4325 711 4394 jam
765 4326 1070 4395 unigenitus
1133 4342 1238 4381 non
1306 4327 1502 4382 dicitur
1551 4349 1564 4384 :
1623 4327 1920 4398 unigenitus

335 4417 532 4488 quippe
568 4417 725 4471 estis
762 4418 852 4486 qui
888 4435 1026 4472 unus
1065 4434 1129 4472 ex
1160 4419 1338 4489 aliquo
1370 4429 1526 4475 natus
1567 4430 1683 4487 est;
1729 4437 1918 4491 quem-

335 4509 619 4564 admodum
665 4519 718 4563 et
756 4509 1032 4578 Scriptura
1079 4513 1398 4566 testiﬁcatur
1431 4512 1796 4568 Abrahamum
1838 4516 1918 4569 alo

338 4602 558 4673 loquens
591 4618 604 4654 :
631 4599 778 4655 Tolle
803 4602 968 4668 ﬁlium
999 4613 1140 4654 tuum
1178 4604 1496 4673 unigenitum
1537 4605 1692 4675 (Gen.
1716 4607 1806 4660 22.
1833 4606 1912 4678 2).

332 4695 721 4765 Primogeuitus
778 4693 973 4748 dicitur
1022 4694 1098 4756 is,
1145 4695 1231 4762 qui
1297 4694 1490 4750 fratres
1542 4697 1738 4763 habet;
1795 4699 1915 4754 ideo

331 4787 472 4841 enim
521 4787 725 4857 primus
752 4798 852 4849 est,
908 4784 1050 4856 quod
1095 4785 1240 4853 prior
1274 4788 1556 4841 natus\sit.
1603 4788 1914 4858 Unigenitus

329 4892 480 4943 vero,
528 4878 653 4934 ideo
692 4878 884 4933 dicitur
924 4875 1243 4947 unigenitus,
1289 4876 1430 4946 quod
1471 4877 1660 4934 fratres
1687 4874 1792 4936 non
1821 4881 1914 4936 ha-

330 4964 470 5020 beat.
491 4969 638 5023 Alias
663 4985 870 5040 quoque
894 4968 1197 5040 unigenitus
1227 4979 1330 5036 est,
1349 4970 1438 5039 qui
1467 4969 1614 5025 solus
1641 4985 1706 5026 ex
1734 4973 1913 5042 aliquo

333 5064 488 5110 natus
516 5068 617 5124 est,
646 5075 752 5113 non
783 5062 871 5130 qui
901 5063 1046 5116 solus
1076 5059 1244 5116 factus
1269 5071 1370 5125 est,
1425 5069 1483 5114 ut
1510 5071 1773 5131 nugantur
1802 5063 1912 5118 hue-

331 5148 503 5202 retici.
531 5147 866 5219 Uuigcuitus,
898 5154 1020 5223 quia
1054 5157 1198 5208 solus
1229 5154 1345 5208 talis
1366 5153 1533 5208 factus
1557 5165 1656 5210 est.
1690 5157 1831 5226 Ergo
1858 5168 1912 5212 et

331 5239 474 5294 Elias
516 5241 839 5310 uuigenitus,
871 5247 992 5314 quia
1036 5248 1183 5302 solus
1223 5247 1378 5313 talis;
1424 5248 1566 5318 quod
1615 5263 1744 5304 sane
1788 5266 1910 5305 cum

329 5333 538 5389 ratione
583 5344 801 5404 pugnat.
833 5339 904 5391 At
932 5338 982 5391 iu
1014 5355 1164 5394 more
1185 5339 1474 5410 Scriptum
1501 5349 1604 5405 est,
1637 5352 1694 5394 ut
1723 5343 1910 5412 unige-

325 5427 497 5481 uitum
524 5425 666 5481 dicat
693 5441 835 5492 eum,
866 5428 956 5496 qui
982 5429 1130 5483 solus
1152 5431 1220 5484 ab
1248 5431 1426 5501 aliquo
1452 5433 1664 5502 genitus
1693 5441 1794 5496 est,
1820 5447 1909 5487 se-

328 5518 562 5574 cundum
603 5518 748 5588 prius
792 5518 1210 5575 demonstratam
1255 5523 1402 5577 vocis
1445 5523 1907 5593 signiﬁcationem.

328 5611 575 5673 Attende,
611 5627 812 5682 quaso.
843 5611 1253 5682 Primogenitus,
1277 5615 1320 5672 si
1351 5614 1538 5670 fratres
1560 5630 1664 5670 nou
1695 5615 1906 5682 habeat,

327 5702 634 5770 nuigeuitus
672 5714 776 5760 est.
811 5704 919 5776 Ego
949 5718 1052 5759 non
1080 5720 1265 5772 unum,
1297 5721 1401 5761 non
1441 5706 1594 5773 duos,
1628 5722 1732 5762 non
1764 5716 1871 5762 tres
1891 5750 1905 5776 ,

1840 262 2206 319 SEVERIANI

3569 295 3680 350 463

2075 379 2166 434 sed
2208 379 2464 449 plurimos
2509 389 2719 455 reperio
2760 391 3157 464 prituogeuitos.
3219 401 3356 458 Rem
3409 422 3606 463 notum
3626 415 3648 464 .'

2074 470 2413 570 Primpgeniti
2441 477 2707 544 quomodo
2737 481 2950 550 plures?
2978 487 3144 544 Unum
3165 494 3306 547 enim
3328 509 3450 551 esse
3472 515 3632 570 opor-

2075 569 2168 614 tet.
2195 560 2508 619 Sermonem
2540 567 2784 636 produxi,
2815 574 2882 629 ob
2903 576 3015 632 illas
3040 595 3216 646 voces,
3241 560 3611 659 primogenita:

2071 661 2125 705 et
2174 654 2476 724 unigenitus
2525 675 2539 713 :
2581 659 2934 722 difﬁcultatem
2960 685 3082 726 vero
3118 654 3588 747 εοινειηηις.Ἐυιη,

2071 741 2158 808 qui
2188 745 2388 812 primus
2426 748 2610 804 credat
2635 753 2684 806 in
2713 769 2802 810 sua
2825 767 2990 827 relate,
3023 764 3156 820 Deus
3193 741 3577 841 primogenitum

2071 844 2389 932 voca-t,-non
2429 841 2571 908 quod
2611 845 2680 898 sit
2720 847 2906 914 primus
2946 852 3074 910 inter
3109 861 3236 914 alios
3260 863 3441 932 ﬁdeles,
3480 873 3565 924 sed

2069 924 2210 1021 quod
2260 926 2473 1021 inisuis
2517 938 2826 1004 temporibus
2871 944 3004 1011 prius
3065 956 3380 1021 apparuerit;
3423 924 3556 1014 verbi

2067 1017 2269 1120 gratia,
2327 1020 2662 1120 iunngypto
2703 1042 2808 1086 erat
2850 1038 3086 1105 pepulus,
3136 1017 3252 1099 dicit
3300 1017 3420 1103 Deus
3467 1072 3548 1120 per

2067 1107 2297 1180 Moyseut
2335 1131 2347 1168 :
2375 1113 2544 1173 Filius
2586 1123 2916 1195 primogenita
2940 1148 3064 1186 meus
3089 1133 3258 1190 Israel.
3301 1141 3406 1194 Diri
3432 1107 3540 1198 :'di-

2067 1202 2205 1255 mitte
2250 1206 2375 1259 milii
2420 1213 2662 1279 populum
2699 1233 2848 1272 meum
2885 1220 3058 1293 (Exod.
3088 1229 3138 1281 4.
3166 1229 3248 1282 22.
3276 1233 3376 1301 25).
3419 1237 3536 1291 Ecce

2067 1296 2316 1365 populum
2368 1301 2762 1398 primogenitum
2805 1328 2817 1364 :
2863 1315 2973 1384 quia
3014 1318 3098 1373 illo
3147 1296 3360 1392 tempore
3404 1333 3532 1398 priur

2063 1391 2493 1486 erat-populus,
2547 1399 2634 1467 qui
2678 1401 2829 1457 Deum
2865 1419 3086 1463 noverat.
3131 1412 3337 1470 Emersit
3376 1391 3530 1486 postea

2065 1475 2248 1577 David,
2279 1490 2400 1552 post
2423 1483 2613 1556 legem,
2644 1501 2756 1561 post
2786 1496 2959 1552 multas
2984 1511 3170 1568 aetates,
3201 1521 3255 1560 ac
3284 1475 3529 1577 pellireznr

2064 1566 2113 1620 ei
2146 1568 2306 1634 Deus,
2328 1587 2404 1626 ex
2435 1577 2636 1633 semine
2662 1581 2766 1649 ejus
2788 1584 3031 1644 Christum
3075 1566 3308 1650 oriturum
3345 1616 3467 1663 eSsc,
3491 1617 3529 1656 (-l

2059 1659 2136 1712 sic
2179 1663 2253 1715 ait
2295 1680 2309 1715 :
2352 1663 2530 1722 Inveni
2554 1669 2712 1727 David
2735 1691 2910 1730 servum
2935 1697 3104 1747 meum,
3139 1688 3237 1740 oleo
3261 1701 3411 1744 sancto
3430 1698 3536 1746 uari

2058 1767 2189 1806 eum.
2214 1751 2242 1805 1
2249 1771 2337 1821 pse
2360 1759 2607 1815 invocabit
2649 1782 2741 1831 me,
2785 1780 2914 1837 pater
2935 1789 3061 1827 meus
3095 1793 3158 1829 es.
3187 1779 3246 1831 Et
3276 1799 3356 1851 rgo
3378 1787 3538 1853 prim-

2056 1846 2279 1944 genitum
2305 1865 2501 1944 ponant
2518 1854 2660 1910 illum
2700 1859 2855 1928 (Psal.
2882 1863 2963 1920 88.
2990 1867 3073 1922 2|.
3100 1870 3184 1924 27.
3212 1846 3318 1943 28).
3351 1846 3483 1944 Quod
3504 1883 3538 1934 si

2058 1937 2438 2038 primogenitus
2462 1943 2533 2000 sit
2552 1946 2730 2017 David,
2761 1953 3113 2027 primogenitus
3139 1937 3330 2034 quoque
3351 1937 3544 2038 populus

2055 2035 2156 2126 est.
2213 2029 2379 2085 Adam
2423 2036 2798 2108 primogenitae
2840 2045 2888 2099 itt
2929 2029 3265 2118 generatione
3285 2029 3390 2120 sua,
3415 2029 3546 2126 ’Νοικ

2053 2115 2174 2218 Sent
2204 2122 2562 2194 primogeniti,
2591 2131 2844 2190 Abraham
2874 2115 3236 2212 primogenitus
3271 2151 3318 2202 in
3356 2115 3550 2221 genera:

2056 2209 2196 2266 tione
2225 2230 2343 2274 sua.
2373 2216 2602 2289 Moyses,
2632 2224 2807 2292 Isaias,
2851 2232 2966 2300 quia
3005 2236 3111 2290 suis
3141 2209 3435 2310 tetnporiiiu-
3467 2252 3558 2316 plc-

2055 2305 2146 2358 tati
2173 2321 2232 2362 se
2258 2307 2596 2369 dediderunt.
2642 2317 2717 2373 Ex
2761 2319 2841 2376 bis
2883 2327 3056 2382 multis
3086 2305 3426 2403 pritnogvnitis
3457 2305 3564 2394 cen-

2048 2407 2261 2467 gregale
2299 2414 2383 2455 est
2411 2403 2649 2462 Ecclesia
2678 2425 2878 2482 magna,
2909 2432 3022 2486 quae
3047 2431 3126 2475 est
3155 2423 3204 2476 in
3245 2427 3385 2482 caelo.
3418 2429 3570 2484 Testi-

2048 2490 2236 2582 licatur
2263 2492 2458 2550 Paulus
2487 2513 2502 2550 :
2539 2515 2560 2551 ί
2581 2500 2889 2560 Accessistis
2927 2509 2994 2564 ad
3017 2509 3142 2567 Sion
3163 2527 3406 2582 montem,
3445 2533 3496 2576 ct
3520 2525 3576 2577 ad

2047 2581 2314 2638 civitatem
2353 2587 2448 2642 Dei
2490 2589 2713 2648 viventis
2755 2594 3073 2668 Jerusalem,
3125 2614 3181 2659 et
3221 2609 3284 2660 ad
3326 2581 3583 2667 multorum

2047 2671 2274 2730 millium
2317 2681 2626 2748 angelorum
2654 2684 3040 2760 frequentiam,
3083 2708 3136 2751 et
3175 2699 3450 2756 Ecclesium
3497 2710 3588 2772 pri-

2044 2764 2369 2860 mitivorum,
2413 2776 2503 2842 qui
2528 2779 2811 2848 conscripti
2839 2792 2964 2839 sunt
2986 2786 3036 2840 in
3063 2791 3206 2844 ctelis
3236 2811 3255 2844 ›
3308 2793 3476 2860 (llcbr.
3500 2764 3589 2852 ἰὲ.

2043 2855 2159 2927 22).
2231 2862 2708 2934 Primogenitorum
2754 2873 2962 2930 illorum
3013 2895 3150 2935 unus
3201 2894 3285 2938 est
3316 2855 3593 2942 secundum

2042 2965 2257 3010 carnem
2300 2955 2564 3028 Christus,
2592 2967 2884 3023 secundum
2923 2970 3258 3029 divinitatem
3285 2977 3596 3049 Unigenitus.

2041 3045 2175 3114 Quia
2223 3050 2364 3106 enim
2407 3068 2503 3110 eos
2537 3057 2626 3126 qui
2669 3073 2764 3127 per
2810 3062 3047 3132 singulas
3077 3077 3266 3122 aetates
3291 3071 3602 3138 profecerunt

2040 3144 2280 3207 assumit,
2326 3161 2450 3201 cum
2486 3150 2733 3206 omnibus
2758 3161 2812 3207 et
2846 3154 2962 3223 ipse
2991 3158 3376 3230 primogenitus
3414 3164 3604 3218 dicitur.

2039 3233 2165 3327 Ideo
2209 3237 2284 3290 ait
2331 3238 2528 3295 Paulus
2575 3261 2588 3295 :
2646 3242 3031 3318 Primogenitus
3074 3253 3131 3305 in
3177 3256 3350 3309 multis
3394 3260 3610 3327 fratribus

2039 3324 2414 3402 (Rom.8.29).
2444 3331 2640 3388 Verum
2677 3335 2746 3392 de
2772 3337 2994 3396 homine
3019 3344 3191 3400 multa
3222 3346 3328 3400 dici
3358 3324 3608 3418 poterant:

2036 3427 2281 3474 servatur
2305 3431 2484 3477 autem
2509 3428 2781 3484 enarratio
2813 3431 2864 3483 in
2893 3433 3039 3488 diem
3061 3446 3273 3492 sextam
3301 3452 3608 3510 sequentem,

2035 3509 2090 3605 in
2127 3527 2230 3581 qua
2270 3512 2534 3572 formatus
2576 3529 2680 3586 est,
2727 3531 2806 3588 ut,
2844 3537 3178 3596 cooperante
3219 3509 3399 3586 divina
3426 3536 3607 3605 gratia,

2033 3600 2248 3669 clarior,
2279 3620 2376 3674 pro
2403 3607 2544 3662 virili
2570 3621 2782 3680 nostra,
2825 3617 3001 3672 oratio
3031 3621 3262 3686 evadat;
3313 3600 3516 3679 non'ex
3559 3627 3610 3679 iis

2175 3695 2422 3765 cogitatio
2451 3709 2632 3756 nostra
2659 3705 3047 3776 suppeditabit,
3087 3713 3186 3766 sed
3218 3729 3285 3768 ex
3327 3717 3392 3770 iis
3414 3733 3520 3786 quae
3545 3717 3608 3770 di-

2030 3781 2272 3841 dicimus.
2323 3787 2634 3848 Communis
2661 3796 2860 3866 quippe
2889 3797 3013 3854 fous
3039 3813 3159 3867 est;
3189 3781 3491 3861 communia
3513 3822 3605 3862 om-

2028 3874 2115 3928 nia
2152 3880 2424 3947 proposita
2467 3881 2628 3950 dona,
2670 3887 2718 3939 si
2759 3888 2926 3943 modo
2957 3907 3058 3946 nos
3087 3896 3324 3950 velimus
3349 3912 3465 3952 cum
3487 3898 3603 3952 omni

2027 3970 2302 4027 alacritate
2327 3973 2560 4030 studium
2591 3977 2876 4034 adhibere.
2927 3981 3259 4041 Sermonem
3303 4001 3476 4044 autem
3509 4005 3603 4043 ver-

2030 4073 2201 4118 tamus
2225 4065 2293 4120 ad
2319 4082 2525 4124 uterum
2558 4072 2972 4128 institutionem.

2097 4155 2151 4210 9.
2192 4157 2317 4213 Heri
2351 4161 2682 4217 ostendimus
2712 4167 2992 4234 quomodo
3032 4184 3158 4224 esse
3187 4171 3386 4227 debeat
3412 4173 3604 4227 elemtio

2026 4265 2278 4305 manuum
2305 4254 2488 4322 pietati
2510 4256 2810 4310 fidentium.
2835 4261 2936 4326 Qui
2964 4261 3053 4314 (lat
3081 4264 3431 4331 pauperibus,
3453 4265 3601 4318 dicat:

2026 4341 2252 4398 Elevatio
2277 4361 2515 4399 manuum
2549 4365 2780 4402 mearum
2807 4351 2985 4420 (Psal.
3024 4356 3146 4407 MO.
3180 4355 3264 4422 2).
3299 4358 3399 4423 Qui
3429 4357 3606 4424 lapsum

2024 4435 2196 4506 erigit,
2241 4436 2402 4500 dicat,
2444 4437 2674 4494 Elevatio
2717 4458 2968 4497 manuum
3011 4461 3269 4500 uacarunt.
3323 4448 3606 4514 Quaeramus

2022 4524 2216 4580 Psalmi
2243 4529 2575 4597 prooemium,
2600 4531 3042 4602 quandoquidem
3068 4550 3168 4604 par
3188 4547 3275 4591 est
3294 4553 3358 4592 ea
3383 4552 3474 4592 nos
3492 4538 3606 4591 scire

2020 4633 2139 4686 qua:
2167 4619 2458 4688 psallimus.
2491 4620 2599 4674 Cttr
2622 4620 2878 4689 dicimus,
2897 4623 3180 4694 Dirigatur
3209 4629 3378 4680 oratio
3405 4643 3504 4680 mea
3525 4626 3606 4678 sic-

2020 4719 2072 4761 ut
2117 4710 2369 4764 incensum
2405 4711 2458 4764 in
2503 4722 2775 4783 conspectu
2822 4715 2952 4767 tuo?
2995 4714 3115 4769 Non
3158 4719 3310 4770 enim
3358 4719 3600 4771 incensum

2018 4817 2178 4858 omne
2202 4817 2306 4857 non
2334 4801 2612 4872 dirigitur:
2649 4805 2795 4858 Deus
2838 4805 3042 4874 quippe
3073 4819 3471 4878 unguentorum
3508 4793 3599 4858 fra-

2018 4894 2222 4960 grantia
2260 4908 2367 4947 non
2407 4894 2722 4949 delectatur.
2757 4895 2897 4963 Quid
2933 4897 3098 4967 igitur
3128 4909 3216 4954 est
3247 4901 3398 4966 illud,
3424 4899 3599 4966 Dirige-

2019 4992 2102 5035 tur
2129 4985 2289 5036 oratio
2311 4985 2460 5039 mea?
2485 4987 2761 5041 Articulus
2782 4988 2961 5052 deest,
2997 4989 3068 5042 ita
3102 5000 3163 5044 ut
3191 5006 3389 5046 sensus
3412 4990 3520 5045 dicti
3540 4987 3595 5040 sit

2017 5075 2138 5130 talis
2176 5096 2189 5130 :
2221 5074 2484 5147 Dirigatur
2499 5079 2660 5131 oratio
2681 5094 2797 5132 mea
2828 5079 2963 5133 sicut
2997 5083 3272 5136 incensum
3297 5084 3351 5136 in
3367 5087 3590 5150 comperti

2017 5177 2123 5222 tuo.
2155 5168 2320 5236 Quale
2349 5171 2661 5224 incensum?
2691 5171 2810 5225 Duo
2841 5174 3035 5226 erant‘
3065 5175 3261 5228 altaria
3292 5176 3343 5229 in
3383 5174 3587 5228 taberna-

2082 5283 2097 5312 ι
2135 5279 2257 5347 _Illu_d
2282 5283 2553 5347 membrum
2588 5283 2819 5347 phrasis,
2848 5283 3104 5335 articulus
3131 5287 3369 5336 πεδία...
3392 5282 3448 5334 sit
3477 5277 3584 5347 talis.

2015 5354 2109 5390 nott
2135 5342 2314 5410 legitur
2338 5345 2387 5392 in
2411 5345 2548 5410 savii.
2574 5342 2674 5410 nec
2703 5347 2755 5392 in
2781 5345 3084 5410 Combelisio
3105 5387 3121 5405 ,
3146 5350 3234 5410 qui
3262 5349 3465 5395 habent:
3487 5342 3586 5410 Diri-

2012 5411 2156 5474 gatur
2185 5399 2468 5476 aratiomea
2498 5406 2621 5476 sicut
2655 5405 2918 5458 incensum
2950 5407 3004 5457 in
3035 5399 3306 5476 conspectu
3335 5416 3412 5457 tuo
3435 5418 3459 5476 νς

2012 5462 2261 5517 incensum
2283 5466 2308 5517 ?
2333 5475 2438 5516 Duo
2457 5475 2623 5528 erant,
2654 5477 2757 5517 etc.
2785 5477 2974 5518 Sensus
3000 5481 3098 5529 est,
3129 5462 3181 5520 n'i
3206 5470 3362 5528 fallor,
3379 5462 3588 5516 articulum

2013 5537 2130 5602 ante
2154 5541 2314 5602 Uapr
2330 5529 2512 5602 deesse
2531 5565 2544 5589 ,
2567 5539 2623 5579 ut
2645 5533 2898 5602 indicetur
2926 5533 3194 5602 incensum
3222 5533 3452 5602 quoddam

2015 5589 2162 5656 liare,
2187 5589 2314 5654 quad
2357 5593 2472 5656 ipse
2498 5601 2668 5655 postea
2710 5594 2914 5642 indicat.
2949 5593 3148 5656 Verum
3181 5589 3331 5644 etiam
3362 5593 3427 5656 sic

2015 5645 2279 5724 claudicat,
2306 5645 2541 5724 articulus
2560 5657 2693 5724 enim
2719 5655 3187 5724 potitt_s_[secu|_i_are
3221 5655 3459 5724 quidpiam
3494 5645 3594 5693 iMl'

2012 5723 2163 5765 caret.
2193 5721 2306 5764 nem
2331 5728 2427 5764 non
2450 5716 2615 5778 majori
2642 5716 3020 5778 perquisitiene
3047 5716 3256 5779 dignam
3280 5716 3512 5765 mittimus.
