4050 6198
298 310 396 367 ιω

297 427 596 501 μελλόντων
633 425 927 480 πιστεύειν.
958 427 1032 480 Οὐ
1069 425 1176 497 γὰρ
1208 425 1439 495 ἀνῆλθεν
1475 427 1504 478 6
1529 424 1738 486 Παῦλος
1784 422 1863 483 εἰς

305 511 691 583 Ἰερουσαλὴμ,
743 511 992 580 λέγουσιν
1042 512 1091 563 οί
1141 509 1560 563 συναπόστυλοι·
1600 506 1863 574 Θεωρεῖς,

294 594 523 663 ἀδελφέ
553 593 772 655 Παῦλε,
802 593 985 647 πόσαι
1013 592 1296 661 μυριάδες
1323 592 1441 646 εισι
1469 590 1588 644 τῶν
1626 604 1869 643 πιστευσ-

295 676 537 731 σὰντων
572 675 897 729 Ἰουδαίων.
927 675 1166 745 Προῖδὼν
1200 670 1296 728 οὖν
1330 675 1458 737 τοὺς
1495 673 1867 733 πιστεύοντας,

294 761 550 829 ἐφείσατο
578 757 689 811 τῶν
721 758 1163 827 ἀπιστησάντων·
1208 758 1270 810 οὐ
1305 757 1371 810 δι’
1416 756 1656 819 ἐκείνους
1677 796 1692 820 ,
1735 753 1873 809 ἀλλὰ

294 844 380 897 διὰ
415 840 569 913 [476]
593 840 683 893 τὸν
710 838 769 904 ἐξ
810 840 989 892 αὐτῶν
1020 840 1279 909 μέλλοντα
1311 840 1591 894 τίκτεσθαι
1638 839 1867 910 καρπόν.

297 924 402 978 Καὶ
438 924 705 995 μαρτυρεῖ
737 922 961 984 Ἡσαΐας
981 937 996 952 ·
1028 922 1143 987 Καὶ,
1170 926 1223 976 εί
1259 922 1347 992 μὴ
1389 924 1605 990 Κύριος
1631 920 1873 977 Σαϐαὼθ

294 1007 680 1079 ἐγκατέλιπεν
714 1005 859 1074 ἡμῖν
885 1004 1143 1073 σπέρμα,
1170 1007 1250 1071 ὡς
1287 1005 1521 1073 Σόδομα
1554 1005 1631 1058 ἂν
1664 1005 1872 1073 ἐγενή-

295 1096 503 1161 θημεν,
553 1088 651 1141 καί
699 1088 779 1153 ὡς
832 1088 1106 1156 Γόμορρα
1152 1087 1229 1141 ἂν
1279 1088 1678 1156 ὡμοιώθημεν.
1732 1086 1871 1139 Ἀλλ’

298 1170 407 1246 ἄρα
443 1172 517 1244 μὴ
547 1172 719 1242 ήμεῖςκ
746 1168 1085 1239 ὲῦιασὰμεθα
1114 1169 1176 1222 τὸ
1211 1170 1383 1240 ῥῆμα,
1421 1170 1514 1222 καὶ
1545 1169 1673 1240 περὶ
1713 1167 1870 1221 ἄλλου

297 1253 452 1310 εἶπεν
489 1254 741 1317 Ἦσαῖαςς
788 1252 926 1305 Ἀλλ’
968 1251 1131 1305 ἄκουε
1178 1253 1348 1305 ταῦτα
1399 1251 1608 1306 Παύλου
1638 1250 1731 1303 τοῦ
1765 1249 1872 1303 τῶν

298 1337 590 1409 προφητῶν
626 1334 854 1402 ἀδελφοῦ
897 1335 989 1387 καὶ
1028 1334 1311 1405 ἑρμηνέως
1366 1333 1642 1401 λέγοντος·
1684 1332 1875 1385 Ἀδελ-

295 1424 418 1491 φοί,
455 1422 572 1475 νῦν
611 1417 829 1486 λεῖμμα
854 1418 981 1469 κατ’
1010 1416 1275 1484 ἐκλογὴν
1308 1416 1549 1486 χάριτος
1602 1414 1869 1485 γέγονεν,

300 1506 401 1558 ἵνα
457 1499 624 1570 σωθῇ
690 1499 756 1553 τὸ
821 1498 1209 1568 κατάλειμμα.
1274 1498 1382 1552 Καὶ
1454 1498 1651 1562 καθὼς
1707 1494 1875 1551 εἶπεν

306 1588 571 1652 Ἡσαΐας·
603 1587 670 1639 Εἰ
695 1582 784 1653 μὴ
810 1585 1025 1651 Κύριος
1051 1582 1291 1635 Σαϐαὼθ
1316 1582 1706 1650 ἐγκατέλιπεν
1730 1580 1876 1649 ἡμῖν

294 1669 551 1737 σπέρμα,
584 1668 661 1733 ὡς
693 1666 924 1734 Σόδομα
964 1663 1041 1717 ἂν
1076 1663 1460 1733 ἐγενήθημεν.
1491 1664 1739 1715 Ἀπαντα
1766 1662 1875 1733 γὰρ

296 1753 540 1825 προεῖδεν
562 1751 604 1825 6
647 1748 797 1811 Θεὸς,
833 1747 927 1800 καὶ
960 1747 1059 1815 οὐχ
1103 1747 1178 1809 ὡς
1218 1748 1377 1816 ἡμεῖς
1409 1745 1585 1817 χρόνῳ
1630 1744 1876 1798 διδασκό-

299 1824 442 1906 μεθα
468 1833 536 1886 τὰ
562 1824 886 1903 πράγματα,
910 1828 1053 1882 οὕτω
1091 1830 1185 1882 καὶ
1216 1831 1245 1881 6
1275 1830 1408 1892 Θεὸς
1436 1829 1523 1881 διὰ
1549 1829 1649 1898 τῆς
1683 1828 1877 1899 πείρας

298 1917 583 1988 μανθάνει.
629 1913 815 1976 Πάλιν,
860 1911 935 1973 ὡς
968 1910 1227 1974 πολλάκις
1264 1906 1436 1975 είπον,
1480 1910 1550 1962 τὰ
1595 1910 1723 1982 τέλη
1768 1910 1876 1963 τῶν

294 2000 509 2054 αἰώνων
537 1997 788 2050 ἔϐλεπεν·
819 1994 911 2047 τὸν
946 1995 1119 2064 Ἀδὰμ
1149 1988 1289 2046 εἶδεν
1320 1993 1719 2064 ἁμαρτάνοντα,
1752 2009 1880 2061 προσ

297 2083 447 2153 εὼρα
494 2081 588 2134 καὶ
633 2080 759 2142 τούς
790 2077 848 2144 ἐξ
887 2076 1053 2130 αὐτοῦ
1093 2076 1380 2147 μέλλοντας
1425 2075 1687 2142 δικαίους,
1723 2076 1876 2128 ἔϐλε-

297 2181 401 2219 πεν
435 2179 457 2202 ο
506 2163 667 2217 αὐτὸν
728 2160 1119 2231 ἐκϐαλλόμενον
1178 2158 1273 2212 τοῦ
1331 2159 1659 2232 παραδείσου
1680 2172 1693 2189 ·
1740 2159 1875 2213 ἀλλὰ

297 2245 582 2317 προεώρα,
609 2246 689 2298 ὄτι
714 2243 1039 2315 ἡτοίμασται
1069 2242 1218 2313 αὐτῷ
1251 2241 1539 2312 βασίλειον.
1567 2241 1640 2294 T6
1665 2242 1722 2294 δὲ
1755 2240 1879 2297 θαυ-

296 2331 527 2397 μαστὸν,
561 2327 667 2398 πρὸ
712 2326 807 2379 τοῦ
858 2325 1187 2396 παραδείσου
1237 2326 1270 2395 ή
1325 2322 1569 2394 βασιλεία
1635 2324 1872 2391 ἐγένετο·

293 2409 611 2477 Θαυμάζεις
636 2407 721 2461 ὅτι
748 2407 920 2479 Ἀδὰμ
944 2405 1206 2477 ἐξεϐλήθη
1234 2405 1331 2460 τοῦ
1357 2405 1714 2476 παραδείσου;
1744 2405 1879 2460 Θαύ⁹

296 2510 471 2564 μασον
499 2493 578 2546 ὅτι
613 2492 719 2562 πρὸ
746 2490 839 2545 τοῦ
874 2483 1206 2563 παραδείσου
1239 2492 1272 2561 ἠ
1309 2489 1554 2560 βασιλεία
1582 2489 1691 2542 τῶν
1715 2490 1879 2560 οὐρα⁹

294 2576 404 2629 νῶν
440 2575 589 2644 αὐτῷ
623 2573 936 2645 ἡτοίμαστο.
964 2572 1128 2640 Λέγει
1156 2573 1185 2625 6
1217 2574 1427 2644 Σωτήρ·
1463 2572 1661 2634 Δεῦτε,
1692 2575 1745 2626 οι
1782 2574 1879 2625 εὐ-

290 2657 616 2728 λογημένοι
660 2656 765 2711 τοῦ
800 2658 1031 2725 Πατρός
1053 2673 1194 2725 μου,
1236 2655 1729 2725 κληρονομήσατε
1766 2656 1879 2724 τὴν

293 2741 745 2813 ἡτοιμασμένην
796 2741 939 2810 ὑμῖν
986 2740 1314 2805 ,ϐασιλείαν
1370 2741 1490 2794 ἀπὸ
1540 2740 1878 2809 καταϐολῆς

293 2829 556 2896 κόσμου.

366 2965 828 3037 Αἰσχυνθήτωσαν
863 2965 1151 3034 αἱρετικοὶ,
1186 2964 1254 3018 τὰ
1300 2964 1679 3036 ήτοιμασμένα
1700 2965 1728 3003 1³
1766 2967 1878 3029 τοῖς

297 3053 476 3121 ἁγίοις
514 3051 620 3122 πρὸ
663 3049 964 3121 καταϐολῆς
995 3049 1223 3120 κόσμου,
1268 3051 1360 3103 καὶ
1399 3051 1428 3102 6
1463 3050 1587 3113 Υἱὸς
1631 3044 1699 3119 ἦν
1747 3067 1876 3103 ποτε

292 3136 379 3188 ὅτε
411 3135 513 3189 οὐκ
542 3129 631 3204 ἦν.
674 3134 923 3205 Σχήματι
970 3131 1290 3203 ὁμολογοῦσι
1343 3134 1643 3203 Μονογενῆ,
1690 3132 1876 3204 ἐπειδὴ

292 3216 592 3286 ἀπαλεῖψαι
624 3217 687 3269 τὸ
734 3218 969 3288 γράμμα
1012 3215 1072 3269 οὐ
1109 3215 1399 3269 δύνανται·
1445 3216 1507 3268 τὸ
1540 3216 1689 3287 ῥῆμα
1718 3216 1874 3286 χαρί-

291 3299 513 3365 ζονται,
558 3299 744 3353 καὶτὸ
787 3300 1019 3372 πρᾶγμα
1066 3298 1409 3352 κλέπτουσιν.
1463 3298 1589 3351 Ἐὰν
1636 3296 1877 3367 εἴπωμεν

294 3382 565 3452 μονογενῆ
618 3381 774 3443 Υίδν,
820 3380 1025 3443 εὐθέως
1072 3379 1326 3449 λέγουσι·
1377 3380 1692 3452 Γέγραπται
1745 3380 1873 3443 καὶ,

290 3465 677 3533 Πρωτότοκος
705 3462 908 3531 πάσης
946 3462 1055 3530 τῆς
1090 3463 1465 3533 οἰκουμένης.
1496 3462 1702 3517 Οὐκοῦν
1737 3463 1875 3516 κατὰ

290 3547 425 3609 τοὺς
473 3546 781 3616 αίρετικούς
812 3546 880 3598 τὰ
913 3545 1006 3598 δύο
1042 3545 1291 3616 μάχεται.
1341 3548 1404 3599 Et
1455 3545 1565 3617 γὰρ
1597 3545 1874 3617 πρωτότο-

292 3644 428 3692 κος,
462 3626 523 3678 οὐ
562 3627 880 3696 μονογενής·
916 3629 945 3679 6
982 3626 1089 3698 γὰρ
1140 3629 1514 3698 πρωτότοκος,
1554 3629 1683 3681 ὅταν
1724 3628 1875 3681 ἁδελ-

292 3710 438 3779 φούς
490 3706 625 3777 ἔχῃ,
677 3706 1018 3777 πρωτότοκος
1062 3709 1314 3776 λέγεται·
1358 3712 1388 3763 6
1426 3710 1485 3762 δὲ
1546 3710 1872 3780 μονογενὴς,

292 3792 396 3845 ἐὰν
444 3788 704 3857 ἀδελφοὺς
748 3788 881 3859 ἔχῃ,
932 3790 1221 3860 μονογενὴς
1264 3791 1325 3842 οὐ
1356 3792 1608 3858 λέγεται·
1654 3809 1875 3862 μονογε-

292 3874 396 3945 νὴς
429 3873 537 3944 γάρ
584 3874 732 3925 ἐστιν
761 3874 790 3925 6
830 3871 989 3941 μόνος
1037 3872 1100 3924 ἐκ
1146 3890 1290 3936 τινος
1340 3874 1615 3941 γεννηθείς
1639 3893 1652 3905 ·
1694 3875 1875 3937 καθὼς

293 3956 396 4010 καὶ
459 3957 492 4024 ἡ
546 3953 737 4025 Γραφὴ
805 3957 1072 4026 μαρτυρεῖ
1128 3955 1262 4026 πρὸς
1319 3957 1410 4008 τὸν
1483 3956 1730 4027 Ἀϐραὰμ
1787 3957 1876 4009 λέ-

292 4053 509 4107 γουσα·
544 4036 698 4091 Λάϐε
738 4037 846 4089 τὸν
885 4040 1017 4091 υἱόν
1049 4055 1164 4091 σου
1215 4039 1321 4090 τὸν
1362 4038 1679 4106 μονογενῆ.
1723 4041 1879 4108 Πρω-

292 4123 520 4184 τότοκος
546 4120 760 4189 λέγεται
788 4122 816 4173 6
847 4120 1109 4189 ἀδελφοὺς
1145 4113 1313 4189 ἔχων·
1360 4118 1629 4191 πρωτεύει
1663 4120 1768 4190 γὰρ
1801 4120 1878 4188 τῷ

294 4205 553 4273 γενέσθαι
611 4203 847 4273 πρῶτος.
900 4203 960 4255 Ὀ
1007 4202 1066 4255 δὲ
1121 4203 1413 4274 μονογενὴς
1467 4203 1546 4272 τῷ
1601 4203 1676 4274 μὴ
1734 4205 1878 4274 ἔχειν

294 4286 565 4355 ἀδελφοὺς
621 4284 837 4353 λέγεται
886 4288 1199 4356 μονογενής.
1257 4288 1366 4338 Καὶ
1420 4286 1624 4356 ἑτέρως
1669 4286 1724 4339 δὲ
1779 4305 1877 4356 μο-

291 4370 528 4437 νογενής
572 4370 736 4433 ἐστιν,
771 4368 801 4419 6
832 4370 1124 4438 μονογενὴς
1163 4369 1225 4421 ἐκ
1253 4385 1397 4432 τινος
1440 4369 1739 4440 γεννηθεὶς,
1781 4371 1878 4439 οὐχ

291 4454 320 4504 6
350 4452 518 4523 μόνος
554 4450 842 4519 γενόμενος
861 4490 875 4515 ,
910 4451 984 4513 ὼς
1016 4451 1427 4522 ῥᾳδιουργοῦσιν
1456 4453 1740 4523 αἱρετικοί.
1766 4454 1877 4505 Μο-

292 4538 549 4607 νογενὴς,
590 4536 672 4589 ὅτι
720 4537 878 4606 μόνος
920 4538 1133 4605 ἐγένετο
1170 4538 1428 4600 τοιοῦτος.
1477 4538 1685 4591 υύκοῦν
1726 4540 1819 4591 καὶ
1848 4540 1877 4591 ό

304 4626 503 4687 Ἦλίας
532 4625 844 4695 μονογενὴς,
874 4625 954 4677 ὅτι
988 4626 1148 4695 μόνος
1178 4628 1415 4691 τοιοῦτος
1439 4643 1450 4655 ·
1478 4628 1614 4697 ὅπερ
1639 4628 1739 4682 οὐκ
1764 4628 1873 4697 ἔχει

288 4714 479 4781 λόγον.
524 4710 685 4763 ’Λλλὰ
734 4712 995 4781 μονογενῆ
1046 4712 1165 4776 ἔθος
1218 4714 1399 4780 λέγειν
1446 4717 1512 4784 τῇ
1548 4715 1587 4765 Γ
1591 4718 1737 4786 ραφῇ
1784 4715 1876 4767 τὸν

294 4802 464 4872 μῖόνον
491 4797 554 4850 ἐκ
590 4815 733 4861 τινος
767 4798 1111 4870 γεννηθέντα,
1141 4800 1281 4853 κατὰ
1307 4800 1405 4872 τὴν
1442 4801 1870 4872 προπαρατεθεῖο

292 4906 394 4943 σαν
438 4885 715 4950 ἀπόδειξιν
739 4886 815 4957 τῷ
847 4888 1070 4957 ῥήματι.
1105 4888 1365 4959 Πρόσεχε.
1404 4888 1463 4944 Ὀ
1510 4890 1871 4959 πρωτότοκος,

290 4978 390 5029 ἐὰν
432 4973 700 5041 ἀδελφοὺς
737 4976 811 5043 μὴ
845 4974 972 5045 ἔχῃ,
1026 4975 1315 5044 μονογενής
1363 4976 1531 5027 ἐστιν.
1592 4975 1733 5043 Ἐγὼ
1777 4978 1874 5045 οὐχ

291 5065 416 5131 ἕνα,
446 5062 512 5115 οὐ
540 5061 652 5124 δύο,
681 5062 741 5114 οὐ
767 5066 937 5133 τρεῖς,
962 5061 1095 5115 ἀλλὰ
1123 5062 1350 5123 πολλοὺς
1378 5054 1758 5134 πρωτοτόκους
1780 5066 1875 5116 εὐ-

295 5152 500 5223 ρίσκω.
540 5145 699 5202 Ξένον
739 5151 988 5221 πρᾶγμα.
1019 5150 1357 5221 Πρωτότοκοι
1386 5150 1502 5213 πῶς
1537 5150 1753 5216 πολλοί;
1781 5148 1877 5214 Εἲς

292 5238 406 5308 γὰρ
439 5234 646 5304 ὀφείλει
686 5230 844 5289 εἶναι.
891 5236 1158 5302 Ἐξέτεινα
1184 5235 1274 5289 τὸν
1307 5235 1461 5304 λόγον
1499 5236 1585 5289 διὰ
1615 5236 1704 5288 τὸν
1730 5252 1877 5306 πρω-

291 5328 523 5378 τότοκον
552 5325 646 5377 καὶ
672 5324 764 5378 τὸν
797 5325 1088 5396 μονογενῆ·
1110 5323 1326 5394 λύωμεν
1356 5324 1414 5377 δὲ
1442 5323 1502 5377 τὸ
1523 5324 1747 5395 ἄπορον.
1772 5323 1875 5376 Τὸν

358 5537 386 5565 ⁸
423 5531 549 5588 Τοὺς
568 5531 615 5587 ἐξ
636 5532 780 5581 αὐτοῦ
805 5531 1266 5595 δικαιπραγοῦντας,
1304 5533 1509 5581 ἔϐλεπεν.

364 5602 393 5637 ι,
418 5594 514 5643 Hic
537 5599 672 5642 locus
694 5607 793 5642 non
815 5602 946 5641 vacat
974 5594 1252 5654 suspicione
1274 5597 1456 5642 mendt.
1481 5596 1592 5642 Sav.
1612 5598 1721 5656 post
1743 5595 1875 5651 ἡτοι-

319 5657 541 5717 ιασμένα,
563 5656 760 5716 supplet
786 5656 1035 5710 ἀκούοντες
1076 5656 1243 5715 ἀγαθά,
1268 5670 1307 5703 s.
1364 5657 1597 5715 Βασίλεια,
1640 5663 1751 5716 post
1773 5656 1872 5713 καί,

321 5734 397 5782 μμ
407 5735 430 5773 ς
450 5717 677 5777 λέγοντες.

599 5815 870 5872 ΡΑτιιοι..
920 5813 1033 5869 Gn.
1090 5808 1241 5869 LVI.

1350 306 1437 360 DE
1466 302 1680 360 MUNDI
1714 299 2111 357 CREATIONE
2158 299 2415 356 GRATIO
2456 304 2543 360 IV.

3437 302 3544 363 ws

1969 419 2187 492 πρῶτον
2224 420 2549 474 πιστεύοντα
2580 420 2711 482 Θεὸς
2754 422 2809 472 iv
2844 424 2907 492 τῇ
2948 422 3051 494 ἰδίᾳ
3081 425 3239 494 γενεᾷ
3270 425 3544 495 πρωτότο-

1970 524 2065 561 κον
2101 508 2286 570 καλεῖ,
2321 508 2420 578 οὐχ
2461 508 2535 570 ὡς
2569 508 2784 581 πρῶτον
2826 508 3001 562 ἄλλων
3041 510 3268 573 πιστῶν,
3303 512 3439 564 ἀλλὰ
3484 514 3544 564 ὲν

1969 597 2083 658 τοῖς
2127 595 2277 658 ἰδίοις
2324 596 2537 665 χρόνοις
2576 594 2790 665 πρῶτον
2838 595 3105 664 φανέντα·
3143 591 3275 659 οἷον,
3311 595 3543 670 ὲνῘ-ΠἹ]

1971 683 2234 754 Αἰγύπτῳ
2278 679 2348 755 ἦν
2389 686 2419 737 6
2454 684 2612 750 λαὸς,
2660 684 2807 752 λέγει
2845 687 2874 738 6
2929 684 3061 748 Θεὸς
3109 684 3196 739 διὰ
3238 684 3543 748 Μωύσέως·

1983 773 2117 836 Υἱὸς
2164 772 2540 839 πρωτότοκός
2585 788 2705 841 μου
2757 770 3015 841 Ἰσραήλ.
3056 768 3247 825 Εἷπα·
3299 771 3548 835 Ἑξαπύ-

1972 862 2220 915 στειλόν
2240 878 2341 931 μοι
2368 860 2477 915 τὸν
2501 862 2656 915 λαόν
2675 878 2814 930 μου.
2858 860 2986 914 ’1δού
3014 859 3139 924 λαὸς
3168 860 3510 931 πρωτότοκος
3528 876 3544 892 ·

1974 949 2158 1020 ἐπειδὴ
2189 950 2248 1002 ὲν
2276 948 2353 1019 τῷ
2379 948 2557 1019 καιρῷ
2580 949 2774 1019 ἐκείνῳ
2808 949 3020 1019 πρῶτος
3043 944 3111 1020 ἦν
3139 947 3267 1012 λαὸς
3304 951 3547 1017 ἐπεγνω-

1974 1036 2083 1099 κὼς
2113 1036 2205 1088 τὸν
2243 1036 2396 1089 Θεόν.
2444 1034 2703 1102 Ἀνέκυψε
2753 1035 2891 1104 μετὰ
2941 1034 3114 1088 ταῦτα
3169 1033 3357 1098 Δαυῖδ,
3411 1033 3550 1105 μετὰ

1973 1124 2063 1175 τὸν
2096 1123 2280 1193 νόμον,
2327 1122 2465 1192 μετὰ
2516 1121 2717 1184 πολλὰς
2748 1122 2939 1190 γενεὰς
2965 1162 2979 1185 ,
3023 1124 3116 1175 καὶ
3150 1121 3543 1191 ἐπαγγέλλεται

1974 1210 2147 1277 λέγων
2173 1212 2203 1263 6
2235 1208 2367 1270 Θεὸς
2390 1249 2405 1273 ,
2439 1209 2503 1260 ἐκ
2528 1207 2621 1260 τού
2656 1209 2968 1279 σπέρματος
2996 1208 3160 1262 αὐτοῦ
3189 1209 3280 1263 τὸν
3304 1211 3351 1271 ,Χ
3361 1209 3545 1279 ριστὸν

1975 1298 2333 1367 ἀναστήσειν,
2394 1299 2487 1349 καὶ
2532 1297 2682 1364 λέγει
2730 1296 2935 1360 οὕτως·
2975 1293 3173 1365 Εὗρον
3217 1298 3399 1352 Δαυῒδ
3439 1299 3549 1352 τὸν

1974 1384 2199 1438 δοῦλόν
2222 1402 2362 1453 μου.
2392 1384 2462 1436 ἐν
2487 1384 2668 1450 ἐλαίῳ
2692 1383 2838 1452 ἁγίῳ
2868 1383 3084 1451 ἔχρισα
3114 1385 3320 1438 αὐτόν.
3356 1386 3549 1447 Αὐτὸς

1974 1471 2392 1526 ἐπικιιλέσεταί
2418 1488 2496 1539 με
2519 1511 2533 1533 ,
2580 1470 2779 1537 Πατήρ
2806 1487 2924 1538 μου
2951 1467 3010 1525 εἷ
3043 1471 3144 1524 σύ.
3185 1470 3356 1540 Κάγὼ
3388 1488 3546 1539 πρω-

1977 1560 2225 1612 τότοκον
2249 1557 2504 1625 θήσομαι
2523 1558 2729 1609 αὐτόν.
2760 1558 2821 1613 Εἰ
2851 1557 2906 1609 δὲ
2939 1557 3283 1627 πρωτότοκος
3307 1560 3336 1611 6
3360 1557 3542 1615 Δαυῖδ.

1978 1645 2317 1717 πρωτότοκος
2344 1645 2438 1697 καὶ
2463 1646 2491 1695 6
2520 1643 2669 1707 λαός.
2719 1643 2778 1695 Ὀ
2819 1643 2991 1712 Ἀδὰμ
3021 1647 3361 1712 πρωτότοκος
3391 1646 3448 1696 έν
3475 1647 3542 1714 τῇ

1981 1735 2084 1805 ίὸίᾳ
2110 1734 2291 1804 γενεᾷ,
2317 1732 2460 1797 Νῶε,
2494 1732 2615 1801 Σὴμ
2650 1731 3004 1803 πρωτότοκα,
3050 1730 3300 1803 Ἀϐραὰμ
3331 1733 3546 1802 πρωτόο

1975 1837 2130 1884 τοκος
2160 1822 2219 1875 έν
2260 1823 2327 1890 τῇ
2375 1821 2481 1891 ίδίᾳ
2523 1821 2715 1891 γενεᾷ,
2746 1820 3020 1890 Μωύσῆς,
3063 1819 3321 1882 Ἡσαΐας,
3361 1821 3545 1892 ἐπειδὴ

1976 1908 2117 1962 κατὰ
2143 1910 2267 1971 τοὺς
2300 1907 2507 1961 ἑαυτῶν
2535 1907 2759 1978 χρόνους
2798 1906 3110 1978 προέκυψαν
3134 1910 3213 1969 είς
3242 1905 3542 1960 εὐσέϐειαν.

1990 1996 2083 2048 Ἐκ
2125 1996 2328 2049 τούτων
2382 1996 2591 2049 πολλῶν
2638 1995 2998 2068 πρωτοτόκων
3046 1995 3285 2066 συνήχθη
3337 1997 3543 2067 μεγάλη

1988 2083 2304 2155 Ἐκκλησία,
2330 2086 2426 2139 καὶ
2462 2084 2607 2137 ἔστιν
2641 2086 2699 2138 ὲν
2729 2083 2963 2155 οὐρανῷ.
2991 2084 3278 2157 Μαρτυρεῖ
3302 2084 3510 2147 Παῦλος
3528 2101 3541 2113 ·

1978 2172 2478 2239 Προσεληλύθατε
2502 2171 2656 2225 Σιὼν
2684 2172 2803 2239 ὄρει
2835 2172 2931 2225 καί
2956 2172 3128 2225 πόλει
3154 2173 3303 2226 Θεοῦ
3332 2170 3538 2238 ζῶντος

1989 2257 2404 2328 Ἰερουσαλὴμ,
2437 2259 2536 2312 καὶ
2562 2258 2851 2329 μυριάσιν
2891 2260 3161 2329 ἀγγέλων
3199 2262 3542 2331 πανηγύρει,
3600 2329 3604 2334 .

1976 2345 2075 2400 καί
2110 2345 2434 2413 Ἐκκλησία
2476 2348 2862 2413 πρωτοτόκων
2899 2347 3436 2416 ἀπογεγραμμένων
3476 2347 3548 2401 ἐν

1978 2431 2275 2500 οὐρανοῖς.
2316 2432 2571 2485 Ἐκείνων
2604 2432 2711 2485 τῶν
2747 2432 3105 2503 πρωτοτόκων
3135 2426 3215 2495 εἷς
3247 2434 3362 2485 ἐστι
3406 2433 3546 2486 κατὶ

1978 2522 2155 2587 σάρκα
2183 2519 2437 2588 Χριστὸς,
2463 2518 2603 2572 κατὰ
2634 2520 2734 2590 τὴν
2758 2518 2987 2589 θεότητα
3013 2520 3342 2590 Μονογενής.
3376 2520 3547 2573 Ἐπει-

1974 2605 2038 2673 δὴ
2080 2605 2188 2674 γὰρ
2216 2607 2343 2669 τούς
2388 2607 2448 2659 έν
2493 2608 2698 2679 ἑκάστῃ
2727 2607 2891 2677 γενεᾷ
2931 2607 3338 2677 προκόπτοντας
3379 2624 3547 2679 προσ-

1976 2692 2334 2763 λαμϐάνεται,
2375 2693 2512 2764 μετὰ
2545 2693 2763 2747 πάντων
2790 2694 2883 2746 καὶ
2912 2694 3074 2756 αὐτὸς
3097 2695 3437 2766 πρωτότοκος
3459 2695 3546 2748 λέ-

1974 2798 2149 2850 γεται.
2199 2784 2297 2838 Διὰ
2343 2782 2501 2837 τοῦτο
2546 2783 2693 2851 λέγει
2750 2783 2994 2848 Παῦλος·
3048 2784 3422 2852 Πρωτότοκος
3462 2786 3549 2839 ηέν

1977 2869 2229 2937 πολλοῖς
2273 2870 2577 2941 ἀδελφοῖς.
2634 2870 2774 2924 Ἀλλ’
2820 2870 2899 2945 ένι
2944 2870 3071 2941 περὶ
3115 2868 3209 2923 τοῦ
3256 2870 3544 2942 ἀνθρώπου

1976 2962 2147 3016 πολλὰ
2173 2965 2345 3017 εἰπεῖν
2365 2980 2377 2992 ·
2412 2965 2660 3035 τηρεῖται
2687 2962 2745 3016 δὲ
2771 2962 2832 3017 τὸ
2866 2962 3107 3034 διήγημα
3133 2965 3199 3033 τῇ
3234 2963 3364 3033 ἑξῆς
3390 2964 3448 3016 ὲν
3476 2965 3544 3033 τῇ

1975 3053 2109 3123 ἕκτῃ
2142 3042 2345 3125 ἡμέρᾳ,
2394 3055 2452 3105 ὲν
2569 3051 2662 3106 καὶ
2705 3050 2972 3122 ἐπλάσθη,
3008 3052 3114 3119 ἵνα,
3160 3052 3257 3121 τῆς
3286 3051 3381 3104 τοῦ
3407 3051 3545 3104 Θεοῦ

1976 3144 2196 3212 χάριτος
2244 3140 2640 3212 συνεργούσης,
2671 3140 3042 3213 ὲντελέστερον
3065 3140 3370 3212 σαφηνισθῇ
3407 3140 3545 3193 κατὰ

1976 3230 2205 3300 δύναμιν
2224 3229 2321 3301 τὴν
2344 3228 2617 3298 ἡμετέραν
2637 3230 2665 3281 6
2682 3228 2834 3296 λόγος
2858 3245 2869 3258 ·
2891 3229 2991 3282 οὐκ
3018 3228 3075 3294 ἐξ
3097 3222 3172 3283 ὧν
3197 3228 3544 3298 λογιζόμεθα,

1964 3319 2089 3373 ’ἀλλ’
2122 3318 2180 3385 ἐξ
2212 3311 2287 3371 ὧν
2323 3318 2712 3388 παιδευόμεθα.
2761 3317 2929 3387 Κοινὴ
2978 3316 3086 3387 γὰρ
3114 3319 3146 3387 ή
3179 3319 3354 3387 πηγὴ,
3390 3318 3546 3369 κοινὰ

1979 3406 2151 3459 πάντα
2173 3405 2240 3460 τὰ
2260 3405 2598 3477 προκείμενα
2616 3403 2783 3475 δῶρα,
2801 3404 2897 3458 ἐὰν
2930 3405 3090 3473 μόνον
3114 3404 3355 3473 θέλωμεν
3382 3405 3546 3474 ἡμεῖς

1979 3492 2117 3562 μετὰ
2147 3493 2326 3563 πάσης
2345 3491 2655 3564 προθυμίας
2686 3490 3025 3556 σπουδάζειν.
3047 3491 3346 3563 Τρέψωμεν
3368 3491 3425 3543 δὲ
3450 3490 3544 3543 τὸν

1975 3577 2131 3647 λόγον
2159 3580 2249 3633 ἐπὶ
2271 3579 2369 3650 τὴν
2400 3578 2509 3632 τῶν
2535 3577 2679 3648 ἠθῶν
2707 3578 3046 3649 ἐπιμέλειαν.

2046 3704 2110 3763 θ’.
2148 3704 2287 3768 Χθὲς
2316 3704 2528 3774 ἐδείχθη
2552 3703 2668 3767 πῶς
2682 3703 2763 3756 δεῖ
2802 3699 2939 3757 εἶναι
2956 3702 3185 3772 ἔπαρσιν
3228 3701 3423 3773 χειρῶν
3458 3717 3540 3752 πε-

1978 3790 2475 3860 παρῤησιασμένων
2502 3791 2561 3841 ὲν
2593 3790 2865 3859 εὐσεϐείᾳ.
2904 3790 2963 3843 '0
3010 3790 3181 3850 διδοὺς
3228 3788 3420 3858 πένησι
3458 3786 3544 3838 λε·

1978 3877 2141 3947 γέτω,
2179 3879 2472 3944 Ἐπαρσις
2506 3875 2625 3929 τῶν
2664 3875 2878 3945 χειρῶν
2912 3896 3053 3946 μου.
3087 3878 3146 3930 Ὀ
3180 3877 3408 3946 ἐγείρων
3454 3875 3544 3927 τὸν
3578 3932 3585 3935 _

1980 3964 2213 4016 πεσόντα
2240 3962 2475 4030 λεγέτω,
2510 3963 2804 4029 Ἔπαρσις
2830 3962 2946 4015 τῶν
2971 3961 3185 4031 χειρῶν
3206 3980 3345 4029 μου.
3375 3962 3547 4030 Ζητή-

1982 4067 2163 4119 σωμεν
2190 4049 2247 4103 δὲ
2277 4049 2339 4101 τὸ
2368 4048 2653 4118 προοίμιον
2678 4049 2772 4101 τοῦ
2802 4048 3042 4118 ψαλμοῦ,
3075 4050 3261 4118 ἐπειδὴ
3289 4049 3323 4101 δι
3346 4048 3544 4116 ψάλλο-

1983 4153 2082 4205 μεν
2120 4135 2336 4196 πάντως
2395 4133 2593 4187 εἰδέναι
2640 4136 2767 4204 χρή.
2819 4135 2970 4186 Διατί
3012 4134 3275 4203 λέγομεν,
3322 4133 3546 4187 Κατευ-

1979 4222 2247 4287 θυνθήτω
2296 4223 2335 4289 ὴ
2380 4221 2690 4289 προσευχή
2730 4238 2850 4289 μου
2877 4222 2956 4287 ὡς
2994 4222 3253 4291 θυμίαμα
3292 4220 3547 4274 ἐνώπιόν

1978 4325 2094 4365 σου
2114 4329 2131 4374 ;
2155 4313 2269 4365 Πᾶν
2289 4311 2398 4381 γὰρ
2426 4311 2678 4381 θυμίαμα
2702 4310 3092 4365 κατευθύνεται
3112 4322 3132 4349 ε
3156 4328 3169 4341 ·
3199 4312 3259 4364 οὐ
3290 4311 3397 4382 γὰρ
3414 4310 3548 4375 Θεὸς

1979 4399 2175 4469 εὐωδίᾳ
2215 4399 2469 4471 τέρπεται
2524 4400 2730 4469 μύρων.
2774 4401 2838 4453 Τί
2885 4398 2978 4455 οῦν
3024 4402 3161 4473 ἐστι,
3213 4404 3547 4455 Κατευθυν-

1980 4486 2135 4552 θήτω
2173 4489 2209 4554 ἡ
2241 4488 2549 4557 ,προσευχιῇ
2595 4505 2750 4557 μους
2791 4490 2863 4542 T6
2900 4489 3100 4561 ἄρθρον
3140 4489 3352 4553 λείπει,
3390 4490 3475 4543 ἵνα

1978 4575 2038 4627 τὸ
2075 4575 2362 4645 λεγόμενον
2396 4575 2634 4630 τοιοῦτον
2656 4593 2670 4607 ·
2717 4576 3180 4641 Κιιτευθυνθήτω
3215 4578 3253 4646 ἡ
3292 4591 3547 4645 προσευσ-

1978 4663 2056 4731 χή
2081 4680 2201 4731 μου
2226 4663 2306 4728 ὡς
2333 4662 2593 4731 θυμίαμα
2622 4662 3041 4739 ἑνώπιόινσου.
3069 4665 3224 4716 Ποῖον
3264 4664 3543 4733 θυμίαμα;

1977 4750 2081 4801 Δύο
2109 4745 2175 4818 ἦν
2204 4749 2565 4822 θυσιαστήρια
2592 4753 2648 4803 ἐν
2682 4754 2746 4818 τῇ
2779 4756 2948 4822 σκηνῇ
2973 4768 2986 4781 ·
3012 4752 3070 4804 ἓν
3103 4754 3159 4803 ὲν
3182 4753 3244 4820 τῇ
3274 4750 3409 4819 αὐλῇ
3444 4749 3547 4813 ἔξω

1978 4839 2037 4889 ὲν
2085 4836 2335 4908 ὑπαίθρῳ
2356 4853 2370 4867 ·
2407 4838 2591 4908 ἕτερον
2620 4838 2677 4889 δὲ
2706 4840 2786 4901 εἰς
2818 4838 2886 4890 τὰ
2920 4839 3051 4905 ἆγια
3086 4837 3189 4891 ὐπὸ
3218 4837 3433 4907 στέγην.
3475 4838 3547 4890 Τὸ

1978 4922 2086 4977 έσω
2119 4924 2501 4995 θυσιαστήριον
2544 4924 2902 4995 θυμιαμάτων
2941 4920 3008 4993 ἦν
3040 4924 3220 4993 μόνον,
3257 4926 3355 4994 οὐχ
3382 4925 3547 4995 αἱμά-

1977 5029 2087 5064 των
2113 5011 2321 5087 χύσεως
2342 5029 2355 5043 ·
2397 5013 2456 5065 τὸ
2493 5012 2550 5065 δὲ
2594 5012 2697 5077 ἔξω
2728 5012 3108 5082 θυσιαστήριον
3135 5012 3244 5065 τῶν
3274 5012 3547 5085 θυομένων

1979 5098 2133 5161 ζώων
2168 5101 2263 5151 καὶ
2312 5099 2490 5171 ἄρτων
2521 5099 2835 5169 προσφορᾶς
2872 5099 2965 5151 καί
3010 5117 3170 5153 τινων
3201 5099 3392 5154 ἄλλων.
3437 5102 3547 5175 καὶ

1976 5191 2067 5243 τὸν
2103 5190 2201 5260 μὲν
2246 5187 2350 5252 ἔξω
2391 5186 2571 5257 βωμὸν
2608 5186 2817 5239 κελεύει
2861 5190 2889 5240 ό
2930 5188 3061 5251 Θεὸς
3102 5188 3179 5258 τῷ
3222 5190 3449 5243 Μωῦσεῖ
3484 5192 3546 5241 ὲκ

1982 5276 2132 5349 [478]
2176 5277 2338 5329 λίθων
2380 5275 2734 5344 ἁπελεκήτων
2775 5273 3034 5345 ποιῆσαι·
3066 5276 3155 5330 τὸν
3199 5275 3256 5330 δὲ
3297 5278 3444 5329 ένδον
3489 5279 3545 5327 ἐν

2042 5479 2065 5508 ε
2093 5475 2406 5548 Savil._pu.lgl
2428 5473 2691 5548 [egqndum
2711 5475 2812 5548 πῶς
2832 5475 2923 5548 γὰρ
2939 5475 3350 5548 ,θυμίαμα-,ιπρτιρ
3372 5475 3548 5544 ηιοῐὶιιε

1876 5548 1883 5555 ’
1979 5539 2178 5604 l_egatur_
2210 5542 2303 5604 πᾶν
2325 5537 2414 5598 γὰρ
2434 5535 2642 5604 θυμίαμα
2758 5535 3101 5604 κατευθύνεταιξ
3148 5537 3453 5604 ιῃυόρυξνο,
3491 5539 3548 5604 τό

1978 5595 2146 5662 ᾀρθρον
2166 5595 2631 5662 λείπει...’τοιοῦτον
2662 5600 2805 5662 (least
2829 5600 2880 5646 in
2910 5601 3038 5662 δην.
3060 5606 3122 5662 _el.
3160 5595 3436 5662 Comliqﬁs,
3460 5597 3547 5658 qui

1978 5656 2164 5708 llhb'enl
2184 5675 2290 5708 κατ.
2314 5661 2343 5715 ή
2367 5673 2443 5719 πρ.
2462 5660 2647 5719 μου,ὡς
2667 5659 2877 5719 θυμίαμα
2901 5659 3097 5719 ἐνώπιόν
3116 5671 3229 5719 σους
3252 5656 3387 5719 ποῖον
3409 5656 3539 5717 θυως

1979 5673 2164 5708 habent
2184 5675 2290 5708 κατ.
2314 5675 2343 5715 η
2367 5674 2402 5705 π
2437 5696 2443 5704 .
2462 5673 2647 5719 μου,ως
2667 5673 2877 5719 υυμιαμα
2901 5673 3097 5706 ενωπιον
3116 5673 3229 5713 dou;
3252 5673 3387 5703 πονσν
3409 5673 3539 5717 ww;

1979 5721 2063 5769 δύο
2084 5720 2141 5776 ἢν
2165 5726 2261 5769 etc.
2285 5747 2346 5757 —
2378 5673 2451 5781 δί.
2488 5726 2647 5772 natam
2669 5718 3044 5780 interpretationi
3073 5715 3250 5766 Latina:
3267 5716 3541 5775 subjeaam.

3135 5809 3215 5870 9.9
