3958 6186
194 331 297 389 ‘09

192 447 338 510 culo;
379 458 541 500 unum
574 445 625 500 in
670 446 807 500 atrio
845 447 1095 501 exteriori
1141 447 1240 500 sub
1282 446 1400 512 dio;
1448 445 1589 505 aliud
1630 446 1765 498 intra

189 548 364 593 sancta
392 536 492 591 sub
516 547 674 592 tecto.
708 537 933 592 Interius
970 539 1137 593 altare
1166 537 1231 592 ad
1276 539 1548 592 incenSmn
1592 537 1765 592 solum

188 640 318 695 erat,
361 643 463 683 non
503 628 568 683 ad
611 626 925 684 ell‘usionem
970 629 1261 700 sanguinis.
1298 627 1548 684 Esterius
1588 637 1764 683 autem

188 722 348 776 altare
374 719 440 773 ad
468 720 713 774 animalia
740 714 858 790 qua
885 720 1309 785 immolabantur,
1340 721 1406 775 ad
1448 734 1611 790 panes
1636 735 1764 790 pro-

190 814 477 882 positionis,
507 821 562 868 et
599 813 664 866 ad
708 823 902 868 cwtera
948 815 1210 883 qutedam.
1242 814 1573 868 Exterioretu
1614 829 1760 868 arant

184 909 334 978 jussit
363 906 615 960 Dominus
645 905 808 977 Moysi
841 920 904 959 ex
946 905 1200 974 impolitis
1231 904 1491 974 lapidibus
1517 915 1758 967 struere;

187 997 483 1054 interiorem
512 1008 640 1051 vero
670 996 722 1050 in
746 997 1112 1061 tabernaculo,
1142 1011 1207 1050 ex
1245 1011 1375 1050 auro
1402 997 1586 1065 polito.
1624 995 1758 1061 Quid

182 1095 350 1146 divina
379 1092 548 1162 gratia
583 1105 677 1161 per
704 1089 819 1144 haec
840 1088 1161 1153 subindicet,
1185 1104 1362 1158 opera:
1388 1089 1617 1159 pretium
1646 1088 1761 1144 fne-

183 1187 245 1240 rit
282 1185 583 1254 explorare.
618 1183 759 1237 Duos
787 1196 980 1253 nempe
1007 1181 1234 1251 populos
1264 1181 1354 1236 Dei
1385 1182 1569 1251 gloria:
1599 1182 1759 1235 mini-

179 1284 427 1339 strantes,
457 1286 684 1343 quorum
719 1286 859 1326 unus
895 1271 1210 1337 ineruditus,
1240 1271 1377 1325 alter
1413 1271 1580 1339 probe
1610 1271 1760 1324 insti-

181 1376 315 1419 tutus
360 1366 450 1419 sit.
494 1365 593 1431 Qui
625 1365 677 1418 in
717 1363 1038 1418 dictionibus
1066 1364 1363 1419 solmcissat
1406 1372 1461 1418 et
1498 1362 1760 1419 barbarus

178 1468 271 1521 est,
297 1472 580 1512 sermones
603 1455 806 1528 profert
849 1465 906 1510 ut
940 1454 1143 1526 lapides
1182 1456 1484 1526 impolitos;
1521 1467 1753 1511 attamen

179 1551 208 1603 ii
251 1550 314 1604 ad
360 1549 548 1604 altaris
592 1559 911 1604 structuram
963 1549 1266 1603 conferunt.
1311 1547 1516 1603 Rursus
1565 1562 1752 1603 aurum

176 1641 461 1713 expolitum
493 1644 754 1713 pretiosus
779 1642 971 1697 dicitur
1001 1642 1171 1712 lapis;
1199 1653 1252 1696 at
1278 1656 1449 1712 neque
1471 1641 1556 1696 hic
1579 1642 1754 1697 estol-

176 1739 311 1803 titur,
343 1753 524 1808 neque
563 1738 651 1793 ille
688 1738 916 1807 ejicitur.
948 1738 1079 1793 Nam
1109 1748 1163 1792 et
1192 1737 1299 1792 illic
1326 1738 1496 1793 altare
1541 1738 1656 1806 Dei,
1700 1748 1753 1792 et

177 1830 254 1883 hic
275 1830 449 1884 altare
475 1829 587 1883 Dei.
621 1827 853 1901 Eratque
879 1846 944 1884 ex
972 1840 1198 1900 quatuor
1218 1828 1494 1899 speciebus
1516 1844 1754 1897 unguen-

86 1986 96 1995 ί
175 1930 274 1974 tum
300 1922 685 1991 compositum,
722 1938 788 1977 ex
817 1931 1007 1989 stacte,
1036 1937 1101 1977 ex
1132 1936 1323 1993 onyee,
1353 1937 1418 1977 ex
1445 1922 1674 1992 galbano
1699 1933 1754 1978 et

174 2014 336 2068 thure.
366 2014 502 2082 Quia
538 2014 697 2085 igitur
724 2024 1047 2085 unguentum
1071 2015 1229 2069 variis
1250 2026 1315 2070 ex
1343 2015 1505 2070 rebus
1530 2028 1752 2085 compo-

175 2107 327 2171 nitur,
373 2106 649 2177 virtusque
694 2106 822 2161 item
866 2121 933 2161 ex
973 2106 1137 2161 variis
1179 2115 1410 2172 constat,
1444 2106 1562 2161 ideo
1601 2106 1747 2173 dicit,

172 2196 431 2269 Dirigatur
458 2199 621 2251 oratio
646 2212 761 2254 mea
784 2199 912 2253 sicut
938 2199 1194 2253 incensum
1232 2198 1286 2253 in
1328 2211 1593 2269 conspectu
1619 2210 1703 2254 tuo
1730 2216 1750 2253 :

166 2291 609 2360 quemadmodum
641 2292 770 2347 illttd
809 2309 873 2348 ex
906 2293 1088 2349 multis
1113 2293 1485 2363 compositum,
1514 2302 1568 2348 et
1590 2308 1746 2348 unam

165 2385 504 2456 fragrantiam
531 2386 802 2443 emittens.
847 2384 981 2456 Quia
1018 2404 1140 2443 cum
1180 2388 1419 2444 oratione
1453 2387 1748 2459 ingreditur

162 2480 271 2547 quis
288 2479 506 2552 jejunio
541 2492 780 2544 ornatus,
824 2482 1183 2554 eleemosyna,
1223 2482 1346 2549 lide,
1379 2484 1577 2539 Similis
1606 2495 1743 2550 esto,

164 2572 345 2642 inquit,
381 2572 676 2644 quadrupla
708 2575 876 2629 virtus
922 2575 1139 2630 incenso
1183 2576 1280 2640 illi,
1329 2576 1470 2646 quod
1513 2577 1563 2631 in
1612 2593 1742 2632 ροη-

161 2676 332 2732 specta
371 2676 467 2719 tuo
502 2666 765 2736 dirigitur.
810 2667 899 2723 Sic
936 2677 988 2722 et
1028 2667 1212 2723 beatus
1254 2668 1415 2723 David
1451 2669 1574 2724 alibi
1612 2668 1685 2724 ait
1724 2686 1739 2725 :

159 2755 282 2812 Ecce
304 2775 468 2828 quam
494 2759 677 2813 bonum
706 2769 752 2812 et
788 2777 938 2827 quant
955 2760 1266 2832 jucu'tdum,
1300 2761 1525 2815 habitare
1559 2762 1743 2832 fratres

158 2850 203 2903 in
227 2868 417 2916 unum,
451 2853 579 2906 sicut
604 2863 911 2924 unguentum
945 2855 997 2907 in
1040 2858 1221 2923 capite,
1251 2855 1387 2925 quod
1411 2857 1664 2910 descendit
1688 2857 1742 2912 in

158 2941 380 3006 barbam,
411 2942 617 2996 barbam
643 2944 814 2997 Aaron
844 2943 1013 3015 (Psal.
1046 2944 1165 3001 132.
1196 2946 1245 3000 1.
1270 2945 1363 3018 ‘2)!
1392 2944 1630 3001 Similem
1660 2948 1740 3000 ili-

155 3033 221 3086 cit
253 3034 541 3088 caritatem
587 3045 865 3111 unguento
896 3035 1248 3105 sacerdotali,
1302 3039 1598 3093 orationem
1652 3039 1737 3092 in-

154 3139 305 3180 censo
333 3125 686 3181 sacerdotali.

215 3217 541 3272 Continentia
577 3219 843 3272 sacerdotii
869 3236 1012 3274 soror
1038 3230 1128 3274 est.
1147 3218 1564 3277 —Contineutia
1595 3238 1733 3292 prte-

149 3306 281 3363 ditus
329 3311 443 3363 es?
492 3309 678 3365 Frater
710 3325 780 3367 es
830 3313 1145 3368 sacerdotis.
1188 3314 1553 3369 Sacerdotium
1600 3316 1735 3370 forte

151 3413 245 3452 non
275 3400 479 3463 habeo,
503 3402 885 3457 continentiam
918 3403 1108 3459 habeo.
1136 3402 1302 3461 Soror
1333 3416 1415 3461 est
1457 3408 1732 3461 continen-

150 3491 212 3544 tia
246 3508 370 3547 mea
402 3494 688 3550 sacerdotii
720 3496 815 3551 tui.
846 3496 997 3552 Unde
1023 3497 1163 3553 hoc?
1202 3496 1408 3555 Etenim
1440 3501 1586 3555 illum
1613 3516 1733 3556 esse

147 3592 344 3638 castum
382 3596 616 3654 oportet,
645 3588 733 3657 qui
763 3589 1067 3644 sacerdotio
1095 3592 1348 3662 fungitur,
1391 3605 1445 3648 et
1485 3611 1592 3660 me,
1641 3595 1730 3665 qui

150 3673 303 3729 Deum
329 3678 535 3732 colam.
566 3678 622 3735 Si
651 3681 949 3736 eaStitatem
979 3682 1223 3749 habeam,
1254 3686 1609 3740 sacerdotium
1642 3703 1731 3742 ac-

145 3765 293 3834 cipio.
325 3766 612 3823 Undenatn
643 3768 790 3824 hoc?
816 3770 976 3826 David
1009 3772 1217 3843 fugiens
1244 3789 1275 3827 a
1303 3775 1463 3830 Saitle
1494 3777 1640 3831 venit
1664 3778 1729 3832 ad

146 3856 495 3914 Abialharum
537 3860 612 3933 (a)
660 3875 925 3917 summum
968 3864 1333 3929 sacerdotem,
1373 3866 1553 3936 aitque
1594 3867 1669 3920 illi
1715 3887 1727 3921 :

146 3948 220 4004 Da
248 3952 381 4006 mihi
405 3970 561 4023 panes
586 3955 661 4025 (I.
692 3953 823 4025 Reg.
850 3954 939 4009 2t.
972 3955 1026 4011 5.
1052 3956 1133 4025 4),
1157 3957 1276 4025 quia
1301 3967 1518 4026 repente
1539 3958 1731 4012 missus

144 4058 255 4098 sum
282 4060 314 4099 a
338 4061 492 4115 rege,
515 4056 569 4099 et
597 4047 782 4101 viatica
809 4063 914 4102 non
942 4048 1131 4103 habeo.
1163 4050 1469 4118 Respondet
1489 4065 1729 4105 summus

141 4137 399 4193 sacerdos
430 4139 603 4209 legum
642 4141 845 4211 peritus
887 4157 902 4194 :
935 4139 1058 4195 Non
1096 4155 1170 4196 est
1198 4141 1339 4195 nobis
1383 4143 1530 4212 panis
1571 4142 1726 4208 alius,

143 4230 233 4283 nisi
259 4232 419 4302 panis
443 4242 668 4295 sanctus,
697 4249 842 4301 quem
870 4250 969 4287 non
997 4234 1109 4288 licet
1138 4235 1247 4299 alii,
1279 4252 1430 4304 quant
1458 4238 1723 4299 sacerdoti,

140 4323 422 4376 comedere.
464 4321 600 4392 Quia
628 4324 789 4394 igitur
833 4326 1203 4380 necessitatem
1241 4326 1475 4391 videbat,
1509 4327 1729 4383 timebat

143 4430 263 4467 vero
290 4430 464 4485 panes
490 4417 865 4486 propesitionis
889 4419 1119 4484 tradere,
1142 4421 1330 4490 quaerit
1352 4422 1418 4475 ab
1442 4421 1506 4476 iis
1528 4422 1616 4492 qui
1645 4437 1730 4475 sa-

138 4507 394 4562 cerdotes
440 4524 547 4563 non
591 4519 766 4574 erant,
807 4525 875 4565 an
924 4511 1043 4581 puri
1086 4524 1284 4577 essent,
1331 4514 1567 4585 dicitque
1610 4534 1622 4569 :
1667 4515 1729 4570 Si

140 4600 314 4653 mundi
341 4610 464 4654 sum
487 4602 632 4671 pueri
667 4602 755 4673 qui
793 4613 956 4657 tecum
994 4615 1111 4657 sunt
1153 4606 1213 4659 ab
1260 4608 1519 4673 uxoribus,
1562 4625 1723 4663 sume.

140 4688 535 4746 Continentiam
575 4694 718 4747 enim
746 4694 966 4764 putabat
993 4711 1113 4751 esse
1150 4698 1432 4753 sacerdmii
1460 4715 1723 4754 sororem.

143 4784 213 4837 Ac
257 4799 332 4840 ne
375 4786 497 4856 quis
541 4788 595 4841 in
638 4787 961 4844 calumniam
1008 4793 1301 4847 sacerdOtis
1346 4795 1518 4849 trahat
1564 4795 1723 4860 illud,

139 4874 277 4943 quod
311 4891 481 4946 panes
499 4877 703 4933 dederit
728 4880 811 4943 iis.
834 4881 922 4949 qui
948 4882 1253 4938 sacerdotes
1277 4899 1380 4938 non
1401 4895 1576 4952 erant,
1601 4888 1724 4942 audi

136 4970 413 5035 quomodo
438 4970 696 5028 Servatur
723 4974 772 5027 id
796 4976 944 5043 quasi
974 4976 1138 5044 probe
1170 4975 1363 5031 factum
1394 4994 1725 5036 commemo-

139 5072 239 5114 ret.
270 5063 590 5119 lncusabant
617 5068 904 5136 aliquando
920 5071 1203 5139 apostolos
1226 5070 1418 5135 Judaei,
1448 5073 1589 5143 quod
1618 5074 1725 5145 spi-

133 5164 226 5205 cas
267 5154 547 5218 vellerent,
592 5166 648 5211 et
685 5160 928 5213 manibus
962 5160 1317 5216 confricantes
1348 5164 1720 5228 comederent;

134 5243 335 5310 quibus
372 5245 446 5300 ait
483 5246 738 5302 Senator
769 5268 782 5303 :
819 5249 940 5304 Non
978 5252 1166 5323 legistis
1195 5254 1316 5322 quid
1344 5257 1513 5323 fecerit
1562 5255 1725 5311 David

133 5351 246 5387 rum
270 5338 530 5393 aur-iret?
555 5357 713 5409 panes
741 5344 1100 5411 propositionis
1124 5348 1357 5408 comedit,
1389 5363 1514 5416 quos
1544 5365 1641 5402 nou
1669 5350 1723 5401 li-

132 5424 275 5478 cebat
306 5428 358 5478 ei
394 5432 669 5495 comedere,
703 5450 793 5486 nec
818 5435 879 5487 iis
904 5437 991 5503 qui
1017 5453 1130 5489 eum
1160 5436 1250 5490 illo
1278 5450 1439 5503 erant,
1472 5440 1561 5493 sed
1600 5441 1722 5494 solis

130 5517 479 5577 sacerdotibus
504 5516 656 5590 (Luc.
689 5524 741 5579 6.
768 5525 822 5580 3.
853 5525 932 5598 4).
962 5527 1201 5583 Vidistiu'
1222 5545 1459 5585 sororem
1492 5546 1608 5586 esse
1634 5548 1721 5586 sa-

192 5700 213 5771 ς
228 5699 271 5771 il
316 5704 537 5771 }!emoria
564 5703 738 5756 labitur
762 5706 1065 5757 Severianus.
1095 5711 1174 5759 Hic
1199 5711 1327 5759 enim
1360 5725 1455 5761 non
1474 5712 1718 5771 Abiathar,

134 5760 215 5807 ac!
243 5761 531 5812 AthiDt‘it‘t‘
560 5780 665 5829 ojns
689 5783 701 5827 ι
722 5778 823 5817 ater
851 5778 970 5817 etet.

1212 331 1298 386 DE
1333 329 1545 386 MUNDI
1584 321 1979 383 CREATIUNE
2016 329 2271 392 ORATIO
2311 340 2397 395 IV.
3358 358 3463 412 ιτα

1881 448 2100 504 cerdotii
2129 454 2466 511 castitatem?
2495 458 2725 517 vidistin‘
2747 465 3016 534 quomodo
3038 467 3176 525 Deus
3203 483 3462 541 personas

1876 553 1979 591 non
2004 544 2247 612 recipiat,
2279 547 2371 601 sed
2401 550 2676 606 veritatem
2706 553 2987 623 exploret?

1953 631 2032 686 t0.
2074 633 2444 704 Prieparemus
2476 656 2573 696 nos
2600 658 2732 715 ergo
2758 646 2822 700 ad
2854 647 3282 719 beneﬁcentiam,
3304 664 3362 708 et
3388 656 3456 710 ad

1867 719 2147 793 justitiam,
2179 738 2237 783 ut
2256 730 2515 800 jejunium
2563 737 2676 791 alas
2713 740 2957 809 accipiat.
2999 742 3456 809 Quemadmodum

1870 815 2013 870 euitn
2042 819 2156 873 avis
2182 824 2393 879 nonnisi
2425 828 2625 883 alarum
2665 845 2768 900 ope
2798 835 2978 890 volare
3016 846 3191 906 potest
3227 856 3242 893 :
3282 840 3361 895 sic
3403 853 3457 899 ct

1864 905 2125 976 jejunium
2148 912 2280 968 duas
2301 915 2460 973 habet
2480 919 2614 991 alas,
2641 924 2934 981 orationem
2957 937 3010 982 et
3028 928 3454 1004 eleemosynam.

1868 1001 2058 1070 quibus
2084 1005 2393 1064 destitutum
2423 1025 2632 1068 sursum
2668 1030 2885 1072 currere
2913 1019 3115 1089 nequit.
3150 1001 3283 1079 Vide
3317 1025 3456 1081 (Jur-

1870 1096 2063 1151 nelium
2089 1113 2209 1154 cum
2235 1100 2439 1170 jejunio
2466 1104 2547 1158 bis
2572 1122 2783 1177 quoque
2807 1109 2906 1164 alis
2934 1113 3283 1184 instructum;
3315 1134 3455 1188 qua»

1868 1200 2086 1259 pr0pter
2109 1201 2162 1246 et
2188 1207 2371 1249 vocem
2398 1195 2598 1251 audivit
2627 1198 2694 1253 de
2727 1203 2859 1255 curto
2898 1220 2913 1257 :
2943 1203 3165 1274 Corneli,
3195 1211 3454 1265 orationes

1866 1291 1968 1335 tute
1990 1293 2039 1335 ct
2065 1283 2395 1355 elecmosyme
2419 1298 2520 1342 tua:
2542 1290 2874 1345 ascenderunt
2899 1295 2968 1347 ad
2992 1294 3157 1351 Deum
3191 1298 3325 1370 (Act.
3354 1302 3442 1358 10.

1862 1375 1942 1444 4).
1978 1376 2142 1447 Finge
2170 1381 2363 1435 animal
2410 1397 2530 1437 esse
2567 1384 2849 1453 jejunium,
2891 1387 3186 1458 carissime,
3226 1392 3449 1464 ejusque

1862 1472 1974 1522 alas
2017 1484 2138 1526 esse
2176 1473 2569 1545 eleemosynam
2620 1486 2673 1530 et
2716 1480 3051 1546 omtionem;
3101 1483 3217 1538 sine
3256 1484 3447 1555 quibus
3481 1487 3496 1501 ’

1861 1577 2071 1616 sursum
2103 1561 2228 1617 ferri
2256 1580 2361 1618 non
2393 1568 2579 1634 possit.
2604 1567 2706 1635 Qui
2733 1569 2851 1623 talis
2877 1580 2976 1636 est,
3011 1573 3111 1627 etsi
3132 1587 3241 1628 non
3265 1576 3451 1646 loqua-

1862 1665 1965 1717 tur,
1998 1656 2260 1724 justitiam
2287 1671 2474 1725 magna
2507 1674 2637 1713 voce
2665 1660 2879 1715 clamat.
2911 1662 3096 1733 Magna
3126 1666 3322 1736 quippe
3356 1668 3449 1738 ju-

1859 1747 2017 1800 stitiae
2040 1759 2255 1817 patrona
2291 1750 2455 1805 virtus
2481 1759 2580 1806 est.
2616 1751 2737 1807 Ideo
2765 1753 2929 1808 dicit:
2956 1756 3180 1823 Exaudi,
3203 1758 3442 1829 Domine,

1855 1839 2102 1907 iustitiam
2133 1856 2317 1892 nteant.
2350 1841 2586 1897 Primum
2617 1845 2792 1915 itaque
2816 1848 3213 1920 maximumque
3241 1851 3441 1909 bonum

1857 1941 1938 1985 est
1964 1930 2153 1996 oratio,
2182 1932 2519 2006 eleemosyna
2549 1945 2606 1991 et
2624 1937 2863 2006 justitia;
2894 1941 3036 2010 quod
3064 1952 3243 2000 autem
3266 1953 3440 2002 tutum

1856 2037 1939 2084 est
1968 2038 2020 2083 et
2050 2030 2425 2088 inconcussum
2455 2038 2798 2109 omniumque
2842 2040 3012 2108 radix,
3045 2042 3139 2099 Dei
3180 2046 3436 2119 cognitio,

1858 2119 2122 2191 Uttigeuiti
2172 2123 2444 2191 adoratio,
2497 2126 2726 2198 Spiritus
2776 2133 2945 2188 sancti
2996 2133 3293 2205 confessio,
3333 2151 3438 2197 una

1854 2214 1986 2271 fides
2010 2218 2255 2285 indivisa,
2278 2236 2488 2283 secura.
2512 2232 2643 2290 tuta,
2671 2226 2827 2282 nullis
2850 2231 3087 2298 partibus
3105 2232 3292 2290 scissa.
3318 2236 3437 2292 Jam
3508 2216 3521 2224 ’

1853 2309 2049 2364 dictum
2080 2321 2163 2366 est
2199 2314 2340 2383 quod
2370 2314 2610 2371 dicturus
2652 2333 2792 2385 sum,
2835 2330 3068 2380 attamen
3113 2340 3323 2383 rursum
3356 2329 3438 2385 di-

1851 2413 1987 2454 cam.
2033 2401 2173 2457 Deus
2211 2405 2426 2474 sapiens
2454 2422 2572 2462 cum
2618 2410 2706 2475 sit,
2752 2414 2993 2481 permisit
3033 2426 3092 2471 ut
3132 2418 3363 2476 Increses
3403 2438 3434 2477 a

1850 2488 1965 2580 suis
1989 2493 2297 2549 auctoribus
2336 2496 2782 2572 dogmatibusque
2812 2519 3006 2561 nomen
3049 2506 3309 2566 haberent
3332 2554 3347 2580 ,
3376 2522 3435 2568 ut

1849 2579 1972 2638 hinc
2004 2585 2230 2655 liqueret
2271 2605 2375 2644 non
2407 2591 2500 2646 Dei
2540 2592 2834 2650 doctrinam
2855 2638 2871 2664 ,
2913 2599 3006 2654 sed
3039 2601 3313 2659 hominum
3344 2606 3429 2660 in-

1847 2689 2066 2737 ventum
2095 2698 2213 2740 esse
2241 2684 2451 2742 illorum
2479 2691 2792 2759 opiniones;
2823 2699 3051 2767 exempli
3095 2714 3254 2754 causa
3275 2742 3290 2764 ,
3321 2701 3433 2757 Ma-

1844 2773 2121 2831 cedoniani
2145 2794 2172 2830 a
2195 2777 2525 2849 Macedonio,
2549 2785 2730 2840 Ariani
2753 2787 2821 2843 ab
2850 2790 2997 2857 Ario,
3022 2790 3337 2850 Eunomiani
3359 2793 3429 2851 ab

1844 2867 2125 2924 Eunomio.
2156 2868 2412 2928 Similiter
2440 2885 2492 2929 et
2519 2876 2738 2949 reliquae
2767 2874 3021 2937 luereses.
3049 2885 3425 2954 Apostolorum

1844 2977 1969 3016 vero
1994 2960 2151 3018 fidem
2177 2979 2297 3020 cum
2321 2967 2689 3025 intemeratam
2720 2988 2937 3031 servare
2963 2977 3142 3042 vellet,
3172 2992 3277 3033 non
3309 2995 3428 3049 per-

1843 3054 1986 3109 misit
2016 3065 2072 3110 ut
2095 3057 2163 3113 ab
2182 3057 2398 3118 homine
2424 3078 2618 3120 nomen
2646 3066 2903 3124 haberet:
2927 3070 3133 3125 etiamsi
3162 3072 3303 3127 enim
3328 3089 3427 3130 nos

1840 3161 2033 3204 vocent
2064 3150 2483 3219 llomousiastas.
2515 3172 2619 3212 non
2663 3159 2760 3213 viri
2808 3170 2982 3217 tamen
3015 3178 3209 3219 nomen
3244 3166 3424 3235 profe-

1840 3249 1981 3303 runt,
2016 3241 2109 3296 sed
2140 3241 2296 3298 fidem
2324 3247 2632 3315 pra-dicant.
2664 3249 2817 3316 Quod
2844 3252 2984 3305 enim
3025 3253 3093 3308 ab
3123 3254 3424 3310 hominibus

1840 3346 2031 3386 nomen
2074 3333 2291 3401 habere,
2337 3353 2442 3391 non
2484 3339 2554 3393 sit
2590 3340 2843 3406 ﬁdelium,
2883 3343 2976 3398 sed
3024 3341 3420 3408 hmreticornm.

1837 3424 1913 3476 ait
1961 3424 2153 3481 Paulus
2191 3427 2498 3484 Corinthios
2542 3432 2864 3502 redarguens
2914 3452 2927 3488 :
2977 3434 3143 3490 Audio
3180 3437 3239 3490 in
3286 3438 3423 3490 vobis

1836 3515 2107 3571 schismata
2133 3536 2256 3581 esse,
2281 3538 2396 3574 nam
2417 3523 2550 3576 alius
2567 3523 2768 3594 quidem
2795 3526 2954 3579 dicit:
2981 3524 3087 3595 Ego
3106 3544 3217 3581 sunt
3249 3526 3421 3586 Pauli.

1835 3626 1926 3679 ego
1953 3621 2117 3665 autent
2147 3614 2351 3684 Apollo,
2383 3634 2473 3688 ego
2501 3635 2613 3672 vero
2638 3617 2825 3689 Cepltre
2853 3619 2929 3692 (1.
2958 3619 3073 3673 Cor.
3109 3622 3157 3675 1.
3193 3622 3279 3675 11.
3310 3622 3416 3677 12‘.

1841 3703 2024 3759 Viden‘
2044 3706 2111 3759 ab
2138 3706 2440 3764 hominibus
2467 3713 2760 3780 nuncupari
2786 3713 3130 3768 schismatum
3157 3730 3276 3770 esse
3299 3732 3392 3785 pro
3408 3746 3423 3756 ο

1837 3796 2046 3864 prium?
2075 3798 2265 3853 Annon
2296 3799 2399 3855 lide
2428 3802 2639 3870 dignior
2670 3803 2858 3859 Petrus
2896 3804 3246 3862 Macedonio?
3272 3810 3419 3876 Apo-

1834 3890 2092 3943 stoloruut
2120 3892 2331 3945 nomina
2360 3892 2565 3962 fugiunt
2597 3911 2716 3964 quae
2743 3897 2927 3966 gloria:
2965 3896 3160 3953 Christi
3190 3900 3414 3959 cedant:

1836 3992 1889 4036 tu
1920 3999 2046 4037 vero
2083 3984 2282 4039 scindis
2328 3985 2505 4051 tidem,
2551 3988 2836 4043 indivisum
2872 4006 3113 4059 regnum,
3148 3980 3418 4063 insepara-

1833 4072 1995 4128 bilem
2026 4074 2288 4145 gloriam?
2321 4075 2513 4131 Verum
2544 4077 2801 4135 hactenus
2830 4100 2842 4133 :
2874 4080 3132 4137 habemus
3156 4084 3297 4138 enim
3331 4087 3381 4138 lu
3400 4116 3415 4126 -

1832 4181 2048 4221 cernam
2078 4174 2132 4221 et
2162 4166 2341 4223 lumen
2375 4186 2386 4221 :
2417 4185 2537 4223 nam
2568 4168 2799 4224 Lucerna
2827 4174 3034 4241 pedibus
3065 4176 3186 4228 meis
3215 4176 3415 4230 verbum

1834 4269 1993 4323 tuum,
2023 4268 2068 4312 et
2099 4260 2268 4313 lumen
2295 4262 2482 4314 semitis
2508 4263 2629 4316 meis
2657 4262 2826 4335 (Psal.
2868 4265 2989 4320 118.
3022 4265 3167 4334 103).
3196 4267 3302 4320 Cur
3332 4269 3411 4322 ln-

1832 4352 2030 4406 eerna?
2054 4366 2149 4404 cur
2192 4352 2311 4407 lux?
2347 4352 2586 4408 Lucerna
2632 4354 2829 4426 quippe
2877 4355 3290 4423 catechumenis,
3326 4359 3412 4413 lus

1832 4446 1896 4499 iis
1932 4446 2019 4515 qui
2061 4445 2249 4500 initiati
2292 4448 2560 4517 mysteriis
2592 4457 2734 4502 sunt.
3248 4450 3253 4454 ’

1900 4537 2162 4608 Jejunium
2186 4555 2301 4591 cum
2325 4539 2467 4595 bouis
2492 4541 2724 4615 operibus
2748 4543 3073 4613 coniunctum
3103 4560 3208 4596 esse
3249 4543 3410 4596 debet.

1830 4630 2061 4702 —Rogo
2090 4630 2364 4686 caritatem
2392 4643 2644 4698 vestram,
2676 4643 2731 4687 ιιι
2757 4633 3128 4688 intemeratum
3155 4633 3415 4703 jejunium

1833 4734 2066 4778 vestrum
2110 4726 2357 4789 servetis,
2404 4726 2741 4797 impollutum
2790 4726 2859 4779 ab
2902 4724 3176 4794 injustitia,
3224 4741 3410 4792 purum

1831 4814 1898 4868 ab
1923 4816 2165 4870 avaritia.
2197 4815 2328 4871 Vide
2366 4816 2643 4871 stultitiam
2683 4832 2887 4877 eorum.
2920 4816 3008 4885 qui
3038 4814 3411 4871 abstinentiam

1831 4922 1858 4958 a
1902 4906 2038 4960 cibis
2072 4916 2360 4970 sectantur,
2406 4923 2502 4961 nec
2545 4916 2733 4960 curant
2769 4922 2797 4959 a
2850 4908 3078 4974 peccatis
3118 4906 3406 4963 abstinere.

1832 4998 1942 5052 Non
1980 4998 2125 5063 bibo,
2178 5000 2364 5068 inquit,
2411 5000 2609 5059 vinum,
2657 5015 2761 5053 non
2803 4999 3026 5053 comedo
3065 4999 3264 5066 oleum,
3309 5016 3412 5055 non

1829 5090 1933 5144 edo
1959 5106 2166 5146 carnes.
2196 5091 2340 5145 Bene
2369 5107 2497 5145 sane
2521 5090 2634 5144 lucc
2659 5100 2875 5160 propter
2899 5090 3061 5144 Deum
3093 5103 3374 5145 servantur
3398 5110 3410 5143 ε

1831 5183 1945 5238 hare
1975 5184 2111 5237 bona
2141 5191 2297 5246 sunt;
2328 5183 2419 5237 sed
2452 5197 2564 5237 rem
2592 5195 2912 5251 qutcramus.
2946 5182 3123 5243 Panis.
3157 5200 3313 5253 aqua,
3340 5184 3416 5234 vi-

1831 5293 1978 5339 uum,
2009 5292 2219 5340 carnes,
2265 5275 2462 5339 oleum,
2514 5275 2625 5331 lucc
2663 5277 2839 5330 omnia
2886 5276 2976 5331 Dei
3023 5292 3183 5347 opera
3231 5285 3354 5329 sunt
3398 5289 3413 5327 :

1828 5372 2044 5425 avaritia
2097 5384 2253 5434 vero,
2298 5368 2553 5437 injustitia
2599 5378 2652 5423 et
2697 5370 2940 5440 impietas
2979 5385 3115 5442 Opus
3148 5379 3271 5424 sunt
3300 5366 3414 5420 dia-

1830 5465 1953 5519 boli.
1987 5465 2027 5518 Α
2063 5465 2152 5518 Dei
2179 5464 2430 5532 operibus
2469 5462 2706 5518 abstines
2748 5472 2965 5534 propter
2987 5463 3271 5531 jejunium,
3300 5469 3351 5511 et
3378 5475 3406 5513 a

1828 5559 2020 5614 diaboli
2051 5556 2305 5626 operibus
2342 5571 2445 5610 non
2474 5556 2709 5613 abstines
2735 5567 2951 5626 propter
2983 5551 3282 5623 jejunium?
3307 5547 3409 5607 Pa-

1830 5670 1932 5715 ms,
1965 5667 2167 5716 thlllttl,
2197 5651 2394 5711 oleum,
2438 5660 2491 5702 et
2530 5651 2572 5703 ιιξ
2620 5664 2721 5718 qua
2766 5649 2889 5709 alia,
2934 5646 3025 5701 Dei
3072 5652 3195 5697 sunt
3224 5660 3411 5712 opera.

1831 5756 2016 5799 (‘tll‘lt'lil
2049 5747 2183 5798 bona
2217 5752 2267 5795 et
2308 5740 2591 5796 admodum
2634 5740 2788 5794 bona.
2826 5740 2909 5792 Ait
2943 5734 3141 5790 Paulus
3185 5754 3195 5789 :
3240 5733 3418 5790 Omnis
