3958 6186
525 364 617 417 ιτς

514 492 747 535 creatura
772 476 869 531 Dei
895 474 1045 541 bona,
1073 484 1118 529 et
1143 475 1273 530 nihil
1301 474 1649 542 reﬁciendum,
1678 472 1815 543 quod
1842 488 1958 526 cum
1983 488 2102 541 grue

516 576 701 625 t'iarum
730 569 926 623 actione
946 569 1283 639 percipiamus
1302 584 1320 621 :
1341 567 1687 636 sancti/icatur
1713 567 1847 620 enim
1871 581 1961 634 per
1984 582 2099 620 uer—

514 665 629 717 bum
654 660 751 715 Dei
776 670 823 714 et
848 661 1126 714 orationem
1156 659 1231 731 (l.
1263 658 1399 714 Tim.
1431 660 1485 714 4.
1512 660 1565 714 4.
1590 659 1668 729 5).
1698 658 1756 714 Si
1785 672 1914 727 ergo
1939 657 2101 712 bene-

514 752 730 815 dicitur,
753 751 797 807 si
818 750 1347 822 ergo-sanctiﬁcatum
1376 766 1473 806 cur
1493 751 1819 805 abstinemus
1835 749 1860 801 ?
1884 746 2096 818 injusti-

513 846 581 897 tia
607 854 807 910 autem,
836 846 1086 910 avaritia,
1108 854 1162 900 et
1182 846 1226 901 si
1254 860 1358 916 qua
1388 845 1514 908 alia,
1540 843 1735 899 diaboli
1752 850 1889 897 sunt
1910 855 2094 911 Opera.

510 934 596 990 Ab
635 937 888 1005 operibus
931 936 1025 993 Dei
1066 936 1305 992 abstines
1358 946 1578 1007 propter
1612 937 1892 1008 jejunium,
1937 947 1992 990 et
2031 934 2099 988 ab

510 1028 763 1097 operibus
815 1028 1012 1084 diaboli
1076 1046 1180 1083 non
1243 1029 1481 1084 abstines
1534 1038 1750 1100 propter
1803 1029 2051 1098 pietatem
2075 1027 2106 1079 ?r

511 1120 694 1189 Atqui,
736 1119 947 1185 fratres,
995 1112 1252 1176 adversus
1294 1136 1418 1175 eum
1449 1121 1538 1190 qui
1576 1134 1680 1175 non
1722 1119 1945 1191 jejunat,
1990 1133 2094 1173 non

511 1210 718 1279 prolata
748 1211 1008 1266 sententia
1032 1220 1137 1277 est,
1159 1211 1415 1268 adversus
1438 1227 1556 1266 eum
1583 1222 1783 1277 autem,
1806 1211 1893 1282 qui
1917 1210 2096 1280 inique

509 1303 639 1373 agit,
669 1318 881 1373 poenam
925 1305 1320 1359 intermittatur.
1357 1304 1438 1359 Ab
1481 1305 1545 1360 iis
1577 1320 1696 1375 qua:
1728 1305 1940 1359 innoxia
1970 1312 2096 1358 sunt

509 1407 805 1469 cavemus,
857 1410 955 1450 nec
1002 1410 1254 1450 cavemus
1304 1395 1372 1450 ab
1426 1397 1524 1463 iis,
1575 1411 1694 1466 quae
1747 1408 1873 1449 sunt
1921 1394 2093 1463 culpa:

509 1484 757 1541 obnoxia.
790 1486 934 1542 Bona
964 1503 1051 1542 res
1088 1496 1170 1543 est
1207 1488 1568 1561 cleemosyna,
1607 1504 1727 1558 (ιιιίὲ
1756 1487 1934 1559 specie
1970 1487 2091 1557 qni-

507 1574 629 1629 dem
657 1575 934 1646 dispergit,
968 1593 1027 1632 re
1063 1587 1241 1632 autem
1281 1587 1587 1648 congregat.
1632 1577 2089 1644 Quemadmodum

508 1665 909 1737 enimagricola
937 1678 1093 1724 terra:
1122 1670 1432 1734 faeneratur,
1451 1686 1514 1726 ex
1542 1686 1643 1740 qua
1673 1670 1874 1725 semina
1896 1685 2089 1739 exspe-

508 1765 655 1811 ctat:
707 1759 784 1812 sic
826 1759 1167 1832 eleemosyna
1204 1761 1332 1816 dum
1378 1762 1494 1816 aliis
1526 1761 1641 1817 dari
1689 1762 1918 1827 videtur,
1966 1777 2091 1817 vere

506 1850 655 1904 danti
686 1852 946 1906 recondit.
978 1852 1109 1907 Nam
1133 1853 1207 1908 ait
1237 1854 1399 1909 David
1442 1872 1456 1909 :
1486 1853 1756 1923 Dispersit,
1792 1854 1928 1907 dedit
1957 1870 2088 1924 pau-

507 1939 727 2009 peribus.
752 1942 948 2011 iustitia
976 1944 1085 2011 eius
1110 1955 1275 1999 manet
1306 1946 1357 1999 in
1377 1946 1622 2000 stt-culum
1655 1945 1824 2015 (Psal.
1858 1946 1980 2002 Hi.
2007 1946 2085 2011 9).

506 2031 595 2087 Sic
619 2032 943 2103 jejunemus,
973 2036 1053 2092 sic
1077 2035 1382 2103 adoremus,
1414 2038 1491 2092 sic
1527 2038 1830 2101 credamus,
1878 2037 2087 2091 Patrem

504 2124 885 2193 glorificantes,
933 2127 1125 2182 Filium
1170 2128 1382 2201 hymnis
1430 2129 1791 2193 celebrantes,
1831 2128 2084 2197 Spiritum

504 2226 746 2273 sanctum
774 2219 1078 2286 adorantes,
1104 2222 1225 2292 quia
1251 2221 1348 2292 ipsi
1373 2221 1539 2292 gloria
1568 2221 1618 2275 in
1642 2220 1857 2275 srecula.
1890 2222 2081 2275 Amen.

752 2354 996 2425 Ejusdem
1024 2356 1075 2410 in
1118 2357 1345 2426 quintam
1379 2355 1511 2410 diem
1549 2355 1836 2410 creatiouis.

522 2512 533 2527 ι
574 2492 625 2546 1.
653 2489 813 2546 Multa
838 2490 1049 2562 quidem
1073 2507 1367 2562 magnaque
1396 2507 1424 2547 a
1448 2492 1824 2562 benignissimo
1847 2491 1958 2547 Deo
1988 2492 2083 2547 ho-

501 2581 733 2637 minibus
761 2597 1014 2637 concessa
1044 2598 1263 2638 munera
1286 2592 1444 2648 sunt;
1490 2583 1716 2652 primum
1761 2592 1939 2638 autem
1966 2585 2082 2652 ejus

398 2671 405 2695 '
502 2674 900 2743 maximumque
929 2673 1127 2728 donum
1153 2658 1235 2729 est
1268 2672 1660 2743 Scripturarum
1705 2675 1965 2731 doctrina.
1989 2677 2080 2732 Sol

498 2764 642 2816 enim
669 2772 723 2818 et
776 2764 918 2829 luna,
967 2768 1245 2835 omnisque
1288 2765 1560 2821 stellarum
1590 2766 1821 2834 chorus,
1863 2767 2080 2825 ﬂumina

499 2854 650 2922 item,
682 2852 873 2919 fontes,
902 2865 958 2912 et
984 2856 1152 2922 lacus,
1178 2858 1243 2912 ad
1273 2873 1558 2930 corporum
1582 2875 1735 2915 usum
1758 2860 1894 2915 facta
1921 2872 2076 2928 sunt;

497 2960 666 3001 sacra:
694 2962 824 3004 vero
848 2948 1159 3020 Scriptura,
1205 2950 1272 3006 ad
1305 2955 1601 3008 animarum
1651 2955 2077 3011 emendationem

497 3044 624 3092 sunt
646 3037 801 3094 datae.
830 3038 1040 3107 Quanto
1064 3052 1239 3096 autem
1268 3042 1443 3096 anima
1459 3058 1684 3113 corpore
1707 3046 1949 3115 superior
1974 3056 2075 3112 est,
2100 3117 2104 3120 ~

498 3137 647 3184 tanto
671 3132 919 3201 superius
946 3132 1066 3187 aliis
1110 3142 1193 3188 est
1230 3133 1529 3190 divinarum
1557 3135 1949 3206 Scripturarum
1978 3138 2078 3193 do-

497 3236 645 3275 mtm.
671 3221 794 3276 Ideo
819 3224 892 3278 ait
916 3223 1166 3279 Servator
1192 3245 1205 3280 :
1231 3225 1545 3281 Scrutamini
1561 3226 1874 3296 Scripturas,
1893 3230 1944 3283 in
1968 3232 2080 3299 qui-

497 3312 587 3367 bus
631 3315 866 3368 videmini
911 3316 1062 3369 vitam
1106 3326 1345 3371 attentam
1375 3319 1556 3374 habere
1598 3320 1789 3388 (Joan.
1836 3321 1891 3376 5.
1942 3321 2011 3377 39

498 3405 809 3460 Scrutemur
828 3419 956 3477 ergo
985 3408 1263 3464 thesauros
1288 3410 1715 3480 Scripturarum',
1747 3421 1802 3467 et
1825 3429 1941 3483 qua:
1964 3414 2078 3482 pol-

496 3493 625 3548 liciti
679 3510 865 3550 sumus
911 3496 1303 3567 aggrediamur,
1360 3501 1695 3572 hominisque
1746 3503 2072 3560 creationem

497 3600 592 3654 pro
620 3585 759 3640 virili
791 3595 971 3641 nostra
992 3588 1283 3645 ordiamur.
1316 3590 1483 3647 Nemo
1512 3608 1637 3646 vero
1656 3609 1864 3649 rursum
1892 3610 2073 3665 repre-

496 3677 692 3733 hendat
742 3693 805 3734 ea
853 3695 972 3750 qua:
1018 3683 1313 3737 accuratius
1357 3683 1741 3754 exploraturus:
1781 3684 1884 3740 hoc
1930 3685 2071 3741 enim

494 3771 704 3827 illorum
753 3775 1026 3844 proprium
1067 3786 1149 3831 est
1174 3778 1263 3846 qui
1292 3778 1473 3847 nugari
1502 3777 1736 3841 student,
1764 3794 1823 3833 ea
1856 3795 2075 3849 carpere

493 3879 611 3933 qua:
639 3879 668 3918 a
696 3864 803 3921 Deo
828 3874 1024 3922 statuta
1046 3878 1189 3933 sunt,
1221 3877 1275 3922 et
1296 3884 1357 3922 ea
1388 3884 1506 3938 quin
1526 3880 1777 3924 accurate
1827 3870 2075 3925 dicuntur

495 3956 910 4027 reprehendere.
941 3960 1131 4014 Audivi
1162 3960 1237 4014 sic
1261 3962 1561 4015 incusantes
1591 3980 1602 4014 :
1632 3960 1760 4029 Quae
1788 3964 2074 4017 necessitas

492 4057 609 4103 erat
631 4049 698 4105 de
727 4050 845 4121 igne
874 4061 928 4106 et
972 4065 1107 4122 aqua
1148 4051 1261 4105 haec
1304 4050 1484 4107 dicere
1509 4071 1520 4105 :
1545 4053 1731 4108 stridet
1763 4054 1919 4124 ignis,
1952 4069 2071 4109 cum

491 4155 625 4212 aqua
656 4144 706 4196 in
734 4158 859 4198 eum
909 4143 1184 4213 injicitur?
1212 4144 1339 4209 Nos,
1387 4145 1615 4211 aiebant,
1641 4161 1744 4200 non
1778 4163 1953 4202 rerum
1983 4164 2077 4203 na-

495 4234 741 4289 turalium
782 4234 1205 4307 disquisitionem
1251 4237 1558 4307 quzerimus,
1606 4239 1701 4295 sed
1752 4239 2069 4295 divinarum.

491 4327 640 4382 Scias
669 4335 844 4382 autem
878 4338 1107 4397 Oportet,
1152 4331 1263 4383 lncc
1292 4329 1449 4384 verba
1483 4331 1788 4400 ignavorum
1825 4341 1877 4386 et
1928 4332 2073 4386 iner-

491 4420 621 4474 tium
642 4435 762 4475 esse
787 4421 1082 4476 hominum.
1114 4422 1232 4476 Post
1264 4421 1580 4494 theologiam
1604 4426 1745 4479 enim
1767 4442 1947 4481 rerum
1981 4443 2073 4480 na-

493 4509 743 4565 turalium
764 4513 1033 4566 enarratio
1054 4513 1233 4582 pietati
1254 4514 1651 4571 fundamentum
1674 4518 1878 4586 prmbet
1897 4534 1912 4571 :
1932 4519 2070 4588 quod

493 4603 537 4657 si
594 4602 909 4657 naturalium
943 4619 1117 4658 rerum
1171 4608 1730 4662 commemorationem
1755 4608 2068 4677 eliminant,

492 4705 743 4753 accusent
767 4697 1073 4769 prophetas,
1105 4699 1374 4767 apostolos
1399 4711 1641 4769 arguant.
1678 4703 1965 4771 Apostolus
1985 4718 2072 4759 res

493 4790 762 4846 naturales
789 4799 1022 4845 tractat:
1061 4808 1080 4840 ‹
1118 4788 1231 4844 Νοη
1267 4791 1442 4845 omnis
1484 4805 1610 4845 caro
1665 4792 1853 4847 eadem
1900 4809 2068 4860 caro;

492 4881 585 4935 sed
638 4881 739 4937 alia
787 4896 925 4937 caro
969 4880 1261 4947 hominum,
1310 4881 1408 4934 alia
1449 4881 1831 4951 jumentorum,
1862 4883 1964 4938 alia
1996 4885 2074 4953 pi-

494 4972 683 5038 scium,
716 4972 816 5026 alia
862 4973 1071 5034 avium;
1103 4983 1157 5028 et
1200 4987 1423 5042 corpora
1468 4972 1720 5035 caelestia,
1753 4984 1806 5028 et
1846 4988 2072 5043 corpora

495 5072 701 5116 terrena
735 5081 753 5114 ι
798 5061 892 5133 (1.
940 5064 1060 5118 Cor.
1090 5065 1177 5120 15.
1210 5064 1299 5121 59.
1342 5064 1411 5122 40
1433 5067 1472 5137 ).
1514 5066 1621 5120 Cur
1652 5066 1907 5121 naturalia
1934 5065 2073 5123 edis-

491 5153 621 5207 serit
650 5152 864 5218 Paulus,
896 5162 952 5208 et
970 5169 1036 5210 ex
1061 5158 1274 5210 musicis
1298 5156 1662 5212 instrumentis
1682 5157 2073 5211 accusationem

492 5244 738 5311 instituit,
767 5253 821 5301 et
841 5247 911 5301 ait
935 5263 949 5302 :
988 5266 1007 5299 ι
1032 5246 1163 5304 Tam
1183 5249 1367 5315 multa,
1396 5260 1454 5302 ut
1486 5257 1629 5318 puta,
1651 5263 1843 5319 genera
1870 5248 2071 5319 lingua-

495 5351 611 5391 rum
642 5344 768 5392 sunt
796 5337 846 5391 in
880 5337 1098 5404 mundo,
1124 5348 1176 5393 et
1198 5339 1327 5393 nihil
1349 5339 1467 5393 sine
1492 5354 1620 5393 voce
1644 5339 1759 5393 est?
1788 5338 1998 5394 Etenim
2026 5341 2068 5394 si

492 5429 751 5485 incertam
782 5445 965 5486 vocem
988 5431 1193 5488 dederit
1218 5432 1361 5496 tuba,
1389 5432 1506 5502 quis
1529 5430 1735 5501 parabit
1762 5447 1820 5487 se
1848 5431 1913 5486 ad
1938 5447 2074 5502 pra:-

492 5523 661 5579 lium?
686 5525 798 5580 sive
819 5525 967 5591 tibia,
1010 5524 1123 5580 sive
1152 5524 1373 5589 cithara,
1416 5524 1515 5579 nisi
1545 5524 1936 5580 distinctionem
1985 5539 2072 5578 so-

494 5618 698 5672 nituum
727 5618 992 5683 dederint,
1021 5617 1288 5686 quomodo
1320 5627 1672 5687 cognoscetur
1699 5617 1749 5672 id
1776 5619 1915 5688 quod
1947 5618 2070 5672 tibia

494 5716 584 5760 aut
628 5706 770 5776 quod
801 5707 1001 5767 cithara
1056 5708 1265 5761 canitur
1300 5726 1320 5760 ι
1355 5707 1447 5776 (1.
1483 5708 1601 5761 Cor.
1633 5709 1718 5762 14.
1751 5710 1836 5763 tu.
1868 5709 1920 5762 8.
1954 5709 2072 5779 7)?

497 5797 633 5865 Quid
659 5797 804 5852 Pauli
826 5798 998 5868 lingua
1020 5802 1321 5852 ‘communc
1351 5797 1583 5853 habebat
1612 5813 1731 5852 cum
1766 5799 1888 5854 tibia
1917 5811 1966 5854 et
1990 5804 2066 5854 ci-

1931 353 2303 411 SEVERIANI

3658 369 3738 422 ΗΞ

2211 470 2400 526 thara?
2427 469 2529 527 Sed
2561 472 2961 543 philosophatur
3009 490 3075 531 ex
3122 477 3186 531 iis
3228 494 3349 549 qua:
3377 480 3479 535 sub
3512 495 3740 551 aspectum

2205 561 2423 627 cadunt,
2456 572 2513 615 ut
2549 577 2611 617 ea
2638 562 2873 618 declaret
2908 580 3028 634 qum
3066 567 3335 623 intellectu
3365 573 3737 641 perspiciuntur.

2203 651 2343 722 Quid
2394 669 2613 710 necesse
2663 666 2781 711 erat
2821 657 2874 711 in
2929 658 3063 712 libro
3110 658 3231 726 Job,
3279 660 3347 716 de
3393 671 3474 716 tot
3521 666 3741 735 tantisque

2204 744 2534 800 naturalibus
2603 746 2765 801 rebus
2830 750 3083 803 tractari?
3138 769 3158 801 ι
3211 750 3405 806 Leonis
3472 754 3738 819 fortitudo,

2203 838 2386 893 ieiuna:
2409 854 2532 905 vox,
2558 840 2807 910 superbia
2850 841 3140 897 draconum
3188 845 3446 899 exstincta
3491 855 3587 901 est.
3626 847 3739 918 Myr-

2205 934 2476 988 mecoleon
2539 934 2733 1004 periit,
2796 950 2861 989 eo
2924 936 3065 1004 quod
3130 953 3234 991 non
3308 938 3525 993 haberet
3579 956 3736 995 escam.

2203 1023 2337 1078 Pulli
2381 1033 2558 1080 autem
2600 1027 2868 1081 vulturum
2895 1027 3001 1082 alte
3026 1027 3206 1082 volant
3228 1047 3247 1081 ι
3279 1028 3432 1099 (Job.
3457 1030 3506 1084 ι.
3536 1029 3613 1084 10.
3639 1032 3682 1085 ll
3704 1038 3740 1099 ).

2200 1116 2309 1173 Cur
2357 1118 2493 1172 alius
2541 1118 2796 1188 pr0pheta
2852 1119 3100 1185 dicebat,
3163 1118 3488 1187 (Quomodo
3523 1124 3564 1176 si
3599 1134 3740 1177 sumat

2202 1207 2284 1263 leo
2309 1218 2363 1264 et
2389 1211 2580 1280 rapiat,
2622 1218 2780 1281 atque
2804 1212 2978 1281 rugiat
2999 1224 3160 1281 super
3189 1213 3443 1282 praedam,
3464 1224 3517 1268 et
3536 1214 3741 1284 replean-

2202 1311 2288 1355 tur
2313 1311 2519 1358 montes
2549 1317 2678 1357 voce
2699 1303 2814 1372 ejus
2845 1321 2865 1355 ι
2926 1302 3091 1375 (Isai.
3137 1304 3305 1376 5|.4)
3334 1305 3354 1357 ’ἒ
3395 1304 3606 1375 ipseque
3640 1306 3739 1362 Sz-r-

2198 1400 2349 1446 vator
2376 1392 2444 1448 de
2487 1393 2814 1448 naturalibus
2859 1394 3016 1450 rebus
3058 1396 3490 1451 sermocinatur:
3535 1415 3554 1448 ι
3585 1396 3734 1451 Simile

2197 1490 2280 1537 est
2303 1497 2525 1554 regnum
2568 1483 2818 1539 ctelorum
2864 1499 3031 1554 grano
3070 1484 3292 1554 sinapis,
3318 1485 3461 1556 quod
3504 1488 3736 1541 minimum

2195 1583 2277 1629 est
2300 1575 2547 1630 omnibus
2576 1576 2890 1643 seminibus,
2919 1591 3040 1630 cum
3078 1588 3256 1632 autem
3299 1580 3550 1642 creverit,
3599 1580 3737 1650 majus

2195 1676 2277 1720 est
2305 1667 2552 1721 omnibus
2571 1667 2803 1723 oleribus
2837 1688 2859 1721 ι
2902 1667 3121 1738 (Matth.
3157 1669 3242 1722 15.
3266 1670 3354 1724 3|.
3392 1669 3461 1724 52
3484 1670 3503 1741 )
3526 1688 3540 1723 :
3561 1686 3613 1724 ac
3636 1687 3733 1724 rur—

2194 1768 2353 1810 sum:
2392 1775 2410 1807 ι
2474 1754 2659 1812 Simile
2710 1766 2792 1812 est
2845 1772 3066 1828 regnum
3107 1758 3380 1825 caelorum,
3429 1760 3735 1829 quemadmo-

2194 1846 2320 1901 dum
2350 1848 2396 1901 si
2422 1848 2582 1903 homo
2598 1848 2757 1918 jaciat
2808 1858 3101 1903 sementem
3132 1863 3302 1914 suam,
3336 1860 3391 1904 et
3418 1850 3670 1920 germinet,
3691 1861 3737 1905 et

2194 1950 2422 2007 crescat,
2461 1940 2587 1995 dum
2617 1941 2786 1996 nescit
2815 1940 2905 1996 ille
2940 1958 2953 1995 :
2992 1940 3130 1995 ultro
3160 1943 3303 1995 enim
3333 1951 3472 1996 terra
3492 1942 3731 2011 germinat,

2196 2034 2366 2103 primo
2387 2033 2630 2101 herbam,
2645 2033 2839 2089 deinde
2854 2034 3054 2105 Spicum
3077 2053 3091 2090 :
3110 2033 3303 2089 deinde
3329 2034 3554 2088 triticum
3582 2034 3733 2104 implet

2194 2129 2247 2181 in
2273 2129 2419 2198 spica
2452 2146 2471 2180 ι
2511 2126 2712 2201 (Marc.
2753 2127 2807 2182 4.
2840 2126 3008 2182 26-28
3034 2128 3072 2196 ).
3125 2125 3445 2181 Naturaliter
3497 2126 3638 2180 etiam
3677 2126 3730 2179 de

2192 2220 2324 2275 caelo
2349 2228 2538 2275 tractat
2570 2219 2822 2276 Servator
2860 2236 2874 2274 :
2912 2237 2930 2270 ι
2969 2218 3024 2274 Si
3054 2218 3266 2283 cretum,
3314 2218 3504 2287 inquit,
3548 2232 3732 2286 vespere

2193 2314 2412 2369 rubrum
2439 2313 2614 2377 fuerit,
2648 2312 2846 2380 dicitis,
2877 2312 3137 2367 Serenum
3170 2312 3293 2378 erit,
3324 2311 3477 2366 rubet
3498 2312 3624 2366 enim
3641 2325 3729 2364 cae-

2192 2404 2299 2460 lum
2327 2423 2341 2459 :
2371 2414 2427 2461 et
2451 2405 2549 2460 sub
2573 2404 2880 2471 diluculum,
2904 2403 3075 2459 Hodie
3098 2404 3267 2458 imber
3285 2403 3387 2458 erit
3409 2421 3422 2457 :
3447 2403 3591 2457 rubet
3613 2400 3732 2456 enim

2188 2499 2341 2555 triste
2363 2498 2549 2553 (zelum
2589 2516 2608 2550 ι
2644 2495 2959 2568 (Matth.l6.
2985 2495 3041 2550 2.
3062 2497 3096 2552 3
3116 2496 3160 2565 ).
3189 2494 3324 2563 Quid
3354 2492 3436 2549 bis
3459 2507 3583 2562 opus
3605 2491 3733 2546 erat?

2189 2589 2314 2644 Haec
2342 2588 2462 2643 dico
2491 2599 2707 2658 propter
2726 2603 2819 2642 eos
2839 2588 2925 2657 qui
2948 2586 3134 2641 inscite
3165 2584 3553 2655 reprehendere
3574 2597 3733 2652 aggre-

2185 2679 2421 2735 diuntur.
2476 2680 2551 2733 De
2609 2680 2715 2733 Deo
2742 2687 2984 2733 movetur
3011 2692 3209 2743 sermo,
3252 2685 3306 2732 et
3347 2683 3630 2731 acettratam
3652 2673 3735 2727 do-

2185 2771 2372 2825 ctrinte
2410 2769 2801 2824 enarrationem
2858 2769 3043 2823 audire
3082 2767 3302 2823 renuis?
3350 2765 3566 2832 Quando
3599 2765 3732 2834 igitur

2188 2862 2514 2932 propositum
2535 2870 2618 2915 est
2647 2876 2740 2931 per
2764 2859 2996 2914 divinam
3022 2860 3243 2930 gratiam
3265 2858 3332 2933 de
3360 2857 3581 2911 hominis
3606 2869 3734 2910 crea-

2187 2954 2330 3009 tione
2357 2967 2663 3007 sermonem
2689 2951 2907 3019 habere,
2939 2966 3044 3006 non
3076 2966 3173 3019 pro
3212 2950 3291 3006 rei
3337 2949 3601 3020 dignitate,
3652 2946 3729 3000 sed

2184 3060 2281 3115 pro
2312 3044 2560 3100 facultate
2587 3055 2768 3100 nostra
2802 3057 2979 3113 operte
3005 3044 3232 3114 pretium
3261 3052 3344 3097 est
3380 3041 3446 3095 ad
3474 3052 3729 3110 argumen-

2186 3148 2294 3192 tum
2327 3136 2634 3207 procedere.

2252 3232 2309 3284 2.
2333 3229 2592 3286 Ornatam
2620 3244 2773 3284 suum
2795 3238 3074 3298 acceperat
3100 3226 3313 3291 cadum,
3344 3234 3479 3279 terra
3505 3220 3729 3277 fructibus

2182 3333 2435 3379 coronata
2457 3308 2590 3393 erat,
2616 3337 2766 3392 aqua:
2787 3321 2949 3375 maris
2972 3328 3261 3390 segregata:
3297 3319 3524 3383 fuerant,
3561 3316 3728 3384 stirpes

2180 3422 2614 3488 germinaverant
2638 3455 2650 3477 ,
2679 3414 2848 3468 bruta:
2875 3414 3172 3467 animantes
3202 3410 3472 3482 producta:
3512 3408 3726 3469 fuerant,

2185 3508 2384 3578 repleta
2413 3515 2528 3561 erat
2557 3516 2721 3570 terra,
2751 3514 2940 3558 ornata
2967 3513 3080 3558 erat
3106 3502 3321 3567 domus,
3366 3499 3728 3555 desiderabatur

2182 3598 2418 3654 omnium
2449 3613 2566 3665 qua:
2597 3595 2732 3649 facta
2780 3595 2990 3649 fuerant
3040 3595 3199 3648 herus
3247 3601 3304 3647 et
3361 3587 3718 3662 paterfamilias.

2185 3689 2322 3743 Dixit
2360 3687 2499 3742 Deus
2523 3702 2541 3740 :
2569 3685 2840 3741 Faciamus
2865 3688 3114 3740 hominem
3146 3685 3215 3738 ad
3242 3684 3505 3754 imaginem
3534 3689 3577 3733 et
3602 3678 3723 3731 siuti-

2180 3780 2440 3835 litudinem
2470 3776 2879 3849 nostram(Gen.
2927 3778 2979 3829 i.
3015 3775 3141 3846 26).
3195 3773 3608 3828 Demonstratutn
3656 3774 3724 3820 est

2181 3871 2371 3941 pridie,
2395 3886 2513 3941 qua:
2538 3871 2606 3925 sit
2637 3868 2776 3923 illius
2802 3868 2948 3922 vocis
2976 3868 3075 3930 vis,
3109 3864 3403 3926 Faciamus,
3444 3874 3495 3918 et
3520 3861 3627 3932 quis
3653 3857 3720 3910 cui

2179 3964 2425 4034 loquatur
2463 3980 2476 4015 :
2509 3962 2624 4031 quis
2663 3960 3018 4025 consiliarius,
3050 3966 3102 4012 et
3154 3956 3306 4027 cujus
3348 3957 3419 4010 sit
3463 3948 3724 4008 communis

2178 4051 2514 4108 deliberatio.
2551 4051 2745 4105 Verum
2794 4051 2913 4120 quia
2946 4064 3011 4104 ex
3054 4048 3347 4116 Scripturis
3395 4043 3722 4099 ostendimus,

2177 4146 2538 4200 consiliarium
2569 4143 2771 4214 antiqui
2815 4144 2953 4197 illius
2997 4141 3203 4197 consilii
3245 4140 3438 4194 Filium
3487 4152 3630 4199 esse.
3678 4146 3729 4184 ac

2179 4239 2411 4310 Spiritus
2439 4236 2608 4292 sancti
2634 4236 2855 4304 gloriam
2901 4236 3192 4298 tacuinius;
3248 4248 3315 4287 ne
3362 4247 3428 4286 ex
3472 4229 3617 4284 nobis
3654 4223 3731 4292 qui

2177 4333 2291 4385 sani
2320 4344 2525 4394 sumus,
2557 4327 2591 4381 ii
2622 4328 2707 4398 qui
2744 4334 3003 4396 mgrotant
3023 4325 3333 4379 occasiones
3361 4329 3585 4392 captent,
3611 4327 3735 4369 scire

2176 4428 2404 4484 oportet,
2440 4436 2596 4473 unam
2627 4432 2745 4471 esse
2773 4416 3015 4486 gloriam,
3051 4430 3205 4467 unam
3230 4414 3564 4472 sententiam,
3587 4418 3735 4461 untun

2177 4518 2488 4580 operantem
2513 4523 2811 4563 scrmonetn
2838 4507 3028 4569 Patris,
3056 4514 3109 4559 ct
3137 4505 3257 4559 Filii
3287 4514 3343 4559 et
3376 4505 3596 4574 Spiritus
3621 4512 3738 4549 sau-

2177 4607 2267 4657 cti.
2290 4601 2601 4671 Appellatus
2622 4610 2703 4655 est
2720 4599 2807 4654 hic
2827 4599 3160 4653 consiliarius
3186 4596 3388 4651 Filius:
3411 4592 3531 4650 alibi
3552 4593 3737 4645 dictum

2177 4708 2276 4762 est,
2330 4697 2421 4751 Dei
2461 4695 2738 4748 scientiam
2785 4693 3048 4746 neminem
3091 4689 3310 4754 habere,
3359 4690 3456 4743 nisi
3500 4683 3738 4755 Spiritum

2176 4796 2439 4843 sanctum.
2468 4786 2547 4839 Ait
2574 4783 2767 4839 Paulus
2798 4801 2810 4837 :
2839 4781 3003 4836 Nemo
3032 4781 3123 4834 scit
3143 4796 3258 4847 quin
3270 4776 3625 4837 sunthomiuis,
3648 4768 3741 4822 nisi

2177 4879 2384 4949 spiritus
2421 4876 2655 4941 hominis,
2692 4874 2779 4944 qui
2822 4875 2875 4927 in
2914 4875 3023 4942 ipso
3052 4884 3124 4925 cst
3152 4888 3171 4924 :
3192 4872 3264 4925 ita
3285 4882 3332 4925 et
3360 4885 3470 4942 qua
3496 4868 3587 4920 Dei
3632 4867 3742 4916 sum

2178 4986 2324 5024 nemo
2351 4969 2601 5039 coynovit,
2631 4965 2729 5019 nisi
2784 4963 3007 5035 Spiritus
3052 4962 3151 5017 Dei
3203 4964 3289 5033 (l.
3315 4962 3433 5018 Cor.
3463 4961 3514 5015 Ξ.
3545 4959 3598 5013 Η
3623 4956 3660 5025 ).
3685 4951 3737 5004 Si

2179 5061 2415 5131 Spiritus,
2455 5058 2647 5128 quiest
2674 5057 2727 5111 in
2753 5063 2828 5120 te,
2875 5070 2906 5109 a
2951 5064 3038 5109 tua
3067 5054 3368 5108 substantia
3409 5054 3601 5107 alienus
3637 5054 3730 5101 est.

2177 5156 2334 5210 etiam
2348 5152 2507 5222 quiin
2525 5152 2633 5206 Deo
2645 5149 2962 5219 estSpiritus
2978 5147 3182 5202 alienus
3192 5158 3276 5200 est
3289 5164 3317 5199 a
3336 5148 3425 5203 Dei
3440 5137 3730 5200 substantia.

2248 5248 2444 5312 Patris,
2478 5244 2603 5299 Filii
2638 5253 2684 5298 et
2719 5243 2943 5313 Spiritus
2967 5242 3128 5295 sancti
3151 5257 3255 5295 una
3274 5240 3516 5294 voluntas.
3536 5263 3603 5275 —--
3621 5227 3733 5281 VU"

2178 5338 2374 5408 aliquid
2408 5335 2601 5391 Pater?
2653 5333 2849 5389 Eadem
2890 5333 3136 5386 voluntas
3188 5341 3243 5386 et
3285 5331 3406 5386 Filii
3438 5338 3491 5385 et
3525 5320 3738 5392 Spiri!us

2178 5430 2349 5486 sancti
2393 5436 2494 5485 est.
2527 5426 2653 5481 Vult
2706 5425 2903 5496 aliquid
2949 5423 3150 5478 Filius?
3178 5422 3379 5477 Eadem
3431 5419 3663 5473 voluntas
3689 5414 3740 5458 et

2179 5522 2351 5576 Patris
2378 5529 2432 5575 et
2469 5517 2700 5589 Spiritus
2738 5528 2839 5572 est.
2874 5515 2996 5571 Vult
3035 5515 3236 5584 aliquid
3264 5510 3524 5584 Spiritus?
3552 5500 3746 5561 Eadem
3784 5538 3811 5554 ο

2180 5613 2427 5670 voluntas
2457 5621 2510 5667 et
2539 5610 2711 5666 Patris
2746 5617 2799 5664 et
2829 5607 2967 5663 Filii.
3008 5606 3241 5663 Suscitat
3281 5606 3435 5660 Pater
3475 5589 3755 5654 mortuos?

2177 5708 2411 5763 Suscitat
2431 5704 2708 5761 ekFilitts.
2756 5704 2843 5757 Ait
2880 5702 3073 5772 quippe
3109 5700 3377 5761 Servator,
3423 5697 3562 5752 Sicut
3610 5686 3757 5742 arias

2185 5799 2340 5854 Pater
2369 5796 2574 5852 suscitat
2624 5806 2848 5849 mortuos
2887 5805 2937 5849 et
2966 5795 3199 5864 viviﬁcat,
3229 5793 3298 5846 sic
3346 5803 3390 5844 et
3429 5787 3594 5842 Filius
3620 5792 3757 5851 ᾳειοξ
