4052 6200
477 256 577 311 819

482 368 610 422 item
658 366 702 420 si
744 364 948 419 invides
999 363 1239 429 meliori,
1272 370 1513 418 mortuus
1539 377 1629 425 es.
1668 377 1771 416 non
1813 364 2014 417 otiosus
2049 384 2060 417 :
2093 404 2097 409 .

478 441 520 492 si
550 446 726 491 autem
759 451 854 489 nrc
884 436 1109 498 invides,
1140 449 1235 488 nec
1262 434 1584 501 congaudes,
1623 436 1827 488 otiosus
1846 448 1924 489 es.
1951 434 2065 488 Non

480 509 651 561 solum
697 521 827 575 ergo
859 521 963 559 non
1007 506 1267 568 invideas,
1289 507 1379 558 sed
1403 505 1563 559 etiam
1590 503 1929 575 congaudens
1956 520 2068 558 me-

484 578 621 639 liori,
674 586 725 629 et
765 573 1164 630 'bcnevolcutim
1196 576 1354 628 vitem
1405 575 1556 627 colis.
1608 573 1671 628 In
1715 578 1847 645 foro.
1871 573 2067 628 Forum

482 658 565 701 est
596 649 693 700 iste
717 648 971 710 mundus,
1004 646 1091 699 ubi
1124 646 1298 698 omnia
1339 645 1543 700 venalia
1573 644 1721 699 sunt.
1752 644 1900 698 Sicut
1927 645 2068 698 enim

489 719 757 787 proprium
806 727 887 768 est
934 715 1054 779 fori,
1105 725 1160 768 ut
1200 714 1375 787 omnia
1422 716 1529 769 illic
1577 715 1986 777 venumdentur,
2018 724 2073 768 et

494 786 749 851 cluantur,
776 798 826 840 et
852 786 1076 840 invicem
1100 802 1156 839 se
1175 786 1594 841 circumveniant
1615 796 1853 840 ementes
1869 792 1923 840 et
1942 799 2071 837 ven-

492 858 672 914 dentes
698 875 710 909 :
740 857 816 910 sic
843 858 893 909 in
913 856 1014 910 hoc
1040 858 1238 910 mundo
1255 871 1442 910 omnes
1470 855 1747 911 vendendo
1766 866 1820 910 et
1846 855 2073 911 emendo

487 931 690 989 vivunt,
718 936 772 980 et
801 929 1022 981 invicem
1050 927 1148 981 sibi
1175 927 1413 981 fraudem
1437 925 1710 986 facientes,
1732 928 1890 980 vitam
1921 939 2070 979 suam

486 1006 805 1054 sustentant.
834 998 974 1051 Inter
994 1007 1261 1066 cutplores
1282 1008 1457 1051 autem
1485 1005 1540 1052 et
1566 997 1867 1051 venditores
1891 995 2074 1064 accipe

487 1070 580 1123 tibi
612 1083 798 1123 Omttt‘s
845 1068 1056 1122 divitias
1083 1078 1137 1122 et
1168 1069 1399 1122 honores
1428 1068 1608 1122 s:eculi
1638 1067 1829 1135 hujus,
1874 1082 1993 1136 qum
2022 1074 2076 1117 rt

489 1141 620 1209 ipsa:
653 1140 997 1193 nihilominus
1025 1147 1078 1192 et
1108 1139 1406 1193 venduntur
1429 1148 1481 1191 et
1509 1148 1780 1209 emuntur,
1802 1146 1858 1192 et
1902 1137 2075 1209 omnis

489 1206 725 1264 (inustus
742 1225 925 1264 eorum
946 1210 994 1262 in
1021 1209 1322 1263 venditione
1347 1224 1438 1262 ~eu
1468 1208 1793 1262 met'catiouc
1812 1206 2073 1261 consistit.

513 1276 638 1350 i‘uge
659 1296 785 1348 ergo
813 1279 1006 1340 lorum,
1028 1289 1081 1331 ut
1112 1295 1205 1332 nec
1226 1279 1441 1347 paliaris
1470 1278 1859 1350 l'raudem,7nec
1879 1276 2073 1350 iacias.

494 1352 550 1405 Si
575 1345 749 1405 autem
781 1365 967 1419 passus
992 1350 1173 1411 fueris,
1206 1345 1314 1416 ipsa
1343 1358 1496 1402 reste
1510 1349 1782 1419 compellit
1802 1357 1858 1402 et
1874 1345 2073 1419 facere.

496 1422 625 1475 Nam
657 1422 701 1476 si
747 1415 991 1490 injuriam
1018 1434 1206 1490 passus
1227 1415 1413 1481 lueris,
1450 1419 1494 1473 si
1520 1419 1727 1472 nocitus
1757 1417 1938 1490 fueris.
1971 1415 2077 1468 dif-

499 1493 637 1547 licile
662 1500 765 1555 est,
795 1488 851 1544 ut
879 1499 932 1544 et
958 1488 1336 1544 tu’adinvieem
1370 1505 1476 1543 non
1506 1503 1720 1543 noceas.
1753 1488 1926 1542 Prima
1952 1502 2080 1554 ergo

496 1563 610 1615 laus
637 1571 714 1615 est
746 1560 1065 1617 Christiano.
1095 1560 1325 1613 alienum
1356 1574 1473 1613 esse
1499 1573 1529 1612 a
1562 1558 1698 1621 foro.
1727 1558 1925 1613 nullam
1949 1572 2073 1611 cau-

497 1648 610 1686 sam
645 1632 843 1686 habere
870 1646 989 1685 eum
1024 1630 1146 1693 illo,
1191 1630 1418 1685 sicutait
1446 1626 1733 1698 Apostolus
1766 1649 1778 1682 :
1814 1626 1957 1697 Rogo
1989 1644 2079 1679 au-

497 1713 593 1756 tem
616 1719 719 1764 vos,
763 1700 985 1755 studium
1015 1700 1195 1753 habere
1226 1702 1403 1769 quietis
1447 1709 1495 1753 et
1536 1700 1722 1755 silentii
1736 1740 1751 1758 ,
1800 1715 1861 1752 ac
1898 1698 2083 1768 negotii

498 1774 692 1842 proprii
725 1772 980 1843 operando
1028 1771 1256 1843 manibus
1294 1771 1471 1843 uestris
1498 1769 1824 1843 :7et_nulliu_s
1868 1780 2083 1843 ofslrum

497 1839 798 1896 desiderium
823 1843 887 1896 sit
906 1842 974 1894 ad
998 1858 1080 1895 eos
1097 1841 1182 1911 qui
1203 1842 1327 1912 foris
1346 1850 1460 1895 sunt
1483 1842 1556 1912 (Ι.
1577 1839 1756 1912 ΑΤΙιρξε.
1783 1841 1836 1894 4.
1864 1839 1987 1912 1οτ1
2009 1840 2081 1906 Ι).

495 1912 548 1968 Si
576 1913 717 1967 enim
748 1915 801 1966 in
826 1912 941 1966 foro
961 1909 1338 1980 permanseris,
1370 1921 1424 1964 et
1449 1909 1589 1979 quod
1622 1911 1808 1975 habes,
1838 1909 2032 1980 perdes
2065 1926 2077 1961 :

499 1986 542 2038 si
566 1995 743 2038 autem
772 1984 820 2036 in
850 1979 1001 2036 vinea
1034 1981 1278 2035 assiduus
1307 1981 1491 2045 fueris,
1516 1991 1570 2035 et
1590 1980 1730 2050 qttod
1757 1995 1860 2034 non
1893 1979 2080 2050 habes,

498 2055 762 2124 nequires.
816 2052 947 2106 Item
995 2053 1164 2105 exiens
1209 2053 1342 2124 circa
1391 2049 1676 2124 sextante:
1722 2066 1928 2104 nonam.
1964 2049 2086 2104 Ideo

495 2122 672 2194 jnnxit
694 2130 898 2178 sextam
926 2133 1225 2194 etinouam,
1259 2123 1379 2194 quia
1406 2122 1456 2175 in
1493 2130 1648 2194 sexta
1673 2130 1727 2176 et
1755 2136 1892 2194 nona
1918 2135 2085 2194 gene-

503 2191 710 2248 ratione
735 2196 941 2249 vocavit
982 2193 1217 2257 Judu'os,
1247 2203 1299 2246 et
1325 2191 1679 2261 lrcquentavit
1705 2207 1825 2246 cum
1852 2191 2085 2261 homini-

505 2267 603 2319 bus
659 2265 945 2334 disponere
1001 2273 1351 2327 testamenta,
1404 2260 1555 2333 quasi
1608 2262 1831 2334 definito
1900 2260 2088 2334 salutis

502 2331 762 2389 omnium
790 2346 1028 2404 tempore
1066 2335 1174 2404 jam
1230 2331 1650 2404 propinquante.
1666 2333 1795 2387 Nam
1834 2341 1952 2404 post
1977 2331 2089 2404 Noe

500 2406 566 2460 ad
593 2406 856 2461 neminem
884 2402 1107 2476 legimus
1139 2402 1300 2459 Deum
1330 2402 1602 2476 loquutum
1633 2403 1946 2476 fuissc,_nisi
1976 2402 2087 2471 pri-

506 2493 648 2530 mtnn
699 2477 764 2530 ad
815 2472 1079 2531 Abraham
1101 2515 1117 2541 ,
1174 2484 1292 2545 post
1313 2490 1433 2528 eum
1464 2473 1745 2529 confesum
1771 2472 1841 2545 ad
1872 2474 2013 2545 Isaac
2038 2482 2092 2526 ct

503 2547 687 2602 .lacob.
716 2547 916 2601 Deinde
942 2561 1045 2600 non
1078 2543 1197 2616 post
1238 2546 1466 2616 multum,
1492 2545 1749 2616 temporis
1781 2544 1846 2597 ad
1886 2543 2089 2616 biosen,

511 2618 595 2672 cui
627 2628 681 2671 ct
711 2618 877 2687 legem
918 2613 1092 2672 dedit;
1116 2617 1242 2670 Post
1262 2631 1386 2670 eum
1408 2615 1472 2670 ad
1494 2615 1676 2671 Jesum
1707 2614 1870 2687 Nave.
1890 2613 2092 2687 Trans~

508 2698 628 2742 acto
663 2683 839 2742 autem
886 2703 989 2741 non
1044 2688 1214 2741 multo
1244 2694 1364 2756 post
1404 2696 1666 2756 tempore,
1697 2686 1761 2739 ad
1790 2683 2092 2756 Samuelem

506 2769 561 2811 et
593 2758 776 2823 David,
804 2767 857 2812 et
897 2758 948 2812 in
990 2758 1212 2827 singulis
1240 2754 1539 2827 quibusque
1567 2755 2002 2827 generationibus
2028 2754 2093 2807 ad

509 2829 704 2882 multos
728 2830 1032 2897 prophetas.
1061 2825 1181 2882 cum
1203 2825 1426 2897 singulis
1447 2825 1759 2882 testamenta
1781 2825 2090 2895 disponens.

508 2900 659 2953 Sicut
701 2898 841 2954 enim
868 2899 986 2968 quis
1015 2900 1066 2953 in
1096 2899 1285 2953 itinere
1315 2899 1658 2962 constitutus,
1697 2904 1790 2951 aut
1828 2897 1881 2950 in
1934 2909 2096 2963 opere

510 2968 762 3039 quodam,
791 2980 915 3025 autc
942 2980 1144 3024 sextam
1175 2969 1388 3038 quidem
1430 2983 1534 3022 non
1565 2976 1841 3039 Operatur,
1872 2974 1965 3020 aut
1984 2981 2095 3018 am—

511 3037 675 3104 bulat,
699 3040 873 3095 sciens
887 3042 1006 3110 quia
1029 3037 1213 3110 longus
1230 3041 1277 3094 ei
1304 3039 1478 3094 adhuc
1495 3047 1741 3109 superest
1761 3037 1909 3092 dies:
1931 3044 2100 3090 trans-

508 3122 624 3164 acta
649 3119 827 3166 autem
854 3120 1003 3166 sexta
1026 3153 1041 3177 ,
1063 3127 1184 3165 cum
1214 3110 1439 3179 (reperit
1460 3124 1580 3165 esse
1599 3118 1806 3172 octava,
1831 3115 1922 3179 aut
1938 3122 2097 3171 notia,

514 3181 1088 3263 incipitperpcrantius
1112 3196 1287 3263 agere,
1305 3178 1371 3263 iit
1397 3194 1531 3263 opus
1553 3194 1707 3234 suum
1730 3179 1811 3234 vel
1841 3178 2099 3263 itgr‘tem-

514 3248 644 3320 mre
671 3248 891 3306 délinito
919 3248 1201 3320 concludat
1229 3268 1242 3302 :
1276 3253 1354 3305 sic
1382 3248 1447 3305 eti
1469 3252 1610 3305 Deus
1640 3263 1807 3320 usque
1830 3248 1897 3302 ad
1925 3248 2097 3320 Abra-

507 3316 660 3387 ham,
690 3322 779 3389 qui
811 3321 908 3375 fuit
937 3323 988 3375 in
1017 3331 1165 3376 sexta
1188 3319 1342 3388 hora,
1378 3321 1526 3377 venit
1553 3321 1620 3376 ad
1652 3316 1895 3375 homines
1923 3316 2104 3389 diSpnT

518 3405 646 3445 nere
668 3388 1041 3444 testamentum
1091 3410 1103 3445 :
1146 3403 1267 3460 post
1316 3393 1585 3446 Abraham
1616 3401 1795 3446 autem
1834 3403 2003 3460 usque
2036 3388 2104 3441 ad

514 3460 1039 3529 transmigrationem
1064 3459 1366 3530 frequenter
1392 3476 1704 3530 properans,
1737 3469 1794 3515 ut
1818 3459 2103 3530 adventum

516 3546 672 3583 somn
696 3528 763 3583 in,
779 3531 919 3583 hunc
944 3528 1221 3594 mundum,
1249 3540 1303 3584 et
1342 3528 1670 3584 vocationem
1700 3528 1936 3599 gentium
1966 3528 2101 3583 deli-

520 3601 633 3654 nito
683 3607 922 3671 tempore
970 3610 1386 3666 consummaret,
1408 3602 1560 3671 quasi
1587 3598 1808 3670 vespere
1834 3598 1942 3668 jam
1966 3613 2106 3671 ‘pro-

520 3667 826 3741 pinquaute.
855 3668 988 3724 Item
1014 3671 1137 3741 exiit
1159 3670 1294 3723 circa
1323 3667 1500 3725 horam
1516 3667 1853 3741 undecimam,
1876 3678 1921 3722 et
1943 3667 2068 3722 dixit
2088 3684 2108 3722 :

524 3740 661 3808 Quid
686 3742 766 3794 hic
793 3742 934 3796 statis
962 3750 1067 3795 tota
1105 3740 1188 3795 die
1213 3741 1399 3796 otiosi?
1429 3740 1561 3796 Vide
1602 3741 1720 3810 quia
1750 3740 1944 3810 ubique
1968 3740 2104 3792 otio-

523 3826 613 3865 sos
638 3820 821 3876 vocat,
846 3827 950 3867 non
980 3821 1310 3882 peccatores.
1334 3813 1567 3882 Denique
1589 3811 1893 3877 considera,
1923 3824 2108 3882 servus

517 3882 727 3953 illequi
756 3880 1037 3953 acceperat
1057 3897 1086 3936 a
1114 3882 1332 3953 domino
1353 3897 1451 3953 suo
1478 3880 1637 3953 uitam
1669 3890 1959 3953 mnam,_ut
1984 3880 2110 3950 quid

524 3952 727 4007 audivit
744 3995 759 4019 ,
800 3951 955 4009 Serve
984 3969 1194 4023 nequam
1218 3952 1375 4020 (Luc.
1400 3952 1489 4009 19.
1511 3952 1583 4006 22
1606 3953 1661 4021 )‘l
1686 3961 1745 4007 ut
1768 3951 1892 4021 quid
1919 3953 2111 4023 missus

526 4035 606 4078 est
624 4024 681 4077 in
709 4024 997 4080 tenebras?

530 4094 662 4148 nihil
688 4104 766 4149 est
796 4096 1029 4149 lucratus
1048 4095 1115 4149 de
1134 4110 1194 4149 ea
1213 4093 1236 4147 ἲ
1258 4094 1385 4149 Sine
1402 4094 1564 4148 dttbio
1587 4094 1708 4163 quia
1727 4093 1856 4147 nihil
1881 4093 2112 4146 lucratus

527 4175 611 4219 est
635 4165 703 4221 de
723 4181 805 4220 ea.
838 4165 936 4232 Qui
954 4174 1130 4220 autem
1156 4174 1357 4234 peccat,
1387 4164 1558 4234 perdit
1584 4163 1806 4233 gratiam
1833 4176 1988 4234 quam
2018 4176 2111 4234 ac-_

528 4237 690 4318 cepit.
721 4237 776 4291 Si
801 4236 1049 4318 ergooille
1075 4232 1181 4290 non
1210 4244 1295 4318 est
1318 4232 1548 4318 imponis
1782 4232 2110 4318 judicii,qui

529 4307 735 4361 otiosus
765 4304 911 4361 stetit
940 4306 991 4359 in
1025 4305 1161 4367 foro,
1208 4315 1262 4359 et
1296 4306 1493 4359 nullam
1518 4304 1830 4374 injustitiam
1861 4310 2114 4371 operatus

531 4386 614 4432 est
651 4394 667 4427 :
699 4378 824 4447 quid
857 4376 1092 4447 facietiin
1123 4378 1210 4431 die
1232 4375 1414 4446 judicii
1445 4376 1531 4445 qui
1558 4375 1814 4447 peccavit
1852 4383 1906 4447 et
1935 4386 2111 4447 mnam

530 4463 681 4502 suam
700 4443 971 4518 perdidit?
995 4446 1131 4514 Quid
1150 4443 1389 4501 Itic'stutis
1404 4443 1512 4518 tota
1532 4445 1614 4499 die
1633 4444 1819 4518 otiosi?
1839 4445 1919 4497 Att
1945 4443 2115 4518 ιιιιμρὶ-

533 4520 621 4584 tis,
647 4512 787 4591 quia
803 4512 1032 4591 qui_non
1053 4526 1302 4591 operatur
1326 4519 1377 4570 in
1401 4516 1502 4591 hoc
1521 4515 1739 4591 szeculo,
1766 4512 2116 4591 non_ntandu-

533 4582 621 4643 cat
645 4582 696 4642 in
738 4582 864 4644 illo"!
893 4589 957 4642 Et
990 4582 1230 4657 qui'aliis
1258 4586 1699 4642 manducantibus
1732 4595 1787 4657 et
1816 4582 2115 4657 bibentibus

534 4660 589 4714 in
617 4658 719 4714 hoc
748 4659 944 4714 sarculo
971 4654 1243 4727 operatur,
1274 4656 1326 4712 in
1354 4657 1447 4712 illo
1475 4657 1672 4710 saeculo
1698 4654 2115 4727 aliisjejunanti-

533 4731 634 4785 bus
664 4732 777 4801 ipse
801 4746 906 4784 nou
919 4724 1202 4801 jejunabit,
1238 4726 1336 4801 sed
1367 4726 1640 4801 recumbet
1663 4742 1783 4782 cunt
1814 4724 2083 4801 Abraham
2100 4765 2114 4787 ,

535 4809 591 4854 et
626 4794 1051 4856 tutanducabitde
1089 4798 1308 4869 prandio
1353 4800 1498 4852 vitm.
1543 4797 1860 4869 Quiautem
1890 4794 1976 4869 hic
2000 4794 2117 4869 aliis

534 4871 879 4938 cperantibus
913 4878 1018 4925 stat
1056 4864 1277 4933 otiosus,
1319 4869 1436 4924 aliis
1470 4866 1903 4938 recumbentibns
1944 4866 1994 4918 in
2022 4864 2118 4938 illo

537 4934 734 4995 sicculo
766 4943 878 5014 ipse
918 4940 1214 5014 expelletur
1252 4939 1416 4994 foras.
1454 4939 1577 5014 Dies
1620 4938 1764 5014 enim
1813 4937 1912 5014 iste
1939 4975 1954 4999 ,
2002 4934 2118 5014 dies

538 5004 866 5077 operationis
899 5004 1037 5066 est':
1085 5011 1199 5066 dies
1236 5020 1417 5065 autem
1453 5009 1562 5073 ille,
1592 5009 1680 5077 qui
1710 5006 1983 5077 sequitur,
2003 5004 2118 5077 dies

537 5074 623 5134 est
671 5080 941 5138 feriarum.
996 5081 1059 5134 At
1104 5082 1181 5135 illi
1225 5082 1459 5134 dixerunt
1485 5095 1503 5133 .'
1530 5074 1691 5133 Nemo
1721 5074 1810 5130 nos
1854 5074 2114 5129 conduxit.

540 5151 671 5218 Qua:
721 5161 803 5204 est
863 5151 1146 5205 conductio
1195 5161 1412 5216 nostra,
1473 5159 1527 5204 et
1571 5164 1691 5218 quae
1753 5146 2118 5218 conductionis

540 5215 786 5275 merces?
812 5220 1098 5275 Promissio
1126 5223 1247 5276 vita:
1271 5215 1504 5276 aeternae.
1532 5215 1668 5288 Quid
1694 5215 1997 5288 estLNemo
2024 5231 2117 5288 nos

542 5291 785 5345 conduxit
808 5290 834 5343 ?
858 5291 914 5345 ld
940 5301 1041 5353 est,
1075 5290 1241 5345 Nemo
1269 5307 1366 5345 nos
1393 5286 1592 5354 docuit,
1625 5291 1745 5360 quia
1772 5286 1894 5342 llazc
1922 5297 1995 5341 est
2017 5287 2117 5339 vita

540 5371 751 5424 (eterna,
780 5372 833 5414 ut
862 5371 1163 5431 cognoscant
1186 5372 1233 5414 te
1256 5365 1420 5431 solum
1463 5358 1862 5431 verum'peum,
1903 5367 1949 5409 et
1974 5372 2119 5431 quem

543 5433 723 5489 misisti
744 5429 928 5486 Jesum
947 5429 1209 5485 Christum
1230 5430 1401 5500 (Joan.
1432 5432 1520 5484 17.
1550 5431 1639 5499 5).
1666 5429 1833 5483 Nemo
1864 5429 2118 5500 noscon-

541 5505 710 5563 duxit.
750 5503 937 5558 dicens
969 5519 981 5554 :
1013 5496 1320 5569 Quicumque
1356 5496 1608 5570 reliquerit
1643 5500 1867 5562 domum,
1903 5496 2121 5570 amavi]-

548 5580 669 5637 tam,
696 5584 779 5626 aut
813 5585 1019 5641 putrem,
1062 5583 1150 5624 aut
1204 5567 1432 5634 matrem,
1461 5567 1550 5623 Vaut
1588 5586 1815 5641 uxorem,
1846 5579 1931 5620 aut
1963 5567 2114 5641 ﬁlios,

546 5639 832 5714 centuplum
862 5644 1072 5713 accipiet
1112 5644 1177 5714 in
1211 5642 1310 5714 hoc
1345 5640 1645 5714 tuuudo,_et
1675 5642 1724 5691 in
1752 5639 1943 5714 intimo
1968 5640 2119 5714 vitent

536 5705 775 5770 a'ternhm
806 5705 1073 5786 possidebit
1100 5712 1309 5773 (Matth.
1338 5710 1420 5768 19.
1442 5705 1532 5765 ‘29.
1574 5709 1735 5762 Marc.
1772 5707 1966 5763 10-9.9.
1998 5707 2112 5773 50).

1720 249 1891 307 OPUS
1904 248 2411 309 ἰιιιιιῖιιιιιιμτωι

1019 4022 1151 4091 Quia
1184 4023 1412 4093 perdidit
1438 4039 1614 4077 mnatn
1642 4037 1791 4077 suam
1813 4024 1837 4077 ‘l
1860 4029 1950 4075 aut
1989 4022 2107 4091 quia
2154 4051 2158 4055 -

2184 366 2347 449 Nemo
2385 382 2482 449 nos
2526 368 2797 437 conduxit,
2822 371 3045 449 dicens:
3072 373 3293 449 ⁸γιςηάίιε
3315 393 3433 446 qua:
3476 379 3753 449 possidetis,

2179 438 2366 509 etdute
2405 437 2787 509 elvetttosynam,
2839 454 2886 494 et
2937 443 3176 498 habebitis
3219 437 3514 502 thesaurum
3543 450 3597 503 in
3639 437 3757 504 celo

2179 506 2402 588 (Matth:
2443 510 2526 562 l6.
2558 506 2670 581 2f).
2701 512 2767 588 bit
2811 522 2956 575 nota,
2998 515 3247 588 quoniam
3299 517 3396 582 illi,
3440 520 3533 588 qui
3580 530 3669 575 aut
3704 523 3755 575 in

2182 578 2347 651 prima
2390 578 2517 631 hora
2566 578 2737 635 vocati
2769 590 2912 642 sunt.
2960 578 3051 637 aut
3101 587 3149 638 in
3177 588 3350 647 tertia.
3380 578 3478 642 vei
3498 590 3555 643 in
3592 602 3755 651 sexta.

2180 647 2262 723 vel
2293 650 2341 723 in
2376 663 2534 723 nona,
2563 665 2666 704 non
2692 652 3107 723 responderunt,
3152 655 3275 723 quia
3319 656 3490 713 Nemo
3516 676 3611 713 nos
3645 647 3755 713 ιιιιξ

2180 718 2346 770 dua‘it.
2375 719 2574 774 Omnes
2617 722 2758 775 enim
2788 718 2875 776 illi
2917 718 3435 787 conducti'l’ueruut.
3470 740 3529 783 et
3567 730 3757 785 habue-

2181 797 2306 841 runt
2333 790 2572 866 notitiam
2603 792 2717 855 Dei,
2746 801 2801 866 et
2829 794 3098 866 sciverunt
3129 795 3223 850 Dei
3255 800 3543 866 promissa.
3570 798 3761 855 Gentes

2181 867 2359 938 autem
2404 860 2531 940 solae
2561 876 2733 929 neque
2766 863 2928 940 Deum
2975 865 3233 940 sciebant,
3255 860 3459 937 'neque
3641 885 3757 940 pro-

2184 929 2365 1003 missa,
2393 929 2540 1003 _ide_o
2568 933 2960 1003 chcusabiliter
3003 929 3416 1003 responderunt,
3469 929 3657 993 Nemo.
3677 957 3762 993 nos

2183 998 2440 1078 conduxit:
2464 999 2754 1078 Et_dia:_it_eis
2773 1018 2791 1056 :
2807 1001 2887 1078 te
2909 1013 3059 1078 etpos
3078 998 3130 1058 iit
3150 1007 3343 1078 vineam
3370 998 3557 1069 meum,
3575 1017 3621 1061 et
3636 1014 3760 1078 quod

2174 1069 2374 1138 justum
2395 1070 2731 1148 fuerittdubo
2758 1073 2913 1148 vobis.
2942 1073 3071 1148 Nota
3097 1076 3220 1143 quia
3248 1092 3369 1148 cum
3395 1080 3587 1148 primis
3619 1069 3755 1133 solis‘

2184 1140 2431 1192 convenit
2453 1142 2756 1208 specialiter
2778 1143 2907 1197 dare
2934 1140 3233 1207 denarium,
3265 1140 3413 1201 istos'
3432 1158 3614 1203 autem
3655 1164 3762 1202 om—

2185 1223 2281 1289 nes
2308 1210 2420 1289 sub
2436 1210 2638 1289 incerto
2666 1223 2820 1289 pacto
2848 1214 3130 1289 conduxit,
3172 1216 3223 1269 id
3249 1226 3351 1282 est,
3399 1219 3553 1282 Quod
3573 1220 3757 1289 justum

2187 1280 2356 1355 [ιιςνὶι.
2387 1280 2734 1336 Sciens‘enim
2765 1284 3018 1355 Dominus
3045 1286 3165 1355 quia
3189 1280 3643 1355 prevaricatur'us
3661 1301 3761 1342 ent

2188 1349 2378 1431 '_Ada.m,
2402 1361 2666 1431 etiomncs
2712 1349 3128 1431 postmodum'in
3167 1349 3370 1410 diluvio
3407 1357 3764 1431 fuerantpr-

2189 1423 2332 1496 ititri,
2363 1430 2575 1496 certum
2594 1433 2815 1496 pactum
2836 1423 2961 1496 fecit
2982 1425 3047 1479 ad
3076 1442 3220 1487 eum,
3263 1442 3330 1481 ne
3358 1430 3579 1496 quando
3603 1423 3765 1484 dicant

2188 1488 2310 1558 ideo
2349 1505 2408 1568 se
2442 1488 2757 1568 neglexisse
2797 1494 3080 1568 justitiam,
3129 1497 3251 1566 quia
3297 1488 3619 1553 nesciebant
3662 1516 3766 1568 qua-

2189 1561 2420 1636 prusuiia‘
2438 1562 2643 1636 fuerant
2670 1561 2955 1636 recepturi.
2996 1564 3114 1636 lstis
3142 1561 3322 1620 autem
3365 1584 3475 1621 non
3525 1568 3651 1624 fecit
3680 1561 3765 1636 pa-

2190 1640 2355 1684 ctum.
2386 1631 2651 1707 Benignus
2671 1631 2812 1688 enim
2838 1635 3215 1704 paterfamilias
3239 1637 3445 1692 sciebat
3482 1631 3767 1707 largitati-nt

2190 1716 2364 1765 suam,
2410 1702 2531 1779 quia
2566 1712 2766 1779 tantum
2799 1702 3014 1774 paratus
3043 1717 3126 1760 est
3142 1708 3476 1779 retribuere,
3526 1702 3767 1779 quantum

2193 1773 2941 1846 mercenariirecipere’non
2980 1776 3286 1846 Sperabam.
3341 1778 3417 1832 De
3461 1773 3593 1832 daio
3638 1782 3768 1833 enim

2192 1841 2306 1909 ejus
2324 1857 2490 1917 nemo
2510 1842 2655 1917 juste
2683 1841 3158 1917 murmuran'quia
3204 1847 3436 1917 amplius
3476 1848 3593 1911 dat,
3624 1865 3768 1917 quam

2191 1912 2372 1988 omnis
2395 1912 2554 1988 homo
2583 1913 2870 1988 desiderat.
2903 1914 3032 1970 Cum
3053 1912 3240 1969 'autem
3267 1912 3390 1988 s'ero
3431 1912 3770 1988 factum'fsis-

2193 1998 2235 2035 δι
2247 1991 2300 2058 t,_
2318 1981 2437 2035 dicit
2484 1984 2732 2058 dominus
2764 1986 2923 2040 vinea:
2959 1987 3276 2058 procuratori
3302 2003 3397 2041 suo
3426 1981 3448 2042 ἓ
3490 1986 3629 2042 Voca
3657 1981 3773 2058 opr-

2193 2052 2376 2116 rarius,
2408 2063 2457 2127 et
2477 2054 2631 2127 redde
2656 2055 2758 2108 illis
2776 2057 3095 2127 intercedem,
3126 2058 3375 2127 incipiens
3418 2075 3452 2112 α
3502 2052 3774 2113 novissimis

2194 2139 2351 2191 usque
2389 2123 2714 2195 adprimos.
2764 2125 3050 2181 Considera
3096 2123 3401 2195 quia—sero,
3452 2144 3564 2184 non
3606 2141 3775 2184 autem

2197 2208 2353 2266 mane
2398 2193 2574 2266 reddit
2612 2197 2932 2250 mercedem.
2965 2193 3320 2266 Ergo—adhuc
3362 2193 3547 2254 stante
3590 2200 3777 2255 sacqu

2198 2263 2300 2349 isto
2314 2262 2577 2349 iudiciuin
2622 2276 2705 2349 est
2749 2262 3087 2349 futurumnét
3129 2268 3417 2349 unicttique
3448 2284 3663 2349 merces
3688 2287 3776 2324 sua

2197 2333 2499 2408 reddenda:
2521 2334 2745 2408 Pmpter
2768 2337 2901 2392 duas
2930 2337 3161 2392 rationes
3178 2333 3436 2408 judicium
3466 2340 3524 2394 in
3552 2341 3654 2395 hoc
3680 2355 3777 2395 sa:-

2197 2404 2318 2485 culo
2347 2403 2421 2485 lit.
2470 2403 2725 2485 Primum.
2778 2408 2900 2485 quia
2951 2407 3059 2485 iliic
3096 2403 3209 2478 ipsa
3243 2407 3523 2485 beatitudo
3567 2421 3777 2485 ventur}

2200 2478 2312 2555 ipsa
2343 2483 2426 2555 est
2451 2478 2917 2555 intercesjustitize.
2951 2478 3075 2555 Ideo
3115 2495 3219 2555 oon
3254 2479 3307 2532 in
3355 2480 3451 2555 illo
3482 2481 3781 2555 szrculoiﬁt

2195 2545 2474 2612 judicium,
2505 2546 2601 2603 sed
2637 2558 2762 2603 ante
2793 2548 2940 2603 illud.
2972 2548 3173 2604 Deinde
3211 2558 3335 2604 ante
3363 2550 3660 2605 adventum
3680 2551 3779 2605 dici

2202 2615 2339 2690 illius
2385 2618 2723 2690 prtemittitur
2768 2618 3045 2690 judicium,
3100 2634 3166 2674 ne
3213 2618 3430 2690 videant
3478 2632 3780 2690 peceatores

2204 2685 2581 2759 beatitudinem
2610 2688 2717 2742 diei
2761 2690 2920 2754 illius,
2973 2688 3183 2759 dicente
3223 2685 3525 2759 prepheta':
3554 2689 3782 2745 Τοιιαικν

2201 2755 2408 2826 impius,
2463 2774 2526 2832 ne
2569 2759 2740 2832 videat
2761 2761 2976 2832 gloriam
3021 2758 3115 2814 Dei
3146 2755 3456 2832 (lini-26.
3497 2760 3782 2832 10).iDim

2204 2830 2518 2899 procuratori
2547 2846 2658 2883 suo.
2707 2830 2801 2884 Cui
2849 2829 3214 2899 procuratori?
3254 2829 3385 2886 Sine
3428 2829 3597 2885 dubio
3627 2831 3782 2885 Filius

2205 2897 2334 2969 dicit
2376 2897 2933 2969 Spirituisancto._'Et
2958 2900 3002 2953 si
3048 2900 3303 2969 volueris,
3340 2902 3586 2958 concedo
3614 2903 3704 2956 tibi
3730 2912 3781 2954 ιιι

2208 2968 2364 3043 [fater
2407 2968 2541 3024 Filio
2591 2968 2753 3025 dicat.
2786 2967 2861 3043 (α)
2892 2969 3030 3043 [Non
3073 2986 3256 3041 quaero
3286 2967 3479 3026 utrum
3508 2971 3687 3043 Filius
3718 2976 3782 3024 sit

2209 3038 2384 3112 i‘atris
2430 3052 2760 3112 procurator,
2794 3038 2911 3096 'a‘ut'
2945 3038 3175 3112 Spiriius
3226 3052 3445 3096 sanctus
3500 3042 3621 3097 Filii
3650 3060 3664 3095 :
3692 3043 3780 3095 sed

2210 3108 2309 3162 hoc
2335 3109 2481 3183 dico,
2521 3110 2642 3180 quia
2675 3108 2999 3183 procurator
3036 3111 3247 3180 domus,
3288 3120 3344 3167 et
3389 3112 3778 3183 paterfamilias.

2211 3194 2309 3233 nec
2334 3179 2571 3249 ejusdem
2606 3179 2917 3236 substantia!
2959 3192 3190 3250 possunt
3230 3179 3373 3248 esse,
3389 3179 3513 3238 'nec
3541 3199 3637 3236 una
3665 3198 3778 3250 per-

2209 3263 2512 3322 siutaesse,
2543 3265 2643 3306 nec
2671 3253 2890 3321 aequalis
2918 3252 3167 3320 dignitas.
3205 3252 3259 3307 Si
3286 3268 3416 3322 ergo
3456 3255 3594 3309 alter
3621 3260 3779 3321 pater-

2211 3318 2455 3391 iamilias,
2501 3322 2635 3375 alter
2686 3318 3000 3391 procurator
3046 3318 3475 3389 patrisfamilias,
3530 3318 3779 3391 quotnato

2212 3389 2387 3445 locum
2412 3391 2606 3447 habeat
2637 3389 2882 3449 Ternitas
2910 3394 2931 3424 ²
2955 3393 3077 3447 tua?
3104 3394 3147 3447 si
3183 3404 3361 3448 autem
3403 3389 3631 3460 ejusdem
3658 3392 3776 3444 suls-

2213 3460 2423 3533 stautize
2450 3461 2550 3517 iste
2574 3473 2675 3530 est,
2698 3471 2752 3517 et
2780 3473 2861 3518 εει
2888 3465 3082 3527 minor,
3113 3463 3357 3533 injuriam
3395 3462 3527 3519 facit
3550 3463 3776 3533 substan-

2215 3531 2302 3585 tiae
2333 3532 2577 3603 :isivero
2602 3550 2706 3589 non
2737 3534 2955 3603 tequalis
2982 3531 3233 3602 dignitas,
3276 3533 3365 3587 ubi
3410 3545 3498 3588 est
3540 3548 3637 3591 una
3658 3531 3776 3583 sub-

2214 3600 2486 3673 stantia?]
2532 3600 2816 3674 Incipiens'
2841 3621 2873 3657 a
2924 3600 3207 3659 novissimis
3254 3620 3415 3672 usque
3462 3605 3533 3657 ad
3586 3603 3777 3674 primos.

2215 3675 2391 3736 Quare
2421 3671 2527 3727 non
2571 3689 2601 3728 a
2648 3671 2832 3744 primis
2862 3689 3031 3743 usque
3059 3674 3127 3729 ad
3170 3671 3512 3739 uovisSimos,
3559 3671 3651 3729 sed
3687 3673 3776 3744 pri-

2216 3758 2360 3796 mum
2404 3757 2435 3796 a
2483 3743 2837 3799 novissimis?
2888 3744 3151 3804 Attende.
3200 3744 3459 3798 naturalis
3505 3753 3591 3799 est
3638 3743 3778 3796 ratio.

2215 3813 2416 3869 Omnes
2445 3827 2693 3884 namque,
2726 3816 2814 3885 qui
2841 3826 2966 3885 ante
2990 3815 3276 3869 adventum
3322 3813 3525 3868 Christi
3568 3815 3779 3872 (ueniat,

2216 3885 2367 3953 quasi
2393 3899 2459 3939 ex
2485 3884 2874 3952 Operibus’snis
2895 3884 3016 3939 facti
3038 3895 3161 3940 sunt
3186 3885 3379 3950 sancti,
3409 3894 3597 3953 gentes
3623 3892 3782 3953 auufm

2217 3952 2281 4007 ex
2310 3955 2477 4024 gratia
2501 3954 2716 4009 Christi.
2746 3955 2970 4025 Semper
2995 3956 3243 4010 libentius
3262 3952 3461 4024 aliquid
3480 3954 3667 4009 damus
3690 3952 3781 4013 his,

2218 4025 2413 4092 quibus
2439 4039 2535 4094 pro
2563 4029 2679 4078 solo
2708 4024 2912 4081 honore
2933 4035 3116 4080 nostro
3144 4026 3424 4079 donamus.
3457 4024 3600 4094 Ergo
3629 4025 3784 4094 omni-

2223 4094 2321 4148 bus
2348 4095 2546 4150 sanctis
2579 4095 2717 4150 Deus
2746 4095 2975 4151 reddens
3013 4095 3332 4159 mercedem,
3359 4093 3554 4165 justus
3572 4093 3786 4165 ostendi-

2223 4175 2325 4236 tur,
2350 4166 2596 4236 gentibus
2623 4174 2801 4221 autem
2829 4165 2920 4219 dat
2949 4161 3389 4231 misericordiam,
3420 4166 3633 4220 dicente
3652 4161 3787 4236 opa-

2220 4232 2403 4306 sl_olo':
2434 4234 2615 4290 Gentes
2644 4246 2811 4289 autem
2835 4252 2988 4306 super
3003 4236 3347 4290 misericordia
3370 4239 3624 4306 honorare
3639 4232 3787 4306 Deum

2222 4303 2398 4375 (Rom.
2426 4306 2513 4362 15.
2542 4305 2623 4376 9).
2654 4310 2760 4360 Αυι
2783 4303 2931 4361 certe
2974 4316 3188 4375 propter
3212 4304 3789 4376 demonstrandamitn-

2221 4373 2460 4430 mensam
2505 4373 2925 4431 misericordiam
2969 4373 3157 4441 Suam,
3193 4377 3328 4430 sicut
3372 4387 3457 4430 est
3488 4376 3582 4440 ibi,
3622 4373 3703 4429 ubi
3724 4373 3790 4424 ait

2220 4447 2539 4518 Apostolus:
2563 4444 2629 4498 Et
2683 4462 2774 4501 nos
2812 4447 2898 4508 qui
2919 4447 3155 4518 vivimus,
3184 4446 3269 4515 qui
3297 4447 3658 4518 rentunsimns,
3697 4459 3790 4518 non

2260 4514 2583 4587 t‘wveuiemus
2629 4533 2716 4572 eos
2760 4518 2846 4587 qui
2892 4515 3199 4571 dormierunt
3245 4518 3320 4586 (Ι.
3374 4515 3559 4571 Thess.
3607 4516 3660 4587 4.
3689 4514 3789 4577 14)-

2222 4532 2583 4640 ςᾶεωυειιιεηιιιδ
2629 4533 2716 4572 eos
2760 4533 2846 4587 qua
2892 4532 3199 4571 uomuerunt
3245 4532 3320 4586 ιι.
3376 4532 3559 4571 sness.
3607 4532 3660 4570 s.
3689 4532 3789 4577 ιη.

2275 4588 2570 4655 ςιςὶεκειιίιιι
2617 4587 2907 4641 secundum
2956 4602 3068 4641 rem
3117 4594 3251 4651 erat,
3279 4595 3338 4640 ut
3379 4588 3531 4656 prius
3572 4586 3793 4656 viventes

2225 4654 2653 4722 immutarentur,
2685 4665 2866 4724 postea
2900 4656 3092 4710 mortui
3121 4654 3467 4726 resurget-ent
3492 4654 3790 4722 incorrupti.

2223 4727 2327 4781 Sed
2356 4728 2477 4796 quia
2521 4728 2574 4781 in
2621 4726 2999 4782 convertendis
3026 4727 3326 4780 viventibus
3356 4741 3461 4779 una
3492 4737 3579 4781 est
3619 4726 3793 4796 virtus,

2226 4797 2326 4851 hoc
2352 4795 2546 4863 solum,
2578 4797 2717 4867 quod
2739 4797 2805 4851 ad
2837 4797 3286 4851 immortalitatem
3316 4806 3597 4852 mutantur
3626 4812 3641 4849 :
3667 4795 3795 4865 quod

2224 4877 2404 4921 autem
2433 4869 2626 4922 mortui
2664 4868 2956 4937 incorrupti
2996 4877 3297 4934 resurgant,
3327 4867 3436 4921 duo
3462 4877 3589 4921 sunt
3610 4879 3794 4937 opera:

2227 4939 2419 5007 primo,
2459 4938 2578 5007 quia
2611 4950 2928 5007 resurgunt;
2962 4939 3219 5000 secundo,
3245 4937 3368 5006 quia
3395 4936 3691 5005 incorrupti
3727 4950 3792 4988 re-

2229 5017 2455 5074 surgunt
2483 5025 2496 5061 :
2527 5023 2657 5077 ergo
2680 5016 2740 5061 ut
2779 5007 3026 5062 ostendat
3067 5008 3208 5062 Deus
3246 5007 3676 5061 inaestimabilem
3715 5018 3797 5075 po-

2228 5079 2444 5131 ‘entiam
2473 5092 2646 5140 suam,
2673 5077 2902 5146 quando,
2933 5077 3076 5147 quod
3109 5077 3481 5131 difﬁcillimum
3520 5087 3628 5141 est,
3669 5089 3794 5130 mor-

2159 5129 2206 5180 (ι
2228 5129 2354 5202 ius;
2365 5129 2620 5201 satana
2633 5129 3002 5216 iussi-unos;
3016 5129 3216 5216 postea
3234 5129 3246 5131 ⁷
3262 5129 3506 5202 viventes
3531 5129 3792 5201 inimum.

2227 5217 2317 5272 Sic
2342 5227 2396 5272 et
2424 5218 2475 5272 in
2518 5217 2620 5271 hoc
2646 5218 2764 5272 loco
2812 5217 3105 5272 secundum
3154 5232 3268 5271 rent
3315 5219 3534 5286 quidem
3583 5228 3717 5279 erat,
3752 5224 3795 5267 ιιι

2230 5288 2383 5357 primi
2431 5287 2636 5356 priores
2680 5287 2986 5357 acciperent
3031 5301 3184 5341 suam
3230 5287 3538 5342 mercedem
3584 5287 3718 5342 :sed
3752 5292 3794 5357 ut

2227 5355 2473 5413 ostendat
2497 5357 2637 5413 Deus
2668 5356 2986 5411 ineffabilem
3027 5357 3455 5412 misericordiam
3496 5374 3675 5421 suam,
3705 5355 3794 5423 pri-

2228 5445 2371 5481 mum
2398 5428 2697 5482 novissimis
2726 5439 2779 5482 et
2830 5427 3216 5495 indignioribus
3264 5427 3440 5481 reddit
3488 5427 3793 5484 mercedem.

2226 5507 2411 5566 postea
2464 5498 2649 5568 primis
2695 5516 2707 5551 :
2751 5498 2891 5551 sicut
2932 5498 3037 5552 illic
3081 5498 3317 5567 potentia
3360 5497 3793 5552 immutandorutn

2292 5591 2305 5620 ³
2346 5597 2394 5637 v.
2420 5597 2493 5648 ιι,
2518 5588 2687 5652 mimis
2707 5587 2875 5638 δθιιιιη.

2292 5652 2311 5681 ⁸
2346 5657 2374 5696 ι’
2386 5687 2396 5698 .
2422 5656 2497 5709 1).,
2520 5649 2745 5700 “trinitas.

2292 5711 2364 5773 (α)
2383 5720 2493 5770 Quae
2510 5713 2695 5765 uncinis
2717 5711 3016 5772 clauduntur,
3036 5714 3083 5760 in
3108 5712 3313 5774 quedam
3326 5711 3601 5772 exemplari
3622 5710 3791 5758 desint.
