4052 6200
489 234 597 292 825

622 352 667 413 si
694 342 1258 428 qntcrereﬁoluissent
1284 390 1296 412 ,
1330 356 1579 428 poterant
1615 345 1851 428 invenire
1875 362 2058 428 :qno-

490 416 636 485 niam
662 416 913 487 nouerat
942 416 1104 476 homo
1134 416 1371 482 tantum,
1402 418 1494 472 sed
1533 426 1587 472 et
1618 418 1755 471 Deus
1782 416 2059 475 Christus:

490 493 741 561 quoniam
762 492 897 567 sicut
920 499 1052 567 tunc
1076 505 1172 567 per
1197 491 1347 567 signa
1369 489 1623 567 virtutum
1652 490 2061 567 suarumﬂmani-

492 556 782 621 tbstabatur
805 560 1051 630 Christus
1071 556 1095 625 ξ
1119 561 1197 615 sic
1226 556 1505 630 niodorper
1525 557 1675 630 signa
1692 558 2060 630 operationem

487 645 705 694 suarum
728 625 944 688 verbum
963 626 1197 693 veritatis
1218 625 1531 685 ostenditur.
1553 625 1798 684 Christus
1822 629 2062 694 leprosos

488 692 993 768 tuttttdabat,,ctecos
1024 694 1372 771 illuminabat,
1391 699 1582 771 surdos
1604 698 1791 771 audire
1816 692 2058 764 faciebat,

487 780 730 847 mortuos
754 772 1048 847 suscitabat
1078 791 1091 827 :
1121 772 1201 847 ita
1241 768 1401 824 modo
1429 768 1521 847 qui
1558 769 1670 847 vult
1696 783 2021 847 cognoscere
2042 811 2056 836 ,

488 841 578 911 ubi
598 842 670 898 sit
683 843 902 903 verbum
928 842 1184 911 veritatis,
1207 856 1428 909 operum
1447 839 1561 910 ejus
1571 840 1718 911 signa
1737 839 2054 899 consideret.

488 910 755 977 Ubienim
786 910 1006 979 verbum
1030 913 1268 967 veritatis
1293 920 1374 965 est
1397 911 1596 976 vivum,
1630 911 1832 966 unitum
1858 952 1874 977 ,
1900 919 2059 979 atque

483 981 746 1049 divinum.
772 980 842 1049 ibi
867 980 1188 1039 inundantur
1212 980 1424 1036 assidue
1447 980 1689 1037 homines
1713 998 1741 1035 a
1762 981 1907 1048 lepra
1931 995 2056 1049 pec-

483 1050 618 1119 cati,
654 1061 710 1119 et
750 1053 808 1108 lit
851 1054 1036 1115 salutis
1073 1067 1261 1107 eorum
1314 1050 1674 1107 testimonium
1721 1051 2057 1115 conversatio

483 1122 723 1195 ipsorum
750 1163 765 1187 ,
802 1132 971 1195 atque
1013 1138 1167 1177 mens
1194 1123 1545 1195 eorum.Qui
1575 1123 1807 1195 audiunt
1835 1122 2055 1179 verbum

480 1190 722 1253 Veritatis
743 1235 759 1260 ,
797 1190 1248 1261 illuminantnrad
1283 1190 1620 1263 intelligenda
1649 1193 1826 1251 divina
1857 1202 2055 1263 myste-

482 1265 558 1317 ria
594 1283 609 1333 ;
639 1279 803 1321 aures
825 1280 1009 1333 eorum
1037 1263 1321 1320 interiores
1350 1266 1659 1333 aperiuntur
1679 1305 1697 1328 ,
1744 1273 1800 1319 ut
1829 1263 2055 1319 libenter

480 1330 767 1405 suscipiant
791 1330 975 1403 divina
996 1343 1284 1405 praecepta.
1312 1330 1455 1402 Quos
1473 1334 1628 1390 hodie
1654 1335 1803 1390 vides
1816 1344 2053 1390 mortuos

481 1403 531 1458 in
562 1403 827 1474 peccatis,
860 1421 979 1462 cras
997 1403 1285 1475 resurgunt
1316 1406 1368 1474 in
1414 1406 1719 1474 pmttitentia
1744 1447 1760 1471 ,
1800 1405 2050 1460 vivificati

480 1490 575 1544 per
601 1476 819 1535 verbum
861 1477 975 1532 Dei.
1001 1475 1104 1533 Ubi
1134 1486 1309 1531 autem
1342 1491 1450 1531 non
1498 1476 1675 1533 vivum
1703 1477 1920 1532 verbmn
1956 1491 2049 1538 ve-

476 1546 815 1612 ritatis,,sed
849 1556 1118 1602 mortuum
1167 1546 1502 1601 mendacium
1547 1546 1866 1616 praedicatur
1912 1547 2050 1600 inter

474 1631 599 1683 eos;
622 1618 752 1681 nihil
782 1616 973 1682 horum
1011 1616 1124 1671 fieri
1169 1616 1315 1671 rides
1339 1657 1354 1681 ,
1382 1617 1518 1672 sicut
1546 1614 1637 1672 dat
1671 1616 1738 1672 de
1771 1617 1874 1672 illis
1903 1617 2051 1671 lesu-

473 1689 712 1759 monium
736 1688 842 1759 vita
878 1687 1136 1759 ipsorum.
1164 1686 1355 1759 Sedet
1382 1696 1501 1759 post
1526 1695 1636 1742 tres
1665 1686 1781 1759 dies
1809 1695 2049 1759 resurget

473 1758 529 1817 in
562 1757 852 1819 animabus
880 1756 1208 1813 credentium
1237 1757 1338 1813 sibi
1362 1756 1522 1822 {cum
1552 1767 1658 1814 tres
1686 1758 1804 1812 dies
1848 1756 2048 1811 fuerint

471 1830 824 1887 consummati
851 1827 903 1883 in
929 1829 1030 1884 eis.
1061 1826 1236 1883 Prima
1263 1827 1395 1893 dies,
1428 1829 1621 1894 Pater;
1646 1827 1876 1885 secunda
1904 1827 2043 1894 dies,

472 1897 641 1957 Filius
660 1939 677 1962 ,
702 1899 993 1963 secundum
1022 1898 1164 1967 quod
1189 1897 1390 1955 dictum
1419 1908 1504 1954 est
1526 1900 1579 1952 in
1607 1899 1861 1967 prepheta
1892 1914 1906 1951 ε
1939 1899 2043 1951 An-

470 1970 696 2031 mmtiate
719 1970 784 2024 de
800 1969 882 2043 die
904 1968 1111 2043 ittdieni
1132 1967 1355 2043 suiatore
1369 1969 1490 2043 ejus
1517 1970 1535 2041 (
1547 1968 1685 2043 Rsal.
1704 1968 1802 2043 95.
1828 1968 1895 2043 2)_
1915 1968 2044 2043 Quis

466 2049 552 2101 est
580 2050 756 2105 autem
784 2040 900 2111 dies
918 2040 1056 2095 alius
1080 2039 1149 2096 de
1172 2036 1263 2096 die
1288 2081 1304 2107 ,
1329 2036 1430 2095 nis'i
1463 2036 1675 2111 genitus
1701 2041 1841 2097 Deus
1865 2036 1932 2095 de
1955 2041 2040 2096 in—

465 2112 646 2179 genito
678 2112 825 2169 Deo?
850 2110 1258 2182 Consequenter
1289 2120 1343 2167 et
1366 2110 1596 2180 Spiritus
1634 2121 1855 2182 sanctus
1887 2113 2041 2167 tertia

463 2182 582 2239 dies
609 2192 692 2238 est
709 2225 725 2248 ,
748 2182 998 2248 quoniam
1027 2180 1111 2236 his
1136 2181 1305 2248 tribus
1342 2182 1707 2237 illuminantur
1730 2180 1890 2237 corda
1917 2198 2038 2238 cre-

462 2251 723 2312 dentium.
756 2251 812 2308 lu
839 2254 1031 2323 quibus
1054 2268 1183 2323 ergo
1211 2254 1367 2307 trium
1404 2254 1623 2308 istorum
1652 2253 1889 2309 scientiae
1919 2253 2041 2309 fue-

462 2324 571 2379 rint
594 2333 1016 2395 consummatae.
1064 2326 1117 2379 in
1147 2328 1224 2379 eis
1252 2324 1490 2379 veritatis
1515 2324 1735 2379 verbum
1764 2325 1992 2394 resurgit
2021 2364 2038 2388 ,

460 2404 516 2448 et
551 2394 678 2453 vivit
730 2405 787 2451 et
835 2403 1106 2465 operatur.
1156 2394 1261 2451 Sed
1308 2410 1405 2449 nec
1449 2402 1766 2465 resurgent,
1806 2395 1907 2451 nisi
1949 2397 2038 2465 qui

460 2412 516 2448 et.
551 2412 678 2453 vtvtt
730 2412 787 2451 et
835 2412 1106 2465 operatur.
1156 2412 1261 2451 beo
1308 2412 1405 2449 nec
1449 2412 1766 2465 resurgent,
1806 2412 1907 2451 ms:
1945 2412 2013 2520 3a

459 2465 807 2533 jejunantesa
833 2466 975 2521 malo
1003 2475 1059 2521 et
1087 2466 1275 2535 ﬂentes
1302 2475 1425 2521 sunt
1447 2477 1664 2535 propter
1678 2481 1798 2520 eum
1819 2508 1832 2530 ,
1865 2475 1918 2520 et
1983 2482 2013 2522 e

458 2535 697 2593 siderant
736 2537 1186 2599 resurrectionem
1236 2539 1353 2607 ejus
1384 2538 1567 2593 videre
1596 2538 1648 2592 in
1684 2539 1861 2592 anima
1889 2552 1985 2592 sua
2020 2556 2053 2597 :.

456 2607 594 2680 sicut
616 2618 674 2680 et
695 2610 920 2680 apostoli
945 2607 1253 2680 jejunanles
1272 2619 1320 2664 et
1348 2607 1777 2680 llentesifuerunt
1811 2608 2036 2680 Domino

455 2678 710 2735 cruciﬁxo
732 2677 905 2749 usque
932 2679 997 2732 ad
1015 2680 1154 2750 diem
1177 2678 1584 2750 resurrectionis
1600 2678 1784 2747 ipsius.
1803 2678 1879 2750 (α)
1895 2677 2035 2732 Tune

453 2750 658 2805 accessit
684 2750 754 2804 ad
779 2767 893 2805 eum
911 2748 1581 2818 mater'ﬁliorumlebedwi,
1614 2766 1727 2803 eum
1753 2748 1875 2818 ﬁliis
1904 2753 2030 2816 suis,

452 2820 674 2875 adorans
692 2830 739 2875 et
756 2831 937 2891 petens
954 2819 1147 2891 aliquid
1173 2822 1236 2875 ab
1264 2838 1322 2875 ea
1348 2819 1539 2891 (Marc.
1564 2822 1652 2876 l5.
1673 2820 1760 2875 40.
1780 2831 1825 2874 et
1845 2820 1930 2874 16.
1952 2820 2028 2889 1).

454 2891 578 2948 Haec
620 2900 706 2948 est
745 2891 980 2957 Salome,
1021 2891 1172 2962 cujus
1210 2892 1347 2960 apud
1386 2891 1613 2947 alterum
1652 2892 2030 2962 evangelistam

454 2962 669 3028 ponitur
693 2977 889 3020 nomen
910 3003 927 3026 ,
960 2978 1086 3017 vere
1127 2962 1363 3031 pacifica,
1397 2963 1689 3018 secundum
1717 2962 2032 3031 interpreta—

449 3034 648 3104 iionem
681 3050 696 3094 ξ
723 3049 840 3102 quae
868 3033 1006 3095 ﬁlios
1022 3034 1201 3104 genuit
1224 3035 1388 3102 pacis.
1420 3034 1532 3088 Non
1562 3033 1732 3089 solum
1754 3040 1928 3086 autem
1963 3048 2029 3089 ex

444 3098 624 3159 Marco
654 3098 976 3174 evangelista
1002 3098 1136 3174 ,vqui
1166 3098 1443 3160 manifeste
1468 3106 1614 3174 ipsos
1640 3105 1831 3158 fratres
1858 3118 2025 3174 expo-

448 3176 527 3229 nit
567 3173 859 3230 accessisse
894 3175 960 3229 ad
1000 3173 1216 3240 Jesum,
1249 3186 1304 3231 et
1342 3178 1457 3231 iure
1494 3173 1687 3230 eadem
1733 3173 2027 3243 postulasse

446 3245 640 3319 (Marc.
672 3244 762 3301 10.
787 3246 1215 3319 55)_intelligere
1244 3261 1546 3319 possumus,
1565 3245 1813 3319 quoniam
1845 3263 1873 3301 a
1906 3247 2025 3308 filiis

445 3318 556 3370 suis
578 3325 697 3373 erat
718 3317 1021 3382 summissa,
1055 3318 1149 3372 sed
1183 3317 1342 3373 etiam
1370 3334 1433 3373 ex
1462 3318 1811 3386 prmscnlibus
1829 3318 2023 3379 Christi

445 3387 1004 3463 sermonibus,_quibtts
1021 3391 1287 3463 non‘quasi
1302 3389 1365 3443 ad
1386 3389 1661 3463 mulierem
1679 3389 1844 3456 ipsam
1862 3406 1921 3446 se
1941 3410 2025 3463 pe-

446 3465 642 3529 tentem
663 3497 679 3521 .
721 3459 814 3515 Sed
843 3461 992 3528 quasi
1022 3459 1087 3512 ad
1119 3459 1256 3515 filios
1287 3460 1677 3516 summittentes
1705 3459 1978 3529 respondit
2005 3483 2018 3518 :

448 3520 671 3602 Nescitis
694 3530 817 3602 quid
860 3520 1079 3602 ὶῃεηυὶε.Δ
1094 3530 1320 3595 Ᾱίειίιηο
1344 3533 1507 3595 enim,
1524 3530 1665 3602 quod
1690 3520 1879 3588 fratres
1898 3550 2018 3589 cum

444 3595 718 3653 audissent
743 3595 1024 3653 Dominum
1049 3599 1117 3655 de
1138 3603 1383 3667 passione
1421 3610 1477 3655 et
1509 3595 1899 3657 resurrectione
1924 3621 2016 3660 sua

446 3667 877 3736 prophetantem,
904 3678 1184 3736 creperum
1211 3671 1394 3726 dicere
1420 3671 1557 3725 intra
1592 3686 1671 3736 se,
1695 3688 1815 3726 cum
1840 3686 2021 3732 essent

443 3736 628 3792 ﬁdeles
658 3753 671 3788 :
705 3736 843 3791 Ecce
868 3738 1240 3811 llescaelestis
1269 3741 1543 3796 descendit
1569 3741 1633 3794 ad
1664 3757 1823 3811 regna
1853 3754 2017 3799 tarta-

440 3822 551 3871 rea,
578 3814 638 3863 ut
664 3822 840 3879 regem
879 3807 1093 3878 quidem
1119 3811 1305 3864 mortis
1341 3811 1580 3866 destruat
1599 3853 1614 3877 ,
1643 3807 1813 3879 ipsam
1842 3826 2016 3871 autem

440 3886 667 3949 mortem
690 3878 982 3933 divinitatis
1014 3894 1124 3933 sum
1156 3881 1387 3949 potentia
1415 3882 1604 3948 calcet,
1633 3878 1687 3936 et
1713 3884 1788 3935 sic
1811 3883 2019 3942 vinculo

437 3948 795 4025 tenebraruni
820 3949 1036 4025 soluto,
1081 3951 1315 4025 captivas
1355 3951 1664 4025 animasiad
1708 3967 1802 4006 sua
1853 3970 2015 4025 regna

437 4017 712 4085 perducat.
753 4018 860 4075 Nec
902 4017 1301 4077 innumerabilis
1332 4023 1514 4077 militia
1555 4022 1855 4077 dazmooum
1881 4017 2015 4081 resi-

435 4097 578 4145 stere
609 4091 802 4162 poterit
828 4100 1011 4147 contra
1039 4107 1182 4147 eum.
1204 4092 1372 4159 Quem
1392 4094 1534 4148 enim
1559 4095 1610 4149 in
1636 4109 1862 4162 corpore
1887 4112 2015 4152 con-

435 4162 673 4232 stitutum
721 4161 1010 4217 timuerunt
1032 4162 1268 4218 dicentes
1298 4180 1312 4216 :
1348 4163 1486 4229 Quid
1510 4164 1650 4218 nobis
1674 4174 1721 4217 et
1740 4161 1854 4232 tibi,
1884 4165 2016 4223 Jesu

436 4230 543 4306 fili
571 4231 930 4306 Deifxfglsi?
970 4234 1165 4306 venisti
1186 4243 1551 4306 ante‘tempas
1599 4230 1845 4300 torquere
1918 4249 2012 4288 nos

434 4302 645 4373 (Hatth.
676 4302 729 4359 8.
758 4301 829 4357 29
849 4303 869 4373 )
892 4303 916 4356 ?
939 4304 1206 4375 quomodo
1235 4304 1429 4360 nudam
1456 4301 1637 4375 'ipsam
1682 4306 2009 4366 divinitatem

431 4383 613 4428 contra
662 4388 722 4429 se
752 4374 1180 4445 descendentem
1231 4374 1830 4445 poterunt'sustinere't
1874 4381 2011 4438 Ecce

432 4454 552 4521 post
577 4452 689 4521 tres
708 4444 826 4521 dies
854 4447 1041 4521 m_o_rtis
1066 4463 1176 4502 sua:
1204 4444 1499 4521 revertetur
1525 4448 1593 4521 ab
1619 4448 1826 4512 inferis.
1857 4453 2009 4521 quasi

432 4515 601 4586 victor
621 4514 694 4586 de
720 4515 879 4571 bello.
902 4516 1033 4570 Nam
1055 4533 1175 4571 cum
1196 4518 1414 4573 viatoria
1444 4518 1598 4572 fuerit
1621 4514 2006 4586 consummata,

429 4584 557 4660 quid
582 4585 727 4660 aliud
757 4595 956 4660 restat_,
989 4587 1088 4641 nisi
1127 4599 1184 4642 ut
1213 4589 1361 4660 regni
1385 4589 1576 4660 gloria
1606 4584 2009 4660 subsequatur?

431 4652 887 4732 Ergojaciamus,
911 4656 1135 4732 fratres,
1164 4652 1435 4732 quomodo
1458 4676 1741 4732 possumus
1767 4652 1911 4732 regni
1941 4664 2005 4717 il-

430 4723 533 4802 lius
563 4726 675 4802 fieri
706 4729 1010 4802 participes.
1035 4723 1249 4802 Scimus
1269 4732 1391 4799 quia
1412 4723 1621 4788 in'vidus
1645 4747 1749 4788 non
1775 4723 1879 4788 est.
1904 4732 2005 4802 Qui

427 4796 570 4875 enim
596 4796 832 4867 seipsum
855 4796 1425 4875 donavithoniinibus,
1452 4803 1718 4873 quomodo
1747 4804 1892 4875 regni
1914 4796 2004 4861 sui

426 4869 869 4945 societatem-non
910 4869 1124 4945 donabit
1150 4870 1174 4924 ?
1201 4870 1439 4945 Petentis
1460 4869 1782 4945 negligentia
1807 4869 2005 4945 'repre-

427 4936 676 4994 henditur
702 4940 903 5003 ubide
946 4940 1123 4995 dantis
1166 4936 1674 5000 misericordiavnon
1714 4936 2001 5003 dubitatur.

425 5005 478 5062 Si
515 5024 611 5063 nos
635 5026 881 5079 rogamus
921 5012 1229 5079 magistrum
1249 5055 1265 5079 ,
1295 5012 1515 5070 forsitan
1539 5025 1852 5072 ca'terornm
1894 5018 2002 5073 fra.

426 5087 564 5133 trum
604 5082 765 5135 corda
805 5083 1168 5137 concutiemus
1199 5099 1214 5137 :
1245 5091 1299 5138 et
1326 5083 1452 5139 dum
1477 5086 1631 5141 nobis
1672 5088 1881 5143 duobus
1908 5108 2001 5144 vo-

424 5148 598 5220 iumus
628 5152 924 5220 providere,
946 5153 1083 5208 inter
1101 5169 1287 5209 omnes
1305 5156 1611 5212 scandalum
1633 5160 1999 5219 exciutbimus.

422 5218 552 5275 Nam
581 5218 682 5276 etsi
711 5224 877 5278 sancti
907 5218 1046 5287 Sint,
1078 5233 1252 5279 tamen
1281 5225 1526 5282 homines
1553 5238 1695 5284 sunt.
1729 5231 1838 5285 Etsi
1864 5218 2000 5288 vinci

420 5306 449 5343 a
466 5307 628 5370 carne
650 5309 757 5349 non
783 5304 1022 5370 possunt,
1041 5296 1188 5370 quasi
1208 5296 1315 5364 jam
1332 5297 1655 5370 spirituales,
1677 5310 1850 5356 tamen
1876 5319 1994 5370 pcr-

420 5362 526 5442 i‘uti
560 5374 798 5442 possunt,
828 5365 977 5442 quasi
1019 5362 1191 5420 adhuc
1210 5362 1481 5442 carnales.
1518 5368 1593 5442 Uti
1608 5362 1733 5440 quid
1764 5362 1890 5442 ergo
1918 5375 1999 5430 vel

420 5431 569 5488 leves
592 5431 900 5509 occasiones
926 5436 1116 5491 demus
1138 5477 1154 5503 ,
1193 5438 1384 5509 quibus
1410 5431 1647 5509 improba
1684 5431 1861 5497 carnis
1904 5460 1998 5498 na-

421 5510 537 5557 tura
566 5507 872 5576 tranquillas
900 5523 1085 5563 eorum
1128 5508 1335 5565 animas
1378 5507 1674 5580 inquietet?
1709 5513 1998 5571 Submitta—

466 5701 537 5762 (tt)
574 5702 659 5753 llic
682 5707 843 5766 incipit
868 5705 1062 5758 ttotnilia
1087 5706 1210 5771 apud
1239 5706 1289 5757 Υ.
1328 5711 1386 5761 D.

1591 231 1655 286 IN
1693 206 2117 287 unusnon.
2164 212 2390 288 unum.
2431 231 2648 291 xxxv.

3659 243 3762 300 sats
3823 206 3831 216 ’

2174 362 2291 401 mus
2316 363 2444 429 ergo
2468 356 2694 429 matrem
2723 360 2977 429 nostram,
3004 361 3059 408 ut
3076 369 3183 429 suo
3209 357 3423 429 nomine
3444 355 3760 429 deprecetur

2172 432 2271 541 pro
2298 419 2470 485 nobis,
2496 429 2549 474 et
2582 420 2715 476 liunt
2742 423 2845 476 duo
2885 423 3040 479 bona.
3069 424 3125 481 Si
3149 428 3289 480 enim
3318 444 3405 482 res
3431 419 3541 498 ipsa
3570 446 3753 497 repre‘

2190 488 2449 541 tensihilis
2503 490 2715 541 inventa
2773 492 2957 541 fllt‘l‘il-
3009 495 3164 541 facila
3217 507 3454 541 moratur
3503 501 3707 541 vnninm

2190 488 2452 562 tensihilis
2503 490 2715 546 inventa
2772 492 2958 556 fuerit,
3009 495 3164 552 facile
3217 488 3463 553 meretur'
3503 488 3751 562 veniam,

2168 560 2319 651 quiitsi
2348 559 2556 651 tnoliclr.
2589 562 2709 651 Ipse
2734 564 2885 651 enim.
2919 580 3079 651 sexus
3129 578 3350 651 eiicuspt
3401 584 3659 651 errorem.
3694 559 3751 624 Si

2167 637 2343 682 autem
2373 631 2669 706 nonufuerii
2696 634 3017 703 importuna.
3051 637 3255 693 facilius
3287 631 3585 706 impetrabit
3633 658 3747 695 ma-

2170 707 2251 752 ter
2280 714 2374 767 pro
2422 700 2550 778 filiis
2588 700 2946 778 suisurogans.
2983 707 3099 774 Ipse
3144 710 3285 763 enim
3336 700 3590 765 Dominus
3616 753 3630 776 ,
3660 715 3748 778 qni

2167 772 2671 848 inaterttosanimos
2697 772 2924 830 liliorum
2959 772 3297 833 miseratione
3335 778 3592 848 implevit,
3620 772 3748 835 laci-

2168 838 2542 917 li_us_cx.audiet
2574 854 2870 917 maternum
2900 848 3166 903 affectum.
3202 850 3382 917 Magna
3411 838 3525 906 laus
3564 838 3748 906 mulie-

2165 908 2241 990 ris
2280 909 2540 990 hujusex
2564 912 2678 990 _l_toc
2716 915 2833 972 loco
2860 918 3144 985 colligitur.
3176 908 3410 974 Primum
3430 962 3446 986 ,
3473 923 3593 990 quia
3642 938 3745 975 non

2162 978 2357 1061 soluor
2385 979 2460 1061 illi
2504 982 2828 1053 reliquerant
2879 978 3099 1057 patrem,
3132 991 3227 1044 sed
3275 978 3445 1046 etiam.
3480 978 3590 1061 ipsa
3619 995 3775 1061 reli‘,

2161 1058 2351 1130 queret
2380 1052 2548 1130 virum
2579 1052 2767 1130 suum,
2796 1052 3098 1130 etu'sequuta
3143 1062 3313 1116 fuerat
3353 1052 3641 1117 Christum.
3680 1065 3744 1117 Et

2163 1118 2236 1199 illi
2281 1121 2629 1199 ostenderunt
2657 1118 2778 1199 quia
2809 1128 2898 1182 lilii
2926 1118 3079 1185 erant
3108 1131 3404 1197 lmjusmodi
3436 1133 3620 1187 matris
3642 1175 3655 1195 ,
3690 1145 3743 1190 et

2163 1192 2273 1270 ipsa
2318 1192 2550 1271 ostendit
2581 1192 2714 1271 quia
2762 1206 2931 1271 mater
2967 1209 3081 1255 erat
3112 1192 3291 1255 talium
3328 1203 3573 1257 filiorum.
3601 1192 3745 1271 Quo-

2161 1264 2301 1312 niam
2330 1269 2512 1337 autem
2544 1264 2720 1319 vivum
2750 1267 3034 1337 reliquerat
3074 1273 3241 1326 virum
3265 1314 3279 1336 ,
3310 1287 3490 1328 sermo
3516 1264 3739 1328 dem'on-

2158 1339 2289 1410 strat
2309 1373 2323 1392 .
2352 1330 2445 1401 qui
2480 1330 3078 1410 de__vocatione'eorum
3110 1330 3337 1410 scriptus
3362 1351 3444 1398 est
3463 1370 3485 1410 ι
3508 1344 3693 1399 dicens
3726 1363 3738 1395 :

2158 1397 2250 1453 Illi
2273 1397 2439 1457 aulam
2477 1404 2782 1478 reliquerunt
2811 1419 3005 1478 patrem
3025 1428 3174 1464 suum
3203 1397 3502 1468 Zebedteunt
3547 1397 3742 1469 inﬁnavi

2158 1486 2272 1553 eam
2294 1476 2642 1553 mercenariis,
2663 1485 2707 1529 et
2733 1476 3071 1553 setiualiﬂswit
3094 1482 3268 1536 Jcsum
3295 1483 3314 1553 (
3340 1484 3501 1538 Marc.
3540 1486 3586 1538 ι.
3617 1485 3736 1553 ευ).

2156 1538 2262 1623 Ιξῐίςί
2293 1541 2427 1623 forte
2447 1544 2564 1623 quis
2592 1544 2752 1611 dicat,
2771 1538 2894 1615 quia
2925 1550 3165 1607 Christus
3193 1538 3482 1623 plusquam
3511 1538 3741 1610 lriemiio

2155 1608 2333 1692 docuit
2360 1652 2388 1693 ,_
2416 1608 2656 1693 et:‘in_tra_
2701 1608 2909 1687 tempus
2958 1608 3249 1693 vocationis
3278 1608 3741 1693 apostolorumet
3837 1687 3840 1690 ,

2158 1681 2418 1748 passionis
2458 1682 2656 1759 Christi
2709 1681 2951 1746 mortuus
2990 1701 3073 1747 est
3110 1681 3420 1759 Zebedaeus,
3452 1703 3507 1749 et
3544 1696 3622 1749 sic
3651 1696 3736 1750 illa

2153 1760 2375 1831 sequuta
2402 1762 2485 1808 est
2520 1773 2532 1809 :
2559 1754 2739 1831 .lesum
2772 1767 2949 1814 tamen
2976 1773 3199 1830 sequuta
3225 1775 3328 1819 est.
3361 1754 3543 1831 Qualis
3562 1766 3734 1831 radix,

2154 1820 2276 1900 galia
2321 1832 2375 1877 et
2414 1826 2650 1900 germina
2681 1844 2695 1879 :
2728 1836 2784 1882 et
2813 1831 2984 1899 qualis
3034 1820 3175 1887 terra
3203 1876 3218 1900 ,
3269 1820 3406 1888 talis
3419 1846 3473 1890 et
3512 1820 3731 1891 fructus:

2152 1889 2265 1945 Non
2294 1889 2581 1970 eamivieii,
2610 1898 2743 1952 sicut
2766 1889 2987 1957 caiteras
3014 1889 3287 1970 mulieres,
3318 1889 3579 1959 maritalis
3602 1889 3735 1961 alie;

2148 1971 2269 2041 ctus
2305 1978 2319 2018 :
2352 1964 2473 2032 quia
2505 1965 2596 2021 ille
2623 1972 2927 2041 temporalis
2976 1981 3093 2028 erat
3120 1964 3341 2029 maritus
3365 2018 3380 2041 ,
3413 1977 3513 2030 iste
3555 1986 3732 2030 autem

2149 2032 2417 2114 perlectus
2439 2049 2688 2114 Sponsus.
2716 2032 2860 2114 (llius
2888 2057 3041 2098 amor
3068 2044 3313 2114 deceptio
3336 2032 3452 2101 erat
3478 2046 3727 2110 carnalis,

2150 2108 2311 2186 istius
2328 2115 2504 2186 auicm
2523 2149 2538 2171 ,
2564 2108 2783 2186 dilectio
2804 2108 3222 2186 incorruptibilis
3247 2117 3389 2172 vitae.
3421 2115 3536 2174 Non
3584 2108 3729 2173 illam

2149 2176 2320 2229 tenuit
2344 2177 2614 2257 miseraiio
2634 2184 2926 2257 senectutis
2951 2176 3088 2254 ejus,
3118 2189 3237 2257 quia
3268 2189 3359 2243 ille
3384 2188 3501 2244 sine
3534 2191 3632 2243 ista
3655 2191 3734 2241 vi-

2146 2258 2272 2300 vere
2298 2256 2520 2315 poterat,
2543 2249 2642 2303 ista
2681 2262 2857 2308 autem
2884 2249 3001 2312 sine
3036 2249 3250 2313 Clu-'iSto
3289 2260 3432 2313 salva
3479 2274 3598 2313 cs~c
3625 2275 3729 2311 non

2149 2323 2376 2396 poterat.
2422 2315 2683 2400 Cogitavit
2727 2325 2869 2400 enim
2894 2365 2911 2389 ,
2938 2328 3204 2400 quoniam,
3227 2330 3456 2400 amplius
3495 2329 3731 2399 proderit

2145 2389 2261 2439 viro
2289 2402 2406 2468 suo,
2429 2389 2479 2468 ,εἰ
2508 2400 2728 2468 propter
2768 2395 2931 2468 Deum
2956 2389 3235 2468 reliquerit
3263 2389 3456 2462 virum,
3486 2389 3644 2468 quam
3681 2402 3730 2452 si

2016 2498 2039 2510 -
2096 2458 2561 2540 ,proptcnvirum
2593 2458 2863 2540 reliquerit
2896 2458 3099 2540 Deum:
3117 2469 3403 2540 Propterea
3447 2458 3578 2524 se'xu
3623 2470 3730 2523 fm-

2140 2526 2254 2610 gili,
2292 2528 2477 2610 etiani
2502 2540 2663 2610 aetate
2700 2526 2902 2591 defecta
2931 2579 2945 2603 ,
2976 2537 3172 2593 Christi
3206 2526 3422 2610 vestigia
3469 2541 3727 2609 sequeba-

2142 2606 2229 2681 iur
2257 2602 2413 2668 :quia
2444 2600 2578 2656 fldes
2602 2620 2901 2681 numquam
2932 2600 3189 2681 senescit,
3219 2620 3273 2665 et
3313 2600 3498 2681 rEIigio
3541 2600 3726 2677 fatiga-

2142 2675 2340 2750 tionem
2391 2685 2506 2750 non
2578 2676 2761 2730 sentit.
2814 2677 3012 2733 Deinde
3060 2675 3181 2748 quia
3227 2696 3333 2735 non
3387 2675 3549 2736 sentit
3602 2675 3722 2738 illa.

2139 2750 2276 2794 SICUI
2304 2749 2511 2820 aeterm
2552 2754 2780 2810 matres,
2809 2762 2927 2817 qua:
2977 2764 3171 2820 corpus
3217 2761 3463 2806 natorum
3504 2766 3722 2806 SliOI‘UIII

2138 2819 2340 2875 amant,
2367 2812 2599 2867 animam
2626 2825 2803 2871 autem
2827 2812 3214 2878 'contemt'nmt.
3240 2822 3551 2877 Desiderant
3579 2824 3720 2877 enim

2138 2882 2261 2964 ilics
2278 2882 2458 2964 valere
2485 2884 2539 2964 in
2560 2886 2759 2964 stimulo
2780 2887 2917 2964 isto,
2931 2900 2992 2964 ct
3018 2907 3121 2946 non
3149 2904 3338 2948 curant
3363 2893 3487 2964 qttid
3516 2894 3718 2961 passuri

2135 2951 2243 3006 sint
2277 2952 2330 3005 in
2355 2952 2481 3007 alio.
2511 2954 2612 3008 Alii
2643 2958 2860 3032 militias
2886 2951 3010 3032 liliis
3036 2964 3147 3017 suis
3174 2951 3471 3032 provide'nt,
3498 2951 3585 3018 alii
3618 2964 3718 3016 lto-

2137 3035 2401 3100 norrs_,__et
2446 3040 2603 3079 nemo
2650 3028 2772 3082 liliis
2812 3031 2924 3084 suis
2966 3028 3206 3100 providet
3239 3036 3425 3089 Deum.
3462 3035 3719 3088 Perdi‘tio.

2136 3110 2256 3147 nem
2274 3094 2498 3174 _i_l_lorum
2525 3110 2648 3151 cum
2678 3114 2868 3174 magno
2900 3094 3071 3169 pretio
3114 3113 3427 3174 comparant
3449 3146 3463 3166 .
3494 3114 3549 3158 et
3577 3106 3720 3157 salu-

2134 3174 2238 3240 tem
2273 3165 2481 3219 illorum
2527 3182 2628 3222 nec
2664 3165 2810 3240 don'o
2847 3165 3091 3240 accipere
3139 3165 3343 3230 volunt.
3386 3177 3440 3230 Si
3489 3176 3718 3229 viderint

2133 3237 2252 3316 illos
2281 3251 2540 3316 pauperes
2568 3278 2581 3302 ,
2611 3239 2885 3296 tristautur
2921 3237 2977 3298 et
3017 3248 3289 3316 suspirant
3318 3264 3332 3300 :
3363 3246 3407 3299 si
3434 3254 3611 3299 autem
3640 3247 3718 3299 vi-

2130 3306 2306 3360 derint
2347 3307 2468 3362 illos
2496 3319 2777 3377 peccantes
2800 3355 2815 3379 ,
2848 3327 3007 3368 nemo
3038 3306 3277 3371 tristatur
3303 3334 3317 3370 :
3351 3325 3405 3370 ut
3434 3316 3718 3370 ostendant

2129 3379 2249 3446 quia
2278 3392 2561 3451 corporum
2607 3388 2731 3434 sunt
2754 3393 3021 3451 parentes.
3047 3401 3151 3441 non
3177 3388 3497 3441 animarum.
3531 3388 3712 3441 Arces-

2127 3451 2190 3525 s_it
2220 3464 2337 3519 ergo
2366 3448 2633 3525 ad_.lesitm
2656 3491 2670 3515 ,
2701 3448 2886 3523 rogans
2909 3464 2956 3507 et
2987 3466 3157 3525 petens
3190 3458 3382 3525 aliquid
3408 3458 3471 3511 ab
3495 3474 3571 3510 eo.
3606 3460 3714 3510 An-

2126 3521 2311 3574 dacetn
2358 3519 2500 3574 enim
2541 3520 2739 3576 fecerat
2761 3519 2883 3578 eam
2912 3519 3155 3580 naiorum
3185 3519 3437 3590 aﬂ‘ectus,
3466 3538 3520 3583 et
3562 3543 3712 3582 reve-

2127 3592 2354 3662 rentiam
2382 3590 2601 3662 forsitan
2650 3593 2978 3662 spiritualem
3024 3597 3226 3653 vicerat
3276 3614 3428 3653 amor
3454 3598 3706 3654 carnalis.

2128 3660 2262 3738 Dicit
2305 3662 2351 3715 ei
2390 3659 2584 3738 Jesu._s_:
2611 3659 2748 3738 Quid
2773 3666 2846 3738 ris
2871 3666 3035 3738 {Non
3083 3668 3377 3737 interrogat
3418 3670 3565 3738 quasi
3610 3685 3711 3724 ne-

2125 3733 2319 3809 sciens,
2351 3739 2407 3785 ut
2433 3732 2638 3809 audiret
2662 3734 2786 3809 quid
2818 3737 2976 3809 vellet
3008 3753 3022 3809 ;
3050 3739 3143 3809 sed
3177 3747 3232 3793 ut
3272 3732 3356 3792 illa
3385 3732 3705 3809 erponeute,

2126 3800 2471 3878 manifestam
2504 3800 2701 3856 faceret
2730 3805 3166 3878 _irrationabilem
3216 3800 3520 3877 petitionem
3568 3800 3709 3878 ipso;

2124 3886 2239 3948 runt
2272 3888 2284 3923 :
2308 3873 2561 3948 quoniam
2604 3873 2853 3942 petebant
2897 3877 3111 3944 quidem
3157 3873 3306 3948 quasi
3352 3873 3621 3948 religiosi,
3653 3891 3704 3935 et

2123 3941 2363 4018 calestis
2392 3941 2576 4018 gloria:
2615 3941 3045 4018 amatorem—non
3088 3941 3239 4018 quasi
3279 3941 3555 4003 scientiam
3604 3941 3700 4003 ha-

2124 4010 2310 4081 bentes
2350 4010 2613 4066 inutilium
2661 4015 3074 4081 postulationum
3105 4010 3163 4073 et
3207 4020 3538 4074 nocivarom.
3571 4020 3703 4074 Nam

2122 4080 2430 4150 frequenter
2473 4080 2727 4160 Dominus
2768 4086 2968 4153 patitur
3016 4086 3305 4158 discipulos
3348 4105 3476 4144 suos
3504 4091 3700 4160 aliquid

2120 4167 2225 4227 non
2252 4160 2397 4227 recte
2423 4162 2514 4227 aut
2554 4152 2734 4227 dicere
2755 4152 2777 4221 ,ί
2799 4165 2891 4211 aut
2913 4171 3092 4225 agere,
3132 4152 3224 4213 aut
3263 4161 3519 4227 cogitare,
3550 4152 3610 4215 ut
3634 4177 3699 4215 ex

2121 4222 2330 4299 illorum
2356 4223 2511 4299 culpa
2551 4224 2859 4299 occasiones
2885 4222 3120 4299 inveniat
3155 4222 3403 4296 docendi,
3431 4222 3696 4299 et'eXpo-

2119 4292 2275 4348 nendi
2306 4294 2538 4364 regulam
2566 4296 2794 4363 pietatis,
2825 4297 3002 4353 sciens
3030 4301 3154 4370 quia
3182 4309 3235 4356 et
3278 4292 3399 4370 ipse
3425 4316 3578 4355 error
3602 4292 3695 4356 co-

2118 4380 2234 4440 rem
2264 4380 2367 4440 non
2396 4375 2551 4420 uocet
2579 4376 2839 4440 praesente
2865 4370 3147 4440 magistro,
3181 4383 3231 4425 et
3260 4385 3448 4426 omnes
3474 4386 3578 4425 non
3606 4387 3696 4427 so-

2117 4435 2249 4512 Iuni
2275 4436 2325 4489 in
2372 4438 2615 4512 praesenti
2634 4477 2660 4512 _,_
2679 4438 2772 4492 sed
2804 4435 2977 4512 etiarn
3024 4440 3085 4512 in
3111 4440 3287 4496 futuro
3314 4442 3554 4496 doctrina
3581 4443 3697 4512 ejus

2116 4507 2359 4582 aedilicai.
2386 4512 2455 4582 ᾼι
2484 4506 2576 4561 illa
2609 4508 2756 4575 dixit,
2791 4508 2886 4563 llic
2916 4520 2970 4564 ut
2997 4511 3201 4566 sedeant
3229 4513 3282 4566 hi
3310 4513 3412 4566 duo
3438 4513 3533 4582 ﬁlii
3562 4506 3657 4567 "rei
3676 4555 3693 4578 ,

2114 4593 2244 4631 unus
2269 4577 2336 4630 ad
2361 4576 2617 4631 dexteram
2657 4589 2797 4633 tuam
2820 4623 2835 4645 ,
2864 4590 2910 4635 et
2931 4582 3064 4636 alius
3091 4583 3159 4636 ad
3183 4576 3447 4637 sinistram'
3465 4592 3604 4637 tuam
3643 4576 3695 4638 in

2113 4665 2267 4724 regno
2311 4658 2418 4702 tuo.
2447 4648 2561 4724 Non
2608 4649 2832 4712 dicimus
2855 4694 2869 4715 ,
2902 4654 3024 4724 quia
3052 4664 3197 4708 recte
3234 4655 3383 4722 petiit
3412 4670 3426 4702 τ
3455 4655 3550 4709 sed
3594 4654 3695 4709 hoc

2112 4718 2339 4774 dicimus
2363 4762 2376 4781 ,
2406 4721 2527 4787 quia
2571 4736 2676 4775 non
2720 4718 2967 4789 terrena',
3000 4724 3094 4780 sed
3134 4718 3363 4780 cmlestia
3414 4724 3537 4779 lilii»-
3582 4726 3695 4781 suis

2112 4789 2345 4865 optabat.
2374 4790 2528 4865 Tunc
2552 4791 2807 4865 Dominus
2822 4796 3157 4865 occultorum
3183 4797 3424 4865 cognitor
3446 4838 3460 4860 ,
3490 4812 3594 4849 non
3624 4798 3696 4851 ad

2112 4860 2272 4935 verba
2296 4861 2943 4935 intercedentismulieris
2967 4860 3276 4935 respondit:
3294 4866 3391 4923 sed
3418 4867 3484 4921 ad
3511 4870 3693 4922 consi-

2112 4933 2598 5006 liasuggereulium
2624 4933 2851 5006 filiorum
2884 4933 3177 5006 respondit,
3209 4938 3391 4993 dicens
3421 4956 3435 4991 :
3470 4938 3690 4993 Nescitis

2110 5003 2230 5074 quid
2259 5005 2459 5072 petatis.
2490 5003 2928 5072 Concupiscentia
2964 5003 3105 5061 enim
3137 5010 3366 5063 carnalis
3393 5024 3607 5064 omnem
3635 5012 3689 5065 in

2112 5073 2266 5147 vobis
2290 5074 2614 5147 spiritualem
2641 5075 3119 5133 considerationem
3163 5080 3408 5135 exclusit.
3443 5081 3555 5135 Non
3595 5096 3690 5133 an-

2109 5144 2263 5199 distis
2292 5143 2395 5198 me
2415 5143 2733 5199 referentem
2758 5188 2775 5213 ,
2799 5163 2917 5203 cum
2944 5150 3147 5204 venerit
3175 5150 3343 5206 Filius
3373 5151 3604 5205 hominis
3634 5152 3689 5205 in

2110 5215 2386 5287 majestate
2413 5230 2529 5282 sua,
2552 5225 2711 5287 ponet
2733 5231 2860 5272 oves
2882 5219 2947 5273 ad
2968 5219 3265 5287 dexteram,
3297 5222 3485 5277 lite-dos
3512 5231 3687 5275 autem

2108 5285 2176 5360 a_d
2205 5286 2469 5360 sinistram
2501 5303 2515 5339 :
2544 5296 2598 5340 et
2641 5286 2801 5360 dicet
2831 5289 2911 5360 eis
2938 5332 2951 5349 .
2981 5293 3068 5360 qui
3111 5293 3177 5347 ad
3220 5285 3488 5349 sinistram
3519 5302 3642 5343 sunt
3675 5310 3686 5342 :

2109 5355 2404 5429 Disceditea
2426 5371 2524 5429 me,
2542 5355 2819 5429 maledicti,
2836 5358 2889 5411 in
2910 5355 3078 5429 ignem
3089 5369 3335 5416 internum
3353 5360 3563 5429 (Matth.
3594 5361 3684 5414 25.

2107 5427 2240 5496 4i)?
2267 5426 2543 5494 Quomodo
2572 5441 2666 5497 vos
2691 5427 2849 5483 vultis
2871 5472 2887 5497 ,
2918 5426 2974 5484 ut
3003 5446 3141 5485 unus
3183 5426 3369 5485 sedeat
3393 5430 3458 5484 ad
3498 5431 3686 5484 dexte-

2108 5513 2246 5563 ram,
2265 5507 2331 5571 _et
2372 5497 2505 5551 alius
2545 5496 2609 5571 ad
2640 5496 2954 5571 sinistram?
2983 5500 3096 5571 Ego
3124 5517 3217 5555 vos
3242 5502 3421 5555 vocavi
3466 5500 3533 5554 ad
3562 5516 3685 5569 par-

2110 5577 2214 5621 tem
2242 5569 2512 5624 dcxtcram
2541 5568 2606 5622 de
2636 5569 2845 5625 sinistra
2867 5612 2881 5632 ,
2910 5581 2965 5626 et
2994 5568 3087 5624 vos
3116 5580 3291 5624 vestro
3315 5571 3538 5624 consilio
3562 5588 3683 5625 enr-

2110 5640 2222 5692 ritis
2248 5639 2312 5692 ad
2344 5639 2631 5693 sinistram.
2665 5639 2787 5695 Ideo
2822 5640 3043 5695 forsitan
3075 5649 3127 5692 et
3159 5657 3251 5708 per
3293 5640 3565 5694 mulierem
3595 5657 3682 5695 res

2112 5711 2384 5782 agebatur.
2416 5708 2559 5765 Vidit
2609 5710 2748 5766 enim
2797 5710 3033 5766 diabolus
3057 5750 3070 5776 ,
3095 5712 3219 5781 quia
3263 5724 3357 5781 per
3400 5712 3517 5768 illos
3548 5714 3689 5783 ipsos
