  <div class='ocr_page' id='page_1' title='image "/cluster/home/n/w/nwhite01/storage/ocr_20150623/56/hvd.32044048208490/717.png"; bbox 0 0 4052 6200; ppageno 0'>
   <div class='ocr_carea' id='block_1_1' title="bbox 519 339 2156 417">
    <p class='ocr_par' dir='ltr' id='par_1_1' title="bbox 519 339 2156 417">
     <span class='ocr_line' id='line_1_1' title="bbox 519 339 2156 417; baseline -0.01 0"><span class='ocrx_word' id='word_1_1' title='bbox 519 339 658 417; x_wconf 73' lang='lat' dir='ltr'><strong>sis</strong></span> <span class='ocrx_word' id='word_1_2' title='bbox 1821 345 1995 402; x_wconf 65' lang='lat' dir='ltr'><strong>opus</strong></span> <span class='ocrx_word' id='word_1_3' title='bbox 2034 345 2156 400; x_wconf 81' lang='lat' dir='ltr'><strong>utri</strong></span> 
     </span>
    </p>
   </div>
   <div class='ocr_carea' id='block_1_2' title="bbox 2266 339 3810 417">
    <p class='ocr_par' dir='ltr' id='par_1_2' title="bbox 2266 342 3810 406">
     <span class='ocr_line' id='line_1_2' title="bbox 2266 342 3810 406; baseline 0.005 -7"><span class='ocrx_word' id='word_1_4' title='bbox 2266 342 2512 400; x_wconf 68' lang='lat' dir='ltr'><strong>&quot;ECTUM</strong></span> <span class='ocrx_word' id='word_1_5' title='bbox 3721 353 3810 406; x_wconf 69' lang='grc' dir='ltr'><strong>ΒΗ</strong></span> 
     </span>
    </p>
   </div>
   <div class='ocr_carea' id='block_1_3' title="bbox 2247 457 3812 530">
    <p class='ocr_par' dir='ltr' id='par_1_3' title="bbox 2247 457 3812 530">
     <span class='ocr_line' id='line_1_3' title="bbox 2247 457 3812 530; baseline 0.004 -18"><span class='ocrx_word' id='word_1_6' title='bbox 2247 460 2396 527; x_wconf 89' lang='lat' dir='ltr'><strong>quasi</strong></span> <span class='ocrx_word' id='word_1_7' title='bbox 2429 458 2588 512; x_wconf 89' lang='lat' dir='ltr'><strong>homo</strong></span> <span class='ocrx_word' id='word_1_8' title='bbox 2615 457 2788 511; x_wconf 86' lang='lat' dir='ltr'><strong>cibum</strong></span> <span class='ocrx_word' id='word_1_9' title='bbox 2811 499 2846 530; x_wconf 14' lang='grc' dir='ltr'><strong>,Α</strong></span> <span class='ocrx_word' id='word_1_10' title='bbox 2875 458 2968 513; x_wconf 89' lang='lat' dir='ltr'><strong>sed</strong></span> <span class='ocrx_word' id='word_1_11' title='bbox 2995 459 3146 530; x_wconf 89' lang='lat' dir='ltr'><strong>quasi</strong></span> <span class='ocrx_word' id='word_1_12' title='bbox 3194 463 3333 518; x_wconf 88' lang='lat' dir='ltr'><strong>Deus</strong></span> <span class='ocrx_word' id='word_1_13' title='bbox 3378 463 3606 520; x_wconf 85' lang='lat' dir='ltr'><strong>salutem</strong></span> <span class='ocrx_word' id='word_1_14' title='bbox 3637 465 3812 519; x_wconf 84' lang='lat' dir='ltr'><strong>huma-</strong></span> 
     </span>
    </p>
   </div>
   <div class='ocr_carea' id='block_1_4' title="bbox 2248 528 3812 601">
    <p class='ocr_par' dir='ltr' id='par_1_4' title="bbox 2248 528 3812 601">
     <span class='ocr_line' id='line_1_4' title="bbox 2248 528 3812 601; baseline 0.004 -19"><span class='ocrx_word' id='word_1_15' title='bbox 2248 545 2372 601; x_wconf 93' lang='lat' dir='ltr'><strong>nam</strong></span> <span class='ocrx_word' id='word_1_16' title='bbox 2391 571 2406 592; x_wconf 92' lang='lat'><strong>,</strong></span> <span class='ocrx_word' id='word_1_17' title='bbox 2441 546 2544 601; x_wconf 87' lang='lat' dir='ltr'><strong>non</strong></span> <span class='ocrx_word' id='word_1_18' title='bbox 2572 530 2743 601; x_wconf 73' lang='lat' dir='ltr'><strong>quasi</strong></span> <span class='ocrx_word' id='word_1_19' title='bbox 2765 528 3219 601; x_wconf 40' lang='lat' dir='ltr'><strong>indigens—quarm</strong></span> <span class='ocrx_word' id='word_1_20' title='bbox 3261 543 3504 587; x_wconf 90' lang='lat' dir='ltr'><strong>nostram</strong></span> <span class='ocrx_word' id='word_1_21' title='bbox 3531 537 3812 601; x_wconf 83' lang='lat' dir='ltr'><strong>justitiam,</strong></span> 
     </span>
    </p>
   </div>
   <div class='ocr_carea' id='block_1_5' title="bbox 2246 599 3814 666">
    <p class='ocr_par' dir='ltr' id='par_1_5' title="bbox 2246 599 3814 666">
     <span class='ocr_line' id='line_1_5' title="bbox 2246 599 3814 666; baseline 0.005 -14"><span class='ocrx_word' id='word_1_22' title='bbox 2246 599 2340 653; x_wconf 91' lang='lat' dir='ltr'><strong>sed</strong></span> <span class='ocrx_word' id='word_1_23' title='bbox 2368 600 2517 666; x_wconf 81' lang='lat' dir='ltr'><strong>quasi</strong></span> <span class='ocrx_word' id='word_1_24' title='bbox 2566 599 2871 653; x_wconf 78' lang='lat' dir='ltr'><strong>misericors</strong></span> <span class='ocrx_word' id='word_1_25' title='bbox 2911 600 3182 654; x_wconf 82' lang='lat' dir='ltr'><strong>desiderat</strong></span> <span class='ocrx_word' id='word_1_26' title='bbox 3226 615 3463 657; x_wconf 86' lang='lat' dir='ltr'><strong>nostram</strong></span> <span class='ocrx_word' id='word_1_27' title='bbox 3495 599 3739 658; x_wconf 82' lang='lat' dir='ltr'><strong>salutem.</strong></span> <span class='ocrx_word' id='word_1_28' title='bbox 3767 610 3814 660; x_wconf 74' lang='lat' dir='ltr'><strong>Si</strong></span> 
     </span>
    </p>
   </div>
   <div class='ocr_carea' id='block_1_6' title="bbox 2245 669 3817 742">
    <p class='ocr_par' dir='ltr' id='par_1_6' title="bbox 2245 669 3817 742">
     <span class='ocr_line' id='line_1_6' title="bbox 2245 669 3817 742; baseline 0.006 -21"><span class='ocrx_word' id='word_1_29' title='bbox 2245 677 2422 742; x_wconf 80' lang='lat' dir='ltr'><strong>autem</strong></span> <span class='ocrx_word' id='word_1_30' title='bbox 2449 669 2596 736; x_wconf 86' lang='lat' dir='ltr'><strong>quasi</strong></span> <span class='ocrx_word' id='word_1_31' title='bbox 2626 669 2784 742; x_wconf 80' lang='lat' dir='ltr'><strong>homo</strong></span> <span class='ocrx_word' id='word_1_32' title='bbox 2813 671 3091 742; x_wconf 82' lang='lat' dir='ltr'><strong>esuriisset</strong></span> <span class='ocrx_word' id='word_1_33' title='bbox 3111 672 3288 725; x_wconf 89' lang='lat' dir='ltr'><strong>cibum</strong></span> <span class='ocrx_word' id='word_1_34' title='bbox 3310 715 3324 736; x_wconf 92' lang='lat'><strong>,</strong></span> <span class='ocrx_word' id='word_1_35' title='bbox 3352 689 3644 742; x_wconf 89' lang='lat' dir='ltr'><strong>nuutquam</strong></span> <span class='ocrx_word' id='word_1_36' title='bbox 3675 692 3817 731; x_wconf 86' lang='lat' dir='ltr'><strong>tuane</strong></span> 
     </span>
    </p>
   </div>
   <div class='ocr_carea' id='block_1_7' title="bbox 2245 738 3817 814">
    <p class='ocr_par' dir='ltr' id='par_1_7' title="bbox 2245 738 3817 814">
     <span class='ocr_line' id='line_1_7' title="bbox 2245 738 3817 814; baseline 0.004 -22"><span class='ocrx_word' id='word_1_37' title='bbox 2245 739 2562 814; x_wconf 74' lang='lat' dir='ltr'><strong>esuriisset:</strong></span> <span class='ocrx_word' id='word_1_38' title='bbox 2590 738 2843 814; x_wconf 83' lang='lat' dir='ltr'><strong>scd_id_co</strong></span> <span class='ocrx_word' id='word_1_39' title='bbox 2873 740 2946 814; x_wconf 83' lang='lat' dir='ltr'><strong>ad</strong></span> <span class='ocrx_word' id='word_1_40' title='bbox 2979 740 3261 814; x_wconf 79' lang='lat' dir='ltr'><strong>ltoemaue</strong></span> <span class='ocrx_word' id='word_1_41' title='bbox 3285 744 3476 797; x_wconf 89' lang='lat' dir='ltr'><strong>esuriit</strong></span> <span class='ocrx_word' id='word_1_42' title='bbox 3494 738 3516 805; x_wconf 67' lang='grc' dir='ltr'><em>ξ</em></span> <span class='ocrx_word' id='word_1_43' title='bbox 3534 745 3656 814; x_wconf 87' lang='lat' dir='ltr'><strong>quia</strong></span> <span class='ocrx_word' id='word_1_44' title='bbox 3684 761 3817 799; x_wconf 85' lang='lat' dir='ltr'><strong>sem-</strong></span> 
     </span>
    </p>
   </div>
   <div class='ocr_carea' id='block_1_8' title="bbox 2248 808 3816 878">
    <p class='ocr_par' dir='ltr' id='par_1_8' title="bbox 2248 808 3816 878">
     <span class='ocr_line' id='line_1_8' title="bbox 2248 808 3816 878; baseline 0.004 -14"><span class='ocrx_word' id='word_1_45' title='bbox 2248 825 2345 878; x_wconf 88' lang='lat' dir='ltr'><strong>per</strong></span> <span class='ocrx_word' id='word_1_46' title='bbox 2373 810 2560 861; x_wconf 86' lang='lat' dir='ltr'><strong>esuriit</strong></span> <span class='ocrx_word' id='word_1_47' title='bbox 2580 849 2593 869; x_wconf 92' lang='lat'><strong>,</strong></span> <span class='ocrx_word' id='word_1_48' title='bbox 2622 809 2709 877; x_wconf 86' lang='lat' dir='ltr'><strong>qui</strong></span> <span class='ocrx_word' id='word_1_49' title='bbox 2755 808 3014 877; x_wconf 70' lang='lat' dir='ltr'><strong>justitiam</strong></span> <span class='ocrx_word' id='word_1_50' title='bbox 3059 812 3270 864; x_wconf 88' lang='lat' dir='ltr'><strong>illorum</strong></span> <span class='ocrx_word' id='word_1_51' title='bbox 3301 815 3496 866; x_wconf 65' lang='lat' dir='ltr'><strong>esuriit</strong></span> <span class='ocrx_word' id='word_1_52' title='bbox 3515 856 3529 874; x_wconf 91' lang='lat'><strong>,</strong></span> <span class='ocrx_word' id='word_1_53' title='bbox 3553 808 3666 867; x_wconf 60' lang='lat' dir='ltr'><strong>&#39;aut</strong></span> <span class='ocrx_word' id='word_1_54' title='bbox 3693 818 3816 870; x_wconf 81' lang='lat' dir='ltr'><strong>alio-</strong></span> 
     </span>
    </p>
   </div>
   <div class='ocr_carea' id='block_1_9' title="bbox 557 461 2130 540">
    <p class='ocr_par' dir='ltr' id='par_1_9' title="bbox 557 461 2130 540">
     <span class='ocr_line' id='line_1_9' title="bbox 557 461 2130 540; baseline -0.011 -10"><span class='ocrx_word' id='word_1_55' title='bbox 557 477 666 530; x_wconf 80' lang='lat' dir='ltr'><strong>tis?</strong></span> <span class='ocrx_word' id='word_1_56' title='bbox 703 471 838 540; x_wconf 82' lang='lat' dir='ltr'><strong>Quid</strong></span> <span class='ocrx_word' id='word_1_57' title='bbox 867 470 1008 540; x_wconf 83' lang='lat' dir='ltr'><strong>enim</strong></span> <span class='ocrx_word' id='word_1_58' title='bbox 1039 468 1256 537; x_wconf 93' lang='lat' dir='ltr'><strong>culpant</strong></span> <span class='ocrx_word' id='word_1_59' title='bbox 1284 465 1573 540; x_wconf 74' lang='lat' dir='ltr'><strong>Clit-istum,</strong></span> <span class='ocrx_word' id='word_1_60' title='bbox 1604 465 1660 540; x_wconf 89' lang='lat' dir='ltr'><strong>si_</strong></span> <span class='ocrx_word' id='word_1_61' title='bbox 1674 463 1980 540; x_wconf 79' lang='lat' dir='ltr'><strong>intelligunt</strong></span> <span class='ocrx_word' id='word_1_62' title='bbox 2003 463 2017 491; x_wconf 88' lang='grc'>¹</span> <span class='ocrx_word' id='word_1_63' title='bbox 2057 461 2130 514; x_wconf 89' lang='lat' dir='ltr'><strong>illi</strong></span> 
     </span>
    </p>
   </div>
   <div class='ocr_carea' id='block_1_10' title="bbox 556 533 2133 614">
    <p class='ocr_par' dir='ltr' id='par_1_10' title="bbox 556 533 2133 614">
     <span class='ocr_line' id='line_1_10' title="bbox 556 533 2133 614; baseline -0.01 -15"><span class='ocrx_word' id='word_1_64' title='bbox 556 545 680 614; x_wconf 91' lang='lat' dir='ltr'><strong>qttid</strong></span> <span class='ocrx_word' id='word_1_65' title='bbox 713 533 926 614; x_wconf 76' lang='lat' dir='ltr'><strong>dietmt?</strong></span> <span class='ocrx_word' id='word_1_66' title='bbox 953 533 1295 614; x_wconf 69' lang='lat' dir='ltr'><strong>Jesas_atttetit</strong></span> <span class='ocrx_word' id='word_1_67' title='bbox 1319 537 1444 614; x_wconf 76' lang='lat' dir='ltr'><strong>dixit</strong></span> <span class='ocrx_word' id='word_1_68' title='bbox 1471 535 1541 588; x_wconf 85' lang='lat' dir='ltr'><strong>eis</strong></span> <span class='ocrx_word' id='word_1_69' title='bbox 1586 550 1613 614; x_wconf 73' lang='grc' dir='ltr'><strong>ε⁵</strong></span> <span class='ocrx_word' id='word_1_70' title='bbox 1642 533 1845 614; x_wconf 44' lang='lat' dir='ltr'><strong>Utique.</strong></span> <span class='ocrx_word' id='word_1_71' title='bbox 1864 547 2133 614; x_wconf 56' lang='lat' dir='ltr'><strong>numqumn</strong></span> 
     </span>
    </p>
   </div>
   <div class='ocr_carea' id='block_1_11' title="bbox 559 603 2138 684">
    <p class='ocr_par' dir='ltr' id='par_1_11' title="bbox 559 603 2138 684">
     <span class='ocr_line' id='line_1_11' title="bbox 559 603 2138 684; baseline -0.01 -17"><span class='ocrx_word' id='word_1_72' title='bbox 559 603 768 684; x_wconf 62' lang='lat' dir='ltr'><strong>legistis,</strong></span> <span class='ocrx_word' id='word_1_73' title='bbox 812 609 896 684; x_wconf 81' lang='lat' dir='ltr'><em>Ex</em></span> <span class='ocrx_word' id='word_1_74' title='bbox 922 609 1303 684; x_wconf 72' lang='lat' dir='ltr'><strong>ore_in[ai_ttium</strong></span> <span class='ocrx_word' id='word_1_75' title='bbox 1340 617 1384 658; x_wconf 82' lang='lat' dir='ltr'><strong>et</strong></span> <span class='ocrx_word' id='word_1_76' title='bbox 1413 606 1700 684; x_wconf 69' lang='lat' dir='ltr'><strong>lactentituu</strong></span> <span class='ocrx_word' id='word_1_77' title='bbox 1727 603 1976 684; x_wconf 63' lang='lat' dir='ltr'><strong>perfecisti</strong></span> <span class='ocrx_word' id='word_1_78' title='bbox 1999 603 2138 684; x_wconf 47' lang='grc' dir='ltr'><strong>μιμεῖ</strong></span> 
     </span>
    </p>
   </div>
   <div class='ocr_carea' id='block_1_12' title="bbox 557 671 2135 750">
    <p class='ocr_par' dir='ltr' id='par_1_12' title="bbox 557 671 2135 750">
     <span class='ocr_line' id='line_1_12' title="bbox 557 671 2135 750; baseline -0.007 -15"><span class='ocrx_word' id='word_1_79' title='bbox 557 671 672 736; x_wconf 75' lang='grc' dir='ltr'><strong>άέηι</strong></span> <span class='ocrx_word' id='word_1_80' title='bbox 713 671 885 750; x_wconf 81' lang='lat' dir='ltr'><strong>(l’sal.</strong></span> <span class='ocrx_word' id='word_1_81' title='bbox 918 680 971 733; x_wconf 91' lang='lat'><strong>8.</strong></span> <span class='ocrx_word' id='word_1_82' title='bbox 1005 671 1100 750; x_wconf 65' lang='grc' dir='ltr'><strong>2³5)ξὶ</strong></span> <span class='ocrx_word' id='word_1_83' title='bbox 1143 677 1434 750; x_wconf 75' lang='lat' dir='ltr'><strong>&#39;l&#39;:tniqtt:ittt</strong></span> <span class='ocrx_word' id='word_1_84' title='bbox 1477 675 1519 727; x_wconf 83' lang='lat' dir='ltr'><strong>si</strong></span> <span class='ocrx_word' id='word_1_85' title='bbox 1568 671 1733 734; x_wconf 75' lang='lat' dir='ltr'><strong>dicat,</strong></span> <span class='ocrx_word' id='word_1_86' title='bbox 1761 671 1894 750; x_wconf 59' lang='lat' dir='ltr'><strong>Esto</strong></span> <span class='ocrx_word' id='word_1_87' title='bbox 1937 689 1950 724; x_wconf 91' lang='lat'><strong>:</strong></span> <span class='ocrx_word' id='word_1_88' title='bbox 1997 671 2135 750; x_wconf 74' lang='lat' dir='ltr'><strong>istud</strong></span> 
     </span>
    </p>
   </div>
   <div class='ocr_carea' id='block_1_13' title="bbox 560 741 2134 818">
    <p class='ocr_par' dir='ltr' id='par_1_13' title="bbox 560 741 2134 818">
     <span class='ocr_line' id='line_1_13' title="bbox 560 741 2134 818; baseline -0.008 -12"><span class='ocrx_word' id='word_1_89' title='bbox 560 768 678 807; x_wconf 84' lang='lat' dir='ltr'><strong>mea</strong></span> <span class='ocrx_word' id='word_1_90' title='bbox 701 741 851 818; x_wconf 70' lang='lat' dir='ltr'><strong>culpa</strong></span> <span class='ocrx_word' id='word_1_91' title='bbox 876 758 978 812; x_wconf 85' lang='lat' dir='ltr'><strong>est,</strong></span> <span class='ocrx_word' id='word_1_92' title='bbox 1003 741 1122 816; x_wconf 84' lang='lat' dir='ltr'><strong>quia</strong></span> <span class='ocrx_word' id='word_1_93' title='bbox 1150 748 1233 818; x_wconf 64' lang='lat' dir='ltr'><strong>isti</strong></span> <span class='ocrx_word' id='word_1_94' title='bbox 1260 741 1490 800; x_wconf 81' lang='lat' dir='ltr'><strong>clamant</strong></span> <span class='ocrx_word' id='word_1_95' title='bbox 1518 762 1531 797; x_wconf 91' lang='lat'>:</span> <span class='ocrx_word' id='word_1_96' title='bbox 1560 743 1810 818; x_wconf 74' lang='lat' dir='ltr'><strong>numquid</strong></span> <span class='ocrx_word' id='word_1_97' title='bbox 1841 758 1956 795; x_wconf 89' lang='lat' dir='ltr'><strong>mea</strong></span> <span class='ocrx_word' id='word_1_98' title='bbox 1983 741 2134 808; x_wconf 89' lang='lat' dir='ltr'><strong>culpa</strong></span> 
     </span>
    </p>
   </div>
   <div class='ocr_carea' id='block_1_14' title="bbox 561 813 2140 891">
    <p class='ocr_par' dir='ltr' id='par_1_14' title="bbox 561 813 2140 891">
     <span class='ocr_line' id='line_1_14' title="bbox 561 813 2140 891; baseline -0.007 -15"><span class='ocrx_word' id='word_1_99' title='bbox 561 834 666 884; x_wconf 83' lang='lat' dir='ltr'><strong>est,</strong></span> <span class='ocrx_word' id='word_1_100' title='bbox 709 813 832 891; x_wconf 80' lang='lat' dir='ltr'><strong>quia</strong></span> <span class='ocrx_word' id='word_1_101' title='bbox 876 830 997 891; x_wconf 83' lang='lat' dir='ltr'><strong>ante</strong></span> <span class='ocrx_word' id='word_1_102' title='bbox 1026 813 1291 891; x_wconf 21' lang='lat' dir='ltr'><strong>tot‘millia</strong></span> <span class='ocrx_word' id='word_1_103' title='bbox 1336 831 1599 891; x_wconf 81' lang='lat' dir='ltr'><strong>annorum</strong></span> <span class='ocrx_word' id='word_1_104' title='bbox 1627 815 1728 866; x_wconf 83' lang='lat' dir='ltr'><strong>hoc</strong></span> <span class='ocrx_word' id='word_1_105' title='bbox 1757 813 1985 891; x_wconf 65' lang='lat' dir='ltr'><strong>futurum</strong></span> <span class='ocrx_word' id='word_1_106' title='bbox 2017 827 2140 891; x_wconf 77' lang='lat' dir='ltr'><strong>pro-</strong></span> 
     </span>
    </p>
   </div>
   <div class='ocr_carea' id='block_1_15' title="bbox 563 881 2138 962">
    <p class='ocr_par' dir='ltr' id='par_1_15' title="bbox 563 881 2138 962">
     <span class='ocr_line' id='line_1_15' title="bbox 563 881 2138 962; baseline -0.005 -18"><span class='ocrx_word' id='word_1_107' title='bbox 563 881 743 962; x_wconf 44' lang='lat' dir='ltr'><strong>pheta.</strong></span> <span class='ocrx_word' id='word_1_108' title='bbox 771 888 1048 962; x_wconf 55' lang='lat' dir='ltr'><strong>i-ra‘dtsit?</strong></span> <span class='ocrx_word' id='word_1_109' title='bbox 1092 887 1145 940; x_wconf 86' lang='lat' dir='ltr'><strong>Si</strong></span> <span class='ocrx_word' id='word_1_110' title='bbox 1191 886 1542 962; x_wconf 77' lang='lat' dir='ltr'><strong>recordamur</strong></span> <span class='ocrx_word' id='word_1_111' title='bbox 1579 881 1852 962; x_wconf 83' lang='lat' dir='ltr'><strong>quomodo</strong></span> <span class='ocrx_word' id='word_1_112' title='bbox 1893 882 2138 948; x_wconf 73' lang='lat' dir='ltr'><strong>superius</strong></span> 
     </span>
    </p>
   </div>
   <div class='ocr_carea' id='block_1_16' title="bbox 563 955 2140 1026">
    <p class='ocr_par' dir='ltr' id='par_1_16' title="bbox 563 955 2140 1026">
     <span class='ocr_line' id='line_1_16' title="bbox 563 955 2140 1026; baseline -0.008 -9"><span class='ocrx_word' id='word_1_113' title='bbox 563 955 715 1020; x_wconf 75' lang='lat' dir='ltr'><strong>dixit.</strong></span> <span class='ocrx_word' id='word_1_114' title='bbox 768 960 932 1013; x_wconf 83' lang='lat' dir='ltr'><strong>Turba</strong></span> <span class='ocrx_word' id='word_1_115' title='bbox 979 968 1144 1010; x_wconf 81' lang='lat' dir='ltr'><strong>autent</strong></span> <span class='ocrx_word' id='word_1_116' title='bbox 1189 972 1301 1026; x_wconf 73' lang='lat' dir='ltr'><strong>qua:</strong></span> <span class='ocrx_word' id='word_1_117' title='bbox 1349 955 1674 1026; x_wconf 74' lang='lat' dir='ltr'><strong>pra‘cedebat,</strong></span> <span class='ocrx_word' id='word_1_118' title='bbox 1713 961 1923 1026; x_wconf 75' lang='lat' dir='ltr'><strong>_et_qua:</strong></span> <span class='ocrx_word' id='word_1_119' title='bbox 1965 965 2140 1026; x_wconf 66' lang='lat' dir='ltr'><strong>seque-</strong></span> 
     </span>
    </p>
   </div>
   <div class='ocr_carea' id='block_1_17' title="bbox 568 1020 2143 1094">
    <p class='ocr_par' dir='ltr' id='par_1_17' title="bbox 568 1020 2143 1094">
     <span class='ocr_line' id='line_1_17' title="bbox 568 1020 2143 1094; baseline -0.008 -8"><span class='ocrx_word' id='word_1_120' title='bbox 568 1035 733 1093; x_wconf 87' lang='lat' dir='ltr'><strong>batur,</strong></span> <span class='ocrx_word' id='word_1_121' title='bbox 787 1031 1036 1083; x_wconf 85' lang='lat' dir='ltr'><strong>ctmnabat</strong></span> <span class='ocrx_word' id='word_1_122' title='bbox 1085 1043 1102 1080; x_wconf 93' lang='lat'><strong><em>:</em></strong></span> <span class='ocrx_word' id='word_1_123' title='bbox 1147 1020 1498 1094; x_wconf 72' lang='lat' dir='ltr'><strong>intelligimus</strong></span> <span class='ocrx_word' id='word_1_124' title='bbox 1537 1024 1658 1092; x_wconf 85' lang='lat' dir='ltr'><strong>quia</strong></span> <span class='ocrx_word' id='word_1_125' title='bbox 1712 1020 2143 1094; x_wconf 75' lang='lat' dir='ltr'><strong>infantes_dice-</strong></span> 
     </span>
    </p>
   </div>
   <div class='ocr_carea' id='block_1_18' title="bbox 567 1088 2133 1165">
    <p class='ocr_par' dir='ltr' id='par_1_18' title="bbox 567 1088 2133 1165">
     <span class='ocr_line' id='line_1_18' title="bbox 567 1088 2133 1165; baseline -0.008 -9"><span class='ocrx_word' id='word_1_126' title='bbox 567 1088 782 1165; x_wconf 81' lang='lat' dir='ltr'><strong>bantur,</strong></span> <span class='ocrx_word' id='word_1_127' title='bbox 833 1115 935 1152; x_wconf 82' lang='lat' dir='ltr'><strong>lttm</strong></span> <span class='ocrx_word' id='word_1_128' title='bbox 983 1108 1166 1159; x_wconf 82' lang='lat' dir='ltr'><strong>a-tate,</strong></span> <span class='ocrx_word' id='word_1_129' title='bbox 1214 1088 1917 1165; x_wconf 55' lang='lat' dir='ltr'><strong>sed&#39;siniplicitatecoidis.</strong></span> <span class='ocrx_word' id='word_1_130' title='bbox 1965 1088 2133 1165; x_wconf 69' lang='lat' dir='ltr'><strong>lnl‘au-</strong></span> 
     </span>
    </p>
   </div>
   <div class='ocr_carea' id='block_1_19' title="bbox 567 1160 2140 1240">
    <p class='ocr_par' dir='ltr' id='par_1_19' title="bbox 567 1160 2140 1240">
     <span class='ocr_line' id='line_1_19' title="bbox 567 1160 2140 1240; baseline -0.009 -14"><span class='ocrx_word' id='word_1_131' title='bbox 567 1183 649 1226; x_wconf 86' lang='lat' dir='ltr'><strong>tes</strong></span> <span class='ocrx_word' id='word_1_132' title='bbox 675 1160 848 1224; x_wconf 81' lang='lat' dir='ltr'><strong>autem</strong></span> <span class='ocrx_word' id='word_1_133' title='bbox 879 1171 1132 1240; x_wconf 78' lang='lat' dir='ltr'><strong>lactentes</strong></span> <span class='ocrx_word' id='word_1_134' title='bbox 1153 1209 1166 1230; x_wconf 92' lang='lat'><strong>,</strong></span> <span class='ocrx_word' id='word_1_135' title='bbox 1191 1181 1290 1220; x_wconf 91' lang='lat' dir='ltr'><strong>nec</strong></span> <span class='ocrx_word' id='word_1_136' title='bbox 1321 1160 1614 1240; x_wconf 77' lang='lat' dir='ltr'><strong>intelligere</strong></span> <span class='ocrx_word' id='word_1_137' title='bbox 1637 1160 1834 1240; x_wconf 83' lang='lat' dir='ltr'><strong>aliquid</strong></span> <span class='ocrx_word' id='word_1_138' title='bbox 1856 1201 1870 1224; x_wconf 88' lang='lat'><strong>,</strong></span> <span class='ocrx_word' id='word_1_139' title='bbox 1904 1176 2001 1213; x_wconf 91' lang='lat' dir='ltr'><strong>nec</strong></span> <span class='ocrx_word' id='word_1_140' title='bbox 2031 1161 2140 1240; x_wconf 74' lang='lat' dir='ltr'><strong>lau-</strong></span> 
     </span>
    </p>
   </div>
   <div class='ocr_carea' id='block_1_20' title="bbox 565 1232 2140 1310">
    <p class='ocr_par' dir='ltr' id='par_1_20' title="bbox 565 1232 2140 1310">
     <span class='ocr_line' id='line_1_20' title="bbox 565 1232 2140 1310; baseline -0.009 -14"><span class='ocrx_word' id='word_1_141' title='bbox 565 1243 694 1296; x_wconf 89' lang='lat' dir='ltr'><strong>dare</strong></span> <span class='ocrx_word' id='word_1_142' title='bbox 720 1248 957 1310; x_wconf 68' lang='lat' dir='ltr'><strong>possunt.</strong></span> <span class='ocrx_word' id='word_1_143' title='bbox 993 1238 1268 1310; x_wconf 81' lang='lat' dir='ltr'><strong>Laetentes</strong></span> <span class='ocrx_word' id='word_1_144' title='bbox 1305 1245 1478 1310; x_wconf 79' lang='lat' dir='ltr'><strong>autem</strong></span> <span class='ocrx_word' id='word_1_145' title='bbox 1505 1232 1828 1310; x_wconf 70' lang='lat' dir='ltr'><strong>dicebautur</strong></span> <span class='ocrx_word' id='word_1_146' title='bbox 1849 1271 1865 1295; x_wconf 95' lang='lat'><strong>,</strong></span> <span class='ocrx_word' id='word_1_147' title='bbox 1891 1232 2140 1310; x_wconf 87' lang='lat' dir='ltr'><strong>quoniam</strong></span> 
     </span>
    </p>
   </div>
   <div class='ocr_carea' id='block_1_21' title="bbox 567 1303 2140 1382">
    <p class='ocr_par' dir='ltr' id='par_1_21' title="bbox 567 1303 2140 1382">
     <span class='ocr_line' id='line_1_21' title="bbox 567 1303 2140 1382; baseline -0.007 -17"><span class='ocrx_word' id='word_1_148' title='bbox 567 1303 1180 1382; x_wconf 49' lang='lat' dir='ltr'><strong>quasi&#39;lactissuavitate</strong></span> <span class='ocrx_word' id='word_1_149' title='bbox 1199 1347 1212 1368; x_wconf 87' lang='lat'><strong>,</strong></span> <span class='ocrx_word' id='word_1_150' title='bbox 1239 1306 1308 1358; x_wconf 89' lang='lat' dir='ltr'><strong>ita</strong></span> <span class='ocrx_word' id='word_1_151' title='bbox 1324 1304 1646 1382; x_wconf 76' lang='lat' dir='ltr'><strong>mirabiliqu</strong></span> <span class='ocrx_word' id='word_1_152' title='bbox 1675 1303 2024 1382; x_wconf 65' lang='lat' dir='ltr'><strong>delectatione</strong></span> <span class='ocrx_word' id='word_1_153' title='bbox 2044 1316 2140 1382; x_wconf 45' lang='lat' dir='ltr'><strong>ex.-</strong></span> 
     </span>
    </p>
   </div>
   <div class='ocr_carea' id='block_1_22' title="bbox 567 1370 2146 1442">
    <p class='ocr_par' dir='ltr' id='par_1_22' title="bbox 567 1370 2146 1442">
     <span class='ocr_line' id='line_1_22' title="bbox 567 1370 2146 1442; baseline -0.009 -6"><span class='ocrx_word' id='word_1_154' title='bbox 567 1370 710 1436; x_wconf 67' lang='lat' dir='ltr'><strong>éitati</strong></span> <span class='ocrx_word' id='word_1_155' title='bbox 733 1378 1048 1439; x_wconf 80' lang='lat' dir='ltr'><strong>clamabant,</strong></span> <span class='ocrx_word' id='word_1_156' title='bbox 1069 1378 1202 1428; x_wconf 89' lang='lat' dir='ltr'><strong>sicut</strong></span> <span class='ocrx_word' id='word_1_157' title='bbox 1237 1375 1488 1442; x_wconf 89' lang='lat' dir='ltr'><strong>scriptum</strong></span> <span class='ocrx_word' id='word_1_158' title='bbox 1526 1382 1643 1425; x_wconf 88' lang='lat' dir='ltr'><strong>est:</strong></span> <span class='ocrx_word' id='word_1_159' title='bbox 1669 1372 1755 1424; x_wconf 84' lang='lat' dir='ltr'><strong>Sic</strong></span> <span class='ocrx_word' id='word_1_160' title='bbox 1781 1370 2146 1442; x_wconf 82' lang='lat' dir='ltr'><strong>exaltavi_ani_—</strong></span> 
     </span>
    </p>
   </div>
   <div class='ocr_carea' id='block_1_23' title="bbox 570 1438 2141 1512">
    <p class='ocr_par' dir='ltr' id='par_1_23' title="bbox 570 1438 2141 1512">
     <span class='ocr_line' id='line_1_23' title="bbox 570 1438 2141 1512; baseline -0.008 -9"><span class='ocrx_word' id='word_1_161' title='bbox 570 1469 704 1504; x_wconf 82' lang='lat' dir='ltr'><strong>mam</strong></span> <span class='ocrx_word' id='word_1_162' title='bbox 732 1465 892 1502; x_wconf 80' lang='lat' dir='ltr'><strong>meum</strong></span> <span class='ocrx_word' id='word_1_163' title='bbox 911 1489 926 1512; x_wconf 84' lang='lat'><strong>,</strong></span> <span class='ocrx_word' id='word_1_164' title='bbox 954 1438 1079 1499; x_wconf 83' lang='lat' dir='ltr'><strong>sicut</strong></span> <span class='ocrx_word' id='word_1_165' title='bbox 1101 1438 1373 1497; x_wconf 74' lang='lat' dir='ltr'><strong>obluctatus</strong></span> <span class='ocrx_word' id='word_1_166' title='bbox 1398 1459 1546 1510; x_wconf 84' lang='lat' dir='ltr'><strong>super</strong></span> <span class='ocrx_word' id='word_1_167' title='bbox 1565 1452 1771 1512; x_wconf 80' lang='lat' dir='ltr'><strong>matrem</strong></span> <span class='ocrx_word' id='word_1_168' title='bbox 1797 1457 1940 1492; x_wconf 87' lang='lat' dir='ltr'><strong>suam</strong></span> <span class='ocrx_word' id='word_1_169' title='bbox 1969 1438 2141 1512; x_wconf 85' lang='lat' dir='ltr'><strong>(Psal.</strong></span> 
     </span>
    </p>
   </div>
   <div class='ocr_carea' id='block_1_24' title="bbox 573 1511 2146 1587">
    <p class='ocr_par' dir='ltr' id='par_1_24' title="bbox 573 1511 2146 1587">
     <span class='ocr_line' id='line_1_24' title="bbox 573 1511 2146 1587; baseline -0.007 -12"><span class='ocrx_word' id='word_1_170' title='bbox 573 1523 694 1575; x_wconf 83' lang='grc'><strong>150.</strong></span> <span class='ocrx_word' id='word_1_171' title='bbox 726 1521 806 1587; x_wconf 72' lang='lat'><strong>2).</strong></span> <span class='ocrx_word' id='word_1_172' title='bbox 839 1519 940 1587; x_wconf 84' lang='lat' dir='ltr'><strong>Lac</strong></span> <span class='ocrx_word' id='word_1_173' title='bbox 971 1516 1110 1568; x_wconf 88' lang='lat' dir='ltr'><strong>enim</strong></span> <span class='ocrx_word' id='word_1_174' title='bbox 1149 1515 1342 1587; x_wconf 81' lang='lat' dir='ltr'><strong>dicitur</strong></span> <span class='ocrx_word' id='word_1_175' title='bbox 1379 1526 1510 1587; x_wconf 84' lang='lat' dir='ltr'><strong>opus</strong></span> <span class='ocrx_word' id='word_1_176' title='bbox 1555 1511 1928 1587; x_wconf 75' lang='lat' dir='ltr'><strong>miraculorum</strong></span> <span class='ocrx_word' id='word_1_177' title='bbox 1951 1511 2146 1587; x_wconf 75' lang='lat' dir='ltr'><strong>,panis</strong></span> 
     </span>
    </p>
   </div>
   <div class='ocr_carea' id='block_1_25' title="bbox 571 1581 2143 1653">
    <p class='ocr_par' dir='ltr' id='par_1_25' title="bbox 571 1581 2143 1653">
     <span class='ocr_line' id='line_1_25' title="bbox 571 1581 2143 1653; baseline -0.006 -11"><span class='ocrx_word' id='word_1_178' title='bbox 571 1603 746 1645; x_wconf 88' lang='lat' dir='ltr'><strong>autem</strong></span> <span class='ocrx_word' id='word_1_179' title='bbox 767 1581 1010 1640; x_wconf 82' lang='lat' dir='ltr'><strong>doctrina</strong></span> <span class='ocrx_word' id='word_1_180' title='bbox 1044 1583 1289 1653; x_wconf 69' lang='lat' dir='ltr'><strong>perlecta:</strong></span> <span class='ocrx_word' id='word_1_181' title='bbox 1314 1582 1550 1648; x_wconf 66' lang='lat' dir='ltr'><strong>jllSlllltE,</strong></span> <span class='ocrx_word' id='word_1_182' title='bbox 1579 1583 1713 1634; x_wconf 79' lang='lat' dir='ltr'><strong>sicut</strong></span> <span class='ocrx_word' id='word_1_183' title='bbox 1735 1581 2143 1653; x_wconf 83' lang='lat' dir='ltr'><strong>aitApostolus:</strong></span> 
     </span>
    </p>
   </div>
   <div class='ocr_carea' id='block_1_26' title="bbox 577 1649 2148 1726">
    <p class='ocr_par' dir='ltr' id='par_1_26' title="bbox 577 1649 2148 1726">
     <span class='ocr_line' id='line_1_26' title="bbox 577 1649 2148 1726; baseline -0.008 -12"><span class='ocrx_word' id='word_1_184' title='bbox 577 1662 640 1714; x_wconf 76' lang='lat' dir='ltr'><strong>Et</strong></span> <span class='ocrx_word' id='word_1_185' title='bbox 666 1664 862 1712; x_wconf 77' lang='lat' dir='ltr'><strong>verbum</strong></span> <span class='ocrx_word' id='word_1_186' title='bbox 884 1649 1064 1719; x_wconf 59' lang='lat' dir='ltr'><strong>meum;</strong></span> <span class='ocrx_word' id='word_1_187' title='bbox 1091 1663 1143 1726; x_wconf 76' lang='lat' dir='ltr'><strong>et</strong></span> <span class='ocrx_word' id='word_1_188' title='bbox 1153 1652 1443 1726; x_wconf 69' lang='lat' dir='ltr'><strong>praedicatio</strong></span> <span class='ocrx_word' id='word_1_189' title='bbox 1468 1668 1573 1703; x_wconf 90' lang='lat' dir='ltr'><strong>mea</strong></span> <span class='ocrx_word' id='word_1_190' title='bbox 1590 1691 1617 1726; x_wconf 82' lang='lat'><strong>,_</strong></span> <span class='ocrx_word' id='word_1_191' title='bbox 1632 1666 1728 1726; x_wconf 74' lang='lat' dir='ltr'><strong>non</strong></span> <span class='ocrx_word' id='word_1_192' title='bbox 1751 1649 1803 1700; x_wconf 90' lang='lat' dir='ltr'><strong>in</strong></span> <span class='ocrx_word' id='word_1_193' title='bbox 1826 1651 2148 1726; x_wconf 73' lang='lat' dir='ltr'><strong>persuasione</strong></span> 
     </span>
    </p>
   </div>
   <div class='ocr_carea' id='block_1_27' title="bbox 573 1719 2142 1797">
    <p class='ocr_par' dir='ltr' id='par_1_27' title="bbox 573 1719 2142 1797">
     <span class='ocr_line' id='line_1_27' title="bbox 573 1719 2142 1797; baseline -0.006 -15"><span class='ocrx_word' id='word_1_194' title='bbox 573 1732 832 1797; x_wconf 77' lang='lat' dir='ltr'><strong>sapientior:</strong></span> <span class='ocrx_word' id='word_1_195' title='bbox 857 1726 1020 1797; x_wconf 77' lang='lat' dir='ltr'><strong>verbi,</strong></span> <span class='ocrx_word' id='word_1_196' title='bbox 1054 1723 1143 1775; x_wconf 84' lang='lat' dir='ltr'><strong>sed</strong></span> <span class='ocrx_word' id='word_1_197' title='bbox 1154 1719 1218 1774; x_wconf 41' lang='lat' dir='ltr'><strong>&#39;in</strong></span> <span class='ocrx_word' id='word_1_198' title='bbox 1234 1721 1516 1797; x_wconf 79' lang='lat' dir='ltr'><strong>ostensione</strong></span> <span class='ocrx_word' id='word_1_199' title='bbox 1540 1721 1744 1797; x_wconf 74' lang='lat' dir='ltr'><strong>spiritus</strong></span> <span class='ocrx_word' id='word_1_200' title='bbox 1772 1729 1818 1771; x_wconf 88' lang='lat' dir='ltr'><strong>et</strong></span> <span class='ocrx_word' id='word_1_201' title='bbox 1847 1719 2047 1797; x_wconf 59' lang='lat' dir='ltr'><strong>virtutis</strong></span> <span class='ocrx_word' id='word_1_202' title='bbox 2065 1719 2142 1788; x_wconf 92' lang='grc'><strong>(1.</strong></span> 
     </span>
    </p>
   </div>
   <div class='ocr_carea' id='block_1_28' title="bbox 575 1787 2147 1860">
    <p class='ocr_par' dir='ltr' id='par_1_28' title="bbox 575 1787 2147 1860">
     <span class='ocr_line' id='line_1_28' title="bbox 575 1787 2147 1860; baseline -0.006 -8"><span class='ocrx_word' id='word_1_203' title='bbox 575 1787 691 1852; x_wconf 75' lang='lat' dir='ltr'><strong>Cor.</strong></span> <span class='ocrx_word' id='word_1_204' title='bbox 725 1799 780 1852; x_wconf 68' lang='grc'><strong>2.</strong></span> <span class='ocrx_word' id='word_1_205' title='bbox 814 1798 892 1852; x_wconf 68' lang='grc'><strong>4).</strong></span> <span class='ocrx_word' id='word_1_206' title='bbox 923 1796 1048 1847; x_wconf 89' lang='lat' dir='ltr'><strong>lletu</strong></span> <span class='ocrx_word' id='word_1_207' title='bbox 1079 1802 1196 1860; x_wconf 86' lang='lat' dir='ltr'><strong>post</strong></span> <span class='ocrx_word' id='word_1_208' title='bbox 1222 1791 1487 1846; x_wconf 90' lang='lat' dir='ltr'><strong>modicum</strong></span> <span class='ocrx_word' id='word_1_209' title='bbox 1532 1787 1610 1844; x_wconf 86' lang='lat' dir='ltr'><strong>sic</strong></span> <span class='ocrx_word' id='word_1_210' title='bbox 1637 1789 1766 1860; x_wconf 85' lang='lat' dir='ltr'><strong>dicit</strong></span> <span class='ocrx_word' id='word_1_211' title='bbox 1794 1807 1806 1841; x_wconf 87' lang='lat'>:</span> <span class='ocrx_word' id='word_1_212' title='bbox 1835 1787 1902 1860; x_wconf 72' lang='lat' dir='ltr'><strong>Et</strong></span> <span class='ocrx_word' id='word_1_213' title='bbox 1932 1804 2021 1858; x_wconf 84' lang='lat' dir='ltr'><strong>ego</strong></span> <span class='ocrx_word' id='word_1_214' title='bbox 2047 1787 2147 1860; x_wconf 79' lang='lat' dir='ltr'><strong>non</strong></span> 
     </span>
    </p>
   </div>
   <div class='ocr_carea' id='block_1_29' title="bbox 577 1859 2148 1937">
    <p class='ocr_par' dir='ltr' id='par_1_29' title="bbox 577 1859 2148 1937">
     <span class='ocr_line' id='line_1_29' title="bbox 577 1859 2148 1937; baseline -0.008 -17"><span class='ocrx_word' id='word_1_215' title='bbox 577 1870 713 1937; x_wconf 84' lang='lat' dir='ltr'><strong>potui</strong></span> <span class='ocrx_word' id='word_1_216' title='bbox 741 1868 872 1934; x_wconf 82' lang='lat' dir='ltr'><strong>loqui</strong></span> <span class='ocrx_word' id='word_1_217' title='bbox 902 1865 1034 1917; x_wconf 81' lang='lat' dir='ltr'><strong>vobis</strong></span> <span class='ocrx_word' id='word_1_218' title='bbox 1059 1859 1202 1937; x_wconf 74' lang='lat' dir='ltr'><strong>quasi</strong></span> <span class='ocrx_word' id='word_1_219' title='bbox 1232 1861 1604 1937; x_wconf 72' lang='lat' dir='ltr'><strong>spiritualibus,</strong></span> <span class='ocrx_word' id='word_1_220' title='bbox 1633 1859 1719 1937; x_wconf 69' lang='lat' dir='ltr'><strong>sed</strong></span> <span class='ocrx_word' id='word_1_221' title='bbox 1745 1859 1886 1925; x_wconf 87' lang='lat' dir='ltr'><strong>quasi</strong></span> <span class='ocrx_word' id='word_1_222' title='bbox 1923 1859 2148 1937; x_wconf 74' lang='lat' dir='ltr'><strong>carnali-</strong></span> 
     </span>
    </p>
   </div>
   <div class='ocr_carea' id='block_1_30' title="bbox 573 1927 2142 2007">
    <p class='ocr_par' dir='ltr' id='par_1_30' title="bbox 573 1927 2142 2007">
     <span class='ocr_line' id='line_1_30' title="bbox 573 1927 2142 2007; baseline -0.011 -13"><span class='ocrx_word' id='word_1_223' title='bbox 573 1927 664 1994; x_wconf 83' lang='lat' dir='ltr'><strong>bus</strong></span> <span class='ocrx_word' id='word_1_224' title='bbox 693 1956 709 1992; x_wconf 94' lang='lat'><strong><em>:</em></strong></span> <span class='ocrx_word' id='word_1_225' title='bbox 737 1927 880 2007; x_wconf 68' lang='lat' dir='ltr'><strong>quasi</strong></span> <span class='ocrx_word' id='word_1_226' title='bbox 907 1927 1126 2007; x_wconf 69' lang='lat' dir='ltr'><strong>parvulis</strong></span> <span class='ocrx_word' id='word_1_227' title='bbox 1169 1927 1448 2007; x_wconf 45' lang='lat' dir='ltr'><strong>inp/triste</strong></span> <span class='ocrx_word' id='word_1_228' title='bbox 1485 1930 1562 2007; x_wconf 54' lang='lat' dir='ltr'><strong>hic</strong></span> <span class='ocrx_word' id='word_1_229' title='bbox 1603 1929 1738 2007; x_wconf 78' lang='lat' dir='ltr'><strong>vobis</strong></span> <span class='ocrx_word' id='word_1_230' title='bbox 1779 1939 1951 2007; x_wconf 77' lang='lat' dir='ltr'><strong>potum</strong></span> <span class='ocrx_word' id='word_1_231' title='bbox 1988 1927 2142 2007; x_wconf 62' lang='lat' dir='ltr'><strong>aedi,</strong></span> 
     </span>
    </p>
   </div>
   <div class='ocr_carea' id='block_1_31' title="bbox 576 1995 2148 2072">
    <p class='ocr_par' dir='ltr' id='par_1_31' title="bbox 576 1995 2148 2072">
     <span class='ocr_line' id='line_1_31' title="bbox 576 1995 2148 2072; baseline -0.009 -9"><span class='ocrx_word' id='word_1_232' title='bbox 576 2027 673 2063; x_wconf 86' lang='lat' dir='ltr'><strong>non</strong></span> <span class='ocrx_word' id='word_1_233' title='bbox 698 1995 858 2062; x_wconf 59' lang='lat' dir='ltr'><strong>es&#39;caiu</strong></span> <span class='ocrx_word' id='word_1_234' title='bbox 885 1995 1119 2072; x_wconf 64' lang='lat' dir='ltr'><strong>(&#39;lbidem</strong></span> <span class='ocrx_word' id='word_1_235' title='bbox 1146 2019 1192 2054; x_wconf 91' lang='lat' dir='ltr'><strong>c.</strong></span> <span class='ocrx_word' id='word_1_236' title='bbox 1223 2001 1355 2072; x_wconf 61' lang='lat'><strong>3.1.</strong></span> <span class='ocrx_word' id='word_1_237' title='bbox 1387 1999 1479 2072; x_wconf 72' lang='lat'><strong>2).</strong></span> <span class='ocrx_word' id='word_1_238' title='bbox 1507 1995 1885 2072; x_wconf 75' lang='lat' dir='ltr'><strong>Otnnisprima</strong></span> <span class='ocrx_word' id='word_1_239' title='bbox 1917 1995 2148 2072; x_wconf 76' lang='lat' dir='ltr'><strong>inductio</strong></span> 
     </span>
    </p>
   </div>
   <div class='ocr_carea' id='block_1_32' title="bbox 579 2067 2148 2142">
    <p class='ocr_par' dir='ltr' id='par_1_32' title="bbox 579 2067 2148 2142">
     <span class='ocr_line' id='line_1_32' title="bbox 579 2067 2148 2142; baseline -0.008 -10"><span class='ocrx_word' id='word_1_240' title='bbox 579 2081 699 2133; x_wconf 88' lang='lat' dir='ltr'><strong>tidei</strong></span> <span class='ocrx_word' id='word_1_241' title='bbox 726 2119 741 2142; x_wconf 93' lang='lat'><strong>,</strong></span> <span class='ocrx_word' id='word_1_242' title='bbox 787 2077 838 2130; x_wconf 91' lang='lat' dir='ltr'><strong>id</strong></span> <span class='ocrx_word' id='word_1_243' title='bbox 868 2067 948 2128; x_wconf 80' lang='lat' dir='ltr'><strong>est</strong></span> <span class='ocrx_word' id='word_1_244' title='bbox 968 2114 983 2138; x_wconf 88' lang='lat'><strong>,</strong></span> <span class='ocrx_word' id='word_1_245' title='bbox 1009 2073 1229 2140; x_wconf 79' lang='lat' dir='ltr'><strong>simplex</strong></span> <span class='ocrx_word' id='word_1_246' title='bbox 1256 2067 1517 2142; x_wconf 87' lang='lat' dir='ltr'><strong>doctrina,</strong></span> <span class='ocrx_word' id='word_1_247' title='bbox 1549 2069 1636 2142; x_wconf 80' lang='lat' dir='ltr'><strong>lac</strong></span> <span class='ocrx_word' id='word_1_248' title='bbox 1657 2067 1869 2142; x_wconf 80' lang='lat' dir='ltr'><strong>dicitur,</strong></span> <span class='ocrx_word' id='word_1_249' title='bbox 1895 2067 2148 2142; x_wconf 78' lang='lat' dir='ltr'><strong>quoniam</strong></span> 
     </span>
    </p>
   </div>
   <div class='ocr_carea' id='block_1_33' title="bbox 576 2137 2146 2207">
    <p class='ocr_par' dir='ltr' id='par_1_33' title="bbox 576 2137 2146 2207">
     <span class='ocr_line' id='line_1_33' title="bbox 576 2137 2146 2207; baseline -0.008 -5"><span class='ocrx_word' id='word_1_250' title='bbox 576 2137 824 2203; x_wconf 35' lang='lat' dir='ltr'><strong>sicut&#39;lac</strong></span> <span class='ocrx_word' id='word_1_251' title='bbox 854 2146 968 2199; x_wconf 90' lang='lat' dir='ltr'><strong>sine</strong></span> <span class='ocrx_word' id='word_1_252' title='bbox 995 2137 1172 2196; x_wconf 80' lang='lat' dir='ltr'><strong>labore</strong></span> <span class='ocrx_word' id='word_1_253' title='bbox 1194 2149 1247 2195; x_wconf 89' lang='lat' dir='ltr'><strong>et</strong></span> <span class='ocrx_word' id='word_1_254' title='bbox 1278 2141 1395 2193; x_wconf 92' lang='lat' dir='ltr'><strong>sine</strong></span> <span class='ocrx_word' id='word_1_255' title='bbox 1422 2153 1583 2207; x_wconf 90' lang='lat' dir='ltr'><strong>opere</strong></span> <span class='ocrx_word' id='word_1_256' title='bbox 1609 2138 1842 2192; x_wconf 90' lang='lat' dir='ltr'><strong>dentium</strong></span> <span class='ocrx_word' id='word_1_257' title='bbox 1867 2137 2146 2190; x_wconf 65' lang='lat' dir='ltr'><strong>manduca.</strong></span> 
     </span>
    </p>
   </div>
   <div class='ocr_carea' id='block_1_34' title="bbox 579 2207 2152 2284">
    <p class='ocr_par' dir='ltr' id='par_1_34' title="bbox 579 2207 2152 2284">
     <span class='ocr_line' id='line_1_34' title="bbox 579 2207 2152 2284; baseline -0.008 -10"><span class='ocrx_word' id='word_1_258' title='bbox 579 2230 693 2284; x_wconf 92' lang='lat' dir='ltr'><strong>tur,</strong></span> <span class='ocrx_word' id='word_1_259' title='bbox 741 2228 794 2271; x_wconf 90' lang='lat' dir='ltr'><strong>et</strong></span> <span class='ocrx_word' id='word_1_260' title='bbox 834 2213 1241 2284; x_wconf 80' lang='lat' dir='ltr'><strong>manducantem</strong></span> <span class='ocrx_word' id='word_1_261' title='bbox 1284 2211 1657 2284; x_wconf 76' lang='lat' dir='ltr'><strong>suavitatesua</strong></span> <span class='ocrx_word' id='word_1_262' title='bbox 1682 2207 1952 2262; x_wconf 89' lang='lat' dir='ltr'><strong>delectat:</strong></span> <span class='ocrx_word' id='word_1_263' title='bbox 1982 2207 2061 2284; x_wconf 76' lang='lat' dir='ltr'><strong>sic</strong></span> <span class='ocrx_word' id='word_1_264' title='bbox 2097 2217 2152 2284; x_wconf 82' lang='lat' dir='ltr'><strong>et</strong></span> 
     </span>
    </p>
   </div>
   <div class='ocr_carea' id='block_1_35' title="bbox 581 2277 2150 2358">
    <p class='ocr_par' dir='ltr' id='par_1_35' title="bbox 581 2277 2150 2358">
     <span class='ocr_line' id='line_1_35' title="bbox 581 2277 2150 2358; baseline -0.008 -15"><span class='ocrx_word' id='word_1_265' title='bbox 581 2277 1070 2358; x_wconf 71' lang='lat' dir='ltr'><strong>miraliiliauullum</strong></span> <span class='ocrx_word' id='word_1_266' title='bbox 1099 2281 1333 2358; x_wconf 73' lang='lat' dir='ltr'><strong>laborem</strong></span> <span class='ocrx_word' id='word_1_267' title='bbox 1362 2279 1920 2358; x_wconf 74' lang='lat' dir='ltr'><strong>videntibusponunt,</strong></span> <span class='ocrx_word' id='word_1_268' title='bbox 1949 2277 2150 2358; x_wconf 53' lang='lat' dir='ltr'><strong>sednvi-</strong></span> 
     </span>
    </p>
   </div>
   <div class='ocr_carea' id='block_1_36' title="bbox 577 2347 2154 2414">
    <p class='ocr_par' dir='ltr' id='par_1_36' title="bbox 577 2347 2154 2414">
     <span class='ocr_line' id='line_1_36' title="bbox 577 2347 2154 2414; baseline -0.008 0"><span class='ocrx_word' id='word_1_269' title='bbox 577 2361 765 2414; x_wconf 79' lang='lat' dir='ltr'><strong>dentes</strong></span> <span class='ocrx_word' id='word_1_270' title='bbox 804 2354 1152 2408; x_wconf 89' lang='lat' dir='ltr'><strong>admiratione</strong></span> <span class='ocrx_word' id='word_1_271' title='bbox 1197 2351 1580 2413; x_wconf 80' lang='lat' dir='ltr'><strong>delectant,.et</strong></span> <span class='ocrx_word' id='word_1_272' title='bbox 1619 2349 1682 2401; x_wconf 92' lang='lat' dir='ltr'><strong>ad</strong></span> <span class='ocrx_word' id='word_1_273' title='bbox 1717 2349 1871 2400; x_wconf 89' lang='lat' dir='ltr'><strong>ﬁdem</strong></span> <span class='ocrx_word' id='word_1_274' title='bbox 1922 2347 2154 2401; x_wconf 91' lang='lat' dir='ltr'><strong>molliter</strong></span> 
     </span>
    </p>
   </div>
   <div class='ocr_carea' id='block_1_37' title="bbox 579 2417 2153 2497">
    <p class='ocr_par' dir='ltr' id='par_1_37' title="bbox 579 2417 2153 2497">
     <span class='ocr_line' id='line_1_37' title="bbox 579 2417 2153 2497; baseline -0.01 -13"><span class='ocrx_word' id='word_1_275' title='bbox 579 2431 822 2484; x_wconf 85' lang='lat' dir='ltr'><strong>invitant.</strong></span> <span class='ocrx_word' id='word_1_276' title='bbox 856 2424 1012 2479; x_wconf 88' lang='lat' dir='ltr'><strong>Panis</strong></span> <span class='ocrx_word' id='word_1_277' title='bbox 1041 2432 1216 2497; x_wconf 85' lang='lat' dir='ltr'><strong>autem</strong></span> <span class='ocrx_word' id='word_1_278' title='bbox 1245 2418 1575 2488; x_wconf 78' lang='lat' dir='ltr'><strong>perfectioris</strong></span> <span class='ocrx_word' id='word_1_279' title='bbox 1601 2419 1912 2497; x_wconf 76' lang='lat' dir='ltr'><strong>doctrinam</strong></span> <span class='ocrx_word' id='word_1_280' title='bbox 1932 2417 2153 2497; x_wconf 59' lang='lat' dir='ltr'><strong>justitife</strong></span> 
     </span>
    </p>
   </div>
   <div class='ocr_carea' id='block_1_38' title="bbox 577 2488 2151 2566">
    <p class='ocr_par' dir='ltr' id='par_1_38' title="bbox 577 2488 2151 2566">
     <span class='ocr_line' id='line_1_38' title="bbox 577 2488 2151 2566; baseline -0.008 -14"><span class='ocrx_word' id='word_1_281' title='bbox 577 2499 877 2566; x_wconf 76' lang='lat' dir='ltr'><strong>signiﬁcat,</strong></span> <span class='ocrx_word' id='word_1_282' title='bbox 905 2508 1061 2566; x_wconf 87' lang='lat' dir='ltr'><strong>quam</strong></span> <span class='ocrx_word' id='word_1_283' title='bbox 1105 2491 1344 2566; x_wconf 81' lang='lat' dir='ltr'><strong>accipere</strong></span> <span class='ocrx_word' id='word_1_284' title='bbox 1391 2505 1496 2566; x_wconf 83' lang='lat' dir='ltr'><strong>non</strong></span> <span class='ocrx_word' id='word_1_285' title='bbox 1525 2497 1774 2566; x_wconf 83' lang='lat' dir='ltr'><strong>possunt,</strong></span> <span class='ocrx_word' id='word_1_286' title='bbox 1816 2488 2151 2566; x_wconf 71' lang='lat' dir='ltr'><strong>nisiexerci-</strong></span> 
     </span>
    </p>
   </div>
   <div class='ocr_carea' id='block_1_39' title="bbox 582 2556 2152 2629">
    <p class='ocr_par' dir='ltr' id='par_1_39' title="bbox 582 2556 2152 2629">
     <span class='ocr_line' id='line_1_39' title="bbox 582 2556 2152 2629; baseline -0.008 -6"><span class='ocrx_word' id='word_1_287' title='bbox 582 2556 672 2623; x_wconf 66' lang='lat' dir='ltr'><strong>tati</strong></span> <span class='ocrx_word' id='word_1_288' title='bbox 699 2556 888 2622; x_wconf 84' lang='lat' dir='ltr'><strong>sensus</strong></span> <span class='ocrx_word' id='word_1_289' title='bbox 916 2556 1054 2618; x_wconf 79' lang='lat' dir='ltr'><strong>circa</strong></span> <span class='ocrx_word' id='word_1_290' title='bbox 1075 2575 1159 2614; x_wconf 91' lang='lat' dir='ltr'><strong>res</strong></span> <span class='ocrx_word' id='word_1_291' title='bbox 1188 2556 1491 2629; x_wconf 86' lang='lat' dir='ltr'><strong>spirituales</strong></span> <span class='ocrx_word' id='word_1_292' title='bbox 1521 2556 1543 2611; x_wconf 71' lang='grc' dir='ltr'><em>ἶ</em></span> <span class='ocrx_word' id='word_1_293' title='bbox 1566 2561 1814 2629; x_wconf 86' lang='lat' dir='ltr'><strong>quoniam</strong></span> <span class='ocrx_word' id='word_1_294' title='bbox 1835 2556 1934 2629; x_wconf 78' lang='lat' dir='ltr'><strong>qui</strong></span> <span class='ocrx_word' id='word_1_295' title='bbox 1965 2558 2112 2629; x_wconf 81' lang='lat' dir='ltr'><strong>audit</strong></span> <span class='ocrx_word' id='word_1_296' title='bbox 2136 2600 2152 2623; x_wconf 91' lang='lat'><strong>,</strong></span> 
     </span>
    </p>
   </div>
   <div class='ocr_carea' id='block_1_40' title="bbox 584 2625 2152 2697">
    <p class='ocr_par' dir='ltr' id='par_1_40' title="bbox 584 2625 2152 2697">
     <span class='ocr_line' id='line_1_40' title="bbox 584 2625 2152 2697; baseline -0.008 -4"><span class='ocrx_word' id='word_1_297' title='bbox 584 2653 804 2692; x_wconf 79' lang='lat' dir='ltr'><strong>necesse</strong></span> <span class='ocrx_word' id='word_1_298' title='bbox 836 2634 994 2688; x_wconf 85' lang='lat' dir='ltr'><strong>habet</strong></span> <span class='ocrx_word' id='word_1_299' title='bbox 1041 2633 1174 2685; x_wconf 87' lang='lat' dir='ltr'><strong>intra</strong></span> <span class='ocrx_word' id='word_1_300' title='bbox 1203 2625 1260 2683; x_wconf 79' lang='lat' dir='ltr'><strong>se</strong></span> <span class='ocrx_word' id='word_1_301' title='bbox 1288 2625 1599 2683; x_wconf 79' lang='lat' dir='ltr'><strong>tractatibus</strong></span> <span class='ocrx_word' id='word_1_302' title='bbox 1625 2625 1937 2697; x_wconf 88' lang='lat' dir='ltr'><strong>quibusdam</strong></span> <span class='ocrx_word' id='word_1_303' title='bbox 1977 2627 2152 2680; x_wconf 61' lang='lat' dir='ltr'><strong>disvu-</strong></span> 
     </span>
    </p>
   </div>
   <div class='ocr_carea' id='block_1_41' title="bbox 584 2697 2156 2769">
    <p class='ocr_par' dir='ltr' id='par_1_41' title="bbox 584 2697 2156 2769">
     <span class='ocr_line' id='line_1_41' title="bbox 584 2697 2156 2769; baseline -0.007 -9"><span class='ocrx_word' id='word_1_304' title='bbox 584 2721 694 2762; x_wconf 86' lang='lat' dir='ltr'><strong>tere</strong></span> <span class='ocrx_word' id='word_1_305' title='bbox 723 2717 775 2760; x_wconf 90' lang='lat' dir='ltr'><strong>et</strong></span> <span class='ocrx_word' id='word_1_306' title='bbox 806 2702 1046 2759; x_wconf 85' lang='lat' dir='ltr'><strong>meditari</strong></span> <span class='ocrx_word' id='word_1_307' title='bbox 1075 2719 1086 2753; x_wconf 93' lang='lat'><strong>:</strong></span> <span class='ocrx_word' id='word_1_308' title='bbox 1118 2700 1266 2769; x_wconf 86' lang='lat' dir='ltr'><strong>quasi</strong></span> <span class='ocrx_word' id='word_1_309' title='bbox 1301 2697 1610 2768; x_wconf 84' lang='lat' dir='ltr'><strong>quibusdam</strong></span> <span class='ocrx_word' id='word_1_310' title='bbox 1637 2697 1884 2769; x_wconf 80' lang='lat' dir='ltr'><strong>dentibus</strong></span> <span class='ocrx_word' id='word_1_311' title='bbox 1903 2697 2156 2769; x_wconf 9' lang='lat' dir='ltr'><strong>VSpit-itua-</strong></span> 
     </span>
    </p>
   </div>
   <div class='ocr_carea' id='block_1_42' title="bbox 586 2767 2158 2831">
    <p class='ocr_par' dir='ltr' id='par_1_42' title="bbox 586 2767 2158 2831">
     <span class='ocr_line' id='line_1_42' title="bbox 586 2767 2158 2831; baseline -0.006 0"><span class='ocrx_word' id='word_1_312' title='bbox 586 2780 723 2831; x_wconf 81' lang='lat' dir='ltr'><strong>libus</strong></span> <span class='ocrx_word' id='word_1_313' title='bbox 750 2775 973 2831; x_wconf 88' lang='lat' dir='ltr'><strong>molere.</strong></span> <span class='ocrx_word' id='word_1_314' title='bbox 1002 2767 1154 2826; x_wconf 79' lang='lat' dir='ltr'><strong>Unde</strong></span> <span class='ocrx_word' id='word_1_315' title='bbox 1177 2779 1231 2824; x_wconf 92' lang='lat' dir='ltr'><strong>et</strong></span> <span class='ocrx_word' id='word_1_316' title='bbox 1251 2767 1334 2822; x_wconf 73' lang='lat' dir='ltr'><strong>lett</strong></span> <span class='ocrx_word' id='word_1_317' title='bbox 1377 2769 1693 2823; x_wconf 88' lang='lat' dir='ltr'><strong>ruminautia</strong></span> <span class='ocrx_word' id='word_1_318' title='bbox 1718 2767 1964 2821; x_wconf 84' lang='lat' dir='ltr'><strong>animalia</strong></span> <span class='ocrx_word' id='word_1_319' title='bbox 1991 2767 2158 2822; x_wconf 84' lang='lat' dir='ltr'><strong>voluit</strong></span> 
     </span>
    </p>
   </div>
   <div class='ocr_carea' id='block_1_43' title="bbox 581 2837 2153 2914">
    <p class='ocr_par' dir='ltr' id='par_1_43' title="bbox 581 2837 2153 2914">
     <span class='ocr_line' id='line_1_43' title="bbox 581 2837 2153 2914; baseline -0.006 -14"><span class='ocrx_word' id='word_1_320' title='bbox 581 2863 700 2902; x_wconf 88' lang='lat' dir='ltr'><strong>esse</strong></span> <span class='ocrx_word' id='word_1_321' title='bbox 721 2845 913 2900; x_wconf 87' lang='lat' dir='ltr'><strong>munda</strong></span> <span class='ocrx_word' id='word_1_322' title='bbox 937 2842 1112 2914; x_wconf 77' lang='lat' dir='ltr'><strong>(Deut.</strong></span> <span class='ocrx_word' id='word_1_323' title='bbox 1144 2841 1229 2895; x_wconf 72' lang='grc'><strong>14.</strong></span> <span class='ocrx_word' id='word_1_324' title='bbox 1253 2840 1331 2914; x_wconf 74' lang='lat'><strong>6).</strong></span> <span class='ocrx_word' id='word_1_325' title='bbox 1354 2837 1446 2892; x_wconf 85' lang='lat' dir='ltr'><strong>Illa</strong></span> <span class='ocrx_word' id='word_1_326' title='bbox 1472 2840 1612 2892; x_wconf 88' lang='lat' dir='ltr'><strong>enim</strong></span> <span class='ocrx_word' id='word_1_327' title='bbox 1631 2853 1750 2891; x_wconf 86' lang='lat' dir='ltr'><strong>esea</strong></span> <span class='ocrx_word' id='word_1_328' title='bbox 1773 2838 2153 2914; x_wconf 72' lang='lat' dir='ltr'><strong>doctritta3__u0tt</strong></span> 
     </span>
    </p>
   </div>
   <div class='ocr_carea' id='block_1_44' title="bbox 584 2907 2158 2978">
    <p class='ocr_par' dir='ltr' id='par_1_44' title="bbox 584 2907 2158 2978">
     <span class='ocr_line' id='line_1_44' title="bbox 584 2907 2158 2978; baseline -0.008 -7"><span class='ocrx_word' id='word_1_329' title='bbox 584 2927 784 2971; x_wconf 91' lang='lat' dir='ltr'><strong>tantum</strong></span> <span class='ocrx_word' id='word_1_330' title='bbox 824 2907 1122 2968; x_wconf 78' lang='lat' dir='ltr'><strong>carnalibus</strong></span> <span class='ocrx_word' id='word_1_331' title='bbox 1148 2911 1324 2964; x_wconf 85' lang='lat' dir='ltr'><strong>suavis</strong></span> <span class='ocrx_word' id='word_1_332' title='bbox 1348 2919 1429 2963; x_wconf 86' lang='lat' dir='ltr'><strong>est</strong></span> <span class='ocrx_word' id='word_1_333' title='bbox 1452 2951 1465 2970; x_wconf 90' lang='lat'><strong>,</strong></span> <span class='ocrx_word' id='word_1_334' title='bbox 1496 2919 1748 2978; x_wconf 88' lang='lat' dir='ltr'><strong>quantum</strong></span> <span class='ocrx_word' id='word_1_335' title='bbox 1796 2907 2158 2978; x_wconf 87' lang='lat' dir='ltr'><strong>spiritualibus</strong></span> 
     </span>
    </p>
   </div>
   <div class='ocr_carea' id='block_1_45' title="bbox 586 2977 2155 3042">
    <p class='ocr_par' dir='ltr' id='par_1_45' title="bbox 586 2977 2155 3042">
     <span class='ocr_line' id='line_1_45' title="bbox 586 2977 2155 3042; baseline -0.008 0"><span class='ocrx_word' id='word_1_336' title='bbox 586 2988 732 3042; x_wconf 90' lang='lat' dir='ltr'><strong>utilis</strong></span> <span class='ocrx_word' id='word_1_337' title='bbox 758 2995 842 3040; x_wconf 83' lang='lat' dir='ltr'><strong>est</strong></span> <span class='ocrx_word' id='word_1_338' title='bbox 880 2983 948 3037; x_wconf 89' lang='lat' dir='ltr'><strong>ad</strong></span> <span class='ocrx_word' id='word_1_339' title='bbox 996 2983 1240 3037; x_wconf 90' lang='lat' dir='ltr'><strong>salutem.</strong></span> <span class='ocrx_word' id='word_1_340' title='bbox 1284 2981 1430 3032; x_wconf 85' lang='lat' dir='ltr'><strong>Sicut</strong></span> <span class='ocrx_word' id='word_1_341' title='bbox 1468 2977 1608 3032; x_wconf 87' lang='lat' dir='ltr'><strong>enim</strong></span> <span class='ocrx_word' id='word_1_342' title='bbox 1655 2977 1838 3031; x_wconf 76' lang='lat' dir='ltr'><strong>infanti</strong></span> <span class='ocrx_word' id='word_1_343' title='bbox 1869 2978 1912 3031; x_wconf 92' lang='lat' dir='ltr'><strong>si</strong></span> <span class='ocrx_word' id='word_1_344' title='bbox 1943 2977 2155 3030; x_wconf 89' lang='lat' dir='ltr'><strong>dederis</strong></span> 
     </span>
    </p>
   </div>
   <div class='ocr_carea' id='block_1_46' title="bbox 587 3047 2156 3128">
    <p class='ocr_par' dir='ltr' id='par_1_46' title="bbox 587 3047 2156 3128">
     <span class='ocr_line' id='line_1_46' title="bbox 587 3047 2156 3128; baseline -0.008 -15"><span class='ocrx_word' id='word_1_345' title='bbox 587 3061 936 3128; x_wconf 78' lang='lat' dir='ltr'><strong>fragmentum</strong></span> <span class='ocrx_word' id='word_1_346' title='bbox 961 3052 1111 3128; x_wconf 79' lang='lat' dir='ltr'><strong>panis</strong></span> <span class='ocrx_word' id='word_1_347' title='bbox 1136 3093 1150 3116; x_wconf 88' lang='lat'><strong>,</strong></span> <span class='ocrx_word' id='word_1_348' title='bbox 1179 3049 1428 3128; x_wconf 79' lang='lat' dir='ltr'><strong>quoniam</strong></span> <span class='ocrx_word' id='word_1_349' title='bbox 1480 3049 1910 3128; x_wconf 71' lang='lat' dir='ltr'><strong>angustasliabet</strong></span> <span class='ocrx_word' id='word_1_350' title='bbox 1929 3047 2117 3128; x_wconf 64' lang='lat' dir='ltr'><strong>fauces</strong></span> <span class='ocrx_word' id='word_1_351' title='bbox 2141 3086 2156 3110; x_wconf 96' lang='lat'><strong>,</strong></span> 
     </span>
    </p>
   </div>
   <div class='ocr_carea' id='block_1_47' title="bbox 586 3117 2162 3192">
    <p class='ocr_par' dir='ltr' id='par_1_47' title="bbox 586 3117 2162 3192">
     <span class='ocr_line' id='line_1_47' title="bbox 586 3117 2162 3192; baseline -0.009 -12"><span class='ocrx_word' id='word_1_352' title='bbox 586 3117 845 3182; x_wconf 66' lang='lat' dir='ltr'><strong>oll‘iieatur</strong></span> <span class='ocrx_word' id='word_1_353' title='bbox 873 3117 1040 3192; x_wconf 79' lang='lat' dir='ltr'><strong>magis</strong></span> <span class='ocrx_word' id='word_1_354' title='bbox 1065 3117 1222 3190; x_wconf 82' lang='lat' dir='ltr'><strong>quam</strong></span> <span class='ocrx_word' id='word_1_355' title='bbox 1254 3121 1481 3192; x_wconf 78' lang='lat' dir='ltr'><strong>nutritur</strong></span> <span class='ocrx_word' id='word_1_356' title='bbox 1509 3135 1524 3171; x_wconf 87' lang='lat'><strong>:</strong></span> <span class='ocrx_word' id='word_1_357' title='bbox 1555 3119 1633 3192; x_wconf 82' lang='lat' dir='ltr'><strong>sie</strong></span> <span class='ocrx_word' id='word_1_358' title='bbox 1660 3129 1726 3192; x_wconf 81' lang='lat' dir='ltr'><strong>et</strong></span> <span class='ocrx_word' id='word_1_359' title='bbox 1743 3117 1942 3192; x_wconf 86' lang='lat' dir='ltr'><strong>homini</strong></span> <span class='ocrx_word' id='word_1_360' title='bbox 1974 3117 2162 3192; x_wconf 78' lang='lat' dir='ltr'><strong>imper-</strong></span> 
     </span>
    </p>
   </div>
   <div class='ocr_carea' id='block_1_48' title="bbox 584 3187 2159 3310">
    <p class='ocr_par' dir='ltr' id='par_1_48' title="bbox 584 3187 2159 3310">
     <span class='ocr_line' id='line_1_48' title="bbox 584 3187 2159 3310; baseline -0.008 -58"><span class='ocrx_word' id='word_1_361' title='bbox 584 3202 720 3253; x_wconf 79' lang='lat' dir='ltr'><strong>fecto</strong></span> <span class='ocrx_word' id='word_1_362' title='bbox 748 3198 801 3251; x_wconf 90' lang='lat' dir='ltr'><strong>in</strong></span> <span class='ocrx_word' id='word_1_363' title='bbox 831 3195 931 3249; x_wconf 87' lang='lat' dir='ltr'><strong>ﬁde</strong></span> <span class='ocrx_word' id='word_1_364' title='bbox 949 3187 1051 3258; x_wconf 51' lang='lat' dir='ltr'><strong>{et</strong></span> <span class='ocrx_word' id='word_1_365' title='bbox 1078 3187 1242 3261; x_wconf 85' lang='lat' dir='ltr'><strong>puero</strong></span> <span class='ocrx_word' id='word_1_366' title='bbox 1270 3189 1515 3245; x_wconf 84' lang='lat' dir='ltr'><strong>sensibus</strong></span> <span class='ocrx_word' id='word_1_367' title='bbox 1535 3229 1550 3250; x_wconf 93' lang='lat'><strong>,</strong></span> <span class='ocrx_word' id='word_1_368' title='bbox 1593 3190 1637 3242; x_wconf 94' lang='lat' dir='ltr'><strong>si</strong></span> <span class='ocrx_word' id='word_1_369' title='bbox 1683 3190 1866 3241; x_wconf 84' lang='lat' dir='ltr'><strong>altiora</strong></span> <span class='ocrx_word' id='word_1_370' title='bbox 1911 3187 2159 3310; x_wconf 44' lang='lat' dir='ltr'><strong>masteria</strong></span> 
     </span>
     <span class='ocr_line' id='line_1_49' title="bbox 585 3257 2159 3310; baseline 0 0"><span class='ocrx_word' id='word_1_371' title='bbox 585 3267 855 3310; x_wconf 67' lang='lat' dir='ltr'><strong>eanienlim</strong></span> <span class='ocrx_word' id='word_1_372' title='bbox 881 3263 1110 3310; x_wconf 81' lang='lat' dir='ltr'><strong>volneris</strong></span> <span class='ocrx_word' id='word_1_373' title='bbox 1133 3260 1312 3310; x_wconf 86' lang='lat' dir='ltr'><strong>dicere</strong></span> <span class='ocrx_word' id='word_1_374' title='bbox 1336 3301 1351 3310; x_wconf 88' lang='lat'><strong>.</strong></span> <span class='ocrx_word' id='word_1_375' title='bbox 1379 3270 1656 3310; x_wconf 64' lang='lat' dir='ltr'><strong>augustam</strong></span> <span class='ocrx_word' id='word_1_376' title='bbox 1691 3259 1890 3310; x_wconf 85' lang='lat' dir='ltr'><strong>habens</strong></span> <span class='ocrx_word' id='word_1_377' title='bbox 1923 3257 1955 3309; x_wconf 87' lang='lat' dir='ltr'><strong>li</strong></span> <span class='ocrx_word' id='word_1_378' title='bbox 1997 3273 2080 3310; x_wconf 88' lang='lat' dir='ltr'><strong>ein</strong></span> <span class='ocrx_word' id='word_1_379' title='bbox 2107 3267 2159 3310; x_wconf 91' lang='lat' dir='ltr'><strong>et</strong></span> 
     </span>
    </p>
   </div>
   <div class='ocr_carea' id='block_1_49' title="bbox 585 3257 2162 3336">
    <p class='ocr_par' dir='ltr' id='par_1_49' title="bbox 585 3257 2162 3336">
     <span class='ocr_line' id='line_1_50' title="bbox 585 3257 2162 3336; baseline -0.008 -13"><span class='ocrx_word' id='word_1_380' title='bbox 585 3267 855 3336; x_wconf 81' lang='lat' dir='ltr'><strong>sapientia:</strong></span> <span class='ocrx_word' id='word_1_381' title='bbox 881 3257 1110 3336; x_wconf 77' lang='lat' dir='ltr'><strong>volucris</strong></span> <span class='ocrx_word' id='word_1_382' title='bbox 1133 3260 1351 3336; x_wconf 73' lang='lat' dir='ltr'><strong>dicere,</strong></span> <span class='ocrx_word' id='word_1_383' title='bbox 1379 3270 1656 3327; x_wconf 83' lang='lat' dir='ltr'><strong>augustam</strong></span> <span class='ocrx_word' id='word_1_384' title='bbox 1691 3259 1890 3336; x_wconf 65' lang='lat' dir='ltr'><strong>habens</strong></span> <span class='ocrx_word' id='word_1_385' title='bbox 1923 3257 2080 3311; x_wconf 90' lang='lat' dir='ltr'><strong>ﬁdem</strong></span> <span class='ocrx_word' id='word_1_386' title='bbox 2101 3267 2162 3336; x_wconf 62' lang='lat' dir='ltr'><strong>et</strong></span> 
     </span>
    </p>
   </div>
   <div class='ocr_carea' id='block_1_50' title="bbox 585 3327 2163 3404">
    <p class='ocr_par' dir='ltr' id='par_1_50' title="bbox 585 3327 2163 3404">
     <span class='ocr_line' id='line_1_51' title="bbox 585 3327 2163 3404; baseline -0.006 -13"><span class='ocrx_word' id='word_1_387' title='bbox 585 3327 832 3398; x_wconf 78' lang='lat' dir='ltr'><strong>sensum,</strong></span> <span class='ocrx_word' id='word_1_388' title='bbox 884 3333 1051 3404; x_wconf 86' lang='lat' dir='ltr'><strong>magis</strong></span> <span class='ocrx_word' id='word_1_389' title='bbox 1094 3330 1700 3404; x_wconf 71' lang='lat' dir='ltr'><strong>scandalizatur,_qu:un</strong></span> <span class='ocrx_word' id='word_1_390' title='bbox 1744 3328 2054 3404; x_wconf 70' lang='lat' dir='ltr'><strong>aediﬁcatur.</strong></span> <span class='ocrx_word' id='word_1_391' title='bbox 2098 3327 2163 3381; x_wconf 90' lang='lat' dir='ltr'><strong>Et</strong></span> 
     </span>
    </p>
   </div>
   <div class='ocr_carea' id='block_1_51' title="bbox 585 3397 2164 3474">
    <p class='ocr_par' dir='ltr' id='par_1_51' title="bbox 585 3397 2164 3474">
     <span class='ocr_line' id='line_1_52' title="bbox 585 3397 2164 3474; baseline -0.004 -16"><span class='ocrx_word' id='word_1_392' title='bbox 585 3397 1174 3474; x_wconf 73' lang='lat' dir='ltr'><strong>quemadmodumviro</strong></span> <span class='ocrx_word' id='word_1_393' title='bbox 1219 3398 1455 3474; x_wconf 80' lang='lat' dir='ltr'><strong>perfecto</strong></span> <span class='ocrx_word' id='word_1_394' title='bbox 1501 3399 1544 3451; x_wconf 91' lang='lat' dir='ltr'><strong>si</strong></span> <span class='ocrx_word' id='word_1_395' title='bbox 1583 3398 1792 3474; x_wconf 82' lang='lat' dir='ltr'><strong>dederis</strong></span> <span class='ocrx_word' id='word_1_396' title='bbox 1837 3398 1951 3461; x_wconf 87' lang='lat' dir='ltr'><strong>lac,</strong></span> <span class='ocrx_word' id='word_1_397' title='bbox 1985 3397 2164 3451; x_wconf 73' lang='lat' dir='ltr'><strong>fauces</strong></span> 
     </span>
    </p>
   </div>
   <div class='ocr_carea' id='block_1_52' title="bbox 586 3467 2166 3542">
    <p class='ocr_par' dir='ltr' id='par_1_52' title="bbox 586 3467 2166 3542">
     <span class='ocr_line' id='line_1_53' title="bbox 586 3467 2166 3542; baseline -0.006 -14"><span class='ocrx_word' id='word_1_398' title='bbox 586 3467 800 3542; x_wconf 77' lang='lat' dir='ltr'><strong>quidem</strong></span> <span class='ocrx_word' id='word_1_399' title='bbox 829 3473 944 3540; x_wconf 88' lang='lat' dir='ltr'><strong>ejus</strong></span> <span class='ocrx_word' id='word_1_400' title='bbox 966 3470 1225 3542; x_wconf 82' lang='lat' dir='ltr'><strong>delectat,</strong></span> <span class='ocrx_word' id='word_1_401' title='bbox 1256 3467 1492 3542; x_wconf 82' lang='lat' dir='ltr'><strong>membra</strong></span> <span class='ocrx_word' id='word_1_402' title='bbox 1537 3476 1711 3520; x_wconf 86' lang='lat' dir='ltr'><strong>autem</strong></span> <span class='ocrx_word' id='word_1_403' title='bbox 1744 3467 1860 3535; x_wconf 87' lang='lat' dir='ltr'><strong>ejus</strong></span> <span class='ocrx_word' id='word_1_404' title='bbox 1895 3483 2005 3542; x_wconf 79' lang='lat' dir='ltr'><strong>non</strong></span> <span class='ocrx_word' id='word_1_405' title='bbox 2035 3481 2166 3521; x_wconf 89' lang='lat' dir='ltr'><strong>cou-</strong></span> 
     </span>
    </p>
   </div>
   <div class='ocr_carea' id='block_1_53' title="bbox 587 3536 2163 3609">
    <p class='ocr_par' dir='ltr' id='par_1_53' title="bbox 587 3536 2163 3609">
     <span class='ocr_line' id='line_1_54' title="bbox 587 3536 2163 3609; baseline -0.003 -12"><span class='ocrx_word' id='word_1_406' title='bbox 587 3536 769 3598; x_wconf 74' lang='lat' dir='ltr'><strong>fortat.</strong></span> <span class='ocrx_word' id='word_1_407' title='bbox 799 3536 874 3594; x_wconf 78' lang='lat' dir='ltr'><strong>De</strong></span> <span class='ocrx_word' id='word_1_408' title='bbox 900 3554 1038 3609; x_wconf 89' lang='lat' dir='ltr'><strong>pane</strong></span> <span class='ocrx_word' id='word_1_409' title='bbox 1081 3539 1222 3609; x_wconf 77' lang='lat' dir='ltr'><strong>enim</strong></span> <span class='ocrx_word' id='word_1_410' title='bbox 1271 3537 1829 3609; x_wconf 13' lang='lat' dir='ltr'><strong>scriptum‘esttnou</strong></span> <span class='ocrx_word' id='word_1_411' title='bbox 1876 3537 1943 3590; x_wconf 90' lang='lat' dir='ltr'><strong>de</strong></span> <span class='ocrx_word' id='word_1_412' title='bbox 1989 3536 2163 3602; x_wconf 87' lang='lat' dir='ltr'><strong>lacte,</strong></span> 
     </span>
    </p>
   </div>
   <div class='ocr_carea' id='block_1_54' title="bbox 587 3605 2163 3683">
    <p class='ocr_par' dir='ltr' id='par_1_54' title="bbox 587 3605 2163 3683">
     <span class='ocr_line' id='line_1_55' title="bbox 587 3605 2163 3683; baseline -0.003 -16"><span class='ocrx_word' id='word_1_413' title='bbox 587 3613 710 3683; x_wconf 89' lang='lat' dir='ltr'><strong>quia</strong></span> <span class='ocrx_word' id='word_1_414' title='bbox 737 3605 1002 3683; x_wconf 76' lang='lat' dir='ltr'><strong>confortat</strong></span> <span class='ocrx_word' id='word_1_415' title='bbox 1025 3623 1116 3662; x_wconf 89' lang='lat' dir='ltr'><strong>cor</strong></span> <span class='ocrx_word' id='word_1_416' title='bbox 1141 3614 1159 3676; x_wconf 73' lang='lat' dir='ltr'><strong>t</strong></span> <span class='ocrx_word' id='word_1_417' title='bbox 1187 3605 1477 3683; x_wconf 73' lang='lat' dir='ltr'><strong>Psal._105.</strong></span> <span class='ocrx_word' id='word_1_418' title='bbox 1523 3607 1590 3683; x_wconf 72' lang='lat' dir='ltr'><strong>i5_</strong></span> <span class='ocrx_word' id='word_1_419' title='bbox 1613 3605 1656 3675; x_wconf 93' lang='lat'><strong>).</strong></span> <span class='ocrx_word' id='word_1_420' title='bbox 1685 3607 1739 3683; x_wconf 73' lang='lat' dir='ltr'><strong>Si</strong></span> <span class='ocrx_word' id='word_1_421' title='bbox 1768 3613 1943 3683; x_wconf 76' lang='lat' dir='ltr'><strong>autem</strong></span> <span class='ocrx_word' id='word_1_422' title='bbox 1973 3621 2163 3675; x_wconf 89' lang='lat' dir='ltr'><strong>panem</strong></span> 
     </span>
    </p>
   </div>
   <div class='ocr_carea' id='block_1_55' title="bbox 590 3675 2168 3745">
    <p class='ocr_par' dir='ltr' id='par_1_55' title="bbox 590 3675 2168 3745">
     <span class='ocr_line' id='line_1_56' title="bbox 590 3675 2168 3745; baseline -0.004 -8"><span class='ocrx_word' id='word_1_423' title='bbox 590 3675 910 3744; x_wconf 78' lang='lat' dir='ltr'><strong>manducet,</strong></span> <span class='ocrx_word' id='word_1_424' title='bbox 942 3693 1047 3733; x_wconf 92' lang='lat' dir='ltr'><strong>non</strong></span> <span class='ocrx_word' id='word_1_425' title='bbox 1080 3687 1280 3730; x_wconf 86' lang='lat' dir='ltr'><strong>tantum</strong></span> <span class='ocrx_word' id='word_1_426' title='bbox 1329 3675 1512 3730; x_wconf 79' lang='lat' dir='ltr'><strong>fauces</strong></span> <span class='ocrx_word' id='word_1_427' title='bbox 1541 3677 1655 3743; x_wconf 88' lang='lat' dir='ltr'><strong>ejus</strong></span> <span class='ocrx_word' id='word_1_428' title='bbox 1697 3675 1956 3741; x_wconf 85' lang='lat' dir='ltr'><strong>delectat,</strong></span> <span class='ocrx_word' id='word_1_429' title='bbox 1999 3692 2168 3745; x_wconf 90' lang='lat' dir='ltr'><strong>quan-</strong></span> 
     </span>
    </p>
   </div>
   <div class='ocr_carea' id='block_1_56' title="bbox 591 3745 2162 3822">
    <p class='ocr_par' dir='ltr' id='par_1_56' title="bbox 591 3745 2162 3822">
     <span class='ocr_line' id='line_1_57' title="bbox 591 3745 2162 3822; baseline -0.005 -14"><span class='ocrx_word' id='word_1_430' title='bbox 591 3763 702 3808; x_wconf 89' lang='lat' dir='ltr'><strong>tum</strong></span> <span class='ocrx_word' id='word_1_431' title='bbox 730 3757 948 3822; x_wconf 66' lang='lat' dir='ltr'><strong>praestat</strong></span> <span class='ocrx_word' id='word_1_432' title='bbox 974 3749 1020 3802; x_wconf 90' lang='lat' dir='ltr'><strong>ei</strong></span> <span class='ocrx_word' id='word_1_433' title='bbox 1041 3747 1296 3822; x_wconf 70' lang='lat' dir='ltr'><strong>virtutem</strong></span> <span class='ocrx_word' id='word_1_434' title='bbox 1327 3747 1448 3822; x_wconf 82' lang='lat' dir='ltr'><strong>:_sic</strong></span> <span class='ocrx_word' id='word_1_435' title='bbox 1471 3757 1524 3822; x_wconf 79' lang='lat' dir='ltr'><strong>et</strong></span> <span class='ocrx_word' id='word_1_436' title='bbox 1549 3746 1665 3799; x_wconf 91' lang='lat' dir='ltr'><strong>viro</strong></span> <span class='ocrx_word' id='word_1_437' title='bbox 1694 3745 1927 3822; x_wconf 77' lang='lat' dir='ltr'><strong>perfecto</strong></span> <span class='ocrx_word' id='word_1_438' title='bbox 1951 3746 2016 3822; x_wconf 89' lang='lat' dir='ltr'><strong>_in_</strong></span> <span class='ocrx_word' id='word_1_439' title='bbox 2037 3747 2162 3814; x_wconf 88' lang='lat' dir='ltr'><strong>lidc,</strong></span> 
     </span>
    </p>
   </div>
   <div class='ocr_carea' id='block_1_57' title="bbox 589 3815 2166 3882">
    <p class='ocr_par' dir='ltr' id='par_1_57' title="bbox 589 3815 2166 3882">
     <span class='ocr_line' id='line_1_58' title="bbox 589 3815 2166 3882; baseline -0.007 -4"><span class='ocrx_word' id='word_1_440' title='bbox 589 3833 645 3878; x_wconf 88' lang='lat' dir='ltr'><strong>et</strong></span> <span class='ocrx_word' id='word_1_441' title='bbox 669 3815 876 3877; x_wconf 78' lang='lat' dir='ltr'><strong>maturo</strong></span> <span class='ocrx_word' id='word_1_442' title='bbox 911 3818 1156 3874; x_wconf 90' lang='lat' dir='ltr'><strong>sensibus</strong></span> <span class='ocrx_word' id='word_1_443' title='bbox 1179 3857 1194 3882; x_wconf 88' lang='lat'><strong>,</strong></span> <span class='ocrx_word' id='word_1_444' title='bbox 1223 3817 1266 3870; x_wconf 91' lang='lat' dir='ltr'><strong>si</strong></span> <span class='ocrx_word' id='word_1_445' title='bbox 1299 3816 1549 3870; x_wconf 89' lang='lat' dir='ltr'><strong>miracula</strong></span> <span class='ocrx_word' id='word_1_446' title='bbox 1572 3816 1870 3870; x_wconf 81' lang='lat' dir='ltr'><strong>ostenderis</strong></span> <span class='ocrx_word' id='word_1_447' title='bbox 1891 3857 1904 3878; x_wconf 90' lang='lat'><strong>,</strong></span> <span class='ocrx_word' id='word_1_448' title='bbox 1933 3815 2166 3870; x_wconf 83' lang='lat' dir='ltr'><strong>delecta-</strong></span> 
     </span>
    </p>
   </div>
   <div class='ocr_carea' id='block_1_58' title="bbox 593 3886 2166 3961">
    <p class='ocr_par' dir='ltr' id='par_1_58' title="bbox 593 3886 2166 3961">
     <span class='ocr_line' id='line_1_59' title="bbox 593 3886 2166 3961; baseline -0.004 -15"><span class='ocrx_word' id='word_1_449' title='bbox 593 3904 678 3948; x_wconf 90' lang='lat' dir='ltr'><strong>tur</strong></span> <span class='ocrx_word' id='word_1_450' title='bbox 707 3891 918 3961; x_wconf 89' lang='lat' dir='ltr'><strong>quidem</strong></span> <span class='ocrx_word' id='word_1_451' title='bbox 963 3896 1210 3957; x_wconf 89' lang='lat' dir='ltr'><strong>aspccttt,</strong></span> <span class='ocrx_word' id='word_1_452' title='bbox 1246 3886 1374 3940; x_wconf 85' lang='lat' dir='ltr'><strong>nihil</strong></span> <span class='ocrx_word' id='word_1_453' title='bbox 1405 3896 1579 3961; x_wconf 79' lang='lat' dir='ltr'><strong>autem</strong></span> <span class='ocrx_word' id='word_1_454' title='bbox 1625 3887 1829 3961; x_wconf 79' lang='lat' dir='ltr'><strong>prolicit</strong></span> <span class='ocrx_word' id='word_1_455' title='bbox 1860 3889 1908 3940; x_wconf 90' lang='lat' dir='ltr'><strong>ei</strong></span> <span class='ocrx_word' id='word_1_456' title='bbox 1939 3887 2003 3961; x_wconf 82' lang='lat' dir='ltr'><strong>ad</strong></span> <span class='ocrx_word' id='word_1_457' title='bbox 2037 3887 2166 3940; x_wconf 72' lang='lat' dir='ltr'><strong>aedi-</strong></span> 
     </span>
    </p>
   </div>
   <div class='ocr_carea' id='block_1_59' title="bbox 594 3957 2166 4021">
    <p class='ocr_par' dir='ltr' id='par_1_59' title="bbox 594 3957 2166 4021">
     <span class='ocr_line' id='line_1_60' title="bbox 594 3957 2166 4021; baseline -0.004 -5"><span class='ocrx_word' id='word_1_458' title='bbox 594 3957 888 4017; x_wconf 54' lang='lat' dir='ltr'><strong>licati&#39;onem</strong></span> <span class='ocrx_word' id='word_1_459' title='bbox 935 3973 1158 4021; x_wconf 89' lang='lat' dir='ltr'><strong>sensus,</strong></span> <span class='ocrx_word' id='word_1_460' title='bbox 1199 3967 1292 4010; x_wconf 89' lang='lat' dir='ltr'><strong>aut</strong></span> <span class='ocrx_word' id='word_1_461' title='bbox 1335 3957 1573 4011; x_wconf 85' lang='lat' dir='ltr'><strong>notitiam</strong></span> <span class='ocrx_word' id='word_1_462' title='bbox 1615 3957 1882 4019; x_wconf 84' lang='lat' dir='ltr'><strong>veritatis;</strong></span> <span class='ocrx_word' id='word_1_463' title='bbox 1915 3957 1958 4008; x_wconf 87' lang='lat' dir='ltr'><strong>si</strong></span> <span class='ocrx_word' id='word_1_464' title='bbox 1989 3965 2166 4011; x_wconf 91' lang='lat' dir='ltr'><strong>autem</strong></span> 
     </span>
    </p>
   </div>
   <div class='ocr_carea' id='block_1_60' title="bbox 595 4026 2168 4096">
    <p class='ocr_par' dir='ltr' id='par_1_60' title="bbox 595 4026 2168 4096">
     <span class='ocr_line' id='line_1_61' title="bbox 595 4026 2168 4096; baseline -0.002 -14"><span class='ocrx_word' id='word_1_465' title='bbox 595 4033 814 4087; x_wconf 79' lang='lat' dir='ltr'><strong>verbum</strong></span> <span class='ocrx_word' id='word_1_466' title='bbox 843 4028 1119 4096; x_wconf 74' lang='lat' dir='ltr'><strong>sapientia:</strong></span> <span class='ocrx_word' id='word_1_467' title='bbox 1147 4027 1455 4096; x_wconf 79' lang='lat' dir='ltr'><strong>exposueris</strong></span> <span class='ocrx_word' id='word_1_468' title='bbox 1487 4027 1534 4096; x_wconf 78' lang='lat' dir='ltr'><strong>ei</strong></span> <span class='ocrx_word' id='word_1_469' title='bbox 1559 4067 1574 4091; x_wconf 91' lang='lat'><strong>,</strong></span> <span class='ocrx_word' id='word_1_470' title='bbox 1604 4035 1658 4080; x_wconf 88' lang='lat' dir='ltr'><strong>et</strong></span> <span class='ocrx_word' id='word_1_471' title='bbox 1694 4027 1900 4080; x_wconf 86' lang='lat' dir='ltr'><strong>ratione</strong></span> <span class='ocrx_word' id='word_1_472' title='bbox 1928 4026 2168 4081; x_wconf 84' lang='lat' dir='ltr'><strong>delecta-</strong></span> 
     </span>
    </p>
   </div>
   <div class='ocr_carea' id='block_1_61' title="bbox 595 4095 2168 4166">
    <p class='ocr_par' dir='ltr' id='par_1_61' title="bbox 595 4095 2168 4166">
     <span class='ocr_line' id='line_1_62' title="bbox 595 4095 2168 4166; baseline -0.004 -9"><span class='ocrx_word' id='word_1_473' title='bbox 595 4114 698 4165; x_wconf 87' lang='lat' dir='ltr'><strong>tur,</strong></span> <span class='ocrx_word' id='word_1_474' title='bbox 726 4111 780 4155; x_wconf 88' lang='lat' dir='ltr'><strong>et</strong></span> <span class='ocrx_word' id='word_1_475' title='bbox 809 4095 1098 4155; x_wconf 67' lang='lat' dir='ltr'><strong>atdilicatur</strong></span> <span class='ocrx_word' id='word_1_476' title='bbox 1129 4098 1178 4150; x_wconf 93' lang='lat' dir='ltr'><strong>in</strong></span> <span class='ocrx_word' id='word_1_477' title='bbox 1206 4095 1328 4150; x_wconf 87' lang='lat' dir='ltr'><strong>ﬁde.</strong></span> <span class='ocrx_word' id='word_1_478' title='bbox 1361 4097 1446 4151; x_wconf 86' lang='grc'><strong>17.</strong></span> <span class='ocrx_word' id='word_1_479' title='bbox 1481 4095 1542 4148; x_wconf 86' lang='lat' dir='ltr'><strong>Et</strong></span> <span class='ocrx_word' id='word_1_480' title='bbox 1572 4097 1754 4150; x_wconf 77' lang='lat' dir='ltr'><strong>relictis</strong></span> <span class='ocrx_word' id='word_1_481' title='bbox 1779 4096 1849 4149; x_wconf 89' lang='lat' dir='ltr'><strong>eis</strong></span> <span class='ocrx_word' id='word_1_482' title='bbox 1874 4096 1995 4148; x_wconf 88' lang='lat' dir='ltr'><strong>abiit</strong></span> <span class='ocrx_word' id='word_1_483' title='bbox 2029 4101 2168 4166; x_wconf 80' lang='lat' dir='ltr'><strong>foras</strong></span> 
     </span>
    </p>
   </div>
   <div class='ocr_carea' id='block_1_62' title="bbox 593 4167 2170 4230">
    <p class='ocr_par' dir='ltr' id='par_1_62' title="bbox 593 4167 2170 4230">
     <span class='ocr_line' id='line_1_63' title="bbox 593 4167 2170 4230; baseline -0.004 -3"><span class='ocrx_word' id='word_1_484' title='bbox 593 4184 738 4226; x_wconf 82' lang='lat' dir='ltr'><strong>extra</strong></span> <span class='ocrx_word' id='word_1_485' title='bbox 779 4172 1026 4224; x_wconf 82' lang='lat' dir='ltr'><strong>civitatem</strong></span> <span class='ocrx_word' id='word_1_486' title='bbox 1063 4168 1116 4220; x_wconf 88' lang='lat' dir='ltr'><strong>in</strong></span> <span class='ocrx_word' id='word_1_487' title='bbox 1145 4167 1446 4220; x_wconf 86' lang='lat' dir='ltr'><strong>Bethaniam</strong></span> <span class='ocrx_word' id='word_1_488' title='bbox 1466 4208 1480 4230; x_wconf 88' lang='lat'><strong>,</strong></span> <span class='ocrx_word' id='word_1_489' title='bbox 1510 4177 1555 4218; x_wconf 89' lang='lat' dir='ltr'><strong>et</strong></span> <span class='ocrx_word' id='word_1_490' title='bbox 1598 4169 1780 4218; x_wconf 80' lang='lat' dir='ltr'><strong>mansit</strong></span> <span class='ocrx_word' id='word_1_491' title='bbox 1808 4167 1913 4219; x_wconf 90' lang='lat' dir='ltr'><strong>ibi:</strong></span> <span class='ocrx_word' id='word_1_492' title='bbox 1939 4176 1996 4218; x_wconf 90' lang='lat' dir='ltr'><strong>ut</strong></span> <span class='ocrx_word' id='word_1_493' title='bbox 2019 4182 2170 4221; x_wconf 85' lang='lat' dir='ltr'><strong>rece-</strong></span> 
     </span>
    </p>
   </div>
   <div class='ocr_carea' id='block_1_63' title="bbox 593 4235 2164 4307">
    <p class='ocr_par' dir='ltr' id='par_1_63' title="bbox 593 4235 2164 4307">
     <span class='ocr_line' id='line_1_64' title="bbox 593 4235 2164 4307; baseline -0.004 -11"><span class='ocrx_word' id='word_1_494' title='bbox 593 4243 769 4296; x_wconf 88' lang='lat' dir='ltr'><strong>dendo</strong></span> <span class='ocrx_word' id='word_1_495' title='bbox 805 4248 1196 4307; x_wconf 86' lang='lat' dir='ltr'><strong>compesceret,</strong></span> <span class='ocrx_word' id='word_1_496' title='bbox 1223 4251 1357 4306; x_wconf 90' lang='lat' dir='ltr'><strong>quos</strong></span> <span class='ocrx_word' id='word_1_497' title='bbox 1401 4235 1770 4304; x_wconf 86' lang='lat' dir='ltr'><strong>respondendo</strong></span> <span class='ocrx_word' id='word_1_498' title='bbox 1812 4237 2164 4307; x_wconf 88' lang='lat' dir='ltr'><strong>nonpotuit:</strong></span> 
     </span>
    </p>
   </div>
   <div class='ocr_carea' id='block_1_64' title="bbox 595 4306 2170 4382">
    <p class='ocr_par' dir='ltr' id='par_1_64' title="bbox 595 4306 2170 4382">
     <span class='ocr_line' id='line_1_65' title="bbox 595 4306 2170 4382; baseline -0.004 -17"><span class='ocrx_word' id='word_1_499' title='bbox 595 4311 715 4382; x_wconf 83' lang='lat' dir='ltr'><strong>quia</strong></span> <span class='ocrx_word' id='word_1_500' title='bbox 737 4306 942 4382; x_wconf 80' lang='lat' dir='ltr'><strong>malitia</strong></span> <span class='ocrx_word' id='word_1_501' title='bbox 963 4323 1067 4382; x_wconf 84' lang='lat' dir='ltr'><strong>non</strong></span> <span class='ocrx_word' id='word_1_502' title='bbox 1087 4308 1440 4382; x_wconf 82' lang='lat' dir='ltr'><strong>compescitur</strong></span> <span class='ocrx_word' id='word_1_503' title='bbox 1466 4307 1820 4382; x_wconf 68' lang='lat' dir='ltr'><strong>sermonibus,</strong></span> <span class='ocrx_word' id='word_1_504' title='bbox 1853 4306 1946 4382; x_wconf 78' lang='lat' dir='ltr'><strong>sed</strong></span> <span class='ocrx_word' id='word_1_505' title='bbox 1973 4307 2170 4382; x_wconf 81' lang='lat' dir='ltr'><strong>excita-</strong></span> 
     </span>
    </p>
   </div>
   <div class='ocr_carea' id='block_1_65' title="bbox 597 4375 2170 4446">
    <p class='ocr_par' dir='ltr' id='par_1_65' title="bbox 597 4375 2170 4446">
     <span class='ocr_line' id='line_1_66' title="bbox 597 4375 2170 4446; baseline -0.003 -12"><span class='ocrx_word' id='word_1_506' title='bbox 597 4375 704 4436; x_wconf 59' lang='lat' dir='ltr'><strong>t&#39;ur.</strong></span> <span class='ocrx_word' id='word_1_507' title='bbox 736 4380 927 4434; x_wconf 79' lang='lat' dir='ltr'><strong>Malum</strong></span> <span class='ocrx_word' id='word_1_508' title='bbox 956 4378 1097 4433; x_wconf 89' lang='lat' dir='ltr'><strong>enim</strong></span> <span class='ocrx_word' id='word_1_509' title='bbox 1131 4377 1398 4446; x_wconf 82' lang='lat' dir='ltr'><strong>hominem</strong></span> <span class='ocrx_word' id='word_1_510' title='bbox 1445 4376 1635 4446; x_wconf 85' lang='lat' dir='ltr'><strong>melius</strong></span> <span class='ocrx_word' id='word_1_511' title='bbox 1663 4376 1836 4446; x_wconf 86' lang='lat' dir='ltr'><strong>locum</strong></span> <span class='ocrx_word' id='word_1_512' title='bbox 1857 4375 2045 4446; x_wconf 89' lang='lat' dir='ltr'><strong>damlo</strong></span> <span class='ocrx_word' id='word_1_513' title='bbox 2077 4392 2170 4445; x_wconf 86' lang='lat' dir='ltr'><strong>p0-</strong></span> 
     </span>
    </p>
   </div>
   <div class='ocr_carea' id='block_1_66' title="bbox 597 4445 2174 4516">
    <p class='ocr_par' dir='ltr' id='par_1_66' title="bbox 597 4445 2174 4516">
     <span class='ocr_line' id='line_1_67' title="bbox 597 4445 2174 4516; baseline -0.003 -12"><span class='ocrx_word' id='word_1_514' title='bbox 597 4461 678 4505; x_wconf 87' lang='lat' dir='ltr'><strong>tes</strong></span> <span class='ocrx_word' id='word_1_515' title='bbox 721 4452 970 4511; x_wconf 87' lang='lat' dir='ltr'><strong>vincere,</strong></span> <span class='ocrx_word' id='word_1_516' title='bbox 1021 4462 1177 4516; x_wconf 90' lang='lat' dir='ltr'><strong>quam</strong></span> <span class='ocrx_word' id='word_1_517' title='bbox 1229 4445 1621 4514; x_wconf 71' lang='lat' dir='ltr'><strong>restioudendo.</strong></span> <span class='ocrx_word' id='word_1_518' title='bbox 1663 4445 1792 4498; x_wconf 87' lang='lat' dir='ltr'><strong>Nam</strong></span> <span class='ocrx_word' id='word_1_519' title='bbox 1824 4445 1865 4498; x_wconf 87' lang='lat' dir='ltr'><strong>si</strong></span> <span class='ocrx_word' id='word_1_520' title='bbox 1895 4447 2174 4500; x_wconf 84' lang='lat' dir='ltr'><strong>eontcudis</strong></span> 
     </span>
    </p>
   </div>
   <div class='ocr_carea' id='block_1_67' title="bbox 601 4516 2172 4585">
    <p class='ocr_par' dir='ltr' id='par_1_67' title="bbox 601 4516 2172 4585">
     <span class='ocr_line' id='line_1_68' title="bbox 601 4516 2172 4585; baseline -0.003 -11"><span class='ocrx_word' id='word_1_521' title='bbox 601 4519 1020 4574; x_wconf 87' lang='lat' dir='ltr'><strong>irrationabilem</strong></span> <span class='ocrx_word' id='word_1_522' title='bbox 1053 4517 1256 4570; x_wconf 91' lang='lat' dir='ltr'><strong>ratione</strong></span> <span class='ocrx_word' id='word_1_523' title='bbox 1300 4517 1528 4583; x_wconf 90' lang='lat' dir='ltr'><strong>placare,</strong></span> <span class='ocrx_word' id='word_1_524' title='bbox 1561 4526 1614 4569; x_wconf 90' lang='lat' dir='ltr'><strong>et</strong></span> <span class='ocrx_word' id='word_1_525' title='bbox 1643 4517 1788 4584; x_wconf 83' lang='lat' dir='ltr'><strong>illum</strong></span> <span class='ocrx_word' id='word_1_526' title='bbox 1820 4516 2132 4585; x_wconf 84' lang='lat' dir='ltr'><strong>uon.placas</strong></span> <span class='ocrx_word' id='word_1_527' title='bbox 2156 4557 2172 4581; x_wconf 93' lang='lat'><strong>,</strong></span> 
     </span>
    </p>
   </div>
   <div class='ocr_carea' id='block_1_68' title="bbox 597 4585 2172 4657">
    <p class='ocr_par' dir='ltr' id='par_1_68' title="bbox 597 4585 2172 4657">
     <span class='ocr_line' id='line_1_69' title="bbox 597 4585 2172 4657; baseline -0.003 -13"><span class='ocrx_word' id='word_1_528' title='bbox 597 4600 651 4644; x_wconf 87' lang='lat' dir='ltr'><strong>et</strong></span> <span class='ocrx_word' id='word_1_529' title='bbox 679 4590 902 4657; x_wconf 90' lang='lat' dir='ltr'><strong>teipsum</strong></span> <span class='ocrx_word' id='word_1_530' title='bbox 931 4588 1212 4657; x_wconf 86' lang='lat' dir='ltr'><strong>subvertis.</strong></span> <span class='ocrx_word' id='word_1_531' title='bbox 1242 4585 1308 4637; x_wconf 82' lang='lat' dir='ltr'><strong>Et</strong></span> <span class='ocrx_word' id='word_1_532' title='bbox 1337 4587 1520 4657; x_wconf 76' lang='lat' dir='ltr'><strong>mansit</strong></span> <span class='ocrx_word' id='word_1_533' title='bbox 1547 4585 1634 4639; x_wconf 86' lang='lat' dir='ltr'><strong>ibi.</strong></span> <span class='ocrx_word' id='word_1_534' title='bbox 1663 4585 1843 4638; x_wconf 84' lang='lat' dir='ltr'><strong>Noluit</strong></span> <span class='ocrx_word' id='word_1_535' title='bbox 1879 4601 2094 4640; x_wconf 85' lang='lat' dir='ltr'><strong>manere</strong></span> <span class='ocrx_word' id='word_1_536' title='bbox 2123 4587 2172 4640; x_wconf 89' lang='lat' dir='ltr'><strong>itt</strong></span> 
     </span>
    </p>
   </div>
   <div class='ocr_carea' id='block_1_69' title="bbox 598 4655 2173 4724">
    <p class='ocr_par' dir='ltr' id='par_1_69' title="bbox 598 4655 2173 4724">
     <span class='ocr_line' id='line_1_70' title="bbox 598 4655 2173 4724; baseline -0.002 -10"><span class='ocrx_word' id='word_1_537' title='bbox 598 4655 895 4714; x_wconf 78' lang='lat' dir='ltr'><strong>Jerusalem</strong></span> <span class='ocrx_word' id='word_1_538' title='bbox 915 4698 929 4722; x_wconf 96' lang='lat'><strong>,</strong></span> <span class='ocrx_word' id='word_1_539' title='bbox 957 4657 1025 4710; x_wconf 91' lang='lat' dir='ltr'><strong>de</strong></span> <span class='ocrx_word' id='word_1_540' title='bbox 1053 4671 1152 4724; x_wconf 90' lang='lat' dir='ltr'><strong>qua</strong></span> <span class='ocrx_word' id='word_1_541' title='bbox 1181 4656 1289 4723; x_wconf 90' lang='lat' dir='ltr'><strong>jam</strong></span> <span class='ocrx_word' id='word_1_542' title='bbox 1321 4655 1594 4709; x_wconf 88' lang='lat' dir='ltr'><strong>voluntate</strong></span> <span class='ocrx_word' id='word_1_543' title='bbox 1620 4667 1912 4710; x_wconf 85' lang='lat' dir='ltr'><strong>recesserat</strong></span> <span class='ocrx_word' id='word_1_544' title='bbox 1930 4697 1944 4720; x_wconf 90' lang='lat'><strong>,</strong></span> <span class='ocrx_word' id='word_1_545' title='bbox 1978 4672 2094 4723; x_wconf 81' lang='lat' dir='ltr'><strong>qua:</strong></span> <span class='ocrx_word' id='word_1_546' title='bbox 2121 4657 2173 4711; x_wconf 92' lang='lat' dir='ltr'><strong>in</strong></span> 
     </span>
    </p>
   </div>
   <div class='ocr_carea' id='block_1_70' title="bbox 602 4726 2172 4792">
    <p class='ocr_par' dir='ltr' id='par_1_70' title="bbox 602 4726 2172 4792">
     <span class='ocr_line' id='line_1_71' title="bbox 602 4726 2172 4792; baseline -0.001 -9"><span class='ocrx_word' id='word_1_547' title='bbox 602 4739 828 4783; x_wconf 84' lang='lat' dir='ltr'><strong>mortem</strong></span> <span class='ocrx_word' id='word_1_548' title='bbox 856 4726 1062 4782; x_wconf 89' lang='lat' dir='ltr'><strong>Domini</strong></span> <span class='ocrx_word' id='word_1_549' title='bbox 1089 4726 1170 4778; x_wconf 86' lang='lat' dir='ltr'><strong>sui</strong></span> <span class='ocrx_word' id='word_1_550' title='bbox 1196 4726 1306 4792; x_wconf 88' lang='lat' dir='ltr'><strong>jam</strong></span> <span class='ocrx_word' id='word_1_551' title='bbox 1333 4739 1522 4778; x_wconf 87' lang='lat' dir='ltr'><strong>manus</strong></span> <span class='ocrx_word' id='word_1_552' title='bbox 1551 4735 1781 4778; x_wconf 89' lang='lat' dir='ltr'><strong>armatas</strong></span> <span class='ocrx_word' id='word_1_553' title='bbox 1809 4726 2058 4789; x_wconf 87' lang='lat' dir='ltr'><strong>tenebat,</strong></span> <span class='ocrx_word' id='word_1_554' title='bbox 2084 4740 2172 4781; x_wconf 88' lang='lat' dir='ltr'><strong>se-</strong></span> 
     </span>
    </p>
   </div>
   <div class='ocr_carea' id='block_1_71' title="bbox 601 4795 2178 4868">
    <p class='ocr_par' dir='ltr' id='par_1_71' title="bbox 601 4795 2178 4868">
     <span class='ocr_line' id='line_1_72' title="bbox 601 4795 2178 4868; baseline 0 -17"><span class='ocrx_word' id='word_1_555' title='bbox 601 4799 768 4868; x_wconf 90' lang='lat' dir='ltr'><strong>ipsam</strong></span> <span class='ocrx_word' id='word_1_556' title='bbox 811 4797 980 4868; x_wconf 87' lang='lat' dir='ltr'><strong>magis</strong></span> <span class='ocrx_word' id='word_1_557' title='bbox 1030 4796 1268 4850; x_wconf 86' lang='lat' dir='ltr'><strong>occisura</strong></span> <span class='ocrx_word' id='word_1_558' title='bbox 1309 4809 1467 4868; x_wconf 78' lang='lat' dir='ltr'><strong>quam</strong></span> <span class='ocrx_word' id='word_1_559' title='bbox 1512 4795 1826 4868; x_wconf 80' lang='lat' dir='ltr'><strong>Dominum;</strong></span> <span class='ocrx_word' id='word_1_560' title='bbox 1859 4797 1962 4868; x_wconf 90' lang='lat' dir='ltr'><strong>sed</strong></span> <span class='ocrx_word' id='word_1_561' title='bbox 1983 4797 2178 4851; x_wconf 91' lang='lat' dir='ltr'><strong>mansit</strong></span> 
     </span>
    </p>
   </div>
   <div class='ocr_carea' id='block_1_72' title="bbox 600 4865 2180 4936">
    <p class='ocr_par' dir='ltr' id='par_1_72' title="bbox 600 4865 2180 4936">
     <span class='ocr_line' id='line_1_73' title="bbox 600 4865 2180 4936; baseline -0.003 -14"><span class='ocrx_word' id='word_1_562' title='bbox 600 4865 741 4936; x_wconf 79' lang='lat' dir='ltr'><strong>apud</strong></span> <span class='ocrx_word' id='word_1_563' title='bbox 771 4865 1027 4922; x_wconf 76' lang='lat' dir='ltr'><strong>Lazarum</strong></span> <span class='ocrx_word' id='word_1_564' title='bbox 1073 4874 1129 4918; x_wconf 87' lang='lat' dir='ltr'><strong>et</strong></span> <span class='ocrx_word' id='word_1_565' title='bbox 1173 4865 1560 4936; x_wconf 83' lang='lat' dir='ltr'><strong>sororesejus,</strong></span> <span class='ocrx_word' id='word_1_566' title='bbox 1590 4875 1649 4936; x_wconf 23' lang='lat' dir='ltr'><strong>ut.</strong></span> <span class='ocrx_word' id='word_1_567' title='bbox 1673 4865 1777 4936; x_wconf 83' lang='lat' dir='ltr'><strong>illic</strong></span> <span class='ocrx_word' id='word_1_568' title='bbox 1820 4867 2180 4936; x_wconf 78' lang='lat' dir='ltr'><strong>requiesceret</strong></span> 
     </span>
    </p>
   </div>
   <div class='ocr_carea' id='block_1_73' title="bbox 602 4931 2177 5006">
    <p class='ocr_par' dir='ltr' id='par_1_73' title="bbox 602 4931 2177 5006">
     <span class='ocr_line' id='line_1_74' title="bbox 602 4931 2177 5006; baseline 0.001 -16"><span class='ocrx_word' id='word_1_569' title='bbox 602 4931 986 5006; x_wconf 83' lang='lat' dir='ltr'><strong>corporaliter,</strong></span> <span class='ocrx_word' id='word_1_570' title='bbox 1030 4935 1116 4989; x_wconf 87' lang='lat' dir='ltr'><strong>ubi</strong></span> <span class='ocrx_word' id='word_1_571' title='bbox 1163 4943 1219 4988; x_wconf 90' lang='lat' dir='ltr'><strong>et</strong></span> <span class='ocrx_word' id='word_1_572' title='bbox 1278 4931 1620 5006; x_wconf 78' lang='lat' dir='ltr'><strong>spiritualiter</strong></span> <span class='ocrx_word' id='word_1_573' title='bbox 1647 4931 2001 5004; x_wconf 63' lang='lat' dir='ltr'><strong>&#39;t‘epattsabat.</strong></span> <span class='ocrx_word' id='word_1_574' title='bbox 2045 4935 2177 4991; x_wconf 85' lang='lat' dir='ltr'><strong>Nam</strong></span> 
     </span>
    </p>
   </div>
   <div class='ocr_carea' id='block_1_74' title="bbox 607 5005 2178 5072">
    <p class='ocr_par' dir='ltr' id='par_1_74' title="bbox 607 5005 2178 5072">
     <span class='ocr_line' id='line_1_75' title="bbox 607 5005 2178 5072; baseline 0.001 -14"><span class='ocrx_word' id='word_1_575' title='bbox 607 5005 908 5060; x_wconf 84' lang='lat' dir='ltr'><strong>sanctorum</strong></span> <span class='ocrx_word' id='word_1_576' title='bbox 935 5009 1168 5060; x_wconf 91' lang='lat' dir='ltr'><strong>virorum</strong></span> <span class='ocrx_word' id='word_1_577' title='bbox 1190 5014 1271 5058; x_wconf 79' lang='lat' dir='ltr'><strong>est</strong></span> <span class='ocrx_word' id='word_1_578' title='bbox 1291 5045 1306 5068; x_wconf 96' lang='lat'><strong>,</strong></span> <span class='ocrx_word' id='word_1_579' title='bbox 1337 5019 1438 5058; x_wconf 93' lang='lat' dir='ltr'><strong>non</strong></span> <span class='ocrx_word' id='word_1_580' title='bbox 1468 5005 1537 5057; x_wconf 92' lang='lat' dir='ltr'><strong>ibi</strong></span> <span class='ocrx_word' id='word_1_581' title='bbox 1566 5020 1806 5072; x_wconf 75' lang='lat' dir='ltr'><strong>quzerere</strong></span> <span class='ocrx_word' id='word_1_582' title='bbox 1827 5008 2178 5071; x_wconf 87' lang='lat' dir='ltr'><strong>mansionem,</strong></span> 
     </span>
    </p>
   </div>
   <div class='ocr_carea' id='block_1_75' title="bbox 606 5074 2182 5145">
    <p class='ocr_par' dir='ltr' id='par_1_75' title="bbox 606 5074 2182 5145">
     <span class='ocr_line' id='line_1_76' title="bbox 606 5074 2182 5145; baseline 0.004 -20"><span class='ocrx_word' id='word_1_583' title='bbox 606 5076 692 5127; x_wconf 83' lang='lat' dir='ltr'><strong>tibi</strong></span> <span class='ocrx_word' id='word_1_584' title='bbox 711 5077 961 5130; x_wconf 88' lang='lat' dir='ltr'><strong>clariores</strong></span> <span class='ocrx_word' id='word_1_585' title='bbox 987 5085 1108 5129; x_wconf 91' lang='lat' dir='ltr'><strong>sunt</strong></span> <span class='ocrx_word' id='word_1_586' title='bbox 1135 5074 1252 5138; x_wconf 89' lang='lat' dir='ltr'><strong>viri,</strong></span> <span class='ocrx_word' id='word_1_587' title='bbox 1276 5075 1368 5129; x_wconf 86' lang='lat' dir='ltr'><strong>sed</strong></span> <span class='ocrx_word' id='word_1_588' title='bbox 1392 5075 1478 5127; x_wconf 91' lang='lat' dir='ltr'><strong>ubi</strong></span> <span class='ocrx_word' id='word_1_589' title='bbox 1509 5074 1773 5128; x_wconf 85' lang='lat' dir='ltr'><strong>ﬁdeliores</strong></span> <span class='ocrx_word' id='word_1_590' title='bbox 1796 5090 1808 5125; x_wconf 88' lang='lat'><strong>:</strong></span> <span class='ocrx_word' id='word_1_591' title='bbox 1837 5091 1932 5129; x_wconf 91' lang='lat' dir='ltr'><strong>nec</strong></span> <span class='ocrx_word' id='word_1_592' title='bbox 1950 5077 2182 5145; x_wconf 84' lang='lat' dir='ltr'><strong>gaudent</strong></span> 
     </span>
    </p>
   </div>
   <div class='ocr_carea' id='block_1_76' title="bbox 605 5145 1949 5214">
    <p class='ocr_par' dir='ltr' id='par_1_76' title="bbox 605 5145 1949 5214">
     <span class='ocr_line' id='line_1_77' title="bbox 605 5145 1949 5214; baseline 0.001 -18"><span class='ocrx_word' id='word_1_593' title='bbox 605 5145 692 5198; x_wconf 83' lang='lat' dir='ltr'><strong>tibi</strong></span> <span class='ocrx_word' id='word_1_594' title='bbox 720 5146 891 5214; x_wconf 74' lang='lat' dir='ltr'><strong>epulae</strong></span> <span class='ocrx_word' id='word_1_595' title='bbox 914 5145 1073 5214; x_wconf 74' lang='lat' dir='ltr'><strong>larga:</strong></span> <span class='ocrx_word' id='word_1_596' title='bbox 1101 5155 1239 5210; x_wconf 90' lang='lat' dir='ltr'><strong>sunt,</strong></span> <span class='ocrx_word' id='word_1_597' title='bbox 1270 5145 1362 5199; x_wconf 89' lang='lat' dir='ltr'><strong>sed</strong></span> <span class='ocrx_word' id='word_1_598' title='bbox 1391 5145 1476 5198; x_wconf 93' lang='lat' dir='ltr'><strong>ubi</strong></span> <span class='ocrx_word' id='word_1_599' title='bbox 1505 5145 1753 5199; x_wconf 89' lang='lat' dir='ltr'><strong>sanctitas</strong></span> <span class='ocrx_word' id='word_1_600' title='bbox 1777 5145 1949 5200; x_wconf 88' lang='lat' dir='ltr'><strong>lloret.</strong></span> 
     </span>
    </p>
   </div>
   <div class='ocr_carea' id='block_1_77' title="bbox 906 5253 1880 5327">
    <p class='ocr_par' dir='ltr' id='par_1_77' title="bbox 906 5253 1880 5327">
     <span class='ocr_line' id='line_1_78' title="bbox 906 5253 1880 5327; baseline 0.001 -21"><span class='ocrx_word' id='word_1_601' title='bbox 906 5253 1129 5307; x_wconf 82' lang='lat' dir='ltr'><strong>Homilia</strong></span> <span class='ocrx_word' id='word_1_602' title='bbox 1170 5257 1348 5310; x_wconf 80' lang='lat' dir='ltr'><em>xxxix.</em></span> <span class='ocrx_word' id='word_1_603' title='bbox 1377 5273 1438 5310; x_wconf 89' lang='lat' dir='ltr'><strong>ex</strong></span> <span class='ocrx_word' id='word_1_604' title='bbox 1465 5257 1630 5327; x_wconf 84' lang='lat' dir='ltr'><strong>capite</strong></span> <span class='ocrx_word' id='word_1_605' title='bbox 1663 5259 1756 5326; x_wconf 80' lang='lat' dir='ltr'><em>xxj</em></span> <span class='ocrx_word' id='word_1_606' title='bbox 1784 5259 1880 5327; x_wconf 87' lang='lat' dir='ltr'><strong>(a).</strong></span> 
     </span>
    </p>
   </div>
   <div class='ocr_carea' id='block_1_78' title="bbox 678 5363 2185 5433">
    <p class='ocr_par' dir='ltr' id='par_1_78' title="bbox 678 5363 2185 5433">
     <span class='ocr_line' id='line_1_79' title="bbox 678 5363 2185 5433; baseline 0.004 -13"><span class='ocrx_word' id='word_1_607' title='bbox 678 5364 766 5420; x_wconf 87' lang='grc'><strong>18.</strong></span> <span class='ocrx_word' id='word_1_608' title='bbox 797 5363 952 5418; x_wconf 74' lang='lat' dir='ltr'><strong>Hane</strong></span> <span class='ocrx_word' id='word_1_609' title='bbox 973 5375 1140 5418; x_wconf 87' lang='lat' dir='ltr'><strong>autem</strong></span> <span class='ocrx_word' id='word_1_610' title='bbox 1164 5379 1407 5420; x_wconf 88' lang='lat' dir='ltr'><strong>revertens</strong></span> <span class='ocrx_word' id='word_1_611' title='bbox 1431 5368 1482 5419; x_wconf 89' lang='lat' dir='ltr'><strong>in</strong></span> <span class='ocrx_word' id='word_1_612' title='bbox 1502 5369 1767 5433; x_wconf 82' lang='lat' dir='ltr'><strong>civitatem,</strong></span> <span class='ocrx_word' id='word_1_613' title='bbox 1801 5371 1992 5431; x_wconf 80' lang='lat' dir='ltr'><strong>esuriit,</strong></span> <span class='ocrx_word' id='word_1_614' title='bbox 2019 5371 2106 5425; x_wconf 88' lang='grc'><strong>19.</strong></span> <span class='ocrx_word' id='word_1_615' title='bbox 2137 5382 2185 5426; x_wconf 87' lang='lat' dir='ltr'><strong>et</strong></span> 
     </span>
    </p>
   </div>
   <div class='ocr_carea' id='block_1_79' title="bbox 606 5434 2181 5506">
    <p class='ocr_par' dir='ltr' id='par_1_79' title="bbox 606 5434 2181 5506">
     <span class='ocr_line' id='line_1_80' title="bbox 606 5434 2181 5506; baseline 0.003 -18"><span class='ocrx_word' id='word_1_616' title='bbox 606 5435 778 5489; x_wconf 84' lang='lat' dir='ltr'><strong>videns</strong></span> <span class='ocrx_word' id='word_1_617' title='bbox 803 5435 889 5502; x_wconf 83' lang='lat' dir='ltr'><strong>ﬁci</strong></span> <span class='ocrx_word' id='word_1_618' title='bbox 927 5434 1156 5506; x_wconf 82' lang='lat' dir='ltr'><strong>arborem</strong></span> <span class='ocrx_word' id='word_1_619' title='bbox 1184 5452 1336 5489; x_wconf 86' lang='lat' dir='ltr'><strong>unam</strong></span> <span class='ocrx_word' id='word_1_620' title='bbox 1378 5453 1517 5490; x_wconf 85' lang='lat' dir='ltr'><strong>secus</strong></span> <span class='ocrx_word' id='word_1_621' title='bbox 1550 5440 1714 5498; x_wconf 87' lang='lat' dir='ltr'><strong>viam,</strong></span> <span class='ocrx_word' id='word_1_622' title='bbox 1761 5441 1891 5492; x_wconf 83' lang='lat' dir='ltr'><strong>venit</strong></span> <span class='ocrx_word' id='word_1_623' title='bbox 1937 5441 2004 5492; x_wconf 89' lang='lat' dir='ltr'><strong>ad</strong></span> <span class='ocrx_word' id='word_1_624' title='bbox 2032 5458 2141 5493; x_wconf 85' lang='lat' dir='ltr'><strong>eam</strong></span> <span class='ocrx_word' id='word_1_625' title='bbox 2164 5483 2181 5506; x_wconf 81' lang='lat'><strong>,</strong></span> 
     </span>
    </p>
   </div>
   <div class='ocr_carea' id='block_1_80' title="bbox 611 5505 2184 5576">
    <p class='ocr_par' dir='ltr' id='par_1_80' title="bbox 611 5505 2184 5576">
     <span class='ocr_line' id='line_1_81' title="bbox 611 5505 2184 5576; baseline 0.003 -18"><span class='ocrx_word' id='word_1_626' title='bbox 611 5515 656 5558; x_wconf 82' lang='lat' dir='ltr'><strong>et</strong></span> <span class='ocrx_word' id='word_1_627' title='bbox 685 5506 810 5559; x_wconf 81' lang='lat' dir='ltr'><strong>nihil</strong></span> <span class='ocrx_word' id='word_1_628' title='bbox 831 5505 1016 5559; x_wconf 79' lang='lat' dir='ltr'><strong>invenit</strong></span> <span class='ocrx_word' id='word_1_629' title='bbox 1040 5506 1093 5558; x_wconf 87' lang='lat' dir='ltr'><strong>in</strong></span> <span class='ocrx_word' id='word_1_630' title='bbox 1122 5522 1183 5560; x_wconf 89' lang='lat' dir='ltr'><strong>ea</strong></span> <span class='ocrx_word' id='word_1_631' title='bbox 1207 5507 1302 5558; x_wconf 89' lang='lat' dir='ltr'><strong>nisi</strong></span> <span class='ocrx_word' id='word_1_632' title='bbox 1330 5507 1454 5576; x_wconf 80' lang='lat' dir='ltr'><strong>folia</strong></span> <span class='ocrx_word' id='word_1_633' title='bbox 1479 5517 1694 5570; x_wconf 84' lang='lat' dir='ltr'><strong>tantum,</strong></span> <span class='ocrx_word' id='word_1_634' title='bbox 1717 5518 1762 5560; x_wconf 92' lang='lat' dir='ltr'><strong>et</strong></span> <span class='ocrx_word' id='word_1_635' title='bbox 1784 5510 1853 5561; x_wconf 88' lang='lat' dir='ltr'><strong>ait</strong></span> <span class='ocrx_word' id='word_1_636' title='bbox 1873 5509 1988 5563; x_wconf 89' lang='lat' dir='ltr'><strong>illi:</strong></span> <span class='ocrx_word' id='word_1_637' title='bbox 2021 5505 2184 5562; x_wconf 53' lang='lat' dir='ltr'><strong>Nam;</strong></span> 
     </span>
    </p>
   </div>
   <div class='ocr_carea' id='block_1_81' title="bbox 608 5576 2184 5646">
    <p class='ocr_par' dir='ltr' id='par_1_81' title="bbox 608 5576 2184 5646">
     <span class='ocr_line' id='line_1_82' title="bbox 608 5576 2184 5646; baseline 0.004 -17"><span class='ocrx_word' id='word_1_638' title='bbox 608 5593 758 5645; x_wconf 86' lang='lat' dir='ltr'><strong>quam</strong></span> <span class='ocrx_word' id='word_1_639' title='bbox 787 5592 848 5630; x_wconf 81' lang='lat' dir='ltr'><strong>ex</strong></span> <span class='ocrx_word' id='word_1_640' title='bbox 871 5585 918 5631; x_wconf 89' lang='lat' dir='ltr'><strong>te</strong></span> <span class='ocrx_word' id='word_1_641' title='bbox 941 5576 1137 5646; x_wconf 80' lang='lat' dir='ltr'><strong>[ructus</strong></span> <span class='ocrx_word' id='word_1_642' title='bbox 1165 5588 1404 5629; x_wconf 82' lang='lat' dir='ltr'><strong>nascatur</strong></span> <span class='ocrx_word' id='word_1_643' title='bbox 1437 5578 1489 5630; x_wconf 87' lang='lat' dir='ltr'><strong>in</strong></span> <span class='ocrx_word' id='word_1_644' title='bbox 1515 5578 1906 5646; x_wconf 83' lang='lat' dir='ltr'><strong>sempiternum,</strong></span> <span class='ocrx_word' id='word_1_645' title='bbox 1935 5590 2039 5635; x_wconf 90' lang='lat' dir='ltr'><strong>etc.</strong></span> <span class='ocrx_word' id='word_1_646' title='bbox 2069 5579 2184 5635; x_wconf 81' lang='lat' dir='ltr'><strong>Non</strong></span> 
     </span>
    </p>
   </div>
   <div class='ocr_carea' id='block_1_82' title="bbox 674 5711 1290 5776">
    <p class='ocr_par' dir='ltr' id='par_1_82' title="bbox 674 5711 1290 5776">
     <span class='ocr_line' id='line_1_83' title="bbox 674 5711 1290 5776; baseline -0.031 1"><span class='ocrx_word' id='word_1_647' title='bbox 674 5713 688 5776; x_wconf 67' lang='lat'><strong>&#39;.</strong></span> <span class='ocrx_word' id='word_1_648' title='bbox 726 5711 980 5776; x_wconf 43' lang='lat' dir='ltr'><strong>“hstium</strong></span> <span class='ocrx_word' id='word_1_649' title='bbox 1012 5711 1290 5776; x_wconf 79' lang='lat' dir='ltr'><strong>intelligant.</strong></span> 
     </span>
    </p>
   </div>
   <div class='ocr_carea' id='block_1_83' title="bbox 672 5772 2090 5838">
    <p class='ocr_par' dir='ltr' id='par_1_83' title="bbox 672 5772 2090 5838">
     <span class='ocr_line' id='line_1_84' title="bbox 672 5772 2090 5838; baseline 0.006 -22"><span class='ocrx_word' id='word_1_650' title='bbox 672 5773 742 5832; x_wconf 79' lang='grc' dir='ltr'><strong>(α)</strong></span> <span class='ocrx_word' id='word_1_651' title='bbox 775 5778 827 5820; x_wconf 81' lang='lat' dir='ltr'><strong>tu</strong></span> <span class='ocrx_word' id='word_1_652' title='bbox 857 5773 970 5822; x_wconf 84' lang='lat' dir='ltr'><strong>Cod.</strong></span> <span class='ocrx_word' id='word_1_653' title='bbox 1008 5781 1058 5823; x_wconf 78' lang='grc' dir='ltr'><strong>γ.</strong></span> <span class='ocrx_word' id='word_1_654' title='bbox 1086 5781 1137 5822; x_wconf 80' lang='lat' dir='ltr'><strong>l).</strong></span> <span class='ocrx_word' id='word_1_655' title='bbox 1165 5772 1282 5824; x_wconf 72' lang='grc' dir='ltr'>ἰιωο</span> <span class='ocrx_word' id='word_1_656' title='bbox 1313 5772 1508 5823; x_wconf 84' lang='lat' dir='ltr'><strong>Homilia</strong></span> <span class='ocrx_word' id='word_1_657' title='bbox 1535 5772 1830 5835; x_wconf 76' lang='lat' dir='ltr'><strong>prtecodenti</strong></span> <span class='ocrx_word' id='word_1_658' title='bbox 1858 5777 2090 5838; x_wconf 76' lang='lat' dir='ltr'><strong>jungitur.</strong></span> 
     </span>
    </p>
   </div>
   <div class='ocr_carea' id='block_1_84' title="bbox 2247 879 3816 952">
    <p class='ocr_par' dir='ltr' id='par_1_84' title="bbox 2247 879 3816 952">
     <span class='ocr_line' id='line_1_85' title="bbox 2247 879 3816 952; baseline 0.004 -20"><span class='ocrx_word' id='word_1_659' title='bbox 2247 895 2370 952; x_wconf 63' lang='lat' dir='ltr'><strong>[um</strong></span> <span class='ocrx_word' id='word_1_660' title='bbox 2386 881 2630 932; x_wconf 85' lang='lat' dir='ltr'><strong>salutem.</strong></span> <span class='ocrx_word' id='word_1_661' title='bbox 2660 879 2845 932; x_wconf 79' lang='lat' dir='ltr'><strong>Merito</strong></span> <span class='ocrx_word' id='word_1_662' title='bbox 2865 894 2994 952; x_wconf 85' lang='lat' dir='ltr'><strong>ergo</strong></span> <span class='ocrx_word' id='word_1_663' title='bbox 3015 883 3237 935; x_wconf 86' lang='lat' dir='ltr'><strong>veniens</strong></span> <span class='ocrx_word' id='word_1_664' title='bbox 3261 884 3324 934; x_wconf 88' lang='lat' dir='ltr'><strong>ad</strong></span> <span class='ocrx_word' id='word_1_665' title='bbox 3355 893 3570 952; x_wconf 83' lang='lat' dir='ltr'><strong>gentem</strong></span> <span class='ocrx_word' id='word_1_666' title='bbox 3592 884 3816 940; x_wconf 81' lang='lat' dir='ltr'><strong>Juda-am</strong></span> 
     </span>
    </p>
   </div>
   <div class='ocr_carea' id='block_1_85' title="bbox 2245 949 3817 1020">
    <p class='ocr_par' dir='ltr' id='par_1_85' title="bbox 2245 949 3817 1020">
     <span class='ocr_line' id='line_1_86' title="bbox 2245 949 3817 1020; baseline 0.004 -16"><span class='ocrx_word' id='word_1_667' title='bbox 2245 949 2526 1020; x_wconf 82' lang='lat' dir='ltr'><strong>Christus,</strong></span> <span class='ocrx_word' id='word_1_668' title='bbox 2561 963 2715 1020; x_wconf 84' lang='lat' dir='ltr'><strong>mane</strong></span> <span class='ocrx_word' id='word_1_669' title='bbox 2736 950 3037 1020; x_wconf 74' lang='lat' dir='ltr'><strong>esuriebat,</strong></span> <span class='ocrx_word' id='word_1_670' title='bbox 3062 967 3182 1004; x_wconf 92' lang='lat' dir='ltr'><strong>cum</strong></span> <span class='ocrx_word' id='word_1_671' title='bbox 3227 968 3320 1020; x_wconf 91' lang='lat' dir='ltr'><strong>per</strong></span> <span class='ocrx_word' id='word_1_672' title='bbox 3351 949 3429 1006; x_wconf 75' lang='lat' dir='ltr'><strong>tot</strong></span> <span class='ocrx_word' id='word_1_673' title='bbox 3471 955 3634 1006; x_wconf 89' lang='lat' dir='ltr'><strong>millia</strong></span> <span class='ocrx_word' id='word_1_674' title='bbox 3663 972 3817 1011; x_wconf 86' lang='lat' dir='ltr'><strong>anuo-</strong></span> 
     </span>
    </p>
   </div>
   <div class='ocr_carea' id='block_1_86' title="bbox 2247 1018 3820 1085">
    <p class='ocr_par' dir='ltr' id='par_1_86' title="bbox 2247 1018 3820 1085">
     <span class='ocr_line' id='line_1_87' title="bbox 2247 1018 3820 1085; baseline 0.004 -13"><span class='ocrx_word' id='word_1_675' title='bbox 2247 1034 2364 1073; x_wconf 91' lang='lat' dir='ltr'><strong>rum</strong></span> <span class='ocrx_word' id='word_1_676' title='bbox 2396 1019 2598 1072; x_wconf 90' lang='lat' dir='ltr'><strong>nullum</strong></span> <span class='ocrx_word' id='word_1_677' title='bbox 2622 1018 2840 1085; x_wconf 72' lang='lat' dir='ltr'><strong>justitizn</strong></span> <span class='ocrx_word' id='word_1_678' title='bbox 2863 1035 2974 1073; x_wconf 66' lang='lat' dir='ltr'><strong>sua:</strong></span> <span class='ocrx_word' id='word_1_679' title='bbox 3011 1018 3282 1075; x_wconf 77' lang='lat' dir='ltr'><strong>desiderat</strong></span> <span class='ocrx_word' id='word_1_680' title='bbox 3310 1025 3515 1078; x_wconf 91' lang='lat' dir='ltr'><strong>cibum.</strong></span> <span class='ocrx_word' id='word_1_681' title='bbox 3547 1023 3706 1078; x_wconf 74' lang='lat' dir='ltr'><strong>Mane</strong></span> <span class='ocrx_word' id='word_1_682' title='bbox 3740 1045 3820 1079; x_wconf 82' lang='lat' dir='ltr'><strong>att-</strong></span> 
     </span>
    </p>
   </div>
   <div class='ocr_carea' id='block_1_87' title="bbox 2248 1088 3819 1165">
    <p class='ocr_par' dir='ltr' id='par_1_87' title="bbox 2248 1088 3819 1165">
     <span class='ocr_line' id='line_1_88' title="bbox 2248 1088 3819 1165; baseline 0.001 -23"><span class='ocrx_word' id='word_1_683' title='bbox 2248 1097 2363 1165; x_wconf 75' lang='lat' dir='ltr'><strong>tem.</strong></span> <span class='ocrx_word' id='word_1_684' title='bbox 2396 1088 2449 1165; x_wconf 84' lang='lat' dir='ltr'><strong>Id</strong></span> <span class='ocrx_word' id='word_1_685' title='bbox 2477 1099 2594 1152; x_wconf 90' lang='lat' dir='ltr'><strong>est,</strong></span> <span class='ocrx_word' id='word_1_686' title='bbox 2631 1088 2836 1165; x_wconf 73' lang='lat' dir='ltr'><strong>initium</strong></span> <span class='ocrx_word' id='word_1_687' title='bbox 2863 1089 3191 1165; x_wconf 77' lang='lat' dir='ltr'><strong>duodecima:</strong></span> <span class='ocrx_word' id='word_1_688' title='bbox 3215 1091 3364 1145; x_wconf 75' lang='lat' dir='ltr'><strong>hom:</strong></span> <span class='ocrx_word' id='word_1_689' title='bbox 3387 1092 3505 1165; x_wconf 78' lang='lat' dir='ltr'><strong>,_de</strong></span> <span class='ocrx_word' id='word_1_690' title='bbox 3543 1109 3649 1162; x_wconf 86' lang='lat' dir='ltr'><strong>qua</strong></span> <span class='ocrx_word' id='word_1_691' title='bbox 3677 1113 3819 1165; x_wconf 72' lang='grc' dir='ltr'><strong>ειιρη</strong></span> 
     </span>
    </p>
   </div>
   <div class='ocr_carea' id='block_1_88' title="bbox 2249 1157 3821 1229">
    <p class='ocr_par' dir='ltr' id='par_1_88' title="bbox 2249 1157 3821 1229">
     <span class='ocr_line' id='line_1_89' title="bbox 2249 1157 3821 1229; baseline 0.005 -17"><span class='ocrx_word' id='word_1_692' title='bbox 2249 1159 2449 1226; x_wconf 88' lang='lat' dir='ltr'><strong>loquuti</strong></span> <span class='ocrx_word' id='word_1_693' title='bbox 2491 1172 2693 1212; x_wconf 92' lang='lat' dir='ltr'><strong>sumus.</strong></span> <span class='ocrx_word' id='word_1_694' title='bbox 2725 1157 2887 1229; x_wconf 82' lang='lat' dir='ltr'><strong>Vides</strong></span> <span class='ocrx_word' id='word_1_695' title='bbox 2930 1175 3058 1229; x_wconf 87' lang='lat' dir='ltr'><strong>ergo</strong></span> <span class='ocrx_word' id='word_1_696' title='bbox 3085 1161 3207 1228; x_wconf 87' lang='lat' dir='ltr'><strong>quia</strong></span> <span class='ocrx_word' id='word_1_697' title='bbox 3238 1157 3576 1217; x_wconf 71' lang='lat' dir='ltr'><strong>mutationes</strong></span> <span class='ocrx_word' id='word_1_698' title='bbox 3596 1166 3712 1218; x_wconf 79' lang='lat' dir='ltr'><strong>ista:</strong></span> <span class='ocrx_word' id='word_1_699' title='bbox 3735 1157 3821 1220; x_wconf 69' lang='lat' dir='ltr'><strong>sx-</strong></span> 
     </span>
    </p>
   </div>
   <div class='ocr_carea' id='block_1_89' title="bbox 2249 1228 3822 1296">
    <p class='ocr_par' dir='ltr' id='par_1_89' title="bbox 2249 1228 3822 1296">
     <span class='ocr_line' id='line_1_90' title="bbox 2249 1228 3822 1296; baseline 0.006 -14"><span class='ocrx_word' id='word_1_700' title='bbox 2249 1230 2354 1282; x_wconf 90' lang='lat' dir='ltr'><strong>culi</strong></span> <span class='ocrx_word' id='word_1_701' title='bbox 2381 1229 2496 1296; x_wconf 86' lang='lat' dir='ltr'><strong>ejus</strong></span> <span class='ocrx_word' id='word_1_702' title='bbox 2522 1239 2575 1282; x_wconf 87' lang='lat' dir='ltr'><strong>et</strong></span> <span class='ocrx_word' id='word_1_703' title='bbox 2606 1229 2750 1280; x_wconf 72' lang='lat' dir='ltr'><strong>liora:</strong></span> <span class='ocrx_word' id='word_1_704' title='bbox 2778 1228 3056 1294; x_wconf 85' lang='lat' dir='ltr'><strong>dicuntur,</strong></span> <span class='ocrx_word' id='word_1_705' title='bbox 3084 1238 3140 1284; x_wconf 85' lang='lat' dir='ltr'><strong>et</strong></span> <span class='ocrx_word' id='word_1_706' title='bbox 3175 1230 3294 1286; x_wconf 85' lang='lat' dir='ltr'><strong>dies</strong></span> <span class='ocrx_word' id='word_1_707' title='bbox 3326 1250 3340 1285; x_wconf 91' lang='lat'>:</span> <span class='ocrx_word' id='word_1_708' title='bbox 3371 1243 3426 1286; x_wconf 85' lang='lat' dir='ltr'><strong>et</strong></span> <span class='ocrx_word' id='word_1_709' title='bbox 3453 1234 3499 1285; x_wconf 87' lang='lat' dir='ltr'><strong>si</strong></span> <span class='ocrx_word' id='word_1_710' title='bbox 3526 1236 3822 1290; x_wconf 79' lang='lat' dir='ltr'><strong>Consideres</strong></span> 
     </span>
    </p>
   </div>
   <div class='ocr_carea' id='block_1_90' title="bbox 2250 1298 3822 1368">
    <p class='ocr_par' dir='ltr' id='par_1_90' title="bbox 2250 1298 3822 1368">
     <span class='ocr_line' id='line_1_91' title="bbox 2250 1298 3822 1368; baseline 0.006 -17"><span class='ocrx_word' id='word_1_711' title='bbox 2250 1313 2344 1367; x_wconf 88' lang='lat' dir='ltr'><strong>per</strong></span> <span class='ocrx_word' id='word_1_712' title='bbox 2368 1299 2571 1368; x_wconf 80' lang='lat' dir='ltr'><strong>singula</strong></span> <span class='ocrx_word' id='word_1_713' title='bbox 2598 1298 2790 1350; x_wconf 71' lang='lat' dir='ltr'><strong>smcula</strong></span> <span class='ocrx_word' id='word_1_714' title='bbox 2812 1339 2827 1363; x_wconf 94' lang='lat'><strong>,</strong></span> <span class='ocrx_word' id='word_1_715' title='bbox 2853 1299 3002 1367; x_wconf 71' lang='lat' dir='ltr'><strong>quasi</strong></span> <span class='ocrx_word' id='word_1_716' title='bbox 3026 1311 3081 1354; x_wconf 89' lang='lat' dir='ltr'><strong>et</strong></span> <span class='ocrx_word' id='word_1_717' title='bbox 3110 1316 3266 1354; x_wconf 90' lang='lat' dir='ltr'><strong>mane</strong></span> <span class='ocrx_word' id='word_1_718' title='bbox 3289 1343 3306 1368; x_wconf 94' lang='lat'><strong>,</strong></span> <span class='ocrx_word' id='word_1_719' title='bbox 3352 1303 3600 1358; x_wconf 84' lang='lat' dir='ltr'><strong>invenies</strong></span> <span class='ocrx_word' id='word_1_720' title='bbox 3649 1307 3755 1358; x_wconf 84' lang='lat' dir='ltr'><strong>ﬁeri</strong></span> <span class='ocrx_word' id='word_1_721' title='bbox 3778 1317 3822 1360; x_wconf 86' lang='lat' dir='ltr'><strong>et</strong></span> 
     </span>
    </p>
   </div>
   <div class='ocr_carea' id='block_1_91' title="bbox 2249 1368 3822 1443">
    <p class='ocr_par' dir='ltr' id='par_1_91' title="bbox 2249 1368 3822 1443">
     <span class='ocr_line' id='line_1_92' title="bbox 2249 1368 3822 1443; baseline 0.006 -23"><span class='ocrx_word' id='word_1_722' title='bbox 2249 1383 2489 1443; x_wconf 78' lang='lat' dir='ltr'><strong>chpere.</strong></span> <span class='ocrx_word' id='word_1_723' title='bbox 2517 1370 2660 1443; x_wconf 71' lang='lat' dir='ltr'><strong>Ecce</strong></span> <span class='ocrx_word' id='word_1_724' title='bbox 2683 1368 2874 1443; x_wconf 76' lang='lat' dir='ltr'><strong>factum</strong></span> <span class='ocrx_word' id='word_1_725' title='bbox 2901 1377 2984 1422; x_wconf 71' lang='lat' dir='ltr'><strong>est</strong></span> <span class='ocrx_word' id='word_1_726' title='bbox 3011 1385 3166 1443; x_wconf 83' lang='lat' dir='ltr'><strong>mane</strong></span> <span class='ocrx_word' id='word_1_727' title='bbox 3191 1386 3358 1443; x_wconf 83' lang='lat' dir='ltr'><strong>super</strong></span> <span class='ocrx_word' id='word_1_728' title='bbox 3386 1372 3559 1426; x_wconf 85' lang='lat' dir='ltr'><strong>Adam</strong></span> <span class='ocrx_word' id='word_1_729' title='bbox 3580 1414 3597 1435; x_wconf 89' lang='lat'><strong>,</strong></span> <span class='ocrx_word' id='word_1_730' title='bbox 3628 1376 3822 1443; x_wconf 83' lang='lat' dir='ltr'><strong>quando</strong></span> 
     </span>
    </p>
   </div>
   <div class='ocr_carea' id='block_1_92' title="bbox 2250 1437 3821 1511">
    <p class='ocr_par' dir='ltr' id='par_1_92' title="bbox 2250 1437 3821 1511">
     <span class='ocr_line' id='line_1_93' title="bbox 2250 1437 3821 1511; baseline 0.005 -20"><span class='ocrx_word' id='word_1_731' title='bbox 2250 1439 2596 1511; x_wconf 76' lang='lat' dir='ltr'><strong>creaviteum</strong></span> <span class='ocrx_word' id='word_1_732' title='bbox 2631 1437 2914 1511; x_wconf 59' lang='lat' dir='ltr'><strong>Doitiintts,</strong></span> <span class='ocrx_word' id='word_1_733' title='bbox 2941 1448 2995 1492; x_wconf 91' lang='lat' dir='ltr'><strong>et</strong></span> <span class='ocrx_word' id='word_1_734' title='bbox 3032 1439 3179 1494; x_wconf 87' lang='lat' dir='ltr'><strong>dedit</strong></span> <span class='ocrx_word' id='word_1_735' title='bbox 3205 1437 3603 1495; x_wconf 44' lang='lat' dir='ltr'><strong>ei—mandatutn</strong></span> <span class='ocrx_word' id='word_1_736' title='bbox 3623 1437 3821 1511; x_wconf 69' lang='lat' dir='ltr'><strong>justiti:</strong></span> 
     </span>
    </p>
   </div>
   <div class='ocr_carea' id='block_1_93' title="bbox 2251 1507 3821 1580">
    <p class='ocr_par' dir='ltr' id='par_1_93' title="bbox 2251 1507 3821 1580">
     <span class='ocr_line' id='line_1_94' title="bbox 2251 1507 3821 1580; baseline 0.006 -21"><span class='ocrx_word' id='word_1_737' title='bbox 2251 1509 2412 1580; x_wconf 84' lang='lat' dir='ltr'><strong>quasi</strong></span> <span class='ocrx_word' id='word_1_738' title='bbox 2452 1508 2643 1561; x_wconf 91' lang='lat' dir='ltr'><strong>lucem.</strong></span> <span class='ocrx_word' id='word_1_739' title='bbox 2693 1507 2892 1562; x_wconf 90' lang='lat' dir='ltr'><strong>Deinde</strong></span> <span class='ocrx_word' id='word_1_740' title='bbox 2941 1511 3107 1579; x_wconf 87' lang='lat' dir='ltr'><strong>magis</strong></span> <span class='ocrx_word' id='word_1_741' title='bbox 3133 1519 3292 1580; x_wconf 89' lang='lat' dir='ltr'><strong>atque</strong></span> <span class='ocrx_word' id='word_1_742' title='bbox 3342 1514 3518 1580; x_wconf 82' lang='lat' dir='ltr'><strong>magis</strong></span> <span class='ocrx_word' id='word_1_743' title='bbox 3564 1507 3821 1569; x_wconf 81' lang='lat' dir='ltr'><strong>hominum</strong></span> 
     </span>
    </p>
   </div>
   <div class='ocr_carea' id='block_1_94' title="bbox 2252 1578 3821 1651">
    <p class='ocr_par' dir='ltr' id='par_1_94' title="bbox 2252 1578 3821 1651">
     <span class='ocr_line' id='line_1_95' title="bbox 2252 1578 3821 1651; baseline 0.004 -19"><span class='ocrx_word' id='word_1_744' title='bbox 2252 1578 2544 1651; x_wconf 75' lang='lat' dir='ltr'><strong>iniquitate</strong></span> <span class='ocrx_word' id='word_1_745' title='bbox 2565 1587 2840 1651; x_wconf 86' lang='lat' dir='ltr'><strong>crescente</strong></span> <span class='ocrx_word' id='word_1_746' title='bbox 2864 1618 2878 1638; x_wconf 89' lang='lat'><strong>,</strong></span> <span class='ocrx_word' id='word_1_747' title='bbox 2906 1588 2957 1651; x_wconf 87' lang='lat' dir='ltr'><strong>et</strong></span> <span class='ocrx_word' id='word_1_748' title='bbox 2987 1578 3146 1651; x_wconf 82' lang='lat' dir='ltr'><strong>quasi</strong></span> <span class='ocrx_word' id='word_1_749' title='bbox 3181 1578 3342 1635; x_wconf 88' lang='lat' dir='ltr'><strong>nocte</strong></span> <span class='ocrx_word' id='word_1_750' title='bbox 3371 1578 3663 1648; x_wconf 79' lang='lat' dir='ltr'><strong>veniente,</strong></span> <span class='ocrx_word' id='word_1_751' title='bbox 3686 1586 3821 1651; x_wconf 85' lang='lat' dir='ltr'><strong>justi-</strong></span> 
     </span>
    </p>
   </div>
   <div class='ocr_carea' id='block_1_95' title="bbox 2255 1647 3820 1717">
    <p class='ocr_par' dir='ltr' id='par_1_95' title="bbox 2255 1647 3820 1717">
     <span class='ocr_line' id='line_1_96' title="bbox 2255 1647 3820 1717; baseline 0.004 -16"><span class='ocrx_word' id='word_1_752' title='bbox 2255 1649 2328 1701; x_wconf 92' lang='lat' dir='ltr'><strong>tia</strong></span> <span class='ocrx_word' id='word_1_753' title='bbox 2357 1649 2505 1717; x_wconf 90' lang='lat' dir='ltr'><strong>quasi</strong></span> <span class='ocrx_word' id='word_1_754' title='bbox 2533 1647 2620 1700; x_wconf 81' lang='lat' dir='ltr'><strong>lux</strong></span> <span class='ocrx_word' id='word_1_755' title='bbox 2648 1650 2870 1700; x_wconf 88' lang='lat' dir='ltr'><strong>recessit</strong></span> <span class='ocrx_word' id='word_1_756' title='bbox 2895 1650 2960 1702; x_wconf 92' lang='lat' dir='ltr'><strong>ab</strong></span> <span class='ocrx_word' id='word_1_757' title='bbox 2989 1650 3085 1703; x_wconf 90' lang='lat' dir='ltr'><strong>eis.</strong></span> <span class='ocrx_word' id='word_1_758' title='bbox 3135 1649 3334 1704; x_wconf 81' lang='lat' dir='ltr'><strong>lterum</strong></span> <span class='ocrx_word' id='word_1_759' title='bbox 3366 1651 3574 1705; x_wconf 78' lang='lat' dir='ltr'><strong>factum</strong></span> <span class='ocrx_word' id='word_1_760' title='bbox 3604 1647 3820 1708; x_wconf 55' lang='lat' dir='ltr'><strong>Stulte-</strong></span> 
     </span>
    </p>
   </div>
   <div class='ocr_carea' id='block_1_96' title="bbox 2251 1717 3822 1794">
    <p class='ocr_par' dir='ltr' id='par_1_96' title="bbox 2251 1717 3822 1794">
     <span class='ocr_line' id='line_1_97' title="bbox 2251 1717 3822 1794; baseline 0.004 -23"><span class='ocrx_word' id='word_1_761' title='bbox 2251 1733 2369 1772; x_wconf 88' lang='lat' dir='ltr'><strong>rutn</strong></span> <span class='ocrx_word' id='word_1_762' title='bbox 2403 1733 2586 1794; x_wconf 76' lang='lat' dir='ltr'><strong>mane.</strong></span> <span class='ocrx_word' id='word_1_763' title='bbox 2621 1717 2846 1794; x_wconf 66' lang='lat' dir='ltr'><strong>quando</strong></span> <span class='ocrx_word' id='word_1_764' title='bbox 2864 1718 3116 1794; x_wconf 69' lang='lat' dir='ltr'><strong>Dominus</strong></span> <span class='ocrx_word' id='word_1_765' title='bbox 3143 1721 3460 1794; x_wconf 69' lang='lat' dir='ltr'><strong>veniensad</strong></span> <span class='ocrx_word' id='word_1_766' title='bbox 3487 1722 3599 1794; x_wconf 77' lang='lat' dir='ltr'><strong>Noe</strong></span> <span class='ocrx_word' id='word_1_767' title='bbox 3627 1735 3822 1794; x_wconf 81' lang='lat' dir='ltr'><strong>propter</strong></span> 
     </span>
    </p>
   </div>
   <div class='ocr_carea' id='block_1_97' title="bbox 2254 1787 3824 1862">
    <p class='ocr_par' dir='ltr' id='par_1_97' title="bbox 2254 1787 3824 1862">
     <span class='ocr_line' id='line_1_98' title="bbox 2254 1787 3824 1862; baseline 0.004 -22"><span class='ocrx_word' id='word_1_768' title='bbox 2254 1787 2638 1862; x_wconf 77' lang='lat' dir='ltr'><strong>reparationem</strong></span> <span class='ocrx_word' id='word_1_769' title='bbox 2670 1788 2848 1840; x_wconf 70' lang='grc' dir='ltr'><strong>δωρειιὶ</strong></span> <span class='ocrx_word' id='word_1_770' title='bbox 2874 1829 2890 1854; x_wconf 86' lang='grc'><em>,</em></span> <span class='ocrx_word' id='word_1_771' title='bbox 2931 1789 2996 1841; x_wconf 87' lang='lat' dir='ltr'><strong>ad</strong></span> <span class='ocrx_word' id='word_1_772' title='bbox 3024 1805 3142 1862; x_wconf 84' lang='lat' dir='ltr'><strong>eum</strong></span> <span class='ocrx_word' id='word_1_773' title='bbox 3172 1800 3224 1843; x_wconf 89' lang='lat' dir='ltr'><strong>et</strong></span> <span class='ocrx_word' id='word_1_774' title='bbox 3252 1791 3320 1844; x_wconf 85' lang='lat' dir='ltr'><strong>ad</strong></span> <span class='ocrx_word' id='word_1_775' title='bbox 3340 1791 3496 1862; x_wconf 79' lang='lat' dir='ltr'><strong>ﬁlios</strong></span> <span class='ocrx_word' id='word_1_776' title='bbox 3525 1787 3639 1861; x_wconf 82' lang='lat' dir='ltr'><strong>ejus</strong></span> <span class='ocrx_word' id='word_1_777' title='bbox 3664 1787 3824 1862; x_wconf 73' lang='lat' dir='ltr'><strong>posuit</strong></span> 
     </span>
    </p>
   </div>
   <div class='ocr_carea' id='block_1_98' title="bbox 2249 1857 3821 1927">
    <p class='ocr_par' dir='ltr' id='par_1_98' title="bbox 2249 1857 3821 1927">
     <span class='ocr_line' id='line_1_99' title="bbox 2249 1857 3821 1927; baseline 0.006 -19"><span class='ocrx_word' id='word_1_778' title='bbox 2249 1857 2464 1924; x_wconf 80' lang='lat' dir='ltr'><strong>justitia:</strong></span> <span class='ocrx_word' id='word_1_779' title='bbox 2495 1867 2898 1922; x_wconf 88' lang='lat' dir='ltr'><strong>testamentum,</strong></span> <span class='ocrx_word' id='word_1_780' title='bbox 2931 1860 3076 1927; x_wconf 91' lang='lat' dir='ltr'><strong>quasi</strong></span> <span class='ocrx_word' id='word_1_781' title='bbox 3108 1860 3308 1914; x_wconf 85' lang='lat' dir='ltr'><strong>lumen.</strong></span> <span class='ocrx_word' id='word_1_782' title='bbox 3338 1857 3821 1917; x_wconf 55' lang='lat' dir='ltr'><strong>lterum&#39;crescentc</strong></span> 
     </span>
    </p>
   </div>
   <div class='ocr_carea' id='block_1_99' title="bbox 2256 1927 3822 1999">
    <p class='ocr_par' dir='ltr' id='par_1_99' title="bbox 2256 1927 3822 1999">
     <span class='ocr_line' id='line_1_100' title="bbox 2256 1927 3822 1999; baseline 0.006 -21"><span class='ocrx_word' id='word_1_783' title='bbox 2256 1927 2528 1999; x_wconf 78' lang='lat' dir='ltr'><strong>hominum</strong></span> <span class='ocrx_word' id='word_1_784' title='bbox 2576 1927 2850 1999; x_wconf 81' lang='lat' dir='ltr'><strong>iniquitate</strong></span> <span class='ocrx_word' id='word_1_785' title='bbox 2875 1930 3063 1999; x_wconf 24' lang='lat' dir='ltr'><strong>,7quasi</strong></span> <span class='ocrx_word' id='word_1_786' title='bbox 3093 1938 3249 1984; x_wconf 84' lang='lat' dir='ltr'><strong>nocte</strong></span> <span class='ocrx_word' id='word_1_787' title='bbox 3281 1933 3647 1999; x_wconf 65' lang='lat' dir='ltr'><strong>praevalente,</strong></span> <span class='ocrx_word' id='word_1_788' title='bbox 3672 1948 3822 1988; x_wconf 82' lang='lat' dir='ltr'><strong>reces-</strong></span> 
     </span>
    </p>
   </div>
   <div class='ocr_carea' id='block_1_100' title="bbox 2253 1995 3820 2068">
    <p class='ocr_par' dir='ltr' id='par_1_100' title="bbox 2253 1995 3820 2068">
     <span class='ocr_line' id='line_1_101' title="bbox 2253 1995 3820 2068; baseline 0.006 -20"><span class='ocrx_word' id='word_1_789' title='bbox 2253 1997 2322 2068; x_wconf 75' lang='lat' dir='ltr'><strong>sit</strong></span> <span class='ocrx_word' id='word_1_790' title='bbox 2349 1998 2416 2048; x_wconf 88' lang='lat' dir='ltr'><strong>ab</strong></span> <span class='ocrx_word' id='word_1_791' title='bbox 2436 1997 2513 2050; x_wconf 88' lang='lat' dir='ltr'><strong>eis</strong></span> <span class='ocrx_word' id='word_1_792' title='bbox 2541 1995 2655 2059; x_wconf 89' lang='lat' dir='ltr'><strong>sol,</strong></span> <span class='ocrx_word' id='word_1_793' title='bbox 2686 1995 2736 2048; x_wconf 89' lang='lat' dir='ltr'><strong>id</strong></span> <span class='ocrx_word' id='word_1_794' title='bbox 2756 2006 2868 2068; x_wconf 87' lang='lat' dir='ltr'><strong>est_,</strong></span> <span class='ocrx_word' id='word_1_795' title='bbox 2893 1995 3144 2051; x_wconf 84' lang='lat' dir='ltr'><strong>Dominus</strong></span> <span class='ocrx_word' id='word_1_796' title='bbox 3166 1995 3293 2053; x_wconf 83' lang='lat' dir='ltr'><strong>cum</strong></span> <span class='ocrx_word' id='word_1_797' title='bbox 3314 2001 3436 2055; x_wconf 90' lang='lat' dir='ltr'><strong>luce</strong></span> <span class='ocrx_word' id='word_1_798' title='bbox 3460 1995 3686 2068; x_wconf 69' lang='lat' dir='ltr'><strong>justitiaa</strong></span> <span class='ocrx_word' id='word_1_799' title='bbox 3710 2018 3820 2056; x_wconf 64' lang='lat' dir='ltr'><strong>sum.</strong></span> 
     </span>
    </p>
   </div>
   <div class='ocr_carea' id='block_1_101' title="bbox 2254 2064 3825 2142">
    <p class='ocr_par' dir='ltr' id='par_1_101' title="bbox 2254 2064 3825 2142">
     <span class='ocr_line' id='line_1_102' title="bbox 2254 2064 3825 2142; baseline 0.004 -23"><span class='ocrx_word' id='word_1_800' title='bbox 2254 2064 2446 2142; x_wconf 75' lang='lat' dir='ltr'><strong>lterum</strong></span> <span class='ocrx_word' id='word_1_801' title='bbox 2469 2077 2742 2142; x_wconf 82' lang='lat' dir='ltr'><strong>revertens</strong></span> <span class='ocrx_word' id='word_1_802' title='bbox 2765 2065 2970 2142; x_wconf 74' lang='lat' dir='ltr'><strong>reduxit</strong></span> <span class='ocrx_word' id='word_1_803' title='bbox 2993 2069 3203 2142; x_wconf 84' lang='lat' dir='ltr'><strong>tertium</strong></span> <span class='ocrx_word' id='word_1_804' title='bbox 3230 2086 3390 2126; x_wconf 90' lang='lat' dir='ltr'><strong>mane</strong></span> <span class='ocrx_word' id='word_1_805' title='bbox 3408 2113 3422 2132; x_wconf 89' lang='lat'><strong>,</strong></span> <span class='ocrx_word' id='word_1_806' title='bbox 3455 2064 3666 2142; x_wconf 78' lang='lat' dir='ltr'><strong>eligens</strong></span> <span class='ocrx_word' id='word_1_807' title='bbox 3685 2073 3825 2126; x_wconf 79' lang='lat' dir='ltr'><strong>Abra-</strong></span> 
     </span>
    </p>
   </div>
   <div class='ocr_carea' id='block_1_102' title="bbox 2255 2136 3822 2215">
    <p class='ocr_par' dir='ltr' id='par_1_102' title="bbox 2255 2136 3822 2215">
     <span class='ocr_line' id='line_1_103' title="bbox 2255 2136 3822 2215; baseline 0.003 -26"><span class='ocrx_word' id='word_1_808' title='bbox 2255 2137 2411 2214; x_wconf 85' lang='lat' dir='ltr'><strong>ham,</strong></span> <span class='ocrx_word' id='word_1_809' title='bbox 2441 2145 2493 2215; x_wconf 82' lang='lat' dir='ltr'><strong>et</strong></span> <span class='ocrx_word' id='word_1_810' title='bbox 2521 2136 2809 2190; x_wconf 89' lang='lat' dir='ltr'><strong>ostendens</strong></span> <span class='ocrx_word' id='word_1_811' title='bbox 2849 2136 2896 2189; x_wconf 91' lang='lat' dir='ltr'><strong>ei</strong></span> <span class='ocrx_word' id='word_1_812' title='bbox 2938 2139 3089 2205; x_wconf 91' lang='lat' dir='ltr'><strong>quasi</strong></span> <span class='ocrx_word' id='word_1_813' title='bbox 3135 2139 3312 2215; x_wconf 88' lang='lat' dir='ltr'><strong>lumen</strong></span> <span class='ocrx_word' id='word_1_814' title='bbox 3357 2136 3560 2215; x_wconf 62' lang='lat' dir='ltr'><strong>animi:</strong></span> <span class='ocrx_word' id='word_1_815' title='bbox 3606 2145 3822 2215; x_wconf 80' lang='lat' dir='ltr'><strong>notitiam</strong></span> 
     </span>
    </p>
   </div>
   <div class='ocr_carea' id='block_1_103' title="bbox 2251 2211 3826 2274">
    <p class='ocr_par' dir='ltr' id='par_1_103' title="bbox 2251 2211 3826 2274">
     <span class='ocr_line' id='line_1_104' title="bbox 2251 2211 3826 2274; baseline 0.003 -14"><span class='ocrx_word' id='word_1_816' title='bbox 2251 2211 2523 2271; x_wconf 85' lang='lat' dir='ltr'><strong>veritatis,</strong></span> <span class='ocrx_word' id='word_1_817' title='bbox 2555 2221 2756 2274; x_wconf 91' lang='lat' dir='ltr'><strong>ponens</strong></span> <span class='ocrx_word' id='word_1_818' title='bbox 2805 2215 3175 2262; x_wconf 84' lang='lat' dir='ltr'><strong>testamentum</strong></span> <span class='ocrx_word' id='word_1_819' title='bbox 3221 2211 3271 2262; x_wconf 90' lang='lat' dir='ltr'><strong>in</strong></span> <span class='ocrx_word' id='word_1_820' title='bbox 3317 2226 3386 2265; x_wconf 89' lang='lat' dir='ltr'><strong>eo</strong></span> <span class='ocrx_word' id='word_1_821' title='bbox 3415 2212 3826 2266; x_wconf 83' lang='lat' dir='ltr'><strong>circumcisionis</strong></span> 
     </span>
    </p>
   </div>
   <div class='ocr_carea' id='block_1_104' title="bbox 2255 2275 3826 2349">
    <p class='ocr_par' dir='ltr' id='par_1_104' title="bbox 2255 2275 3826 2349">
     <span class='ocr_line' id='line_1_105' title="bbox 2255 2275 3826 2349; baseline 0.002 -18"><span class='ocrx_word' id='word_1_822' title='bbox 2255 2285 2310 2349; x_wconf 83' lang='lat' dir='ltr'><strong>et</strong></span> <span class='ocrx_word' id='word_1_823' title='bbox 2355 2275 2497 2328; x_wconf 83' lang='lat' dir='ltr'><strong>ﬁdei.</strong></span> <span class='ocrx_word' id='word_1_824' title='bbox 2543 2275 3016 2349; x_wconf 74' lang='lat' dir='ltr'><strong>ltentprtevaleute</strong></span> <span class='ocrx_word' id='word_1_825' title='bbox 3061 2279 3339 2347; x_wconf 87' lang='lat' dir='ltr'><strong>iniquitate</strong></span> <span class='ocrx_word' id='word_1_826' title='bbox 3364 2283 3524 2349; x_wconf 76' lang='lat' dir='ltr'><strong>quasi</strong></span> <span class='ocrx_word' id='word_1_827' title='bbox 3572 2293 3726 2336; x_wconf 90' lang='lat' dir='ltr'><strong>nocte</strong></span> <span class='ocrx_word' id='word_1_828' title='bbox 3753 2297 3826 2334; x_wconf 66' lang='lat' dir='ltr'><strong>te</strong></span> 
     </span>
    </p>
   </div>
   <div class='ocr_carea' id='block_1_105' title="bbox 2256 2346 3825 2416">
    <p class='ocr_par' dir='ltr' id='par_1_105' title="bbox 2256 2346 3825 2416">
     <span class='ocr_line' id='line_1_106' title="bbox 2256 2346 3825 2416; baseline 0.003 -16"><span class='ocrx_word' id='word_1_829' title='bbox 2256 2347 2435 2400; x_wconf 87' lang='lat' dir='ltr'><strong>niente</strong></span> <span class='ocrx_word' id='word_1_830' title='bbox 2455 2387 2482 2416; x_wconf 16' lang='grc' dir='ltr'><strong>,ί</strong></span> <span class='ocrx_word' id='word_1_831' title='bbox 2503 2346 2723 2399; x_wconf 89' lang='lat' dir='ltr'><strong>recessit</strong></span> <span class='ocrx_word' id='word_1_832' title='bbox 2750 2346 2817 2398; x_wconf 91' lang='lat' dir='ltr'><strong>ab</strong></span> <span class='ocrx_word' id='word_1_833' title='bbox 2839 2347 2914 2400; x_wconf 89' lang='lat' dir='ltr'><strong>eis</strong></span> <span class='ocrx_word' id='word_1_834' title='bbox 2938 2386 2954 2409; x_wconf 91' lang='lat'><strong>,</strong></span> <span class='ocrx_word' id='word_1_835' title='bbox 2983 2346 3194 2416; x_wconf 88' lang='lat' dir='ltr'><strong>quando</strong></span> <span class='ocrx_word' id='word_1_836' title='bbox 3225 2351 3315 2402; x_wconf 89' lang='lat' dir='ltr'><strong>lilii</strong></span> <span class='ocrx_word' id='word_1_837' title='bbox 3345 2346 3516 2406; x_wconf 54' lang='lat' dir='ltr'><strong>Israel</strong></span> <span class='ocrx_word' id='word_1_838' title='bbox 3549 2352 3825 2406; x_wconf 84' lang='lat' dir='ltr'><strong>secundum</strong></span> 
     </span>
    </p>
   </div>
   <div class='ocr_carea' id='block_1_106' title="bbox 2257 2415 3827 2487">
    <p class='ocr_par' dir='ltr' id='par_1_106' title="bbox 2257 2415 3827 2487">
     <span class='ocr_line' id='line_1_107' title="bbox 2257 2415 3827 2487; baseline 0.003 -17"><span class='ocrx_word' id='word_1_839' title='bbox 2257 2417 2392 2471; x_wconf 89' lang='lat' dir='ltr'><strong>idola</strong></span> <span class='ocrx_word' id='word_1_840' title='bbox 2421 2415 2789 2487; x_wconf 68' lang='lat' dir='ltr'><strong>Aﬂgyptiorum</strong></span> <span class='ocrx_word' id='word_1_841' title='bbox 2816 2415 3078 2471; x_wconf 78' lang='lat' dir='ltr'><strong>vivebant.</strong></span> <span class='ocrx_word' id='word_1_842' title='bbox 3107 2419 3407 2487; x_wconf 84' lang='lat' dir='ltr'><strong>Numquam</strong></span> <span class='ocrx_word' id='word_1_843' title='bbox 3445 2423 3598 2475; x_wconf 88' lang='lat' dir='ltr'><strong>enim</strong></span> <span class='ocrx_word' id='word_1_844' title='bbox 3628 2421 3827 2474; x_wconf 51' lang='lat' dir='ltr'><strong>amitis</strong></span> 
     </span>
    </p>
   </div>
   <div class='ocr_carea' id='block_1_107' title="bbox 2257 2485 3826 2556">
    <p class='ocr_par' dir='ltr' id='par_1_107' title="bbox 2257 2485 3826 2556">
     <span class='ocr_line' id='line_1_108' title="bbox 2257 2485 3826 2556; baseline 0.002 -16"><span class='ocrx_word' id='word_1_845' title='bbox 2257 2498 2376 2540; x_wconf 89' lang='lat' dir='ltr'><strong>sent</strong></span> <span class='ocrx_word' id='word_1_846' title='bbox 2401 2502 2494 2539; x_wconf 81' lang='lat' dir='ltr'><strong>eos</strong></span> <span class='ocrx_word' id='word_1_847' title='bbox 2520 2485 2751 2556; x_wconf 61' lang='lat' dir='ltr'><strong>Egyptii</strong></span> <span class='ocrx_word' id='word_1_848' title='bbox 2773 2527 2788 2548; x_wconf 95' lang='lat'><strong>,</strong></span> <span class='ocrx_word' id='word_1_849' title='bbox 2820 2487 2864 2539; x_wconf 90' lang='lat' dir='ltr'><strong>si</strong></span> <span class='ocrx_word' id='word_1_850' title='bbox 2893 2497 3146 2554; x_wconf 83' lang='lat' dir='ltr'><strong>quantuni</strong></span> <span class='ocrx_word' id='word_1_851' title='bbox 3175 2489 3240 2542; x_wconf 89' lang='lat' dir='ltr'><strong>ad</strong></span> <span class='ocrx_word' id='word_1_852' title='bbox 3266 2485 3503 2556; x_wconf 81' lang='lat' dir='ltr'><strong>primatu</strong></span> <span class='ocrx_word' id='word_1_853' title='bbox 3536 2493 3725 2545; x_wconf 76' lang='lat' dir='ltr'><strong>[aciem</strong></span> <span class='ocrx_word' id='word_1_854' title='bbox 3751 2492 3826 2543; x_wconf 73' lang='lat' dir='ltr'><strong>lux</strong></span> 
     </span>
    </p>
   </div>
   <div class='ocr_carea' id='block_1_108' title="bbox 2258 2555 3830 2630">
    <p class='ocr_par' dir='ltr' id='par_1_108' title="bbox 2258 2555 3830 2630">
     <span class='ocr_line' id='line_1_109' title="bbox 2258 2555 3830 2630; baseline 0.003 -22"><span class='ocrx_word' id='word_1_855' title='bbox 2258 2558 2441 2630; x_wconf 67' lang='lat' dir='ltr'><strong>luisset</strong></span> <span class='ocrx_word' id='word_1_856' title='bbox 2471 2557 2522 2609; x_wconf 93' lang='lat' dir='ltr'><strong>in</strong></span> <span class='ocrx_word' id='word_1_857' title='bbox 2569 2555 2666 2630; x_wconf 83' lang='lat' dir='ltr'><strong>cis.</strong></span> <span class='ocrx_word' id='word_1_858' title='bbox 2718 2555 2846 2630; x_wconf 88' lang='lat' dir='ltr'><strong>Item</strong></span> <span class='ocrx_word' id='word_1_859' title='bbox 2895 2555 3342 2630; x_wconf 80' lang='lat' dir='ltr'><strong>redieus_quarto</strong></span> <span class='ocrx_word' id='word_1_860' title='bbox 3389 2577 3554 2615; x_wconf 84' lang='lat' dir='ltr'><strong>tuane</strong></span> <span class='ocrx_word' id='word_1_861' title='bbox 3602 2563 3830 2630; x_wconf 83' lang='lat' dir='ltr'><strong>apparuit</strong></span> 
     </span>
    </p>
   </div>
   <div class='ocr_carea' id='block_1_109' title="bbox 2258 2626 3829 2708">
    <p class='ocr_par' dir='ltr' id='par_1_109' title="bbox 2258 2626 3829 2708">
     <span class='ocr_line' id='line_1_110' title="bbox 2258 2626 3829 2708; baseline 0.003 -30"><span class='ocrx_word' id='word_1_862' title='bbox 2258 2626 2427 2708; x_wconf 46' lang='lat' dir='ltr'><strong>Mosi,</strong></span> <span class='ocrx_word' id='word_1_863' title='bbox 2456 2635 2512 2706; x_wconf 77' lang='lat' dir='ltr'><strong>et</strong></span> <span class='ocrx_word' id='word_1_864' title='bbox 2535 2626 2770 2708; x_wconf 72' lang='lat' dir='ltr'><strong>edocens</strong></span> <span class='ocrx_word' id='word_1_865' title='bbox 2803 2627 2962 2708; x_wconf 82' lang='lat' dir='ltr'><strong>Israel</strong></span> <span class='ocrx_word' id='word_1_866' title='bbox 2987 2627 3342 2708; x_wconf 50' lang='lat' dir='ltr'><strong>dengypto.</strong></span> <span class='ocrx_word' id='word_1_867' title='bbox 3385 2631 3572 2708; x_wconf 85' lang='lat' dir='ltr'><strong>lumen</strong></span> <span class='ocrx_word' id='word_1_868' title='bbox 3604 2626 3734 2700; x_wconf 77' lang='lat' dir='ltr'><strong>legis</strong></span> <span class='ocrx_word' id='word_1_869' title='bbox 3757 2644 3829 2708; x_wconf 80' lang='lat' dir='ltr'><strong>os-</strong></span> 
     </span>
    </p>
   </div>
   <div class='ocr_carea' id='block_1_110' title="bbox 2261 2695 3828 2766">
    <p class='ocr_par' dir='ltr' id='par_1_110' title="bbox 2261 2695 3828 2766">
     <span class='ocr_line' id='line_1_111' title="bbox 2261 2695 3828 2766; baseline 0.004 -17"><span class='ocrx_word' id='word_1_870' title='bbox 2261 2695 2426 2749; x_wconf 89' lang='lat' dir='ltr'><strong>tendit</strong></span> <span class='ocrx_word' id='word_1_871' title='bbox 2450 2695 2548 2766; x_wconf 88' lang='lat' dir='ltr'><strong>eis.</strong></span> <span class='ocrx_word' id='word_1_872' title='bbox 2561 2695 2692 2749; x_wconf 89' lang='lat' dir='ltr'><strong>Item</strong></span> <span class='ocrx_word' id='word_1_873' title='bbox 2707 2705 2988 2766; x_wconf 88' lang='lat' dir='ltr'><strong>crescente</strong></span> <span class='ocrx_word' id='word_1_874' title='bbox 3005 2695 3289 2766; x_wconf 81' lang='lat' dir='ltr'><strong>iniquitate</strong></span> <span class='ocrx_word' id='word_1_875' title='bbox 3304 2701 3467 2765; x_wconf 90' lang='lat' dir='ltr'><strong>quasi</strong></span> <span class='ocrx_word' id='word_1_876' title='bbox 3485 2695 3828 2756; x_wconf 44' lang='lat' dir='ltr'><strong>nocteilovis</strong></span> 
     </span>
    </p>
   </div>
   <div class='ocr_carea' id='block_1_111' title="bbox 2260 2765 3831 2834">
    <p class='ocr_par' dir='ltr' id='par_1_111' title="bbox 2260 2765 3831 2834">
     <span class='ocr_line' id='line_1_112' title="bbox 2260 2765 3831 2834; baseline 0.001 -14"><span class='ocrx_word' id='word_1_877' title='bbox 2260 2767 2392 2820; x_wconf 85' lang='lat' dir='ltr'><strong>siina</strong></span> <span class='ocrx_word' id='word_1_878' title='bbox 2413 2805 2430 2829; x_wconf 98' lang='lat'><strong>,</strong></span> <span class='ocrx_word' id='word_1_879' title='bbox 2461 2765 2675 2819; x_wconf 89' lang='lat' dir='ltr'><strong>deducti</strong></span> <span class='ocrx_word' id='word_1_880' title='bbox 2695 2774 2818 2818; x_wconf 91' lang='lat' dir='ltr'><strong>sunt</strong></span> <span class='ocrx_word' id='word_1_881' title='bbox 2842 2765 2895 2820; x_wconf 90' lang='lat' dir='ltr'><strong>in</strong></span> <span class='ocrx_word' id='word_1_882' title='bbox 2915 2767 3276 2834; x_wconf 87' lang='lat' dir='ltr'><strong>captivitatem</strong></span> <span class='ocrx_word' id='word_1_883' title='bbox 3306 2767 3400 2820; x_wconf 85' lang='lat' dir='ltr'><strong>lilii</strong></span> <span class='ocrx_word' id='word_1_884' title='bbox 3437 2771 3627 2822; x_wconf 80' lang='lat' dir='ltr'><strong>Israel.</strong></span> <span class='ocrx_word' id='word_1_885' title='bbox 3653 2768 3831 2823; x_wconf 75' lang='lat' dir='ltr'><strong>Rever-</strong></span> 
     </span>
    </p>
   </div>
   <div class='ocr_carea' id='block_1_112' title="bbox 2263 2834 3826 2905">
    <p class='ocr_par' dir='ltr' id='par_1_112' title="bbox 2263 2834 3826 2905">
     <span class='ocr_line' id='line_1_113' title="bbox 2263 2834 3826 2905; baseline 0.001 -16"><span class='ocrx_word' id='word_1_886' title='bbox 2263 2845 2381 2889; x_wconf 88' lang='lat' dir='ltr'><strong>tens</strong></span> <span class='ocrx_word' id='word_1_887' title='bbox 2413 2835 2603 2905; x_wconf 85' lang='lat' dir='ltr'><strong>iterum</strong></span> <span class='ocrx_word' id='word_1_888' title='bbox 2651 2834 2905 2905; x_wconf 85' lang='lat' dir='ltr'><strong>Dominus</strong></span> <span class='ocrx_word' id='word_1_889' title='bbox 2932 2835 3140 2890; x_wconf 77' lang='lat' dir='ltr'><strong>reduxit</strong></span> <span class='ocrx_word' id='word_1_890' title='bbox 3177 2837 3421 2905; x_wconf 92' lang='lat' dir='ltr'><strong>quintum</strong></span> <span class='ocrx_word' id='word_1_891' title='bbox 3469 2854 3662 2902; x_wconf 85' lang='lat' dir='ltr'><strong>mane,</strong></span> <span class='ocrx_word' id='word_1_892' title='bbox 3692 2854 3826 2891; x_wconf 81' lang='lat' dir='ltr'><strong>revo-</strong></span> 
     </span>
    </p>
   </div>
   <div class='ocr_carea' id='block_1_113' title="bbox 2261 2903 3829 2978">
    <p class='ocr_par' dir='ltr' id='par_1_113' title="bbox 2261 2903 3829 2978">
     <span class='ocr_line' id='line_1_114' title="bbox 2261 2903 3829 2978; baseline 0.001 -20"><span class='ocrx_word' id='word_1_893' title='bbox 2261 2904 2554 2978; x_wconf 72' lang='lat' dir='ltr'><strong>c.ms_ﬁlio_s</strong></span> <span class='ocrx_word' id='word_1_894' title='bbox 2596 2904 2756 2978; x_wconf 79' lang='lat' dir='ltr'><strong>lsrael</strong></span> <span class='ocrx_word' id='word_1_895' title='bbox 2780 2903 2848 2958; x_wconf 90' lang='lat' dir='ltr'><strong>de</strong></span> <span class='ocrx_word' id='word_1_896' title='bbox 2896 2903 3600 2978; x_wconf 33' lang='lat' dir='ltr'><strong>captivitate—,&quot;reslaurans</strong></span> <span class='ocrx_word' id='word_1_897' title='bbox 3641 2909 3829 2978; x_wconf 80' lang='lat' dir='ltr'><strong>plebem</strong></span> 
     </span>
    </p>
   </div>
   <div class='ocr_carea' id='block_1_114' title="bbox 2266 2974 3829 3043">
    <p class='ocr_par' dir='ltr' id='par_1_114' title="bbox 2266 2974 3829 3043">
     <span class='ocr_line' id='line_1_115' title="bbox 2266 2974 3829 3043; baseline 0.003 -17"><span class='ocrx_word' id='word_1_898' title='bbox 2266 2991 2357 3042; x_wconf 88' lang='lat' dir='ltr'><strong>per</strong></span> <span class='ocrx_word' id='word_1_899' title='bbox 2385 2974 2712 3039; x_wconf 88' lang='lat' dir='ltr'><strong>Zorobahel,</strong></span> <span class='ocrx_word' id='word_1_900' title='bbox 2763 2984 2818 3028; x_wconf 91' lang='lat' dir='ltr'><strong>et</strong></span> <span class='ocrx_word' id='word_1_901' title='bbox 2868 2989 2963 3043; x_wconf 88' lang='lat' dir='ltr'><strong>per</strong></span> <span class='ocrx_word' id='word_1_902' title='bbox 2987 2975 3164 3030; x_wconf 84' lang='lat' dir='ltr'><strong>Jesum</strong></span> <span class='ocrx_word' id='word_1_903' title='bbox 3211 2976 3378 3030; x_wconf 84' lang='lat' dir='ltr'><strong>ﬁliuni</strong></span> <span class='ocrx_word' id='word_1_904' title='bbox 3427 2974 3732 3043; x_wconf 69' lang='lat' dir='ltr'><strong>Iosedech,</strong></span> <span class='ocrx_word' id='word_1_905' title='bbox 3772 2978 3829 3030; x_wconf 78' lang='lat' dir='ltr'><strong>de</strong></span> 
     </span>
    </p>
   </div>
   <div class='ocr_carea' id='block_1_115' title="bbox 2263 3043 3828 3117">
    <p class='ocr_par' dir='ltr' id='par_1_115' title="bbox 2263 3043 3828 3117">
     <span class='ocr_line' id='line_1_116' title="bbox 2263 3043 3828 3117; baseline 0.001 -19"><span class='ocrx_word' id='word_1_906' title='bbox 2263 3056 2458 3099; x_wconf 75' lang='lat' dir='ltr'><strong>czetero</strong></span> <span class='ocrx_word' id='word_1_907' title='bbox 2488 3059 2746 3117; x_wconf 80' lang='lat' dir='ltr'><strong>reparans</strong></span> <span class='ocrx_word' id='word_1_908' title='bbox 2791 3043 2957 3117; x_wconf 79' lang='lat' dir='ltr'><strong>legem</strong></span> <span class='ocrx_word' id='word_1_909' title='bbox 2991 3061 3084 3113; x_wconf 89' lang='lat' dir='ltr'><strong>per</strong></span> <span class='ocrx_word' id='word_1_910' title='bbox 3116 3045 3341 3100; x_wconf 84' lang='lat' dir='ltr'><strong>Esdram</strong></span> <span class='ocrx_word' id='word_1_911' title='bbox 3375 3049 3714 3117; x_wconf 79' lang='lat' dir='ltr'><strong>prophetam.</strong></span> <span class='ocrx_word' id='word_1_912' title='bbox 3744 3050 3828 3100; x_wconf 84' lang='lat' dir='ltr'><strong>lte-</strong></span> 
     </span>
    </p>
   </div>
   <div class='ocr_carea' id='block_1_116' title="bbox 2265 3112 3826 3183">
    <p class='ocr_par' dir='ltr' id='par_1_116' title="bbox 2265 3112 3826 3183">
     <span class='ocr_line' id='line_1_117' title="bbox 2265 3112 3826 3183; baseline 0.001 -15"><span class='ocrx_word' id='word_1_913' title='bbox 2265 3131 2380 3168; x_wconf 91' lang='lat' dir='ltr'><strong>rutn</strong></span> <span class='ocrx_word' id='word_1_914' title='bbox 2407 3112 2686 3169; x_wconf 84' lang='lat' dir='ltr'><strong>crescente</strong></span> <span class='ocrx_word' id='word_1_915' title='bbox 2731 3112 3008 3182; x_wconf 86' lang='lat' dir='ltr'><strong>iniquitate</strong></span> <span class='ocrx_word' id='word_1_916' title='bbox 3034 3117 3184 3183; x_wconf 89' lang='lat' dir='ltr'><strong>quasi</strong></span> <span class='ocrx_word' id='word_1_917' title='bbox 3226 3112 3387 3170; x_wconf 78' lang='lat' dir='ltr'><strong>nocte</strong></span> <span class='ocrx_word' id='word_1_918' title='bbox 3413 3112 3692 3180; x_wconf 81' lang='lat' dir='ltr'><strong>veniente,</strong></span> <span class='ocrx_word' id='word_1_919' title='bbox 3718 3119 3826 3170; x_wconf 86' lang='lat' dir='ltr'><strong>sub-</strong></span> 
     </span>
    </p>
   </div>
   <div class='ocr_carea' id='block_1_117' title="bbox 2269 3184 3829 3256">
    <p class='ocr_par' dir='ltr' id='par_1_117' title="bbox 2269 3184 3829 3256">
     <span class='ocr_line' id='line_1_118' title="bbox 2269 3184 3829 3256; baseline 0.001 -18"><span class='ocrx_word' id='word_1_920' title='bbox 2269 3185 2426 3238; x_wconf 75' lang='lat' dir='ltr'><strong>traxit</strong></span> <span class='ocrx_word' id='word_1_921' title='bbox 2450 3184 2639 3256; x_wconf 24' lang='lat' dir='ltr'><strong>abAeis</strong></span> <span class='ocrx_word' id='word_1_922' title='bbox 2666 3185 2920 3256; x_wconf 87' lang='lat' dir='ltr'><strong>Dominus</strong></span> <span class='ocrx_word' id='word_1_923' title='bbox 2946 3186 3363 3256; x_wconf 83' lang='lat' dir='ltr'><strong>misericordiam</strong></span> <span class='ocrx_word' id='word_1_924' title='bbox 3407 3203 3560 3242; x_wconf 89' lang='lat' dir='ltr'><strong>suam</strong></span> <span class='ocrx_word' id='word_1_925' title='bbox 3592 3188 3736 3256; x_wconf 80' lang='lat' dir='ltr'><strong>quasi</strong></span> <span class='ocrx_word' id='word_1_926' title='bbox 3760 3189 3829 3240; x_wconf 82' lang='lat' dir='ltr'><strong>lu-</strong></span> 
     </span>
    </p>
   </div>
   <div class='ocr_carea' id='block_1_118' title="bbox 2265 3253 3828 3326">
    <p class='ocr_par' dir='ltr' id='par_1_118' title="bbox 2265 3253 3828 3326">
     <span class='ocr_line' id='line_1_119' title="bbox 2265 3253 3828 3326; baseline 0 -18"><span class='ocrx_word' id='word_1_927' title='bbox 2265 3271 2382 3326; x_wconf 87' lang='lat' dir='ltr'><strong>cem</strong></span> <span class='ocrx_word' id='word_1_928' title='bbox 2403 3297 2418 3317; x_wconf 93' lang='lat'><strong>,</strong></span> <span class='ocrx_word' id='word_1_929' title='bbox 2441 3263 2494 3309; x_wconf 91' lang='lat' dir='ltr'><strong>et</strong></span> <span class='ocrx_word' id='word_1_930' title='bbox 2521 3253 2643 3308; x_wconf 78' lang='lat' dir='ltr'><strong>facti</strong></span> <span class='ocrx_word' id='word_1_931' title='bbox 2683 3263 2807 3308; x_wconf 90' lang='lat' dir='ltr'><strong>sunt</strong></span> <span class='ocrx_word' id='word_1_932' title='bbox 2833 3254 3020 3309; x_wconf 90' lang='lat' dir='ltr'><strong>iterum</strong></span> <span class='ocrx_word' id='word_1_933' title='bbox 3043 3255 3142 3308; x_wconf 90' lang='lat' dir='ltr'><strong>sub</strong></span> <span class='ocrx_word' id='word_1_934' title='bbox 3168 3255 3536 3326; x_wconf 80' lang='lat' dir='ltr'><strong>Romanorum</strong></span> <span class='ocrx_word' id='word_1_935' title='bbox 3564 3253 3828 3326; x_wconf 69' lang='lat' dir='ltr'><strong>potestate.</strong></span> 
     </span>
    </p>
   </div>
   <div class='ocr_carea' id='block_1_119' title="bbox 2266 3324 3828 3382">
    <p class='ocr_par' dir='ltr' id='par_1_119' title="bbox 2266 3324 3828 3382">
     <span class='ocr_line' id='line_1_120' title="bbox 2266 3324 3828 3382; baseline -0.001 -2"><span class='ocrx_word' id='word_1_936' title='bbox 2266 3325 2429 3380; x_wconf 80' lang='lat' dir='ltr'><strong>Sexto</strong></span> <span class='ocrx_word' id='word_1_937' title='bbox 2457 3335 2634 3378; x_wconf 87' lang='lat' dir='ltr'><strong>autem</strong></span> <span class='ocrx_word' id='word_1_938' title='bbox 2667 3339 2824 3378; x_wconf 88' lang='lat' dir='ltr'><strong>mane</strong></span> <span class='ocrx_word' id='word_1_939' title='bbox 2871 3339 3118 3379; x_wconf 85' lang='lat' dir='ltr'><strong>reversus</strong></span> <span class='ocrx_word' id='word_1_940' title='bbox 3145 3335 3228 3379; x_wconf 90' lang='lat' dir='ltr'><strong>est</strong></span> <span class='ocrx_word' id='word_1_941' title='bbox 3267 3324 3521 3381; x_wconf 82' lang='lat' dir='ltr'><strong>Christus</strong></span> <span class='ocrx_word' id='word_1_942' title='bbox 3542 3324 3606 3381; x_wconf 67' lang='lat' dir='ltr'><strong>ad</strong></span> <span class='ocrx_word' id='word_1_943' title='bbox 3633 3329 3828 3382; x_wconf 85' lang='lat' dir='ltr'><strong>Jud:eos</strong></span> 
     </span>
    </p>
   </div>
   <div class='ocr_carea' id='block_1_120' title="bbox 2267 3394 3826 3463">
    <p class='ocr_par' dir='ltr' id='par_1_120' title="bbox 2267 3394 3826 3463">
     <span class='ocr_line' id='line_1_121' title="bbox 2267 3394 3826 3463; baseline 0 -14"><span class='ocrx_word' id='word_1_944' title='bbox 2267 3405 2322 3449; x_wconf 87' lang='lat' dir='ltr'><strong>et</strong></span> <span class='ocrx_word' id='word_1_945' title='bbox 2345 3404 2530 3463; x_wconf 83' lang='lat' dir='ltr'><strong>gentes</strong></span> <span class='ocrx_word' id='word_1_946' title='bbox 2549 3437 2564 3457; x_wconf 91' lang='lat'><strong>,</strong></span> <span class='ocrx_word' id='word_1_947' title='bbox 2595 3403 2650 3448; x_wconf 87' lang='lat' dir='ltr'><strong>et</strong></span> <span class='ocrx_word' id='word_1_948' title='bbox 2672 3394 2817 3448; x_wconf 85' lang='lat' dir='ltr'><strong>dedit</strong></span> <span class='ocrx_word' id='word_1_949' title='bbox 2841 3395 2920 3448; x_wconf 89' lang='lat' dir='ltr'><strong>eis</strong></span> <span class='ocrx_word' id='word_1_950' title='bbox 2949 3395 3182 3462; x_wconf 54' lang='lat' dir='ltr'><strong>seipsum</strong></span> <span class='ocrx_word' id='word_1_951' title='bbox 3231 3398 3715 3451; x_wconf 84' lang='lat' dir='ltr'><strong>manilestiSsituum</strong></span> <span class='ocrx_word' id='word_1_952' title='bbox 3743 3397 3826 3449; x_wconf 85' lang='lat' dir='ltr'><strong>lu-</strong></span> 
     </span>
    </p>
   </div>
   <div class='ocr_carea' id='block_1_121' title="bbox 2269 3463 3826 3530">
    <p class='ocr_par' dir='ltr' id='par_1_121' title="bbox 2269 3463 3826 3530">
     <span class='ocr_line' id='line_1_122' title="bbox 2269 3463 3826 3530; baseline 0 -12"><span class='ocrx_word' id='word_1_953' title='bbox 2269 3481 2411 3518; x_wconf 87' lang='lat' dir='ltr'><strong>men.</strong></span> <span class='ocrx_word' id='word_1_954' title='bbox 2443 3465 2612 3518; x_wconf 89' lang='lat' dir='ltr'><strong>Etiam</strong></span> <span class='ocrx_word' id='word_1_955' title='bbox 2661 3463 2851 3530; x_wconf 89' lang='lat' dir='ltr'><strong>modo,</strong></span> <span class='ocrx_word' id='word_1_956' title='bbox 2877 3469 3015 3518; x_wconf 90' lang='lat' dir='ltr'><strong>sicut</strong></span> <span class='ocrx_word' id='word_1_957' title='bbox 3042 3465 3229 3518; x_wconf 82' lang='lat' dir='ltr'><strong>videtis</strong></span> <span class='ocrx_word' id='word_1_958' title='bbox 3248 3507 3264 3528; x_wconf 94' lang='lat'><strong>,</strong></span> <span class='ocrx_word' id='word_1_959' title='bbox 3292 3466 3707 3522; x_wconf 88' lang='lat' dir='ltr'><strong>Christianorum</strong></span> <span class='ocrx_word' id='word_1_960' title='bbox 3732 3467 3826 3518; x_wconf 89' lang='lat' dir='ltr'><strong>ini-</strong></span> 
     </span>
    </p>
   </div>
   <div class='ocr_carea' id='block_1_122' title="bbox 2267 3535 3828 3604">
    <p class='ocr_par' dir='ltr' id='par_1_122' title="bbox 2267 3535 3828 3604">
     <span class='ocr_line' id='line_1_123' title="bbox 2267 3535 3828 3604; baseline 0.004 -20"><span class='ocrx_word' id='word_1_961' title='bbox 2267 3535 2470 3604; x_wconf 85' lang='lat' dir='ltr'><strong>quitate</strong></span> <span class='ocrx_word' id='word_1_962' title='bbox 2511 3543 2820 3599; x_wconf 87' lang='lat' dir='ltr'><strong>crescente,</strong></span> <span class='ocrx_word' id='word_1_963' title='bbox 2863 3535 3012 3603; x_wconf 84' lang='lat' dir='ltr'><strong>quasi</strong></span> <span class='ocrx_word' id='word_1_964' title='bbox 3055 3545 3210 3589; x_wconf 90' lang='lat' dir='ltr'><strong>nocte</strong></span> <span class='ocrx_word' id='word_1_965' title='bbox 3238 3538 3492 3592; x_wconf 85' lang='lat' dir='ltr'><strong>veniente</strong></span> <span class='ocrx_word' id='word_1_966' title='bbox 3517 3579 3530 3601; x_wconf 90' lang='lat'><strong>,</strong></span> <span class='ocrx_word' id='word_1_967' title='bbox 3579 3537 3828 3591; x_wconf 69' lang='lat' dir='ltr'><strong>recedet:</strong></span> 
     </span>
    </p>
   </div>
   <div class='ocr_carea' id='block_1_123' title="bbox 2271 3604 3829 3673">
    <p class='ocr_par' dir='ltr' id='par_1_123' title="bbox 2271 3604 3829 3673">
     <span class='ocr_line' id='line_1_124' title="bbox 2271 3604 3829 3673; baseline 0.001 -15"><span class='ocrx_word' id='word_1_968' title='bbox 2271 3605 2456 3669; x_wconf 92' lang='lat' dir='ltr'><strong>nobis,</strong></span> <span class='ocrx_word' id='word_1_969' title='bbox 2499 3614 2554 3658; x_wconf 93' lang='lat' dir='ltr'><strong>et</strong></span> <span class='ocrx_word' id='word_1_970' title='bbox 2591 3604 2794 3658; x_wconf 79' lang='lat' dir='ltr'><strong>auferet</strong></span> <span class='ocrx_word' id='word_1_971' title='bbox 2837 3605 3018 3673; x_wconf 82' lang='lat' dir='ltr'><strong>gratia:</strong></span> <span class='ocrx_word' id='word_1_972' title='bbox 3050 3620 3161 3657; x_wconf 77' lang='lat' dir='ltr'><strong>sua:</strong></span> <span class='ocrx_word' id='word_1_973' title='bbox 3205 3605 3388 3660; x_wconf 88' lang='lat' dir='ltr'><strong>lumen</strong></span> <span class='ocrx_word' id='word_1_974' title='bbox 3417 3623 3448 3660; x_wconf 90' lang='lat' dir='ltr'><strong>a</strong></span> <span class='ocrx_word' id='word_1_975' title='bbox 3497 3609 3682 3671; x_wconf 88' lang='lat' dir='ltr'><strong>nobis,</strong></span> <span class='ocrx_word' id='word_1_976' title='bbox 3707 3608 3829 3659; x_wconf 87' lang='lat' dir='ltr'><strong>sicut</strong></span> 
     </span>
    </p>
   </div>
   <div class='ocr_carea' id='block_1_124' title="bbox 2273 3673 3821 3744">
    <p class='ocr_par' dir='ltr' id='par_1_124' title="bbox 2273 3673 3821 3744">
     <span class='ocr_line' id='line_1_125' title="bbox 2273 3673 3821 3744; baseline 0.001 -17"><span class='ocrx_word' id='word_1_977' title='bbox 2273 3674 2385 3744; x_wconf 87' lang='lat' dir='ltr'><strong>ipse</strong></span> <span class='ocrx_word' id='word_1_978' title='bbox 2410 3684 2648 3738; x_wconf 88' lang='lat' dir='ltr'><strong>testatur,</strong></span> <span class='ocrx_word' id='word_1_979' title='bbox 2669 3673 2864 3744; x_wconf 85' lang='lat' dir='ltr'><strong>dicens</strong></span> <span class='ocrx_word' id='word_1_980' title='bbox 2894 3691 2906 3726; x_wconf 92' lang='lat'>:</span> <span class='ocrx_word' id='word_1_981' title='bbox 2940 3673 3120 3736; x_wconf 78' lang='lat' dir='ltr'><strong>Putas,</strong></span> <span class='ocrx_word' id='word_1_982' title='bbox 3145 3691 3259 3728; x_wconf 88' lang='lat' dir='ltr'><strong>cum</strong></span> <span class='ocrx_word' id='word_1_983' title='bbox 3287 3678 3476 3730; x_wconf 83' lang='lat' dir='ltr'><strong>venerit</strong></span> <span class='ocrx_word' id='word_1_984' title='bbox 3501 3677 3666 3730; x_wconf 78' lang='lat' dir='ltr'><strong>Filius</strong></span> <span class='ocrx_word' id='word_1_985' title='bbox 3685 3677 3821 3730; x_wconf 70' lang='lat' dir='ltr'><strong>homi-</strong></span> 
     </span>
    </p>
   </div>
   <div class='ocr_carea' id='block_1_125' title="bbox 2271 3743 3825 3815">
    <p class='ocr_par' dir='ltr' id='par_1_125' title="bbox 2271 3743 3825 3815">
     <span class='ocr_line' id='line_1_126' title="bbox 2271 3743 3825 3815; baseline 0.001 -19"><span class='ocrx_word' id='word_1_986' title='bbox 2271 3743 2376 3807; x_wconf 86' lang='lat' dir='ltr'><strong>nis,</strong></span> <span class='ocrx_word' id='word_1_987' title='bbox 2406 3745 2618 3797; x_wconf 82' lang='lat' dir='ltr'><strong>inveniet</strong></span> <span class='ocrx_word' id='word_1_988' title='bbox 2643 3743 2794 3815; x_wconf 76' lang='lat' dir='ltr'><strong>[idem</strong></span> <span class='ocrx_word' id='word_1_989' title='bbox 2820 3761 2969 3813; x_wconf 81' lang='lat' dir='ltr'><strong>super</strong></span> <span class='ocrx_word' id='word_1_990' title='bbox 2999 3753 3182 3797; x_wconf 88' lang='lat' dir='ltr'><strong>terram</strong></span> <span class='ocrx_word' id='word_1_991' title='bbox 3211 3747 3228 3813; x_wconf 94' lang='lat'>(</span> <span class='ocrx_word' id='word_1_992' title='bbox 3255 3745 3380 3799; x_wconf 85' lang='lat' dir='ltr'><strong>Luc.</strong></span> <span class='ocrx_word' id='word_1_993' title='bbox 3428 3749 3518 3802; x_wconf 82' lang='grc'><strong>18.</strong></span> <span class='ocrx_word' id='word_1_994' title='bbox 3545 3751 3578 3802; x_wconf 85' lang='grc'>8</span> <span class='ocrx_word' id='word_1_995' title='bbox 3601 3749 3649 3815; x_wconf 87' lang='lat'><strong>)?</strong></span> <span class='ocrx_word' id='word_1_996' title='bbox 3671 3747 3825 3814; x_wconf 81' lang='lat' dir='ltr'><strong>Septi-</strong></span> 
     </span>
    </p>
   </div>
   <div class='ocr_carea' id='block_1_126' title="bbox 2272 3813 3828 3880">
    <p class='ocr_par' dir='ltr' id='par_1_126' title="bbox 2272 3813 3828 3880">
     <span class='ocr_line' id='line_1_127' title="bbox 2272 3813 3828 3880; baseline 0 -13"><span class='ocrx_word' id='word_1_997' title='bbox 2272 3829 2418 3868; x_wconf 91' lang='lat' dir='ltr'><strong>mum</strong></span> <span class='ocrx_word' id='word_1_998' title='bbox 2448 3825 2622 3867; x_wconf 86' lang='lat' dir='ltr'><strong>autem</strong></span> <span class='ocrx_word' id='word_1_999' title='bbox 2673 3813 2846 3867; x_wconf 88' lang='lat' dir='ltr'><strong>lumen</strong></span> <span class='ocrx_word' id='word_1_1000' title='bbox 2891 3815 3112 3868; x_wconf 92' lang='lat' dir='ltr'><strong>daturus</strong></span> <span class='ocrx_word' id='word_1_1001' title='bbox 3155 3826 3238 3869; x_wconf 89' lang='lat' dir='ltr'><strong>est</strong></span> <span class='ocrx_word' id='word_1_1002' title='bbox 3281 3817 3464 3880; x_wconf 90' lang='lat' dir='ltr'><strong>nobis,</strong></span> <span class='ocrx_word' id='word_1_1003' title='bbox 3494 3813 3616 3871; x_wconf 83' lang='lat' dir='ltr'><strong>cum</strong></span> <span class='ocrx_word' id='word_1_1004' title='bbox 3648 3813 3828 3870; x_wconf 79' lang='lat' dir='ltr'><strong>venerit</strong></span> 
     </span>
    </p>
   </div>
   <div class='ocr_carea' id='block_1_127' title="bbox 2273 3883 3826 3954">
    <p class='ocr_par' dir='ltr' id='par_1_127' title="bbox 2273 3883 3826 3954">
     <span class='ocr_line' id='line_1_128' title="bbox 2273 3883 3826 3954; baseline 0.002 -18"><span class='ocrx_word' id='word_1_1005' title='bbox 2273 3885 2495 3938; x_wconf 84' lang='lat' dir='ltr'><strong>reddere</strong></span> <span class='ocrx_word' id='word_1_1006' title='bbox 2521 3883 2740 3952; x_wconf 75' lang='lat' dir='ltr'><strong>singulis</strong></span> <span class='ocrx_word' id='word_1_1007' title='bbox 2765 3885 3056 3937; x_wconf 89' lang='lat' dir='ltr'><strong>secumlmu</strong></span> <span class='ocrx_word' id='word_1_1008' title='bbox 3096 3900 3257 3954; x_wconf 90' lang='lat' dir='ltr'><strong>opera</strong></span> <span class='ocrx_word' id='word_1_1009' title='bbox 3285 3901 3496 3941; x_wconf 89' lang='lat' dir='ltr'><strong>eorum.</strong></span> <span class='ocrx_word' id='word_1_1010' title='bbox 3531 3889 3596 3940; x_wconf 81' lang='lat' dir='ltr'><strong>Et</strong></span> <span class='ocrx_word' id='word_1_1011' title='bbox 3619 3889 3826 3954; x_wconf 84' lang='lat' dir='ltr'><strong>quoties-</strong></span> 
     </span>
    </p>
   </div>
   <div class='ocr_carea' id='block_1_128' title="bbox 2273 3955 3827 4022">
    <p class='ocr_par' dir='ltr' id='par_1_128' title="bbox 2273 3955 3827 4022">
     <span class='ocr_line' id='line_1_129' title="bbox 2273 3955 3827 4022; baseline 0.001 -15"><span class='ocrx_word' id='word_1_1012' title='bbox 2273 3969 2498 4022; x_wconf 91' lang='lat' dir='ltr'><strong>cumque</strong></span> <span class='ocrx_word' id='word_1_1013' title='bbox 2525 3962 2739 4022; x_wconf 87' lang='lat' dir='ltr'><strong>peccata</strong></span> <span class='ocrx_word' id='word_1_1014' title='bbox 2770 3955 3040 4007; x_wconf 88' lang='lat' dir='ltr'><strong>hominum</strong></span> <span class='ocrx_word' id='word_1_1015' title='bbox 3070 3955 3406 4022; x_wconf 69' lang='lat' dir='ltr'><strong>prtevalcntia</strong></span> <span class='ocrx_word' id='word_1_1016' title='bbox 3427 3959 3713 4011; x_wconf 78' lang='lat' dir='ltr'><strong>excludunt</strong></span> <span class='ocrx_word' id='word_1_1017' title='bbox 3731 3973 3755 4008; x_wconf 85' lang='lat' dir='ltr'><strong>a</strong></span> <span class='ocrx_word' id='word_1_1018' title='bbox 3779 3971 3827 4009; x_wconf 84' lang='lat' dir='ltr'><strong>se</strong></span> 
     </span>
    </p>
   </div>
   <div class='ocr_carea' id='block_1_129' title="bbox 2277 4023 3827 4095">
    <p class='ocr_par' dir='ltr' id='par_1_129' title="bbox 2277 4023 3827 4095">
     <span class='ocr_line' id='line_1_130' title="bbox 2277 4023 3827 4095; baseline 0.002 -19"><span class='ocrx_word' id='word_1_1019' title='bbox 2277 4023 2692 4078; x_wconf 83' lang='lat' dir='ltr'><strong>misericordiam</strong></span> <span class='ocrx_word' id='word_1_1020' title='bbox 2742 4025 2868 4086; x_wconf 88' lang='lat' dir='ltr'><strong>Dei,</strong></span> <span class='ocrx_word' id='word_1_1021' title='bbox 2902 4024 3028 4077; x_wconf 93' lang='lat' dir='ltr'><strong>illud</strong></span> <span class='ocrx_word' id='word_1_1022' title='bbox 3076 4035 3284 4093; x_wconf 91' lang='lat' dir='ltr'><strong>tempus</strong></span> <span class='ocrx_word' id='word_1_1023' title='bbox 3314 4042 3416 4079; x_wconf 77' lang='lat' dir='ltr'><strong>uox</strong></span> <span class='ocrx_word' id='word_1_1024' title='bbox 3444 4027 3643 4081; x_wconf 88' lang='lat' dir='ltr'><strong>dicitur</strong></span> <span class='ocrx_word' id='word_1_1025' title='bbox 3674 4047 3686 4080; x_wconf 92' lang='lat'>:</span> <span class='ocrx_word' id='word_1_1026' title='bbox 3715 4043 3827 4095; x_wconf 89' lang='lat' dir='ltr'><strong>quo-</strong></span> 
     </span>
    </p>
   </div>
   <div class='ocr_carea' id='block_1_130' title="bbox 2276 4095 3826 4167">
    <p class='ocr_par' dir='ltr' id='par_1_130' title="bbox 2276 4095 3826 4167">
     <span class='ocr_line' id='line_1_131' title="bbox 2276 4095 3826 4167; baseline 0 -20"><span class='ocrx_word' id='word_1_1027' title='bbox 2276 4095 2601 4167; x_wconf 86' lang='lat' dir='ltr'><strong>tiescumque</strong></span> <span class='ocrx_word' id='word_1_1028' title='bbox 2655 4105 2832 4147; x_wconf 88' lang='lat' dir='ltr'><strong>autem</strong></span> <span class='ocrx_word' id='word_1_1029' title='bbox 2881 4095 3240 4167; x_wconf 85' lang='lat' dir='ltr'><strong>misericordia</strong></span> <span class='ocrx_word' id='word_1_1030' title='bbox 3277 4096 3368 4150; x_wconf 85' lang='lat' dir='ltr'><strong>Dei</strong></span> <span class='ocrx_word' id='word_1_1031' title='bbox 3398 4100 3693 4167; x_wconf 68' lang='lat' dir='ltr'><strong>praevalens</strong></span> <span class='ocrx_word' id='word_1_1032' title='bbox 3739 4112 3826 4148; x_wconf 88' lang='lat' dir='ltr'><strong>non</strong></span> 
     </span>
    </p>
   </div>
   <div class='ocr_carea' id='block_1_131' title="bbox 2275 4165 3824 4232">
    <p class='ocr_par' dir='ltr' id='par_1_131' title="bbox 2275 4165 3824 4232">
     <span class='ocr_line' id='line_1_132' title="bbox 2275 4165 3824 4232; baseline 0.001 -16"><span class='ocrx_word' id='word_1_1033' title='bbox 2275 4165 2462 4232; x_wconf 91' lang='lat' dir='ltr'><strong>aspicit</strong></span> <span class='ocrx_word' id='word_1_1034' title='bbox 2495 4175 2708 4232; x_wconf 90' lang='lat' dir='ltr'><strong>peccata</strong></span> <span class='ocrx_word' id='word_1_1035' title='bbox 2752 4173 2929 4218; x_wconf 87' lang='lat' dir='ltr'><strong>nostra</strong></span> <span class='ocrx_word' id='word_1_1036' title='bbox 2951 4205 2966 4226; x_wconf 87' lang='lat'><strong>,</strong></span> <span class='ocrx_word' id='word_1_1037' title='bbox 2993 4165 3086 4217; x_wconf 87' lang='lat' dir='ltr'><strong>sed</strong></span> <span class='ocrx_word' id='word_1_1038' title='bbox 3117 4166 3297 4218; x_wconf 87' lang='lat' dir='ltr'><strong>visitat</strong></span> <span class='ocrx_word' id='word_1_1039' title='bbox 3325 4165 3571 4222; x_wconf 81' lang='lat' dir='ltr'><strong>homines</strong></span> <span class='ocrx_word' id='word_1_1040' title='bbox 3599 4170 3649 4221; x_wconf 87' lang='lat' dir='ltr'><strong>iit</strong></span> <span class='ocrx_word' id='word_1_1041' title='bbox 3677 4169 3824 4226; x_wconf 84' lang='lat' dir='ltr'><strong>bono,</strong></span> 
     </span>
    </p>
   </div>
   <div class='ocr_carea' id='block_1_132' title="bbox 2276 4233 3825 4302">
    <p class='ocr_par' dir='ltr' id='par_1_132' title="bbox 2276 4233 3825 4302">
     <span class='ocr_line' id='line_1_133' title="bbox 2276 4233 3825 4302; baseline 0.001 -15"><span class='ocrx_word' id='word_1_1042' title='bbox 2276 4237 2390 4288; x_wconf 87' lang='lat' dir='ltr'><strong>dies</strong></span> <span class='ocrx_word' id='word_1_1043' title='bbox 2415 4234 2608 4287; x_wconf 74' lang='lat' dir='ltr'><strong>dicitur</strong></span> <span class='ocrx_word' id='word_1_1044' title='bbox 2636 4233 2865 4286; x_wconf 81' lang='lat' dir='ltr'><strong>visitatio</strong></span> <span class='ocrx_word' id='word_1_1045' title='bbox 2892 4233 3026 4302; x_wconf 84' lang='lat' dir='ltr'><strong>ejus.</strong></span> <span class='ocrx_word' id='word_1_1046' title='bbox 3077 4236 3143 4290; x_wconf 84' lang='lat' dir='ltr'><strong>Ut</strong></span> <span class='ocrx_word' id='word_1_1047' title='bbox 3188 4235 3331 4289; x_wconf 89' lang='lat' dir='ltr'><strong>scias</strong></span> <span class='ocrx_word' id='word_1_1048' title='bbox 3362 4247 3542 4292; x_wconf 87' lang='lat' dir='ltr'><strong>autem</strong></span> <span class='ocrx_word' id='word_1_1049' title='bbox 3569 4239 3636 4292; x_wconf 90' lang='lat' dir='ltr'><strong>de</strong></span> <span class='ocrx_word' id='word_1_1050' title='bbox 3664 4248 3825 4297; x_wconf 76' lang='lat' dir='ltr'><strong>nocte.</strong></span> 
     </span>
    </p>
   </div>
   <div class='ocr_carea' id='block_1_133' title="bbox 2277 4303 3826 4373">
    <p class='ocr_par' dir='ltr' id='par_1_133' title="bbox 2277 4303 3826 4373">
     <span class='ocr_line' id='line_1_134' title="bbox 2277 4303 3826 4373; baseline 0.002 -18"><span class='ocrx_word' id='word_1_1051' title='bbox 2277 4320 2396 4372; x_wconf 73' lang='lat' dir='ltr'><strong>qua:</strong></span> <span class='ocrx_word' id='word_1_1052' title='bbox 2443 4307 2501 4357; x_wconf 91' lang='lat' dir='ltr'><strong>ﬁt</strong></span> <span class='ocrx_word' id='word_1_1053' title='bbox 2548 4313 2671 4357; x_wconf 90' lang='lat' dir='ltr'><strong>ante</strong></span> <span class='ocrx_word' id='word_1_1054' title='bbox 2697 4303 2891 4356; x_wconf 82' lang='lat' dir='ltr'><strong>Christi</strong></span> <span class='ocrx_word' id='word_1_1055' title='bbox 2941 4305 3225 4360; x_wconf 84' lang='lat' dir='ltr'><strong>adventum</strong></span> <span class='ocrx_word' id='word_1_1056' title='bbox 3271 4307 3539 4373; x_wconf 88' lang='lat' dir='ltr'><strong>priorem,</strong></span> <span class='ocrx_word' id='word_1_1057' title='bbox 3570 4309 3696 4360; x_wconf 80' lang='lat' dir='ltr'><strong>dicit</strong></span> <span class='ocrx_word' id='word_1_1058' title='bbox 3723 4323 3826 4373; x_wconf 83' lang='lat' dir='ltr'><strong>pro-</strong></span> 
     </span>
    </p>
   </div>
   <div class='ocr_carea' id='block_1_134' title="bbox 2280 4373 3825 4444">
    <p class='ocr_par' dir='ltr' id='par_1_134' title="bbox 2280 4373 3825 4444">
     <span class='ocr_line' id='line_1_135' title="bbox 2280 4373 3825 4444; baseline 0 -18"><span class='ocrx_word' id='word_1_1059' title='bbox 2280 4373 2445 4444; x_wconf 85' lang='lat' dir='ltr'><strong>pheta</strong></span> <span class='ocrx_word' id='word_1_1060' title='bbox 2473 4391 2486 4426; x_wconf 90' lang='lat'><strong>:</strong></span> <span class='ocrx_word' id='word_1_1061' title='bbox 2514 4373 2592 4425; x_wconf 83' lang='lat' dir='ltr'><strong>Ad</strong></span> <span class='ocrx_word' id='word_1_1062' title='bbox 2612 4389 2876 4444; x_wconf 70' lang='lat' dir='ltr'><strong>vesperum</strong></span> <span class='ocrx_word' id='word_1_1063' title='bbox 2901 4373 3240 4444; x_wconf 84' lang='lat' dir='ltr'><strong>demorabitur</strong></span> <span class='ocrx_word' id='word_1_1064' title='bbox 3266 4376 3414 4444; x_wconf 79' lang='lat' dir='ltr'><strong>ﬂetus</strong></span> <span class='ocrx_word' id='word_1_1065' title='bbox 3433 4418 3449 4439; x_wconf 95' lang='lat'><strong>,</strong></span> <span class='ocrx_word' id='word_1_1066' title='bbox 3478 4389 3523 4430; x_wconf 82' lang='lat' dir='ltr'><strong>et</strong></span> <span class='ocrx_word' id='word_1_1067' title='bbox 3549 4379 3618 4430; x_wconf 87' lang='lat' dir='ltr'><strong>ad</strong></span> <span class='ocrx_word' id='word_1_1068' title='bbox 3646 4378 3825 4429; x_wconf 79' lang='lat' dir='ltr'><strong>matuti-</strong></span> 
     </span>
    </p>
   </div>
   <div class='ocr_carea' id='block_1_135' title="bbox 2281 4442 3832 4515">
    <p class='ocr_par' dir='ltr' id='par_1_135' title="bbox 2281 4442 3832 4515">
     <span class='ocr_line' id='line_1_136' title="bbox 2281 4442 3832 4515; baseline 0.001 -21"><span class='ocrx_word' id='word_1_1069' title='bbox 2281 4461 2402 4515; x_wconf 85' lang='lat' dir='ltr'><strong>num</strong></span> <span class='ocrx_word' id='word_1_1070' title='bbox 2429 4443 2602 4515; x_wconf 64' lang='lat' dir='ltr'><strong>latitia</strong></span> <span class='ocrx_word' id='word_1_1071' title='bbox 2630 4442 2795 4514; x_wconf 85' lang='lat' dir='ltr'><strong>(Psal.</strong></span> <span class='ocrx_word' id='word_1_1072' title='bbox 2821 4443 2915 4497; x_wconf 79' lang='lat'><strong>‘29.</strong></span> <span class='ocrx_word' id='word_1_1073' title='bbox 2938 4442 3015 4515; x_wconf 88' lang='lat'><strong>6).</strong></span> <span class='ocrx_word' id='word_1_1074' title='bbox 3047 4445 3122 4498; x_wconf 88' lang='lat' dir='ltr'><strong>De</strong></span> <span class='ocrx_word' id='word_1_1075' title='bbox 3149 4442 3302 4499; x_wconf 85' lang='lat' dir='ltr'><strong>nocte</strong></span> <span class='ocrx_word' id='word_1_1076' title='bbox 3324 4457 3506 4501; x_wconf 87' lang='lat' dir='ltr'><strong>autem</strong></span> <span class='ocrx_word' id='word_1_1077' title='bbox 3528 4463 3832 4502; x_wconf 84' lang='lat' dir='ltr'><strong>consumma-</strong></span> 
     </span>
    </p>
   </div>
   <div class='ocr_carea' id='block_1_136' title="bbox 2282 4513 3832 4585">
    <p class='ocr_par' dir='ltr' id='par_1_136' title="bbox 2282 4513 3832 4585">
     <span class='ocr_line' id='line_1_137' title="bbox 2282 4513 3832 4585; baseline -0.001 -19"><span class='ocrx_word' id='word_1_1078' title='bbox 2282 4514 2439 4566; x_wconf 90' lang='lat' dir='ltr'><strong>tionis</strong></span> <span class='ocrx_word' id='word_1_1079' title='bbox 2485 4513 2672 4566; x_wconf 64' lang='lat' dir='ltr'><strong>filium)</strong></span> <span class='ocrx_word' id='word_1_1080' title='bbox 2721 4513 3129 4585; x_wconf 87' lang='lat' dir='ltr'><strong>ipseDominus</strong></span> <span class='ocrx_word' id='word_1_1081' title='bbox 3155 4515 3324 4568; x_wconf 87' lang='lat' dir='ltr'><strong>dicit:</strong></span> <span class='ocrx_word' id='word_1_1082' title='bbox 3365 4516 3495 4570; x_wconf 79' lang='lat' dir='ltr'><strong>Cum</strong></span> <span class='ocrx_word' id='word_1_1083' title='bbox 3535 4535 3643 4572; x_wconf 84' lang='lat' dir='ltr'><strong>sero</strong></span> <span class='ocrx_word' id='word_1_1084' title='bbox 3668 4523 3832 4585; x_wconf 75' lang='lat' dir='ltr'><strong>factum</strong></span> 
     </span>
    </p>
   </div>
   <div class='ocr_carea' id='block_1_137' title="bbox 2282 4584 3829 4658">
    <p class='ocr_par' dir='ltr' id='par_1_137' title="bbox 2282 4584 3829 4658">
     <span class='ocr_line' id='line_1_138' title="bbox 2282 4584 3829 4658; baseline 0 -22"><span class='ocrx_word' id='word_1_1085' title='bbox 2282 4585 2644 4658; x_wconf 10' lang='grc' dir='ltr'><strong>ςδξεεῄριυοξαυὶι</strong></span> <span class='ocrx_word' id='word_1_1086' title='bbox 2666 4584 2942 4658; x_wconf 78' lang='lat' dir='ltr'><strong>operarios,</strong></span> <span class='ocrx_word' id='word_1_1087' title='bbox 2961 4594 3008 4636; x_wconf 86' lang='lat' dir='ltr'><strong>et</strong></span> <span class='ocrx_word' id='word_1_1088' title='bbox 3025 4585 3241 4658; x_wconf 74' lang='lat' dir='ltr'><strong>reddidit</strong></span> <span class='ocrx_word' id='word_1_1089' title='bbox 3262 4587 3331 4638; x_wconf 82' lang='lat' dir='ltr'><strong>eis</strong></span> <span class='ocrx_word' id='word_1_1090' title='bbox 3347 4591 3624 4642; x_wconf 85' lang='lat' dir='ltr'><strong>mercedem</strong></span> <span class='ocrx_word' id='word_1_1091' title='bbox 3645 4584 3829 4658; x_wconf 64' lang='lat' dir='ltr'><strong>(Matth.</strong></span> 
     </span>
    </p>
   </div>
   <div class='ocr_carea' id='block_1_138' title="bbox 2282 4653 3833 4722">
    <p class='ocr_par' dir='ltr' id='par_1_138' title="bbox 2282 4653 3833 4722">
     <span class='ocr_line' id='line_1_139' title="bbox 2282 4653 3833 4722; baseline 0 -15"><span class='ocrx_word' id='word_1_1092' title='bbox 2282 4653 2371 4707; x_wconf 75' lang='lat'><strong>9.0.</strong></span> <span class='ocrx_word' id='word_1_1093' title='bbox 2401 4653 2479 4722; x_wconf 85' lang='lat'><strong>8).</strong></span> <span class='ocrx_word' id='word_1_1094' title='bbox 2507 4653 2645 4722; x_wconf 82' lang='lat' dir='ltr'><strong>Ergo</strong></span> <span class='ocrx_word' id='word_1_1095' title='bbox 2668 4668 2760 4720; x_wconf 91' lang='lat' dir='ltr'><strong>per</strong></span> <span class='ocrx_word' id='word_1_1096' title='bbox 2782 4655 2909 4706; x_wconf 91' lang='lat' dir='ltr'><strong>istos</strong></span> <span class='ocrx_word' id='word_1_1097' title='bbox 2935 4669 3026 4708; x_wconf 81' lang='lat' dir='ltr'><strong>sex</strong></span> <span class='ocrx_word' id='word_1_1098' title='bbox 3050 4654 3163 4709; x_wconf 89' lang='lat' dir='ltr'><strong>dies</strong></span> <span class='ocrx_word' id='word_1_1099' title='bbox 3188 4667 3239 4709; x_wconf 90' lang='lat' dir='ltr'><strong>et</strong></span> <span class='ocrx_word' id='word_1_1100' title='bbox 3260 4666 3444 4711; x_wconf 86' lang='lat' dir='ltr'><strong>noctes</strong></span> <span class='ocrx_word' id='word_1_1101' title='bbox 3475 4653 3724 4713; x_wconf 76' lang='lat' dir='ltr'><strong>laboravit</strong></span> <span class='ocrx_word' id='word_1_1102' title='bbox 3749 4657 3833 4708; x_wconf 85' lang='lat' dir='ltr'><strong>Do-</strong></span> 
     </span>
    </p>
   </div>
   <div class='ocr_carea' id='block_1_139' title="bbox 2285 4723 3834 4790">
    <p class='ocr_par' dir='ltr' id='par_1_139' title="bbox 2285 4723 3834 4790">
     <span class='ocr_line' id='line_1_140' title="bbox 2285 4723 3834 4790; baseline 0.003 -16"><span class='ocrx_word' id='word_1_1103' title='bbox 2285 4723 2482 4786; x_wconf 90' lang='lat' dir='ltr'><strong>minus,</strong></span> <span class='ocrx_word' id='word_1_1104' title='bbox 2514 4726 2711 4776; x_wconf 89' lang='lat' dir='ltr'><strong>vadcns</strong></span> <span class='ocrx_word' id='word_1_1105' title='bbox 2739 4740 2769 4776; x_wconf 91' lang='lat' dir='ltr'><strong>a</strong></span> <span class='ocrx_word' id='word_1_1106' title='bbox 2799 4724 2971 4790; x_wconf 91' lang='lat' dir='ltr'><strong>nobis,</strong></span> <span class='ocrx_word' id='word_1_1107' title='bbox 2999 4734 3052 4777; x_wconf 89' lang='lat' dir='ltr'><strong>et</strong></span> <span class='ocrx_word' id='word_1_1108' title='bbox 3099 4736 3373 4780; x_wconf 84' lang='lat' dir='ltr'><strong>revertens</strong></span> <span class='ocrx_word' id='word_1_1109' title='bbox 3401 4728 3466 4779; x_wconf 90' lang='lat' dir='ltr'><strong>ad</strong></span> <span class='ocrx_word' id='word_1_1110' title='bbox 3498 4743 3594 4781; x_wconf 90' lang='lat' dir='ltr'><strong>nos</strong></span> <span class='ocrx_word' id='word_1_1111' title='bbox 3622 4747 3634 4780; x_wconf 97' lang='lat'>:</span> <span class='ocrx_word' id='word_1_1112' title='bbox 3663 4727 3834 4779; x_wconf 78' lang='lat' dir='ltr'><strong>vadetis</strong></span> 
     </span>
    </p>
   </div>
   <div class='ocr_carea' id='block_1_140' title="bbox 2285 4796 3831 4864">
    <p class='ocr_par' dir='ltr' id='par_1_140' title="bbox 2285 4796 3831 4864">
     <span class='ocr_line' id='line_1_141' title="bbox 2285 4796 3831 4864; baseline 0.001 -20"><span class='ocrx_word' id='word_1_1113' title='bbox 2285 4803 2500 4864; x_wconf 84' lang='lat' dir='ltr'><strong>propter</strong></span> <span class='ocrx_word' id='word_1_1114' title='bbox 2524 4803 2734 4862; x_wconf 89' lang='lat' dir='ltr'><strong>peccata</strong></span> <span class='ocrx_word' id='word_1_1115' title='bbox 2763 4805 2962 4859; x_wconf 87' lang='lat' dir='ltr'><strong>nostra,</strong></span> <span class='ocrx_word' id='word_1_1116' title='bbox 2996 4805 3048 4848; x_wconf 90' lang='lat' dir='ltr'><strong>et</strong></span> <span class='ocrx_word' id='word_1_1117' title='bbox 3076 4796 3286 4851; x_wconf 87' lang='lat' dir='ltr'><strong>rediens</strong></span> <span class='ocrx_word' id='word_1_1118' title='bbox 3319 4808 3536 4864; x_wconf 87' lang='lat' dir='ltr'><strong>propter</strong></span> <span class='ocrx_word' id='word_1_1119' title='bbox 3562 4798 3831 4851; x_wconf 77' lang='lat' dir='ltr'><strong>misericor-</strong></span> 
     </span>
    </p>
   </div>
   <div class='ocr_carea' id='block_1_141' title="bbox 2288 4863 3832 4936">
    <p class='ocr_par' dir='ltr' id='par_1_141' title="bbox 2288 4863 3832 4936">
     <span class='ocr_line' id='line_1_142' title="bbox 2288 4863 3832 4936; baseline 0 -20"><span class='ocrx_word' id='word_1_1120' title='bbox 2288 4863 2430 4916; x_wconf 88' lang='lat' dir='ltr'><strong>diam</strong></span> <span class='ocrx_word' id='word_1_1121' title='bbox 2489 4878 2674 4924; x_wconf 89' lang='lat' dir='ltr'><strong>suaut;</strong></span> <span class='ocrx_word' id='word_1_1122' title='bbox 2717 4880 2836 4936; x_wconf 80' lang='lat' dir='ltr'><strong>cuin</strong></span> <span class='ocrx_word' id='word_1_1123' title='bbox 2885 4875 3064 4918; x_wconf 88' lang='lat' dir='ltr'><strong>autem</strong></span> <span class='ocrx_word' id='word_1_1124' title='bbox 3127 4863 3329 4919; x_wconf 82' lang='lat' dir='ltr'><strong>factum</strong></span> <span class='ocrx_word' id='word_1_1125' title='bbox 3375 4863 3538 4922; x_wconf 72' lang='lat' dir='ltr'><strong>fuerit</strong></span> <span class='ocrx_word' id='word_1_1126' title='bbox 3577 4869 3832 4936; x_wconf 89' lang='lat' dir='ltr'><strong>septiuuun</strong></span> 
     </span>
    </p>
   </div>
   <div class='ocr_carea' id='block_1_142' title="bbox 2289 4935 3833 5006">
    <p class='ocr_par' dir='ltr' id='par_1_142' title="bbox 2289 4935 3833 5006">
     <span class='ocr_line' id='line_1_143' title="bbox 2289 4935 3833 5006; baseline -0.001 -23"><span class='ocrx_word' id='word_1_1127' title='bbox 2289 4947 2471 5006; x_wconf 79' lang='lat' dir='ltr'><strong>mane,</strong></span> <span class='ocrx_word' id='word_1_1128' title='bbox 2498 4935 3040 5006; x_wconf 75' lang='lat' dir='ltr'><strong>tttnc__requiescet_iu</strong></span> <span class='ocrx_word' id='word_1_1129' title='bbox 3069 4937 3296 5003; x_wconf 89' lang='lat' dir='ltr'><strong>septimo</strong></span> <span class='ocrx_word' id='word_1_1130' title='bbox 3323 4936 3443 5000; x_wconf 88' lang='lat' dir='ltr'><strong>die,</strong></span> <span class='ocrx_word' id='word_1_1131' title='bbox 3471 4939 3593 5006; x_wconf 85' lang='lat' dir='ltr'><strong>quia</strong></span> <span class='ocrx_word' id='word_1_1132' title='bbox 3623 4935 3833 5006; x_wconf 63' lang='lat' dir='ltr'><strong>postulo.</strong></span> 
     </span>
    </p>
   </div>
   <div class='ocr_carea' id='block_1_143' title="bbox 2285 5001 3829 5076">
    <p class='ocr_par' dir='ltr' id='par_1_143' title="bbox 2285 5001 3829 5076">
     <span class='ocr_line' id='line_1_144' title="bbox 2285 5001 3829 5076; baseline 0.002 -22"><span class='ocrx_word' id='word_1_1133' title='bbox 2285 5001 2412 5056; x_wconf 91' lang='lat' dir='ltr'><strong>dum</strong></span> <span class='ocrx_word' id='word_1_1134' title='bbox 2444 5001 3065 5076; x_wconf 21' lang='lat' dir='ltr'><strong>hominibusiviveutibus</strong></span> <span class='ocrx_word' id='word_1_1135' title='bbox 3090 5001 3206 5059; x_wconf 82' lang='lat' dir='ltr'><strong>sine</strong></span> <span class='ocrx_word' id='word_1_1136' title='bbox 3235 5001 3576 5062; x_wconf 80' lang='lat' dir='ltr'><strong>successione</strong></span> <span class='ocrx_word' id='word_1_1137' title='bbox 3606 5001 3829 5076; x_wconf 73' lang='lat' dir='ltr'><strong>peccato-</strong></span> 
     </span>
    </p>
   </div>
   <div class='ocr_carea' id='block_1_144' title="bbox 2289 5072 3832 5146">
    <p class='ocr_par' dir='ltr' id='par_1_144' title="bbox 2289 5072 3832 5146">
     <span class='ocr_line' id='line_1_145' title="bbox 2289 5072 3832 5146; baseline 0.002 -22"><span class='ocrx_word' id='word_1_1138' title='bbox 2289 5088 2413 5146; x_wconf 75' lang='lat' dir='ltr'><strong>r_t_uu_</strong></span> <span class='ocrx_word' id='word_1_1139' title='bbox 2469 5073 2557 5126; x_wconf 79' lang='lat' dir='ltr'><strong>lux</strong></span> <span class='ocrx_word' id='word_1_1140' title='bbox 2599 5072 2829 5146; x_wconf 63' lang='lat' dir='ltr'><strong>justitite</strong></span> <span class='ocrx_word' id='word_1_1141' title='bbox 2866 5083 2946 5128; x_wconf 76' lang='lat' dir='ltr'><strong>cst</strong></span> <span class='ocrx_word' id='word_1_1142' title='bbox 2997 5090 3375 5146; x_wconf 82' lang='lat' dir='ltr'><strong>permansura,</strong></span> <span class='ocrx_word' id='word_1_1143' title='bbox 3421 5087 3477 5130; x_wconf 90' lang='lat' dir='ltr'><strong>et</strong></span> <span class='ocrx_word' id='word_1_1144' title='bbox 3532 5072 3736 5146; x_wconf 84' lang='lat' dir='ltr'><strong>semper</strong></span> <span class='ocrx_word' id='word_1_1145' title='bbox 3770 5076 3832 5127; x_wconf 86' lang='lat' dir='ltr'><strong>sol</strong></span> 
     </span>
    </p>
   </div>
   <div class='ocr_carea' id='block_1_145' title="bbox 2287 5141 3834 5214">
    <p class='ocr_par' dir='ltr' id='par_1_145' title="bbox 2287 5141 3834 5214">
     <span class='ocr_line' id='line_1_146' title="bbox 2287 5141 3834 5214; baseline -0.001 -19"><span class='ocrx_word' id='word_1_1146' title='bbox 2287 5141 2536 5214; x_wconf 88' lang='lat' dir='ltr'><strong>Christus</strong></span> <span class='ocrx_word' id='word_1_1147' title='bbox 2561 5144 2662 5214; x_wconf 84' lang='lat' dir='ltr'><strong>erit</strong></span> <span class='ocrx_word' id='word_1_1148' title='bbox 2711 5141 3228 5214; x_wconf 56' lang='lat' dir='ltr'><strong>nobiscutu&#39;dicentc</strong></span> <span class='ocrx_word' id='word_1_1149' title='bbox 3253 5144 3552 5214; x_wconf 73' lang='lat' dir='ltr'><strong>Apostolo:</strong></span> <span class='ocrx_word' id='word_1_1150' title='bbox 3588 5141 3834 5214; x_wconf 70' lang='grc' dir='ltr'><strong>ηᾱιιξειυιτ</strong></span> 
     </span>
    </p>
   </div>
   <div class='ocr_carea' id='block_1_146' title="bbox 2287 5212 3835 5287">
    <p class='ocr_par' dir='ltr' id='par_1_146' title="bbox 2287 5212 3835 5287">
     <span class='ocr_line' id='line_1_147' title="bbox 2287 5212 3835 5287; baseline 0.001 -21"><span class='ocrx_word' id='word_1_1151' title='bbox 2287 5213 2341 5287; x_wconf 65' lang='lat' dir='ltr'><strong>in</strong></span> <span class='ocrx_word' id='word_1_1152' title='bbox 2371 5213 2579 5287; x_wconf 74' lang='lat' dir='ltr'><strong>nubibus</strong></span> <span class='ocrx_word' id='word_1_1153' title='bbox 2605 5212 3055 5287; x_wconf 30' lang='lat' dir='ltr'><strong>obviam‘Dgntino</strong></span> <span class='ocrx_word' id='word_1_1154' title='bbox 3089 5215 3141 5287; x_wconf 82' lang='lat' dir='ltr'><strong>in</strong></span> <span class='ocrx_word' id='word_1_1155' title='bbox 3169 5212 3330 5287; x_wconf 61' lang='lat' dir='ltr'><strong>aera,</strong></span> <span class='ocrx_word' id='word_1_1156' title='bbox 3361 5227 3409 5287; x_wconf 78' lang='lat' dir='ltr'><strong>et</strong></span> <span class='ocrx_word' id='word_1_1157' title='bbox 3437 5220 3510 5269; x_wconf 82' lang='lat' dir='ltr'><strong>sic</strong></span> <span class='ocrx_word' id='word_1_1158' title='bbox 3536 5212 3723 5287; x_wconf 73' lang='lat' dir='ltr'><strong>semper</strong></span> <span class='ocrx_word' id='word_1_1159' title='bbox 3743 5231 3835 5267; x_wconf 77' lang='lat' dir='ltr'><strong>cunt</strong></span> 
     </span>
    </p>
   </div>
   <div class='ocr_carea' id='block_1_147' title="bbox 2290 5282 3838 5355">
    <p class='ocr_par' dir='ltr' id='par_1_147' title="bbox 2290 5282 3838 5355">
     <span class='ocr_line' id='line_1_148' title="bbox 2290 5282 3838 5355; baseline 0 -21"><span class='ocrx_word' id='word_1_1160' title='bbox 2290 5283 2508 5336; x_wconf 86' lang='lat' dir='ltr'><strong>Domino</strong></span> <span class='ocrx_word' id='word_1_1161' title='bbox 2550 5283 2777 5355; x_wconf 70' lang='lat' dir='ltr'><strong>erimusl</strong></span> <span class='ocrx_word' id='word_1_1162' title='bbox 2804 5283 2854 5336; x_wconf 94' lang='grc'><strong>1.</strong></span> <span class='ocrx_word' id='word_1_1163' title='bbox 2891 5282 3069 5355; x_wconf 81' lang='lat' dir='ltr'><strong>Thess.</strong></span> <span class='ocrx_word' id='word_1_1164' title='bbox 3099 5285 3155 5339; x_wconf 77' lang='grc'><strong>4.</strong></span> <span class='ocrx_word' id='word_1_1165' title='bbox 3207 5284 3272 5338; x_wconf 80' lang='lat' dir='ltr'><strong>lli</strong></span> <span class='ocrx_word' id='word_1_1166' title='bbox 3296 5284 3337 5355; x_wconf 94' lang='lat'><strong>).</strong></span> <span class='ocrx_word' id='word_1_1167' title='bbox 3390 5285 3520 5340; x_wconf 86' lang='lat' dir='ltr'><strong>Ideo</strong></span> <span class='ocrx_word' id='word_1_1168' title='bbox 3543 5282 3669 5355; x_wconf 81' lang='lat' dir='ltr'><strong>ergo</strong></span> <span class='ocrx_word' id='word_1_1169' title='bbox 3706 5299 3838 5338; x_wconf 79' lang='lat' dir='ltr'><strong>mane</strong></span> 
     </span>
    </p>
   </div>
   <div class='ocr_carea' id='block_1_148' title="bbox 2292 5353 3835 5426">
    <p class='ocr_par' dir='ltr' id='par_1_148' title="bbox 2292 5353 3835 5426">
     <span class='ocr_line' id='line_1_149' title="bbox 2292 5353 3835 5426; baseline -0.003 -20"><span class='ocrx_word' id='word_1_1170' title='bbox 2292 5363 2563 5407; x_wconf 89' lang='lat' dir='ltr'><strong>revertens</strong></span> <span class='ocrx_word' id='word_1_1171' title='bbox 2606 5353 2790 5406; x_wconf 90' lang='lat' dir='ltr'><strong>esuriit</strong></span> <span class='ocrx_word' id='word_1_1172' title='bbox 2830 5369 2843 5426; x_wconf 69' lang='grc' dir='ltr'>ς</span> <span class='ocrx_word' id='word_1_1173' title='bbox 2889 5353 3050 5426; x_wconf 74' lang='lat' dir='ltr'><strong>quod</strong></span> <span class='ocrx_word' id='word_1_1174' title='bbox 3075 5353 3386 5426; x_wconf 83' lang='lat' dir='ltr'><strong>mysterium</strong></span> <span class='ocrx_word' id='word_1_1175' title='bbox 3443 5353 3745 5426; x_wconf 68' lang='lat' dir='ltr'><strong>intelligitur</strong></span> <span class='ocrx_word' id='word_1_1176' title='bbox 3784 5367 3835 5404; x_wconf 77' lang='lat' dir='ltr'><strong>ex</strong></span> 
     </span>
    </p>
   </div>
   <div class='ocr_carea' id='block_1_149' title="bbox 2293 5423 3862 5493">
    <p class='ocr_par' dir='ltr' id='par_1_149' title="bbox 2293 5423 3862 5493">
     <span class='ocr_line' id='line_1_150' title="bbox 2293 5423 3862 5493; baseline -0.002 -17"><span class='ocrx_word' id='word_1_1177' title='bbox 2293 5432 2534 5490; x_wconf 88' lang='lat' dir='ltr'><strong>tempore</strong></span> <span class='ocrx_word' id='word_1_1178' title='bbox 2561 5423 2967 5476; x_wconf 88' lang='lat' dir='ltr'><strong>resurrectionis</strong></span> <span class='ocrx_word' id='word_1_1179' title='bbox 3005 5423 3154 5489; x_wconf 83' lang='lat' dir='ltr'><strong>ejus,</strong></span> <span class='ocrx_word' id='word_1_1180' title='bbox 3184 5425 3398 5493; x_wconf 91' lang='lat' dir='ltr'><strong>quando</strong></span> <span class='ocrx_word' id='word_1_1181' title='bbox 3445 5423 3640 5480; x_wconf 61' lang='lat' dir='ltr'><strong>relicta&#39;</strong></span> <span class='ocrx_word' id='word_1_1182' title='bbox 3665 5434 3741 5478; x_wconf 86' lang='lat' dir='ltr'><strong>est</strong></span> <span class='ocrx_word' id='word_1_1183' title='bbox 3765 5437 3862 5488; x_wconf 40' lang='lat' dir='ltr'><strong>svo.</strong></span> 
     </span>
    </p>
   </div>
   <div class='ocr_carea' id='block_1_150' title="bbox 2293 5493 3836 5562">
    <p class='ocr_par' dir='ltr' id='par_1_150' title="bbox 2293 5493 3836 5562">
     <span class='ocr_line' id='line_1_151' title="bbox 2293 5493 3836 5562; baseline -0.001 -18"><span class='ocrx_word' id='word_1_1184' title='bbox 2293 5507 2491 5560; x_wconf 85' lang='lat' dir='ltr'><strong>nagoga</strong></span> <span class='ocrx_word' id='word_1_1185' title='bbox 2512 5533 2526 5558; x_wconf 93' lang='lat'><strong>,</strong></span> <span class='ocrx_word' id='word_1_1186' title='bbox 2555 5502 2607 5546; x_wconf 89' lang='lat' dir='ltr'><strong>et</strong></span> <span class='ocrx_word' id='word_1_1187' title='bbox 2631 5503 2872 5560; x_wconf 87' lang='lat' dir='ltr'><strong>suscepta</strong></span> <span class='ocrx_word' id='word_1_1188' title='bbox 2903 5500 2985 5547; x_wconf 91' lang='lat' dir='ltr'><strong>est</strong></span> <span class='ocrx_word' id='word_1_1189' title='bbox 3026 5493 3282 5548; x_wconf 79' lang='lat' dir='ltr'><strong>Ecclesia.</strong></span> <span class='ocrx_word' id='word_1_1190' title='bbox 3311 5494 3376 5547; x_wconf 85' lang='lat' dir='ltr'><strong>Et</strong></span> <span class='ocrx_word' id='word_1_1191' title='bbox 3404 5497 3579 5550; x_wconf 82' lang='lat' dir='ltr'><strong>videns</strong></span> <span class='ocrx_word' id='word_1_1192' title='bbox 3607 5496 3689 5562; x_wconf 80' lang='lat' dir='ltr'><strong>ﬁci</strong></span> <span class='ocrx_word' id='word_1_1193' title='bbox 3711 5494 3836 5544; x_wconf 65' lang='lat' dir='ltr'><strong>mino</strong></span> 
     </span>
    </p>
   </div>
   <div class='ocr_carea' id='block_1_151' title="bbox 2293 5562 3836 5628">
    <p class='ocr_par' dir='ltr' id='par_1_151' title="bbox 2293 5562 3836 5628">
     <span class='ocr_line' id='line_1_152' title="bbox 2293 5562 3836 5628; baseline -0.004 -14"><span class='ocrx_word' id='word_1_1194' title='bbox 2293 5578 2396 5615; x_wconf 80' lang='lat' dir='ltr'><strong>rem</strong></span> <span class='ocrx_word' id='word_1_1195' title='bbox 2424 5578 2578 5614; x_wconf 83' lang='lat' dir='ltr'><strong>uuam</strong></span> <span class='ocrx_word' id='word_1_1196' title='bbox 2605 5577 2744 5615; x_wconf 87' lang='lat' dir='ltr'><strong>secus</strong></span> <span class='ocrx_word' id='word_1_1197' title='bbox 2771 5564 2919 5626; x_wconf 87' lang='lat' dir='ltr'><strong>viam,</strong></span> <span class='ocrx_word' id='word_1_1198' title='bbox 2948 5563 3074 5616; x_wconf 88' lang='lat' dir='ltr'><strong>venit</strong></span> <span class='ocrx_word' id='word_1_1199' title='bbox 3101 5568 3169 5616; x_wconf 82' lang='lat' dir='ltr'><strong>ad</strong></span> <span class='ocrx_word' id='word_1_1200' title='bbox 3193 5581 3331 5628; x_wconf 86' lang='lat' dir='ltr'><strong>eant,</strong></span> <span class='ocrx_word' id='word_1_1201' title='bbox 3365 5575 3411 5616; x_wconf 88' lang='lat' dir='ltr'><strong>et</strong></span> <span class='ocrx_word' id='word_1_1202' title='bbox 3439 5567 3568 5617; x_wconf 87' lang='lat' dir='ltr'><strong>nihil</strong></span> <span class='ocrx_word' id='word_1_1203' title='bbox 3595 5565 3766 5617; x_wconf 63' lang='lat' dir='ltr'><strong>invenit</strong></span> <span class='ocrx_word' id='word_1_1204' title='bbox 3795 5562 3836 5609; x_wconf 72' lang='lat' dir='ltr'><strong>is</strong></span> 
     </span>
    </p>
   </div>
   <div class='ocr_carea' id='block_1_152' title="bbox 2295 5631 3835 5706">
    <p class='ocr_par' dir='ltr' id='par_1_152' title="bbox 2295 5631 3835 5706">
     <span class='ocr_line' id='line_1_153' title="bbox 2295 5631 3835 5706; baseline -0.003 -22"><span class='ocrx_word' id='word_1_1205' title='bbox 2295 5647 2354 5684; x_wconf 83' lang='lat' dir='ltr'><strong>ea</strong></span> <span class='ocrx_word' id='word_1_1206' title='bbox 2372 5673 2386 5695; x_wconf 95' lang='lat'><strong>,</strong></span> <span class='ocrx_word' id='word_1_1207' title='bbox 2413 5633 2510 5684; x_wconf 79' lang='lat' dir='ltr'><strong>nisi</strong></span> <span class='ocrx_word' id='word_1_1208' title='bbox 2537 5632 2660 5702; x_wconf 80' lang='lat' dir='ltr'><strong>folia</strong></span> <span class='ocrx_word' id='word_1_1209' title='bbox 2689 5641 2931 5706; x_wconf 83' lang='lat' dir='ltr'><strong>tantum._</strong></span> <span class='ocrx_word' id='word_1_1210' title='bbox 2960 5632 3129 5706; x_wconf 64' lang='lat' dir='ltr'><strong>Arbor</strong></span> <span class='ocrx_word' id='word_1_1211' title='bbox 3159 5635 3243 5687; x_wconf 87' lang='lat' dir='ltr'><strong>ﬁci</strong></span> <span class='ocrx_word' id='word_1_1212' title='bbox 3273 5645 3360 5706; x_wconf 85' lang='lat' dir='ltr'><strong>est</strong></span> <span class='ocrx_word' id='word_1_1213' title='bbox 3397 5650 3682 5706; x_wconf 79' lang='lat' dir='ltr'><strong>synagoga.</strong></span> <span class='ocrx_word' id='word_1_1214' title='bbox 3726 5631 3835 5684; x_wconf 76' lang='lat' dir='ltr'><strong>Nam</strong></span> 
     </span>
    </p>
   </div>
   <div class='ocr_carea' id='block_1_153' title="bbox 2299 5702 3834 5774">
    <p class='ocr_par' dir='ltr' id='par_1_153' title="bbox 2299 5702 3834 5774">
     <span class='ocr_line' id='line_1_154' title="bbox 2299 5702 3834 5774; baseline -0.003 -21"><span class='ocrx_word' id='word_1_1215' title='bbox 2299 5716 2557 5774; x_wconf 74' lang='lat' dir='ltr'><strong>synagoga</strong></span> <span class='ocrx_word' id='word_1_1216' title='bbox 2588 5712 2800 5774; x_wconf 83' lang='lat' dir='ltr'><strong>propter</strong></span> <span class='ocrx_word' id='word_1_1217' title='bbox 2829 5702 3216 5774; x_wconf 85' lang='lat' dir='ltr'><strong>multitudinem</strong></span> <span class='ocrx_word' id='word_1_1218' title='bbox 3256 5702 3554 5759; x_wconf 76' lang='lat' dir='ltr'><strong>multorum</strong></span> <span class='ocrx_word' id='word_1_1219' title='bbox 3575 5702 3834 5774; x_wconf 76' lang='lat' dir='ltr'><strong>granorum</strong></span> 
     </span>
    </p>
   </div>
   <div class='ocr_carea' id='block_1_154' title="bbox 2298 5772 3834 5842">
    <p class='ocr_par' dir='ltr' id='par_1_154' title="bbox 2298 5772 3834 5842">
     <span class='ocr_line' id='line_1_155' title="bbox 2298 5772 3834 5842; baseline 0.001 -15"><span class='ocrx_word' id='word_1_1220' title='bbox 2298 5772 2397 5827; x_wconf 83' lang='lat' dir='ltr'><strong>sub</strong></span> <span class='ocrx_word' id='word_1_1221' title='bbox 2445 5788 2548 5825; x_wconf 90' lang='lat' dir='ltr'><strong>uno</strong></span> <span class='ocrx_word' id='word_1_1222' title='bbox 2601 5773 2796 5828; x_wconf 86' lang='lat' dir='ltr'><strong>cortice</strong></span> <span class='ocrx_word' id='word_1_1223' title='bbox 2849 5773 3193 5828; x_wconf 88' lang='lat' dir='ltr'><strong>habitantium</strong></span> <span class='ocrx_word' id='word_1_1224' title='bbox 3241 5775 3380 5828; x_wconf 88' lang='lat' dir='ltr'><strong>dicta</strong></span> <span class='ocrx_word' id='word_1_1225' title='bbox 3413 5786 3493 5830; x_wconf 86' lang='lat' dir='ltr'><strong>cst</strong></span> <span class='ocrx_word' id='word_1_1226' title='bbox 3538 5772 3665 5828; x_wconf 77' lang='lat' dir='ltr'><strong>licus</strong></span> <span class='ocrx_word' id='word_1_1227' title='bbox 3705 5772 3834 5842; x_wconf 69' lang='lat' dir='ltr'><strong>quasi</strong></span> 
     </span>
    </p>
   </div>
  </div>
