4050 6200
311 259 416 316 849

312 377 364 430 in
394 381 631 444 peccato.
661 371 877 444 Utputa,
910 368 1277 444 domesticum
1297 368 1513 444 animal,
1557 370 1600 424 si
1626 369 1894 439 aliquanto

312 439 552 514 tempore
579 439 968 514 ertlradomum
999 439 1226 514 errando
1253 439 1408 514 fuerit
1436 450 1733 514 evagatam,
1773 453 1894 493 cum

313 509 520 570 venerit
547 515 597 568 iu
617 513 858 567 manibus
878 511 1078 565 domini
1097 511 1198 572 sui,
1222 513 1372 578 quasi
1398 509 1449 562 in
1473 509 1894 563 recordationem

312 597 518 641 natura:
574 600 684 638 sua:
737 582 1043 646 redactum,
1099 580 1204 634 cito
1270 579 1460 632 iterum
1512 579 1892 633 mansuescit:

311 656 510 710 animal
572 663 751 708 autem
815 653 1098 711 silvestre,
1156 664 1274 703 cum
1331 648 1488 702 fuerit
1541 649 1896 716 comprehen-

312 740 456 791 sum,
498 733 589 778 aut
628 722 894 776 morsibus
930 721 1162 789 appetit,
1207 727 1299 772 aut
1342 719 1572 791 calcibus
1620 727 1894 786 repugnat.

313 797 406 850 Sic
444 789 501 849 vel
541 795 712 848 malus
745 791 904 844 homo
945 800 1254 860 correptus.
1292 804 1397 842 non
1436 789 1606 842 solum
1637 791 1897 857 paeniten-

315 866 448 920 tiam
467 880 574 917 nou
599 864 734 932 agit,
765 861 857 915 sed
884 860 1058 914 adhuc
1093 859 1346 915 adversus
1372 859 1745 928 corripientcm
1779 873 1896 912 tua-

312 937 399 1006 gis
430 935 695 988 irascitur.

692 1021 918 1076 Homilia
937 1020 1011 1075 xl.
1040 1035 1102 1073 ex
1126 1020 1290 1089 capite
1315 1020 1408 1090 πί
1429 1017 1527 1090 (α).

389 1113 480 1169 28.
521 1111 686 1167 Homo
707 1111 911 1180 quidam
941 1111 1147 1164 [iubebat
1177 1111 1302 1180 duos
1323 1110 1476 1178 ﬁlios.
1501 1120 1545 1164 et
1573 1112 1810 1163 accedens
1831 1112 1898 1164 ad

319 1186 574 1254 primum,
623 1179 749 1254 dixit
779 1199 798 1234 :
829 1179 932 1236 Fili
959 1223 973 1243 ,
1008 1179 1330 1254 vadehodie
1362 1181 1563 1254 aperari
1606 1181 1662 1254 in
1704 1182 1896 1234 vineam

318 1249 498 1307 ineant.
522 1254 610 1307 29.
637 1252 734 1305 Ille
754 1260 918 1304 uulem
939 1251 1261 1320 respondens,
1283 1253 1353 1304 ait
1374 1267 1390 1304 :
1413 1249 1570 1304 Nolo.
1597 1250 1778 1304 Postea
1805 1268 1896 1304 au-

321 1334 415 1377 tent
441 1323 728 1391 penitentia
755 1333 938 1386 motus,
967 1321 1109 1373 abiit.
1137 1321 1226 1376 50.
1258 1321 1509 1374 Accedens
1534 1332 1705 1391 autent
1727 1321 1796 1374 ad
1815 1322 1896 1374 al-

321 1389 502 1458 terum,
533 1392 656 1446 dixit
681 1393 930 1445 similiter.
976 1391 1039 1444 At
1064 1391 1148 1443 ille
1169 1391 1492 1460 respondens,
1517 1391 1586 1443 ait
1614 1408 1632 1446 :
1660 1389 1738 1444 Eo
1759 1433 1770 1453 ,
1801 1391 1895 1445 do—

319 1465 456 1541 mine
473 1474 566 1541 :‘et
579 1479 693 1541 lion
731 1463 844 1541 ivit._
863 1462 981 1541 5|.“
995 1461 1116 1541 Quis
1145 1461 1571 1541 περιέψυξμῴ
1597 1461 1898 1541 voluntatem

325 1533 525 1602 patris?
567 1531 756 1585 Dicunt
799 1533 844 1584 ei
883 1549 900 1585 :
937 1531 1160 1588 Primus.
1206 1529 1339 1583 Dicit
1387 1529 1488 1584 illis
1520 1531 1668 1585 Iesus
1693 1547 1711 1584 :
1740 1532 1896 1584 Amen

321 1605 433 1657 dico
454 1604 607 1690 vobis,
631 1603 749 1690 quia
772 1602 1023 1690 ppblicani
1051 1611 1096 1654 et
1124 1602 1402 1690 titeretrifes
1428 1603 1710 1683 pra'ccdunt
1742 1619 1824 1683 vos
1845 1602 1897 1683 in

323 1690 478 1744 regno
505 1673 614 1726 Dei.
643 1669 739 1728 32.
768 1669 923 1744 V'Yeuit
945 1672 1075 1744 enim
1110 1671 1176 1744 ad
1191 1687 1286 1744 vos
1314 1669 1537 1724 Joannes
1571 1672 1621 1724 in
1648 1672 1726 1723 via
1742 1671 1898 1744 justi-

293 1755 300 1762 '
325 1740 428 1802 ne.
458 1753 502 1797 et
532 1759 630 1795 non
658 1743 938 1795 credidistis
959 1742 1003 1794 ei
1033 1757 1052 1796 :
1079 1740 1330 1808 publicani
1357 1751 1520 1794 autem
1549 1751 1592 1793 et
1621 1742 1897 1795 meretrices

321 1813 638 1865 crediderunt
670 1813 713 1866 ei
755 1827 884 1866 :vos
932 1822 1094 1863 autem
1129 1811 1382 1872 ridentes,
1431 1827 1518 1864 nec
1557 1813 1896 1880 pwniteutiam

323 1882 566 1936 habuistis
597 1892 795 1952 postea,
836 1891 890 1934 ut
939 1883 1204 1935 crederetis
1253 1882 1315 1934 ei.
1363 1880 1492 1948 Quis
1523 1890 1602 1935 est
1641 1881 1728 1952 ille
1752 1920 1766 1942 ,
1797 1881 1894 1952 nisi

324 1952 488 2015 Deus,
512 1949 606 2021 qui
627 1966 811 2007 omnes
841 1952 1080 2004 homines
1106 1953 1327 2021 creavit,
1355 1961 1573 2019 paterno
1599 1950 1788 2004 affectu
1815 1949 1896 2003 di-

326 2021 442 2092 ligit
473 2038 485 2072 :
519 2019 751 2092 quicum
783 2021 852 2076 sit
883 2031 1080 2092 natura
1103 2019 1376 2092 Dominus,
1398 2030 1570 2092 tamen
1597 2025 1768 2092 magis
1785 2021 1897 2075 vult

325 2091 467 2161 diligi
491 2090 639 2161 quasi
664 2101 828 2161 pater,
855 2106 1012 2160 quam
1046 2090 1218 2144 timeri
1248 2100 1304 2144 tit
1323 2090 1611 2161 dominus?
1639 2090 1895 2161 Propter-

327 2177 388 2216 ea
431 2160 482 2215 in
512 2160 784 2230 principio
813 2162 1178 2215 mandatorum
1209 2161 1335 2229 legis
1356 2175 1460 2230 non
1491 2160 1640 2227 dixit,
1665 2160 1897 2215 Timcbis

325 2231 608 2287 Dominum
641 2229 804 2286 Deum
841 2242 985 2285 tuum
1015 2247 1078 2285 ex
1111 2240 1218 2284 toto
1249 2229 1409 2284 Corde
1441 2239 1532 2284 tuo
1553 2273 1568 2295 ,
1598 2231 1689 2284 sed
1712 2271 1728 2297 ,
1755 2231 1894 2284 Dili-

324 2301 460 2374 ges'(
503 2300 652 2357 Deut.
681 2302 732 2357 6.
783 2302 881 2374 5).
931 2301 1277 2374 Dilectiouem
1323 2299 1464 2374 enim
1491 2301 1556 2374 ab
1593 2300 1897 2374 hominibus

324 2371 541 2440 Exigere,
571 2386 675 2424 non
704 2381 785 2424 est
829 2371 1047 2425 dominii
1075 2413 1088 2436 ,
1119 2372 1210 2423 sed
1245 2371 1595 2439 paternitatis.
1629 2371 1728 2438 Qui
1769 2371 1898 2424 duos

326 2441 461 2509 ﬁlios
484 2442 672 2494 habuit.
713 2440 887 2496 Uuum
919 2441 1129 2510 quidem
1160 2442 1394 2510 gentium
1436 2440 1688 2510 populum
1711 2482 1727 2507 ,
1760 2442 1898 2495 alte-

327 2526 444 2565 rum
499 2511 802 2566 Judworum
847 2529 860 2564 :
916 2525 1137 2580 quorum
1197 2513 1368 2580 major
1430 2511 1568 2565 ﬁlius
1619 2521 1734 2565 erat
1769 2512 1900 2580 g'en-

329 2583 458 2634 tiutu
516 2582 783 2651 populus,
842 2582 1017 2635 minor
1064 2588 1240 2634 autem
1297 2583 1522 2650 populus
1568 2581 1894 2649 Juda'orum,

366 2652 578 2704 uouiam
627 2661 811 2721 gentes
861 2651 1072 2720 quidem
1125 2661 1276 2721 erant
1322 2667 1385 2706 ex
1434 2661 1580 2720 patre
1617 2651 1769 2718 Noe,
1802 2653 1897 2707 Ju-

366 2667 578 2704 uontatu
627 2667 811 2721 gentes
861 2667 1072 2720 quidem
1125 2667 1276 2705 erant
1322 2667 1385 2706 ex
1434 2667 1580 2720 patre
1617 2667 1769 2718 nee,
1802 2667 1894 2707 Ju-

325 2667 431 2777 Ἆπιπὶ
489 2731 665 2778 autem
723 2721 1114 2792 exrAbraham.
1172 2720 1232 2773 Et
1276 2723 1514 2774 accedens
1553 2723 1620 2774 ad
1658 2723 1894 2792 primunt,

329 2793 499 2847 dixit:
533 2794 666 2858 Fili,
723 2791 845 2847 vade
900 2793 1048 2849 hodie
1090 2793 1286 2864 operari
1327 2793 1377 2848 in
1431 2795 1572 2851 vinea
1607 2791 1733 2849 mea.
1785 2792 1922 2850 Ho-'

329 2864 448 2927 die,
497 2864 546 2917 id
595 2876 694 2928 est,
752 2869 801 2918 in
835 2874 1070 2934 tempore
1113 2866 1290 2918 saeculi
1323 2865 1496 2935 hujus.
1529 2867 1897 2934 Quomodolo-

295 2941 298 2944 ‘
329 2945 527 3003 quutus
552 2947 631 2988 est
661 2936 782 2988 filiis
810 2935 962 2989 suis?
992 2936 1104 2989 Non
1139 2935 1188 2988 iu
1221 2935 1353 2990 facie
1398 2945 1454 2990 ut
1499 2936 1691 3001 homo,
1723 2937 1814 2992 sed
1843 2938 1894 2992 in

327 3005 495 3058 eorde
521 3014 577 3057 ut
605 3005 760 3059 Deus.
796 3004 966 3059 Homo
993 3007 1042 3060 iu
1073 3007 1288 3059 auribus
1309 3007 1526 3060 verbum
1554 3023 1770 3071 sonans,
1798 3008 1894 3062 sed

331 3073 474 3127 Deus
500 3075 556 3146 iu
589 3077 855 3146 mentibus
880 3078 1110 3146 suggerit
1135 3076 1481 3132 intellectum.
1508 3077 1769 3145 Quoniam
1797 3093 1893 3131 au-

325 3151 436 3198 tem
469 3143 544 3198 sic
579 3145 810 3211 loquitur
832 3143 1001 3208 Deus;
1020 3148 1131 3214 ipse
1153 3146 1324 3214 signat
1348 3143 1717 3201 dieeus'Helizc
1745 3165 1758 3201 :
1789 3146 1892 3202 De-

327 3214 512 3267 scende
538 3215 588 3268 in
617 3215 907 3286 Sarreptam
931 3216 1160 3286 Sidonia:
1181 3257 1197 3280 ,
1226 3225 1273 3286 et
1301 3218 1406 3270 illic
1435 3217 1680 3286 mandabo
1708 3218 1892 3286 viduas,

293 3299 304 3306 -
330 3295 388 3356 ut
414 3294 590 3356 pascat
611 3295 658 3339 te
684 3283 782 3353 (3.
808 3284 932 3356 "eg.
967 3287 1050 3341 l7.
1081 3285 1114 3340 9
1152 3288 1190 3356 ).
1211 3283 1516 3356 Quomodo.
1534 3297 1686 3355 putas
1706 3329 1719 3347 .
1746 3283 1896 3342 man-'-

295 3353 473 3427 'davit
503 3355 859 3427 vidute‘iiNou
885 3353 1160 3420 sermone,
1178 3355 1270 3427 sed
1303 3357 1352 3409 in
1373 3353 1558 3427 spiritu
1583 3374 1596 3422 ;
1630 3372 1728 3411 nec
1752 3359 1894 3414 enim

299 3453 306 3460 -
331 3426 528 3496 legitur
552 3425 854 3496 specialiter
873 3427 920 3480 ei
953 3427 1090 3480 Deus
1116 3425 1415 3481 mandasse;
1438 3427 1568 3494 Quis
1591 3436 1765 3480 autem
1789 3445 1892 3482 non

297 3495 594 3560 ‘iutclligat
618 3537 632 3560 ,
663 3496 828 3550 Deum
871 3496 1206 3550 invisibiliter
1255 3497 1306 3550 iu
1337 3499 1500 3551 corde
1527 3498 1574 3551 ci
1607 3498 1840 3552 locutum
1869 3500 1893 3553 Ἰ

305 3565 553 3634 Quando
579 3566 718 3620 enim
743 3567 888 3637 venit
907 3567 970 3620 ad
1002 3580 1118 3637 eam
1147 3565 1344 3630 llelias,
1379 3567 1466 3620 illa
1497 3568 1778 3637 colligebat
1798 3569 1894 3622 ha-

330 3637 532 3706 stellas,
563 3646 618 3689 ut
639 3637 737 3691 sibi
763 3636 975 3706 quidem
995 3647 1046 3706 et
1078 3636 1196 3689 ﬁliis
1223 3637 1354 3700 suis,
1377 3652 1481 3691 non
1511 3636 1688 3691 autem
1710 3648 1765 3690 ut
1784 3639 1890 3693 lle-

329 3705 418 3776 lia:
448 3707 617 3760 cibum
646 3705 884 3776 pararet;
914 3705 1005 3759 sed
1039 3716 1258 3774 repente
1289 3708 1692 3776 magnanitniter
1729 3709 1890 3762 obtu-

327 3774 389 3830 lit
420 3774 722 3832 adtnouenti
746 3818 760 3842 ,
799 3776 938 3846 quod
965 3787 1087 3832 ante
1113 3791 1231 3846 cum
1261 3774 1498 3830 extrema
1527 3777 1894 3846 desperatione

325 3857 626 3914 paraverat.
660 3845 883 3914 Quando
922 3848 1061 3900 enim
1094 3845 1354 3900 modicam
1390 3845 1637 3901 habebat,
1669 3849 1890 3904 farinam

324 3917 378 3969 iu
410 3931 588 3985 capsa,
618 3919 708 3969 sed
736 3931 975 3986 magnam
1007 3915 1165 3969 ﬁdem
1194 3916 1418 3969 habebat
1443 3919 1493 3971 iu
1524 3915 1705 3982 corde,
1734 3935 1890 3986 quam

324 3987 596 4042 esuriebat
626 3986 804 4041 Helias
853 4002 868 4039 :
914 4001 1065 4056 rcges
1112 3986 1322 4056 quidem
1353 3987 1695 4054 εευτίυιιςιιιι,
1738 3989 1892 4044 vidua

323 4067 503 4110 autem
539 4057 787 4124 pascebat
826 4073 839 4109 :
869 4059 989 4126 quia
1023 4057 1073 4110 in
1115 4057 1198 4110 illa
1233 4059 1523 4111 lentatioue
1550 4056 1739 4111 horrea
1771 4061 1892 4127 qui-

322 4127 446 4181 dem
473 4127 813 4198 defecerunt,
837 4141 992 4194 capsa
1021 4135 1196 4180 autem
1224 4128 1544 4198 exuberabat
1570 4169 1584 4192 ,
1617 4138 1672 4182 ut
1704 4129 1885 4198 imple-

322 4207 476 4252 retur
516 4197 656 4268 quod
690 4199 856 4250 fuerat
885 4199 1143 4266 scriptum
1172 4211 1183 4248 :
1206 4196 1402 4268 _Divitcs
1441 4208 1677 4268 eguerunt
1711 4209 1756 4251 et
1779 4196 1893 4252 esu-

319 4266 584 4322 rierunt’:
630 4267 934 4337 inquirentes
979 4282 1143 4320 autem
1194 4266 1480 4320 Dominunt
1515 4285 1614 4321 non
1660 4269 1892 4337 deﬁcient

321 4340 463 4390 omni
485 4337 642 4401 bono(
677 4337 819 4390 I’sal.
851 4338 938 4392 53.
970 4338 1026 4391 ll
1061 4339 1099 4406 ).
1124 4338 1257 4402 Quid
1285 4348 1367 4392 est
1397 4340 1602 4407 operari
1635 4341 1684 4394 in
1718 4339 1893 4394 vinea?

319 4407 586 4462 Justitiam
619 4407 810 4461 facere.
844 4407 1061 4478 Vineam
1087 4409 1228 4461 enim
1254 4409 1516 4478 justitiam
1544 4409 1778 4463 diximus
1802 4424 1894 4464 su-

322 4491 440 4546 pra,
475 4494 630 4548 quam
655 4477 970 4547 generaliter
998 4478 1209 4548 quidem
1249 4477 1298 4532 in
1334 4489 1520 4533 natura
1545 4481 1779 4534 omnium
1805 4481 1893 4534 ho-

321 4548 525 4618 minum
557 4549 696 4618 Deus
727 4548 1018 4618 plantavit,
1060 4550 1362 4616 specialiter
1392 4563 1565 4604 autem
1595 4550 1741 4604 dedit
1771 4567 1888 4606 eam

295 4616 375 4670 'in
407 4618 543 4672 libro
584 4616 781 4671 Judzeis
815 4635 829 4670 :
878 4620 1034 4687 cujus
1077 4620 1300 4673 diversa:
1341 4621 1471 4674 vites
1501 4629 1625 4674 sunt
1667 4621 1891 4675 diversa:

321 4689 534 4760 species
573 4689 939 4760 justitiarum:
975 4689 1024 4741 in
1061 4705 1162 4758 qua
1194 4691 1344 4742 vinea
1377 4693 1766 4760 unusquisque,
1801 4707 1888 4746 se-

317 4759 552 4812 cundum
571 4759 823 4829 proprias
843 4763 1004 4822 vires,
1033 4769 1120 4813 aut
1143 4775 1336 4829 paucas
1351 4761 1484 4814 \‘itcs
1512 4759 1780 4828 Opi-ratur,
1801 4773 1892 4818 aut

317 4829 534 4882 multas.
561 4829 750 4901 Nescio
788 4841 962 4882 autem
987 4870 1003 4894 ,
1048 4830 1089 4901 si
1124 4838 1284 4901 totam
1325 4832 1529 4901 vincam
1555 4832 1673 4901 quis
1713 4833 1889 4886 homi-

320 4909 448 4951 udm
494 4899 718 4952 sufficiat
759 4901 992 4968 operari.
1024 4900 1086 4951 At
1118 4900 1204 4952 ille
1234 4900 1400 4953 dixit:
1431 4899 1584 4954 Nolo.
1613 4903 1890 4967 Quomodo

315 4969 473 5032 dixit,
503 4967 676 5022 Nolo?
702 4969 756 5024 ln
781 4967 1028 5039 cogitatu.
1049 4969 1144 5036 Qui
1165 4971 1306 5022 cuitu
1335 4971 1534 5024 habens
1565 4973 1888 5028 intellectum

315 5039 444 5110 boui
493 5041 996 5110 etmali,reliuquit
1051 5042 1266 5102 bonum,
1320 5044 1880 5110 etsequiturmalum,

313 5107 829 5181 iu_cogitationibus
856 5107 1193 5181 suisicoutra
1239 5107 1514 5181 Dominum
1559 5113 1884 5181 respondere

313 5177 542 5242 videtur,
573 5180 694 5248 quia
738 5180 908 5246 Nolo,
952 5180 999 5232 id
1030 5189 1133 5245 est,
1166 5189 1348 5234 contra
1382 5177 1704 5235 intellecunn
1731 5199 1885 5237 smnn

309 5259 550 5302 creatqu
578 5251 675 5302 sibi
725 5267 754 5304 a
789 5251 916 5303 lico.
946 5250 1054 5304 Nisi
1087 5251 1226 5303 enim
1254 5250 1446 5303 dixerit
1478 5252 1528 5304 in
1573 5254 1732 5305 corde
1761 5269 1878 5318 suo,

313 5319 457 5374 Nolo
478 5359 494 5384 ,
530 5335 632 5372 non
675 5331 846 5384 potest
875 5321 985 5373 ﬁeri
1026 5329 1079 5374 ut
1109 5321 1388 5389 aliquando
1434 5330 1654 5389 peccet,
1680 5325 1887 5380 dicente

301 5393 613 5463 propheta:
644 5390 803 5463 Dixi!
846 5391 1094 5463 injustas,
1127 5401 1181 5442 ut
1243 5391 1496 5460 delinquat
1537 5394 1586 5444 in
1625 5400 1886 5463 semetipso

307 5459 486 5533 ςιιεαι.
519 5459 655 5533 35.]
690 5460 729 5533 ).
758 5459 959 5533 Gentes
981 5461 1123 5514 enim
1151 5476 1180 5514 a
1226 5459 1433 5531 princip
1454 5479 1486 5513 ο
1526 5459 1886 5533 relinquentes

305 5529 480 5584 Deum
510 5539 564 5582 et
607 5529 865 5595 justitiam
918 5529 1035 5599 ejus
1060 5573 1072 5592 ,
1106 5540 1158 5583 et
1207 5529 1544 5586 transeuntes
1570 5534 1634 5587 ad
1669 5529 1804 5588 idola
1831 5547 1883 5591 et

303 5609 550 5668 peccata,
582 5601 632 5652 in
661 5601 1070 5670 cogitationibus
1111 5602 1223 5656 suis
1254 5603 1578 5672 respondere
1605 5605 1880 5660 videntur:

369 5691 446 5754 (α)
472 5697 580 5742 ttae
604 5690 807 5742 Itomilia
832 5693 880 5742 iu
906 5691 1080 5744 Codice
1106 5698 1153 5738 ν.
1183 5698 1234 5741 ο.
1281 5693 1581 5759 praecedenti
1599 5695 1833 5770 jungitur.

1444 253 1510 310 1N
1551 251 1976 311 ΜΑΤΤΗΑΞΠΜ.
2017 251 2250 310 ιιοιιιι.
2289 253 2401 310 ιιι..

3461 261 3564 318 850

2003 368 2259 424 Nolumus
2284 367 2458 421 facere
2483 365 2742 434 justitiam
2781 381 2934 434 quam
2962 365 3166 423 scimus
3189 385 3252 422 ex
3277 369 3448 425 nobls.
3472 374 3569 426 Ae-

2001 441 2180 492 cedens
2207 448 2370 510 autent
2396 436 2723 510 adulterum,
2741 438 2866 490 dixit
2886 439 3134 510 similiter.
3154 438 3218 492 At
3246 439 3333 494 ille
3357 457 3566 510 respon-

2002 510 2144 573 dens,
2173 509 2291 580 ait:
2321 506 2416 570 Eo,
2446 509 2676 580 domine,
2691 519 2743 580 et
2771 523 2868 580 non
2897 508 3001 562 ivit.
3024 507 3271 564 Judaicus
3300 506 3446 564 enim
3474 530 3568 580 po.

2003 581 2178 649 pulus,
2210 577 2260 631 id
2291 588 2405 649 εει,
2439 578 2613 630 minor
2652 578 2820 649 ﬁlius.
2843 579 3228 645 interrogatus,
3255 589 3308 634 et
3335 597 3427 649 per
3453 577 3565 635 blo-

2006 647 2142 712 Sem,
2173 656 2236 720 etp
2250 662 2348 720 per
2370 647 2650 720 Joannem,
2677 648 2825 715 quasi
2854 663 2884 700 ιι
2916 649 3022 700 Deo
3047 664 3137 716 per
3169 664 3263 702 eos
3293 647 3560 720 loquente.

2001 718 2287 790 sp0pondit
2315 731 2373 770 se
2399 717 2574 770 omnia
2617 720 2877 772 facturum
2922 733 3266 790 quarcumque
3299 717 3561 790 pratcepe-

2003 798 2084 841 rat
2108 789 2361 842 Dominus
2385 801 2398 836 :
2429 797 2608 852 postea
2637 799 2810 840 autem
2837 789 3030 852 aversi,
3055 789 3258 844 mentiti
3287 800 3409 844 sunt
3435 789 3562 856 Deo,

2002 858 2140 910 sicut
2168 857 2234 910 de
2261 859 2368 912 illis
2395 857 2522 910 dicit
2552 857 2812 925 propheta
2841 873 2856 909 :
2893 856 3017 910 Filii
3043 857 3194 911 alicui
3231 863 3422 914 mentiti
3454 875 3565 915 sunt

1999 928 2124 1000 mihi
2151 928 2168 995 (
2201 925 2345 1000 Psal.
2375 927 2552 1000 17.46
2583 927 2621 995 ).
2651 929 2774 1000 Quis
2808 943 2870 980 ea:
2899 930 3090 1000 duobus
3127 928 3238 1000 fecit
3279 933 3435 1000 patris
3477 947 3566 984 vo-

2001 997 2279 1070 luntatem?
2299 997 2360 1070 4t
2387 997 2462 1070 illi
2483 997 2875 1064 responderunt:
2895 996 3254 1070 l’rintus.'\'ide
3277 996 3564 1070 quomodo,

2001 1069 2137 1121 sicut
2166 1067 2274 1135 jam
2305 1068 2538 1119 diximus
2575 1081 2732 1135 supra
2756 1106 2773 1134 ,
2801 1069 3006 1122 attracti
3038 1067 3562 1137 parabolze'verilate,

2004 1137 2105 1205 ipsi
2133 1139 2410 1190 adversum
2450 1150 2508 1189 se
2547 1139 2866 1191 sententiam
2895 1139 3254 1205 protulerunt,
3288 1141 3524 1196 dicentes
3547 1183 3560 1203 ,

2005 1207 2233 1280 priorem
2274 1205 2437 1280 ﬁlium
2468 1207 2633 1280 patris
2661 1207 2981 1280 voluntatem
3014 1207 3201 1261 fecisse
3222 1253 3234 1270 ,
3270 1212 3444 1272 idest,
3472 1229 3564 1280 po.

2042 1278 2182 1331 ulttm
2212 1277 2444 1347 gentium
2478 1279 2650 1347 :_quia
2691 1279 2880 1330 melius
2905 1286 2987 1329 est
3025 1294 3127 1331 non
3157 1277 3484 1347 promittere
3513 1291 3564 1336 ct

2025 1349 2179 1402 acere
2215 1346 2467 1414 justitiam
2499 1345 2633 1408 Dei,
2680 1361 2836 1413 quam
2880 1345 3187 1414 promittere
3229 1361 3283 1404 et
3330 1353 3560 1406 mentiri.

2002 1420 2236 1482 Quorum
2263 1415 2516 1484 judicium
2545 1415 2878 1470 abundanter
2900 1419 3220 1471 conﬁrmans
3249 1420 3483 1484 addidit,
3511 1431 3564 1474 et

2001 1487 2132 1544 dicit
2166 1505 2180 1540 :
2214 1488 2370 1539 Amen
2398 1486 2510 1536 diro
2537 1487 2672 1540 vobis
2697 1528 2712 1550 ,
2742 1489 2863 1554 quia
2907 1487 3160 1553 publicani
3200 1501 3244 1542 et
3281 1493 3560 1544 meretrices

2003 1558 2288 1626 praecedunt
2313 1571 2398 1608 vos
2418 1557 2469 1606 in
2495 1573 2702 1625 regnum
2733 1555 2847 1609 Dei.
2878 1559 2955 1611 Ac
2976 1557 3018 1608 si
3051 1555 3193 1611 dicat
3221 1577 3233 1612 :
3261 1555 3364 1614 non
3393 1563 3561 1613 solum

2003 1627 2229 1699 populus
2257 1627 2502 1699 gentium
2523 1626 2709 1699 melior
2732 1637 2808 1699 Cal
2837 1630 2987 1699 vobis
3012 1626 3210 1683 Judacis
3228 1671 3241 1691 ,
3267 1633 3402 1684 sicut
3426 1629 3566 1699 judi-

2001 1693 2164 1753 castis
2189 1706 2242 1750 et
2264 1693 2383 1765 ipsi,
2413 1693 2504 1748 sed
2535 1695 2695 1767 etiam
2725 1696 2988 1767 publicani
3026 1709 3078 1750 et
3109 1693 3444 1762 meretrices,
3470 1702 3558 1767 qui

2001 1777 2126 1822 sunt
2164 1768 2303 1821 inter
2328 1781 2422 1837 vos
2454 1765 2732 1837 manifeste
2767 1766 3121 1832 turpissimam
3153 1772 3462 1837 proﬁtentes
3489 1765 3562 1821 si.

2003 1847 2135 1901 tam,
2168 1835 2475 1907 praecedunt
2501 1851 2606 1907 vos
2638 1835 2687 1888 in
2738 1851 2956 1907 regnum
2995 1838 3087 1892 Dei
3123 1835 3366 1906 {quanto
3399 1841 3564 1907 magis

2002 1907 2227 1976 populus
2257 1904 2536 1974 gentium?
2579 1905 2723 1976 Puto‘
2755 1905 2895 1973 quod
2943 1923 3005 1962 ex
3057 1904 3280 1975 persona
3328 1904 3562 1963 omnium

2003 1969 2237 2030 virorum
2259 1969 2607 2047 peccatorum
2639 1969 2904 2045 publicani
2936 1969 3236 2043 ponuntur,
3265 1990 3316 2031 et
3341 1993 3406 2033 ex
3445 1995 3563 2047 per-

1995 2062 2131 2112 sona
2149 2047 2385 2116 omnium
2409 2045 2686 2116 mulierum
2717 2048 3042 2113 peccantium
3073 2049 3377 2102 meretrices
3401 2066 3413 2102 :
3437 2045 3565 2116 quo-

2002 2118 2142 2170 niam
2171 2115 2412 2184 quamvis
2438 2114 2601 2170 multa
2630 2116 2736 2169 sint
2764 2126 2974 2183 peccata
3017 2118 3068 2173 in
3096 2118 3221 2172 viris
3249 2130 3300 2172 et
3330 2114 3565 2174 mulieri-

1998 2187 2102 2241 bus
2145 2195 2335 2254 pra‘ter
2380 2185 2506 2252 ista,
2559 2194 2730 2239 tamen
2763 2187 3026 2254 praecipue
3081 2189 3132 2241 in
3179 2188 3304 2242 \‘iris
3351 2191 3563 2246 avaritia

1998 2253 2252 2316 abundat,
2271 2253 2547 2309 fornicatio
2573 2253 2825 2309 aulemiu
2852 2257 3179 2311 mulieribus.
3212 2258 3424 2324 Utputa,
3445 2275 3561 2311 mu.

1999 2327 2100 2380 lier
2125 2325 2364 2392 quamvis
2398 2333 2570 2394 potest
2599 2339 2718 2380 esse
2762 2339 2918 2379 at'ara
2963 2337 3051 2381 aut
3092 2328 3317 2394 superba
3338 2369 3352 2386 .
3387 2338 3563 2383 tamen

2001 2411 2108 2451 non
2139 2395 2421 2467 facileper
2444 2394 2718 2467 avaritiam
2749 2404 2838 2448 aut
2861 2398 3159 2465 superbiam
3190 2407 3406 2467 peccat:
3431 2415 3559 2467 quo.

2001 2467 2139 2520 niam
2168 2482 2270 2520 non
2303 2463 2644 2537 habetfacile
2672 2463 2899 2537 honores
2913 2463 2940 2530 ,’
2955 2482 3050 2536 pro
3074 2463 3266 2537 quibus
3290 2463 3560 2522 avaritiam
3638 2511 3643 2516 .

2001 2543 2287 2590 exerceat:
2322 2543 2412 2606 aut
2438 2532 2506 2588 sit
2529 2535 2756 2606 superba
2783 2535 2924 2590 inter
2945 2532 3059 2603 eos,
3079 2532 3197 2590 cum
3229 2538 3420 2606 quibus
3439 2553 3564 2591 coui-

2001 2615 2264 2676 vcrsatur,
2294 2614 2350 2658 ut
2365 2603 2430 2676 _in
2459 2605 2703 2672 superbia
2733 2615 2938 2674 peccet,
2960 2623 3076 2676 qua:
3105 2608 3154 2661 iu
3173 2603 3329 2660 doino
3358 2622 3450 2661 sua
3477 2625 3561 2660 se-

2000 2677 2091 2730 det
2117 2675 2336 2728 inclusa.
2365 2673 2486 2728 Ideo
2511 2673 2873 2745 autemtacile
2900 2673 3170 2745 peccatum
3203 2677 3562 2732 fornicationis

2001 2745 2241 2810 incurrit,
2273 2745 2502 2799 maxime
2530 2745 2650 2867 (Eua
2695 2743 2797 2800 hoc
2830 2743 3013 2800 vitium
3045 2747 3198 2802 facile
3235 2765 3296 2800 ex
3327 2747 3563 2802 vacantia

2003 2825 2056 2867 et
2085 2816 2194 2867 otio
2242 2814 2495 2867 naSritur.
2575 2813 2674 2867 ‘am
2717 2815 2805 2867 nui
2855 2816 3292 2867 sollicitudinibus
3334 2818 3563 2867 aniumm

2003 2825 2056 2872 et
2085 2816 2194 2872 otio
2242 2814 2495 2871 nast'itur.
2544 2813 2674 2867 Nam
2717 2815 2805 2883 qui
2855 2816 3292 2872 sollicitudinibus
3334 2818 3564 2872 animum

2000 2889 2158 2946 habet
2183 2898 2519 2955 occupatum,
2539 2900 2642 2940 non
2675 2883 2828 2942 facile
2855 2884 3188 2942 fornicationi
3212 2903 3426 2955 cperam
3445 2886 3559 2940 dat.

2000 2957 2130 3014 Nam
2159 2958 2399 3011 deﬁnitio
2425 2957 2622 3009 amoris
2653 2956 2767 3009 lucc
2791 2967 2872 3012 est
2902 2976 2913 3010 :
2953 2960 3146 3012 anima:
3174 2959 3409 3011 vacantis
3439 2972 3561 3024 pas.

1999 3029 2100 3084 sio.
2130 3027 2220 3081 Vir
2242 3036 2417 3081 autem
2449 3026 2698 3096 quoniam
2733 3027 2783 3080 in
2810 3028 3015 3082 actibus
3039 3044 3212 3084 rerum
3234 3027 3562 3086 diversarum

2001 3108 2085 3152 est
2114 3096 2327 3152 assidue
2351 3137 2366 3162 ,
2395 3096 2446 3150 in
2487 3097 2721 3150 avaritias
2768 3109 3040 3166 peccatum
3079 3099 3331 3160 incurrit;
3376 3099 3424 3150 in
3455 3096 3563 3150 for-

1999 3169 2321 3222 uicationem
2356 3175 2536 3220 autem
2573 3181 2680 3220 non
2713 3165 2868 3221 facile
2894 3207 2910 3233 ,
2937 3169 3038 3222 nisi
3079 3167 3212 3222 forte
3242 3169 3463 3222 mul.utu
3495 3167 3564 3224 sit

1998 3237 2251 3292 lascivus.
2279 3235 2409 3291 Nam
2435 3236 2710 3304 occupatio
2732 3237 2958 3291 virilium
2981 3237 3416 3303 sollicitudinum,
3444 3252 3565 3306 sug-

1996 3308 2295 3376 gestionum
2323 3306 2619 3375 voluptates
2649 3306 2932 3374 plurimum
2962 3308 3213 3364 excludit.
3261 3307 3409 3361 L’ndc
3416 3321 3564 3430 1~pro-

1999 3379 2173 3430 prium
2199 3386 2282 3430 est
2329 3375 2432 3430 hoc
2460 3375 2874 3430 adolescentium
2925 3377 3058 3430 nihil
3101 3377 3387 3430 agentium.
3465 3390 3564 3430 unc

1999 3375 2173 3446 prium
2199 3386 2282 3431 est
2329 3375 2432 3430 hoc
2460 3375 2874 3430 adolescentium
2925 3377 3062 3448 nihil
3101 3377 3387 3448 agentium.
3416 3375 3565 3448 Nunc

1997 3448 2215 3517 exponit
2237 3461 2452 3517 causam
2476 3485 2492 3509 ,
2517 3453 2734 3515 propter
2755 3462 2925 3517 quam
2943 3446 3207 3516 publicani
3233 3456 3294 3517 et_
3315 3446 3560 3517 meretri-

1999 3515 2089 3572 ces
2118 3515 2426 3587 praecedunt
2465 3530 2594 3579 cos,
2626 3515 2810 3571 dicens
2842 3535 2856 3572 :
2889 3515 3032 3573 venit
3059 3519 3127 3570 ad
3153 3533 3237 3571 vos
3264 3515 3488 3572 Joannes
3511 3516 3562 3572 in

1997 3588 2076 3642 via
2101 3588 2344 3656 justitiw,
2391 3595 2435 3657 et
2479 3603 2580 3638 non
2608 3587 2890 3640 credidistis
2922 3589 2968 3640 ei
2995 3604 3014 3643 :
3053 3589 3306 3657 publicani
3331 3597 3496 3640 autem
3521 3595 3566 3644 et

1996 3659 2278 3711 meretrices
2302 3656 2618 3710 crediderunt
2649 3657 2690 3709 ei
2722 3673 2740 3710 :
2762 3673 2844 3711 vos
2873 3669 3036 3710 autem
3055 3656 3282 3712 videntes
3301 3699 3317 3723 ,
3341 3672 3429 3710 nec
3458 3671 3565 3724 par-

1997 3728 2258 3796 nitentiam
2287 3726 2458 3796 egistis
2489 3738 2660 3796 postea
2685 3766 2700 3790 ,
2733 3743 2822 3796 nec
2853 3728 3153 3781 credidistis.
3204 3730 3279 3782 Ac
3305 3728 3347 3782 si
3375 3726 3516 3780 dicat
3547 3739 3562 3796 ξ

2000 3795 2110 3849 Etsi
2146 3810 2250 3849 non
2275 3795 2507 3849 venisset
2532 3795 2595 3848 ad
2625 3811 2720 3849 V08
2747 3795 2979 3850 Joannes
3016 3798 3065 3849 iu
3098 3799 3177 3850 via
3201 3797 3438 3864 justiti-.e,
3469 3795 3562 3849 sed

1998 3875 2200 3920 tantum
2219 3864 2534 3933 baptismum
2551 3866 2873 3932 paruitentiie
2895 3865 3233 3934 przrdicasset
3253 3884 3267 3920 :
3291 3881 3386 3918 vos
3411 3865 3562 3933 quasi

1998 3935 2304 4008 sacerdotes
2341 3943 2394 3987 et
2421 3935 2899 4008 prudentesquasi
2926 3935 3132 4008 judices
3157 3951 3262 4008 non
3301 3949 3563 4008 personat

1998 4021 2140 4071 rum,
2163 4001 2257 4060 scd
2289 4019 2490 4070 rerum,
2519 4001 2821 4058 debueratis
2836 4006 2882 4059 ei
2903 4001 3140 4068 credere,
3161 4007 3258 4061 etsi
3290 4001 3392 4060 non
3414 4005 3563 4072 quaﬂ

1987 4075 2157 4144 justo,
2185 4084 2362 4144 tamen
2390 4074 2537 4142 quasi
2564 4073 2705 4144 justa
2738 4074 2952 4129 dicenti.
2987 4075 3122 4142 Quid
3163 4075 3303 4130 enim
3334 4076 3566 4144 pertinet

1999 4143 2064 4198 ad
2095 4143 2392 4199 auditorem
2422 4145 2525 4197 vita
2567 4143 2970 4213 przcdicatoris?
2995 4145 3049 4200 Si
3075 4146 3215 4200 enim
3243 4143 3380 4201 male
3415 4145 3563 4211 vivit,

1997 4214 2138 4270 illius
2165 4225 2245 4270 est
2277 4213 2524 4268 damnum
2554 4213 2718 4268 solius
2759 4229 2773 4266 :
2806 4216 2846 4267 si
2872 4223 3046 4269 autem
3077 4217 3210 4270 bene
3234 4215 3423 4277 docet,
3453 4229 3563 4267 om-

1997 4287 2140 4339 nium
2169 4284 2490 4338 audientium
2515 4284 2714 4337 lucrmu
2738 4284 2996 4339 est.Nuuc
3023 4295 3195 4340 autem
3220 4287 3362 4341 venit
3388 4285 3451 4338 ad
3469 4297 3563 4338 vos

1997 4355 2050 4410 in
2078 4357 2158 4426 via
2186 4355 2404 4422 iustitia:
2433 4355 2509 4426 sic
2539 4353 2841 4426 manifesta,
2873 4368 2926 4408 ut
2955 4357 3292 4410 eouversatio
3329 4356 3449 4426 ejus
3473 4370 3563 4409 ve-

1997 4425 2251 4480 nerabilis
2277 4434 2330 4479 et
2356 4423 2592 4494 angelica
2623 4424 2725 4477 vita
2753 4426 2910 4478 etiam
2941 4426 3339 4494 publicanorum
3359 4423 3415 4480 et
3447 4439 3562 4480 me-

1995 4497 2246 4567 retricum
2265 4493 2424 4567 corda
2437 4493 2780 4558 concuteret,
2803 4504 2857 4549 et
2885 4493 3130 4564 percussa
3161 4512 3352 4567 pavore
3378 4496 3562 4552 ﬂecte-

1997 4575 2080 4620 ret
2099 4565 2164 4619 ad
2195 4564 2542 4627 credendum,
2572 4575 2625 4618 ct
2651 4574 2824 4618 vestra
2851 4567 3012 4620 corda
3047 4564 3361 4634 non'tetigit.
3404 4567 3560 4620 Vide-

1997 4637 2067 4706 tis
2093 4636 2213 4704 quia
2233 4635 2376 4706 juste
2408 4635 2756 4706 publicaniet
2798 4638 3106 4690 meretrices
3137 4636 3442 4706 praecedunt
3471 4649 3564 4692 vos

1996 4705 2048 4760 iu
2077 4703 2296 4774 regnum
2341 4703 2430 4758 Dei
2459 4704 2791 4759 ?Considera
2823 4716 3018 4770 autem,
3046 4703 3310 4774 qtuimodo
3331 4722 3559 4761 conver-

1993 4776 2130 4829 satio
2183 4775 2314 4828 hona
2367 4775 2725 4846 pr:rdicatoris
2779 4775 3136 4844 pra-dicatioui
3182 4793 3290 4829 sua:
3339 4785 3557 4846 praestat

1995 4847 2268 4917 virtutem,
2305 4845 2544 4917 utetiam
2569 4845 2913 4917 indomabilia
2943 4847 3122 4900 domet
3146 4845 3425 4902 cortlaalit
3449 4849 3560 4917 ipsa

1995 4916 2205 4982 quidem
2238 4914 2698 4984 prmdicaliojusta
2733 4931 2886 4968 uuam
2917 4932 2980 4969 ex
3012 4931 3070 4971 se
3100 4917 3256 4970 habet
3277 4914 3558 4972 virtutem:

1994 4985 2262 5066 duplicent
2306 4996 2480 5066 autem
2532 4985 2720 5066 habet,
2741 4986 2952 5066 quando
2977 4997 3031 5066 et
3075 4987 3377 5066 pr_:pdicati_o
3418 4989 3559 5057 justa

1992 5055 2095 5122 est,
2126 5067 2176 5110 et
2214 5057 2326 5124 ipse
2357 5056 2442 5122 qui
2479 5055 2726 5123 [tl‘il‘lllt'al
2753 5055 2947 5121 justus.
2979 5056 3066 5110 Sic
3111 5058 3236 5110 dicit
3270 5073 3283 5109 :
3331 5055 3435 5112 Vos
3464 5074 3560 5112 att-

1996 5135 2099 5180 lctn
2131 5142 2227 5180 nec
2259 5127 2620 5198 pmttileuliatn
2647 5127 2862 5198 egistis.
2888 5128 3034 5198 quasi
3079 5129 3341 5198 publicani
3372 5140 3424 5183 el.
3447 5147 3560 5183 mc-

1994 5199 2216 5268 retrices
2242 5196 2522 5249 credentes
2551 5193 2865 5268 .loauui.’llli
2907 5193 3139 5251 fecerunt
3170 5199 3184 5229 ¹
3214 5199 3350 5268 quod
3394 5201 3563 5268 majus

1994 5276 2097 5340 est,
2129 5267 2215 5320 isti
2236 5275 2421 5340 autem
2447 5280 2616 5340 neque
2641 5267 3005 5340 pu'nitcatiaui
3035 5267 3254 5337 egerunt
3279 5311 3293 5332 ,
3313 5272 3452 5340 quod
3479 5267 3563 5322 ca

1994 5338 2188 5390 mirus.
2235 5335 2497 5405 Numquid
2534 5336 2794 5402 publicani
2846 5347 2897 5389 et
2947 5335 3256 5393 meretrices
3281 5335 3560 5393 credentes

1994 5408 2046 5461 lu
2075 5407 2342 5461 Clu-istum
2369 5446 2382 5465 ,
2427 5408 2542 5458 sine
2591 5406 2898 5474 pmuiteutia
2947 5410 3287 5464 crediderunt
3317 5411 3342 5462 ἲ
3388 5422 3559 5475 neque

1991 5478 2133 5548 enim
2163 5476 2412 5544 possibile
2444 5487 2559 5528 erat
2590 5475 2810 5548 eri-dere
2839 5479 2888 5531 in
2922 5495 3042 5533 eum
3071 5482 3186 5532 sine
3217 5479 3554 5548 pmniu-ntia,

1991 5547 2080 5620 qui
2112 5548 2431 5616 baptismum
2483 5546 2808 5614 penitentic
2858 5546 3227 5618 prmdicabat.'
3251 5546 3400 5614 Quod
3426 5559 3555 5616 ergo

2056 5700 2074 5734 ί
2111 5700 2170 5752 ν.
2196 5706 2246 5750 D.
2275 5707 2324 5750 et
2347 5699 2459 5750 Fditi
2493 5705 2540 5750 tu
2566 5713 2736 5765 marg.,
2765 5702 2837 5754 illi
2859 5703 3185 5755 crediderunt.
