4052 6200
263 343 365 401 853

263 458 357 514 riis
401 451 756 511 mundialibus
792 461 846 507 et
874 449 1233 520 voluptatibus
1277 446 1591 520 carnalibus
1627 446 1833 520 seipsos

265 527 716 594 maneipaverunt,
756 517 1057 594 pra-cedunt
1088 535 1184 574 vos
1224 522 1276 573 in
1302 533 1524 594 regnum
1566 518 1682 581 Dei,
1710 517 1833 584 quia

266 598 339 652 illi
379 588 627 650 conversi
665 588 971 648 desiderant
1008 605 1149 650 esse.
1174 588 1316 658 quod
1358 604 1462 641 non
1516 598 1667 641 erant
1698 604 1712 640 :
1741 600 1837 640 vos

263 678 438 720 autem
464 664 737 733 denegatis
767 664 818 716 in
847 677 1031 729 Opere.
1061 657 1207 733 quod
1239 657 1486 733 videmini
1519 658 1754 733 profiteri
1783 657 1836 710 in

266 735 449 795 verbo.
492 742 549 790 et
589 727 720 788 estis
765 727 1029 799 tamquam
1074 727 1293 785 arbores
1332 728 1456 782 folia
1505 727 1837 799 sinerl‘rnetu

266 805 542 865 habentes,
588 819 691 856 non
727 796 1003 871 pascentes
1029 801 1299 854 dominum
1330 813 1515 871 suum,
1550 796 1644 871 sed
1687 799 1838 871 delu-

263 876 468 930 dentt-s.
495 873 565 927 Et
589 872 707 926 vide
729 868 873 941 quod
905 887 1009 925 non
1037 871 1188 929 dixit.
1217 880 1309 941 aut
1333 870 1455 938 quia
1488 868 1759 922 Publicaui
1783 877 1839 921 et

264 944 571 999 meretrices
611 942 904 996 introibuut
932 945 983 995 in
1026 956 1245 1010 regnum
1288 940 1402 1002 Dei,
1432 950 1723 1010 vosautetn
1754 954 1840 1010 re-

262 1013 533 1086 pellemiui
580 1012 779 1086 longe:
802 1023 893 1067 aut
928 1008 1262 1086 quocumque
1290 1010 1398 1064 alio
1436 1009 1597 1086 rerbo
1631 1008 1836 1086 signiti-

261 1079 417 1142 cante
453 1098 559 1137 non
603 1079 698 1137 eos
737 1079 1027 1136 intraturus
1074 1081 1126 1133 in
1172 1096 1391 1150 regnum
1440 1080 1573 1133 Dei:
1603 1079 1834 1150 sedritu,

265 1153 567 1209 Procedunt
593 1169 678 1207 vos
704 1154 755 1205 in
787 1168 961 1222 regno.
992 1150 1091 1207 Ubi
1113 1150 1250 1203 alius
1279 1149 1531 1219 praecedit
1559 1149 1836 1222 inrcurlesti

263 1239 447 1295 regno,
479 1224 618 1277 alter
646 1220 904 1292 sequitur,
945 1224 1033 1345 ιιιιὶ
1058 1222 1219 1276 etiam
1253 1223 1464 1275 laetatur
1493 1238 1507 1273 :
1533 1220 1633 1274 etsi
1675 1220 1725 1272 in
1753 1234 1839 1273 se.-

263 1295 436 1345 eundo
465 1294 604 1345 loco.
646 1302 822 1345 tanien
851 1292 959 1345 nibi
984 1293 1197 1345 ominus
1225 1292 1326 1345 erit
1356 1292 1406 1344 in
1438 1303 1621 1345 reano.
1652 1290 1839 1344 Adhuc

261 1290 436 1350 eundo
465 1294 604 1360 loco,
646 1290 822 1347 tamen
851 1290 1197 1345 nihilominus
1225 1292 1326 1345 erit
1356 1292 1406 1344 in
1438 1303 1621 1357 regno.
1652 1290 1840 1344 Adhuc

263 1377 437 1420 autem
465 1364 609 1429 vide,
636 1366 756 1428 quia
796 1378 902 1417 non
942 1362 1074 1420 dixit
1107 1362 1257 1431 quasi
1300 1361 1367 1431 de
1406 1360 1601 1421 futuro,
1635 1360 1843 1431 Praece-

262 1436 386 1490 dcut
422 1449 552 1498 vos;
580 1433 673 1487 sed
709 1434 858 1502 quasi
889 1432 956 1486 de
983 1429 1265 1502 prmsenti,
1292 1430 1586 1485 Prii-cedunt
1609 1447 1711 1502 vos.
1743 1429 1840 1485 Sc-

263 1505 490 1561 cundum
514 1504 632 1559 lucc
649 1500 807 1573 igitur
827 1503 985 1557 verba
1006 1513 1062 1573 et
1085 1500 1390 1556 sacerdotes
1409 1501 1840 1573 signiﬁcabantur

267 1577 554 1647 ingressuri
576 1575 633 1629 in
670 1570 982 1647 regno__l)ei,
1017 1572 1064 1626 id
1083 1581 1207 1647 est,
1236 1570 1492 1647 credituri
1522 1571 1574 1623 in
1601 1570 1835 1647 Christo.

266 1641 372 1702 seu
421 1646 545 1715 quia
615 1641 956 1715 credentibus
1009 1643 1299 1715 publicanis
1359 1651 1414 1695 et
1473 1641 1841 1715 meretricibus

264 1710 475 1782 Joanui,
506 1724 564 1768 et
590 1713 867 1783 baptizatis
890 1713 959 1765 ab
984 1727 1069 1783 eo,
1098 1710 1403 1783 sacerdotes
1433 1712 1757 1783 aestimantes
1782 1725 1842 1764 se

262 1781 467 1856 justus,
486 1781 673 1853 neque
694 1782 931 1856 credere
948 1781 1229 1836 voluerunt
1270 1782 1339 1844 ei,
1386 1789 1503 1856 post
1534 1781 1841 1856 publicanos

263 1850 319 1912 et
344 1850 659 1911 meretrices
692 1853 934 1907 intratnri
960 1856 1361 1911 aununtiantur.
1400 1853 1538 1906 sicut
1564 1861 1617 1905 et
1644 1850 1843 1905 factum

261 1938 364 1983 est.
405 1926 537 1981 Post
567 1925 933 1978 ascensionem
983 1933 1160 1977 autem
1212 1922 1417 1975 ltoniiui
1459 1921 1609 1976 multi
1654 1937 1840 1975 eorum

265 2013 362 2066 per
388 1994 660 2066 apostolos
685 1994 1027 2066 crediderunt
1067 1993 1118 2046 in
1148 1992 1548 2066 Christo,_sicut
1578 2000 1842 2066 testantur

265 2060 439 2122 Actus
473 2066 861 2133 apostolorum,
890 2064 1169 2118 dicentes:
1202 2061 1264 2133 Et
1297 2062 1456 2116 multa
1495 2060 1641 2115 turba
1668 2079 1839 2133 secere

260 2132 711 2191 datuntobediebat
737 2135 857 2203 ﬁdei
880 2135 1012 2202 (Act.
1036 2134 1090 2188 6.
1117 2134 1192 2202 7).
1221 2132 1289 2187 Et
1314 2134 1401 2201 qui
1425 2141 1547 2186 sunt
1573 2132 1838 2201 publicani

259 2218 316 2263 et
346 2209 678 2265 meretrices,
710 2208 797 2269 qui
831 2214 1215 2274 processerunt
1257 2219 1353 2258 eos
1393 2205 1442 2256 in
1484 2204 1685 2272 regno?
1712 2203 1842 2256 Mat-

263 2278 434 2332 tliaeus
479 2276 913 2347 publicanuspet
955 2274 1210 2347 Zaclrcus
1255 2274 1502 2347 princeps
1538 2274 1844 2343 publicano-

267 2362 407 2411 rum,
448 2344 504 2402 ct
547 2346 724 2400 cancri
760 2344 1043 2414 publicani,
1084 2345 1173 2414 qui
1211 2360 1331 2397 cum
1375 2345 1503 2413 ipsis
1532 2353 1586 2398 et
1627 2352 1843 2413 promer

263 2418 406 2488 ipsus
455 2416 802 2471 crediderunt
838 2416 888 2469 in
932 2415 1169 2488 tibi-isto.
1216 2414 1282 2469 Et
1325 2431 1443 2482 qua:
1487 2415 1842 2488 meretrices?

258 2486 401 2556 Quas
425 2495 703 2557 exponunt
725 2486 1065 2557 evangelisee
1095 2501 1262 2557 nuper
1281 2493 1558 2557 testantes,
1582 2487 1703 2557 quia
1743 2500 1840 2553 pn-

261 2555 450 2613 blicani
491 2555 551 2611 et
593 2556 901 2612 meretrices
944 2555 1284 2612 crediderunt
1321 2555 1535 2609 Christo
1571 2555 1746 2610 adhuc
1789 2559 1840 2608 in

259 2629 457 2683 mundo
489 2628 594 2681 hoc
620 2627 851 2698 degenti.
875 2625 1193 2698 Sacerdotes
1207 2636 1383 2698 autem
1418 2636 1536 2694 post
1561 2640 1839 2681 ascensum

259 2700 398 2754 illius
425 2715 523 2768 per
554 2696 827 2769 apostolos
848 2696 1210 2769 crediderunt.
1248 2697 1385 2767 Ergo
1415 2707 1631 2769 propter
1677 2699 1839 2751 mise-

259 2769 550 2824 ricordiam
574 2768 789 2837 quidem
825 2768 915 2822 Dei
944 2767 1167 2838 ingressi
1197 2776 1396 2822 suntet
1425 2769 1521 2834 ipsi
1543 2767 1611 2838 in
1649 2782 1838 2837 regno,

259 2850 477 2910 prepter
513 2839 807 2893 elationem
836 2837 1018 2893 autem
1049 2837 1231 2892 cordis.
1252 2838 1349 2910 Asni
1383 2847 1501 2910 post
1531 2837 1842 2907 publicanos

257 2919 311 2964 et
336 2908 650 2966 meretrices
688 2909 911 2975 ingressi
953 2917 1097 2974 sunt,
1147 2918 1203 2962 ut
1240 2908 1393 2963 fieret
1432 2908 1510 2963 eis
1552 2923 1648 2978 pro
1685 2922 1839 2977 potita

255 2982 524 3052 superbia;
568 2979 856 3051 prmcessiii
904 2980 1257 3052 meretricum
1287 2991 1347 3052 et
1378 2978 1793 3052 publicanorum
1822 2997 1837 3031 :

256 3049 439 3123 ut'per
468 3049 1005 3123 lioc'cognoscamus,
1033 3051 1154 3123 quia
1187 3049 1316 3123 nihil
1346 3051 1423 3123 sic
1445 3049 1663 3123 impedit
1683 3050 1838 3123 tidem

255 3118 414 3191 quam
444 3122 612 3178 elatio
650 3121 868 3175 cordis:
904 3118 1290 3191 nnde'direbat
1317 3119 1383 3173 ad
1427 3118 1543 3185 eos,
1597 3118 1715 3182 Vos,
1754 3121 1841 3190 qui

250 3188 553 3262 justi/iratis
587 3193 930 3259 vosmetipsos,
974 3188 1111 3245 Deus
1139 3191 1274 3262 norit
1301 3193 1457 3243 corda
1485 3201 1646 3244 vestra
1676 3205 1699 3262 ξ
1720 3188 1841 3259 quin

255 3260 392 3327 quod
429 3263 718 3317 hominibus
745 3263 931 3316 elatum
970 3271 1060 3326 est,
1096 3260 1402 3314 ubaminatio
1431 3270 1505 3314 est
1528 3272 1645 3314 ante
1679 3260 1837 3315 Deum

256 3332 408 3402 (Lac.
449 3334 541 3389 16.
571 3333 679 3403 15).
721 3334 809 3388 35.
850 3331 1035 3385 Audite
1057 3342 1103 3385 et
1140 3332 1303 3403 aliain
1338 3331 1651 3403 parabolant.
1689 3334 1765 3386 At:
1794 3333 1837 3386 si

255 3401 665 3460 dicat:lterum
714 3419 811 3457 vos
863 3402 1103 3466 vulnere,
1160 3413 1217 3456 ut
1260 3401 1546 3472 aliquando
1595 3403 1840 3457 sentiat:s

254 3473 504 3529 dolorem
534 3491 548 3527 :
583 3489 704 3527 nam
739 3488 927 3542 aspera
956 3472 1217 3528 medicina
1245 3475 1401 3526 citius
1440 3481 1614 3538 sanat,
1644 3474 1731 3527 ubi
1761 3483 1838 3527 la-

260 3558 388 3615 men
414 3543 666 3615 sanabilis
704 3544 920 3615 morbus
953 3553 1053 3598 est.
1086 3542 1162 3615 (α)
1194 3542 1360 3615 [Ionio
1399 3554 1506 3615 erat
1544 3545 1841 3615 paterfami-

255 3612 375 3667 lias.
415 3611 587 3665 llomo
626 3613 861 3675 nomine,
909 3628 1012 3668 non
1059 3611 1243 3667 natura
1273 3630 1289 3667 :
1318 3611 1698 3679 similitudine,
1732 3631 1835 3670 non

256 3683 505 3738 veritate.
536 3679 593 3735 Si
615 3682 734 3751 quis
758 3691 935 3735 autem
960 3683 1228 3751 existimat
1251 3683 1520 3738 Christum
1553 3685 1651 3739 hac
1677 3701 1836 3739 causa

254 3752 421 3806 etiam
454 3750 659 3823 tantum
704 3753 935 3823 animam
982 3750 1237 3823 habuisse
1263 3755 1573 3815 humanam,
1602 3756 1724 3823 quia
1755 3755 1840 3809 di-

252 3832 377 3879 ctus
412 3833 497 3876 est
523 3821 705 3882 homo.
731 3820 911 3875 audiat
936 3830 990 3876 et
1022 3821 1188 3875 Deum
1216 3821 1424 3876 Patrem
1460 3820 1728 3877 hominem
1757 3824 1838 3878 di-

253 3904 422 3949 ctum.
444 3892 707 3948 Prmscius
725 3891 815 3946 Dei
837 3891 1020 3955 Filius,
1040 3891 1291 3961 quoniam
1315 3909 1408 3960 per
1425 3893 1836 3960 appellationem

250 3964 477 4019 humani
524 3963 758 4017 numinis
785 3964 934 4032 quasi
977 3964 1138 4015 homo
1164 3977 1329 4031 purus
1378 3962 1549 4016 fuerat
1586 3963 1838 4031 blaSpbe-

251 4036 505 4097 inaiulus,
537 4034 699 4088 etiam
740 4033 906 4089 Deum
949 4032 1159 4087 l’atreni
1206 4032 1527 4088 invisibilem
1572 4034 1837 4088 constitu-

250 4115 364 4161 tum
406 4105 679 4160 hominem
709 4103 1016 4174 appellavit,
1047 4114 1106 4157 ut
1133 4102 1259 4157 dum
1290 4113 1345 4158 et
1368 4103 1527 4158 Pater
1557 4102 1719 4158 homo
1747 4105 1833 4158 di-

246 4177 411 4243 citur,
452 4176 621 4231 Filius
659 4175 729 4230 de
770 4175 1142 4229 lucreticorutn
1182 4174 1530 4241 blasphemiis
1557 4175 1833 4230 liberetur.

249 4246 640 4302 Paterfamilias
674 4254 777 4311 est,
818 4245 903 4298 cui
938 4245 1126 4300 ca-lum
1155 4253 1212 4299 et
1239 4254 1379 4300 terra
1405 4247 1555 4314 quasi
1580 4261 1681 4298 una
1709 4256 1836 4303 sunt

244 4316 463 4383 domus,
496 4317 585 4387 qui
630 4316 940 4386 angelorum
967 4323 1022 4369 et
1062 4314 1334 4387 hominum
1366 4325 1553 4369 natura
1584 4315 1834 4373 dominus

243 4396 349 4449 est,
381 4385 762 4442 benevolentia
794 4398 960 4455 pater.
984 4386 1084 4452 Qui
1118 4385 1238 4440 ideo
1264 4401 1324 4441 se
1348 4387 1558 4442 Patrem
1591 4387 1830 4444 omnium

244 4458 414 4512 voluit
441 4458 571 4523 dici,
606 4467 663 4510 ut
699 4472 887 4511 omnes
930 4456 1331 4513 considerantes
1368 4456 1659 4513 bonitatem
1689 4459 1827 4527 ejus,

243 4543 349 4583 non
377 4530 482 4583 sub
507 4529 691 4597 specie
714 4528 959 4581 simulata
983 4528 1030 4581 ei
1057 4529 1314 4594 serviant,
1344 4527 1495 4597 quasi
1525 4528 1647 4582 mali
1690 4531 1830 4584 servi

237 4599 497 4663 domino;
531 4598 624 4652 sed
657 4599 708 4652 in
735 4599 976 4661 veritate,
1008 4598 1156 4667 quasi
1184 4598 1304 4652 boni
1330 4598 1424 4652 lilii
1449 4599 1698 4667 genitori.
1732 4600 1832 4666 Qui

238 4669 491 4741 plantarit
540 4670 757 4741 vineam.
788 4668 958 4741 Quam
1007 4669 1261 4723 vineam?
1286 4669 1461 4741 Quam
1485 4671 1553 4741 de
1595 4668 1830 4741 [Egypto

236 4740 537 4796 transtulit.
587 4739 866 4807 Quomodo
906 4739 1159 4806 plantavit
1197 4740 1404 4794 vineam
1452 4740 1637 4794 illam?
1677 4739 1830 4808 Quo-

236 4811 401 4865 modo
442 4809 645 4864 vinitor
685 4809 977 4873 studiosus,
1018 4810 1107 4879 qui
1154 4811 1380 4878 primum
1417 4825 1606 4865 omnes
1632 4812 1684 4865 in
1723 4813 1832 4867 cir-

236 4883 386 4935 cuitu
416 4880 782 4935 infructuosus
810 4880 988 4951 sylvas
1016 4879 1231 4951 excidit,
1274 4890 1327 4934 et
1352 4880 1429 4934 sic
1453 4889 1634 4949 postea
1673 4883 1824 4951 plan-

234 4959 336 5018 tat,
371 4967 440 5007 ne
469 4952 613 5007 forte
657 4949 880 5004 arbores
906 4949 1262 5014 lascivientes,
1304 4951 1430 5004 dum
1474 4952 1578 5006 huc
1618 4949 1828 5011 etilluc

235 5037 334 5091 per
363 5023 521 5092 longa
563 5020 733 5089 spatia
776 5034 953 5092 ramos
977 5022 1495 5092 suosexporrigunt,
1535 5022 1710 5077 adhuc
1741 5034 1825 5080 te-

235 5090 429 5147 uerum
452 5090 687 5147 ell'ucent
711 5090 1038 5144 malleolum.
1070 5091 1159 5145 Sic
1192 5092 1330 5146 Dens
1354 5090 1540 5160 gentes
1564 5094 1680 5147 sine
1712 5095 1823 5149 fru-

235 5173 324 5216 ctu
341 5163 568 5232 justititc
585 5161 900 5232 constitutas
918 5161 1131 5228 occidit,
1157 5169 1213 5216 et
1236 5163 1314 5232 sic
1337 5163 1613 5217 collocavit
1640 5163 1822 5232 ISrael,

238 5248 307 5287 ne
337 5230 480 5287 forte
524 5238 711 5302 gentes
742 5231 1167 5301 indisciplinatm,
1216 5230 1343 5285 dum
1375 5233 1424 5285 in
1456 5232 1668 5302 longum
1711 5230 1821 5290 ter;

237 5303 465 5375 mitium,
487 5301 1006 5375 suaedominariouis
1041 5302 1351 5375 extendunt.
1374 5301 1613 5375 afﬂigant
1655 5320 1823 5375 papuo

238 5372 348 5427 lum
377 5374 470 5429 Dei
505 5372 782 5427 novilium.
814 5370 879 5424 Et
898 5388 1066 5442 sepem
1089 5373 1418 5426 circumdedit
1442 5370 1505 5437 ei,
1529 5385 1574 5426 et
1600 5370 1824 5432 torcular

237 5445 366 5513 [odit
395 5444 448 5497 in
479 5459 561 5506 ea,
591 5453 639 5497 ct
682 5443 950 5511 adi/ienuit
979 5443 1174 5496 turrim.
1212 5443 1348 5512 Quid
1389 5453 1473 5499 est
1510 5445 1672 5512 scpis,
1720 5450 1821 5503 nisi

235 5515 411 5585 angeli
442 5514 766 5585 incircuitu,
791 5513 1171 5585 custodirntes
1202 5513 1450 5583 populum
1495 5514 1610 5579 Dei,
1658 5531 1724 5571 ne
1766 5520 1816 5573 in

237 5583 448 5639 vineam
470 5583 667 5639 Christi
698 5583 991 5639 invisibiles
1019 5584 1250 5640 latrones
1278 5586 1609 5656 irrumpant?
1638 5588 1818 5658 Ange-

298 5721 374 5786 (α)
411 5727 543 5786 uage,
567 5727 716 5786 nomo
746 5724 852 5770 erat
890 5719 1254 5786 paterfamilias,
1294 5722 1347 5773 in
1377 5722 1487 5774 Cod.
1528 5732 1580 5773 ν.
1624 5733 1673 5775 ι).
1701 5738 1823 5783 sunt

224 5782 462 5836 lloiuilia:
477 5782 688 5835 initium.

1430 331 1486 388 IN
1525 330 1953 389 MA‘I‘TIHSUM.
1999 332 2229 389 llOlllL.
2274 330 2378 389 XL.

3424 332 3527 388 85S

1945 447 2025 521 los
2051 448 2193 521 enim
2226 459 2457 521 praeesse
2487 444 2790 521 hominibus
2826 457 2881 505 et
2905 447 3194 521 Apostolus
3217 445 3382 503 dicit:
3418 441 3530 521 lfu-

1944 519 2036 572 lier
2066 515 2289 589 uelamen
2315 516 2455 589 debet
2481 516 2661 589 habere
2690 535 2855 589 super
2898 515 3053 589 caput
3096 527 3298 589 prapter
3325 515 3527 589 angelus

1947 589 2023 656 (Ι.
2065 587 2184 643 Cor.
2222 587 2302 642 ll.
2358 588 2465 655 10).
2517 586 2643 641 Item
2688 586 2984 646 Dominus:
3014 586 3328 645 Ainen'dico
3370 586 3525 649 vehis,

1978 660 2064 732 uia
2107 658 2273 732 ungte
2307 658 2738 732 eoruui_quutidie
2776 660 2952 732 uident
2991 661 3174 732 facient
3220 656 3391 732 Putris
3426 656 3529 732 inci

1978 676 2064 711 ma
2107 675 2271 730 (mgt’lt
2307 675 2476 710 eorum
2516 675 2738 726 quonam
2786 675 2952 716 uident
2991 675 3174 732 [aciem
3220 675 3391 711 ταυτί
3432 675 3529 709 nm

1941 675 2289 800 ἵδιαηΙιηιὸ.
2328 727 2437 797 l0).
2469 728 2547 800 ,Et
2587 729 2638 782 in
2669 730 2887 784 Actibus
2929 730 3291 800 apostolorum
3336 727 3531 800 dicitur

1943 797 2010 872 ad
2055 798 2283 872 puellam
2330 799 2674 872 nuntiantem
2704 800 2772 872 de
2813 797 2991 865 Petro,
3027 800 3109 856 Ne
3154 805 3291 872 forte
3320 797 3529 872 angelus

1943 870 2052 938 ejus
2073 870 2138 923 sit
2164 868 2297 937 (Act.
2330 867 2414 923 l2.
2441 868 2551 939 15).
2580 869 2715 935 Quid
2737 881 2816 925 est
2842 873 3094 937 torcular,
3124 867 3222 924 nisi
3257 868 3530 923 Ecclesia?

1944 940 2092 1025 Sient
2117 939 2273 1025 enini-
2297 954 2420 1019 arta
2468 940 2699 993 Ecclesia
2729 942 3059 1025 intelligitur,
3092 941 3212 1021 quia
3260 941 3310 993 in
3339 954 3399 993 ea
3433 952 3530 1007 per

1946 1010 2163 1064 multam
2189 1008 2579 1063 triturationein
2601 1019 2656 1063 et
2683 1008 3081 1066 ventilationcin
3106 1008 3336 1065 triticum
3367 1024 3527 1076 sepa-

1944 1090 2093 1133 ratur
2115 1096 2144 1130 a
2169 1080 2334 1146 paleis
2359 1095 2373 1130 :
2404 1080 2481 1133 sic
2509 1081 2892 1136 rationabiliter
2918 1082 3154 1137 Ecclesia
3184 1080 3416 1136 torcular
3442 1089 3525 1132 est

1945 1147 2305 1218 intelligenda,
2332 1148 2382 1201 in
2404 1166 2504 1215 qua
2523 1165 2711 1204 omnes
2733 1150 2934 1205 fructus
2955 1152 3141 1209 vinem.
3168 1151 3215 1205 id
3240 1158 3341 1215 est,
3364 1164 3528 1218 opera

1945 1235 2220 1292 servorum
2247 1219 2359 1292 Dei,
2388 1229 2442 1292 ct
2468 1219 2600 1292 lides
2623 1219 2867 1275 roborata
2889 1221 2953 1275 ad
2985 1222 3075 1276 Dei
3104 1221 3324 1292 gloriam
3357 1230 3530 1292 trans-

1945 1290 2246 1345 mittuntur.
2279 1288 2515 1343 Ecclesia
2542 1298 2719 1343 autem
2750 1292 2980 1346 torcular
3006 1288 3130 1356 est;
3157 1292 3360 1345 habens
3390 1291 3441 1344 in
3470 1306 3529 1344 se

1946 1361 2165 1415 verbum
2193 1359 2305 1422 Del,
2333 1374 2440 1427 quo
2472 1375 2578 1414 non
2609 1360 2905 1415 delet-tatur
2943 1371 3128 1415 natura
3155 1361 3401 1421 carnalis,
3430 1360 3526 1414 ad-

1944 1430 2171 1500 quiescit
2197 1437 2374 1483 autem
2407 1431 2454 1483 ei
2497 1441 2736 1483 contorta
2785 1441 2998 1499 propter
3038 1432 3283 1486 timorem
3326 1430 3527 1497 iudicii.

1947 1501 2035 1555 vel
2065 1516 2302 1555 amorem
2334 1500 2560 1568 prandii,
2603 1510 2659 1554 ut
2703 1516 2810 1555 non
2834 1503 2849 1532 ⁸
2899 1510 3101 1556 tantum
3149 1504 3259 1570 ipsa
3292 1500 3531 1570 Ecclesia

1947 1572 2180 1626 torcular
2208 1570 2470 1634 videatur,
2495 1578 2749 1639 quantum
2788 1572 2961 1639 ipsum
2992 1569 3210 1627 verbum
3242 1569 3357 1635 Dei,
3390 1570 3539 1639 quod.

1947 1641 2196 1695 traditum
2222 1649 2305 1695 est
2333 1640 2383 1693 in
2409 1655 2473 1695 ea
2502 1643 2720 1695 l'ossum.
2754 1641 2809 1695 Si
2836 1642 2978 1696 enim
3010 1642 3229 1696 verbum
3270 1640 3399 1695 Novi
3433 1639 3533 1694 Te-

1946 1712 2220 1777 stainenti,
2251 1710 2392 1780 quod
2424 1711 2538 1764 leve
2566 1718 2667 1775 est,
2708 1712 2906 1766 cruciat
2936 1712 3227 1771 hominem.
3258 1712 3530 1766 contradi-

1946 1792 2102 1836 cente
2139 1781 2315 1836 carnis
2359 1788 2809 1850 natura:qnanto
2853 1783 3020 1850 magis
3065 1781 3284 1835 verbmn
3324 1780 3534 1835 Veteris

1946 1850 2296 1917 Testamenti,
2326 1850 2468 1921 quod
2493 1850 2825 1922 importabi'c
2849 1854 3001 1907 erat?
3031 1852 3127 1908 Ubi
3153 1867 3282 1922 ergo
3310 1851 3527 1904 verbum

1951 1922 2044 1978 Dei
2076 1923 2302 1989 positum
2325 1930 2442 1992 erat
2469 1921 2521 1975 in
2549 1921 2686 1992 lege,
2716 1922 2928 1977 modum
2952 1922 3159 1977 vivendi
3180 1921 3529 1992 constituens,

1948 1994 2181 2048 torcular
2209 2002 2320 2047 erat
2350 1991 2550 2048 fessum
2583 1991 2710 2046 {ubi
2736 2003 2913 2046 autem
2943 1994 3008 2048 de
3042 1993 3142 2048 lide
3173 1993 3263 2047 Dei
3297 1991 3529 2060 prophe-

1949 2064 2176 2124 tabatur.
2203 2063 2361 2117 turris
2387 2062 2645 2118 aediﬁcata
2674 2072 2808 2116 erat.
2837 2063 2970 2118 Nam
2996 2065 3133 2119 sicut
3163 2065 3216 2118 in
3246 2063 3375 2117 turri
3402 2077 3533 2115 con-

1947 2135 2196 2188 sistentes
2220 2134 2326 2188 dno
2348 2134 2482 2188 bona
2509 2142 2925 2203 consequuntur,
2950 2145 3004 2189 ct
3024 2134 3252 2189 hostium
3284 2134 3533 2201 irruptio-

1949 2219 2071 2258 nem
2122 2204 2220 2272 ipsi
2267 2204 2421 2258 facile
2464 2218 2570 2258 non
2616 2202 2904 2272 patiuntur,
2950 2218 3001 2259 et
3060 2205 3239 2261 hostes
3282 2203 3351 2259 de
3399 2202 3530 2257 turri

1950 2273 2102 2329 facile
2125 2284 2408 2329 eonterunt
2432 2291 2446 2327 :
2472 2275 2549 2329 sic
2577 2282 2631 2328 et
2658 2274 2746 2343 qni
2777 2276 2826 2328 in
2857 2276 2958 2329 lide
2982 2275 3179 2330 llbristi
3207 2274 3529 2337 consistunt,

1948 2344 2032 2399 vel
2067 2345 2118 2399 in
2160 2344 2274 2415 lege
2304 2345 2417 2405 Dei.
2445 2354 2498 2399 et
2522 2344 2792 2400 diemoiies
2818 2362 2978 2415 super
3006 2362 3064 2401 se
3096 2346 3296 2407 irruere
3321 2359 3424 2398 non
3457 2345 3531 2398 si-

1950 2424 2103 2479 nunt,
2149 2425 2204 2470 et
2245 2415 2608 2483 spiritualibns
2637 2415 2896 2470 bonorum
2938 2432 3161 2483 operum
3199 2415 3405 2485 sagittis
3434 2429 3533 2468 eos

1948 2485 2103 2541 facile
2127 2486 2405 2558 vulnerant
2428 2503 2443 2558 ;
2470 2494 2524 2558 et
2547 2485 2821 2558 dil’lllttllcs
2862 2503 3024 2554 super
3053 2487 3171 2540 illos
3201 2488 3403 2541 irruere
3421 2501 3528 2558 ue-

1946 2565 2168 2626 qncunt,
2213 2566 2268 2612 et
2295 2554 2342 2610 θ’
2364 2557 2727 2626 spiritualibus
2766 2558 3028 2611 malorum
3060 2573 3279 2624 operum
3324 2554 3531 2624 sagittis

1948 2641 2052 2680 non
2083 2627 2234 2683 facile
2257 2627 2614 2682 vulnerantur.
2654 2630 2758 2681 Aut
2786 2629 2875 2681 ita.
2904 2628 3056 2695 Sepis
3087 2629 3331 2682 meritum
3367 2634 3532 2680 estet

1946 2698 2184 2752 custodia
2217 2708 2419 2765 patrum
2455 2697 2742 2764 iustorum.
2787 2700 2876 2767 qui
2925 2709 3189 2767 tamquam
3234 2712 3416 2750 murus
3448 2695 3527 2749 fa-

1947 2778 2065 2839 etus
2105 2777 2188 2823 est
2233 2769 2429 2839 popqu
2474 2768 2653 2821 Israel.
2702 2768 2831 2822 Nam
2873 2781 3091 2837 propter
3120 2768 3527 2839 promissionem

1948 2836 2139 2893 factam
2169 2856 2197 2892 a
2230 2840 2358 2902 Deo,
2392 2838 2469 2893 sic
2496 2836 2904 2906 possidebautur
2930 2836 2998 2893 ab
3033 2836 3308 2903 eo,'etiam
3339 2848 3524 2891 contra

1948 2910 2194 2979 meritum
2226 2925 2401 2969 suum,
2434 2911 2569 2979 srpti
2597 2910 2799 2962 meritis
2830 2920 3036 2979 patrum
3064 2925 3299 2963 suorum.
3333 2906 3527 2962 Torcu‘

1947 2978 2026 3033 lar
2049 2989 2214 3033 autem
2245 2979 2372 3050 fodit
2396 2981 2446 3032 in
2483 2978 2562 3033 ea.
2604 2978 2918 3050 Prophetas.
2946 2996 3012 3034 ex
3043 2982 3234 3048 quibus
3272 2980 3420 3049 quasi
3461 2994 3529 3033 ex

1949 3050 2300 3105 torcularibus
2327 3052 2491 3119 gratia
2517 3050 2750 3118 Spiritus
2777 3056 2943 3106 sancti
2973 3050 3292 3106 decurrebat
3321 3059 3377 3102 ut
3407 3065 3527 3101 lllll-

1945 3129 2109 3174 stum.
2157 3122 2232 3175 Ex
2282 3121 2477 3191 quibus
2528 3136 2925 3191 nonnumquam
2983 3121 3143 3189 potati
3205 3121 3295 3173 lilii
3345 3119 3526 3191 Israel,

1947 3192 2104 3245 musti
2137 3189 2536 3245 admirabantur
2564 3189 2831 3245 virtutem.
2859 3190 3157 3260 zEdi/icavit
3188 3192 3383 3244 turrim.
3417 3189 3530 3245 ιι...)

1944 3271 2047 3326 est,
2081 3262 2209 3331 legis
2241 3261 2484 3315 fiduciam
2511 3271 2565 3315 et
2589 3262 2941 3327 altitudinem,
2989 3279 3055 3316 ex
3088 3278 3190 3329 qua
3219 3260 3531 3316 sacerdotes

1903 3382 1909 3387 .
1944 3332 2091 3385 velut
2114 3332 2479 3401 speculatores
2497 3332 2768 3386 Christum
2795 3333 3197 3401 Specularentur
3222 3341 3524 3386 venturum.

1946 3401 2011 3454 Et
2041 3403 2221 3456 locavit
2241 3418 2350 3456 eam
2371 3401 2580 3456 colonis.
2611 3402 2709 3470 Qui
2731 3412 2855 3457 sunt
2879 3404 3076 3465 coloni,
3105 3402 3295 3472 quibus
3325 3403 3530 3456 lutatus

1943 3482 2027 3526 est
2054 3475 2299 3543 populus,
2335 3472 2386 3527 id
2423 3482 2527 3538 est,
2558 3474 2732 3535 \‘lllt‘a,
2761 3474 2858 3527 nisi
2892 3473 3229 3529 saCcrtlntcs?
3260 3472 3530 3527 Plantatus

1942 3551 2027 3597 est
2065 3553 2242 3598 autem
2287 3543 2513 3613 populus
2545 3544 2774 3613 primum
2819 3545 2869 3598 in
2908 3545 3194 3607 Abraham,
3234 3544 3447 3613 quando
3476 3546 3528 3597 in

1944 3613 2126 3683 primis
2153 3615 2403 3684 loquutus
2418 3623 2499 3669 est
2517 3615 2583 3668 ad
2611 3630 2732 3669 eum
2758 3615 2916 3679 Deus,
2941 3614 3124 3670 dicens
3148 3633 3161 3670 :
3187 3613 3287 3668 Exi
3306 3614 3369 3668 de
3393 3625 3528 3667 terra

1944 3693 2050 3755 tua,
2070 3696 2116 3738 et
2140 3687 2204 3740 de
2225 3683 2522 3755 rogitatione
2541 3694 2630 3739 tua
2655 3683 2805 3755 (Gen.
2827 3685 2916 3739 12.
2946 3687 3016 3753 l).
3042 3696 3145 3742 etc.
3181 3685 3260 3738 Ex
3292 3702 3356 3740 en
3383 3687 3527 3740 enim

1945 3754 2078 3808 facta
2101 3763 2184 3809 est
2201 3754 2407 3809 vocatio
2427 3755 2647 3808 seminis
2662 3754 2799 3822 ejus.
2818 3755 3046 3809 Locatus
3073 3765 3155 3809 est
3174 3755 3377 3808 colonis
3395 3764 3529 3807 teut-

1944 3838 2074 3893 pore
2095 3824 2244 3888 Mosi,
2264 3824 2476 3893 quando
2494 3839 2588 3892 per
2604 3824 2772 3893 legem
2793 3825 3064 3878 constituti
3083 3834 3200 3878 sunt
3224 3824 3529 3880 sacerdotes

1941 3901 1998 3946 et
2016 3892 2234 3957 Levice,
2272 3892 2328 3948 et
2369 3892 2794 3963 procurationem
2820 3895 3033 3963 regendi
3064 3894 3239 3963 populi
3269 3909 3525 3962 suscepi-.-

1947 3972 2071 4033 runt
2098 3963 2163 4018 ad
2194 3979 2439 4032 magnam
2469 3977 2619 4018 suam
2645 3964 2890 4032 gloriam,
2928 3974 2983 4017 et
3005 3965 3071 4019 ad
3097 3964 3296 4033 grande
3321 3967 3525 4032 pericu-

1943 4031 2075 4089 lum.
2124 4033 2202 4088 Ad
2231 4031 2461 4104 gleriain
2496 4031 2730 4102 quidem,
2776 4035 2819 4088 si
2863 4031 3143 4104 diligenter
3184 4031 3527 4090 tractaveriut

1942 4104 2194 4175 populum
2238 4102 2329 4159 Dei
2358 4121 2373 4162 :
2401 4102 2464 4157 ad
2509 4103 2813 4175 periculum
2840 4102 3039 4172 autem,
3083 4106 3127 4159 si
3176 4106 3523 4175 negligenter.

1941 4173 1997 4229 Si
2024 4176 2165 4229 enim
2194 4175 2281 4229 ille
2308 4190 2404 4242 pro
2429 4175 2743 4244 negligentia
2786 4174 2945 4230 debet
2989 4175 3176 4231 timere
3205 4173 3523 4245 periculum,

1940 4245 2031 4314 qui
2079 4245 2507 4315 procurationem
2556 4245 2791 4314 suscepit
2839 4256 3169 4300 terrenarum
3226 4261 3403 4301 rerum
3457 4247 3529 4304 de

1942 4331 2100 4386 manu
2129 4316 2349 4385 alicujus
2377 4315 2608 4370 liomiuis
2639 4318 2867 4384 potentis
2895 4333 2907 4369 :
2939 4327 3137 4386 quanto
3161 4317 3328 4386 magis
3346 4332 3531 4371 sacer-t

1939 4384 2115 4451 dotes,
2141 4386 2233 4455 qui
2260 4384 2327 4441 de
2357 4401 2515 4441 manu
2546 4386 2636 4442 Dei
2664 4384 3018 4458 susceperunt
3054 4384 3352 4442 animarum
3395 4403 3522 4455 pro-

1938 4458 2269 4527 curationem
2298 4464 2635 4511 sanctarumt
2665 4457 2933 4512 Plantam-5
2968 4458 3180 4525 quidem
3210 4458 3401 4526 legitur
3426 4474 3521 4527 po-

1939 4526 2096 4596 pnlus
2125 4528 2175 4581 in
2206 4538 2343 4582 terra
2370 4528 2822 4595 repromissionis,
2869 4530 3159 4583 secundum
3200 4529 3341 4597 qutid
3381 4526 3521 4583 seri-

1938 4608 2088 4666 ptum
2126 4607 2212 4654 est
2262 4615 2290 4669 :A
2318 4598 2528 4652 Vincunt
2572 4598 2637 4651 de
2679 4597 2911 4669 {Egypto
2958 4600 3276 4664 transtulisti,
3331 4600 3537 4669 (jecile

1936 4679 2129 4740 gentes,
2160 4679 2207 4723 et
2235 4667 2479 4740 plantinin
2504 4684 2613 4722 eam
2645 4667 2934 4740 (Ριαίπξ).
2963 4672 3043 4739 9).
3076 4670 3182 4726 Sed
3208 4667 3359 4724 illam
3379 4670 3524 4740 plan-

1939 4739 2193 4796 tationem
2239 4741 2329 4796 bic
2375 4739 2670 4808 intelligere
2696 4756 2800 4794 non
2827 4751 3058 4808 Oportet,
3102 4757 3168 4796 ne
3196 4740 3343 4808 prius
3374 4741 3520 4795 loea-

1938 4818 2043 4864 tam
2073 4824 2190 4865 eam
2220 4811 2425 4865 colonis
2451 4811 2781 4865 inveniamur
2806 4826 3094 4879 expooere,
3122 4828 3280 4881 quam
3314 4811 3520 4879 planta-

1936 4889 2066 4950 tam.
2114 4881 2374 4948 Quoniam
2414 4889 2593 4936 autem
2641 4882 2870 4935 diximus
2909 4882 3217 4936 sacerdotes
3263 4883 3516 4950 populum

1936 4949 2028 5005 Dei
2081 4952 2282 5016 colere,
2323 4952 2485 5006 Deum
2525 4961 2703 5007 autem
2742 4951 2964 5006 reddere
3009 4949 3313 5009 mercedum
3349 4954 3467 5009 vita:
3502 4973 3518 5009 :

1934 5035 2093 5076 nemo
2120 5022 2374 5078 sacerdos
2401 5023 2687 5085 existimet,
2720 5023 2969 5091 quoniam
3001 5022 3144 5090 juste
3191 5038 3286 5092 pro
3326 5028 3520 5080 merito

1932 5105 2152 5160 operum
2200 5108 2418 5147 suorum
2461 5093 2684 5161 accipiet
2725 5111 2751 5143 a
2796 5092 2903 5145 Deo
2931 5095 3259 5157 mercedem,
3303 5105 3359 5149 et
3410 5111 3517 5152 non

1930 5163 2111 5230 potius
2157 5172 2375 5232 propter
2409 5165 2634 5233 gratiam
2673 5172 2730 5217 et
2767 5164 3187 5219 niiserieurdiam
3235 5165 3348 5219 Dei.
3400 5166 3515 5221 Non

1932 5234 2073 5306 enim
2128 5234 2435 5306 sacerdotes
2490 5243 2743 5306 praestant
2798 5233 2904 5288 Ι)εο
2954 5233 3212 5291 docentes
3260 5239 3515 5306 populum

1930 5303 2067 5375 ejus,
2114 5303 2205 5358 scd
2239 5304 2376 5357 Deus
2402 5304 2773 5375 sacerdotibus
2801 5306 3193 5361 committenth
3224 5303 3305 5359 eis
3334 5303 3515 5375 popu-

1932 5371 2042 5427 lum
2071 5389 2226 5428 suum
2255 5375 2306 5428 in
2332 5374 2541 5445 spiritu.
2585 5374 2692 5429 Nos
2718 5384 2893 5429 autem
2923 5376 3181 5431 doctrina:
3208 5371 3513 5432 mercedem

1930 5449 2207 5513 acquirere
2249 5462 2351 5498 non
2379 5455 2704 5514 poteramus.
2744 5447 2844 5501 nisi
2889 5448 3043 5503 nobis
3076 5447 3377 5515 procuratio
3418 5463 3514 5512 po.

1931 5515 2039 5584 puli
2071 5515 2353 5570 commissa
2384 5516 2586 5571 luisset.
2629 5516 2772 5585 Ergo
2808 5517 2979 5572 coloni
3012 5529 3136 5572 sunt
3161 5515 3469 5570 sacerdotes
3493 5558 3510 5583 ,

1928 5586 2016 5654 qui
2044 5586 2282 5640 colentes
2308 5587 2560 5655 populum
2591 5590 2739 5655 quasi
2770 5588 3001 5650 vineam,
3049 5602 3168 5641 eum
3199 5585 3510 5655 acutissimo

1927 5656 2073 5712 ferro
2100 5654 2363 5713 sermonis
2384 5654 2587 5713 faciunt
2612 5654 2704 5716 eos
2733 5658 2900 5715 bonos
2931 5654 3374 5727 fructusjustitia:
3406 5656 3510 5711 lto-

1990 5798 2006 5833 ⁸
2037 5797 2125 5857 AL,
2152 5797 2296 5851 deest
2319 5811 2431 5853 non.
