4052 6200
525 323 629 380 855

525 437 670 490 ruino
708 433 981 491 exhibere.
1031 430 1180 489 Sicut
1220 439 1398 487 autem
1437 430 1622 486 duram
1665 436 1860 487 terrain
1897 431 2099 487 ferrum

524 505 748 564 emollit.
777 506 854 560 sic
888 514 942 558 et
969 503 1187 558 verbum
1211 502 1460 556 duritiam
1487 501 1661 556 cordis
1690 502 1911 557 relaxat.
1956 502 2103 557 Sicut

526 585 698 628 rastro
731 575 905 629 ferreo
939 567 1120 627 herbae
1156 572 1408 627 radicitus
1432 572 1729 626 evelluntur
1753 587 1781 623 a
1809 573 1994 636 vinea,
2026 574 2104 628 sic

524 651 580 698 et
603 643 709 698 acri
737 658 984 699 sermone
1015 644 1137 697 vitia
1166 643 1235 697 de
1266 642 1458 713 populo
1486 651 1813 698 resecantur.
1870 641 1939 697 Ut
1968 643 2104 696 sicut

523 715 750 769 colonus
779 714 1020 784 quamvis
1048 713 1117 768 tle
1151 728 1250 768 suo
1293 728 1514 784 munera
1562 713 1812 784 obtulerit
1848 713 2098 784 domino,

525 800 629 838 non
674 785 752 840 sic
781 781 900 838 eum
931 785 1118 853 placat,
1173 783 1440 852 quomodo
1475 783 1518 836 si
1549 781 1617 838 de
1649 783 1802 837 vinea
1829 784 1944 851 ejus
1975 783 2100 836 red-

518 856 628 908 itus
668 855 716 909 ei
758 854 1042 910 obtulerit:
1075 854 1151 908 sic
1171 862 1227 908 et
1251 853 1501 908 sacerdos
1522 869 1626 906 non
1660 862 1860 906 tantum
1886 862 2102 920 propter

521 940 673 980 suam
693 924 948 994 justitiam
980 925 1150 993 placet
1181 924 1425 989 Domino,
1455 922 1724 994 quomodo
1762 924 1805 977 si
1845 924 2098 992 populum

522 995 616 1050 Dei
673 993 723 1049 in
763 996 1042 1050 sanctitate
1085 995 1344 1058 docuerit,
1389 994 1638 1063 quoniam
1663 993 1852 1063 ipsius
1892 993 2097 1061 justitia

521 1080 624 1120 una
651 1074 751 1130 est,
779 1065 957 1134 populi
983 1074 1157 1120 autem
1184 1062 1476 1132 multiplex.
1510 1063 1596 1118 54.
1640 1062 1764 1116 Cum
1783 1073 1947 1118 mrtem
1977 1073 2102 1134 tem-

521 1149 617 1203 pus
647 1133 1097 1206 appropinquasset
1090 1139 1396 1257 Jructuum,
1428 1135 1563 1186 misit
1586 1149 1753 1187 senos
1777 1149 1896 1188 suos
1917 1133 1985 1186 ad
2008 1150 2096 1187 co-

521 1205 683 1257 lonos.
708 1216 760 1257 ut
786 1207 1065 1257 acciperent
1126 1221 1152 1257 e
1177 1203 1418 1257 fructibus
1440 1204 1562 1257 suis.
1592 1204 1681 1257 35.
1723 1203 1782 1256 Et
1807 1205 2095 1257 avare/ten-

521 1203 688 1276 lonos,
708 1203 760 1259 ut
786 1203 1065 1276 acciperent
1090 1203 1152 1276 de
1175 1203 1418 1276 fructibus
1440 1204 1562 1276 suis.
1592 1204 1681 1259 35.
1723 1203 2095 1276 Etapprelten-

519 1275 690 1330 dentes
714 1277 879 1329 coloni
894 1273 1074 1328 seruos
1099 1273 1224 1343 ejus,
1246 1289 1400 1326 unum
1421 1273 1724 1338 ceciderunt,
1745 1275 1902 1327 aliaat
1930 1283 2098 1328 autent

517 1346 824 1410 occiderunt,
859 1345 1015 1399 alium
1046 1361 1158 1397 vero
1193 1345 1557 1411 lapidaverunt.
1588 1344 1676 1399 56.
1722 1344 1918 1398 Iterum
1961 1345 2098 1399 misit

521 1416 852 1486 alios_servos
882 1416 1047 1486 plures
1075 1413 1344 1486 prioribus,
1372 1423 1438 1486 Aet
1475 1418 1696 1486 fecerunt
1735 1416 1805 1469 eis
1847 1413 2093 1486 similiter.

517 1485 604 1538 37.
653 1483 938 1539 Novissime
961 1483 1126 1538 autem
1155 1484 1289 1537 misit
1314 1483 1382 1536 ml
1405 1500 1489 1537 eos
1509 1485 1674 1552 [ilium
1694 1501 1859 1545 suum,
1883 1485 2054 1538 dicens
2079 1501 2098 1540 :

531 1553 840 1608 Verebantur
859 1557 1022 1622 ﬁlium
1044 1571 1228 1608 meum.
1255 1553 1452 1609 Servos
1477 1570 1602 1609 suos
1628 1554 1754 1610 dicit
1783 1555 2092 1624 prophetas,

517 1640 652 1694 quos
703 1640 797 1693 per
845 1626 1078 1694 singulas
1125 1625 1496 1694 generationes
1541 1625 1686 1679 misit
1731 1626 1795 1678 ad
1842 1626 2096 1694 populum

513 1693 843 1749 Jnda-ornm.
889 1693 1177 1765 (lorusidera
1219 1693 1487 1765 quomodo
1513 1709 1609 1763 per
1637 1696 1874 1765 singulos
1901 1693 2096 1765 gradus

514 1765 895 1819 misericordias
921 1764 1114 1819 divinze
1144 1765 1339 1818 malitia
1368 1764 1671 1818 Judaeornm
1698 1764 1995 1831 crescebat,
2041 1774 2096 1820 et

512 1835 780 1905 quomodo
823 1851 920 1904 per
963 1835 1196 1902 singulos
1233 1834 1427 1905 gradus
1466 1835 1698 1890 Judaica:
1739 1835 1954 1895 malitia:
1998 1836 2094 1890 Dei

515 1904 880 1960 misericordia
928 1904 1250 1965 addebatur,
1291 1913 1348 1960 et
1388 1915 1572 1960 contra
1617 1907 1951 1962 clementiam
2001 1905 2093 1960 Dei

513 1974 814 2059 malignitas
856 1977 1084 2059 humana
1122 1975 1376 2058 certabat.
1411 1976 1552 2059 Ecce
1586 1975 1853 2059 qttali‘svis.
1891 1977 2094 2030 amicus

513 2043 736 2116 alicujus
783 2045 940 2101 fuerit
985 2046 1166 2110 homo,
1220 2047 1264 2099 si
1312 2046 1477 2100 semel
1505 2045 1574 2099 ab
1603 2043 1691 2100 illo
1721 2045 1880 2102 fuerit
1904 2061 2093 2116 passus

513 2113 780 2187 iniuriam,
831 2125 1319 2187 quantumcumque
1363 2117 1620 2186 frangitur
1668 2117 1784 2185 ejus
1828 2113 2088 2181 alfectus;

513 2183 558 2256 si
593 2185 795 2256 iterum
842 2183 1032 2256 passus
1062 2183 1247 2246 fuerit;
1281 2183 1669 2252 itermn'magis
1699 2183 1961 2242 minuitur
1995 2196 2094 2244 :et

511 2254 558 2309 si
589 2255 782 2311 iterum
809 2254 1034 2326 amplius
1066 2272 1173 2312 non
1215 2256 1469 2311 minuitur
1504 2259 1735 2312 amicitia
1764 2258 1901 2324 ejus,
1945 2267 2092 2314 certe

512 2333 690 2381 tamen
737 2342 842 2381 non
888 2327 1122 2382 additur.
1173 2327 1265 2382 Dei
1292 2336 1468 2381 autem
1497 2328 1860 2383 misericordia
1889 2339 2091 2396 quanto

513 2397 680 2466 magis
708 2412 736 2450 ιι
762 2397 962 2453 Jndzeis
989 2397 1372 2459 oliendehatur,
1422 2405 1567 2452 tanto
1603 2399 1830 2467 amplius
1857 2397 2092 2454 addeba-

513 2475 598 2520 tur
624 2468 677 2521 in
701 2468 797 2521 eis.
829 2469 963 2523 Ecce
989 2469 1130 2523 enim
1159 2478 1276 2536 post
1301 2477 1443 2522 tanta
1472 2468 1728 2523 beneficia
1759 2470 1870 2530 Dei.
1899 2480 1952 2524 et
1973 2472 2090 2527 sine

510 2537 870 2609 admonitione
901 2539 1136 2604 Domini,
1169 2539 1464 2592 debuerant
1491 2539 1716 2593 Domino
1737 2541 1958 2609 justitize
1977 2555 2089 2594 sum

513 2607 704 2662 tributa
733 2610 1036 2676 persolvere
1065 2627 1078 2662 :
1107 2617 1281 2662 tamen
1313 2623 1417 2663 non
1451 2607 1795 2664 reddentibus
1816 2610 1916 2675 eis,
1944 2612 2091 2666 misit

511 2690 707 2745 paucos
728 2693 909 2732 servos
934 2693 1079 2740 suos,
1104 2679 1294 2745 quibus
1319 2679 1526 2737 occisis,
1545 2679 1745 2734 addidit
1775 2679 2084 2748 bonitatem,

517 2762 637 2820 cum
657 2748 946 2820 debuisset
976 2749 1152 2814 irasci,
1189 2758 1244 2803 et
1281 2750 1426 2804 misit
1452 2751 1650 2818 plures.
1682 2751 1812 2806 item
1842 2752 2085 2820 pluribus

509 2817 828 2880 interfemis,
876 2821 1229 2874 accumulavit
1271 2817 1583 2883 bonitatem,
1632 2829 1688 2875 et
1726 2817 1869 2875 misit
1897 2823 2086 2879 Filium

510 2904 688 2953 suum,
731 2899 784 2942 et
825 2890 963 2945 hunc
990 2904 1094 2944 non
1122 2890 1268 2960 quasi
1297 2889 1360 2944 ad
1387 2891 1646 2944 obnoxios
1673 2907 1846 2960 pruna:
1873 2902 2090 2949 senten-

510 2961 634 3032 tiam
668 2960 1014 3032 bajulantcm,
1057 2959 1147 3015 sed
1183 2961 1450 3032 patientiae
1481 2959 1685 3032 veniam
1719 2981 1733 3017 :
1765 2973 1818 3017 et
1857 2973 1974 3032 pOst
2011 2973 2090 3020 tot

507 3030 710 3085 scelera
756 3031 928 3086 adhuc
965 3031 1042 3086 cis
1085 3031 1464 3086 misericordiae
1491 3031 1663 3086 locum
1693 3030 1955 3088 servabat.
1998 3033 2089 3090 Sic

507 3101 647 3174 enim
675 3100 803 3155 dicit
839 3121 852 3157 :
885 3101 1122 3174 Forsitan
1153 3102 1314 3166 ﬁlium
1343 3117 1506 3154 meum
1531 3103 1901 3174 reverebantur.
1950 3106 2088 3174 Ergo

507 3171 671 3244 misit,
713 3173 1036 3244 confundere
1060 3173 1204 3244 illos,
1230 3175 1798 3244 inon‘antem‘punire.
1828 3173 1958 3230 Nam
1991 3171 2087 3244 pro

508 3243 668 3312 tantis
699 3242 901 3309 injuriis
950 3242 1180 3312 benigno
1223 3242 1446 3295 Domino
1487 3241 1787 3298 sufficiebat
1828 3247 1938 3299 sola
1966 3241 2086 3301 vin-

509 3310 646 3363 dicta
679 3312 913 3380 pndoris.
943 3310 1205 3381 Cogitavit
1229 3328 1356 3382 ergo
1381 3312 1519 3383 apud
1551 3329 1609 3367 se
1656 3332 1670 3367 :
1719 3317 1960 3383 quamvis
1990 3333 2086 3372 ne-

504 3395 608 3446 quc
634 3383 1028 3456 .conturneliare
1066 3397 1250 3456 servos
1273 3397 1443 3456 meos
1483 3381 1781 3456 debuerant
1808 3402 1822 3437 :
1849 3388 1970 3455 quia
1997 3389 2087 3456 qui

506 3450 676 3503 servis
706 3450 906 3504 faciunt
935 3451 1204 3516 iniuriam,
1255 3451 1528 3505 dominum
1578 3450 1913 3510 exhonorant
1947 3478 1958 3511 :
2004 3450 2085 3511 ta-

507 3533 630 3573 men
673 3520 1117 3592 mittam_Filinm
1164 3536 1361 3592 meum,
1411 3521 1499 3590 qui
1547 3531 1713 3577 totum
1761 3526 1995 3592 possidet
2032 3529 2084 3583 in

507 3597 728 3663 natura._
749 3591 803 3644 Si
829 3606 1010 3645 amare
1036 3606 1156 3663 cum
1187 3591 1475 3663 voluerint,
1509 3603 1591 3646 est
1627 3591 1770 3663 quod
1794 3606 2001 3650 ametur
2032 3600 2083 3654 in

507 3674 597 3723 eo,
642 3661 764 3730 quia
801 3672 919 3731 post
960 3677 1045 3716 me
1075 3662 1220 3715 solus
1255 3671 1336 3716 est
1364 3662 1567 3725 bonus;
1599 3661 1660 3718 si'
1676 3665 1937 3720 voluerint
1965 3683 2085 3724 eum

512 3731 725 3804 timere,
766 3741 849 3786 est
873 3731 1014 3804 quod
1043 3733 1289 3804 timeatur
1316 3732 1364 3804 in
1395 3748 1497 3804 eo,
1533 3735 1652 3804 quia
1685 3744 1802 3801 post
1826 3751 1912 3790 me
1938 3740 2086 3795 solus

508 3802 758 3872 terribilis
783 3811 867 3856 est
908 3803 1066 3857 Deus.
1099 3803 1188 3858 38.
1219 3802 1281 3857 At
1309 3802 1388 3857 illi
1415 3802 1633 3859 videntes
1663 3806 1824 3872 ﬁlium
1852 3808 2086 3864 dixerunt

501 3871 636 3925 intra
657 3889 712 3926 se
739 3887 757 3926 :
785 3872 884 3926 Hic
912 3881 985 3926 est
1009 3873 1149 3929 lieres
1170 3890 1188 3937 ,'
1213 3874 1390 3939 venite,
1423 3871 1710 3929 occidamas
1736 3892 1866 3940 eant,
1891 3889 1938 3932 et
1958 3880 2086 3934 obti-

502 3941 726 3997 nebimus
763 3945 1086 4017 hereditatem
1106 3946 1284 4017 _ejus._
1305 3945 1378 4017 Ex
1419 3946 1666 4017 omnibus
1695 3949 1944 4016 operibus
1969 3951 2085 4017 ejus

500 4024 863 4089 cognoverunt
889 4030 1011 4089 e_tmi
1040 4013 1230 4089 Filium
1262 4015 1354 4089 Dei
1384 4031 1540 4081 esse;
1581 4016 1682 4071 hoc
1711 4013 1852 4072 enim
1881 4013 2086 4089 signifi-

500 4091 588 4137 cat
629 4084 812 4140 dicens
842 4102 854 4138 :
893 4085 1022 4139 Ecce
1049 4086 1130 4138 Itic
1154 4093 1224 4140 est
1251 4087 1393 4140 lieres
1419 4103 1438 4140 :
1470 4096 1644 4140 tamen
1673 4084 1954 4155 postquam
2000 4092 2081 4146 in.

505 4155 782 4229 Iroivit_in
826 4156 1101 4229 templum,
1138 4166 1427 4229 etomnes
1473 4157 1765 4229 vendentes
1811 4160 2081 4229 animalia,

502 4239 620 4300 quae
650 4225 714 4279 ad
743 4227 1060 4300 sacriﬁcium
1092 4225 1480 4300 vendebantur,
1511 4227 1655 4300 foras
1680 4229 1857 4298 ejecit,
1883 4230 1935 4284 in
1965 4225 2086 4300 qui;

502 4295 599 4371 bus
639 4297 942 4371 sacerdotes
972 4297 1114 4350 avari
1148 4306 1272 4351 tunc
1298 4295 1746 4371 delectabantur:
1776 4308 1900 4371 tunc
1945 4295 2084 4371 prae-

501 4365 656 4434 cipue
681 4367 1046 4434 cogitaverunt
1074 4381 1198 4421 eum
1227 4367 1494 4431 occidere,
1543 4369 1782 4424 dicentes
1813 4365 1959 4426 intra
1977 4388 2036 4426 se
2067 4389 2080 4426 :

497 4435 554 4491 Si
603 4436 830 4506 populus
875 4438 1030 4492 ismm
1082 4437 1326 4492 habuerit
1354 4437 1536 4502 Dcmn,
1568 4455 1786 4495 necesse
1814 4451 1899 4496 est
1925 4443 2086 4498 utdi-

504 4507 678 4561 mittat
718 4507 1154 4563 consuetudinem
1198 4507 1522 4572 hostiarum,
1571 4525 1690 4578 qua:
1729 4511 1794 4564 ad
1847 4523 2084 4569 nostrum

501 4578 769 4660 pertinent
820 4579 1044 4660 lucrum,
1083 4579 1489 4660 _ct.acquiescat
1530 4581 1708 4660 oll'crri
1761 4583 2082 4660 sacrificium

499 4647 740 4722 justitize,
773 4663 910 4722 quae
937 4648 1013 4722 ad
1048 4647 1269 4718 gloriam
1301 4649 1396 4722 Dei
1445 4653 1809 4722 pertinetaet
1855 4654 1933 4708 sic
1971 4653 2083 4722 jam

501 4733 604 4772 non
633 4720 735 4773 erit
757 4719 982 4788 populus
1003 4720 1101 4774 iste
1130 4719 1396 4788 possessio
1422 4729 1622 4785 nostra,
1651 4721 1745 4775 sed
1777 4723 1867 4777 Dei
1902 4740 1915 4776 :
1939 4719 2090 4780 vide-

501 4789 622 4842 licet
659 4805 762 4843 non
788 4789 854 4843 ad
886 4798 1124 4844 nostrum
1152 4796 1413 4858 qua-stum
1446 4791 1737 4858 pertinens,
1765 4793 1857 4847 sed
1887 4793 1997 4848 Dei.
2027 4794 2084 4850 Si

499 4867 676 4932 autem
704 4860 1057 4914 occiderimus
1081 4875 1223 4925 eum,
1267 4859 1392 4932 dum
1437 4877 1542 4932 non
1581 4870 1664 4915 est
1699 4863 1786 4931 qui
1823 4865 1839 4894 ¹
1865 4865 2086 4932 justitite

499 4926 702 5004 fructus
729 4945 757 4982 a
788 4932 980 4999 populo
1009 4939 1217 5004 quierat
1237 4931 1472 5004 neglecta
1501 4926 1730 5004 justitia,
1764 4933 1842 4987 sic
1866 4926 2084 5004 semper

502 4997 766 5052 tenebitur
790 4997 1118 5056 consuetudo
1139 4997 1533 5055 oil‘ercndarum
1565 5000 1878 5067 hostiarum,
1921 4997 2082 5060 et'sic

501 5069 606 5140 l_iet_
631 5079 812 5124 nostra
854 5073 1119 5138 possessio
1159 5071 1225 5124 ad
1262 5080 1502 5126 nostrum
1544 5074 1815 5140 pertinens
1856 5075 2081 5130 lucrmn.

501 5137 565 5192 Et
597 5137 697 5192 hoc
721 5137 967 5208 estquod
994 5141 1143 5207 dicit,
1185 5141 1252 5195 Et
1279 5153 1457 5197 nostra
1487 5137 1587 5198 erit
1614 5143 1903 5198 hereditas.
1963 5143 2086 5201 Hinc

496 5209 750 5278 cogitatio
795 5213 1094 5264 communis
1137 5220 1221 5265 est
1262 5213 1498 5266 omnium
1528 5213 1860 5268 sacerdotum
1895 5231 2084 5269 carna-

497 5279 649 5353 lium,
701 5279 789 5349 qui
835 5295 940 5334 non
971 5291 1119 5353 sunt
1150 5281 1361 5353 solliciti
1384 5283 1651 5353 quomodo
1685 5286 1906 5353 pupulas
1940 5287 2085 5340 vivat

497 5349 613 5423 sine
630 5360 868 5423 peccato,
889 5350 982 5406 sed
1011 5351 1272 5423 aspiciunt
1293 5354 1416 5421 quid
1447 5351 1496 5406 in
1519 5349 1740 5408 ecclesia
1757 5349 2084 5423 conferatur,

501 5431 554 5476 ct
585 5420 684 5475 hoc
711 5421 1019 5476 existimant
1045 5420 1324 5476 sacerdotii
1357 5424 1436 5476 sui
1463 5425 1688 5477 lucrum.
1737 5425 1802 5478 Et
1851 5443 1954 5480 non
1995 5420 2082 5480 so;

501 5492 608 5544 lnn
641 5492 968 5555 sacerdotes,
1015 5491 1109 5546 sed
1153 5493 1312 5546 etiam
1354 5508 1540 5547 omnes
1572 5494 1812 5549 homines
1842 5497 2086 5552 carnales

500 5563 602 5616 hoc
629 5564 802 5618 solum
838 5564 1140 5619 existimant
1177 5576 1351 5624 suum,
1401 5575 1454 5618 et
1501 5564 1601 5618 hoc
1637 5565 1842 5620 lucrum
1890 5568 2088 5624 habere

501 5647 560 5685 se
589 5633 656 5687 de
682 5633 782 5688 hac
811 5637 914 5690 vita
945 5634 1291 5700 arbitrantur,
1337 5634 1477 5703 quod
1529 5637 1822 5693 secundum
1869 5655 2084 5697 carnem

566 5775 582 5806 ⁸
618 5776 756 5839 Apud
775 5779 1063 5832 Couuneliu.
1087 5785 1138 5830 et
1158 5776 1321 5829 Morel.
1350 5776 1548 5841 legitur,
1573 5791 1702 5840 qua.

1766 307 1941 372 OPUS
1979 308 2461 370 IMPERFECTUSI

3694 317 3790 374 856

2207 431 2456 487 delectati
2483 428 2676 502 fuerint
2703 431 2756 486 in
2779 431 2879 502 hae
2903 429 3030 487 vita.
3063 432 3329 502 Quoniam
3354 442 3538 490 autem
3563 435 3793 495 volentes

2211 502 2493 575 ostendere
2518 501 2730 570 quidem
2757 501 2946 575 Filium
2977 501 3200 575 semper
3218 505 3406 570 fuisse,
3448 505 3792 575 quemadmo-

2207 572 2332 624 dum
2362 572 2592 636 Patrem,
2621 585 2741 642 cum
2769 572 2996 626 dicimus
3023 575 3146 634 illis,
3184 574 3239 629 Si
3284 575 3425 630 lilius
3445 572 3554 642 est,
3576 587 3793 633 etuatus

2207 651 2310 714 est,
2339 652 2394 696 et
2432 642 2642 714 unicum
2671 641 2827 714 habet
2855 660 2869 696 :
2903 645 3267 714 propositione
3309 647 3558 714 negativa
3586 661 3794 713 respon-

2206 713 2354 777 dent,
2388 726 2490 766 non
2513 711 2580 766 de
2601 711 2925 781 proprietate
2955 713 3072 767 Filii
3106 714 3201 770 Dei
3223 711 3519 769 secundum
3548 711 3790 771 carnem:

2205 783 2328 851 quia
2375 790 2494 851 post
2548 782 2962 836 incarnationem
2995 783 3170 837 dictus
3201 795 3284 838 est
3311 785 3486 840 Filius
3519 801 3584 840 cx
3637 787 3794 852 bapti-

2205 867 2344 914 smo,
2371 854 2508 906 sicut
2541 860 2594 904 et
2631 853 2811 906 cteteri
2833 854 3004 907 sancti
3033 871 3046 904 :
3071 865 3228 908 antea
3250 864 3432 910 autem
3459 857 3680 909 verbum
3704 857 3794 912 luit

2205 937 2418 1004 semper
2444 936 2564 1004 e_um
2594 921 2934 1004 Patre_.-Qi_tos
2955 925 3118 1004 etiam
3143 925 3280 978 Deus
3305 942 3370 980 ex
3400 925 3505 1004 hoc
3536 926 3654 1004 loco
3674 942 3792 979 coa-

2205 991 2402 1066 vincit,
2448 991 2637 1066 dicens
2679 991 2937 1066 :iﬂittam
2965 994 3130 1066 ﬁlium
3159 1011 3350 1066 meum.
3392 996 3626 1063 Quando
3673 1012 3791 1066 ergo

2203 1062 2377 1116 adhuc
2403 1061 2667 1133 cogitabat
2695 1065 2762 1116 de
2797 1063 3210 1133 transmittendo
3231 1064 3370 1118 Filio
3402 1061 3522 1132 pou
3567 1061 3789 1133 prophe-

2205 1141 2304 1200 tas,
2323 1133 2432 1202 jam
2465 1131 2628 1186 Filius
2661 1141 2795 1186 erat.
2825 1131 3030 1190 Deinde
3049 1135 3091 1190 si
3115 1152 3184 1190 eo
3204 1137 3368 1190 modo
3383 1131 3593 1191 dicitur
3612 1131 3786 1200 Filius,

2202 1203 2344 1257 sicut
2383 1216 2572 1257 omnes
2599 1203 2790 1268 sancti,
2820 1202 2892 1272 ad
2917 1218 3052 1272 quos
3079 1207 3277 1260 factum
3299 1214 3386 1260 est
3414 1210 3642 1260 verbum
3673 1206 3787 1271 Dei;

2201 1273 2386 1328 debuit
2415 1281 2590 1327 autem
2621 1282 2674 1326 et
2701 1271 2990 1341 prophetas
3016 1275 3154 1330 lilios
3181 1275 3385 1339 dicere,
3412 1277 3562 1330 sicut
3578 1286 3634 1330 et
3653 1275 3790 1330 Chri-

2203 1353 2342 1398 stum
2368 1361 2382 1407 ;
2412 1352 2504 1398 aut
2531 1352 2584 1396 et
2607 1341 2879 1396 Christum
2910 1360 3124 1398 servum
3157 1345 3365 1412 dicere,
3394 1347 3538 1400 sicut
3565 1357 3620 1400 et
3649 1356 3789 1401 crte.

2203 1427 2292 1468 ros
2337 1415 2624 1483 prophetas
2671 1431 2686 1466 :
2729 1427 2793 1467 ex
2823 1429 2924 1482 qua
2952 1429 3009 1467 re
3035 1414 3325 1484 prophetas
3362 1416 3589 1484 quidem
3619 1431 3788 1470 servos

2201 1495 2422 1548 omnes,
2453 1484 2592 1537 hunc
2619 1491 2795 1538 autem
2831 1484 3001 1537 solum
3031 1485 3223 1538 Filium
3250 1486 3577 1552 appellavit.
3619 1486 3702 1540 59.
3731 1487 3788 1540 Et

2201 1556 2453 1622 ejecerunt
2479 1568 2589 1606 eum
2611 1563 2755 1608 extra
2775 1555 2989 1606 vineam.
3020 1553 3073 1607 Id
3098 1565 3201 1618 est,
3234 1565 3388 1610 extra
3416 1556 3687 1609 civitatem
3711 1557 3788 1612 Je-

2200 1625 2454 1693 rusalem.
2489 1623 2555 1677 Et
2579 1622 2746 1677 Judtci
2777 1639 2876 1678 suo
2900 1624 3123 1678 consilio
3154 1625 3234 1678 nsi
3260 1626 3552 1693 ejeccrunt
3579 1642 3714 1692 eum,
3738 1637 3784 1681 et

2202 1692 2345 1748 Deus
2374 1708 2474 1748 suo
2493 1693 2718 1748 consilio
2737 1693 2854 1762 ejici
2883 1709 3003 1748 eum
3029 1692 3319 1751 ordinavit.
3355 1695 3450 1749 Isti
3474 1697 3780 1764 cogitabant.

2200 1773 2256 1834 ut
2291 1764 2495 1818 Cl‘ifl‘lefl
2536 1765 2728 1834 mortis
2767 1765 2882 1830 ejus
2916 1775 3066 1818 extra
3107 1766 3384 1818 civitatem
3416 1767 3778 1834 expellerent:

2199 1833 2341 1889 De:is
2358 1833 2642 1904 cogitabat,
2663 1848 2731 1888 ne
2750 1836 2920 1904 virtus
2945 1836 3356 1889 resurrectionis
3377 1833 3505 1903 ejus
3533 1839 3775 1891 civitatem

2198 1903 2461 1960 scelerum
2488 1904 2742 1970 salvaret,
2776 1903 2827 1957 id
2853 1914 2956 1968 est,
2995 1915 3051 1958 ut
3079 1904 3279 1960 Iudaeis
3301 1906 3529 1974 quidem
3560 1922 3794 1961 morere--

2197 1981 2284 2028 tur
2325 1975 2389 2027 ad
2443 1983 2706 2045 mortem,
2751 1974 2997 2043 gentibus
3043 1986 3221 2028 autem
3267 1987 3588 2045 resurgeret
3616 1977 3679 2030 ad
3717 1977 3784 2030 vi-

2200 2053 2338 2118 tam.
2485 2043 2611 2118 Cum
2635 2046 2966 2118 ergo‘venerit
2987 2045 3242 2118 demittas,
3270 2047 3396 2118 quid
3426 2043 3584 2118 faciet
3609 2049 3783 2102 colonis

2194 2115 2300 2168 illis
2316 2116 2342 2169 ?
2363 2116 2454 2170 41.
2473 2114 2672 2185 Dicunt
2697 2113 2777 2185 illi
2807 2129 2826 2167 :
2855 2113 2907 2167 Μ
2913 2115 3020 2168 alos
3045 2115 3178 2168 male
3201 2113 3400 2185 perdet.
3426 2113 3555 2172 Non
3577 2128 3657 2171 est
3681 2120 3784 2173 illo-

2197 2200 2317 2239 rum
2347 2184 2489 2256 qnod
2521 2185 2666 2254 juste
2691 2184 3080 2253 judicavcrunt,
3127 2184 3221 2240 sed
3253 2187 3424 2255 ipsius
3452 2204 3655 2242 rausm.
3703 2189 3784 2245 Est

2194 2257 2336 2310 enim
2361 2255 2520 2311 causa
2546 2255 2804 2320 veritatis,
2834 2271 2954 2325 qua:
2982 2257 3129 2325 quasi
3155 2257 3470 2311 violentiam
3506 2259 3614 2313 illis
3652 2259 3780 2321 fecit,

2195 2334 2386 2380 utnon
2424 2332 2644 2395 possent
2693 2340 2810 2380 eam
2839 2325 3051 2395 celare.
3101 2325 3253 2381 Sicut
3291 2329 3410 2382 sole
3460 2329 3516 2381 in
3568 2331 3780 2384 nubibus

2195 2394 2504 2458 censtituto.
2549 2396 2672 2462 hoc,
2713 2394 2855 2464 quod
2880 2404 2964 2449 est
2994 2395 3130 2459 dies,
3164 2412 3270 2451 non
3301 2408 3387 2451 est
3412 2399 3640 2453 nubium
3669 2415 3782 2467 per-

2191 2467 2512 2521 inittentium
2549 2482 2672 2521 eum
2709 2479 2967 2534 apparere
2999 2482 3161 2535 super
3191 2477 3426 2533 terram,
3478 2469 3578 2524 sed
3631 2472 3780 2523 virtus

2197 2537 2352 2603 solis,
2396 2552 2515 2606 quae
2541 2537 2906 2607 pertransicns
2931 2537 3120 2598 nubes,
3169 2539 3329 2590 etiam
3374 2538 3780 2607 impedientibus

2192 2608 2273 2662 eis
2315 2616 2537 2676 apparet
2574 2607 2695 2660 :sic
2732 2606 2875 2675 juste
2918 2610 3280 2674 pronuntiavit
3321 2606 3642 2663 Judaénrnm
3686 2625 3780 2666 non

2193 2677 2419 2747 placata,
2447 2677 2542 2732 sed
2567 2678 2806 2745 apposita
2838 2677 3161 2746 malignitas.
3191 2677 3526 2733 Erravcrunt
3554 2679 3690 2734 bene
3711 2681 3781 2734 di-

2193 2747 2383 2802 cendo.
2414 2748 2545 2802 Nam
2577 2747 2862 2802 mendaces
2883 2757 3137 2814 quantum
3166 2748 3230 2801 ad
3266 2763 3324 2802 se
3355 2758 3486 2803 tunc
3518 2750 3776 2804 mentiun-

2194 2827 2301 2882 tur,
2347 2818 2562 2887 quando
2587 2817 2820 2871 dixerint
2845 2817 3126 2872 veritatem
3161 2835 3176 2872 :
3209 2818 3303 2872 sed
3342 2820 3396 2872 in
3439 2819 3546 2874 huc
3570 2823 3776 2880 sa-culo.

2192 2887 2280 2941 ubi
2311 2886 2435 2942 lieet
2462 2887 2768 2942 hominibus
2806 2886 2948 2940 aliud
2979 2888 3179 2942 sentire
3209 2889 3261 2940 in
3306 2889 3498 2953 corde,
3548 2900 3604 2944 et
3647 2892 3774 2945 aliud

2192 2958 2373 3013 dicere
2397 2959 2448 3012 in
2475 2973 2744 3019 sermone.
2774 2968 2949 3012 tamen
2979 2959 3048 3011 ita
3077 2960 3299 3013 veritate
3324 2959 3529 3016 Christi
3559 2963 3774 3016 circnm-

2191 3026 2386 3100 dantur
2414 3028 2658 3100 homines
2687 3038 2739 3082 et
2767 3037 3032 3100 tenentur,
3082 3037 3138 3100 ut
3167 3029 3266 3100 ipsi
3305 3030 3574 3084 adversus
3599 3047 3659 3088 se
3693 3033 3771 3100 jn-

2191 3098 2339 3153 dices
2388 3100 2536 3154 fiant.
2577 3099 2760 3160 Putas,
2804 3099 3072 3168 quomodo
3115 3099 3167 3151 in
3205 3099 3294 3153 die
3323 3100 3518 3168 jndicii
3563 3098 3774 3156 convin—

2190 3169 2345 3224 cendi
2374 3178 2498 3223 sunt
2538 3177 2843 3237 peccatores
2875 3169 2926 3221 in
2958 3169 3067 3222 suis
3099 3171 3351 3235 peccatis,
3386 3171 3458 3224 ita
3493 3182 3549 3224 ut
3584 3173 3772 3226 nullum

2190 3240 2424 3293 colorem
2455 3239 2815 3311 excusationis
2852 3240 3162 3293 inveniant?
3209 3242 3296 3293 ubi
3344 3241 3460 3309 ipsa
3488 3257 3645 3311 opera
3676 3255 3776 3297 sta-

2192 3319 2407 3364 tuentur
2447 3319 2570 3363 ante
2607 3310 2790 3363 oculos
2833 3311 3162 3376 peccatoris,
3211 3311 3431 3365 dicente
3482 3310 3768 3380 prapbeta:

2193 3383 2415 3449 Arguam
2443 3391 2506 3442 te,
2545 3390 2592 3432 et
2623 3389 2838 3433 statuam
2864 3391 3038 3432 contra
3076 3381 3255 3449 [aciem
3291 3392 3437 3434 tuam
3475 3392 3767 3450 pacatam

2195 3450 2364 3521 (Psal.
2392 3452 2482 3504 49.
2510 3450 2604 3517 ςΜ)
2627 3467 2641 3515 ;
2685 3450 2772 3503 ubi
2798 3451 3192 3521 animamipsa:
3217 3453 3562 3521 cogitationes
3599 3451 3765 3505 cordis

2190 3519 2474 3585 accusant,
2535 3531 2588 3574 et
2642 3535 2672 3574 e
2709 3528 2896 3591 contra
2942 3519 3206 3591 excitatur
3251 3519 3583 3578 conscientia
3624 3523 3764 3591 quasi

2190 3591 2484 3646 domestica
2523 3590 2933 3662 testis,dicente
2965 3590 3221 3660 Apostolo
3253 3609 3266 3644 :
3299 3593 3694 3662 Cogitationibus
3719 3608 3770 3648 se

2191 3663 2398 3716 invicem
2432 3661 2802 3730 accusantibus,
2845 3671 2933 3713 aut
2973 3663 3120 3714 etiam
3148 3661 3553 3730 defendentibus,
3593 3667 3643 3716 in
3676 3664 3765 3728 die,

2191 3749 2304 3786 cum
2335 3731 2581 3803 iudicabit
2617 3729 2864 3803 Dominus
2882 3729 3078 3803 occulta
3109 3729 3371 3785 hominum
3402 3735 3580 3803 (Rom.
3612 3735 3664 3787 Ξ.
3689 3736 3764 3788 15.

2192 3800 2447 3872 16).'Sic
2487 3813 2542 3856 et
2587 3800 2918 3872 sacerdotes,
2971 3801 3139 3856 vinem
3183 3800 3479 3870 spiritnalis
3520 3807 3764 3867 cultores,

2189 3874 2280 3941 qui
2322 3872 2574 3941 populum
2615 3886 2722 3941 non
2750 3871 2816 3923 ad
2847 3872 2935 3925 Dei
2966 3873 3184 3939 gloriam
3211 3876 3560 3934 exercebant.
3591 3875 3681 3929 sed
3707 3875 3767 3927 ad

2191 3939 2348 3996 suum
2393 3939 2595 3996 lucrum
2641 3939 3032 3996 fructiﬁcabant
3067 3959 3080 3994 :
3113 3943 3182 3995 ita
3224 3959 3318 3997 eos
3373 3945 3630 3999 Dominus
3669 3945 3768 3999 suis

2191 4012 2459 4082 parabolis
2486 4012 2878 4082 circumclusit,
2930 4021 2984 4066 ut
3014 4013 3110 4080 ipsi
3140 4028 3200 4068 se
3232 4029 3325 4066 sua
3355 4017 3624 4070 sententia
3653 4032 3766 4068 coa-

2189 4081 2694 4154 demnarentrQuis
2728 4081 2876 4154 illum
2904 4083 3179 4154 defendet,
3221 4084 3310 4152 qui
3355 4087 3596 4154 seipsnm
3627 4100 3766 4139 accu-

2189 4154 2309 4208 sat?
2338 4163 2426 4207 aut
2460 4151 2579 4222 quis
2609 4167 2731 4225 eum
2758 4150 3025 4225 existimet
3048 4150 3407 4216 innocentem,
3435 4150 3525 4225 qui
3549 4157 3767 4220 seipsum

2191 4221 2499 4294 pronuntiat
2540 4223 2729 4276 reum?
2762 4221 2852 4274 Va:
2877 4223 3091 4288 animm,
3137 4240 3254 4291 qua:
3283 4226 3383 4278 sibi
3411 4221 3763 4280 defensionem

2191 4294 2535 4349 conscientia:
2567 4309 2670 4346 non
2701 4302 2964 4362 prarparat
2987 4294 3038 4346 in
3071 4295 3159 4349 die
3179 4295 3396 4362 jmlicii!
3441 4299 3605 4350 Datur
3637 4297 3764 4348 t'ttiut

2191 4365 2346 4419 nobis
2385 4363 2709 4432 exemplum,
2757 4373 2813 4416 ut
2843 4377 2936 4431 per
2957 4363 3058 4418 hoc
3085 4365 3343 4431 judicium
3375 4367 3765 4421 consideremus

2191 4434 2425 4492 futurum
2446 4433 2702 4503 judicium
2730 4433 2950 4487 Christi.
2994 4434 3278 4488 Sciendum
3305 4446 3389 4488 ρει
3413 4449 3618 4500 autem,
3655 4436 3760 4503 quia

2190 4505 2363 4560 Lucas
2388 4503 2602 4574 quidem
2628 4503 2952 4574 evangelista
2985 4505 3060 4556 sic
3083 4505 3211 4558 dicit
3246 4523 3258 4558 :
3288 4506 3625 4559 Adtlttl‘etutl‘
3663 4520 3762 4556 eum

2191 4586 2332 4630 extra
2355 4573 2568 4640 vineam,
2611 4583 2656 4628 et
2677 4573 3146 4646 occiderunt.__Cum
3170 4592 3288 4646 ergo
3315 4579 3506 4629 verterit
3527 4577 3760 4638 (lanuuiis,

2191 4647 2352 4701 malos
2393 4646 2510 4700 illos
2557 4647 2688 4698 male
2735 4645 2929 4713 perdet.
2973 4644 3037 4698 Et
3067 4644 3430 4713 responderant
3459 4647 3762 4708 sacerdotes,

2191 4717 2334 4770 Absit
2365 4733 2383 4770 :
2409 4717 2759 4786 intellexerunt
2799 4715 2962 4786 enim,
2994 4717 3128 4784 quod
3157 4717 3218 4769 de
3246 4717 3370 4786 ipsis
3395 4719 3580 4770 diceret
3627 4715 3761 4784 (Luc.

2191 4787 2281 4841 20.
2313 4787 2398 4842 l5.
2443 4787 2556 4854 16).
2603 4785 2906 4856 Secundum
2938 4784 3134 4840 Lucam
3162 4784 3291 4856 ergo
3311 4789 3621 4841 sacerdotes
3647 4802 3763 4838 ron-

2194 4857 2458 4911 tradicnnt
2487 4856 2764 4910 sententiae
2788 4855 2983 4910 Christi
3009 4874 3023 4909 :
3049 4855 3344 4910 secundum
3372 4858 3666 4912 Matth-eum
3689 4870 3764 4908 au-

2195 4939 2300 4998 tem
2327 4928 2622 4996 suscipiunt
2652 4937 2706 4981 ct
2733 4924 3073 4998 conﬁrmant.
3118 4925 3177 4981 In
3208 4931 3377 4995 prima
3409 4931 3622 4998 quidem
3648 4926 3763 4979 facie

2193 4997 2443 5052 videntur
2486 5011 2606 5052 esse
2664 4996 2969 5058 contraria;
3035 5012 3222 5051 revera
3267 4996 3450 5054 autem
3507 5017 3610 5052 non
3655 5003 3764 5049 sunt

2193 5069 2482 5132 contraria,
2521 5068 2616 5122 sed
2642 5067 2853 5121 diversa
2892 5068 3099 5122 ratione
3128 5079 3248 5122 sunt
3292 5068 3459 5124 dieta.
3509 5069 3600 5124 ille
3639 5069 3763 5122 enim

2193 5138 2484 5194 secundum
2517 5137 2920 5209 responsionem
2951 5140 3216 5192 sermonis
3257 5139 3468 5192 illorum
3512 5136 3758 5209 exposuit.

2195 5217 2294 5263 istc
2337 5219 2511 5262 autem
2560 5207 2854 5262 secundum
2918 5209 3322 5272 responsionem
3389 5207 3600 5264 cordis.
3647 5208 3760 5261 Nam

2195 5295 2320 5334 vere
2352 5279 2630 5334 visibiliter
2658 5279 2870 5345 quidem
2911 5279 2963 5332 in
3008 5278 3140 5334 facie
3181 5280 3649 5340 contradaerunt.
3693 5276 3760 5328 di-

2193 5360 2396 5414 centes,
2445 5349 2580 5401 Absit
2615 5349 2711 5402 :in
2756 5348 2918 5405 corde
2950 5359 3128 5404 autem
3157 5361 3208 5406 et
3236 5351 3286 5403 in
3312 5351 3638 5406 cuiascientia
3677 5359 3758 5401 Sua

2195 5429 2567 5488 susceperunt,
2595 5419 2852 5485 dicentes,
2904 5418 3072 5473 Malos
3119 5421 3247 5474 male
3287 5421 3480 5488 perdet.
3535 5419 3662 5488 Quid
3690 5424 3757 5470 est

2195 5491 2336 5561 quod
2365 5490 2630 5562 dicimus?
2673 5491 2858 5562 Qnuiis
2897 5488 3057 5562 homo
3083 5500 3136 5545 et
3163 5490 3358 5562 malum
3387 5493 3671 5562 COSDChCiI,
3715 5494 3762 5538 et

2198 5559 2394 5617 bonum
2427 5579 2438 5613 :
2471 5570 2524 5615 et
2567 5560 2814 5629 intelligit
2845 5559 2984 5628 quod
3029 5571 3112 5614 est
3156 5560 3382 5624 justum,
3424 5559 3480 5616 ei
3507 5563 3758 5628 injustam.

2196 5633 2380 5688 Posuit
2401 5632 2544 5686 enim
2575 5632 2712 5685 Dens
2735 5631 3013 5699 quemdam
3036 5630 3278 5699 spiritum
3307 5631 3547 5685 scicntia:
3580 5629 3689 5683 boai
3714 5634 3760 5676 ct

2196 5703 2322 5757 mali
2350 5702 2400 5755 in
2449 5701 2756 5755 hominibus
2781 5741 2797 5763 ,
2838 5709 2894 5753 ut
2936 5702 3409 5768 quotienscumque
3458 5713 3756 5768 peccamus.

2199 5773 2286 5828 Ille
2334 5789 2384 5827 ιιι
2417 5771 2628 5828 silentio
2679 5773 2833 5844 quasi
2879 5773 3072 5825 factum
3132 5781 3370 5825 nostrum
3425 5780 3680 5826 accuset:
3711 5777 3757 5817 et
