4050 6200
522 285 625 344 859

520 395 662 464 quod
685 395 794 466 jam
826 401 1004 466 speret
1029 392 1080 446 lo
1107 391 1272 466 Deum
1300 387 1524 466 ,_pej_ora
1554 389 1835 466 committit
1859 432 1873 451 ,
1893 388 2102 466 dicente

520 461 808 522 Salomone
828 483 842 518 :
859 461 985 516 Cum
1011 463 1196 516 venerit
1216 461 1401 530 impius
1425 461 1476 514 in
1503 461 1809 530 profundum
1833 461 2100 527 malorum,

519 535 790 591 contemnit
829 531 1012 602 (Prov.
1049 533 1136 588 18..
1165 531 1241 601 3).
1274 531 1420 586 Sicut
1445 531 1584 583 enim
1629 531 1868 584 inlirmus
1893 573 1907 597 ,
1932 531 2103 586 donec

521 605 861 660 mediocriter
891 603 1049 658 habet
1092 603 1324 672 aliquam
1367 602 1664 668 passionem
1691 642 1703 660 .
1733 610 1783 654 et
1825 611 2003 670 Sperat
2044 617 2104 656 se

543 691 680 730 tosse
705 675 899 739 curari,
920 681 1095 729 servat
1121 687 1178 726 se
1200 690 1226 724 a
1251 672 1450 725 nocivis
1479 672 1613 724 escis
1637 687 1651 734 ;
1679 672 1720 724 si
1752 681 1925 724 autem
1945 673 2100 725 intel-

541 745 731 808 exerit,
766 744 1111 798 insanabilem
1136 757 1194 796 se
1218 757 1358 806 esse,
1380 742 1488 810 jam
1521 757 1624 794 non
1657 742 1754 794 sibi
1790 743 1992 807 parcit:
2023 744 2101 796 sic

523 827 578 871 et
606 817 763 870 homo
788 811 960 869 donec
985 814 1321 868 mediocriter
1341 822 1541 879 peceat,
1572 821 1626 866 et
1646 821 1822 879 sperat
1853 814 2095 876 salutem,

519 897 1004 956 quantumcumque
1030 892 1222 952 potest,
1256 883 1503 956 observat
1526 899 1584 936 se
1609 899 1637 934 a
1660 883 1808 956 _malo
1826 884 2098 956 ,siautem

525 951 758 1026 graviter
780 951 1046 1024 peccando
1072 953 1294 1022 ((chril
1322 953 1627 1026 desperare,
1652 951 1760 1026 jam
1780 953 1931 1026 nihil
1943 952 2101 1026 dubi-

525 1023 600 1081 t'at
625 1023 799 1081 facere
823 1041 836 1076 :
861 1027 1009 1094 quasi
1036 1029 1122 1091 qui
1141 1029 1248 1093 jam
1274 1024 1502 1090 pet-catis
1525 1024 1635 1076 suis
1657 1023 1815 1075 vincit
1839 1023 2098 1090 judicium

525 1097 617 1151 Dei
645 1115 656 1150 :
683 1093 926 1150 nesciens
948 1095 1110 1148 miser
1133 1135 1146 1157 ,
1176 1095 1295 1163 quia
1321 1093 1458 1146 sicut
1497 1095 1546 1146 in
1587 1095 1726 1146 bono
1754 1094 1946 1160 gradus
1975 1101 2100 1146 sunt

521 1167 832 1235 gloriarum,
857 1174 912 1220 et
941 1165 1301 1233 unuSquisque
1330 1163 1617 1216 secundum
1646 1179 1948 1235 mensuram
1975 1163 2097 1216 boni

519 1231 600 1290 {sui
628 1238 816 1307 accipit
841 1236 1058 1305 gloriam
1085 1231 1198 1288 :isic
1217 1231 1280 1287 'et
1302 1235 1350 1285 iu
1370 1235 1519 1307 _malo
1546 1231 1739 1299 gradus
1765 1241 1886 1285 sunt
1917 1247 2099 1307 poena:

522 1322 637 1360 rum
662 1303 759 1371 ,εί
791 1303 1148 1373 unusquisque
1188 1303 1476 1357 secundum
1521 1317 1823 1355 memorant
1867 1305 1986 1356 mali
2015 1303 2097 1357 sui

521 1378 744 1446 accipiet
775 1391 1003 1446 pinnam.
1037 1375 1184 1428 Sicut
1213 1376 1357 1446 enim
1382 1373 1615 1446 infinitus
1643 1381 1725 1446 est
1757 1373 1894 1446 Deus
1925 1373 1986 1446 in_
2008 1388 2096 1428 re-

523 1443 810 1501 tributione
850 1447 1108 1499 bonorum
1135 1485 1148 1504 ,
1181 1447 1258 1498 sic
1289 1443 1523 1496 intinitus
1552 1451 1630 1495 est
1664 1444 1712 1493 in
1751 1444 2097 1498 retributione

521 1518 798 1571 malorttm.
826 1515 1080 1570 Similiter
1105 1524 1158 1568 et
1189 1514 1492 1568 Sacerdotes
1529 1510 1773 1564 munibus
1813 1513 1964 1565 malis
2006 1528 2094 1567 re-

520 1585 664 1651 pleti,
689 1587 774 1656 qui
797 1587 906 1654 jam
930 1587 979 1638 iu
1012 1585 1174 1656 Deum
1202 1599 1414 1653 sperare
1440 1597 1539 1656 non
1566 1591 1822 1650 poterant,
1847 1582 1898 1634 in
1923 1582 2094 1652 ipsum

522 1653 919 1710 Deum—manus
966 1653 1279 1708 mittebant:
1312 1669 1416 1706 non
1463 1654 1766 1721 ignorantes
1805 1667 1924 1705 eum
1974 1667 2094 1707 esse

519 1724 707 1780 Filium
732 1727 844 1790 Dei,
869 1725 960 1779 sed
984 1725 1082 1778 sibi
1101 1725 1208 1792 jam
1238 1738 1338 1776 n0n
1370 1731 1663 1793 parcentes.
1693 1722 1755 1775 Et
1784 1723 1971 1775 tnirutu
1997 1723 2091 1777 tibi

517 1795 725 1850 videtur
763 1797 903 1850 hoc?
931 1795 1065 1848 Vere
1105 1795 1276 1847 omnis
1308 1793 1466 1847 homo
1507 1794 1676 1846 malus
1701 1833 1714 1857 ,
1743 1803 1999 1862 quantum
2024 1793 2091 1847 ad

519 1866 842 1921 voluntatem
869 1881 1015 1919 suam
1034 1906 1048 1930 ,
1077 1874 1131 1918 et
1157 1879 1344 1918 manus
1370 1864 1526 1917 mittit
1557 1863 1608 1916 in
1643 1863 1837 1923 Deum,
1869 1872 1921 1917 et
1947 1863 2091 1917 occi-

513 1935 590 1988 dit
614 1953 755 1990 eum.
789 1937 888 2004 Qui
915 1938 1054 1991 enim
1081 1936 1241 1988 Deum
1273 1934 1504 1988 excitare
1534 1935 1597 1986 ad
1625 1933 1949 2004 iracundiam
1982 1948 2088 1988 non

513 2006 751 2070 dubitat,
776 2003 862 2074 qui
892 2014 1151 2076 princepta
1173 2009 1287 2073 ejus
1307 2005 1602 2076 concaleat,
1631 2003 1719 2072 qui
1753 2018 1942 2058 nomen
1972 2004 2088 2073 ejus

509 2078 839 2140 contemnit,
885 2079 973 2146 qui
1018 2077 1386 2144 blasphemat,
1433 2075 1520 2144 qtti
1564 2083 1860 2146 murmurat
1900 2085 2087 2129 contra

512 2146 697 2218 Deum,
729 2148 817 2218 qtti
848 2144 1056 2218 turbato
1086 2147 1230 2198 vultu
1259 2147 1446 2218 aspicit
1471 2154 1654 2198 contra
1679 2144 1890 2210 caelum,
1915 2147 2006 2214 qui
2031 2146 2084 2200 in

510 2216 584 2268 ira
616 2233 710 2271 ευ]
744 2215 930 2272 manus
960 2217 1210 2271 audacter
1238 2215 1477 2269 SUbiCVﬂl
1504 2225 1686 2269 contra
1718 2229 1839 2268 eum
1866 2232 1879 2268 Σ
1907 2229 2085 2270 nonne

504 2288 549 2338 si
581 2289 841 2356 potuisset
865 2289 997 2350 tieri,
1028 2302 1216 2340 manus
1245 2287 1475 2339 tuitteret
1500 2287 1550 2338 in
1572 2287 1765 2356 Deum,
1797 2293 1850 2339 et
1873 2287 2084 2356 Occide-

507 2354 594 2410 ret
612 2373 756 2423 eum,
790 2368 844 2411 ut
865 2359 973 2426 jam
1006 2360 1225 2411 licenter
1252 2358 1538 2424 peccaret?
1562 2354 1628 2408 Et
1656 2357 1960 2426 respondens
1986 2355 2081 2409 Je-

503 2443 608 2498 sus,
637 2430 814 2481 iterum
839 2425 965 2482 dixit
991 2430 1060 2482 eis
1086 2429 1135 2480 in
1163 2427 1418 2498 parabolis
1449 2425 1720 2498 (ϐαρτγὲἓ.
1750 2426 1825 2498 1).
1858 2427 2081 2480 Domino

505 2495 573 2568 dc
602 2498 752 2553 vinea
796 2500 1110 2568 proponenti
1154 2495 1466 2563 parabolam
1485 2506 1538 2550 et
1565 2497 1760 2568 dicenti
1787 2537 1800 2557 ,
1829 2499 2078 2565 quoniam

500 2567 702 2634 jnstitia
734 2566 820 2623 Dei
851 2566 1107 2624 a‘Judteis
1135 2569 1306 2622 fuerat
1333 2566 1619 2621 auferenda
1641 2607 1654 2630 ,
1686 2581 1789 2620 non
1819 2578 1939 2620 sunt
1969 2577 2073 2620 ter-

502 2639 718 2695 riti.sed
749 2641 914 2709 magis
942 2641 1259 2706 exasperati,
1291 2647 1342 2690 et
1371 2637 1619 2709 volebant
1650 2652 1835 2689 manus
1868 2639 2078 2692 mittere

499 2715 555 2761 et
584 2718 763 2764 tenere
784 2707 925 2763 cum.
951 2711 1099 2776 Quod
1130 2710 1427 2775 intelligens
1452 2707 1722 2772 Dominus,
1755 2722 1858 2760 non
1892 2709 2074 2771 tacuit,

497 2776 592 2849 scd
612 2781 846 2849 pejorem
867 2781 997 2833 iram
1020 2781 1106 2834 Dei
1132 2796 1224 2848 per
1245 2781 1402 2832 aliam
1429 2779 1725 2846 parabolam
1745 2781 2076 2849 annuntiavit

496 2848 574 2902 eis
606 2848 725 2905 esse
749 2861 1041 2904 venturam.
1069 2850 1199 2904 Nam
1226 2851 1266 2904 si
1297 2851 1367 2904 illi
1395 2891 1407 2912 ,
1433 2850 1520 2917 qui
1553 2849 1737 2901 timere
1758 2848 2069 2914 debuerant,

497 2935 601 2973 non
645 2921 960 2990 timtterunt,
994 2921 1086 2976 sed
1133 2922 1297 2990 magis
1347 2919 1659 2990 exaslterati
1686 2929 1810 2972 sunt
1835 2936 1848 2971 :
1873 2932 2073 2988 quanto

497 2990 661 3061 magis
690 2989 931 3046 Christus
960 3002 1132 3046 tacere
1161 2989 1263 3045 non
1291 2989 1595 3061 debuit,qui
1630 2989 1816 3061 timere
1843 3006 1945 3042 non
1972 3004 2070 3056 po-

496 3059 675 3115 terat?
701 3063 819 3118 Illos
849 3064 989 3118 enim
1023 3064 1216 3117 malitia
1246 3063 1367 3118 fecit
1404 3059 1628 3113 audaces
1653 3106 1666 3128 ,
1700 3060 1855 3112 istum
1893 3069 2069 3114 autem

497 3143 746 3197 potestas.

893 3204 1119 3259 Humilia
1143 3205 1236 3273 πυ,
1265 3221 1326 3256 ex
1347 3201 1507 3271 capite.
1530 3202 1658 3270 :rxij.

509 3281 514 3288 '
563 3268 632 3346 2.
653 3270 831 3346 Simile
867 3287 939 3330 est
966 3268 1439 3346 regnanticwlorum
1468 3268 1657 3346 Itoiitiiii
1681 3274 1803 3346 regi,
1834 3274 1923 3346 qui
1952 3274 2070 3343 fecit

490 3343 691 3413 nuptias
731 3345 839 3413 ﬁlio
867 3363 960 3398 suo
984 3387 999 3411 ,
1021 3343 1128 3399 etc.
1162 3345 1331 3399 llomo
1368 3359 1455 3396 rex
1483 3343 1678 3395 dicitur
1708 3343 1854 3396 Deus
1869 3345 2026 3397 Pater
2049 3387 2062 3405 .

489 3411 576 3480 qui
607 3411 891 3480 numquam
924 3417 1204 3467 lmmanam
1236 3414 1468 3479 suscepit
1497 3413 1717 3465 formam
1744 3431 1757 3466 :
1784 3423 1836 3465 ιιι
1867 3415 2064 3468 intelli-

486 3495 671 3546 gamus
699 3486 820 3552 quia
843 3499 1034 3538 nomen
1067 3484 1297 3537 hominis
1321 3482 1682 3550 przejudicium
1707 3482 1959 3552 ttott_f:tcit
1983 3485 2065 3537 di-

487 3552 621 3622 vitue
647 3549 756 3606 sua:
779 3564 998 3607 naturai.
1023 3555 1123 3609 Sed
1149 3562 1361 3622 propter
1379 3567 1590 3605 causam
1620 3549 1880 3622 parabolae
1905 3553 2066 3607 homo

483 3618 693 3695 dicitur,
733 3625 973 3695 nonquia
1003 3640 1122 3693 pars
1143 3618 1314 3695 aliqua
1345 3623 1570 3695 hominis
1598 3618 1718 3695 erat
1746 3621 1796 3695 in
1823 3637 1907 3676 eo.
1942 3623 2065 3695 ideo

482 3694 694 3762 quando
718 3691 949 3749 :uulis'in
978 3691 1269 3763 Scripturis
1297 3693 1488 3748 Filium
1520 3692 1608 3746 Dei
1641 3691 1906 3746 hominem
1935 3694 2061 3760 diei,

482 3764 602 3830 quia
634 3766 674 3817 si
706 3765 861 3820 Pater
883 3768 1142 3836 Deus,qui
1170 3775 1371 3819 tantum
1402 3766 1538 3816 Deus
1556 3773 1655 3825 cst,
1674 3771 1727 3815 et
1753 3777 1854 3836 non
1881 3764 2059 3836 homo,

483 3845 654 3890 tamen
671 3837 827 3890 homo
840 3834 1140 3891 notuinatur
1155 3855 1167 3892 :
1183 3844 1379 3906 quanto
1392 3835 1558 3906 magis
1574 3834 1925 3887 necessarium
1943 3834 2059 3900 fuit,

484 3915 538 3959 ut
560 3907 720 3961 homo
736 3908 999 3963 diceretur
1021 3905 1318 3976 unigenitus
1347 3905 1433 3958 Dei
1453 3905 1635 3968 Filius,
1653 3919 1771 3958 emn
1795 3921 1898 3957 non
1921 3915 2064 3959 esset

483 3978 639 4049 homo
683 3995 843 4047 purus
866 4019 881 4044 ,
909 3981 994 4049 qui
1037 3980 1334 4049 humanam
1359 3977 1592 4049 suscepit
1619 3976 1894 4049 naturam?
1919 3976 2063 4043 Quo-

479 4048 616 4100 niam
640 4044 814 4104 autem
845 4044 1049 4118 nuptias
1076 4048 1479 4118 nominavimus,
1501 4047 1626 4099 utile
1650 4054 1730 4118 est
1751 4054 1806 4097 ut
1832 4044 2064 4101 breviter

477 4119 814 4173 ostendamus
839 4162 854 4187 ,
882 4115 1035 4189 prout
1081 4121 1209 4173 dant
1251 4117 1405 4172 nobis
1433 4131 1659 4189 sensum
1691 4115 1884 4189 bonum
1914 4119 2058 4189 Scri-

479 4199 661 4253 ptunu.
691 4184 955 4260 quomodo
984 4193 1173 4244 anima:
1203 4189 1384 4243 lideles
1407 4187 1616 4241 Christo
1640 4185 1704 4260 in
1718 4184 1802 4238 die
1832 4185 2056 4260 il_lojun-

474 4260 658 4326 gcudzc
692 4255 834 4324 sunt,
878 4263 1086 4316 interim
1131 4275 1268 4313 nunc
1294 4259 1643 4326 deSpousatzn.
1669 4255 2058 4326 Omnebonum

474 4325 589 4383 viva
619 4331 905 4385 substantia
929 4342 1028 4393 est.
1047 4343 1101 4386 et
1126 4333 1227 4385 vita
1251 4340 1350 4390 est,
1377 4325 1478 4382 vita
1498 4338 1673 4380 autem
1690 4336 1766 4380 est
1793 4325 2054 4382 Christus.

473 4401 641 4454 Omne
657 4412 830 4455 :mtcm
858 4405 1051 4456 malum
1073 4403 1187 4457 sine
1209 4399 1496 4453 substantia
1515 4407 1615 4459 est,
1636 4406 1690 4449 et
1707 4394 1830 4449 nihil
1856 4407 1958 4450 οδε.
1984 4397 2056 4452 Ita

473 4470 724 4540 quidquid
755 4474 928 4526 vivum
971 4483 1206 4526 creatum
1255 4479 1339 4524 est
1375 4484 1534 4540 Sttp~_-r
1560 4477 1768 4540 terram
1795 4506 1810 4530 ,
1841 4481 1904 4519 ex
1951 4470 2053 4522 vita

475 4537 756 4615 vivit.iN_ec
785 4544 926 4598 cnim
957 4552 1130 4615 potest
1153 4557 1270 4615 esse
1298 4537 1494 4608 aliquid
1515 4539 1722 4615 vivum,
1746 4537 1794 4590 in
1823 4552 1928 4606 quo
1950 4553 2052 4592 non

470 4611 537 4664 sit
562 4613 778 4681 spiritus
806 4609 1043 4668 νίιεοξΕχ
1072 4613 1210 4665 malo
1239 4619 1413 4663 autem
1439 4609 1581 4663 nulla
1604 4622 1832 4681 res_esse
1859 4616 2049 4681 potest.

472 4678 604 4736 Cum
631 4699 754 4738 vero
785 4685 952 4747 ipsum
982 4685 1178 4736 malum
1207 4682 1335 4734 nihil
1363 4683 1450 4735 sit.
1478 4678 1744 4746 quomodo
1776 4687 1948 4744 potest
1973 4678 2055 4730 fa-

469 4766 590 4805 cere
622 4770 730 4806 rem
772 4756 998 4824 aliquam
1030 4753 1191 4807 esse?
1221 4753 1421 4804 Tamen
1456 4749 1684 4824 perdere
1718 4758 1891 4824 potest
1913 4789 1928 4811 ,
1957 4750 2050 4803 sed

471 4839 574 4876 non
604 4826 773 4892 ipsum
804 4819 997 4878 malum
1028 4825 1212 4892 perdet
1241 4838 1351 4876 rem
1374 4862 1386 4881 ,
1415 4821 1506 4874 sed
1537 4819 1605 4873 de
1633 4819 1717 4872 illa
1745 4834 1834 4892 re,
1867 4821 2050 4892 inqua

468 4901 552 4946 est
595 4889 828 4960 malum,
858 4889 1117 4948 subtrahit
1154 4912 1210 4947 se
1257 4895 1447 4946 bonum
1497 4901 1710 4958 propter
1755 4889 2052 4960 inhabitans

472 4963 667 5016 tnalnnt
699 4968 747 5018 in
773 4959 832 5018 ea
861 4985 873 5020 :
898 4976 950 5019 et
976 4967 1052 5019 sic
1081 4967 1220 5020 bono
1249 4963 1528 5017 recedente
1549 5003 1562 5024 ,
1597 4975 1679 5012 res
1706 4959 1848 5012 vadit
1874 4959 1938 5011 ad
1971 4961 2052 5013 ni-

472 5033 828 5106 hiltnmErgo
857 5053 964 5100 res,
990 5037 1039 5090 io
1071 5052 1172 5106 qua
1197 5034 1590 5106 solumbonum
1613 5041 1711 5093 est,
1745 5030 1857 5106 viva
1885 5039 1939 5106 ct
1960 5030 2055 5106 im-

469 5103 708 5176 mortalis
737 5099 817 5158 est
842 5109 928 5176 :in
958 5123 1058 5176 qua
1087 5099 1264 5160 autem
1292 5118 1343 5157 et
1367 5104 1560 5157 bonmn
1593 5111 1644 5154 et
1669 5099 1863 5176 malum
1895 5100 2049 5176 habi-

469 5183 563 5239 tat,
592 5174 718 5246 vivit
745 5170 989 5244 quidem,
1012 5189 1186 5230 tamen
1216 5190 1312 5246 pro
1339 5184 1584 5246 temporc
1600 5180 1812 5246 propter
1839 5170 2049 5246 inhabi-

471 5255 586 5298 tans
607 5240 823 5306 bonum,
846 5240 1066 5299 moritur
1087 5240 1260 5301 autem
1288 5240 1500 5313 propter
1518 5240 1813 5295 inhabitans
1831 5242 2045 5305 malmn,

469 5324 520 5368 et
551 5325 632 5369 cst
663 5331 749 5371 res
778 5318 1034 5377 mortalis,
1064 5318 1199 5369 sicut
1229 5318 1407 5369 homo.
1439 5314 1606 5366 llomo
1635 5323 1810 5366 autem
1842 5313 1959 5365 ideo
1983 5327 2046 5364 ex

470 5386 607 5440 bono
629 5399 679 5442 et
703 5387 839 5441 malo
855 5396 1062 5440 creatus
1084 5399 1184 5450 est,
1201 5395 1256 5440 ut
1278 5392 1589 5454 contempto
1621 5384 1779 5444 tualo,
1799 5390 2050 5454 sequatur

469 5461 685 5523 bonum,
711 5468 762 5514 ct
788 5474 880 5529 per
910 5457 1008 5510 hoc
1035 5457 1224 5511 habeat
1253 5450 1528 5529 electionis
1552 5450 2048 5529 mercedem.‘Qupd

467 5529 511 5581 si
541 5522 847 5600 etttttetttpiti
877 5529 1046 5590 bono,
1067 5538 1322 5600 sequutus
1349 5527 1505 5580 fuerit
1523 5526 1728 5600 _t_ua_lum
1752 5564 1765 5586 ,
1798 5522 2050 5600 suscipiet

467 5615 589 5654 cum
625 5595 854 5674 anet-nus
885 5595 1156 5674 interitus.
1173 5599 1226 5674 Si
1261 5609 1436 5650 autem
1462 5637 1476 5659 ,
1504 5595 1723 5648 dimisso
1753 5595 1924 5674 malo,
1957 5607 2045 5671 se.-

470 5681 665 5743 quuttts
717 5671 873 5725 l‘ucrit
922 5671 1113 5743 bonum
1140 5709 1153 5733 ,
1201 5669 1254 5722 in
1298 5678 1468 5720 morte
1510 5675 1707 5743 natura
1729 5669 1900 5743 carnis
1931 5669 2046 5743 ejus

475 5741 701 5794 solvetur
726 5744 790 5795 ab
817 5742 957 5795 omni
985 5741 1124 5796 malo
1155 5755 1167 5791 :
1201 5748 1253 5795 et
1281 5751 1400 5791 cum
1427 5736 1746 5792 resurrectio
1775 5734 1908 5788 l'acta
1939 5734 2046 5786 tuc-

1809 267 2002 337 '()PUS
2043 280 2524 339 ιδιιιειιιτιίρτωι

3687 297 3777 352 εῡο

2212 393 2279 473 rit
2306 404 2644 473 sanctorum,
2677 404 2810 473 tunc
2828 398 3071 473 suscipiet
3109 415 3227 473 eum
3254 400 3362 454 sitia
3392 403 3493 455 vita
3519 445 3532 462 ,
3563 421 3677 473 qua-
3702 421 3778 461 est

2208 463 2480 537 Christus,
2508 475 2558 518 et
2607 463 2985 523 mortalitatem
3016 471 3127 537 ejus
3160 472 3209 524 in
3259 486 3350 525 sita
3392 463 3777 531 immor'talitate

2206 533 2512 606 absorbebit
2541 554 2553 589 :
2586 546 2640 590 et
2669 538 2802 590 sicut
2831 533 3092 592 desiderat
3117 541 3326 606 Paulus,
3348 554 3403 595 ut
3440 545 3664 598 moruile
3688 547 3782 598 hm-

2205 603 2597 680 absttrbeatura
2621 608 2725 680 vita
2751 608 2836 673 (1.
2867 607 2982 661 Car.
3013 611 3095 664 15.
3121 612 3188 665 54
3204 612 3244 680 ),
3277 603 3331 664 ut
3362 626 3487 666 tunc
3511 615 3782 680 impleatur

2206 674 2493 752 Scriptura,
2516 693 2673 752 quam
2703 677 3077 752 interpretatur
3097 674 3232 752 idum
3261 685 3534 744 apostolus
3559 674 3766 752 z'Erunt,

2204 743 2384 825 inquit,
2424 743 2614 825 (Ιηοήὶξι
2661 764 2812 801 carne
2841 743 2950 825 una
2994 751 3086 821 (Ι.
3120 751 3234 825 Cor.
3277 743 3333 825 6ἶ
3379 754 3442 807 16
3537 743 3772 825 γΩΙΙι-ζειιιξ

2203 816 2346 892 enim
2369 830 2487 868 cum
2511 818 2706 892 anima,
2739 821 2885 886 quasi
2919 816 3052 892 unus
3072 823 3285 889 Spiritus
3312 816 3502 887 factus,
3534 824 3774 879 habitabit

2205 887 2456 962 intuearne
2488 887 2759 962 universa.
2809 887 3267 962 secundum'quod
3299 893 3496 946 dictum
3525 904 3606 947 est
3634 912 3648 946 :
3683 899 3774 962 Qui

2203 953 2524 1032 παρέρρει-,δε
2557 956 2776 1032 Domino
2801 1000 2815 1022 ,
2855 961 2997 1032 quasi
3043 953 3173 1014 unus
3217 965 3422 1031 spiritus
3445 975 3521 1017 est
3553 953 3770 1032 (Ibidem

2203 1037 2252 1104 ti.
2435 1025 2583 1104 Nune
2605 1029 2748 1080 enim
2779 1025 2926 1097 quasi
2975 1032 3207 1104 modicas
3234 1025 3422 1086 arrltas
3450 1025 3608 1087 futuri
3651 1052 3772 1088 con-

2197 1094 2329 1172 iugii
2379 1094 2905 1172 Spiritt_tm_sanctum
2923 1102 3240 1172 accepimus,
3265 1110 3388 1156 tunc
3407 1114 3588 1156 autem
3614 1106 3772 1172 ipsmn

2203 1165 2470 1219 Christum
2519 1167 2725 1235 plenius
2772 1171 2821 1222 in
2863 1171 3013 1223 nobis
3049 1165 3383 1226 habebimus.
3426 1175 3482 1226 5.
3539 1165 3772 1228 Et'misit

2201 1249 2367 1314 servos
2392 1252 2507 1288 suos
2534 1251 2708 1290 vocare
2748 1239 2977 1314 invitatos
3012 1245 3088 1314 _ad
3109 1243 3354 1314 nuptias.
3394 1244 3544 1314 iErgo
3573 1249 3775 1312 quando

2203 1304 2345 1384 misit
2373 1319 2556 1360 servos
2573 1321 2714 1384 _s_uo_s
2733 1350 2756 1384 ,_
2777 1307 2886 1376 jam
2921 1310 3144 1384 invitati
3168 1304 3336 1365 erant.
3389 1304 3628 1366 Primum
3655 1332 3774 1384 ergo

2200 1373 2469 1451 dicamus,
2496 1376 2715 1451 q_oid_sit
2741 1373 2912 1451 ipsum
2942 1382 3261 1436 convivium.
3280 1384 3552 1444 Secundo,
3571 1373 3774 1451 quando

2199 1455 2322 1522 sunt
2346 1446 2565 1498 invitati.
2608 1447 2835 1522 Tertio,
2865 1451 3074 1522 quando
3115 1453 3276 1519 cmpit
3323 1446 3630 1522 prcharare
3656 1472 3776 1508 con-

2201 1513 2414 1585 vivium,
2429 1524 2482 1569 et
2497 1517 2707 1585 quando
2723 1519 2862 1572 misit
2881 1513 3515 1577 imitatores-Prandium
3538 1527 3678 1578 enim
3699 1536 3773 1579 est

2197 1581 2434 1663 doctrina
2460 1581 2708 1663 justitiam
2755 1599 2810 1642 et
2852 1589 3010 1663 verba
3055 1592 3343 1646 exlesnum
3395 1597 3766 1663 mysteriorum

2199 1651 2266 1706 de
2297 1654 2428 1727 Filio
2460 1656 2555 1710 Dei
2588 1668 2831 1712 venturo.
2865 1660 2992 1726 Qua:
3021 1663 3194 1714 omnia
3228 1651 3488 1717 mandens
3517 1665 3692 1727 homo,
3722 1667 3767 1720 id

2195 1734 2296 1788 est,
2319 1726 2556 1789 audiens,
2577 1728 2799 1793 acquirit
2819 1730 2917 1782 sibi
2941 1731 3096 1784 vitam
3119 1742 3392 1786 a-tcrnam.
3419 1733 3606 1788 Multas
3629 1726 3764 1788 enim

2196 1795 2540 1875 proprietates
2577 1796 2948 1875 habet_scrmo
2980 1801 3046 1854 ad
3079 1817 3274 1856 escam.
3314 1802 3466 1857 Sicut
3505 1805 3638 1858 enim
3679 1807 3763 1874 qui

2193 1866 2432 1943 tnittit__in
2461 1883 2520 1920 os
2541 1883 2692 1943 suum
2723 1869 3075 1943 fragmentum
3099 1875 3265 1940 panis,
3293 1885 3386 1927 aut
3404 1866 3764 1943 qualemcum-

2191 1948 2293 2014 que
2313 1936 2750 2014 cibum,_primum
2775 1936 2922 1993 uiolit
2943 1957 3060 1994 cum
3087 1936 3353 2009 dentibus,
3375 1936 3438 1997 et'
3463 1946 3531 1998 ita
3560 1945 3767 2000 dimittit

2190 2008 2242 2057 in
2295 2008 2630 2062 stomachum
2660 2027 2672 2061 :
2699 2011 2778 2066 sic
2817 2019 2871 2063 et
2909 2027 3027 2065 cum
3052 2015 3293 2067 audimus
3320 2008 3483 2069 Omne
3512 2016 3763 2078 verbum,

2189 2088 2409 2154 necesse
2439 2089 2521 2132 est
2550 2079 2735 2154 ipsum
2760 2081 3000 2154 meditari
3030 2083 3079 2134 in
3111 2099 3202 2137 ore
3250 2099 3440 2137 sensus
3465 2126 3480 2146 ,
3525 2097 3578 2138 et
3621 2091 3765 2154 quasi

2187 2145 2498 2218 quibusdam
2531 2145 2794 2212 dentibus,
2823 2151 2871 2203 id
2901 2161 3000 2214 est,
3030 2155 3338 2206 tractatilms
3365 2145 3589 2218 molere,
3619 2145 3671 2210 et
3695 2159 3765 2208 vi-

2185 2213 2313 2270 dere
2349 2217 2472 2286 quid
2497 2219 2744 2296 estquod
2771 2222 2918 2284 dicit,
2961 2213 3051 2296 aut
3086 2224 3224 2296 unde
3246 2225 3394 2287 dicit,
3429 2237 3527 2296 aut
3559 2213 3767 2296 propter

2185 2298 2341 2364 quam
2374 2303 2484 2364 rem
2505 2288 2650 2364 dicit.
2676 2289 2805 2364 Nam
2831 2293 3271 2360 quemadmodum
3315 2288 3758 2364 qualemcumque

2184 2355 2384 2422 cibum,
2429 2359 2527 2412 nisi
2556 2355 3010 2414 masticaverimos
3049 2355 3464 2426 dentibusfnon
3508 2355 3760 2419 sentimus

2182 2439 2427 2502 saporem
2471 2429 2624 2502 ejus:
2657 2432 2725 2502 ita
2769 2441 2823 2484 et
2865 2433 3082 2486 verbmn
3128 2435 3265 2502 quod
3321 2435 3611 2501 audimus,
3666 2439 3760 2490 nisi

2184 2498 2635 2572 masticavcrimus
2657 2501 2824 2572 ipsum
2849 2498 3206 2556 tractantes'in
3234 2505 3406 2568 nobis,
3440 2521 3547 2558 non
3578 2498 3762 2572 possu-

2182 2581 2300 2618 mus
2326 2568 2622 2638 intelligere
2647 2571 2892 2626 virtutem
2923 2573 3066 2626 verbi
3097 2575 3253 2626 illius.
3284 2573 3414 2627 Nam
3463 2587 3517 2628 et
3545 2568 3757 2634 manna.

2180 2638 2320 2709 quod
2350 2640 2605 2692 edebatur
2631 2642 2680 2694 in
2713 2657 2914 2708 eremo,
2947 2644 3163 2709 figuram
3192 2645 3415 2698 habebat
3438 2647 3606 2699 verbi.
3640 2648 3762 2700 Idm

2179 2707 2453 2783 dicebatur
2490 2726 2699 2783 manna.
2732 2713 2872 2780 quod
2903 2707 3282 2782 interpretatur
3327 2714 3614 2774 llebraice.
3636 2719 3761 2783 quid

2178 2787 2257 2829 est
2288 2777 2425 2832 hoc?
2455 2791 2510 2852 ut
2537 2777 3004 2852 quotien§cnmquc
3034 2777 3278 2838 audimus
3303 2785 3546 2850 verbum,
3575 2777 3758 2840 admo-

2178 2857 2299 2925 quit
2328 2851 2622 2925 nosipsum
2656 2867 2846 2925 nomen
2877 2851 3165 2922 requirere,
3196 2855 3320 2924 quid
3351 2866 3432 2908 est
3461 2856 3582 2918 hoc.
3615 2863 3751 2925 quod

2175 2919 2453 2993 audimus?
2482 2921 2547 2973 Et
2585 2923 2718 2974 sicut
2747 2924 2921 2976 cibum
2952 2919 3228 2993 pustquatu
3265 2919 3718 2980 masticaverin'tus
3737 2971 3752 2992 ,

2175 2989 2487 3066 dimittimus
2527 2993 2576 3044 in
2602 2989 2991 3066 stomachum}
3028 2989 3102 3047 ita
3130 3005 3184 3048 et
3216 2997 3432 3049 verbum
3477 2989 3753 3066 postquam

2175 3060 2772 3135 benetractaverimus,
2801 3065 3234 3119 commendamus
3269 3067 3442 3135 ipsum
3478 3060 3753 3121 memoria.-

2171 3131 2322 3206 quasi
2367 3133 2660 3206 stomacho.
2695 3132 2842 3206 ⁸Νειηι
2890 3131 3334 3204 quemadmodum
3382 3153 3486 3190 nou
3538 3139 3750 3206 prodest

2171 3203 2321 3254 cibus
2344 3243 2359 3267 ,
2394 3203 2491 3257 nisi
2520 3218 2640 3256 cum
2690 3203 2846 3257 fuerit
2888 3207 3225 3270 masticatus.
3255 3215 3311 3260 et
3340 3207 3389 3260 in
3418 3203 3745 3262 stomachum

2171 3272 2525 3344 descenderit,
2559 3275 2635 3344 sic
2661 3288 2764 3328 non
2795 3275 3002 3344 prolicit
3028 3276 3092 3329 ad
3123 3277 3349 3331 salutem
3375 3278 3611 3338 verbum,
3645 3279 3744 3332 nisi

2169 3357 2288 3396 cum
2317 3342 2469 3397 fuerit
2499 3342 2866 3398 iutellectuiﬁct
2890 3347 3158 3400 memoria:
3181 3348 3452 3402 traditum.
3481 3348 3603 3401 Nam
3631 3365 3739 3400 sic-

2171 3421 2230 3466 ut
2253 3412 2402 3468 cibus
2430 3413 2560 3467 nihil
2592 3415 2826 3482 prodest,
2853 3415 2896 3470 si
2929 3416 3446 3483 manducavcrimus,
3473 3427 3520 3470 ct
3544 3422 3730 3470 iterum

2169 3483 2462 3566 evomitnus
2490 3501 2613 3539 eum
2643 3485 2716 3566 de
2731 3485 3002 3566 stomacho
3023 3504 3035 3540 :
3060 3487 3135 3541 sic
3163 3488 3294 3566 nihil
3317 3489 3379 3566 _in
3397 3489 3550 3566 nobis
3570 3488 3732 3566 prmi-

2169 3563 2251 3607 est
2279 3554 2497 3608 verbum
2521 3595 2535 3620 ,
2578 3555 2717 3624 quod
2763 3555 3004 3610 audimus
3025 3597 3041 3623 ,
3072 3568 3125 3610 et
3167 3557 3531 3612 obliviscimur
3571 3554 3736 3610 illico.

2167 3624 2349 3690 Cibus,
2373 3626 2461 3694 qui
2491 3626 2542 3678 io
2572 3626 2850 3680 Stomacho
2874 3636 2996 3690 stat,
3027 3628 3114 3681 ille
3136 3628 3404 3682 eout'orut
3428 3646 3441 3680 :
3467 3637 3520 3682 et
3542 3642 3742 3688 sermo.

2167 3694 2256 3766 qui
2289 3695 2338 3747 in
2366 3697 2619 3766 memoria
2639 3705 2857 3766 manet,
2893 3697 2978 3750 ille
3005 3699 3189 3752 salvat.
3224 3698 3377 3754 Unde
3405 3709 3458 3752 et
3485 3699 3624 3766 apud
3646 3697 3742 3751 in-

2165 3765 2312 3818 dicos
2342 3765 2429 3819 illa
2455 3765 2701 3819 animalia
2731 3777 2846 3820 sunt
2876 3768 3090 3832 munda,
3118 3784 3234 3835 qua:
3264 3765 3738 3828 revocanticibutu,

2166 3845 2219 3889 et
2243 3836 2511 3889 rutninant
2541 3835 2716 3904 (Deut.
2748 3837 2831 3890 H.
2857 3838 2936 3905 6).
2963 3839 3098 3905 Ergo
3121 3839 3315 3892 animal
3338 3839 3468 3892 illud
3490 3848 3572 3891 est
3592 3855 3740 3890 mun-

2165 3906 2311 3968 dum,
2331 3906 2468 3974 quod
2495 3907 2736 3960 masticat
2764 3917 2817 3961 et
2845 3908 3001 3961 tradit
3029 3918 3197 3967 utero,
3215 3921 3264 3962 et
3289 3911 3479 3963 iterum
3500 3910 3568 3962 de
3595 3918 3742 3961 utero

2166 3987 2407 4041 revocat,
2439 3985 2492 4030 et
2532 3979 2780 4031 ruminat.
2819 3978 2882 4031 Et
2927 3976 3084 4031 homo
3124 3979 3210 4032 ille
3243 3988 3327 4032 est
3367 3980 3656 4047 spiritualis
3686 3989 3740 4032 et

2164 4056 2399 4112 sanctus,
2439 4047 2526 4116 qui
2557 4048 2779 4102 audiens
2812 4049 3028 4101 verbum
3062 4056 3265 4105 tractat.
3298 4058 3355 4102 ct
3376 4065 3499 4102 cum
3531 4050 3735 4102 intelle-

2165 4117 2321 4182 xerit,
2353 4117 2622 4170 memorize
2647 4119 2793 4186 quasi
2827 4126 2976 4171 utero
3007 4119 3180 4181 tradit,
3214 4131 3264 4172 et
3305 4120 3497 4172 iterum
3529 4120 3597 4173 de
3624 4134 3737 4170 me-

2165 4188 2330 4240 moria
2361 4189 2508 4256 quasi
2545 4187 2611 4240 de
2637 4197 2789 4241 utero
2819 4198 3031 4242 remeat
3053 4229 3066 4248 .
3099 4198 3150 4243 et
3179 4190 3437 4245 ruminat.
3468 4200 3520 4242 et
3562 4200 3744 4241 retra-

2162 4268 2289 4310 ctat.
2323 4257 2412 4310 Ille
2437 4269 2612 4311 autem
2645 4258 2802 4312 homo
2835 4260 3134 4312 immundus
3160 4271 3240 4312 est
3278 4269 3402 4312 ante
3435 4259 3620 4320 Deum,
3648 4263 3736 4314 oui

2166 4342 2268 4398 non
2315 4328 2928 4398 recordaturaliquando
2948 4371 2962 4391 ,
2991 4344 3085 4382 nec
3125 4337 3372 4382 retractat
3398 4332 3542 4398 quod
3568 4330 3730 4382 audit.

2161 4396 2260 4464 Qui
2287 4395 2770 4468 :nttemmantiucat
2798 4399 2863 4452 de
2884 4399 3141 4467 Spirituali
3168 4395 3456 4461 comitio,
3491 4400 3735 4468 impletur

2161 4468 2346 4534 Spit‘illl
2368 4467 2662 4538 ,dilatatur
2689 4469 2959 4538 sensibus,
2991 4471 3216 4522 nutritur
3247 4471 3296 4522 in
3326 4467 3587 4530 veritate,
3619 4486 3733 4538 pm-

2159 4538 2364 4608 goescit
2388 4537 2438 4589 in
2460 4537 2582 4599 fide,
2606 4547 2658 4592 et
2677 4537 2754 4591 sie
2779 4537 3067 4608 ingreditur
3086 4539 3148 4591 ad
3174 4540 3423 4593 interiora
3452 4539 3736 4592 voluntatis

2162 4607 2252 4678 lilei
2275 4649 2290 4672 ,
2321 4618 2375 4662 et
2409 4623 2628 4678 manens
2659 4610 2707 4660 in
2749 4607 3088 4678 eis’aeqmrit
3125 4610 3223 4662 sibi
3265 4611 3426 4662 vitam
3457 4621 3730 4664 aeternam.

2158 4677 2257 4742 Qui
2283 4689 2458 4730 autem
2489 4677 2556 4728 ab
2588 4677 2686 4731 hoc
2713 4677 2954 4731 convivio
2979 4681 3120 4734 verbi
3162 4681 3317 4747 longe
3344 4679 3502 4733 fuerit
3533 4679 3699 4733 factus
3718 4722 3733 4741 ,

2158 4759 2444 4800 evacuatur
2471 4748 2688 4818 spiritu,
2716 4759 3024 4816 angustatur
3060 4750 3305 4802 sensibus
3329 4793 3340 4806 .
3371 4749 3554 4803 delicit
3581 4769 3611 4801 ει
3644 4767 3734 4801 vc-

2159 4818 2314 4872 ritate
2338 4859 2352 4879 ,
2392 4819 2609 4871 distittat
2650 4834 2678 4870 a
2723 4819 2824 4871 title
2845 4861 2858 4880 ,
2891 4831 2945 4871 et
2977 4821 3053 4872 sic
3089 4820 3368 4887 egrediens
3394 4821 3464 4873 ab
3490 4822 3737 4873 omnibus

2158 4889 2515 4941 voluntatibus
2537 4889 2624 4941 llei
2652 4889 2716 4942 ad
2749 4888 3016 4952 inferiora,
3043 4890 3328 4942 novis~itne
3349 4890 3491 4943 cadit
3514 4891 3567 4943 in
3593 4907 3738 4942 mor-

2159 4967 2284 5013 tem.
2305 4958 2527 5024 Quando
2547 4970 2669 5012 sunt
2695 4959 2936 5028 invitati?
2959 4959 3014 5012 In
3036 4970 3272 5027 tempore
3295 4960 3544 5021 Abrahic,
3569 4975 3737 5028 quiau-

2155 5029 2231 5082 do
2253 5029 2388 5082 dixit
2414 5029 2478 5082 ad
2509 5045 2628 5082 eum
2653 5029 2795 5100 Deus
2824 5046 2836 5080 :
2868 5027 2966 5081 Exi
2991 5030 3053 5080 de
3077 5039 3209 5081 terra
3229 5040 3314 5082 tua
3335 5071 3347 5090 ,
3379 5040 3426 5082 el
3455 5031 3517 5082 de
3543 5027 3736 5100 cogito;

2156 5100 2288 5152 tione
2316 5108 2420 5160 ινα,
2445 5108 2490 5150 ct
2512 5100 2617 5151 veni
2643 5099 2693 5151 in
2723 5108 2904 5150 terrain
2929 5117 3077 5166 quam
3104 5100 3192 5152 tibi
3217 5098 3644 5154 demonstravero.
3668 5098 3734 5152 Et

2155 5186 2353 5222 omnem
2382 5178 2584 5234 terram,
2617 5185 2978 5236 quamcumque
3013 5171 3229 5239 tetigeris
3259 5170 3468 5239 pedibus
3495 5173 3617 5231 tuis,
3649 5170 3734 5219 tibi

2155 5240 2284 5292 dabo
2320 5255 2460 5300 eam,
2489 5249 2535 5290 et
2569 5240 2744 5291 semini
2770 5249 2855 5290 tuo
2878 5241 2930 5291 iu
2963 5237 3201 5293 wteriium
3236 5237 3401 5307 (Ceu.
3433 5240 3520 5295 12.
3561 5242 3610 5293 ι.
3640 5241 3670 5290 '2
3691 5247 3726 5301 l.

2155 5310 2322 5374 Quam
2368 5309 2606 5362 terram?
2645 5308 2863 5363 Terram
2903 5311 3214 5363 orientalem
3235 5350 3250 5370 ,
3284 5309 3538 5363 ﬂuentem
3573 5310 3651 5362 lac
3675 5319 3732 5361 et

2156 5380 2280 5432 mel.
2306 5379 2459 5444 Quod
2487 5395 2664 5431 verum
2697 5395 2798 5432 non
2827 5389 2910 5432 est
2935 5380 3000 5432 de
3031 5388 3174 5433 terra
3203 5381 3288 5432 illa
3331 5381 3529 5433 Judzea!
3551 5420 3565 5435 .
3598 5396 3727 5447 (ιιιυο

2155 5449 2295 5503 niam
2326 5450 2409 5502 illa
2450 5457 2586 5502 terra
2630 5465 2913 5518 numquam
2960 5451 3107 5503 ﬂuxit
3146 5450 3280 5504 lacte
3315 5461 3368 5504 et
3405 5451 3558 5502 melle
3586 5488 3603 5510 ,
3637 5447 3730 5500 sed

2158 5531 2350 5572 terram
2385 5520 2778 5584 rationabilem,
2807 5535 2967 5588 quam
2992 5519 3238 5574 Christus
3276 5523 3526 5588 suscepit.
3565 5521 3636 5588 lie
3663 5523 3728 5568 i2-

2157 5591 2255 5643 lios
2284 5590 2424 5644 enim
2455 5590 2811 5642 incarnatione
2852 5590 2929 5642 Iac
2967 5601 3021 5642 et
3061 5592 3160 5642 tnel
3208 5587 3595 5658 process-emat.
3627 5587 3725 5640 Lac

2154 5661 2293 5713 enim
2326 5675 2460 5729 opus
2486 5669 2566 5712 est
2607 5659 2976 5712 miraculorum
2999 5701 3012 5723 ,
3043 5663 3292 5726 quoniam
3319 5671 3368 5712 et
3405 5663 3518 5712 sine
3553 5659 3724 5709 labore

2156 5731 2415 5795 dentium,
2439 5737 2490 5784 ct
2517 5746 2634 5785 cum
2665 5732 2919 5785 suavitate
2944 5731 3258 5792 comeditur,
3288 5747 3380 5800 per
3405 5730 3541 5800 quod
3570 5729 3724 5780 rudes
