4050 6200
557 234 659 293 885

559 360 670 404 tum
696 389 712 415 ,
739 345 823 402 vel
847 355 981 414 opus
1007 341 1133 415 ligni
1159 349 1251 415 aut
1279 340 1443 408 ferri,
1470 341 1648 396 villam
1676 341 1853 415 colere
1878 342 2146 411 videmur,

559 360 670 404 tum
696 389 712 415 ,
739 357 823 402 vel
847 357 981 414 opus
1007 357 1022 396 l
1081 358 1133 396 ni
1159 357 1251 396 aut
1279 357 1405 396 lel'l'l
1428 382 1443 408 ,
1470 357 1648 396 vniam
1676 357 1853 412 sciere
1878 357 2146 411 videmur,

559 419 609 473 id
639 428 756 481 est,
787 426 1005 470 terram.
1028 357 1260 480 ιδιιειηίιο
1301 422 1478 467 autem
1521 428 1629 467 non
1672 411 1854 467 labore
1893 429 2147 469 manuum

561 498 886 550 nostrarum,
919 483 1013 540 sed
1045 483 1199 537 aliter
1228 484 1372 537 lucra
1398 498 1733 553 quocumque
1767 482 1929 538 modo
1953 499 2146 539 consc-

557 559 792 628 quimur,
814 564 998 626 utputa
1021 553 1255 628 honores
1274 568 1485 628 gerere,
1505 563 1561 607 ut
1583 553 1778 628 divitiae
1803 565 2148 628 permaneant

557 623 712 682 alicui
733 668 750 691 ,
777 623 1122 680 ant'mercari
1143 663 1160 691 ,
1189 640 1350 678 omne
1378 623 1478 678 hoc
1510 627 1796 695 neg0tiatio
1819 625 2141 694 appellatur.

559 697 775 754 Duobus
801 711 930 767 ergo
955 695 1134 751 verbis
1167 710 1328 767 omne
1359 711 1493 765 opus
1526 695 1814 750 humanum
1853 696 2142 767 conclusit,

558 769 674 824 sive
713 765 995 821 honestum
1018 807 1034 832 ,
1063 767 1178 820 sive
1211 765 1569 820 inhonestum.
1609 767 1901 836 Honestum
1930 766 2144 836 quidem

558 855 694 908 opus
721 847 805 894 est
830 838 966 892 villae
994 836 1198 890 cultura
1226 855 1238 890 :
1262 837 1400 890 sicut.
1421 837 1495 890 ait
1518 836 1770 908 Salomon
1797 854 1810 889 :
1835 835 1957 908 Non
1980 837 2144 891 oderis

558 907 798 963 rusticani
819 908 1180 976 operationem,
1203 917 1249 960 et
1270 908 1633 976 agriculturam
1655 907 1714 961 ab
1734 907 1993 962 Altissimo
2013 924 2144 960 crea-

557 990 664 1033 tam
685 978 875 1051 (Eccli.
905 979 957 1032 7.
988 978 1098 1051 16).
1123 977 1496 1051 EtApostolus
1514 979 1752 1051 hortatur
1777 995 1789 1031 :
1812 977 1956 1051 Rogo
1977 987 2144 1051 autem

557 1065 665 1114 vos,
695 1048 912 1122 fratres,
942 1049 1166 1122 studium
1201 1048 1380 1122 habere
1407 1049 1602 1122 quietis,
1637 1059 1683 1103 et
1699 1049 1896 1122 negotii
1927 1048 2139 1122 pmprii,

557 1131 606 1176 et
632 1119 875 1191 operandi
905 1120 1134 1191 manibus
1162 1120 1355 1191 vestris,
1381 1128 1426 1172 et
1451 1119 1645 1191 nullum
1673 1119 1977 1191 desiderium
2000 1121 2062 1171 sit
2089 1119 2142 1171 in

559 1187 694 1247 vobis
719 1193 786 1245 ad
813 1208 898 1245 eos
919 1191 1005 1259 qui
1035 1189 1160 1260 foris
1183 1199 1302 1244 sunt
1339 1190 1416 1257 (ί.
1456 1187 1634 1243 Thess.
1662 1190 1714 1243 4.
1749 1188 1837 1258 lt)
1869 1207 1880 1241 :
1910 1190 2140 1245 inhone-

557 1273 699 1318 stum
738 1272 821 1317 est
853 1264 996 1317 enim
1031 1259 1168 1329 apud
1200 1261 1366 1314 Deum
1411 1274 1545 1328 opus
1587 1259 1960 1328 negotiationis
1982 1300 1999 1324 ,
2028 1262 2140 1315 sive

557 1334 860 1404 dignitatis,
893 1333 1004 1386 sive
1031 1331 1254 1384 militiae.
1287 1330 1440 1404 unde
1452 1329 1602 1404 nihil
1642 1330 1831 1404 horum
1863 1342 2016 1404 antea
2047 1330 2142 1385 Ju-

557 1401 658 1459 tlaéi
689 1404 946 1472 agebant,
988 1411 1204 1469 propter
1229 1401 1372 1470 quod
1411 1401 1539 1472 dicit
1577 1402 1833 1469 propheta
1867 1418 1879 1453 :
1911 1401 2007 1472 Qui
2038 1418 2139 1455 non

557 1470 785 1543 cognouit
811 1472 1189 1544 negotiationes
1212 1513 1228 1544 ε
1265 1470 1484 1544 intrabit
1519 1472 1588 1544 in
1641 1473 1908 1544 potentias
1931 1471 2140 1544 Domini

556 1541 726 1612 (Paul.
761 1543 848 1598 70.
881 1541 970 1613 {5)
1003 1561 1015 1596 :
1049 1543 1168 1613 quia
1199 1541 1416 1613 difficile
1441 1543 1562 1610 quis»
1601 1543 1875 1611 negotians
1902 1543 2060 1596 intrat
2087 1543 2137 1598 in

558 1631 776 1686 regnum
821 1612 1095 1669 (sclerum.
1126 1612 1170 1686 Ο
1192 1612 1527 1686 miserrimus
1572 1614 1800 1686 mundus
1820 1653 1838 1678 ,
1867 1623 1922 1668 et
1958 1613 2138 1686 miseri

556 1682 644 1756 qui
677 1701 798 1740 eum
829 1683 1158 1756 sequuntur!
1187 1682 1575 1756 Semperﬂcnim
1619 1683 2138 1756 liomines‘mnndia-

556 1753 621 1808 lia
652 1771 814 1826 opera
840 1755 1232 1826 excluserunta
1253 1754 1380 1826 vita.
1407 1753 1675 1826 Sedforte
1695 1755 1845 1826 dicis,
1864 1754 1936 1826 Et
1957 1754 2136 1810 villam

553 1823 732 1881 colere
773 1834 1047 1894 peccatum
1093 1824 1212 1879 est?
1255 1823 1325 1877 Et
1367 1825 1410 1878 si
1450 1824 1663 1893 quidem
1702 1825 2137 1893 impedimentum

557 1897 699 1960 tidei,
732 1905 823 1950 aut
847 1894 1118 1966 religionis
1144 1894 1236 1947 tibi
1261 1909 1366 1948 non
1397 1895 1520 1966 facit
1548 1896 1693 1961 villa,
1724 1895 1868 1966 sicut
1887 1895 2013 1952 fecit
2037 1896 2136 1950 Ju-

553 1967 706 2028 daiis,
737 1982 842 2020 non
869 1965 1030 2020 habes
1057 1973 1328 2034 peccatum
1359 1981 1372 2018 :
1400 1965 1446 2019 si
1472 1972 1648 2020 autem
1676 1967 1759 2021 vel
1787 1982 1818 2020 a
1845 1965 1975 2032 ﬁde,
1995 1968 2076 2020 vel
2103 1983 2135 2021 a

556 2038 809 2107 religione
837 2036 930 2090 tibi
958 2035 1082 2090 facit
1122 2035 1577 2104 impedimentum,
1609 2038 1668 2090 tit
1697 2046 1992 2106 peccatum.
2020 2037 2133 2093 Non

552 2123 682 2178 ergo
708 2109 819 2176 ipse
845 2107 996 2178 villae;
1009 2107 1186 2162 cultus
1211 2115 1487 2175 peccatum
1517 2117 1618 2171 est,
1643 2109 1738 2162 sed
1763 2115 1819 2161 tu
1844 2108 2135 2178 praeferen-

553 2176 763 2233 ilo'eam
797 2179 906 2233 Deo
931 2215 946 2241 ,
973 2176 1106 2232 facis
1141 2192 1259 2232 eam
1300 2192 1419 2232 esse
1458 2186 1753 2246 peccatum.
1780 2176 1952 2247 opera
1989 2180 2132 2234 enim

554 2260 734 2304 nostra
765 2248 1070 2303 authentico
1089 2288 1106 2313 ,
1135 2262 1296 2319 opera
1326 2256 1449 2302 sunt
1475 2249 1693 2318 justitiai
1721 2266 1734 2302 :
1766 2263 1927 2319 opera
1953 2259 2132 2305 autem

550 2323 783 2376 carnalia
812 2318 1311 2388 superoperationes
1335 2319 1585 2373 dicuntur
1606 2361 1624 2384 ,
1651 2334 1757 2373 non
1785 2318 1948 2388 Opera
1967 2361 1980 2383 ,
2010 2322 2131 2390 quia

546 2391 750 2459 justiti:
774 2390 839 2443 ad
863 2391 1022 2444 vitam
1045 2397 1300 2443 attentam
1325 2391 1552 2458 pertinet
1574 2403 1775 2454 veram,
1798 2405 1933 2460 opus
1952 2402 2131 2445 autem

553 2471 822 2516 terrenum
853 2476 958 2514 non
989 2460 1054 2514 ad
1090 2461 1287 2524 vitam,
1319 2459 1414 2514 sed
1443 2461 1508 2514 ad
1537 2459 1979 2516 sustentationem
2009 2463 2130 2516 vitae

551 2531 708 2599 hujus
737 2532 1066 2600 temporalis.
1104 2531 1226 2584 Ideo
1255 2546 1382 2601 ergo
1411 2545 1546 2600 opus
1574 2531 1791 2599 justitia:
1820 2541 2020 2586 attente
2049 2533 2128 2586 fa-

546 2616 671 2658 cere
699 2604 958 2658 debemus
977 2643 992 2667 ,
1022 2615 1156 2671 opus
1183 2609 1358 2655 autem
1405 2611 1672 2656 terrenum
1720 2603 2040 2658 transitorie.
2073 2603 2129 2658 Si

545 2689 678 2745 ergo
706 2673 986 2727 honestum
1017 2687 1151 2745 Opus
1165 2672 1452 2745 sequendo
1493 2673 1738 2729 homines
1766 2673 2004 2727 debitum
2034 2674 2130 2728 lio-

547 2742 731 2799 trorem
760 2745 869 2798 Deo
898 2760 1002 2798 non
1047 2742 1430 2807 reddiderunt,
1473 2746 1633 2798 talem
1674 2747 1804 2799 iram
1834 2755 2124 2799 merentur.

547 2816 705 2871 l'utas
727 2856 741 2880 ,
775 2814 913 2881 quali
947 2815 1020 2868 ira
1050 2824 1174 2868 sunt
1202 2813 1342 2884 digni
1369 2855 1385 2882 ,
1417 2813 1508 2884 qui
1540 2831 1642 2869 non
1676 2816 1893 2870 honesta
1923 2831 2082 2884 opera
2107 2857 2124 2880 ,

544 2887 636 2942 sed
670 2886 1050 2957 negotiationes
1081 2885 1389 2957 sequendo,
1433 2902 1536 2939 non
1567 2887 1788 2940 veniunt
1812 2886 1890 2957 ad
1921 2886 2084 2939 Deum
2103 2887 2128 2939 ‘i

544 2963 648 3012 Aut
692 2956 782 3010 ita.
821 2957 950 3010 Villa
990 2966 1072 3010 est
1100 2956 1198 3010 iste
1225 2957 1482 3021 mundus,
1512 2959 1650 3011 circa
1682 2972 1839 3027 quem
1883 2956 2127 3011 homines

540 3037 808 3083 amatores
851 3026 1032 3081 mundi
1078 3038 1405 3096 occupantur
1445 3026 1735 3097 qua-subus
1774 3031 1924 3092 ejus,
1973 3027 2124 3096 quasi

541 3100 678 3153 tillie
715 3097 990 3167 cujusdam
1026 3098 1284 3152 reditibus
1311 3098 1597 3163 delectati;
1631 3100 1916 3168 negotiatio
1946 3107 2140 3153 autem.

541 3171 848 3239 pr:i~dieatio
888 3169 1054 3240 legis,
1088 3179 1144 3224 et
1180 3169 1484 3239 procuratio
1527 3171 1742 3239 templi,
1781 3186 1938 3240 quam
1980 3169 2122 3240 avari

540 3241 846 3295 sacerdotes
873 3239 1024 3309 quasi
1051 3240 1460 3310 negotiationem
1487 3241 1772 3302 amtimant,
1805 3239 2016 3309 quando
2045 3239 2124 3294 lu-

537 3323 750 3365 crosam
772 3353 785 3370 .
821 3318 874 3362 et
903 3325 1007 3362 non
1037 3309 1488 3378 dispensationem
1519 3311 1680 3364 divini
1707 3312 1888 3380 operis
1915 3321 2119 3380 putant,

540 3391 594 3433 et
626 3395 729 3434 non
757 3393 1059 3452 onerosam.
1097 3383 1234 3452 [ergo
1263 3395 1358 3448 per
1386 3383 1751 3450 operationem
1770 3382 1919 3452 rvilla:
1952 3398 2122 3452 popu-

541 3452 680 3505 lares
725 3449 1089 3518 significantur
1130 3449 1402 3512 homines,
1426 3449 1579 3518 quos
1616 3451 1798 3505 mundi
1838 3449 2122 3508 delectatio

537 3522 806 3590 separavit
833 3533 861 3572 a
889 3519 1103 3592 Christo
1127 3535 1140 3572 :
1172 3534 1271 3592 per
1291 3522 1654 3592 operatiOnem
1681 3530 1858 3576 autem
1883 3523 2123 3592 negotia-

540 3592 699 3645 tionis
744 3590 1382 3663 sacerdotescmterique
1425 3591 1650 3663 ministri
1691 3593 1870 3663 templi
1915 3590 2120 3663 signiti-

538 3671 727 3716 cantur
748 3703 765 3728 ,
787 3676 922 3731 quos
947 3662 1080 3716 lucri
1107 3661 1325 3714 obtentu
1360 3662 1636 3716 venientes
1665 3662 1731 3716 ad
1763 3661 2117 3720 ministerium

538 3733 671 3802 legis
695 3742 749 3787 et
775 3733 992 3802 templi,
1025 3731 1540 3803 avaritiaseparavit
1569 3748 1597 3785 a
1628 3733 1752 3788 fide.
1797 3735 1915 3788 Non
1942 3736 2072 3790 dixit
2099 3777 2114 3803 ,

536 3800 801 3874 Malignati
831 3800 989 3870 sunt,
1037 3803 1130 3858 sed
1152 3843 1184 3874 ,ν
1216 3800 1562 3873 Neglemerunt
1585 3819 1604 3857 :
1641 3806 1766 3873 quia
1793 3819 1898 3859 non
1930 3800 2122 3862 omnes

534 3873 704 3930 .lnduéi
731 3875 1108 3929 cnteitixerunt
1130 3873 1400 3930 Christum
1421 3914 1437 3939 ,
1469 3889 1568 3928 nec
1597 3877 1877 3930 mulierum
1915 3877 2116 3932 doctri-

537 3960 657 3998 nam
680 3945 866 4014 ipsius,
895 3956 984 3999 aut
1004 3953 1392 4000 consenserunt
1412 3945 1464 3998 in
1488 3955 1713 3999 mortem
1733 3946 1868 4013 ejus.
1893 3948 2115 4013 Quidam

535 4017 683 4070 enim
707 4015 1050 4069 saecularibus
1082 4016 1304 4086 negotiis
1324 4016 1596 4086 occupati,
1627 4031 1731 4069 non
1760 4029 2024 4072 venerunt
2047 4018 2115 4073 ad

538 4086 807 4156 Christum
827 4127 841 4148 ,
877 4101 973 4138 nec
1004 4085 1285 4141 audierunt
1311 4085 1606 4140 doctrinam
1657 4087 1823 4156 ipsius
1844 4129 1858 4151 ,
1913 4102 2012 4144 nec
2039 4091 2118 4143 vi-

534 4155 730 4212 derunt
775 4157 1033 4211 mirabilia
1081 4158 1232 4225 ejus,
1280 4157 1504 4226 ideoque
1549 4172 1652 4210 non
1679 4155 2114 4216 feredideruntiu

533 4237 676 4300 enni.
696 4228 794 4300 Qui
818 4238 946 4296 ergo
965 4227 1087 4281 odio
1103 4236 1192 4281 aut
1208 4227 1403 4300 invidia
1424 4227 1796 4300 crucitiserttnt
1815 4227 2110 4300 Christum,

535 4299 608 4352 illi
641 4298 908 4419 inalignati
936 4306 1059 4351 sunt
1087 4315 1100 4352 :
1131 4298 1220 4366 qui
1247 4307 1424 4352 autem
1451 4298 1676 4367 negotiis
1701 4298 1934 4368 impediti
1965 4298 2117 4370 sunt,

536 4386 640 4419 non
666 4383 772 4419 cret
797 4367 1006 4419 iderunl
1031 4385 1045 4419 :
1076 4369 1150 4419 illi
1182 4369 1478 4419 nealexisse
1504 4369 1751 4419 dicuntur
1770 4410 1784 4419 .
1816 4385 1920 4419 non
1953 4372 2112 4419 mali-

536 4386 640 4422 non
666 4367 1045 4422 crediderunt:
1076 4369 1150 4421 illi
1182 4369 1478 4437 neglexisse
1504 4367 1789 4432 dicuntur,
1816 4385 1920 4423 non
1953 4367 2112 4426 mali;

532 4440 697 4509 gnati.
727 4437 859 4492 Nam
885 4447 1010 4491 sunt
1034 4439 1247 4509 quidam
1272 4438 1543 4509 homines,
1568 4439 1658 4508 qui
1691 4451 1912 4508 possunt
1937 4449 1991 4495 et
2019 4457 2114 4498 au-

534 4508 647 4563 dire
667 4518 721 4563 et
745 4509 993 4573 credere,
1018 4509 1110 4563 sed
1129 4508 1428 4564 sollicitudo
1456 4523 1632 4563 rerum
1652 4512 2073 4566 necessariamm
2094 4555 2109 4579 ,

532 4591 584 4635 et
605 4579 885 4634 delecmtio
913 4579 1092 4633 mundi
1124 4589 1334 4650 separat
1360 4593 1453 4650 eos
1472 4593 1505 4650 7a
1539 4581 1668 4646 Deo,
1697 4595 1830 4648 quos
1859 4583 2113 4640 Dominus

535 4663 726 4705 terrain
760 4652 1028 4720 spinosam
1059 4651 1308 4720 appellat.
1356 4649 1408 4704 6.
1459 4649 1658 4717 Reliqui
1697 4663 1810 4704 vero
1849 4661 2118 4709 tenuerunt

529 4737 694 4775 servos
724 4722 867 4792 ejus,
901 4730 944 4774 et
985 4723 1287 4775 contumelia
1327 4720 1535 4792 affectos
1581 4721 1886 4792 occiderunt.
1920 4723 2001 4778 De
2014 4739 2110 4781 sua

531 4801 702 4846 morte
729 4791 900 4858 tacet,
928 4794 1047 4860 quia
1069 4794 1176 4861 jam
1207 4792 1259 4846 in
1292 4791 1453 4860 priori
1480 4791 1724 4861 parabola
1746 4791 1949 4846 dixerat
1974 4812 1988 4846 :
2016 4799 2111 4851 sed

529 4862 760 4916 ostendit
812 4875 1037 4917 mortem
1088 4864 1480 4934 discipulorum
1511 4877 1768 4934 suorum,
1813 4877 1945 4931 quos
1991 4875 2112 4934 post

529 4947 809 4987 ascensum
841 4934 1023 5001 ipsius,
1052 4931 1360 4988 occiderunt
1383 4931 1573 4995 Judmi,
1595 4933 1824 4987 maxime
1863 4931 2112 4990 sacci-dou

531 5005 632 5068 tes,
675 5002 999 5074 Stephanum
1041 5006 1353 5074 lapidantes,
1380 5005 1431 5056 in
1461 5002 1642 5058 Jacobi
1671 5012 1843 5074 morte
1871 5005 2110 5069 gauden-

531 5081 610 5126 tes
642 5090 654 5125 :
689 5074 812 5125 item
841 5072 1330 5147 λιιρθὺιιῃῖᾼιριιωῇ
1373 5074 1667 5147 Ιςφίαωιιθε
1697 5073 1844 5143 (Act.
1878 5075 1940 5147 7ἒ
1967 5077 2106 5147 1‘2):

532 5153 748 5212 propter
772 5158 888 5210 tum:
915 5145 1090 5198 omnia
1120 5145 1414 5199 Jerusalem
1456 5145 1722 5199 destructa
1751 5155 1832 5200 est
1857 5160 1886 5198 a
1916 5145 2108 5202 Roma—

530 5215 629 5266 nis.
679 5213 804 5266 ldco
831 5213 959 5266 dicit
985 5232 996 5266 :
1031 5216 1083 5267 'l.
1115 5215 1339 5269 Audiens
1381 5227 1545 5270 autem
1571 5232 1660 5270 rex
1683 5257 1698 5279 ,
1732 5217 1893 5270 iratus
1919 5227 1990 5271 est
2013 5234 2031 5271 :
2061 5229 2106 5273 et

530 5285 660 5339 misit
691 5286 959 5338 exercitum
987 5301 1164 5346 suum,
1190 5295 1236 5339 et
1272 5287 1491 5353 perdidit
1521 5287 1800 5340 homicidas
1823 5288 1938 5341 illos
1962 5298 2007 5341 et
2033 5292 2106 5342 ci-

527 5357 700 5409 titates
729 5371 900 5408 eorum
930 5356 1202 5409 succendit.
1255 5356 1526 5411 Romanus
1569 5358 1866 5422 exercitus,
1913 5358 2107 5414 dicitur

529 5426 799 5498 egcrcitus
823 5425 913 5480 Dei
941 5427 1105 5498 :__quia
1138 5424 1343 5498 Domini
1362 5439 1434 5498 est
1459 5438 1589 5480 terra
1607 5467 1621 5494 ,
1646 5437 1690 5480 et
1713 5429 1968 5496 plenitudo
1997 5431 2103 5498 ejus

530 5495 695 5555 tPsal.
722 5495 813 5551 25.
847 5498 921 5567 i).
949 5495 1057 5551 Nec
1085 5497 1227 5552 enim
1255 5497 1530 5552 venissent
1558 5498 1781 5552 lioinani
1813 5499 1864 5552 in
1889 5495 2104 5554 Jerusa-

529 5567 656 5631 lem,
680 5567 780 5620 nisi
804 5568 1058 5622 Dominus
1083 5583 1175 5623 eos
1190 5570 1491 5622 excitasset.
1509 5568 1732 5634 Quidam
1757 5579 2104 5626 autem-exer-

526 5637 689 5708 citum
713 5637 928 5708 angelos
945 5638 1090 5703 dicit,
1111 5648 1162 5692 ct
1177 5639 1442 5693 civitatem
1469 5654 1564 5707 pro
1577 5639 1780 5694 civibus
1795 5642 1938 5708 ponit
1958 5657 2045 5703 ;ae
2057 5643 2102 5697 si

527 5705 697 5760 dicat:
723 5707 864 5762 Misit
885 5709 1103 5779 angelos
1128 5725 1272 5776 suos,
1297 5719 1352 5766 et
1374 5705 1517 5766 cives
1542 5710 1662 5766 illos
1683 5705 1825 5764 misit
1848 5711 1900 5765 in
1925 5709 2100 5781 ignem

1793 230 1966 289 OPUS
2005 230 2486 288 inesni‘ecruu
3603 257 3670 316 εδδ

2258 353 2536 399 internum.
2555 341 2609 399 8.
2629 342 2840 422 Et_dia:it
2863 343 3013 422 seruis
3025 345 3124 400 suis
3142 363 3158 402 ε
3176 347 3223 404 9.
3238 348 3304 406 Its
3317 354 3373 407 ad
3385 357 3510 412 exitus
3521 361 3658 422 rima

2255 424 2301 468 et
2328 430 2667 496 quoscumque
2687 415 2972 496 inveneritis
2994 457 3009 477 ,
3028 429 3205 496 _vocate
3238 425 3296 473 ad
3318 429 3496 496 nuptias.

2253 495 2394 564 stum
2417 493 2499 539 est
2523 485 2756 564 quidem,
2773 487 2907 564 quia
2925 493 3041 555 post
3051 485 3678 564 contemptamcontinuarint;

2252 554 2554 637 .ludarorum
2576 596 2591 620 ,
2621 555 2691 637 de
2737 554 3016 637 vocatione
3044 554 3272 615 Gentium
3293 563 3416 637 dicit,
3439 554 3656 637 quod

2251 625 2333 706 [te
2355 616 2856 709 ad‘exitus‘viarum.
2897 627 3171 709 Propterea
3196 616 3696 709 requirit—uiuidus-

2252 696 2353 768 viae
2383 699 2495 749 istre
2537 736 2552 760 ,
2585 703 2639 768 et
2669 696 2734 750 ad
2775 696 3188 766 quarum'exitus
3215 696 3340 757 misit
3361 696 3553 762 Christus
3572 696 3677 768 disci:

2250 767 2405 852 pulos
2434 780 2587 852 suos.
2604 767 2746 852 ‘Pu‘tp
2773 781 2901 852 ergo
2929 771 3170 852 quoniam
3198 772 3548 852 sicutgenrralzs
3566 767 3680 852 etpo.

2250 835 2386 912 blira
2415 838 2496 891 via
2540 840 2622 892 est
2664 836 2906 912 Christus
2927 835 2961 903 ,’
2988 853 3104 907 quae
3129 840 3263 896 ducit
3287 835 3362 897 ad'
3376 845 3532 912 vitam,
3555 862 3594 904 et
3619 835 3684 910 iis:

2249 907 2498 983 dicuntur
2532 922 2720 983 omnes
2756 909 3156 983 prophetze,_et
3200 927 3366 968 omnes
3395 907 3600 983 apostoli:
3629 907 3684 980 ha

2248 979 2390 1050 enim
2416 991 2602 1032 omnes
2628 979 2725 1050 vite
2750 979 2950 1032 ducunt
2969 978 3033 1033 ad
3058 979 3334 1049 Christum,
3353 978 3546 1042 Christus
3560 978 3683 1050 sutorii

2247 1047 2313 1100 ad
2345 1048 2590 1103 Patrem:
2623 1049 2701 1102 sic
2729 1050 2987 1118 generalis
3014 1062 3066 1104 ct
3093 1053 3285 1120 publica
3313 1047 3382 1108 via
3406 1065 3473 1111 est
3493 1047 3664 1117 diabolus

2246 1133 2365 1188 qua:
2386 1119 2615 1193 d_u_cit_ad
2639 1111 2884 1193 mortem,
2909 1129 2962 1174 et
2981 1121 3076 1193 vite
3095 1111 3219 1178 sunt
3243 1136 3407 1179 omnes
3430 1111 3686 1193 proles—sione;

2247 1184 2426 1269 saeculi
2456 1189 2628 1269 istius.
2653 1184 2846 1269 Utputa
2867 1231 2880 1252 ,
2905 1191 3164 1269 professio
3190 1184 3518 1269 philosophiae,
3538 1215 3611 1254 una
3633 1184 3688 1260 est

2245 1258 2362 1312 via:
2397 1258 2656 1328 professio
2685 1258 2920 1324 militiae,
2942 1261 3106 1315 altera
3149 1258 3226 1318 est
3251 1265 3322 1318 via
3346 1285 3358 1318 :
3382 1258 3606 1324 mundialis
3631 1258 3686 1327 di;

2245 1329 2444 1397 gnitas,
2473 1331 2636 1402 alter}
2677 1341 2759 1385 est
2790 1330 2880 1402 ivia
2906 1349 2918 1384 :
2948 1331 3201 1400 professio
3227 1335 3464 1402 ludorum,
3488 1341 3609 1394 altera
3633 1346 3685 1399 ria

2245 1412 2328 1482 est
2354 1399 2556 1482 mundi.
2588 1399 2656 1455 Et
2680 1399 2978 1482 quid'plura
3007 1403 3208 1482 dicam?
3231 1406 3428 1472 Quanta:
3452 1399 3549 1482 sunt
3568 1412 3688 1467 diver-

2245 1467 2431 1525 sitates
2459 1482 2668 1551 actuum
2696 1467 2753 1526 in
2800 1467 3158 1551 lioc__m_undo,
3193 1467 3339 1530 tante
3365 1487 3470 1551 sunt
3492 1480 3590 1546 via,
3610 1498 3689 1551 qua:

2244 1557 2430 1618 omnes
2453 1543 2557 1618 vite
2576 1537 2777 1596 ducunt
2796 1543 2861 1618 ad
2881 1537 3180 1618 diabolum,
3205 1549 3471 1615 generalem
3489 1537 3590 1604 viain
3606 1537 3686 1618 pler;

2242 1611 2481 1685 ditionis.
2505 1611 2628 1685 ideo
2655 1628 2782 1685 ergo
2808 1613 2935 1685 dicit
2959 1633 2971 1667 :
3002 1613 3085 1669 Ite
3107 1617 3172 1669 ad
3196 1611 3343 1671 Exitus
3368 1619 3554 1685 viarum,
3575 1611 3687 1676 elen-

2236 1683 2454 1752 juslibet
2483 1679 2805 1738 conditionis
2834 1684 3078 1740 homines
3107 1699 3282 1742 vocate
3308 1688 3365 1740 ad
3393 1679 3687 1747 tidemflldbuc

2240 1755 2377 1808 sicut
2406 1754 2623 1825 castitas
2648 1755 2730 1808 via
2754 1764 2836 1808 est
2854 1797 2870 1820 ,
2897 1772 3015 1825 qua:
3044 1756 3187 1811 ducit
3215 1757 3276 1810 ad
3306 1757 3686 1823 Christuin,etmi-

2241 1824 2532 1879 sericordia
2553 1865 2567 1888 ,
2597 1824 3196 1888 czeteraique'virtutcs:
3239 1828 3311 1882 sic
3335 1837 3382 1882 et
3405 1830 3616 1886 fornitatio
3633 1835 3688 1886 n‘a

2239 1903 2323 1949 est
2345 1911 2508 1970 ,_qu'.e
2535 1891 2681 1970 ducit
2705 1895 2781 1970 ad
2802 1891 3071 1951 diabolum
3092 1939 3105 1960 ,
3135 1908 3198 1970 et
3214 1900 3411 1952 avaritia
3433 1941 3446 1965 ,
3469 1909 3692 1970 ceteraque

2237 1962 2443 2039 species
2481 1965 2656 2039 malm.
2697 1962 2857 2039 lubet
2881 1981 3011 2039 ergo
3039 1979 3097 2039 ut
3111 1962 3466 2039 cujuscumque
3488 1962 3694 2026 conversa-

2239 2035 2398 2090 tionis
2426 2035 2922 2111 bominesinvitent
2951 2035 3020 2092 ad
3050 2035 3206 2111 tidem
3225 2081 3239 2104 ,
3269 2035 3598 2111 quoscumque,
3618 2043 3698 2098 sive

2236 2121 2422 2161 servos
2445 2147 2462 2174 ,
2492 2122 2586 2162 seu
2633 2107 2849 2179 liberos.
2891 2104 3030 2164 Deus
3056 2110 3197 2165 enim
3225 2104 3521 2179 corporalem
3539 2113 3698 2166 sarritu-

2238 2185 2343 2252 tcin
2371 2193 2476 2252 non
2499 2178 2813 2252 contemnit,
2843 2194 2938 2233 nec
2963 2180 3289 2252 corporalem
3311 2178 3442 2252 eligit
3459 2181 3698 2237 libertatein.

2235 2248 2425 2320 Qinnis
2449 2249 2538 2318 qui
2581 2247 2779 2320 diaboli
2827 2247 3078 2320 sequitur
3113 2247 3449 2314 voluntatem,
3487 2261 3699 2307 sen'usest

2235 2316 2430 2390 diaboli
2455 2316 2478 2380 ,’
2501 2319 2601 2373 etsi
2631 2317 2700 2373 sit
2727 2318 2864 2374 liber
2893 2316 2919 2372 τ’
2955 2321 3046 2390 qui
3079 2332 3251 2377 autem
3291 2322 3482 2376 obaudit
3507 2321 3616 2386 Deo,
3638 2322 3697 2377 ille

2237 2404 2362 2470 vere
2403 2389 2658 2470 ingenuus
2686 2399 2802 2456 est,
2839 2390 2939 2444 etsi
2975 2389 3143 2470 fuerit
3181 2407 3375 2470 servus.
3414 2393 3700 2470 Ingenuiuitein

2233 2461 2374 2514 enim
2400 2459 2725 2531 spiritualem
2747 2476 2849 2512 non
2873 2461 3114 2516 sordidat
3133 2463 3348 2517 servitus
3366 2459 3618 2531 corporalis,
3634 2477 3702 2516 nec

2236 2530 2614 2602 turpitudinem
2638 2530 2962 2602 spiritualem
2985 2531 3235 2588 honestat
3253 2530 3511 2602 Corpora’lis
3529 2532 3699 2585 libertas.

2232 2599 2549 2672 Servitutem
2575 2599 2715 2672 enim
2742 2616 2847 2672 non
2878 2602 2967 2656 Dei
2993 2602 3290 2672 dispositio,
3316 2599 3400 2658 sed
3425 2605 3604 2656 humana
3627 2604 3704 2655 vio-

2233 2671 2393 2725 lentia
2423 2671 2726 2725 introducit.
2755 2670 2940 2740 Omnis
2960 2670 3106 2728 enim
3133 2674 3292 2728 homo
3314 2674 3433 2728 liber
3455 2683 3618 2726 creatus
3632 2682 3701 2732 est,

2230 2757 2386 2809 quem
2417 2743 2554 2796 Deus
2582 2741 2635 2814 in
2666 2741 2835 2814 libero
2860 2743 3086 2798 arbitrio
3114 2746 3318 2814 posuit,
3348 2745 3436 2798 nisi
3463 2744 3552 2811 ipse
3574 2742 3704 2796 ῐίςεετίι

2230 2826 2290 2866 sc
2315 2829 2548 2866 servum.
2579 2812 2642 2866 Et
2671 2813 2808 2866 sicut
2837 2829 2940 2868 non
2968 2824 3052 2868 est
3081 2812 3324 2868 distantia
3352 2815 3398 2868 in
3427 2825 3576 2867 natura
3596 2828 3703 2866 crea-

2236 2884 2395 2936 tionis
2426 2881 2730 2947 hominum,
2765 2885 2840 2938 sic
2881 2899 2984 2938 non
3019 2883 3079 2938 fit
3124 2885 3406 2940 differentia
3435 2885 3477 2938 in
3504 2885 3704 2936 vocatione

2229 2954 2416 3007 salutis
2435 2970 2622 3008 eorum
2643 2955 2902 3020 omnium,
2926 2955 3041 3010 sive
3065 2956 3422 3018 barbarorum,
3439 2956 3531 3008 sive
3551 2956 3702 3022 sapien-

2232 3032 2384 3096 tum;
2414 3025 2664 3096 quoniam
2694 3036 2879 3096 potens
2907 3035 2986 3080 est
3010 3027 3103 3081 Dei
3133 3029 3296 3096 gratia
3324 3027 3541 3079 barbaras
3561 3035 3706 3096 incolas

2228 3093 2497 3164 corrigere
2526 3094 2590 3147 ad
2619 3095 2980 3164 rationabilem
3006 3093 3350 3152 intellectum.
3379 3096 3466 3163 Qui
3484 3109 3556 3148 cor
3579 3093 3702 3147 Nabu-

2227 3162 2564 3220 chodonosor
2599 3162 2667 3219 ad
2711 3166 2927 3220 feralem
2969 3181 3192 3222 sensum
3234 3162 3469 3229 mutavit,
3503 3177 3546 3221 et
3572 3166 3702 3218 iterum

2228 3235 2446 3290 feralem
2497 3251 2711 3290 sensum
2761 3236 2831 3290 ad
2873 3237 3169 3292 humanum
3220 3238 3517 3292 intellecmm
3558 3234 3704 3289 reduxit

2230 3307 2247 3375 (
2272 3300 2405 3361 Dan.
2429 3308 2461 3361 4
2479 3305 2532 3377 )_,
2562 3315 2751 3375 potens
2777 3316 2860 3361 est
2880 3349 2896 3370 ,
2926 3309 3145 3377 inquam
3172 3349 3186 3371 ,
3216 3318 3414 3362 mutare
3437 3322 3604 3377 oumes,
3622 3305 3699 3357 sire

2225 3377 2399 3448 bonos
2418 3417 2434 3442 ,
2463 3374 2576 3448 sive
2605 3377 2774 3448 malos
2799 3396 2813 3430 :
2858 3379 2980 3432 boni
3004 3374 3081 3434 ine
3127 3389 3375 3448 pereant,
3405 3378 3510 3432 mali
3532 3387 3569 3430 ut
3590 3375 3696 3428 inex-

2224 3447 2487 3502 cusabilcs
2529 3445 2674 3520 fiant.
2704 3445 2872 3502 Nemo
2919 3445 3142 3518 prepter
3187 3450 3513 3520 ignorantiam
3544 3454 3697 3520 pereat,

2226 3533 2382 3572 nemo
2410 3527 2624 3586 prepter
2655 3513 3000 3586 ignorantiam
3025 3513 3338 3575 'excusétur.
3367 3517 3537 3574 Omnes
3550 3513 3705 3586 rideant

2224 3585 2438 3653 lumen,
2472 3585 2526 3640 ut
2551 3585 2874 3659 appareant,
2901 3591 2990 3659 qui
3018 3601 3200 3646 amant
3232 3592 3492 3653 tenebras,
3514 3598 3554 3641 et
3567 3585 3633 3655 qui
3646 3585 3708 3659 iu-

2223 3675 2368 3712 men.
2393 3659 2492 3726 Qui
2525 3654 2670 3711 enim
2697 3657 2835 3712 filius
2863 3654 2945 3714 est
2979 3663 3325 3716 tenebrarum
3345 3703 3358 3722 ,
3387 3659 3473 3714 etsi
3499 3654 3710 3722 conipeilas

2222 3745 2374 3794 eum,
2402 3746 2507 3782 non
2535 3728 2741 3800 accedit
2769 3730 2834 3782 ad
2864 3731 3043 3785 lumen
3068 3749 3084 3787 :
3118 3734 3209 3800 qui
3246 3744 3415 3786 autem
3445 3726 3711 3800 liliusestiu-

2221 3793 2410 3864 minis,
2435 3814 2532 3852 nec
2553 3799 2595 3851 si
2625 3801 2850 3867 repellas
2875 3816 2996 3855 eum
3016 3842 3032 3866 ,
3060 3793 3267 3857 recedit
3291 3819 3321 3856 a
3347 3804 3537 3855 lumine.
3561 3799 3627 3851 ii.
3645 3793 3712 3846 ln-

2222 3871 2368 3922 travit
2409 3880 2576 3923 autem
2601 3885 2718 3932 rex,
2752 3881 2804 3923 ut
2827 3870 3018 3925 videret
3049 3874 3428 3926 discumbentes.
3458 3869 3712 3923 lutraritau-

2222 3947 2325 4012 tein
2353 3939 2522 4004 Deus,
2551 3953 2654 4012 non
2681 3941 2800 4008 quia
2827 3953 2909 3996 est
2933 3943 3129 4012 aliquis
3155 3945 3303 3997 locus
3324 3942 3407 3997 ubi
3437 3956 3525 3996 non
3547 3939 3625 4002 sit,
3647 3934 3714 3988 sed

2220 4009 2309 4083 ubi
2356 4012 2467 4083 vult
2503 4010 2774 4083 aspicere,
2816 4011 2886 4066 ibi
2927 4014 2982 4065 fit
3019 4009 3265 4083 prmsens
3295 4033 3307 4066 :
3351 4013 3430 4066 ubi
3465 4020 3607 4083 autem
3641 4021 3714 4083 non

2218 4081 2329 4152 vult
2352 4120 2368 4146 ,
2391 4076 2594 4152 absens
2618 4080 2845 4152 videtur.
2883 4083 3004 4137 Dies
3020 4076 3187 4152 'eniin
3212 4082 3514 4152 aspectionis
3545 4086 3609 4152 est
3629 4076 3713 4130 dies

2215 4149 2402 4219 judicii
2421 4193 2437 4216 ,
2468 4151 2680 4220 quando
2705 4151 3014 4207 visitaturus
3036 4163 3124 4210 est
3145 4149 3492 4217 Christianos,
3512 4151 3584 4221 qui
3603 4160 3718 4221 super

2218 4235 2460 4276 mensam
2484 4219 2878 4290 Scripturarum
2905 4235 3215 4278 sanctarum
3242 4219 3551 4280 recumbunt,
3588 4219 3626 4290 id
3642 4224 3715 4276 est.

2218 4293 2558 4360 requiescunt
2597 4288 2649 4345 in
2679 4291 2780 4346 tide
2822 4308 3004 4348 earum
3030 4335 3046 4357 ,
3077 4303 3136 4349 et
3177 4293 3470 4350 etelestibus
3507 4288 3717 4358 epulantur

2217 4359 2630 4434 doctrinis.Aut
2659 4361 2776 4417 dies
2803 4365 3128 4434 aspcctionis
3170 4375 3256 4420 est
3295 4365 3405 4419 dies
3445 4359 3715 4434 mutationis:

2216 4433 2430 4502 quando
2465 4433 2711 4502 dignatur
2739 4428 2944 4489 tentare
2972 4434 3270 4488 Ecclesiam
3311 4448 3486 4493 suam,
3510 4441 3556 4484 ut
3591 4428 3717 4502 videat

2215 4499 2306 4626 gini
2338 4499 2545 4584 habent
2564 4503 2719 4584 tidem
2743 4543 2757 4565 ,
2786 4514 2848 4560 et
2880 4519 3042 4573 opera
3087 4504 3251 4575 digna
3275 4503 3462 4560 Christi
3484 4499 3716 4556 vocatione.

2267 4573 2464 4626 uotiale
2487 4582 2862 4626 vestimentum
2887 4584 2969 4626 est
2993 4573 3129 4626 fides
3155 4591 3282 4626 vera
3301 4617 3316 4626 .
3345 4589 3456 4626 una:
3481 4583 3552 4626 est
3573 4565 3716 4626 perle-

2267 4573 2862 4644 uptialeivestimcntum
2887 4565 2969 4629 est
2993 4573 3129 4630 fides
3147 4565 3282 4630 Vera
3301 4617 3316 4638 ,
3345 4589 3456 4644 qua}
3481 4583 3552 4644 est
3573 4565 3720 4644 perle-

2216 4636 2336 4715 s_uiii
2357 4641 2627 4715 Christum
2650 4652 2702 4698 et
2720 4645 2981 4711 justitiam
3000 4645 3154 4715 ejus:
3183 4645 3253 4700 de
3272 4636 3375 4714 qua
3392 4636 3720 4715 aitApostolus:

2217 4711 2516 4786 Exspatiata
2539 4729 2624 4768 vos
2651 4725 2862 4786 veterem
2891 4711 3152 4768 hominem
3174 4711 3302 4770 cunt
3319 4711 3611 4786 actibusfsuis
3627 4711 3720 4786 ,tﬂi

2217 4785 2555 4853 corrumpitur
2573 4785 2852 4857 secundum
2879 4785 3547 4857 concupiscentiani_erroris,
3567 4785 3720 4857 vatim:

2216 4865 2288 4907 tes
2306 4871 2392 4908 vos
2421 4849 2603 4908 novum
2627 4856 2901 4916 hominem,
2920 4858 3004 4918 qui
3025 4849 3312 4910 secundum
3335 4855 3488 4909 Deum
3507 4862 3659 4906 (τίσω
3673 4849 3722 4918 ξεῖ

2216 4925 2493 4999 injustitia,
2517 4937 2560 4999 ct
2579 4927 2844 4999 sanctitate
2856 4915 3074 4980 veritatis
3097 4925 3332 4999 (Coloss.
3356 4923 3405 4982 5.
3429 4926 3484 4999 9.Δ
3502 4922 3593 4990 10).
3613 4915 3721 4999 Ουοίξ

2213 4984 2343 5048 dicit
2365 5034 2380 5056 ,
2427 4984 2491 5066 In
2513 4997 2734 5066 justitia,
2770 4997 2836 5050 ad
2863 4984 3327 5052 conversationem
3364 4984 3596 5066 pertinet:
3621 4984 3720 5056 qm]

2213 5077 2391 5136 autem
2412 5064 2559 5130 dicit,
2587 5064 2655 5120 In
2683 5069 2946 5122 sanctitate
2968 5069 3194 5134 veritatis
3213 5110 3228 5135 ,
3252 5068 3318 5122 ad
3345 5064 3460 5122 ﬁdei
3487 5064 3720 5136 veritatem-

2218 5128 2683 5211 Yestimenta'ergo
2701 5139 2897 5192 veteris
2911 5132 3144 5211 hominis
3175 5128 3302 5194 sunt
3321 5153 3535 5211 pannosa
3549 5128 3723 5211 etsoitiif

2215 5207 2280 5262 da
2306 5221 2468 5275 opera
2487 5205 2681 5273 carnis,
2702 5210 3059 5277 corruptibilia
3079 5222 3136 5263 et
3165 5205 3457 5263 immunda:
3479 5205 3721 5274 vestimenta

2212 5287 2387 5330 autem
2415 5279 2536 5332 novi
2566 5278 2795 5332 hominis
2827 5289 2954 5334 sunt
2987 5280 3145 5333 fortia
3177 5289 3233 5335 et
3267 5280 3454 5334 decora
3488 5289 3624 5345 opera
3646 5282 3723 5345 spl'

2214 5348 2351 5402 ritus
2371 5387 2386 5411 ,
2418 5349 2831 5419 incorruptibilia
2862 5361 2916 5403 et
2941 5359 3148 5404 sancta.
3179 5348 3606 5419 Quemadmodum
3623 5350 3722 5417 num

2213 5419 2255 5470 si
2279 5417 2470 5490 aliquis
2490 5434 2610 5472 cum
2635 5417 2799 5490 nigris
2821 5420 3158 5475 vestimentis
3179 5423 3472 5475 inveniatur
3492 5418 3538 5471 in
3559 5420 3720 5490 nuptias

2211 5480 2448 5563 sordidat
2474 5480 2719 5563 gloriamv
2740 5493 3040 5563 nuptiarum
3074 5508 3089 5545 :
3137 5493 3209 5546 ita
3251 5503 3303 5546 et
3332 5495 3415 5560 qui
3443 5503 3590 5563 opera
3612 5480 3722 5534 ιιλιιει

2213 5561 2490 5614 tenebrosa
2512 5601 2527 5624 ,
2559 5569 2612 5614 et
2635 5561 2770 5616 inter
2794 5562 3126 5616 Christianos
3149 5564 3308 5624 quasi
3330 5578 3459 5615 unus
3477 5575 3535 5613 ex
3552 5561 3722 5624 signa?

2212 5642 2456 5684 versatur
2486 5619 2541 5694 ι’,
2577 5632 2672 5700 ipsi
2719 5631 3106 5686 Christianitati
3155 5619 3282 5688 facit
3328 5632 3571 5704 injuriaiu.
3597 5619 3719 5678 llouw

2277 5727 2289 5753 ¹
2328 5722 2464 5784 Apud
2487 5719 2711 5774 Conunel.
2735 5722 2932 5786 legitur,
2959 5729 3283 5776 conservatur.
