4052 6200
355 327 460 386 665

353 443 538 512 Itaque
557 449 650 496 aut
671 442 960 512 secundum
983 438 1154 492 locum
1173 436 1338 512 eligat
1363 443 1562 488 vestem
1580 473 1595 497 ,
1619 441 1710 512 aut
1734 446 1926 487 secun-

351 503 722 586 dutirvestem
744 511 902 586 eligat
927 510 1098 564 locum
1125 525 1136 559 :
1171 507 1221 560 id
1248 503 1349 568 est,
1377 515 1464 586 aut
1485 503 1776 586 secundum
1800 517 1928 579 ope-

351 597 408 636 ra
437 581 602 649 eligat
646 573 1024 648 professionem
1044 616 1060 644 ,
1093 586 1192 649 au_t_
1225 575 1515 649 secundum
1544 573 1928 649 professionem

353 641 718 718 faciatvopera.
741 649 840 717 Qui
867 649 975 702 vult
995 641 1112 701 esse
1137 645 1329 718 Christi
1352 687 1386 718 ,Α
1411 645 1566 718 faciat
1590 657 1749 712 Opera
1777 641 1928 697 Chri-

351 722 419 775 5ti
447 737 461 772 :
494 713 585 788 qui
613 713 790 773 autem
821 733 923 772 non
953 719 1061 771 vult
1087 731 1243 782 Opera
1265 713 1458 788 Christi
1489 715 1693 788 facere,
1713 729 1816 788 non
1841 727 1928 788 ie-

351 793 464 844 niat
488 783 553 843 ad
579 789 847 842 Christum
879 805 892 841 :
923 788 1154 854 alioquin
1185 785 1360 838 audiet
1390 785 1442 838 in
1469 784 1556 836 die
1581 783 1763 852 judicii
1789 801 1800 835 :
1837 783 1920 836 12.

351 861 546 922 Amice,
577 859 826 922 quomodo
849 860 946 909 huc
968 857 1164 910 intrasti
1188 872 1288 908 non
1308 856 1492 907 habens
1517 863 1697 907 vestem
1722 854 1925 922 nuptia-

351 930 494 984 lem?
521 937 576 982 et
621 930 968 982 nlunutescet.
1017 927 1111 979 llic
1154 927 1296 978 enim
1345 923 1718 979 abscondimus
1763 937 1919 992 opera

351 1010 561 1059 nostra,
593 1007 645 1052 et
679 999 901 1050 invicem
933 996 1088 1050 corda
1116 1005 1292 1048 nostra
1321 995 1592 1048 celamus:
1625 993 1678 1046 in
1711 992 1797 1045 illa
1825 1009 1917 1046 an-

350 1081 458 1125 tem
485 1070 574 1122 die
603 1069 730 1121 nihil
757 1075 841 1120 est
867 1066 1004 1134 quod
1035 1064 1451 1135 respondeamus
1469 1105 1483 1128 ,
1515 1063 1601 1117 ubi
1625 1063 1810 1116 caelum
1832 1104 1846 1126 ,
1869 1071 1924 1116 et

351 1151 490 1194 terra
514 1179 529 1201 .
561 1147 617 1192 et
639 1154 824 1204 aqme,
853 1137 931 1189 sol
961 1147 1015 1190 et
1045 1135 1165 1188 luna
1192 1175 1206 1198 ,
1237 1135 1353 1188 dies
1378 1145 1429 1188 et
1460 1143 1642 1188 noctes
1663 1172 1678 1196 ,
1704 1142 1757 1187 et
1779 1141 1921 1188 totus

348 1210 580 1263 nutndus
620 1209 779 1260 stabit
806 1206 1088 1259 adversum
1130 1219 1227 1257 nos
1257 1206 1306 1257 in
1341 1204 1702 1258 testimonium
1734 1217 1920 1270 pecca-

349 1292 526 1334 torum
573 1288 894 1331 nostrorum.
940 1275 1053 1330 Etsi
1099 1275 1274 1328 omnia
1309 1284 1548 1337 taceant,
1583 1285 1758 1327 tamen
1793 1274 1921 1340 ipsa:

347 1349 698 1420 cogitationes
727 1354 920 1420 nostra:
943 1385 959 1410 ,
990 1355 1044 1399 et
1066 1345 1176 1414 ipsa
1217 1360 1378 1412 opera
1411 1355 1587 1398 nostra
1619 1344 1920 1420 Specialiter

346 1415 562 1474 stabunt
578 1427 700 1470 ante
713 1416 896 1470 oculos
917 1425 1149 1480 nostros,
1165 1423 1472 1468 accusantes
1487 1425 1713 1468 nosante
1732 1415 1916 1478 lteum,

347 1492 562 1545 dicente
581 1487 840 1556 Apostolo
861 1505 874 1540 ε
897 1483 1294 1556 ﬂagitationibus
1311 1485 1534 1556 invicem
1551 1500 1605 1556 se
1618 1485 1887 1556 accusanti
1900 1513 1920 1525 ο

348 1563 442 1614 bus
461 1601 476 1624 ,
498 1569 584 1612 aut
609 1552 761 1611 etiam
781 1552 1155 1626 defendentibus
1170 1594 1185 1618 ,
1211 1555 1271 1626 in
1284 1555 1364 1626 die
1382 1570 1495 1605 cum
1516 1555 1756 1626 iudicabit
1785 1552 1917 1607 Deus

347 1622 547 1684 occulta
576 1622 866 1686 hominum,
896 1641 984 1690 per
1020 1623 1194 1677 Jesum
1235 1624 1486 1678 Christum
1525 1622 1797 1676 Dominum
1826 1640 1918 1677 no-

345 1711 508 1772 strum
541 1698 718 1772 (liam.
745 1695 800 1748 2.
831 1695 917 1748 15.
951 1694 1058 1772 1-6).
1097 1695 1178 1748 15.
1203 1693 1340 1772 Tunc
1364 1694 1486 1746 dicit
1509 1709 1600 1772 rex
1636 1693 1917 1772 ministris:

349 1770 526 1839 Ligale
550 1763 596 1821 ei
616 1781 795 1839 manus
818 1773 864 1818 et
890 1763 1038 1839 pedes
1059 1805 1071 1824 ,
1098 1774 1156 1839 et_
1170 1765 1347 1839 mittite
1373 1779 1482 1816 eum
1503 1763 1557 1839 iu
1580 1763 1804 1839 tenebras
1824 1779 1914 1816 ex-

344 1833 572 1895 teriores.
621 1837 769 1892 Sicut
793 1845 874 1890 est
897 1833 1190 1889 differentia
1215 1834 1499 1901 gloriarum
1528 1833 1580 1886 in
1609 1834 1806 1887 sanctis
1832 1849 1918 1886 se-

343 1910 580 1965 cundum
605 1921 766 1973 opera
785 1945 803 1966 .
825 1904 1032 1960 dicente
1055 1904 1310 1973 Apostolo
1334 1922 1347 1958 :
1372 1903 1536 1958 Stella
1562 1904 1692 1956 enim
1711 1919 1743 1955 a
1767 1901 1916 1973 stella

343 1979 518 2045 differt
539 1978 590 2030 in
605 1972 851 2038 claritate,
875 1975 946 2028 ita
965 1984 1011 2028 et
1031 1972 1326 2045 resurrectio
1347 1983 1655 2026 mortuorum
1680 1974 1698 2040 (
1719 1974 1765 2027 I.
1789 1972 1910 2030 Cor.

348 2043 434 2103 15.
458 2050 546 2102 41.
571 2047 670 2115 42)
695 2063 708 2099 :
739 2046 818 2100 sic
853 2059 1062 2115 quoque
1098 2043 1393 2115 ditl'erentia
1419 2053 1502 2097 est
1529 2052 1912 2115 tormentorum

343 2121 399 2172 in
447 2114 847 2188 peccaturibns.
873 2114 1009 2188 Sunt
1035 2114 1393 2188 enim_prima:
1423 2114 1657 2168 tenebrae
1684 2124 1738 2188 et
1763 2123 1916 2188 exte-

340 2183 512 2244 riores
532 2229 549 2251 ,
577 2199 630 2242 et
658 2185 927 2240 noriSsimi
969 2186 1134 2239 lacus.
1168 2184 1244 2239 Ex
1273 2199 1342 2240 eo
1377 2193 1552 2238 autem
1582 2183 1722 2252 quod
1748 2183 1908 2249 dixit,

344 2259 618 2329 Ingressus
638 2298 659 2329 ,7
683 2267 737 2310 ut
760 2265 1122 2310 remuneraret
1145 2254 1347 2329 amicos
1372 2271 1384 2308 :
1419 2269 1522 2308 non
1549 2265 1727 2329 autem
1754 2254 1907 2329 dixit,

337 2325 690 2397 Ctnigregavit
739 2342 830 2380 rex
873 2340 1059 2397 omnes
1095 2327 1183 2396 qui
1232 2333 1492 2397 venerunt
1542 2328 1608 2397 ad
1655 2325 1907 2397 nuptias:

337 2394 500 2452 datur
535 2394 764 2465 suspicio
789 2396 1083 2450 :estimandi
1108 2394 1127 2460 ζ
1158 2410 1223 2449 ne
1252 2394 1389 2450 forte
1414 2394 1554 2449 dicat
1583 2394 1684 2449 hoc
1710 2394 1778 2449 de
1804 2395 1911 2449 vin-

335 2470 480 2523 dicta
525 2468 729 2534 judieii.
763 2467 949 2520 Adhuc
986 2475 1196 2526 autem,
1226 2466 1348 2535 quia
1391 2481 1494 2519 non
1520 2465 1686 2528 dixit,
1720 2465 1908 2521 Mittite

335 2557 460 2594 eum
490 2541 539 2592 iu
570 2537 815 2592 tenebras
843 2536 1148 2600 inferiores,
1178 2545 1236 2589 ut
1261 2549 1353 2590 eas
1382 2536 1627 2590 tenebras
1658 2537 1905 2590 inferiora

336 2611 454 2664 loca
479 2609 666 2662 inferni
693 2608 1050 2661 a-stimemns:
1077 2607 1211 2675 sicut
1236 2605 1327 2668 ibi,
1356 2605 1422 2657 Et
1442 2607 1666 2675 eripuisti
1685 2607 1906 2660 animam

333 2696 501 2734 meam
525 2681 577 2731 in
597 2679 792 2747 inferno
813 2677 1040 2748 inferiori
1065 2677 1082 2743 (
1103 2674 1246 2729 Psal.
1262 2677 1359 2748 785.
1386 2675 1487 2744 15)
1510 2674 1523 2730 ἐ
1547 2676 1640 2729 sed
1665 2676 1734 2728 ita
1756 2677 1902 2748 dicit,

334 2751 404 2804 In
421 2749 646 2804 tenebras
657 2746 946 2802 exteriores.
971 2747 1110 2816 Ergo
1129 2747 1564 2816 quotiescumque
1583 2755 1749 2800 tentat
1769 2746 1904 2802 Deus

335 2822 631 2875 Iicclesiain
671 2833 842 2879 suam,
865 2827 918 2872 et
943 2817 1163 2886 ventilat
1187 2816 1484 2871 ventilabro
1501 2816 1707 2885 judicii,
1733 2817 1906 2886 ingre-

331 2892 479 2945 ditur
505 2889 568 2944 ad
597 2904 713 2944 eam
739 2928 755 2952 ,
785 2900 838 2940 ut
869 2883 1044 2941 videat
1088 2886 1478 2941 discumbentes
1503 2883 1594 2956 qui
1622 2895 1746 2940 sunt
1765 2883 1905 2950 {aut
1931 2936 1933 2938 .

332 2962 519 3030 quales
545 2969 665 3012 sunt
691 2976 705 3011 :
735 2957 958 3030 sigdigni
979 2967 1100 3011 sunt
1130 2958 1432 3030 ca-lcstihns
1455 2956 1670 3030 nuptiis,
1689 2967 1750 3030 et
1771 2972 1901 3011 con-

333 3027 475 3085 {is-io
502 3031 592 3083 illo
620 3031 756 3082 viro.
784 3029 850 3082 Et
872 3027 918 3082 si
949 3028 1210 3082 invenerit
1233 3028 1460 3097 aliquem
1487 3043 1591 3081 non
1619 3027 1901 3084 habentem

333 3111 535 3156 vestem
582 3100 906 3168 nuptialetn,
954 3098 1244 3152 secundum
1271 3113 1332 3153 ea
1361 3113 1480 3168 qua:
1519 3097 1779 3161 diximus,
1818 3101 1900 3153 in-

336 3180 570 3240 terrogat
599 3185 720 3225 eum
752 3171 802 3223 in
832 3169 1238 3240 cogitationibus
1276 3169 1387 3223 suis
1407 3210 1422 3230 ,
1467 3169 1604 3240 sicut
1645 3169 1898 3240 scriptum

331 3253 412 3296 cst
439 3260 451 3293 :
485 3237 614 3306 Quia
639 3246 690 3293 in
717 3237 1094 3310 cogitationibus
1119 3240 1262 3308 mtpii
1282 3239 1606 3308 interrogatio
1627 3239 1717 3310 erit
1739 3238 1898 3309 (Sap.

336 3315 387 3366 I.
420 3313 504 3378 9).
541 3312 602 3365 Et
643 3309 930 3379 interrogat
971 3325 1092 3364 eum
1117 3351 1131 3371 ,
1159 3310 1291 3379 Quae
1315 3319 1434 3364 sunt
1469 3325 1628 3376 opera
1657 3309 1753 3361 ista
1781 3326 1900 3378 qua:

331 3385 478 3451 agis?
504 3383 634 3446 Quia
662 3397 765 3433 non
797 3378 920 3434 sunt
947 3395 1105 3449 opera
1137 3378 1445 3451 Christiani.
1477 3379 1545 3451 Ut
1574 3379 1699 3448 quid
1732 3380 1900 3434 Iactus

331 3449 392 3506 es
414 3453 782 3516 Cill’ialiallus,
810 3451 854 3503 si
886 3452 997 3504 luce
1039 3465 1198 3519 Opera
1239 3449 1533 3520 diligebas?
1577 3451 1651 3506 Ita
1693 3460 1753 3504 ut
1793 3465 1899 3506 non

335 3523 526 3573 habeat
565 3521 688 3584 quid
727 3521 1045 3586 respondeat
1087 3529 1272 3575 contra
1313 3521 1691 3575 conscientiam
1721 3536 1897 3577 suam.

337 3591 400 3642 I-Zt
427 3590 566 3642 hunc
591 3604 717 3656 ergo
745 3590 899 3640 talem
927 3605 1046 3643 cum
1072 3591 1263 3644 viderit
1285 3591 1338 3644 in
1369 3591 1603 3644 Ecclesia
1630 3591 1892 3658 Christus,

330 3660 481 3729 jubet
529 3658 798 3729 latinisth
825 3671 968 3729 suos,
1018 3659 1069 3712 id
1109 3669 1230 3722 est,
1260 3661 1465 3727 aliquos
1493 3661 1709 3728 spiritus
1735 3662 1896 3714 sedn~

334 3726 589 3782 i-tionum.
621 3726 746 3780 Nam
777 3727 908 3799 mala
939 3743 1030 3794 per
1053 3729 1220 3782 malos
1241 3726 1456 3796 spiritus
1478 3726 1662 3783 reddet
1687 3748 1700 3782 :
1728 3731 1897 3799 qualis

336 3801 430 3852 l‘nit
474 3799 689 3869 spiritus
713 3796 942 3869 erroris,
969 3799 1296 3869 quetnmisit
1336 3799 1507 3869 Deus,
1537 3796 1898 3869 tttisedu‘ceret

335 3867 517 3923 Achab
540 3909 554 3931 ,
587 3869 722 3922 sicut
747 3867 1001 3934 scriptum
1033 3877 1115 3921 est
1141 3867 1190 3920 in
1236 3867 1391 3922 tertio
1419 3869 1553 3922 libro
1597 3868 1895 3936 Regnorum

333 3939 494 4010 (Cap.
514 3939 638 4010 22).
663 3937 753 3992 Vel
790 3937 961 4010 qualis
995 3945 1079 4010 est
1115 3937 1202 3991 illa
1235 3938 1473 4010 operatio
1492 3937 1709 4003 erroris,
1737 3953 1896 4008 quam

331 4007 478 4066 dabit
503 4011 581 4064 eis
611 4009 750 4062 Dens
771 4048 784 4068 ,
831 4007 917 4075 qui
946 4009 1220 4061 caritatem
1269 4007 1362 4061 Dei
1404 4023 1509 4061 non
1540 4007 1894 4075 acceperunt,

333 4092 389 4134 ut
408 4079 629 4134 credant
655 4078 949 4133 mendacio.
983 4077 1042 4132 Et
1071 4078 1236 4147 ligant
1259 4093 1445 4132 manus
1465 4077 1694 4132 hominis
1716 4079 1892 4134 illius:

333 4153 382 4206 id
411 4160 488 4205 est
509 4191 522 4213 ,
549 4164 708 4217 opera
741 4147 878 4217 ejus,
905 4164 1025 4216 quae
1054 4159 1171 4201 sunt
1201 4152 1392 4202 anitnte
1419 4164 1627 4210 manUs,
1656 4165 1772 4215 quze
1796 4149 1896 4203 hn-

330 4224 500 4276 mines
523 4221 716 4274 ret-tius
743 4218 1016 4272 tolluntad
1043 4217 1289 4273 tnandata
1319 4220 1428 4273 Dei.
1461 4219 1711 4288 Ligautet
1738 4220 1896 4287 pedes

328 4293 476 4361 ejus,
509 4290 557 4344 id
585 4298 701 4352 est,
734 4300 909 4342 motus
932 4290 1123 4342 anima:
1147 4289 1262 4361 ejus
1282 4330 1298 4354 ,
1328 4291 1519 4360 quibus
1561 4289 1734 4342 anima
1762 4291 1896 4361 solet

331 4359 577 4416 incedere
601 4369 656 4414 et
699 4361 925 4412 transire
949 4402 962 4420 ,
993 4375 1096 4413 non
1127 4359 1194 4413 de
1226 4360 1342 4413 loco
1369 4361 1434 4413 ad
1464 4361 1633 4412 locum
1652 4400 1665 4419 ,
1712 4360 1804 4414 sed
1831 4362 1898 4415 de

330 4433 471 4486 malo
495 4431 560 4484 ad
590 4430 810 4493 bontnn,
837 4430 917 4484 vel
942 4429 1010 4485 de
1036 4430 1174 4484 bono
1194 4430 1259 4482 ad
1283 4431 1476 4483 malum
1505 4448 1518 4484 :
1553 4430 1600 4482 id
1629 4439 1728 4492 est,
1757 4431 1894 4485 abli-

325 4511 450 4572 gain
470 4542 485 4568 ,
517 4510 571 4555 et
601 4500 862 4572 inebriaut
881 4540 895 4562 ,
923 4511 976 4572 et
1004 4502 1276 4554 involvunt
1312 4516 1474 4572 opera
1504 4499 1647 4569 ejus,
1684 4511 1740 4552 ιιι
1764 4514 1894 4570 quo-

329 4570 487 4630 modo
513 4571 714 4634 nescit,
746 4571 823 4622 sic
850 4570 899 4620 in
931 4570 1176 4636 laqueum
1205 4571 1518 4640 perditionis
1546 4574 1797 4624 incurrat.
1830 4572 1896 4624 Et

325 4641 787 4711 apprehendentes
813 4655 936 4711 eum
959 4677 975 4703 ,
1010 4654 1103 4711 per
1132 4655 1239 4708 Ipsa
1283 4657 1446 4708 opera
1483 4642 1633 4709 ejus,
1680 4642 1894 4694 mittunt

325 4709 447 4766 cum
476 4711 532 4766 in
558 4711 835 4780 tenebras,
865 4709 915 4762 id
942 4719 1053 4772 est,
1086 4710 1140 4762 in
1166 4725 1378 4780 errores
1404 4712 1483 4764 vel
1513 4713 1747 4780 gentium
1768 4751 1786 4773 ,
1813 4713 1892 4764 vel

323 4783 662 4844 Jttdamrum,
685 4781 767 4834 vel
795 4779 1183 4833 haereticorum.
1216 4779 1279 4832 Et
1298 4779 1531 4833 forsitan
1549 4783 1893 4849 propinquio-

326 4868 411 4908 res
426 4853 656 4906 tenebrae
673 4859 796 4904 sunt
812 4849 1108 4916 gentilium,
1125 4851 1416 4904 exteriores
1431 4849 1756 4914 Iudaeorum,
1779 4852 1894 4919 plus

323 4933 498 4976 autem
527 4923 822 4975 exteriores
846 4919 1233 4973 lia-reticurum.
1266 4920 1524 4987 Quoniam
1553 4923 1776 4989 gentiles
1801 4937 1893 4974 ve-

324 4995 534 5046 ritatem
555 4999 834 5060 spernunt,
858 5005 1015 5054 quant
1041 5004 1146 5060 non
1166 4992 1479 5055 audierunt;
1505 4991 1670 5045 Judaei
1691 5001 1890 5054 autem,

323 5077 483 5131 quam
514 5059 616 5115 non
661 5061 1043 5131 crediderunt;
1097 5059 1328 5114 luerctici
1374 5071 1580 5131 autem,
1613 5077 1768 5130 quam
1799 5077 1895 5116 au-

322 5130 540 5189 dierunt
568 5141 622 5185 et
665 5131 988 5185 didicerunt.
1021 5130 1256 5197 Ipsarum
1286 5144 1496 5200 quoque
1526 5130 1894 5186 luereticarnm

326 5205 662 5258 tenebrarum
691 5200 932 5270 quidam
955 5209 1078 5254 sunt
1098 5215 1260 5270 prope
1280 5200 1450 5254 lucem
1473 5202 1744 5256 veritatis:
1775 5203 1894 5256 alia:

322 5282 503 5327 autem
552 5272 754 5339 longius
801 5286 830 5324 a
875 5271 1136 5335 veritate,
1168 5279 1222 5325 et
1266 5270 1385 5325 ideo
1431 5272 1731 5340 nigriores:
1776 5275 1894 5326 alia:

323 5353 501 5397 autem
543 5342 768 5410 amplius
795 5341 951 5410 longe
972 5381 987 5406 ,
1022 5352 1074 5396 et
1117 5340 1236 5396 ideo
1266 5342 1558 5410 pressiores
1583 5350 1637 5394 et
1660 5344 1887 5396 exterio-

324 5427 431 5468 res.
467 5411 588 5466 Ideo
626 5413 790 5476 dixit,
825 5410 1008 5464 Mittite
1041 5425 1134 5466 eos
1174 5420 1223 5464 tn
1252 5413 1474 5465 tenebras
1516 5412 1803 5465 exteriores.
1841 5413 1892 5467 Id

323 5493 404 5538 est
424 5525 438 5547 ,
469 5484 522 5536 in
545 5481 775 5536 haereses
799 5481 1247 5549 perversissitnas.
1280 5481 1355 5535 lbi
1377 5484 1469 5534 erit
1495 5483 1642 5551 ﬂetus
1660 5523 1673 5544 ,
1704 5493 1751 5534 et
1778 5484 1897 5536 stri-

323 5553 416 5603 dor
455 5553 695 5604 dentium.
732 5551 919 5606 Videte
948 5552 1067 5621 quia
1101 5567 1204 5604 non
1237 5553 1368 5605 dixit
1389 5592 1402 5610 .
1439 5552 1508 5604 lbi
1540 5560 1624 5606 est
1659 5551 1813 5606 ﬂetus
1843 5561 1896 5606 et

323 5621 519 5674 stridor
544 5621 783 5692 dentium
811 5623 950 5692 ;rsed
972 5664 985 5678 .
1022 5622 1150 5674 lt'rit.
1182 5623 1318 5692 Ergo
1347 5622 1504 5674 tnodo
1533 5623 1814 5677 mittuntur
1843 5623 1892 5676 in

325 5692 440 5744 illas
473 5691 717 5762 tenebras
758 5691 877 5762 ntali
905 5731 918 5754 ,
955 5703 1138 5760 postea
1173 5691 1435 5762 patientur
1469 5693 1622 5746 ﬂetus
1647 5731 1662 5758 ,
1698 5693 1782 5747 ubi
1813 5702 1894 5748 est

325 5770 376 5812 et
406 5758 598 5813 stridor
627 5759 880 5814 dentium.

1483 322 1546 378 IN
1585 314 2012 377 MATTIIEUM.
2055 320 2284 377 IiOMIL.
2326 315 2486 376 XLII.

3518 333 3623 388 866

2433 434 2660 491 Homilia
2683 436 2800 509 :rlij,
2830 454 2893 492 ea:
2914 439 3078 510 capite
3098 441 3228 508 xxii.

2109 569 2196 624 15.
2228 569 2372 624 Tunc
2398 571 2633 645 abeuntes
2665 569 2916 628 Pharistci
2937 577 3245 645 ,ronsiliunt
3271 577 3491 632 inierunt
3514 623 3529 645 ,
3559 585 3616 631 ut

2037 650 2270 707 caperent
2299 657 2410 713 eum
2441 643 2492 713 in
2521 651 2766 696 sermone.
2805 646 2887 699 16.
2925 644 2992 697 Et
3028 648 3226 699 mittunt
3248 648 3296 701 ei
3340 643 3619 713 discipulos

2034 723 2154 762 suos
2177 727 2291 762 cttm
2318 709 2622 785 Herodianis
2645 755 2658 775 ,
2693 715 2908 768 dicentes
2932 729 2950 768 :
2980 714 3222 784 Magister
3241 757 3256 782 ,
3287 709 3478 772 scimus
3500 723 3620 785 quia

2033 793 2185 832 verax
2210 796 2262 832 es
2282 821 2294 842 ,
2326 791 2371 833 et
2409 782 2540 834 viam
2571 782 2665 836 Dei
2691 785 2741 836 in
2771 787 2975 839 veritate
3003 782 3153 840 doces
3177 827 3191 849 ,
3225 798 3270 840 et
3299 804 3398 842 non
3424 800 3496 842 est
3514 782 3616 844 tibi

2031 850 2244 924 eumue
2269 851 2436 918 aliqua
2463 868 2500 924 :7
2519 869 2616 907 non
2649 857 2777 907 enim
2803 857 3007 922 respicis
3032 871 3294 924 persanam
3326 860 3607 914 hominum.

2033 919 2120 990 i7.
2155 918 2245 970 Dic
2273 937 2389 989 ergo
2416 923 2557 976 nobis
2580 925 2699 990 quid
2735 926 2821 978 tibi
2846 918 3044 978 videtur
3071 941 3089 978 :
3131 928 3244 979 licet
3270 943 3471 982 censum
3498 932 3612 984 dari

2031 986 2222 1042 (ἔωσανὶ
2244 1028 2261 1066 ,_
2295 986 2393 1066 aut
2405 993 2545 1066 non?
2576 986 2660 1047 18.
2692 994 2903 1063 Cognita
2929 1006 3096 1049 autem
3116 995 3266 1049 Iesus
3294 1002 3512 1066 nequitia
3535 1019 3610 1054 eo-

2030 1074 2176 1135 rum,
2211 1061 2282 1110 ait
2306 1075 2326 1135 :_
2357 1060 2491 1126 Quid
2518 1078 2594 1114 me
2618 1060 2817 1135 levitatis
2841 1106 2856 1126 ,
2886 1067 3204 1135 ltgpocritte?
3235 1067 3315 1121 l9.
3351 1060 3610 1127 Ostenditc

2029 1127 2153 1180 mihi
2191 1132 2441 1181 numisma
2466 1147 2664 1184 census.
2694 1133 2758 1186 At
2781 1136 2857 1187 illi
2896 1127 3178 1189 detulerunt
3204 1137 3483 1191 denarium.
3511 1141 3602 1197 20.

2027 1197 2093 1281 Et
2116 1198 2206 1281 ait‘
2207 1199 2310 1279 illis
2321 1198 2354 1251 Ι
2360 1215 2473 1279 esus
2495 1203 2700 1281 :nCuius
2724 1217 2796 1256 est
2801 1205 2979 1281 imago
3004 1207 3179 1281 ξιτεξςςι
3203 1213 3558 1281 superscr-iptio
3579 1213 3607 1267 2

2025 1266 2114 1320 2-1.
2164 1267 2347 1351 Dicunt
2372 1269 2414 1321 ei
2446 1287 2484 1351 ε.
2511 1270 2769 1351 ϐωξιινὶε.-
2797 1266 2938 1327 Τυηὲ
2967 1277 3038 1328 ait
3066 1275 3167 1329 illis
3190 1266 3466 1351 {Reddite
3480 1266 3600 1351 ergo

2023 1352 2137 1413 t]_ttte
2157 1350 2273 1413 sunt
2291 1337 2509 1393 Ctesaris
2533 1381 2548 1404 ,
2581 1342 2769 1394 Caesari
2793 1359 2812 1396 :
2838 1355 2883 1397 et
2909 1361 3022 1413 qua:
3045 1357 3162 1398 sunt
3195 1347 3284 1400 Dei
3307 1391 3320 1413 ,
3358 1349 3480 1402 Deo.
3509 1337 3598 1406 ἐξ.

2031 1407 2097 1460 Et
2151 1411 2409 1463 audientes
2473 1413 2639 1464 mirati
2699 1422 2850 1476 sunt,
2910 1407 2956 1466 et
3006 1417 3178 1468 relicto
3229 1407 3319 1469 eo,
3351 1421 3598 1475 abierunt.

2152 1478 2218 1531 In
2272 1481 2361 1532 illo
2399 1481 2480 1532 die
2525 1495 2836 1559 accesserant
2879 1485 2946 1536 ad
2991 1499 3105 1559 eum
3163 1485 3471 1556 Sadductei,
3515 1495 3602 1559 qui

2023 1549 2196 1628 dicunt
2222 1564 2320 1602 non
2346 1555 2893 1628 esseresurrectionent,
2919 1557 3419 1628 et‘interrogaverunt
3445 1549 3556 1613 eum
3579 1605 3593 1628 ,

2020 1618 2108 1695 ξι.
2141 1619 2396 1695 dicentes;
2416 1619 2676 1695 Magister,
2737 1621 2899 1676 Moses
2945 1625 3112 1680 dixit:
3138 1618 3334 1695 Siquis
3378 1618 3601 1685 mortuus

2019 1690 2173 1769 fuerit
2213 1705 2315 1743 non
2358 1690 2542 1769 habens
2572 1693 2749 1758 ﬁlium,
2785 1704 2840 1769 ut
2869 1695 3020 1769 ducat
3060 1690 3356 1769 [τιμῇ-ἀξξυς
3387 1717 3597 1755 uxorem

2019 1757 2180 1831 illius,
2227 1769 2274 1812 et
2321 1761 2520 1813 suscitet
2566 1757 2730 1815 semen
2773 1763 2922 1831 fratri
2959 1757 3070 1817 suo;
3119 1765 3206 1820 25.
3245 1757 3405 1821 Erant
3433 1781 3598 1825 autem

2019 1826 2160 1908 apud
2185 1846 2273 1882 nos
2301 1841 2496 1908 septem.
2517 1831 2721 1908 fratres,
2752 1826 2798 1885 et
2825 1835 3018 1908 primus
3027 1906 3035 1908 _
3054 1851 3211 1908 uafore
3240 1838 3392 1890 ducta
3415 1840 3598 1908 defun-

2018 1906 2127 1969 ctus
2155 1909 2246 1961 est,
2279 1907 2326 1952 et
2351 1917 2449 1954 non
2477 1900 2664 1955 habens
2714 1900 2904 1966 semen,
2945 1905 3145 1969 reliquit
3194 1921 3401 1960 uxorem
3449 1900 3596 1964 suam

2017 1968 2167 2040 fratri
2195 1985 2305 2024 suo.
2333 1969 2423 2040 26.
2455 1970 2701 2025 Similiter
2737 1975 2986 2027 secundus
3014 1968 3062 2028 et
3090 1979 3281 2038 tertius,
3332 1994 3486 2040 usque
3529 1983 3598 2034 ad

2017 2039 2300 2106 septimum.
2335 2039 2423 2094 27.
2461 2041 2746 2095 Novissime
2765 2055 2931 2096 autent
2970 2047 3193 2098 omnium
3223 2056 3269 2098 et
3299 2039 3479 2103 mulier
3505 2051 3595 2103 de.
3621 2063 3623 2066 ‘

2016 2110 2194 2178 functa
2220 2109 2429 2186 estne}
2463 2110 2528 2164 In
2560 2115 2920 2186 resurrectione
2947 2131 3065 2184 ergo
3093 2118 3238 2186 cujus
3279 2119 3372 2170 erit
3418 2121 3482 2173 de
3509 2137 3592 2174 sc-

2015 2188 2148 2260 ptent
2171 2181 2336 2233 uxor?
2365 2181 2552 2260 (James
2581 2184 2726 2260 enim
2743 2181 3027 2260 linquerent
3072 2181 3201 2260 eam.
3232 2187 3322 2242 29.
3359 2189 3593 2260 Respon-

2015 2249 2139 2303 dens
2158 2260 2326 2303 autem
2349 2251 2519 2330 J_esus,
2549 2253 2636 2330 ait
2649 2255 2800 2330 illisi
2818 2254 3034 2330 Erratis,
3064 2258 3335 2330 nescientes
3355 2249 3596 2330 Scriptu-

2013 2335 2121 2384 ras,
2155 2335 2310 2387 neque
2341 2322 2572 2376 virtutem
2594 2322 2707 2378 Dei.
2738 2324 2826 2379 50.
2860 2325 2926 2378 In
2953 2329 3318 2381 resurrectione
3340 2322 3590 2384 enint'ne-

2011 2405 2108 2469 gae
2133 2391 2336 2469 nubent,
2372 2408 2526 2469 neque
2550 2394 2827 2469 nubentur,
2843 2398 2932 2448 sed
2965 2406 3109 2450 erant
3137 2398 3268 2450 sicut
3297 2401 3464 2469 angeli
3495 2400 3593 2454 Dei

2011 2463 2064 2511 in
2092 2462 2235 2516 calo.
2270 2461 2356 2516 51.
2390 2460 2453 2515 Et
2481 2465 2544 2517 de
2569 2467 2928 2520 resurrectione
2951 2477 3114 2520 autem
3143 2460 3454 2522 mortuorum
3486 2487 3588 2526 non

2010 2530 2207 2612 legistis
2225 2533 2360 2601 quod
2375 2533 2574 2612 dictum
2599 2546 2672 2588 est
2685 2553 2726 2612 Aa
2756 2534 2880 2612 Deo,
2925 2538 3126 2612 dicente
3163 2539 3299 2612 vobis
3321 2556 3340 2592 :
3359 2540 3447 2612 52.
3481 2541 3590 2612 Ego

2009 2616 2118 2677 sum
2152 2600 2299 2677 Deus
2324 2603 2624 2677 _Abraltant,
2674 2605 2808 2660 Deus
2855 2606 3007 2660 Isaac
3055 2608 3248 2677 (Exod.
3285 2611 3336 2665 5.
3372 2611 3447 2674 6),
3479 2600 3582 2667 etc.

2009 2669 2428 2752 Omnis-quidem
2461 2669 2659 2752 malitia
2705 2669 3354 2752 confundituraliquoties
3380 2669 3590 2752 ratione

2007 2741 2262 2818 veritatis.
2293 2745 2572 2818 corrigitur
2597 2756 2772 2801 autem
2799 2763 3101 2818 numquam,
3135 2741 3367 2804 maxime
3385 2742 3588 2805 eorum

2007 2812 2094 2880 qni
2135 2816 2416 2890 proposito
2445 2812 2606 2880 malo,
2639 2827 2692 2871 et
2747 2833 2850 2870 non
2888 2812 3178 2885 ignorantia
3214 2831 3452 2890 peccant.
3497 2821 3588 2877 Sic

2007 2883 2202 2934 etenim
2234 2885 2536 2957 sacerdotes
2571 2897 2849 2957 postquam
2894 2883 3098 2944 terrere
3146 2883 3424 2944 Do'minmn
3473 2908 3578 2945 non

2008 2960 2310 3031 potuerunt,
2327 2955 2597 3011 dicentes:
2626 2957 2685 3010 In
2704 2955 2804 3031 qua
2825 2969 3066 3031 potestate
3089 2961 3215 3027 facis
3236 2962 3343 3014 lta'c
3369 2962 3580 3031 (Matth.

2005 3021 2254 3096 $.25)?
2299 3034 2574 3094 postquam
2623 3021 2989 3096 pat'almlarum
3035 3021 3241 3086 mitione
3280 3021 3579 3095 constricti,

2004 3093 2080 3146 sic
2096 3093 2295 3162 judicio
2319 3096 2414 3162 ipsi
2439 3093 2500 3150 se
2531 3093 2650 3151 reos
2678 3097 2934 3159 iecerunt.
2955 3101 3230 3155 dicentes:
3260 3101 3426 3155 Malos
3453 3093 3586 3156 male

2004 3164 2176 3236 perdet
2206 3164 2364 3236 (Ibid.
2389 3182 2438 3220 υ.
2464 3168 2583 3234 41),
2617 3170 2828 3224 nomine
2855 3179 3040 3225 contra
3071 3183 3164 3224 eos
3193 3171 3402 3226 dicente
3429 3177 3582 3227 [csti-

2004 3235 2261 3310 moniunt,
2305 3236 2408 3290 nisi
2453 3239 2777 3310 conscientia
2794 3241 2918 3310 (sola
2943 3259 2955 3294 :
2983 3243 3234 3307 nurnqnid
3275 3245 3584 3310 compunxit

2003 3319 2098 3379 eos
2121 3306 2276 3359 timor
2291 3308 2528 3379 peccati?
2557 3308 2807 3379 numquid
2835 3306 3164 3378 compescuit
3191 3328 3283 3366 eos
3312 3306 3584 3366 vel'liher-

2003 3378 2125 3429 tatis
2146 3378 2538 3431 Consideratio?
2574 3377 2678 3432 Sed
2705 3377 2875 3449 quid?
2905 3377 3164 3445 Abierant,
3223 3393 3269 3436 et
3311 3383 3580 3436 consilium

1999 3457 2313 3520 acceperunt,
2367 3457 2422 3500 ut
2480 3464 2593 3520 eum
2638 3460 2869 3518 caperent
2915 3453 2967 3504 in
3021 3467 3263 3506 sermone.
3313 3454 3578 3520 Quomodo
3613 3485 3616 3488 ~

1999 3517 2215 3592 modum
2266 3518 2310 3570 si
2360 3519 2547 3592 aliquis
2600 3517 2847 3575 claudere
2898 3522 3120 3576 voluerit
3163 3517 3583 3592 aqnaa'cnrren-

2001 3589 2380 3660 liﬁdttGQlllﬂ‘l,
2434 3591 2477 3642 si
2527 3605 2627 3642 una
2673 3605 2738 3643 ex
2786 3601 2933 3660 parte
2961 3593 3173 3646 exclusa
3215 3589 3378 3647 luerit
3405 3608 3577 3660 aqua,

1999 3655 2514 3732 violentia__alit_tnde
2559 3661 2657 3713 sibi
2703 3655 2946 3714 semitam
3001 3664 3234 3732 rumpit:
3263 3666 3340 3717 sic
3386 3655 3584 3716 ctu-0'-

2000 3743 2118 3800 rum
2181 3729 2478 3800 malignitas
2537 3745 2600 3783 ex
2667 3745 2767 3800 una
2836 3741 2985 3800 parte
3047 3729 3300 3794 confusa,
3367 3733 3582 3787 aliunde

2000 3798 2098 3872 sibi
2145 3798 2342 3872 aditum
2390 3798 2678 3872 adiuvenit.
2733 3798 2880 3872 Sicut
2918 3801 3059 3854 enim
3107 3817 3212 3854 non
3263 3811 3438 3872 potest
3485 3806 3584 3856 lie-

2000 3868 2075 3927 ri,
2123 3875 2179 3918 ttt
2229 3868 2366 3938 ligna
2423 3869 2681 3921 mittendo
2721 3871 3027 3938 exstinguas
3069 3868 3298 3938 ignem—2
3347 3875 3423 3925 sic
3470 3889 3579 3926 non

2002 3945 2174 4009 pefest
2223 3937 2356 4009 ﬁeri,
2403 3947 2459 3988 ut
2501 3938 2764 4009 rationem
2815 3937 3040 3994 dicendo
3081 3937 3256 4009 places
3304 3941 3581 3996 hominem

1999 4005 2218 4080 malum.
2250 4005 2397 4080 Sicut
2423 4008 2572 4080 enim
2600 4007 2734 4076 ignis
2759 4019 2960 4076 quanto
2989 4005 3215 4078 amplius
3239 4012 3375 4080 ligna
3406 4027 3584 4066 susce-

2001 4077 2156 4148 perit,
2191 4075 2241 4129 in
2267 4075 2518 4144 majorem
2543 4075 2807 4131 ﬂammam
2833 4075 3091 4148 erigituri
3109 4081 3187 4134 sic
3224 4075 3434 4134 adimus
3463 4099 3580 4134 ma-

1999 4147 2320 4218 Insqnanto
2366 4148 2532 4216 magis
2559 4149 2834 4218 veritatem
2881 4147 3133 4213 audierit,
3162 4165 3229 4204 eo
3271 4152 3497 4218 amplius
3527 4152 3586 4205 in

1999 4217 2253 4270 malitiam
2271 4219 2554 4272 exciuitur.
2582 4217 2839 4272 Abiernnt
2865 4225 3010 4288 ergo.
3043 4230 3097 4274 et
3122 4217 3403 4274 consilium
3427 4236 3582 4274 acce-

1999 4296 2210 4357 perunt.
2255 4295 2372 4354 Quo
2409 4288 2689 4340 abii-runt?
2719 4288 2795 4342 Ad
2847 4288 3198 4345 Herodianus.
3249 4292 3379 4344 Nam
3417 4307 3481 4345 ex
3513 4306 3592 4345 eoo

1997 4358 2136 4428 qttod
2170 4373 2271 4410 non
2303 4357 2452 4418 dicit,
2483 4359 2760 4411 tlonsiliati
2789 4367 2933 4425 sunt,
2975 4360 3091 4420 sed,
3121 4361 3399 4414 Consilium
3429 4376 3575 4413 accm-

1999 4437 2202 4498 perunt,
2231 4439 2285 4481 et
2311 4443 2379 4481 ex
2409 4442 2476 4482 eo
2501 4428 2642 4496 quod
2685 4429 2884 4498 pariter
2925 4446 3045 4484 cum
3077 4431 3388 4485 llemdianis
3415 4446 3577 4486 veno-

1998 4508 2137 4559 rnnt,
2167 4510 2384 4566 apparet
2409 4500 2531 4565 quia
2557 4514 2677 4552 cum
2700 4500 2800 4553 illis
2825 4501 3084 4568 ejusmodi
3110 4503 3589 4556 ciremnveutiunis

1996 4569 2282 4642 consilium
2295 4578 2688 4642 tractaverunt.
2723 4569 2894 4642 llotno
2933 4573 3178 4632 colonus.
3202 4573 3355 4642 cujus
3383 4581 3588 4625 terram-

1999 4640 2250 4708 possidet,
2274 4639 2414 4691 illius
2430 4639 2626 4692 auxilio
2645 4655 2780 4708 optts
2799 4640 2974 4697 habet.
3005 4639 3376 4710 Quijustitiam
3408 4651 3578 4707 tenet,

1998 4711 2195 4762 nullius
2219 4710 2512 4776 patrocinio
2535 4710 2752 4779 indiget.
2781 4712 2882 4765 nisi
2917 4713 3028 4766 Dei.
3057 4712 3157 4779 Qui
3191 4713 3241 4766 in
3263 4712 3458 4766 diaboli
3479 4713 3580 4766 ini-

1996 4779 2289 4850 quitatibus
2328 4781 2584 4844 ambulat,
2636 4779 2830 4835 diaboli
2861 4782 3182 4850 adjutorinm
3213 4786 3584 4838 necessarium

1999 4849 2176 4903 habet.
2205 4849 2441 4904 Colonas
2466 4851 2607 4903 enim
2635 4852 2746 4913 Dei,
2775 4849 2969 4906 diaboli
2992 4854 3242 4907 auxilium
3273 4869 3378 4907 non
3399 4853 3582 4920 requi-

1999 4923 2066 4974 rit
2087 4937 2098 4972 :
2123 4921 2346 4974 colomts
2367 4929 2543 4974 autem
2575 4921 2794 4984 diaboli,
2817 4923 3069 4975 auxilium
3099 4924 3188 4979 Dei
3219 4933 3272 4977 et
3293 4924 3337 4976 si
3359 4925 3573 4990 qua-rit,

1999 5007 2102 5044 non
2122 4990 2340 5044 invenit.
2361 4990 2548 5045 Vidisti
2567 4992 2848 5060 aliquando
2873 5002 3087 5046 euntem
3111 4995 3175 5046 ad
3197 4995 3390 5048 furtum
3411 4993 3577 5048 Dennt

1997 5076 2170 5133 orare,
2205 5071 2260 5112 nt
2289 5061 2420 5113 bene
2450 5070 2792 5133 prosperetur
2822 5062 2872 5115 in
2907 5062 3078 5116 furto?
3103 5073 3193 5117 aut
3219 5065 3307 5133 qui
3336 5063 3477 5117 vadit
3511 5065 3577 5117 ad

1999 5131 2418 5204 [et-nieationem,
2453 5131 2707 5204 numquid
2733 5133 2831 5204 sibi
2883 5134 3094 5203 signum
3137 5131 3311 5189 crucis
3346 5136 3494 5204 pnttit
3527 5136 3578 5186 in

1997 5202 2196 5262 fronte,
2221 5211 2277 5253 ut
2319 5202 2950 5271 noncompt'ehendatur
2972 5205 3023 5257 in
3049 5206 3310 5260 crimine?
3347 5202 3500 5271 Quod
3533 5205 3578 5255 si

1998 5271 2200 5334 fecerit,
2237 5285 2339 5324 non
2369 5270 2539 5324 solum
2565 5287 2668 5324 non
2694 5273 2994 5342 adjuvatur,
3027 5276 3118 5328 sed
3143 5276 3320 5330 adhuc
3349 5270 3576 5341 amplius

1998 5344 2255 5395 traditur:
2287 5342 2408 5412 quia
2451 5343 2620 5395 nescit
2656 5343 2858 5412 jttstttin
2913 5346 3002 5399 Dei
3051 5348 3398 5411 patrocinium
3445 5342 3576 5395 dare

1997 5413 2325 5498 criminibus.
2346 5410 2434 5465 Sic
2451 5421 2504 5466 et
2531 5412 2636 5498 isti,
2658 5410 2927 5498 Christum
2947 5410 3252 5498 expugnare
3272 5415 3568 5498 cupientes,

1997 5483 2376 5536 ctmvcnienter
2399 5495 2503 5536 non
2531 5484 2595 5536 ad
2625 5499 2808 5539 servos
2840 5485 2952 5544 Dei.
2984 5481 3126 5540 viros
3153 5481 3446 5552 religiosos.
3481 5481 3576 5532 sed

1997 5553 2060 5604 ad
2085 5553 2326 5620 gentiles,
2354 5553 2404 5606 id
2440 5562 2522 5607 est
2551 5553 2898 5617 Herodianus,
2931 5571 2988 5608 se
3019 5556 3377 5608 contulerunt.
3409 5552 3577 5616 Quale

1997 5632 2078 5676 est
2104 5623 2402 5686 consilium,
2427 5624 2561 5676 tales
2586 5633 2639 5678 et
2662 5625 3050 5678 Consiliatorcs.
3079 5626 3210 5688 Quis
3230 5632 3404 5675 autem
3431 5628 3576 5690 poti--

1971 5711 1974 5719 ί
2000 5703 2078 5746 rat
2100 5693 2229 5746 dare
2256 5693 2535 5746 cmtsilium
2564 5704 2747 5747 contra
2779 5695 3068 5752 Christum.
3097 5695 3195 5745 nisi
3226 5692 3465 5750 diabolus
3485 5691 3576 5756 qui

1999 5774 2110 5818 erat
2141 5763 2472 5819 adversarius
2500 5762 2730 5820 Christi?
2750 5764 3060 5833 Cogitabam
3088 5764 3227 5818 enim
3249 5761 3386 5832 apud
3414 5776 3470 5814 se
3487 5776 3573 5812 sa-
