4052 6200
268 257 376 312 883

273 377 470 431 docent
518 364 771 438 populum
820 377 920 438 su_o_
961 359 1204 429 exemplo
1261 357 1769 438 l.i_quare_culicem,
1811 365 1864 412 et

274 427 545 498 eameluu't
589 427 827 506 glutireg:
872 433 922 486 id
961 441 1073 495 est,
1102 427 1134 501 ga—
1164 427 1372 506 modico
1400 428 1613 506 quidem
1648 438 1865 506 peccato

275 496 334 564 se
359 496 667 568 abstinere,
716 503 914 571 majora
946 498 1121 555 autem
1150 498 1502 571 committere.
1530 497 1622 571 '25.
1667 496 1754 571 Vn:
1778 513 1866 571 νοτ

275 586 369 642 bis,
414 578 597 632 scriba:
622 586 667 628 et
697 569 946 627 Pluiristei
972 570 1267 642 hypocrita.
1297 569 1384 642 qui
1416 570 1699 642 epumdatis
1728 570 1865 642 quod

275 639 401 719 {uris
427 662 499 703 est
530 645 789 719 calicisuet
823 639 1416 719 puropsidisLQuoniam
1446 639 1499 719 ip
1529 639 1710 708 speeic
1730 639 1863 719 cali-

271 708 351 776 eis
393 730 445 774 et
482 715 781 787 paropsidis
823 708 1066 787 homines
1101 708 1266 787 dicit,
1319 708 1653 787 manifestum
1686 718 1761 787 est
1795 722 1860 787 ex

268 808 337 846 eo
383 778 534 858 quod
580 778 817 858 addidit,
848 783 1074 858 dicens;
1106 779 1181 858 Ali
1218 780 1351 832 intus
1391 790 1557 858 autem
1585 778 1719 847 pleni
1745 778 1863 858 estis

268 849 459 929 rapit-ta
498 866 551 929 et
584 855 864 929 iniquitate.
892 850 1061 929 Judaei
1097 851 1237 904 enim
1264 849 1863 929 Aquotiescuntqttciut

267 918 507 997 ng-ssuri
553 918 707 979 erant
754 924 804 976 in
856 922 1143 997 templum,
1186 927 1283 997 aut
1316 919 1573 972 sacriticia
1628 918 1858 972 oblaturi

272 989 367 1066 iter
390 998 506 1050 dies
538 998 721 1066 festos,
747 1002 801 1046 et
828 993 1054 1060 seipsos,
1077 998 1131 1066 et
1156 989 1464 1066 vestimenta
1486 1003 1602 1052 sua,
1628 999 1683 1043 et
1711 999 1863 1043 uten-

271 1060 391 1120 silia
433 1065 716 1127 lavabant,
762 1072 813 1117 et
851 1080 878 1114 a
926 1060 1157 1129 peccatis
1195 1074 1353 1113 nemo
1390 1060 1623 1128 seipsum
1666 1074 1860 1127 purga-

270 1138 395 1198 bat,
446 1152 571 1190 cum
617 1135 755 1188 Deus
800 1147 973 1201 neque
1013 1131 1255 1201 corporis
1297 1129 1609 1184 munditiam
1643 1130 1856 1192 laudet,

269 1222 448 1272 neque
494 1204 683 1259 sordes
724 1203 1059 1257 condemnet.
1126 1203 1269 1255 Pone
1312 1209 1521 1260 tamen,
1569 1201 1691 1272 quia
1722 1201 1859 1253 Dens

270 1270 382 1330 odit
411 1276 601 1330 smiles
626 1289 932 1342 corporum.
962 1280 1016 1326 et
1043 1285 1241 1342 rerum,
1276 1280 1327 1323 et
1357 1285 1624 1325 vasorum.
1654 1270 1708 1324 Si
1732 1285 1860 1339 ergo

270 1361 451 1400 rerum
481 1346 672 1400 sordes
709 1343 813 1396 odit
841 1384 856 1403 ,
885 1354 935 1395 et
964 1351 1055 1394 aut
1081 1341 1161 1394 vis
1188 1381 1200 1405 ,
1229 1351 1319 1394 aut
1361 1356 1465 1393 uou
1498 1342 1573 1393 vis
1594 1381 1609 1404 ,
1638 1354 1881 1395 necesse

268 1425 352 1469 ρει
381 1428 436 1469 ιιι
469 1417 587 1484 ipso
620 1429 713 1467 usu
736 1413 1081 1467 sordideutur
1113 1428 1124 1462 :
1156 1420 1352 1484 quanto
1378 1411 1718 1484 magisDeus
1737 1426 1852 1464 sor-

269 1486 367 1539 dcs
410 1480 759 1540 conscientize
801 1484 1010 1541 horret.
1060 1496 1220 1550 quam
1266 1482 1310 1534 si
1340 1480 1616 1543 volumus,
1645 1496 1860 1548 semper

270 1557 526 1610 mundam
576 1555 908 1609 servamus?
957 1552 1070 1606 Non
1118 1566 1245 1620 ergo
1292 1566 1414 1602 vasa
1443 1550 1686 1620 ilavanda
1734 1559 1859 1604 sunt

269 1626 444 1693 aquis,
469 1627 564 1681 sed
589 1624 930 1678 conscientia:
956 1619 1331 1693 precihusﬁﬁ.
1364 1620 1407 1673 Ο
1431 1619 1690 1693 Plini-istuc
1707 1636 1855 1693 circe,

271 1679 462 1748 mundi:
488 1679 636 1765 prius
656 1694 790 1761 quod
824 1679 966 1744 inttts'
984 1701 1056 1743 est
1085 1679 1253 1765 colicis
1275 1700 1320 1743 et
1347 1690 1653 1760 paropsidis,
1685 1700 1739 1743 ut
1769 1679 1861 1765 fiat

267 1765 322 1817 id
343 1807 358 1825 ,
409 1760 547 1831 quod
580 1760 704 1830 [oris
731 1773 825 1827 est,
860 1765 1119 1814 tumulum.
1152 1760 1265 1813 Non
1294 1777 1420 1829 ergo
1450 1774 1638 1814 sensus
1664 1768 1745 1831 cst
1766 1799 1781 1823 ,
1813 1760 1857 1814 si

264 1829 480 1888 catious
517 1829 588 1885 ab
633 1834 770 1886 intus~
812 1833 1117 1893 mandatur,
1159 1847 1187 1884 a
1239 1832 1365 1885 loris
1404 1846 1529 1884 vero
1572 1829 1859 1884 mundattts

264 1920 377 1957 non
409 1905 599 1965 fuerit,
644 1902 870 1955 mundus
899 1914 973 1953 est
1006 1921 1018 1955 :
1048 1901 1139 1954 sed
1194 1902 1371 1963 homo,
1406 1902 1448 1953 si
1475 1902 1543 1954 ab
1567 1900 1710 1954 intus
1737 1914 1859 1968 pec-

262 1975 403 2027 catis
433 1990 539 2027 non
587 1974 739 2027 fuerit
789 1971 1125 2032 sordidatus,
1157 1972 1273 2025 etsi
1312 1986 1597 2040 numquam
1630 1970 1859 2036 tetigerit

264 2059 484 2112 aquam,
539 2043 766 2097 mundus
792 2053 875 2096 est
913 2051 1035 2095 ante
1075 2042 1240 2096 Deum
1271 2058 1282 2093 :
1317 2042 1360 2095 si
1387 2052 1565 2095 autem
1594 2055 1857 2112 peccave-

262 2111 356 2169 rit.
381 2126 432 2166 et
454 2116 497 2167 si
531 2124 644 2168 toto
673 2114 860 2182 pelago
889 2122 943 2165 et
980 2113 1185 2167 cunctis
1215 2111 1522 2166 ﬂuminibus
1549 2125 1608 2166 se
1645 2111 1854 2177 laverit,

261 2183 519 2240 sordidus
541 2195 597 2240 et
623 2184 774 2254 niger
797 2194 879 2238 est
903 2192 1031 2237 ante
1061 2185 1248 2239 Deum.

661 2335 888 2391 Humilia
911 2337 1017 2391 xlv.
1049 2352 1110 2391 ex
1129 2335 1291 2406 capite
1316 2334 1470 2405 xxiij.

331 2518 426 2572 27.
488 2516 581 2571 Va!
622 2516 780 2575 vobis.
824 2514 1003 2569 scriba:
1042 2522 1091 2566 et
1138 2511 1387 2566 Pliarisa'i
1408 2512 1724 2583 rltypocrita’,
1766 2512 1854 2580 qui

257 2590 451 2644 cinriles
484 2588 606 2642 estis
634 2585 879 2655 sepulcris
921 2584 1185 2645 (lenientis,
1228 2596 1331 2655 etc.
1371 2582 1560 2637 Merito
1585 2583 1849 2655 justorum

258 2674 487 2727 corpora
514 2653 709 2726 templa
738 2656 1005 2721 dicuntur,
1038 2655 1158 2727 quia
1180 2654 1355 2727 anima
1387 2654 1437 2707 iu
1462 2667 1695 2727 corpore
1718 2653 1848 2722 justi

258 2721 567 2783 dominatur
591 2721 645 2782 et
667 2735 867 2797 regnat,
894 2721 1282 2797 quasi'Deusin
1310 2725 1530 2797 templo.
1553 2721 1643 2797 Vel
1675 2721 1847 2792 certe,

255 2802 379 2869 quia
412 2802 528 2869 ipse
578 2794 798 2852 Deus'in
830 2794 1147 2869 corporibus
1176 2795 1377 2869 habitat
1398 2794 1576 2864 justis.
1607 2795 1843 2864 Corpora

256 2865 445 2925 autem
488 2876 831 2939 peccatorum
871 2867 1114 2939 sepulcra
1163 2865 1413 2920 dicuntur
1467 2877 1840 2939 mortuorum,

255 2956 379 3010 qnta
421 2935 601 2994 anima
653 2947 859 2991 mortua
903 2948 985 2991 est
1033 2935 1084 2989 iu
1116 2951 1341 3010 corpore
1384 2936 1705 3010 peccatoris.
1736 2936 1843 2992 Nec

255 3006 400 3065 enim
432 3013 619 3066 vivens
650 3010 878 3079 putanda
905 3018 986 3079 est
1006 3048 1035 3079 ,7
1062 3024 1180 3077 qme
1208 3008 1338 3061 nihil
1372 3006 1545 3079 vivum
1573 3016 1661 3079 aut
1688 3010 1843 3074 spiri-

257 3083 399 3137 tuale
430 3083 540 3149 agit
573 3083 623 3135 in
651 3076 908 3147 corpore.
947 3077 1040 3149 Vel
1070 3079 1190 3146 quia
1223 3092 1366 3132 mors
1400 3078 1509 3149 ipsa
1554 3076 1756 3132 habitat
1788 3079 1838 3133 iu

254 3145 575 3222 corporibus
604 3145 959 3221 peccatorum.
993 3145 1140 3203 Sicut
1158 3164 1297 3222 ergo
1320 3145 1624 3222 septilcrum
1652 3165 1840 3222 qnam-

253 3219 367 3276 diu'
390 3219 615 3293 quidem
649 3223 888 3277 clau~mn
935 3228 1037 3293 cst,
1083 3219 1360 3293 pulchrum
1395 3219 1602 3293 videtur
1627 3234 1657 3293 τι
1687 3220 1835 3293 loris,

255 3294 299 3346 si
328 3290 455 3349 vero
488 3293 643 3347 iniu-it
672 3302 912 3361 apertum
932 3333 946 3354 ,
994 3290 1247 3345 horribile
1275 3300 1355 3344 est
1388 3307 1402 3343 :
1432 3291 1510 3344 sic
1538 3299 1592 3344 et
1616 3290 1836 3344 simula-

254 3372 407 3418 tores
443 3365 706 3418 bonorum
735 3362 986 3432 quamdiu
1026 3360 1242 3431 quidem
1274 3377 1379 3432 non
1417 3370 1831 3430 cognoscuntur,

256 3432 552 3487 laudabiles
576 3430 857 3498 sunt,cum
886 3430 1061 3486 autem
1088 3431 1282 3500 cogniti
1316 3430 1531 3497 fuerint,
1561 3432 1837 3486 inveniun-

257 3511 346 3552 tur
366 3504 770 3557 abominabiles.
809 3503 976 3555 Dieito
1004 3502 1151 3565 tuihi,
1182 3516 1215 3554 0
1238 3501 1529 3572 hypocrita,
1561 3503 1603 3572 si
1638 3502 1833 3556 boautu

254 3580 361 3630 est,
394 3586 516 3625 esse
547 3572 761 3633 bonum,
790 3574 996 3641 utquid
1032 3587 1135 3624 non
1182 3573 1260 3625 vis
1277 3571 1428 3636 esse,
1461 3571 1602 3640 quod
1633 3574 1712 3626 vis
1743 3589 1836 3641 ap-

259 3655 455 3708 parere
481 3642 505 3696 ?
533 3642 586 3695 Si
619 3656 745 3693 vero
768 3640 962 3694 malum
989 3650 1090 3702 cst,
1122 3641 1577 3711 ejseimalum,ut
1602 3643 1726 3711 quid
1754 3640 1835 3697 vis

253 3727 379 3766 esse
399 3753 414 3773 ,
462 3711 604 3779 quod
634 3727 738 3764 non
768 3711 848 3763 vis
870 3725 1126 3781 apparere
1152 3710 1176 3761 ἲ
1216 3710 1345 3781 Nam
1372 3710 1512 3778 quod
1553 3710 1723 3781 turpe
1751 3722 1836 3766 cst

256 3796 551 3850 apparere,
586 3782 792 3849 turpius
831 3792 913 3833 est
946 3779 1116 3835 esse:
1156 3780 1305 3850 quod
1340 3788 1516 3833 autent
1547 3779 1833 3835 formosum

254 3847 342 3903 cSt
371 3867 653 3921 apparere,
679 3847 965 3905 lormosius
993 3858 1075 3906 cst
1098 3847 1246 3905 essle.
1268 3847 1408 3921 Ergo
1432 3859 1520 3921 aut
1547 3863 1663 3902 esto
1691 3851 1834 3920 quod

256 3919 504 3992 appares,
547 3934 638 3977 aut
662 3938 858 3990 appare
882 3922 1022 3990 quod
1036 3936 1110 3992 es
1145 3939 1157 3974 :
1197 3919 1319 3989 quia
1350 3920 1685 3992 manifestum
1711 3919 1833 3992 ina-

255 3989 365 4045 lum
416 4009 445 4045 a
501 3989 832 4063 sapientibus
875 3989 1195 4063 noml‘acile
1230 3989 1656 4063 reprel_tendittt_r,
1706 3989 1833 4063 dum

258 4062 461 4116 insania
490 4058 799 4118 :t-stintzttttr.
831 4063 921 4118 29.
975 4061 1063 4116 Va:
1089 4060 1223 4114 vobis
1243 4102 1257 4123 ,
1288 4060 1466 4113 scriba:
1500 4068 1544 4113 et
1585 4058 1836 4114 Pliarisati

257 4132 557 4201 Itypocrilw,
588 4136 676 4203 qui
697 4134 965 4201 wdiﬁeatis
989 4134 1224 4203 sepulcra
1253 4132 1633 4203 prophetarum,
1673 4142 1725 4203 et
1745 4148 1833 4203 or-

256 4200 390 4257 natis
438 4200 762 4259 monumenta
800 4200 1073 4273 jttslorttttt.
1114 4202 1284 4256 Omne
1326 4200 1544 4273 bonum,
1590 4202 1729 4273 quod
1777 4202 1835 4256 lit

258 4285 478 4342 propter
509 4276 696 4337 Detun,
730 4274 781 4328 in
812 4275 1056 4327 omnibus
1085 4275 1242 4327 rebus
1268 4272 1546 4340 aiqualiter
1584 4272 1834 4327 observa-

252 4350 359 4396 tur.
394 4345 496 4401 Ubi
527 4358 703 4399 autem
751 4346 801 4398 in
832 4345 1079 4398 omnibus
1104 4343 1264 4398 rebus
1293 4357 1397 4396 non
1429 4342 1705 4410 aequaliter
1740 4344 1839 4397 ob-

254 4425 525 4484 servatur,
557 4416 749 4469 bonum
787 4416 914 4468 illud
944 4424 1161 4484 propter
1200 4415 1442 4468 homines
1470 4414 1546 4484 lit.
1579 4414 1716 4467 sicut
1748 4428 1834 4468 res

254 4481 365 4551 ipsa
415 4481 660 4556 pra-scus
697 4481 1056 4540 deinonstrat.
1089 4485 1227 4540 Ecce
1267 4484 1409 4538 enim
1447 4482 1833 4556 quinnarlyria

253 4554 544 4619 nidiﬁcant,
575 4557 826 4611 ecclesias
874 4567 1086 4621 ornant,
1123 4556 1317 4609 botmm
1367 4570 1501 4621 opus
1542 4554 1715 4609 facere
1755 4557 1832 4608 vi-

250 4622 450 4695 dentur
484 4645 497 4681 :
527 4627 619 4680 sed
663 4627 707 4679 si
748 4626 960 4695 quidem
999 4636 1053 4680 et
1077 4627 1207 4679 alias
1231 4625 1490 4694 justitiam
1527 4624 1617 4679 Dei
1648 4639 1833 4678 custo-

252 4693 420 4760 diant,
448 4697 496 4751 si
537 4697 604 4751 de
634 4693 786 4750 bonis
823 4712 1010 4749 eorum
1056 4693 1310 4765 pauperes
1339 4696 1591 4763 gaudent,
1624 4696 1666 4749 si
1698 4697 1833 4749 alio-

256 4777 373 4836 rum
418 4769 558 4822 bona
613 4783 707 4836 per
747 4766 1051 4819 violentiam
1103 4782 1206 4819 non
1259 4768 1457 4821 faciunt
1493 4782 1587 4819 sua
1636 4783 1651 4819 :
1698 4766 1835 4822 scito

252 4835 377 4907 quia
420 4837 490 4891 ad
521 4838 741 4907 gloriam
777 4836 865 4890 Dei
912 4837 1191 4891 aalilicant.
1220 4838 1273 4892 Si
1304 4847 1479 4892 autem
1510 4837 1640 4890 alias
1674 4836 1832 4904 justi-

255 4904 380 4958 tiam
424 4904 545 4963 Dei'
566 4923 672 4962 non
703 4917 951 4969 servant,
986 4910 1028 4960 si
1073 4907 1142 4961 de
1182 4906 1333 4960 bonis
1363 4923 1544 4961 eorum
1575 4922 1835 4975 pauperes

256 4987 547 5048 numquam
592 4978 819 5046 gaudent
853 4995 866 5030 :
899 4978 942 5030 si
972 4978 1197 5048 aliorum
1230 4977 1365 5032 bona
1395 4977 1597 5030 iaciunt
1620 4993 1712 5030 sua
1742 4987 1837 5034 au‘.

254 5056 353 5110 per
379 5046 708 5109 violentiam,
738 5058 830 5102 aut
869 5063 962 5116 per
991 5046 1228 5102 fraudem
1264 5066 1275 5101 :
1304 5049 1420 5116 quis
1449 5056 1556 5101 tam
1597 5049 1832 5101 insensa-

258 5123 341 5169 tus
365 5129 467 5180 est,
495 5128 684 5188 utnon
719 5118 978 5188 intelligat
1003 5119 1125 5188 quia
1152 5134 1259 5171 non
1288 5119 1351 5170 ad
1379 5118 1604 5188 gloriam
1634 5118 1726 5172 Dei
1760 5118 1835 5171 [ςι-

257 5188 405 5242 ciunt
434 5186 658 5259 aedilicia
694 5190 803 5252 illa,
834 5186 927 5243 sed
962 5186 1179 5259 propter
1207 5186 1612 5243 aestimationem
1644 5189 1832 5242 Imma-

256 5269 379 5334 uam
422 5258 555 5334 (Et
594 5259 745 5334 justo
798 5258 1065 5334 tedilicant
1122 5260 1415 5334 martyrio,
1468 5270 1522 5312 ut
1576 5274 1836 5334 pauperes

259 5328 564 5381 violentiam
606 5330 746 5398 passi
776 5331 844 5384 ab
877 5331 956 5384 eis
986 5328 1327 5398 interpellent
1353 5340 1536 5383 contra
1575 5345 1686 5382 eos.
1718 5330 1832 5383 Non

255 5398 398 5450 enim
424 5399 659 5463 gaudent
687 5410 971 5470 martyres,
1000 5401 1214 5469 quando
1238 5416 1303 5454 ex
1336 5401 1441 5455 illis
1473 5401 1711 5469 pecuniis
1739 5400 1831 5453 ho-

261 5479 533 5543 norautur,
583 5485 677 5538 pro
723 5472 916 5540 quibus
955 5487 1214 5541 hauperes
1257 5472 1484 5540 plorant.
1532 5470 1836 5543 Qualisest

262 5540 428 5613 \irtus
468 5542 551 5595 illa
584 5543 822 5610 justitiat,
856 5540 1135 5597 munerare
1175 5552 1431 5602 mortuos.
1454 5554 1509 5595 et
1536 5540 1833 5613 exstitiliarc

262 5609 498 5688 \tjentes
526 5616 549 5662 ’ἐ
586 5609 659 5665 de
712 5614 969 5682 Sanguine
1016 5615 1329 5665 Inism'oruut
1381 5614 1567 5668 tol’.erc
1597 5647 1613 5688 ρ
1644 5618 1699 5688 et
1728 5609 1835 5688 Deo

260 5678 493 5741 Mure?
520 5684 648 5739 lllud
681 5702 786 5740 twn
815 5678 895 5740 cst
924 5685 1032 5741 Deo
1050 5685 1261 5740 oll'et't'e.
1293 5684 1384 5739 sed
1409 5687 1540 5740 velle
1566 5678 1831 5735 ViOlClllim

1408 242 1475 299 IN
1510 239 1938 300 MAT'I‘lI-AEUM.
1979 238 2207 298 ιιοιιιι.
2252 240 2410 298 XLV.
2946 282 2968 299 .
3004 217 3009 223 ’

3465 245 3569 300 ΒΨ)

1974 371 2088 411 sua:
2132 357 2337 413 socium
2383 357 2558 412 facere
2586 356 2752 411 Deum
2784 373 2796 407 τ
2833 364 2888 411 ιιι
2910 371 3030 410 enm
3060 355 3293 428 oblatam
3322 356 3422 413 sibi
3448 377 3540 428 ιιιι.

1971 435 2183 483 cuuiatn
2218 436 2287 483 de
2328 437 2546 498 peccato
2580 428 2808 482 libenter
2847 426 3134 498 acceperit,
3164 426 3465 484 consentiat
3505 433 3557 485 in

1972 510 2212 566 peccato.
2271 497 2359 551 vas
2401 498 2618 552 domum
2671 498 2759 553 Dei
2812 497 3142 553 a'dilicare?
3192 499 3265 552 lla
3313 498 3563 555 fidelibus

1973 568 2296 636 pauperibus
2326 568 2467 622 unde
2516 570 2716 631 vivant,
2766 579 2819 622 et
2867 568 3143 620 aulilicasti
3191 569 3560 625 rationabilem

1970 637 2188 690 domum
2248 639 2361 692 Dei.
2416 639 2470 691 Ιιι
2516 639 2755 693 ειθιιίίίιξίἱε
2801 638 2944 692 enim
3008 637 3252 691 homines
3297 638 3555 705 habitant,

1973 706 2111 778 Deus
2125 718 2302 761 autem
2327 709 2378 762 in
2401 708 2707 763 bominilms
2730 708 2943 763 sanctis.
2970 704 3163 771 Quales
3180 724 3307 778 ergo
3326 709 3396 762 illi
3411 704 3552 771 sunt,

1968 777 2058 849 qui
2078 777 2321 849 homines
2339 780 2657 847 exspoliant,
2677 789 2731 833 et
2755 777 2979 833 ardiiieia
3005 777 3294 849 martyrum
3322 779 3516 835 iaciunt
3533 782 3560 834 ?

1969 845 2321 917 habitationes
2351 845 2622 903 hominum
2666 857 3026 917 Compontmt.
3069 845 3554 905 ct'liabimtiouetu

1970 915 2060 970 Dei
2088 917 2457 989 destirpaut?
2501 919 2616 975 Jam
2661 915 2800 987 ergo
2827 935 2890 972 ex
2939 919 3172 989 antiquis
3222 922 3552 988 temporibus

1965 987 2183 1040 morbus
2212 989 2309 1042 iste
2356 991 2407 1042 in
2448 989 2749 1044 hominibus
2777 987 3086 1043 habebatur.
3123 987 3381 1044 Dicebant
3407 992 3549 1044 cuitu

1965 1057 2103 1129 apud
2147 1072 2251 1129 ser:
2284 1057 2339 1113 Si
2393 1060 2526 1112 bene
2575 1059 2853 1115 fecerimus
2885 1060 3225 1129 pauperibus,
3268 1059 3386 1128 quis
3418 1062 3550 1116 il'ud

1967 1128 2112 1182 videt
2141 1128 2163 1180 ?
2192 1128 2257 1182 Et
2295 1129 2339 1181 si
2389 1130 2638 1192 viderint,
2682 1144 2787 1183 non
2820 1131 2967 1182 multi
2996 1128 3181 1184 vident
3214 1148 3226 1183 :
3257 1132 3369 1184 etsi
3399 1133 3549 1187 multi

1966 1196 2233 1262 viderint,
2267 1214 2364 1267 pro
2395 1210 2633 1267 tempore
2664 1199 2863 1253 vident.
2892 1199 3107 1255 Transit
3130 1201 3271 1255 enim
3301 1210 3510 1269 tempus
3529 1242 3544 1265 ,

1962 1278 2020 1322 et
2065 1271 2256 1322 transit
2293 1285 2414 1325 cum
2458 1282 2698 1339 tempore
2736 1269 3000 1324 benefacti
3044 1271 3319 1324 memoria.
3360 1271 3548 1328 Nonne

1964 1353 2091 1408 ergo
2126 1341 2313 1393 melius
2336 1340 2556 1394 ardilicia
2584 1341 2824 1410 lacinms.
2858 1355 2977 1407 qua:
3014 1354 3203 1395 omnes
3243 1342 3544 1410 aspiciunt,

1965 1423 2069 1461 non
2091 1411 2263 1464 solum
2288 1411 2385 1463 hoc
2409 1420 2666 1477 tempore,
2690 1409 2783 1464 sed
2809 1413 2970 1464 etiam
2999 1410 3050 1463 in
3075 1409 3341 1478 posterum
3365 1417 3388 1463 ’ί
3413 1412 3544 1467 Nam

1962 1480 2213 1548 quamdiu
2267 1480 2546 1600 :edflicium
2612 1490 2922 1545 permanet,
2972 1482 3169 1534 tamdiu
3228 1481 3543 1538 :edilieantis

1964 1551 2219 1600 memoria
2254 1564 2337 1600 non
2360 1551 2575 1600 tinatur.
2597 1551 2642 1600 0
2673 1551 2923 1600 insipiens
2946 1550 3125 1600 Immo.
3154 1551 3277 1600 quid
3307 1552 3395 1600 tibi
3417 1569 3543 1600 om.

1964 1551 2219 1620 memoria
2254 1550 2575 1603 nominatur.
2597 1551 2642 1604 Ο
2673 1551 2923 1619 insipiens
2946 1550 3125 1615 homo,
3154 1551 3277 1620 quid
3307 1552 3395 1605 tibi
3414 1569 3545 1620 pro-

1964 1616 2083 1693 dest
2127 1630 2247 1693 post
2265 1629 2503 1693 mortem
2536 1620 2633 1693 ista
2673 1616 2949 1693 memoria,
2992 1621 3035 1673 si
3070 1616 3275 1693 ubi'es,
3308 1616 3541 1693 torque-

1964 1688 2039 1741 ris
2070 1706 2083 1741 :
2111 1701 2165 1743 et
2191 1691 2275 1744 ubi
2313 1707 2415 1743 tton
2453 1706 2532 1759 es.
2564 1690 2797 1759 [rlttdaris
2823 1692 2845 1743 ?
2886 1690 3026 1759 Ergo
3051 1690 3175 1743 dum
3216 1688 3438 1745 Jttdaros
3456 1710 3543 1746 ea-

1964 1758 2122 1827 stigat
2156 1756 2790 1820 Dominus,Christianos
2808 1756 3011 1814 docel':
3040 1762 3290 1828 quoniam
3321 1761 3366 1813 si
3387 1763 3539 1828 juxta

1963 1828 2062 1881 alia
2096 1830 2252 1894 lioua,
2287 1831 2507 1883 aedilicia
2530 1838 2710 1884 Sancta
2748 1830 2874 1885 fecit
2900 1829 3093 1891 homo,
3118 1830 3538 1885 additamentum

1961 1909 2041 1951 est
2065 1899 2215 1953 bonis
2245 1919 2258 1954 :
2285 1901 2328 1955 si
2366 1909 2542 1954 autem
2570 1901 2687 1955 sine
2727 1902 2849 1955 aliis
2868 1899 3020 1955 bouis
3046 1902 3328 1967 operibus.
3365 1903 3541 1969 passio

1963 1979 2046 2022 est
2083 1971 2263 2038 gloria:
2302 1971 2594 2025 s:rcnlaris.
2659 1970 2747 2025 Va:
2782 1971 2938 2035 vobis,
2979 1972 3155 2025 scriba:
3199 1981 3244 2024 et
3290 1970 3540 2026 Plinrisa'i

1963 2039 2241 2109 ltgporrita:
2257 2082 2273 2106 ,
2299 2044 2383 2109 qui
2408 2042 2674 2109 (edi/ientis
2701 2044 2930 2107 sepulcra
2960 2046 3317 2110 map/telarum
3335 2082 3350 2105 ,
3380 2052 3428 2095 et
3453 2061 3539 2095 or-

1961 2111 2093 2181 natis
2123 2123 2442 2165 monumenta
2453 2114 2727 2181 justorunt.
2755 2113 2852 2179 Qui
2877 2113 3178 2166 considerat
3199 2126 3533 2181 consequen-

1963 2179 2031 2233 tia
2066 2190 2190 2236 tunc
2217 2179 2604 2235 l’harisanrum
2627 2222 2640 2243 ,
2668 2192 2725 2236 et
2751 2181 2909 2237 modo
2937 2182 3192 2252 intelliget
3222 2200 3234 2234 :
3263 2179 3393 2250 quia
3417 2182 3535 2239 hac

1961 2265 2066 2304 non
2096 2252 2265 2305 solum
2298 2252 2400 2306 illis
2423 2252 2555 2307 dixit
2584 2252 2885 2318 Pharisa-is,
2912 2253 3004 2305 sed
3038 2263 3086 2307 ct
3111 2253 3357 2307 otnnibus
3393 2265 3535 2320 post-

1959 2321 2172 2375 modum
2220 2322 2517 2377 nascituris.
2560 2322 2690 2377 Nam
2735 2324 2834 2377 etsi
2863 2322 2929 2376 ad
2969 2323 3091 2378 illos
3118 2323 3262 2377 solos
3305 2323 3537 2378 dixisset

1960 2389 2093 2461 lucc.
2122 2392 2283 2447 dicta
2316 2393 2541 2448 inissent
2584 2402 2804 2459 tantum,
2861 2402 2910 2447 ct
2962 2408 3067 2446 non
3113 2398 3272 2448 etiam
3313 2394 3528 2461 scripta.

1957 2460 2106 2518 Nune
2128 2474 2302 2517 autem
2329 2473 2384 2519 et
2416 2464 2554 2519 dicta
2583 2474 2706 2518 sunt
2724 2504 2740 2528 ,
2769 2475 2824 2518 et
2848 2463 3063 2531 scripta.
3109 2464 3252 2518 Dicta
3289 2460 3541 2519 videlicet

1958 2534 2333 2604 prepteriillos
2353 2576 2368 2595 .
2416 2536 2609 2604 scripta
2636 2544 2810 2588 autem
2852 2545 3066 2602 propter
3091 2535 3240 2588 istos.
3272 2533 3402 2599 Nam
3431 2537 3535 2589 etsi

1958 2613 2135 2671 patres
2170 2603 2475 2658 Judmorttm
2504 2603 2699 2659 mortui
2728 2615 2873 2669 sunt,
2905 2614 3085 2658 tamen
3111 2605 3202 2658 lilii
3235 2620 3418 2659 eorum
3456 2608 3532 2657 vi.

1955 2685 2102 2738 vunt,
2134 2677 2222 2744 qui
2249 2675 2534 2744 prophetas
2560 2676 2773 2743 quidem
2804 2683 2858 2730 et
2878 2676 3536 2745 mmtyrescolmu,lilios

1953 2754 2124 2800 autem
2157 2745 2532 2815 prephetarmn
2554 2757 2608 2801 et
2635 2756 2925 2816 martyrum
2948 2755 3529 2815 perserpmntur,mor-

1952 2822 2159 2870 tuorum
2209 2825 2513 2886 sanctorum
2561 2816 2795 2871 cultores
2819 2859 2833 2880 ,
2876 2825 2931 2872 et
2961 2816 3198 2869 vivorum
3229 2831 3529 2886 persequu-

1949 2894 2111 2940 tores.
2154 2886 2230 2955 (α)
2268 2885 2369 2958 [Si
2423 2903 2549 2941 vero
2582 2887 2893 2941 Trinitatem
2942 2886 3179 2955 ejusdem
3216 2885 3529 2958 substantia:

1946 2956 2289 3023 conﬁtentes,
2309 2968 2571 3029 martyres
2596 2958 2881 3029 passisuut
2908 2974 2920 3010 :
2944 2972 3110 3026 quare
3135 2972 3228 3029 eos
3247 2956 3394 3029 quasi
3416 2973 3531 3010 sane

1944 3037 2060 3082 ctos
2074 3029 2276 3091 colunt,
2294 3027 2384 3097 qui
2401 3025 2559 3082 unum
2576 3027 2899 3096 ingenitum,
2914 3025 2973 3082 et
2984 3043 3142 3080 unum
3165 3025 3533 3095 Unigenitum,

1942 3107 1997 3151 et
2014 3114 2174 3152 unum
2190 3096 2443 3168 Spiritum
2465 3098 3063 3152 sanetutncredidcrunt
3079 3098 3102 3150 ?
3120 3096 3175 3151 Si
3193 3107 3368 3152 autem
3388 3112 3529 3149 mar-

1945 3178 2087 3238 tyres
2101 3169 2304 3230 coltmt,
2318 3169 2466 3237 quasi
2480 3170 2568 3238 qui
2586 3184 2764 3222 veram
2782 3168 3007 3222 confessi
3022 3176 3147 3221 sunt
3159 3168 3312 3220 Iidem
3334 3184 3346 3220 :
3364 3183 3529 3235 quare

1944 3237 2330 3310 persequuntur
2344 3237 2556 3308 cos,qiri
2573 3239 2728 3310 iidem
2750 3239 3057 3293 earumdem
3081 3237 3456 3310 prephetartnu
3473 3248 3534 3291 et

1942 3308 2240 3381 martyrum
2268 3310 2632 3381 conﬁtentur?
2659 3309 2910 3381 Pharisaei
2946 3308 3333 3381 ergo_ltaretici
3378 3318 3529 3381 sunt,

1939 3380 2029 3451 qui
2058 3377 2100 3433 a'
2119 3396 2242 3435 vera
2273 3380 2377 3436 ﬁde
2403 3380 2606 3448 praecisi
2650 3377 2818 3451 suum]
2846 3378 3100 3451 Pharisaii
3131 3379 3269 3451 enim
3308 3378 3529 3445 pracise

1940 3447 2303 3520 intelliguntur
2323 3447 2442 3521 ipsi,
2467 3451 2554 3519 qui
2576 3447 2819 3519 sepulcra
2833 3448 3100 3504 mdilicaut
3122 3447 3528 3521 prophetarum,

1938 3533 1992 3576 et
2037 3518 2590 3592 mai-tyrum'nomina
2619 3518 2824 3585 eolunt,
2869 3528 2927 3575 et
2968 3530 3233 3592 pra-cepta
3279 3518 3527 3587 blasphe-

1940 3601 2088 3646 mant
2121 3611 2134 3645 :
2167 3590 2479 3647 memoriam
2528 3592 2793 3646 honorant
2816 3631 2841 3656 ,
2864 3600 2921 3645 ct
2968 3590 3123 3644 lideut
3154 3598 3525 3643 contemnunt.

1939 3664 2027 3718 '50.
2069 3661 2135 3714 Et
2165 3663 2332 3716 dicitis
2356 3678 2374 3715 .°
2403 3662 2465 3716 Si
2495 3663 2762 3730 fuissemus
2784 3662 2839 3713 in
2868 3660 3051 3714 diebus
3088 3672 3289 3728 patrum
3323 3671 3525 3712 nostro-

1938 3749 2073 3797 rum,
2105 3748 2205 3784 non
2228 3733 2492 3801 fuissemus
2518 3732 2641 3785 socii
2680 3747 2854 3784 eorum
2893 3731 2945 3782 in
2974 3731 3220 3799 sanguine
3254 3730 3521 3801 prcit/tem-

1939 3818 2071 3855 rtun.
2097 3799 2326 3869 Semper
2345 3800 2517 3854 διιόιυί
2548 3800 2935 3868 praeteritorum
2964 3811 3264 3854 sanctorum
3292 3799 3527 3852 cultores

1940 3871 2183 3936 fuerunt,
2210 3879 2267 3923 ct
2295 3871 3059 3937 praesentiuntcontemptores,
3082 3871 3250 3937 magis
3275 3879 3449 3921 autem
3472 3879 3529 3923 et

1938 3950 2369 4011 persequutores,
2394 3947 2448 3993 et
2474 3940 2668 4011 inimici
2693 3938 3003 4011 viventium,
3025 3948 3075 3993 et
3104 3941 3258 3992 amici
3281 3950 3522 4011 mortuo-

1940 4008 2080 4066 rum.
2108 4008 2219 4064 Non
2248 4010 2392 4064 enim
2434 4009 2757 4063 sustinentes
2797 4010 3187 4077 increpationes
3238 4008 3523 4078 propheta-

1940 4098 2056 4136 rum
2087 4096 2327 4145 suorum,
2352 4080 2804 4149 persequebantur
2827 4095 2920 4133 eos
2950 4088 3003 4132 et
3027 4077 3356 4133 occidebant.
3392 4077 3523 4131 Nam

1938 4152 2243 4206 Volentihus
2264 4151 2401 4205 male
2421 4151 2622 4213 vivere,
2645 4165 2858 4219 semper
2882 4150 3145 4204 contraria
3175 4152 3381 4202 videtur
3403 4164 3522 4203 esse

1937 4224 2224 4290 correptio,
2249 4220 2457 4275 dicente
2477 4218 2794 4275 Salomone:
2820 4219 2988 4290 Argue
3006 4221 3297 4289 sapientem,
3318 4228 3363 4271 et
3384 4235 3530 4271 uiuo-

1938 4295 2008 4348 btt
2031 4304 2077 4347 te
2106 4310 2124 4346 :
2147 4292 2462 4361 insipientem
2484 4307 2621 4349 vero.
2644 4303 2688 4345 et
2710 4292 2841 4344 odiet
2869 4301 2915 4344 te
2939 4291 3118 4359 (Prov.
3146 4293 3199 4347 9.
3219 4291 3297 4359 8).
3331 4291 3524 4345 Postea

1938 4374 2115 4419 autem
2146 4371 2426 4417 nascentes
2452 4362 2542 4415 lilii
2571 4362 2938 4431 intelligebant
2961 4362 3144 4431 culpas
3172 4371 3377 4430 patrum
3405 4376 3523 4411 sim.-

1940 4451 2080 4498 runt,
2109 4444 2162 4488 et
2185 4434 2303 4487 ideo
2345 4435 2495 4502 quasi
2532 4433 2599 4485 de
2630 4446 2801 4486 morte
2828 4433 3186 4487 itmoccntimn
3228 4432 3521 4500 propheta-

1938 4521 2055 4560 rum
2083 4504 2347 4567 dolentes,
2391 4502 2725 4557 :edilicahant
2751 4513 3090 4557 menmnenta
3114 4518 3320 4565 eorum,
3342 4510 3393 4553 et
3424 4502 3523 4570 ip~i

1940 4586 2114 4631 tamen
2136 4576 2378 4630 similiter
2403 4575 2876 4644 persequebantur,
2904 4583 2959 4628 et
2985 4573 3371 4644 interlieiebant
3397 4587 3523 4624 suos

1938 4655 2249 4716 prophetas,
2282 4641 2618 4714 increpantes
2636 4659 2730 4699 eos
2761 4654 2977 4713 propter
3010 4657 3243 4713 peccata.
3285 4641 3417 4716 Nam
3443 4644 3521 4716 al-

1940 4714 2021 4771 ter
2044 4714 2264 4770 alterius
2279 4716 2488 4785 culpam
2509 4717 2616 4769 cito
2634 4716 2899 4784 intelligit,
2916 4729 3067 4768 suam
3086 4725 3268 4767 autem
3283 4714 3442 4766 dil'liei
3455 4715 3521 4768 le:

1937 4787 2060 4857 quia
2091 4789 2248 4840 homo
2288 4786 2340 4841 itt
2367 4801 2526 4840 causa
2565 4786 2784 4857 alterius
2817 4787 3157 4845 traumtillum
3188 4800 3283 4839 eor
3329 4785 3483 4857 habet
3510 4827 3523 4845 ,

1937 4854 1991 4913 in
2022 4873 2115 4912 sua
2134 4868 2311 4912 autem
2341 4857 2626 4911 turbatum.
2656 4856 2988 4910 Perturhatio
3014 4866 3188 4910 autem
3214 4854 3393 4909 cordis
3421 4872 3526 4908 non

1939 4929 2216 4998 permittit,
2242 4928 2513 4982 hominem
2541 4926 2881 4998 considerare
2902 4926 3039 4998 quod
3070 4926 3265 4998 bonum
3300 4935 3402 4979 est.
3440 4927 3529 4979 Sic

1936 4996 2067 5069 ergo
2103 5014 2197 5070 per
2238 4999 2473 5067 singulas
2497 4996 2869 5066 generationes
2894 4996 3351 5070 Judazicolebaut
3407 4998 3527 5070 illos

1938 5067 2351 5140 quasi'sauctos,
2377 5083 2512 5138 quos
2537 5077 2715 5138 patres
2742 5082 2924 5121 eorum
2947 5067 3097 5137 quasi
3120 5068 3290 5121 malos
3316 5068 3527 5122 occide-

1940 5139 2078 5194 rant.
2110 5140 2223 5193 lloc
2245 5148 2425 5193 autem
2454 5140 2633 5203 liebat,
2680 5153 2785 5209 nou
2814 5150 2868 5192 ut
2895 5154 3224 5209 unaquaeque
3249 5139 3530 5209 generatio

1938 5228 2087 5265 suam
2120 5210 2474 5263 innocentiam
2502 5208 2708 5261 ostendi
2728 5218 2830 5273 ret,
2862 5208 2954 5264 sed
2984 5207 3040 5263 ut
3078 5207 3303 5264 invicem
3346 5224 3406 5264 se
3434 5207 3532 5260 do-

1941 5282 2164 5336 mestico
2209 5280 2442 5333 ﬁliorum
2484 5279 2683 5347 judicio
2725 5279 3162 5335 eondcuutarent.
3201 5281 3331 5349 Quis
3379 5279 3525 5349 enim

1939 5353 2245 5406 existimare
2287 5359 2477 5421 potest,
2510 5352 2839 5421 innocentes,
2867 5351 2956 5420 qtti
3004 5356 3033 5404 a
3062 5352 3185 5406 [iliis
3221 5347 3331 5403 Suis
3370 5347 3524 5416 quasi

1940 5424 2015 5475 rei
2040 5420 2395 5475 damnantur?
2427 5420 2516 5474 Sic.
2539 5430 2593 5474 et
2618 5420 2783 5473 Judaei
2823 5423 2913 5491 qui
2955 5423 3167 5476 luerunt
3199 5421 3247 5491 iu
3280 5429 3523 5486 tempore

1935 5492 2156 5554 Christi,
2178 5492 2462 5561 prophetas
2484 5491 2696 5561 quidem
2718 5490 2985 5559 colebant,
3021 5503 3073 5547 et
3106 5490 3385 5545 Dominutn
3405 5502 3528 5558 per-

2000 5626 2075 5686 (a)
2110 5626 2297 5673 Unrinis
2339 5622 2653 5686 eiausagaltas
2697 5622 3064 5686 nonleguuttu‘.
3089 5620 3331 5670 (Ta‘tCI‘ttttt
3362 5619 3522 5672 series

1939 5684 2149 5755 ptetitlat
2170 5697 2222 5739 ut
2244 5687 2457 5751 legatur,
2483 5684 2519 5735 ti
2545 5699 2635 5735 non
2668 5695 2710 5738 1t
2727 5685 2953 5737 iuitutcm.
