4052 6200
502 234 607 292 8θῖ

500 346 801 407 Jerusalem,
837 342 1141 397 Jerusalem.
1174 341 1302 395 Nam
1352 342 1488 396 Deus
1519 340 1713 395 invitus
1748 340 2085 411 compellitur

504 433 625 471 cum
649 431 839 481 magno
858 414 1044 468 dolore
1073 422 1378 479 peceatores
1402 412 1672 465 damnare.
1701 411 1814 466 Non
1840 412 1982 467 enim
2009 415 2085 465 sic

503 487 664 548 dolet,
694 501 816 554 qma
849 484 960 551 ipse
989 483 1063 554 ab
1084 484 1161 536 eis
1186 482 1489 554 ollenditur,
1521 482 1612 554 sed
1642 483 1761 551 quia
1789 483 1939 554 quasi
1970 483 2085 535 vio-

502 556 676 611 lenter
703 552 909 623 cogitur
940 553 1163 623 perdere
1186 552 1439 623 aliquem,
1467 553 1557 621 qui
1586 566 1774 606 omnes
1810 552 1955 620 cupit
1984 554 2086 606 sal-

501 641 648 680 vare.
674 622 804 678 Nam
848 622 1294 692 quemadmodum
1336 623 1387 676 in
1438 624 1590 676 nobis
1617 631 1800 676 contra
1844 632 2083 676 naturam

500 707 580 749 est
610 696 743 749 bene
778 692 972 755 lacere,
999 695 1077 748 sic
1115 701 1168 745 et
1207 693 1316 746 Deo
1342 703 1526 747 contra
1558 703 1799 746 naturam
1830 703 1911 746 est
1948 695 2087 746 male

502 764 696 827 facere,
729 773 820 817 aut
864 763 1104 830 perdere.
1143 762 1246 817 Sed
1290 762 1430 817 dicet
1457 763 1649 831 aliquis
1679 780 1691 815 :
1723 763 1856 816 Cum
1900 762 1949 816 in
1991 777 2057 829 po

504 844 693 888 testate
725 833 915 888 habeat
945 834 1082 887 Dens
1112 833 1337 902 perdere
1364 844 1418 887 et
1448 832 1675 893 salvare,
1707 835 1824 901 quis
1854 847 1975 885 eum
2005 834 2085 902 in:

501 906 668 960 vitum
709 904 980 972 compellit
1019 901 1395 967 condemnare,
1426 903 1469 955 si
1522 918 1624 955 non
1668 903 1809 955 vult?
1851 902 1949 962 Tu,
1994 901 2084 969 qui

504 992 611 1032 non
643 974 919 1029 desideras
946 973 1360 1026 miscricordiam
1392 974 1502 1026 Dei.
1532 972 1662 1026 Nam
1688 972 2087 1040 sicutquidesi-

503 1045 710 1102 dotanti
733 1044 1149 1098 misericordiam
1184 1043 1275 1097 Dei
1305 1043 1550 1110 denegat.
1591 1042 1820 1096 crudelis
1850 1052 1933 1095 est
1963 1060 1975 1095 :
2008 1042 2086 1096 sic

499 1117 590 1187 qui
622 1131 729 1187 non
765 1114 1085 1187 desideranti
1136 1113 1550 1187 misericordiam
1588 1122 1823 1187 praestat,
1858 1112 2085 1187 injustas

501 1181 606 1242 est.
630 1186 734 1241 Sed
750 1185 884 1239 dicis
909 1202 922 1236 :
946 1184 1074 1248 Quis
1094 1192 1176 1237 est
1198 1182 1375 1247 homo,
1404 1184 1491 1249 qui
1517 1198 1619 1235 non
1643 1181 1907 1237 desiderat
1925 1182 2084 1235 mise-

498 1256 788 1312 ricordiam
820 1255 948 1307 Dei?
974 1254 1076 1319 Tu,
1099 1254 1185 1319 qui
1212 1268 1488 1319 permanes
1510 1254 1559 1305 in
1587 1254 1835 1320 peccatis.
1872 1252 2087 1306 Deside-

501 1343 622 1381 rare
647 1336 825 1380 autem
852 1323 1268 1378 misericordiam
1314 1323 1429 1383 Dei,
1469 1333 1549 1376 est
1584 1324 1819 1376 converti
1848 1323 1911 1375 ad
1939 1338 2079 1376 eum.

501 1396 598 1452 Ille
646 1397 788 1450 enim
830 1393 1100 1447 desiderat
1154 1392 1569 1446 mistericordiam
1620 1392 1751 1455 υιὶ,
1798 1393 1884 1461 qui
1936 1393 2086 1446 timet

499 1468 631 1521 iram
648 1466 767 1534 ejus
785 1482 797 1517 :
812 1464 898 1532 qui
917 1475 1092 1517 autem
1112 1478 1215 1534 non
1231 1463 1378 1516 timet
1396 1464 1527 1534 iram
1543 1462 1678 1534 ejus,
1701 1478 1803 1534 non
1819 1462 2087 1534 desiderat

498 1530 919 1591 misericordiam
942 1534 1079 1601 ejus,
1101 1533 1193 1586 sed
1215 1532 1525 1586 contemnit.
1547 1531 1853 1592 Jerusalem,
1872 1530 2084 1586 Jerusa-

499 1607 619 1670 lem,
642 1621 761 1675 qua:
788 1618 953 1672 uSque
981 1618 1120 1675 nunc
1147 1603 1338 1655 luctata
1368 1616 1428 1657 es
1455 1612 1637 1675 contra
1666 1603 2081 1675 misericordiam

502 1672 675 1729 meam
700 1675 802 1728 tuis
824 1673 1072 1742 peccatis.
1092 1687 1232 1742 nunc
1252 1682 1428 1725 autem
1456 1672 1621 1741 ipsam
1647 1674 1926 1742 superasti.
1952 1672 2084 1726 Volo

499 1746 641 1800 enim
673 1746 722 1798 iu
747 1754 799 1798 te
828 1742 1087 1805 misereri,
1113 1741 1209 1797 sed
1240 1745 1377 1795 vires
1409 1742 1787 1796 misericordia:
1831 1741 2103 1807 faciendae,

499 1830 607 1868 non
636 1815 826 1877 habeo,
850 1828 945 1866 nec
967 1824 1184 1880 possunt
1207 1822 1258 1867 te
1271 1811 1499 1880 amplius
1514 1812 1622 1881 jam
1646 1812 1890 1867 snﬂ’erre.
1912 1812 2085 1866 Inces-

500 1884 757 1939 Sabilibns
770 1883 911 1937 enim
930 1883 1289 1951 iniquitatibus
1306 1883 1408 1934 tuis
1427 1882 1789 1936 misericordia
1805 1898 1919 1935 mea
1934 1881 2083 1951 quasi

494 1955 603 2025 jam
633 1954 856 2025 lassata,
882 1969 909 2004 a
935 1954 1206 2025 preposito
1234 1951 1567 2025 suodefecit.
1602 1952 1728 2025 Quae
1751 1952 1936 2025 occidis
1965 1969 2084 2025 pro-

537 2025 677 2079 ltetas
700 2066 715 2090 ,
744 2035 791 2077 et
821 2023 1021 2092 lapides
1048 2037 1134 2076 eos
1162 2024 1247 2090 qui
1278 2022 1542 2092 mittuntur
1570 2024 1638 2074 ad
1681 2033 1749 2076 te.
1793 2023 1906 2076 Misi
1934 2024 2000 2077 ad
2029 2032 2084 2076 te

537 2043 677 2079 ιιειαι
700 2066 715 2090 ,
744 2043 791 2077 et
821 2043 1021 2092 ιιιριαιιδ
1048 2043 1134 2076 σοι
1162 2043 1247 2090 qut
1278 2043 1542 2074 mittuntur
1570 2043 1638 2074 au
1681 2043 1749 2076 ιε.
1793 2043 1906 2076 DIISI
1934 2043 2000 2077 att
2029 2043 2084 2076 lt}

498 2043 686 2148 rsaiam
711 2135 728 2158 ,
768 2103 822 2148 et
861 2092 1076 2148 serrasti
1121 2108 1241 2146 eum
1279 2108 1293 2144 :
1328 2091 1449 2145 misi
1487 2092 1553 2145 ad
1593 2100 1645 2146 te
1685 2092 2002 2157 Jeremiant,
2030 2101 2085 2146 et

497 2164 741 2233 lapidasti
784 2178 906 2217 eum
944 2163 1103 2216 :misi
1151 2161 1482 2233 Ezechielem
1509 2172 1621 2233 ,_et
1664 2171 1885 2233 tractum
1920 2179 2085 2231 super

497 2231 701 2303 lapides
731 2233 1090 2288 excerebrasti
1117 2249 1258 2288 eum.
1311 2231 1592 2298 Quomodo
1621 2232 1895 2287 sanaberis
1917 2273 1933 2298 ,
1963 2249 2083 2303 qua:

497 2306 701 2360 nullum
747 2305 812 2357 ad
854 2312 905 2357 te
948 2303 1209 2357 medicum
1247 2304 1430 2355 venire
1474 2303 1776 2371 permittis?
1816 2303 2084 2371 quomodo

495 2377 698 2430 curabo
739 2374 1097 2429 inﬁrmitatem
1141 2383 1283 2426 tuam
1307 2412 1321 2434 ,
1362 2387 1480 2441 qua:
1509 2388 1725 2426 onmem
1765 2373 2083 2428 medicinam

495 2445 819 2500 coacuit-as?
863 2444 1073 2499 Sanctis
1110 2444 1243 2497 meis
1272 2458 1376 2496 non
1405 2447 1616 2511 peperci
1643 2485 1659 2508 ,
1689 2452 1746 2497 ut
1772 2444 1864 2497 tibi
1895 2459 2081 2513 parce-

498 2532 613 2571 rem
646 2515 944 2584 peccatrici.
977 2514 1188 2568 Illorum
1217 2517 1375 2566 vitam
1404 2512 1644 2581 neglexi,
1672 2528 1739 2567 ne
1765 2512 1906 2568 tuam
1935 2530 2082 2584 mor-

496 2596 605 2642 tem
635 2583 894 2645 viderem.
925 2586 1121 2638 Omnes
1149 2584 1340 2638 medici
1381 2584 1680 2651 Spirituales
1710 2584 1763 2637 in
1792 2593 1841 2637 le
1865 2583 2081 2640 defece-

494 2667 621 2710 runt
643 2696 659 2721 ,
686 2666 739 2711 et
766 2667 820 2709 tu
848 2665 1027 2709 curata
1057 2670 1159 2707 non
1186 2669 1266 2708 es.
1307 2652 1619 2708 Insatiabilis
1642 2664 1725 2708 est
1752 2656 1925 2721 passio
1956 2663 2080 2720 tua;

495 2726 624 2779 vicit
649 2727 791 2781 enim
844 2734 1012 2779 artem
1063 2725 1318 2779 divinam.
1348 2724 1416 2795 Si
1447 2724 1515 2778 de
1552 2733 1727 2795 morte
1755 2733 1839 2778 tua
1873 2730 2084 2795 gavisus

496 2796 716 2851 fuissem
740 2838 755 2862 ,
787 2810 1075 2862 numquam
1111 2795 1176 2848 ad
1207 2804 1257 2850 te
1284 2794 1549 2848 misissem
1582 2793 1893 2863 prophetas.
1934 2796 1989 2849 Si
2033 2808 2083 2851 te

533 2866 720 2920 crdere
743 2866 1049 2929 voluissem,
1071 2881 1357 2932 numquam
1380 2864 1444 2917 ad
1470 2872 1520 2917 te
1541 2880 1639 2934 cgo
1662 2867 1773 2933 ipse
1794 2866 2079 2921 venissem.

533 2881 720 2920 eruere
743 2881 1049 2929 votutssent,
1071 2881 1357 2932 numquam
1380 2881 1444 2917 au
1470 2881 1520 2917 te
1541 2881 1639 2934 ego
1662 2882 1773 2933 Ipse
1794 2881 2079 2921 venissem.

495 2881 610 3007 Ego
637 2937 728 2991 tibi
759 2936 884 3005 quid
919 2934 1103 2989 faciam
1130 2937 1215 3007 ,Asi
1243 2945 1297 2988 tu
1328 2936 1437 3003 ipsa
1465 2936 1642 2990 vivere
1667 2951 1773 3007 non
1800 2936 1916 2990 vis?
1946 2938 2082 3002 Quo-

493 3004 585 3061 ne;
609 3008 742 3061 volui
767 3004 1071 3077 congregare
1097 3004 1239 3077 ﬁlios;
1255 3016 1364 3059 tuos
1386 3045 1400 3070 ,
1430 3005 1785 3077 sicutLgallina
1814 3016 2083 3077 congregat

494 3077 660 3147 pullos
689 3094 827 3141 suos,
858 3074 904 3131 et
931 3076 1177 3130 uoluisti?
1203 3074 1334 3130 Cum
1373 3084 1422 3129 te
1450 3075 1502 3129 ιιι
1524 3074 1757 3147 (Egypto
1782 3074 1929 3146 quasi
1960 3074 2084 3131 san-

494 3148 775 3217 guinarius
796 3149 1049 3217 accipiter
1080 3148 1493 3217 persequebatur
1519 3146 1742 3217 lfharao,
1772 3147 1891 3200 misi
1922 3163 2083 3215 super

494 3215 548 3272 te
572 3218 769 3272 Mosem
799 3229 853 3271 et
880 3215 1055 3272 A‘aron
1085 3215 1278 3285 (Exod.
1309 3218 1364 3271 4.
1394 3227 1444 3269 ct
1474 3215 1583 3285 5);
1615 3218 1760 3283 quasi
1788 3217 1919 3269 duas
1949 3219 2084 3271 mol-

493 3287 725 3342 lissimas
772 3303 970 3353 pennas
1011 3286 1389 3339 misericordia:
1418 3303 1550 3339 mea:
1570 3328 1584 3349 ,
1614 3296 1668 3339 et
1708 3288 1959 3340 liberatos
1989 3303 2083 3341 vos

495 3359 563 3412 de
590 3357 854 3425 unguibus
877 3359 993 3423 ejus
1019 3356 1167 3423 rapui
1198 3357 1247 3407 in
1274 3356 1565 3425 desertum,
1589 3367 1640 3410 et
1664 3358 1908 3411 noluistis
1932 3359 2080 3424 sequi

496 3442 583 3481 me
606 3467 621 3491 ,
654 3423 906 3479 iacientes
936 3427 1084 3478 vobis
1113 3425 1334 3478 vitulum
1378 3423 1431 3478 in
1478 3425 1654 3479 Horeh
1676 3465 1691 3489 ,
1723 3435 1778 3478 ut
1814 3423 2083 3480 servit-etis

493 3497 671 3567 potius
708 3495 847 3548 idolo
878 3506 1085 3567 tnorttto
1105 3534 1120 3558 ,
1150 3510 1325 3567 quam
1350 3494 1455 3547 Deo
1485 3496 1681 3567 viventi
1735 3498 1752 3565 (
1780 3493 1913 3548 Ibid.
1942 3495 2011 3567 52

498 3565 737 3632 Quotiens
765 3566 896 3618 votui
923 3580 1226 3633 congregare
1251 3565 1383 3631 ﬁlios
1400 3573 1530 3628 tuos,
1549 3565 1673 3617 sicut
1697 3566 1888 3633 gallina
1917 3565 2083 3633 pullos

492 3654 610 3692 suos
634 3677 649 3700 ,
678 3646 723 3688 et
748 3634 949 3688 noluisti
970 3636 995 3688 ?
1025 3637 1281 3688 Percurre
1306 3675 1320 3694 ,
1350 3634 1392 3687 si
1426 3635 1503 3687 vis
1523 3675 1539 3699 ,
1571 3634 1814 3689 Judicum
1850 3636 2077 3701 librmn,

494 3709 740 3776 quotiens
770 3714 1120 3776 peccaverunt
1143 3716 1202 3776 et
1224 3704 1436 3776 tradidit
1464 3705 1580 3758 illos
1613 3707 1779 3766 Deus,
1807 3714 1860 3759 et
1889 3709 2078 3761 iterum

494 3777 774 3832 liberavit?
821 3775 1118 3836 Gallinam,
1171 3775 1422 3828 Ecclesia:
1467 3776 1610 3843 ponit
1656 3776 2077 3832 similitudinem.

494 3849 645 3901 Sicut
672 3847 815 3900 enim
845 3847 972 3916 pulli
998 3846 1309 3915 gallinarum
1343 3855 1546 3913 pastum
1575 3862 1728 3899 suum
1756 3858 2077 3915 quaerentes,

496 3933 593 3986 per
616 3917 827 3988 diversa
857 3926 1131 3987 vagantur,
1162 3927 1217 3971 et
1246 3918 1497 3988 maternis
1521 3918 1736 3971 vocibus
1757 3932 2080 3988 congregan-

497 3999 584 4042 tttr
619 3986 686 4041 ad
731 3986 938 4057 ipsam,
966 3997 1019 4041 et
1058 3988 1248 4041 iterum
1284 3987 1529 4040 similiter
1568 3997 1841 4055 pascentes
1869 3986 2079 4057 disper-

494 4068 709 4127 guntur,
735 4070 787 4111 et
816 4058 1006 4111 iterum
1035 4058 1288 4111 maternis
1314 4058 1531 4111 vocibus
1555 4067 1940 4127 congregantur
1964 4076 1977 4111 :
2002 4060 2080 4113 sic

493 4139 549 4183 et
578 4129 803 4198 populus
834 4128 961 4193 Dei;
1004 4130 1271 4183 earualetn
1303 4128 1622 4194 voluptatem
1660 4138 1715 4182 et
1758 4129 2078 4182 nmndialem

493 4198 977 4269 concupiscentiam
1022 4209 1348 4267 sequentes,
1404 4211 1497 4265 per
1538 4199 1777 4251 diversos
1825 4209 2082 4267 vagantur

492 4284 706 4323 errores
733 4308 748 4330 ,
779 4283 914 4336 quos
947 4269 1178 4322 Ecclesia
1211 4277 1379 4320 mater
1419 4283 1512 4335 per
1548 4269 1852 4323 sacerdotes
1877 4310 1891 4330 ,
1922 4270 2080 4323 modo

495 4338 968 4407 increpationibus,
993 4338 1150 4391 modo
1172 4336 1564 4399 blandimentis,
1590 4340 1736 4406 quasi
1764 4340 2076 4407 quibusdam

495 4409 715 4463 vocibus
742 4423 1064 4477 congregare
1102 4418 1154 4463 et
1184 4407 1437 4461 allectare
1467 4407 1695 4461 festinat.
1729 4407 1795 4461 Et
1822 4409 2077 4477 quemad-

495 4480 715 4533 modotu
746 4479 936 4547 gallina
970 4479 1169 4531 habens
1201 4477 1391 4547 pullos,
1420 4477 1657 4529 vocando
1685 4479 1802 4532 illos
1830 4495 1932 4531 non
1958 4494 2076 4533 ces-

494 4560 611 4610 sat,
655 4556 711 4601 ιιι
743 4547 955 4602 assidua
998 4563 1126 4601 voce
1157 4548 1497 4617 vagositatem
1540 4550 1775 4617 corrigat
1818 4550 2077 4617 pullorum

494 4635 712 4675 auorum
747 4619 864 4672 :sie
902 4628 957 4672 et
994 4617 1297 4672 sacerdotes
1344 4618 1395 4670 iit
1433 4617 1672 4671 doctrina
1717 4634 1930 4672 cessare
1972 4637 2076 4674 non

488 4690 688 4744 debent
711 4730 725 4750 ,
757 4699 815 4742 ιιι
850 4689 1025 4742 studio
1053 4698 1106 4740 et
1130 4686 1437 4741 assiduitate
1466 4688 1826 4741 doctrinarum
1863 4705 2076 4743 suarum

494 4758 866 4827 negligentiam
913 4759 1086 4827 populi
1121 4759 1350 4827 errantis
1375 4758 1677 4811 emcndent.
1727 4759 1791 4813 Et
1820 4762 2078 4827 quentatlu

492 4823 709 4882 modum
739 4823 932 4898 gallina
962 4823 1162 4882 habetis
1201 4823 1369 4896 pullo's
1393 4868 1406 4890 ,
1439 4843 1543 4881 non
1573 4828 1746 4881 solum
1774 4823 1901 4882 suos
1930 4833 2074 4887 cale-

492 4898 618 4951 facit
641 4938 664 4968 ,7
684 4902 778 4952 sed
814 4901 973 4954 etiam
1004 4900 1384 4968 cujuscumque
1409 4898 1639 4952 volatilis
1664 4898 1803 4953 ﬁlios
1833 4901 2076 4955 exclusos

491 4983 528 5038 ar
551 4981 611 5023 se
639 4967 809 5037 diligit
833 4970 978 5038 quasi
1006 4985 1131 5023 suos
1155 4986 1168 5022 :
1198 4971 1265 5022 ita
1293 4967 1346 5023 et
1370 4969 1604 5024 Ecclesia
1628 4985 1732 5023 non
1756 4970 1927 5023 solum
1951 4987 2080 5024 suos

492 5036 826 5108 Christianos
852 5036 1032 5094 studet
1060 5053 1271 5105 vocare,
1303 5039 1398 5094 sed
1425 5040 1538 5094 sive
1566 5042 1808 5108 gentiles,
1842 5042 1953 5094 sive
1981 5041 2076 5096 Ju-

493 5107 635 5190 dati3
665 5107 717 5190 si
737 5109 991 5190 suppositi
1032 5109 1103 5190 illi
1135 5108 1329 5164 fuerint
1351 5151 1365 5172 ,
1397 5107 1585 5190 omnes
1616 5112 1735 5166 tidei
1766 5126 1875 5164 sua:
1899 5112 2078 5168 ealore

490 5178 745 5241 viviticat,
767 5187 822 5231 et
846 5178 902 5249 in
916 5180 1184 5249 baptismo
1203 5189 1442 5249 generat,
1465 5190 1520 5235 ct
1545 5182 1594 5234 in
1617 5196 1862 5235 sermone
1887 5192 2074 5245 nutrit,

489 5259 547 5303 et
570 5256 807 5303 materna
833 5247 1008 5315 diligit
1029 5247 1266 5304 caritate.
1299 5250 1366 5305 Ut
1391 5260 1566 5305 autem
1591 5261 1646 5304 et
1672 5251 1935 5307 haereticis
1964 5253 2078 5308 [nec

490 5320 677 5389 eadem
717 5326 1026 5389 coaptetnus
1050 5357 1062 5377 ,
1094 5317 1387 5374 Jerusalem
1419 5321 1505 5375 hic
1533 5337 1745 5389 semper
1783 5322 2075 5377 Ecclesiam

492 5388 749 5459 intetlige,
779 5402 897 5458 quae
925 5386 1120 5442 dicitur
1143 5389 1332 5442 civitas
1362 5392 1524 5458 pacis,
1555 5386 1707 5460 cujus
1732 5392 2074 5447 fundamenta

489 5460 659 5540 posita
682 5468 822 5540 sunt
861 5472 1020 5540 super
1051 5469 1257 5540 montes
1297 5460 1908 5540 scripuli-irruat.”Sicut
1947 5480 2075 5540 ergo

489 5528 565 5583 illi
594 5529 784 5602 Judaei,
812 5532 899 5602 qui
929 5529 1138 5602 fuerant
1163 5528 1457 5602 Jerusalem
1485 5533 1776 5600 spiritualis
1799 5575 1814 5599 ,
1847 5528 2073 5602 ingtessi

491 5600 829 5670 crediderunt
857 5601 906 5653 in
929 5601 1219 5663 Christum,
1245 5600 1318 5653 illi
1345 5611 1543 5663 autem,
1570 5603 1657 5670 qui
1685 5614 1835 5656 erant
1855 5600 2071 5659 Jerusa-

491 5665 597 5721 lem
623 5671 933 5742 corporalis,
958 5681 1234 5728 manentes
1261 5672 1314 5732 in
1338 5665 1601 5743 corporali
1626 5672 1920 5745 Judaismo,
1946 5692 2069 5748 per-

1738 189 1916 283 ot'us
1956 220 2439 280 IMPERFECTUM

2190 337 2547 408 sequebantur
2556 337 2857 405 spirituales
2872 337 3108 403 Judmos,
3131 336 3181 390 id
3198 343 3302 400 est,
3322 338 3616 408 apostolos,
3642 355 3812 391 mae-

2198 407 2392 478 neque
2415 424 2480 463 ex
2500 410 2901 462 circumcisione
2922 409 3201 461 credentes
3223 424 3238 459 :
3260 408 3340 461 sic
3359 418 3414 460 et
3435 407 3503 461 de
3523 412 3627 478 ista
3663 426 3801 464 nova

2190 477 2502 540 Jerusalem,
2526 478 2574 531 id
2597 488 2697 538 est,
2717 478 3059 536 deEcclesia,
3078 479 3165 546 qui
3183 477 3489 546 spirituale~
3506 477 3801 537 Christiani

2195 549 2407 603 luerunt
2422 588 2436 609 ,
2461 548 2641 602 relicta
2664 550 2921 618 eoi-porali
2943 549 3180 603 Ecclesia
3200 589 3215 611 ,
3236 563 3396 618 quam
3419 550 3606 615 pertidi
3631 565 3798 604 occu-

2193 627 2447 688 paverant
2475 618 2719 672 violentia
2741 617 3026 681 ,exiernnt
3050 620 3118 671 ab
3143 618 3269 671 illis.
3311 617 3478 687 Magis
3508 629 3693 674 autem
3724 625 3799 679 illi

2188 687 2431 743 exierunt
2451 705 2480 739 a
2504 688 2675 758 nobis,
2696 692 2829 742 sicut
2847 689 3081 743 Joannes
3099 689 3316 756 exponit
3331 690 3405 758 (ι.
3426 687 3583 741 Jorm.
3601 690 3659 742 ‘2.
3690 693 3797 750 l9).

2274 758 2426 812 Exire
2447 758 2509 811 de
2536 757 2760 812 Ecclesia
2782 762 2895 830 quis
2918 761 3138 812 dicatur.
3176 788 3246 798 —
3285 758 3404 811 Non
3433 759 3579 814 enim
3609 762 3704 815 ille
3732 765 3797 817 de

2191 828 2615 902 Ecclesiacxire
2641 828 2874 902 videtur,
2907 830 2997 899 qui
3028 830 3381 902 corporaliter
3403 830 3549 893 exit,
3581 832 3680 884 sed
3708 838 3796 902 qui

2195 898 2544 967 spiritualiter
2570 899 2808 953 veritatis
2841 898 3218 955 ecClcsiasticze
3249 900 3594 952 fundamenta
3636 898 3797 957 relin-

2191 971 2321 1035 quit.
2347 967 2454 1023 Nos
2478 970 2619 1024 enim
2646 969 2714 1022 ab
2743 970 2844 1023 illis
2872 972 3135 1024 exivimus
3161 984 3416 1038 corpore,
3458 970 3536 1022 illi
3561 982 3742 1025 autem
3768 993 3794 1028 τι

2193 1039 2345 1092 nobis
2377 1040 2576 1093 animo.
2620 1038 2729 1093 Nos
2758 1041 2825 1093 ab
2864 1041 2967 1093 illis
2993 1042 3256 1095 exiviuius
3288 1042 3408 1093 loco
3428 1084 3445 1105 ,
3479 1041 3556 1093 illi
3586 1058 3618 1093 ι
3648 1044 3799 1100 nobis

2193 1110 2315 1162 lide.
2348 1109 2453 1179 Nos
2477 1110 2613 1179 apud
2646 1110 2761 1164 idos
2792 1111 3103 1178 reliquimus
3130 1110 3478 1163 fundamenta
3508 1113 3789 1179 parietum,

2191 1179 2267 1232 illi
2280 1178 2418 1244 apud
2432 1178 2531 1234 nos
2543 1180 2868 1248 reliquerunt
2889 1181 3228 1235 fundamenta
3243 1179 3420 1249 Script
3432 1196 3656 1234 orarum
3668 1227 3681 1237 .
3696 1185 3793 1238 Nos

2193 1252 2263 1303 ab
2294 1250 2395 1303 illis
2419 1251 2618 1320 egressi
2648 1266 2831 1303 smnus
2856 1252 3143 1305 secundum
3171 1262 3461 1317 aSpectum
3496 1252 3791 1317 hominum,

2154 1370 2157 1373 η
2196 1320 2267 1373 illi
2297 1330 2474 1373 autem
2499 1336 2526 1372 a
2556 1320 2708 1373 nobis
2730 1322 3025 1375 secundum
3054 1321 3311 1388 judicium
3342 1322 3459 1374 Dei.
3488 1322 3616 1375 Ideo
3641 1336 3693 1377 et
3724 1328 3789 1379 illi

2190 1390 2494 1462 corporales
2512 1390 2801 1444 Christiani
2826 1401 3213 1462 pet-sequuntur
3234 1403 3452 1445 nostros
3469 1393 3789 1462 Spirituales,

2189 1461 2369 1533 Spele
2414 1461 2687 1533 colorata,
2738 1464 2991 1515 varietate
3039 1461 3273 1515 fundata.
3328 1462 3630 1531 Propterea
3678 1461 3791 1533 qua:

2192 1530 2435 1597 superius
2472 1531 2725 1583 Dominus
2761 1541 3303 1595 connuemoraverat,
3339 1532 3407 1584 ad
3446 1530 3607 1586 illam
3640 1530 3782 1589 Jeru-

2190 1602 2355 1654 salem
2398 1600 2727 1668 corporalem
2772 1601 2911 1653 dicta
2956 1617 3076 1655 esse
3114 1602 3363 1654 videntur
3409 1620 3424 1654 :
3465 1602 3783 1665 Jerusalem.

2192 1670 2477 1743 Jerusalem
2499 1711 2510 1731 ,
2539 1686 2651 1743 qua:
2675 1672 2858 1743 orcidis
2884 1673 3185 1743 map/tetas,
3213 1682 3260 1724 et
3280 1673 3492 1739 lapides
3518 1691 3607 1727 eos
3626 1678 3788 1743 quiet!

2188 1750 2234 1812 te
2257 1740 2537 1812 mittuntur.
2566 1740 2848 1812 Nongdixit,
2868 1742 2996 1807 Qua:
3017 1742 3257 1796 cecidisti
3282 1753 3337 1796 et
3359 1744 3612 1811 lapidasti
3638 1740 3775 1812 ESttd,

2196 1810 2325 1874 Quae
2363 1811 2552 1883 occidis
2589 1810 2872 1883 ctglopidas
2900 1826 2919 1865 :
2949 1813 2995 1863 id
3027 1823 3107 1866 est
3130 1853 3145 1873 ,
3176 1814 3308 1878 Qua:
3341 1810 3447 1867 hoc
3480 1810 3776 1883 proprium,

2187 1891 2241 1934 et
2272 1881 2420 1946 quasi
2458 1881 2746 1934 naturalem
2777 1883 3216 1936 Consuetudinem
3249 1883 3419 1937 habes
3444 1926 3460 1948 ,
3482 1881 3557 1937 int
3587 1881 3783 1941 occidas

2191 1958 2247 2004 ct
2294 1950 2496 2017 lapides
2540 1962 2770 2023 sanctos.
2821 1950 2934 2005 Non
2976 1954 3116 2005 enim
3160 1954 3358 2006 «recidit
3403 1966 3498 2007 aut
3546 1955 3782 2023 lapidavit

2193 2032 2405 2073 sanctos
2433 2031 2557 2074 ante
2589 2021 2861 2092 Christum
2886 2062 2899 2083 ,
2931 2032 2984 2075 ct
3010 2024 3237 2076 cessavit
3270 2024 3455 2077 facere
3484 2021 3615 2092 post
3637 2026 3782 2080 Chri-

2189 2099 2328 2166 stum
2355 2105 2471 2158 qua:
2503 2090 2625 2166 fecit
2649 2092 2932 2166 aliquando
2976 2093 3245 2166 prophetis
3269 2134 3283 2156 ,
3319 2090 3645 2166 sedicadcm
3683 2100 3784 2166 ip~a

2189 2160 2312 2233 facit
2341 2164 2599 2233 apostolis
2614 2202 2633 2233 ί.
2663 2160 2782 2231 quin
2812 2164 2933 2215 fecit
2968 2160 3253 2233 aliquando
3290 2165 3595 2231 prophetis.
3630 2160 3713 2221 Sic
3736 2181 3783 2221 et

2189 2230 2562 2285 ltmreticorum
2585 2232 2817 2287 Ecclesia
2841 2250 2945 2287 non
2977 2230 3145 2286 solum
3170 2230 3492 2301 persequuta
3512 2246 3602 2289 est
3625 2256 3682 2303 pa
3708 2256 3784 2291 res

2189 2311 2442 2372 nostros,
2480 2311 2534 2356 et
2584 2304 2825 2372 persequi
2862 2303 2970 2372 jam
3013 2306 3283 2358 cessavit:
3323 2306 3422 2358 sed
3464 2308 3661 2360 eadem
3697 2308 3779 2362 lilii

2188 2386 2375 2426 eorum
2419 2370 2620 2426 faciunt
2660 2370 2813 2425 nobis
2837 2370 3000 2441 ,‘quze
3039 2375 3275 2441 patrihus
3319 2378 3526 2428 nostris
3558 2378 3782 2432 fect-nuit

2190 2452 2367 2511 patres
2406 2458 2611 2496 eorum.
2661 2442 2936 2497 Mittuntur
2967 2447 3107 2497 enim
3151 2446 3216 2497 ad
3258 2446 3378 2499 illos
3424 2447 3525 2498 viri
3573 2450 3780 2511 tidclcs,

2187 2512 2663 2582 quotienscumque
2710 2515 2848 2567 inter
2890 2514 3010 2566 illos
3047 2524 3101 2567 ιι
3143 2513 3326 2576 ﬁdeles
3354 2526 3639 2571 certamen
3671 2522 3778 2573 tidci

2192 2590 2556 2636 commovetur
2579 2624 2593 2645 ,
2634 2599 2736 2636 non
2767 2599 2832 2637 ex
2862 2585 3117 2639 ebrietate
3145 2585 3251 2637 vini
3277 2626 3293 2649 ,
3335 2587 3476 2639 sicut
3511 2590 3628 2640 ticri
3657 2592 3778 2643 solet

2193 2652 2517 2722 frequenter,
2540 2654 2631 2705 sed
2654 2670 2715 2707 ex
2740 2652 2910 2722 aliqua
2929 2669 3085 2707 causa
3113 2656 3399 2721 religionis.
3428 2656 3707 2712 Mittuntur
3723 2661 3779 2713 ad

2167 2723 2331 2793 illos,
2359 2723 2497 2777 sicut
2522 2724 2863 2778 mittebantur
2899 2725 3172 2793 prophetm
3209 2736 3263 2780 et
3304 2728 3537 2793 apostoli
3587 2731 3650 2781 ad
3692 2730 3778 2784 Ju-

2187 2792 2333 2848 dicos
2356 2834 2369 2854 ,
2394 2808 2498 2847 non
2528 2794 2591 2846 ad
2622 2798 2843 2846 salutem
2864 2792 3048 2847 eoi-nni
3070 2811 3086 2858 ;
3107 2792 3430 2850 insanabiles
3449 2800 3604 2852 enim
3630 2814 3775 2852 :lllll:

2188 2863 2281 2917 sed
2326 2863 2393 2916 ad
2441 2865 2800 2932 pra-judicium
2851 2866 3129 2932 ipsorum,
3176 2876 3231 2919 ut
3273 2868 3391 2920 sine
3439 2874 3776 2926 excusatione

2190 2934 2499 3003 ignorantia:
2531 2935 2852 3008 judicentur.
2904 2935 3028 2987 ltcnt
3056 2936 3229 2989 aliter.
3276 2938 3525 2991 ll;rretici
3560 2944 3774 3008 prophe-

2191 3012 2291 3069 tas,
2315 3013 2368 3077 ct
2389 3005 2676 3077 apostolos,
2695 3014 2755 3077 et
2783 3017 3044 3076 martyres
3064 3007 3335 3071 occidunt,
3362 3011 3451 3077 qui
3480 3005 3647 3064 modo
3661 3005 3775 3065 sinit

2191 3074 2329 3145 apud
2361 3090 2458 3126 nos
2488 3092 2500 3127 :
2529 3075 2644 3128 sine
2674 3076 2831 3128 dubio
2858 3074 3107 3130 occidunt
3135 3079 3183 3128 in
3213 3074 3392 3130 verbi;
3418 3081 3554 3143 suis,
3580 3093 3631 3133 et
3652 3083 3773 3134 actio

2193 3145 2309 3220 bus.
2339 3145 2599 3209 Qumiens
2630 3145 3044 3220 ettitirlegtttitttr
3074 3164 3123 3198 ιιι
3154 3147 3411 3220 Eutlesiis
3442 3155 3640 3203 nostris
3664 3168 3771 3205 ver-

2188 3213 2254 3267 ba
2286 3224 2341 3268 et
2364 3224 2477 3289 acta
2509 3213 2884 3289 prophetarum
2917 3227 2967 3269 et
2999 3232 3100 3284 apo
3133 3219 3363 3271 telorum
3384 3262 3398 3283 ,
3435 3224 3769 3289 llritpltth'Cl

2191 3285 2416 3353 apostoli
2459 3286 2604 3360 missi
2651 3285 2993 3360 nihilominus
3019 3291 3326 3360 loquuntur
3368 3285 3448 3342 ad‘
3473 3285 3570 3343 nos
3592 3331 3606 3355 ,
3637 3306 3760 3360 quos

2189 3370 2377 3409 omnes
2407 3356 2597 3409 tuissos
2621 3356 2684 3408 ad
2712 3372 2770 3427 se
2797 3356 3029 3409 ha-retiri
3063 3356 3189 3409 dttm
3234 3361 3413 3427 legunt
3440 3372 3488 3413 et
3512 3356 3754 3413 tnale'iu-

2192 3432 2569 3492 tcrpretantnr,
2601 3425 2848 3478 occident
2875 3436 2927 3481 et
2957 3428 3189 3495 Iapidant
3212 3425 3308 3483 eos
3367 3430 3430 3485 Ut
3458 3442 3628 3484 autem
3652 3446 3756 3483 ma-

2188 3497 2375 3570 nifeste
2404 3510 2695 3570 cognoscas
2721 3537 2735 3559 ,
2768 3500 3036 3570 quomodo
3067 3502 3340 3566 prophetze
3370 3512 3424 3554 et
3459 3503 3678 3570 .po~toli
3701 3502 3763 3555 ab

2189 3564 2454 3640 haereticis
2479 3564 2861 3640 occidunturet
2887 3564 3189 3640 lapidaittur
3213 3588 3226 3620 :
3257 3564 3763 3640 primum'tntclligc,

2186 3636 2455 3708 quomodo
2483 3637 2717 3708 nascitur
2740 3637 2985 3708 (llirisuts
3016 3639 3067 3691 in
3100 3636 3274 3703 nobis,
3307 3653 3356 3693 et
3390 3645 3661 3708 qttttnuido
3685 3636 3766 3695 oc-

2187 3706 2380 3760 ciditur
2421 3706 2642 3773 Quando
2661 3707 2797 3760 enini
2821 3707 3088 3760 credimus
3113 3710 3162 3761 ιιι
3186 3706 3482 3773 Christum,
3506 3714 3761 3765 tltiristuin

2185 3790 2504 3852 generamus
2530 3788 2583 3852 et
2615 3779 2901 3852 lo_r_t_i_i_at_t_tus
2933 3780 2982 3852 in
3013 3780 3202 3840 noliis‘,
3244 3794 3381 3833 sicut
3408 3783 3623 3835 dicebat
3650 3786 3767 3852 Apo-

2187 3846 2354 3920 stolas
2379 3847 2580 3920 Calatis
2610 3864 2623 3899 :
2652 3846 2825 3920 ("t'rliolt'
2850 3848 2964 3920 inci,
2989 3866 3114 3919 quos
3138 3852 3316 3902 iterum
3339 3856 3598 3920 portorio,
3623 3846 3764 3905 donec

2186 3917 2679 3991 {ornwturChristns
2706 3919 2757 3970 in
2785 3917 2921 3991 vobis
2945 3920 2962 3989 (
2989 3917 3105 3971 Gul.
3135 3922 3187 3974 4.
3223 3924 3285 3975 l9
3312 3917 3349 3985 ιζ
3378 3923 3765 3991 (Σιιι-διιιιιιυιιιιιι

2185 3995 2241 4040 et
2268 3988 2478 4055 quando
2509 3988 2776 4055 perdimus
2817 3988 2972 4042 lideni
3014 3991 3206 4044 Christi
3234 4035 3248 4056 ,
3280 3994 3555 4047 Christum
3582 3988 3763 4047 t‘Cl‘ltlt-

2187 4072 2306 4131 t_nus
2331 4058 2384 4110 in
2413 4058 2584 4119 nobis,
2609 4060 2744 4131 sicut
2775 4068 2830 4131 et
2854 4063 3125 4128 prophetat
3153 4063 3292 4131 apud
3326 4065 3615 4119 ltzcrctietis
3635 4082 3764 4118 ecet-

2183 4126 2400 4181 duntnr.
2450 4129 2671 4196 Quando
2706 4126 2867 4182 enim'
2891 4131 3045 4183 tidem
3089 4142 3143 4184 et
3182 4126 3458 4187 veritatem
3494 4144 3763 4189 \‘t‘l‘lmruttt

2185 4210 2559 4273 eorum_prava
2589 4200 3380 4273 interpretationesuhvertnnt,
3412 4208 3699 4273 prophetas
3718 4216 3764 4259 et

2185 4270 2458 4344 apostolos
2500 4271 2750 4344 occidunt
2795 4272 2843 4322 in
2892 4287 2975 4324 se.
3010 4271 3195 4344 ipsius
3241 4275 3384 4327 enim
3412 4270 3584 4329 verbi
3629 4278 3761 4344 quasi

2184 4340 2400 4407 sanguis
2428 4341 2622 4394 veritas
2649 4350 2751 4405 est,
2777 4356 2895 4405 qua:
2916 4343 3150 4396 vivincat
3179 4346 3416 4397 verbum.
3440 4345 3616 4402 Omne
3637 4340 3760 4399 enim

2187 4409 2403 4463 verbum
2430 4452 2444 4475 ,
2473 4410 2611 4479 quod
2644 4427 2746 4463 non
2785 4411 2943 4464 habet
2982 4414 3031 4465 iit
3059 4431 3117 4466 se
3143 4416 3420 4469 veritatem
3457 4418 3547 4469 Dei
3574 4459 3592 4481 ,
3631 4433 3758 4470 mor-

2188 4487 2334 4534 tuum
2365 4489 2471 4543 est,
2493 4481 2941 4555 quemadmodum
2964 4485 3080 4537 sine
3108 4486 3366 4553 sanguine
3393 4504 3608 4555 corpus.
3643 4490 3757 4540 l’r-z-

2188 4561 2367 4630 pterea
2412 4552 2588 4630 omnia
2626 4553 2786 4630 verba
2820 4552 2997 4606 divina
3024 4596 3038 4618 ,
3080 4552 3323 4630 quamvis
3364 4552 3558 4613 rusuca
3589 4560 3688 4612 sint
3715 4568 3762 4610 ct

2185 4622 2531 4692 incomposita
2556 4662 2570 4682 ,
2613 4622 2728 4675 viva
2759 4634 2880 4675 sunt
2914 4642 2925 4677 :
2955 4622 3205 4692 quoniam
3252 4629 3394 4681 intus
3438 4630 3491 4683 iit
3532 4631 3758 4682 Sensibus

2185 4691 2295 4769 suis
2327 4692 2773 4769 habent‘posttam
2808 4696 3079 4769 veritatem
3112 4697 3203 4750 Dei
3230 4737 3246 4762 ,
3279 4701 3429 4766 quasi
3466 4706 3755 4769 sanguinem

2187 4762 2239 4814 iit
2269 4763 2417 4815 venis
2446 4763 2726 4823 inclusum,
2759 4773 2812 4816 et
2840 4764 2959 4817 ideo
2986 4768 3245 4819 vivilicant
3280 4762 3608 4829 audientcni,
3635 4772 3757 4821 sicut

2192 4841 2415 4885 testatur
2456 4832 2644 4886 Petrus
2686 4834 2751 4885 ad
2793 4834 3097 4893 Christum,
3143 4840 3368 4894 iiii-ens;
3402 4843 3515 4903 Quo
3558 4838 3756 4892 ibimus!

2184 4903 2328 4955 verba
2358 4904 2467 4955 vim
2493 4903 2641 4956 Indies
2666 4903 2860 4974 (Joan.
2891 4908 2943 4959 ti.
2976 4908 3045 4959 ιιι)
3071 4913 3108 4970 ).
3164 4908 3354 4960 Omnia
3401 4926 3574 4964 autem
3615 4913 3756 4961 verba

2184 4974 2479 5037 stccnlaria,
2511 4976 2756 5041 quoniam
2787 4992 2889 5028 non
2921 4977 3113 5030 habent
3140 4978 3192 5030 in
3221 4996 3278 5033 se
3308 4984 3554 5034 virtutem
3583 4982 3689 5042 Dei,
3714 4988 3758 5030 rt

2187 5045 2427 5116 quamvis
2468 5046 2574 5116 sint
2615 5048 2902 5113 composita
2929 5059 2983 5100 et
3014 5050 3282 5116 ingeniosa
3308 5091 3323 5111 ,
3367 5063 3568 5104 mortua
3610 5064 3715 5103 sunt
3740 5088 3752 5105 .

2183 5115 2433 5182 quoniam
2464 5115 2515 5167 ιιι
2545 5118 2691 5168 venis
2718 5132 2968 5170 sensuum
3003 5115 3224 5173 suerunt
3255 5139 3358 5174 nun
3393 5122 3584 5176 habent
3609 5131 3751 5172 vntu-

2186 5194 2293 5237 tcm
2321 5184 2408 5237 Dei
2433 5202 2445 5237 :
2470 5194 2748 5252 propterea
2773 5202 2872 5241 nec
2897 5188 3197 5243 audientem
3219 5193 3445 5245 salvam.
3471 5194 3749 5247 Secundum

2186 5253 2298 5308 haec
2330 5254 2438 5321 jatu
2480 5256 2725 5324 intelligis
2748 5297 2763 5321 ,
2791 5260 3058 5326 quomodo
3088 5260 3320 5315 lia-retici
3350 5265 3596 5317 occidunt
3615 5272 3663 5314 ct
3690 5265 3752 5309 la-

2187 5326 2368 5401 pidant
2398 5326 2682 5401 prophetas
2711 5331 3059 5401 etapostolos
3086 5332 3281 5385 IIIlSS'IS
3306 5333 3372 5386 ad
3402 5353 3478 5388 se.
3520 5334 3750 5401 Quotirlti

2183 5400 2325 5470 enim
2360 5397 2634 5470 veritatem
2664 5399 2943 5453 verborum
2975 5420 3158 5454 eorum
3189 5404 3365 5470 gladio
3408 5397 3612 5470 maligni
3651 5402 3748 5469 spi-

2184 5467 2318 5519 ritus
2342 5476 2395 5519 et
2424 5467 2576 5543 verbi
2603 5470 2834 5536 perversi
2865 5467 3243 5540 corrumpuni.
3273 5467 3747 5543 oecldunt‘prophe:

2186 5550 2267 5590 tas
2294 5548 2347 5591 et
2374 5540 2645 5609 apostolos
2667 5580 2682 5603 ,
2712 5550 2767 5593 et
2803 5537 3112 5609 sanguinem
3146 5548 3428 5599 verbortnu
3461 5537 3674 5603 eorum,
3703 5537 3746 5593 id

2183 5616 2265 5662 est
2288 5647 2303 5673 ,
2339 5607 2616 5661 veritatem
2643 5607 2918 5664 eliutnltmt
2948 5614 2995 5664 iu
3032 5624 3225 5667 terram
3257 5633 3270 5667 :
3302 5620 3488 5669 tuticus
3517 5614 3643 5667 aliud
3674 5614 3742 5662 in-

2194 5678 2489 5749 tclligcntcs
2513 5680 2567 5735 in
2600 5682 2772 5737 verbis
2801 5684 3179 5755 prolilictaruui
3210 5698 3263 5741 et
3307 5683 3670 5756 apostolorum,
3696 5687 3743 5728 ct

3693 224 3802 282 επ
3882 205 3897 217 .
