4050 6200
371 282 477 340 G97

371 397 513 467 aliud
545 395 930 467 proloquuntur
956 395 1005 447 in
1034 394 1251 463 populo,
1279 392 1635 461 blaspltcmias
1656 394 1951 467 sua'rquasl

370 464 576 536 lapides
599 464 855 538 quosdam
878 467 1080 535 iactant
1104 482 1264 538 super
1285 468 1629 538 apostolus‘et
1651 464 1952 538 prophetas.

370 533 768 604 Quotiens'volni
787 533 1090 607 congregare
1112 534 1244 607 ﬁlios
1265 544 1396 607 tuos,
1420 543 1523 588 etc.
1550 533 1956 607 Qttttliettsctttth

367 625 472 677 que
502 609 643 663 enim
671 648 684 665 .
729 604 1136 661 sicut'diximns
1160 646 1175 670 ,
1219 606 1356 677 inter
1384 604 1661 677 Ιιιυηοιῇςος
1691 612 1743 677 et
1775 604 1956 658 lideles

368 673 491 733 lldei
521 688 763 732 movetur
789 687 1081 741 certamen,
1115 676 1389 730 evidenter
1416 677 1526 728 vult
1554 675 1672 728 illos
1702 673 1953 727 Dominus

366 764 696 820 congregare
720 748 819 800 sub
850 748 1069 801 veritate
1097 748 1299 802 alarum
1328 760 1573 820 suarum,
1603 744 1652 798 id
1680 752 1790 810 est,
1818 744 1953 820 dno-_-

366 814 1006 880 1-1ιηῖΤιῖειαηιθιιιοτηιιι,
1039 822 1514 887 quotienscun'tque
1543 814 1786 887 leguntur
1813 814 1951 881 apud

364 906 461 944 eos
490 891 650 943 verba
683 885 1067 957 prophetarum
1104 897 1159 943 et
1200 887 1559 955 apostolorum
1602 902 1615 938 :
1658 885 1729 938 illi
1774 893 1949 957 autem

364 975 473 1012 non
504 958 655 1029 quasi
683 956 958 1029 domestici
989 959 1113 1027 pttlli
1145 958 1388 1029 galliam,
1421 973 1538 1029 quae
1567 966 1650 1029 est
1676 956 1910 1029 Ecclesia
1932 996 1948 1020 ,

362 1030 459 1083 sed
506 1027 659 1098 quasi
705 1028 978 1083 silvestres
1025 1030 1146 1098 pulli
1190 1028 1513 1097 sanguinarii
1555 1027 1817 1098 vulturis,
1861 1034 1951 1081 aut

361 1097 669 1167 accipitris,
714 1115 819 1152 non
867 1097 1043 1153 solum
1087 1100 1151 1152 ad
1184 1102 1459 1152 veritatem
1502 1098 1725 1151 duorum
1757 1097 1948 1150 Testa-

364 1179 670 1224 mentorum
694 1170 875 1227 venire
903 1186 1005 1221 non
1031 1170 1401 1237 acquiescant,
1431 1169 1522 1222 sed
1546 1168 1716 1221 adhuc
1743 1169 1949 1222 irrunut

361 1253 525 1309 super
554 1241 724 1306 ipsam
745 1240 1015 1308 gallinam,
1051 1239 1100 1293 id
1128 1252 1231 1304 est,
1260 1239 1549 1294 Ecelesiam
1571 1281 1583 1302 ,
1616 1246 1667 1290 et
1692 1238 1949 1307 diripiunt

360 1321 415 1365 et
437 1310 756 1380 dispergunt
789 1312 960 1377 pullos
986 1309 1134 1378 ejus,
1163 1320 1215 1363 et
1250 1310 1531 1380 evollicant
1556 1325 1670 1380 eam
1703 1309 1946 1380 :dtttlicus

362 1379 476 1449 vult
499 1377 594 1434 eos
623 1377 948 1449 congregare
971 1421 986 1443 ,
1016 1377 1085 1433 illi
1114 1391 1289 1435 autem
1320 1377 1521 1434 uolant.
1566 1379 1656 1434 38.
1699 1378 1831 1433 Ecce
1867 1399 1945 1435 re-

361 1447 613 1518 linquetur
633 1447 767 1505 vobis
786 1447 964 1504 domus
988 1464 1015 1503 v
1034 1463 1148 1504 'stra
1173 1454 1401 1515 deserta;
1427 1451 1474 1503 id
1505 1460 1604 1513 est,
1631 1464 1753 1505 ecce
1780 1466 1941 1517 nunc,

361 1523 605 1589 tempore
628 1522 864 1575 instanti.
891 1522 1023 1575 Cum
1047 1537 1147 1590 ego
1172 1522 1319 1575 l'uero
1344 1522 1648 1587 crueilixos,
1674 1521 1945 1575 seindetur

360 1591 539 1663 velum
576 1592 765 1663 templi
790 1632 806 1657 ,
851 1602 904 1646 et
946 1603 1154 1646 secreta
1180 1593 1451 1663 itnystyria
1501 1592 1795 1663 sanctitatis
1826 1593 1941 1659 ejus

360 1662 797 1729 publicabuntur,
826 1671 879 1716 et
906 1664 1115 1716 recedet
1141 1662 1208 1713 ab
1234 1661 1298 1716 eo
1321 1661 1547 1729 Spiritus
1576 1662 1683 1716 Dei.
1716 1661 1777 1715 Et
1803 1664 1942 1717 sicut

357 1746 555 1802 corpus
582 1733 756 1786 anima
789 1736 1068 1788 recedente
1098 1734 1243 1801 prius
1264 1733 1476 1800 quidem
1510 1731 1762 1801 frigescit,
1788 1731 1940 1786 dein-

356 1800 425 1854 de
455 1800 707 1870 putrescit
730 1814 783 1859 et
804 1803 1029 1858 solvitur
1057 1820 1071 1856 :
1098 1800 1175 1856 sic
1198 1813 1253 1858 et
1280 1803 1531 1871 templum
1561 1800 1810 1863 vestrum,
1849 1804 1937 1858 ltci

356 1872 562 1941 Spiritu
597 1874 875 1930 recedente
901 1874 969 1926 ab
996 1888 1063 1928 eo
1086 1915 1100 1938 ,
1132 1876 1278 1942 prius
1306 1874 1517 1942 quidem
1547 1874 1895 1927 seditionibus
1918 1916 1932 1935 .

358 1950 416 2014 ει
464 1942 1032 2010 indiscipliuatiouibus
1074 1944 1363 2014 replebitur
1409 1945 1738 2012 tyrannicis,
1787 1947 1934 2011 quasi

358 2010 470 2066 Deo
492 2013 598 2085 jam
627 2015 754 2068 illud
783 2027 886 2068 non
913 2010 1274 2085 gubernante;
1314 2010 1505 2068 deinde
1535 2015 1708 2068 veniet
1735 2010 1811 2068 ad
1831 2016 1937 2068 rui-

356 2096 503 2137 nam.
550 2084 697 2139 Sicut
734 2086 876 2139 cnim
918 2084 1040 2140 ante
1080 2096 1302 2139 mortem
1335 2085 1596 2149 hominis,
1632 2086 1935 2140 insanabilis

356 2155 608 2222 pra-cedit
636 2155 915 2210 inﬁrmitas
942 2174 956 2211 :
984 2158 1062 2210 sic
1089 2170 1137 2210 et
1166 2168 1290 2211 ante
1320 2157 1524 2209 ruinam
1552 2167 1640 2209 aut
1670 2156 1932 2219 hominis,

358 2232 447 2278 out
464 2223 564 2278 loci
584 2226 1193 2297 alicujus,autcivitatis,
1208 2227 1611 2280 inemendabilia
1630 2228 1934 2297 prtccedunt

357 2304 592 2363 peccata.
623 2296 772 2351 Sit-ut
805 2294 946 2350 enim
978 2297 1102 2366 pulli
1135 2297 1439 2365 frequenter
1462 2312 1492 2349 a
1524 2294 1691 2353 luntre
1720 2300 1886 2351 vocati
1914 2338 1930 2364 ,

351 2377 473 2418 cum
502 2381 605 2438 nou
630 2366 998 2432 obaudierint,
1035 2384 1206 2437 neque
1230 2369 1436 2438 sequuti
1465 2366 1660 2422 fuerint
1686 2378 1929 2431 matrem,

352 2445 526 2490 matre
554 2436 764 2506 longius
788 2438 1017 2493 abeunte
1039 2475 1053 2502 ,
1085 2436 1176 2491 aut
1201 2436 1344 2504 venit
1366 2439 1649 2507 accipiter,
1678 2450 1727 2493 et
1752 2439 1932 2506 diripit

352 2519 464 2578 eos,
488 2516 579 2561 aut
607 2508 813 2575 longius
836 2517 1144 2578 evagantur,
1172 2518 1226 2562 ut
1251 2520 1468 2578 pereant
1493 2528 1507 2564 :
1530 2511 1605 2564 sic
1629 2520 1682 2564 et
1710 2512 1932 2562 Domino

353 2574 664 2646 l'requcnter
702 2574 916 2633 Indicos
938 2574 1174 2634 vvocante
1198 2619 1214 2644 ,
1248 2574 1495 2647 quoniam
1537 2597 1643 2634 non
1681 2581 1932 2636 obatnlie-

351 2658 497 2712 sum,
532 2663 704 2718 neque
730 2650 936 2719 sequuti
968 2660 1092 2703 sunt
1121 2665 1261 2710 eum.
1296 2651 1578 2703 recedente
1610 2652 1699 2706 illo
1723 2649 1791 2703 ab
1816 2654 1931 2718 eis,

350 2719 416 2770 ad
446 2731 634 2791 gentes
661 2721 804 2791 venit
830 2721 979 2789 quasi
1006 2722 1255 2788 accipiter
1280 2737 1369 2776 rex
1399 2721 1703 2785 Romanus,
1731 2732 1783 2775 et
1812 2737 1932 2791 par-

354 2798 463 2842 tem
501 2790 516 2820 ¹
545 2790 760 2859 quidem
785 2805 972 2845 eorum
1001 2792 1233 2846 comedit
1262 2791 1429 2847 l'atnes
1468 2802 1522 2847 et
1555 2793 1758 2861 gladius
1783 2832 1797 2853 ,
1842 2795 1950 2848 alii

349 2869 529 2931 autem
562 2861 908 2931 persiugulas
940 2862 1235 2930 proi'incias
1262 2862 1487 2930 dispersi
1516 2873 1671 2926 sunt,
1702 2873 1758 2915 ut
1788 2866 1928 2931 peri-

349 2939 489 2983 rent.
518 2930 608 2986 59.
637 2929 922 2985 Dico’enim
944 2929 1101 2994 vobis,
1126 2949 1226 2986 non
1256 2949 1332 2985 me
1362 2934 1585 2987 videbitis
1613 2929 1814 2996 antodo,
1838 2936 1931 2988 do-

350 3016 440 3073 nec
478 3002 696 3064 dicatis,
737 3000 1038 3073 Benedictus
1073 3004 1159 3073 qui
1197 3004 1325 3056 venit
1364 3004 1414 3057 in
1461 3006 1663 3058 nomine
1704 3007 1925 3060 Domini.

350 3065 713 3145 DrzcccssOt-cs
741 3072 919 3145 nostri
938 3065 1230 3145 exponunt,
1257 3075 1393 3145 circa
1428 3075 1599 3142 ipsum
1625 3077 1765 3131 diem
1786 3076 1931 3145 jutli~

348 3141 418 3211 cii
457 3152 512 3197 et
550 3143 954 3197 resurrectionis
993 3141 1248 3211 quosdam
1287 3141 1592 3200 Judagm-utu
1634 3141 1931 3203 credituros

351 3210 404 3285 in
432 3212 723 3285 Christum.
770 3213 921 3281 Quod
957 3210 1312 3283 etApostolus
1350 3216 1648 3285 signiﬁcare
1676 3219 1883 3272 videtur
1907 3260 1924 3283 ,

348 3282 537 3337 dicens
582 3301 596 3337 :
642 3282 725 3336 Ea:
767 3294 909 3352 parte
949 3282 1148 3339 accitas
1184 3282 1483 3354 contigit'in
1526 3286 1688 3341 Israel
1711 3329 1724 3348 .
1771 3282 1928 3342 donec

350 3354 613 3426 plenitudo
650 3355 884 3426 gentium
899 3355 1108 3409 intraret
1128 3395 1143 3421 ,
1180 3366 1224 3407 et
1251 3357 1324 3409 sic
1356 3358 1519 3409 omnis
1560 3356 1726 3413 Israel
1757 3358 1927 3413 saltus

350 3423 490 3496 [ierat
520 3426 536 3492 (
565 3423 712 3478 (iam.
746 3425 831 3496 ll.
860 3425 952 3496 25.
983 3426 1052 3481 9-6
1073 3428 1116 3496 ).
1147 3426 1212 3480 Et
1244 3442 1476 3496 sequens
1512 3428 1666 3483 lectio
1699 3431 1785 3483 illa
1816 3439 1924 3482 tota

352 3493 460 3570 μσς
495 3495 670 3570 dicere
699 3495 835 3550 velle
866 3493 1089 3570 videtur.
1139 3498 1193 3550 Si
1237 3493 1355 3570 quis
1390 3507 1573 3570 autem
1618 3502 1923 3570 mysterium

354 3565 459 3636 hoc
494 3581 584 3633 per
611 3566 728 3621 illos
755 3576 903 3635 putat
930 3566 1204 3633 impletum
1225 3609 1239 3625 ,
1270 3569 1356 3636 qui
1386 3568 1438 3621 iu
1468 3565 1686 3622 Actibu»?
1709 3580 1923 3636 aposto-

354 3634 527 3691 lorum
555 3634 798 3707 leguntur
823 3636 900 3706 (υ)
924 3679 952 3708 ,4
985 3636 1145 3708 Petro
1177 3634 1495 3704 pra'tliCaItte
1540 3650 1630 3692 aut
1652 3634 1769 3695 aliis
1793 3656 1925 3708 apo-

351 3708 508 3761 stolis
532 3706 869 3762 crediderunt
896 3723 909 3760 :
941 3706 1201 3774 intelligat
1226 3717 1439 3774 propter
1467 3720 1572 3760 tres
1600 3724 1790 3764 causas
1821 3706 1923 3763 non

347 3793 473 3833 esse
498 3794 679 3832 verum
705 3777 846 3847 quod
876 3777 1021 3830 dicit.
1062 3776 1316 3841 Pritnum,
1350 3778 1469 3843 quia
1503 3787 1627 3832 tunc
1664 3795 1783 3847 pars
1811 3796 1928 3833 tuo-

350 3849 467 3902 tlica
495 3851 785 3903 secundum
820 3847 1131 3901 electionem
1161 3847 1406 3907 credidit.
1437 3863 1542 3899 non
1572 3858 1711 3901 tutus
1742 3850 1920 3903 Israel.

348 3919 619 3985 Secundo,
645 3919 784 3987 quod
809 3917 881 3989 illi
909 3925 1031 3970 ante
1057 3929 1243 3987 gentes
1271 3916 1607 3971 crediderunt
1628 3959 1642 3979 .
1673 3936 1775 3972 non
1809 3930 1928 3989 post

344 4000 555 4060 gentes.
602 3987 1099 4060 Plenitttdo‘autetu
1143 3988 1377 4060 gentium
1431 3998 1551 4060 tunc
1596 3989 1771 4043 adhuc
1812 3987 1922 4043 non

347 4056 648 4129 introierat,
684 4059 776 4111 sed
806 4057 1141 4112 inchoaverat
1168 4058 1285 4129 hoc.
1320 4056 1499 4111 Tertio
1518 4099 1533 4123 ,
1562 4060 1684 4127 quia
1713 4062 1927 4129 quando

348 4130 468 4184 base
497 4128 668 4182 futura
708 4129 1024 4198 prtrtlicebat
1049 4127 1354 4195 Apostolus,
1381 4138 1567 4196 gentes
1600 4130 1707 4196 jattt
1733 4127 1926 4184 credi-

344 4201 537 4256 derant
566 4239 581 4259 ,
631 4208 687 4252 et
714 4197 895 4253 Juda'i
940 4198 1027 4265 qui
1074 4199 1277 4253 fuerant
1320 4199 1612 4253 credituri:
1654 4209 1708 4253 et
1747 4210 1923 4255 tamen

353 4268 639 4338 Apostolus
657 4268 831 4323 adhuc
849 4271 1148 4325 credituros
1175 4268 1434 4335 signiﬁcat
1457 4268 1670 4323 inda-os
1695 4312 1709 4334 ,
1742 4272 1925 4325 dicens

349 4343 415 4393 ad
459 4351 686 4409 gentes:
718 4338 863 4393 Sicut
900 4342 1034 4392 enim
1073 4354 1158 4392 vos
1196 4339 1468 4405 aliquando
1507 4356 1606 4392 non
1644 4342 1925 4395 credidistis

349 4409 478 4472 Deo,
504 4426 635 4463 nunc
659 4420 827 4462 autem
856 4410 1247 4462 misericordiam
1274 4412 1560 4478 consequuti
1584 4413 1700 4463 estis
1725 4424 1926 4479 pt'ttplcr

347 4481 556 4535 illorum
578 4480 976 4533 incredulitatettt
1004 4496 1021 4535 :
1049 4481 1119 4533 ita
1148 4491 1193 4532 et
1222 4480 1299 4533 illi
1327 4496 1458 4532 ntmc
1487 4498 1585 4533 tton
1611 4482 1924 4534 crediderunt

348 4552 404 4605 in
432 4563 591 4605 vestra
620 4551 936 4604 miseratione
958 4592 971 4612 ,
1010 4561 1062 4603 ut
1099 4562 1145 4603 ct
1185 4552 1283 4619 ipsi
1323 4551 1714 4603 misericordiam
1753 4569 1927 4606 consc-

347 4634 568 4689 qttantur
604 4637 623 4674 :
656 4621 898 4673 Conclusit
927 4624 1058 4673 enim
1100 4621 1233 4674 Deus
1264 4637 1432 4673 omnes
1460 4622 1513 4674 in
1543 4624 1923 4686 incredulitate,

350 4702 404 4744 ut
432 4691 662 4745 omnibus
692 4693 984 4763 misereatur
1016 4689 1173 4763 (Ibid.
1211 4708 1257 4744 v.
1292 4691 1509 4763 50-52).
1530 4692 1735 4763 Decus
1761 4710 1923 4763 ergo,

349 4763 547 4815 Amodv
576 4778 676 4815 non
704 4776 782 4815 me
809 4762 1053 4818 videbitis.
1086 4762 1241 4814 donec
1265 4761 1445 4814 dicatis
1468 4803 1482 4824 ,
1516 4761 1934 4831 Benedictus-qni

348 4833 480 4885 venit
506 4833 558 4885 in
584 4833 785 4884 nontine
807 4831 1009 4884 Domini
1034 4846 1051 4882 :
1074 4833 1171 4883 boc
1192 4832 1370 4885 dicere
1394 4833 1521 4895 vult,
1556 4836 1730 4886 ltunec
1755 4836 1928 4886 \cniat

350 4910 581 4970 tempus,
612 4903 663 4955 in
692 4917 797 4969 quo
821 4901 1100 4956 credentes
1123 4900 1332 4964 dicatis,
1362 4900 1658 4956 Benedictus
1686 4905 1770 4970 qui
1802 4908 1928 4955 rruit

347 4973 403 5031 in
431 4974 631 5026 nomine
657 4970 878 5024 Domini.
907 4972 1256 5039 Spiritnalttcr
1285 4973 1423 5025 enim
1455 4974 1634 5026 videre
1663 4975 1927 5027 tilu'isttuu

348 5051 434 5112 est
472 5044 644 5112 ipsum
687 5043 737 5095 iu
780 5043 882 5096 fide
920 5057 1261 5112 cognoscere.
1310 5041 1455 5096 Sicut
1482 5052 1659 5096 autem
1690 5045 1755 5097 ad
1789 5048 1927 5097 illam

347 5110 644 5183 Jerusalem
678 5113 878 5167 dictum
915 5110 1030 5174 est.
1076 5110 1208 5165 Ecce
1244 5112 1550 5183 rdinquetur
1575 5114 1710 5166 vobis
1751 5115 1931 5169 donius

348 5193 510 5236 vestra
530 5182 728 5237 deserta
743 5198 763 5237 :
778 5183 979 5237 sciiicct
998 5197 1117 5237 cum
1139 5182 1439 5237 occideritis
1462 5182 1653 5237 Filium
1682 5185 1769 5237 Dei
1791 5188 1930 5253 apud

349 5265 485 5319 vos,
525 5268 647 5307 cum
677 5255 745 5309 de
787 5254 877 5307 illo
919 5255 1117 5320 templo
1153 5254 1413 5322 corporali
1456 5259 1707 5322 templum
1744 5258 1932 5310 exierit

347 5324 647 5393 spirituale,
678 5324 817 5393 quod
851 5324 1061 5379 fuerunt
1086 5337 1277 5387 sancti,
1308 5324 1398 5393 qui
1429 5340 1492 5377 ex
1528 5328 1933 5381 circumcisione

347 5392 766 5449 credideruut’iu
792 5395 1056 5449 Christum
1082 5412 1096 5448 :
1120 5394 1195 5447 sic
1216 5404 1269 5448 et
1288 5392 1354 5448 ad
1379 5394 1669 5448 Ecclcwiam
1696 5398 1931 5449 omnium

349 5458 615 5520 Itacresum
644 5464 843 5520 dictqu
882 5480 1001 5521 esse
1029 5465 1236 5520 videtur
1255 5505 1271 5533 ,
1305 5464 1435 5519 Ecce
1466 5465 1773 5536 relinquetur
1801 5468 1935 5522 vobis

414 5598 433 5631 ί
468 5596 508 5645 Α
544 5597 606 5648 nd
635 5596 919 5650 Commelin.
944 5596 1139 5659 legitur,
1170 5603 1378 5649 Patrem.

414 5658 489 5709 to)
513 5612 568 5709 lu
593 5660 698 5709 haec
720 5662 871 5709 verba
891 5661 1071 5709 desiuit
1092 5658 1245 5709 codex
1273 5667 1354 5709 an.

340 5658 491 5775 “1‘32
720 5662 871 5713 verba
891 5658 1071 5714 desiuit
1092 5658 1245 5710 codex
1273 5667 1354 5709 tut.
1400 5667 1479 5711 PP.
1504 5658 1930 5713 Carthusiaoorcm

1469 278 1534 334 IN
1572 248 1996 336 ΜΑΤΤΠΑΞΗΜ.
2043 276 2270 336 nom.
2314 278 2518 337 xcvu.

3546 289 3654 345 898

2063 390 2242 466 domus
2267 404 2427 449 vestio
2456 394 2685 460 deserta,
2714 411 2776 451 ex
2805 409 2911 466 quo
2959 394 3155 450 Fii‘tum
3202 395 3297 453 Dei
3332 397 3603 459 occidistis
3640 422 3656 456 :

2065 462 2114 533 id
2146 473 2248 521 est.
2284 466 2358 517 Ex
2390 479 2499 533 qua
2526 466 2699 520 vivum
2730 462 2949 522 verbum
2980 469 3217 521 veritatis
3245 469 3403 530 illius,
3430 472 3653 526 menda-

2061 532 2140 585 cis
2181 534 2325 587 Verbi
2363 532 2578 603 gladio,
2612 538 2831 591 veritate
2861 537 3024 591 effusa
3050 578 3066 601 ,
3098 550 3362 594 mortuum
3403 542 3599 597 fecistis
3632 561 3648 597 :

2059 615 2194 679 sicut
2220 610 2463 683 superius
2491 607 2739 683 diximus,
2770 608 3117 683 Spiritualiter
3139 610 3424 683 prophetas
3449 613 3647 683 suscipi

2057 676 2148 722 aut
2173 673 2363 727 occidi.
2418 676 2515 741 Qu
2563 678 2704 731 enim
2753 673 2978 732 credunt
3028 673 3318 733 secundum
3366 673 3642 739 veritatem

2057 742 2232 794 Verbis
2260 745 2655 821 proplietartuu,
2682 749 2976 821 suscipiunt
3008 752 3293 821 prophetas
3317 767 3331 805 :
3354 754 3441 821 qui
3463 764 3640 809 autem

2057 824 2404 880 Cttrrtttttpttttl.
2448 819 2721 871 veritatem
2771 820 3026 885 ipsorum,
3056 820 3303 873 occidunt
3350 819 3506 875 verba
3551 840 3644 879 eo-

2060 894 2174 931 rum
2202 921 2215 943 ,
2245 894 2295 935 et
2322 900 2416 939 eos
2444 886 2586 954 ipsos
2614 888 2664 941 iu
2695 890 2872 942 verbis
2906 889 3160 956 ipsorum.
3207 892 3294 945 Sic
3320 900 3374 944 et
3399 891 3641 949 Christus

2055 958 2147 1002 aut
2175 956 2477 1021 suscipitur,
2506 968 2595 1009 aut
2621 960 2877 1012 occiditur
2902 960 3042 1025 apud
3068 974 3182 1013 nos.
3214 960 3268 1014 Si
3294 962 3435 1015 enim
3461 966 3639 1018 credi-

2055 1035 2175 1101 mus
2189 1026 2364 1101 verbis
2386 1026 2517 1094 ejus,
2543 1028 2860 1101 suscipimus
2880 1045 3023 1101 eum,
3046 1039 3100 1081 et
3119 1045 3437 1097 generantus
3458 1033 3507 1085 in
3537 1050 3637 1087 no-

2056 1091 2134 1144 Ιής
2156 1108 2168 1142 ;
2190 1093 2230 1145 si
2255 1091 2427 1148 autem
2448 1112 2551 1149 non
2567 1091 2855 1160 credimus,
2880 1108 2928 1152 et
2948 1091 3412 1155 adlntcveritatem
3442 1106 3634 1157 verbo-

2056 1164 2309 1237 rumejns
2333 1168 2740 1237 corrumpimus,
2772 1168 3080 1237 repellimus
3102 1185 3244 1236 eum,
3268 1182 3323 1226 et
3345 1174 3637 1228 occidimus

2050 1234 2186 1310 apud
2219 1248 2334 1286 nos.
2378 1235 2529 1310 Unde
2563 1238 2638 1301 lit,
2670 1250 2723 1290 ut
2750 1234 2983 1305 quotidie
3011 1234 3254 1295 Christus
3281 1243 3419 1310 apud
3452 1242 3636 1298 ﬁdeles

2049 1304 2262 1369 quidem
2309 1307 2672 1381 suscipiatur,
2721 1304 2880 1377 atque
2924 1318 3189 1376 nascatur,
3236 1304 3374 1381 apud
3424 1314 3635 1377 lucreti-

2048 1385 2343 1443 οιιεειιιίιιηι
2376 1377 2679 1443 repellatur.

2123 1441 2484 1498 [hereticorum
2536 1447 2744 1500 ecclesia
2792 1446 3030 1500 derelicta
3084 1465 3115 1500 a
3160 1447 3266 1503 Deo
3310 1461 3356 1505 et
3405 1455 3633 1510 omnibus

2045 1516 2252 1591 saliuis.
2277 1543 2349 1553 --
2370 1515 2573 1591 Relicta
2591 1530 2684 1591 est
2708 1527 2895 1591 autem
2929 1518 3237 1591 et__descrta
3255 1560 3270 1583 ,
3296 1537 3361 1575 ex
3407 1539 3513 1591 quo
3560 1525 3629 1580 de

2047 1583 2133 1636 illa
2175 1588 2435 1657 corporali
2482 1586 2719 1657 Ecclesia
2767 1587 3059 1657 spiritualis
3104 1590 3266 1643 exivit
3298 1608 3311 1643 :
3343 1591 3392 1644 id
3419 1583 3520 1657 est,
3565 1596 3633 1650 de

2046 1654 2238 1728 populo
2277 1671 2395 1728 suo,
2427 1657 2515 1728 qui
2556 1654 2833 1710 videbatur
2858 1656 3211 1728 Christianus,
3259 1669 3313 1715 et
3355 1677 3459 1715 non
3488 1654 3626 1728 erat,

2046 1724 2268 1791 populus
2295 1726 2394 1780 iste
2436 1724 2616 1790 exivit,
2668 1727 2756 1796 qui
2806 1741 2908 1780 non
2966 1727 3274 1795 videbatur,
3306 1741 3359 1784 et
3388 1744 3500 1786 erat
3532 1751 3544 1786 :
3573 1724 3628 1789 et

2044 1795 2211 1863 magis
2253 1804 2452 1863 autem,
2497 1795 2788 1850 secundum
2842 1796 2980 1865 quod
3023 1797 3289 1865 diximus,
3318 1801 3447 1854 illia
3475 1804 3628 1858 nobis

2042 1866 2279 1918 exierunt
2305 1906 2321 1928 ,
2353 1883 2509 1933 quam
2541 1883 2638 1920 nos
2667 1867 2734 1920 ab
2765 1867 2885 1920 illis.
2931 1865 3073 1921 Sicot
3101 1880 3276 1921 autem
3323 1872 3622 1925 membrum

2040 1948 2069 1986 a
2098 1949 2321 2009 corpore
2346 1937 2622 2009 priocisum
2653 1937 2830 2009 vivere
2871 1951 2975 1989 non
3019 1945 3211 2009 potest,
3244 1954 3417 2009 neque
3448 1957 3626 1996 ramus

2040 2004 2249 2059 arboris
2295 2007 2477 2080 viridis
2516 2022 2637 2080 esse
2669 2007 2794 2080 :_sic
2822 2015 2876 2060 et
2900 2004 3087 2080 omnes
3131 2004 3366 2080 haeretici
3415 2014 3620 2080 przecisi

2038 2088 2067 2127 a
2097 2089 2320 2143 corpore
2363 2076 2521 2130 unius
2573 2076 2845 2139 Ecclesirc,
2898 2093 2998 2131 nec
3040 2078 3198 2131 vitam
3242 2076 3437 2134 Christi
3488 2084 3540 2135 in
3568 2099 3626 2138 se

2041 2145 2237 2218 habere
2288 2158 2527 2218 possant,
2578 2162 2677 2202 nec
2698 2146 3014 2218 viriditatem
3066 2149 3253 2218 gratia:
3292 2151 3619 2218 spiritualis,

2037 2216 2130 2287 sed
2161 2226 2238 2287 est
2288 2216 2523 2270 Eet-lesia
2547 2231 2730 2271 eorum
2755 2217 2963 2287 deserta
2989 2235 3003 2270 :
3036 2216 3141 2271 non
3182 2218 3252 2272 ab
3283 2216 3619 2287 hominibus;

2036 2284 2268 2360 abundat
2290 2289 2430 2340 enim
2459 2289 2737 2360 pervetsis
2761 2286 3087 2360 hominibus,
3110 2290 3376 2358 quomodo
3406 2284 3621 2360 semper

2036 2356 2295 2409 malorum
2325 2359 2492 2423 major
2516 2367 2596 2409 €91
2624 2358 2771 2425 copia
2795 2373 2951 2424 quam
2981 2356 3238 2412 b0norum
3262 2360 3385 2414 :sed
3411 2356 3622 2417 deserta

2034 2435 2117 2501 est
2132 2441 2161 2477 a
2180 2429 2399 2501 sanctis,
2414 2428 2617 2501 'leserta
2636 2443 2666 2480 ει
2684 2428 3019 2501 sanctitatem
3039 2429 3201 2501 fide,a_
3215 2432 3453 2498 veritate,
3470 2448 3496 2484 a
3515 2448 3625 2501 gia-

2038 2497 2124 2554 tia,
2146 2498 2424 2568 agspiritu;
2463 2497 2674 2551 deserta
2701 2497 2929 2565 denique
2954 2499 3021 2551 ab
3046 2500 3162 2568 ipso
3188 2499 3316 2565 Deo,
3336 2511 3388 2554 et
3413 2497 3446 2553 a7
3470 2497 3622 2557 bonis

2035 2566 2282 2620 oumibus
2308 2582 2423 2636 qua:
2442 2577 2569 2639 sunt
2601 2569 2710 2620 Dei.
2734 2568 2880 2622 Sient
2900 2572 3041 2639 enim
3067 2566 3245 2634 homo,
3273 2571 3361 2639 qui
3396 2572 3485 2625 Dei
3514 2590 3619 2627 non

2034 2646 2135 2707 est,
2166 2646 2404 2689 mortuus
2424 2637 2621 2690 dicitur
2644 2652 2783 2697 esse.
2828 2638 3075 2706 quamvis
3130 2640 3272 2693 vivat
3294 2637 3317 2694 ἧς
3344 2644 3465 2707 quia
3514 2658 3618 2696 non

2034 2706 2161 2781 Deo.
2193 2707 2524 2781 sediliabolo
2552 2708 2678 2761 vivit
2707 2724 2720 2761 :
2752 2708 2828 2761 sic
2874 2709 3067 2781 munis
3093 2708 3331 2781 Ecclesia
3367 2706 3617 2781 quamvis

2031 2776 2263 2830 abundet
2296 2778 2618 2841 hominibus,
2652 2788 2827 2832 tamen
2853 2780 2896 2832 si
2924 2780 2989 2833 ab
3019 2779 3121 2833 illis
3150 2779 3306 2834 bunis
3332 2776 3449 2848 qua:
3475 2781 3616 2839 dicta

2032 2860 2153 2918 sunt
2175 2848 2418 2912 defuerit,
2448 2848 2656 2902 deserta
2685 2859 2768 2903 est
2801 2865 2813 2901 :
2841 2850 2963 2918 quia
2993 2866 3096 2903 non
3128 2848 3260 2913 Deo,
3284 2853 3379 2906 sed
3405 2852 3618 2906 diabolo

2033 2916 2186 2988 plena
2212 2926 2311 2971 est.
2349 2918 2641 2988 Dicoeuim
2674 2918 2822 2972 vobis
2851 2916 2870 2971 :V
2898 2917 3019 2972 Non
3045 2936 3125 2973 me
3151 2921 3377 2973 videbttis
3406 2924 3611 2988 amodo,

2031 2987 2191 3059 donec
2238 2988 2437 3053 dicatis,
2470 2987 2770 3041 Benedictus
2796 2989 2881 3059 qui
2911 2990 3040 3041 venit
3075 2991 3124 3042 in
3162 2992 3363 3043 nomine
3387 2987 3611 3047 Domini.

2031 3055 2168 3111 Vere
2198 3059 2337 3111 enim
2368 3073 2431 3112 ex
2461 3067 2698 3125 tempore
2726 3055 3035 3128 perditionis
3056 3074 3164 3113 suze
3191 3059 3425 3114 bmretici
3457 3078 3615 3115 num-

2029 3142 2187 3194 quam
2219 3128 2489 3182 Christum
2517 3128 2781 3183 viderunt.
2822 3130 3005 3183 Vident
3038 3128 3177 3183 enim
3206 3147 3326 3184 eum
3355 3131 3477 3195 ll-le,
3503 3147 3609 3187 non

2029 3199 2215 3259 oculis,
2240 3198 2329 3267 qui
2355 3198 2643 3253 secundum
2674 3200 2951 3253 veritatem
2983 3199 3097 3268 ejus
3119 3201 3343 3254 credunt
3372 3201 3422 3254 iu
3449 3218 3568 3256 eum
3595 3221 3609 3257 :

2029 3268 2121 3336 qui
2169 3280 2346 3323 autem
2393 3284 2496 3321 non
2540 3268 2791 3332 credunt,
2825 3270 2951 3323 εει·ρὶ
3002 3280 3122 3323 sunt
3148 3271 3331 3332 eorde.
3362 3287 3467 3324 non
3496 3289 3617 3326 cor-

2029 3352 2160 3406 pore
2186 3358 2201 3398 ;
2235 3354 2338 3391 non
2367 3340 2699 3410 necessitate,
2725 3340 2819 3393 sed
2851 3340 3137 3394 voluntate.
3186 3341 3460 3410 uigttituri
3493 3352 3617 3396 sunt

2029 3420 2205 3462 autem
2237 3424 2358 3462 eum
2388 3410 2439 3461 in
2470 3409 2557 3463 die
2592 3408 2773 3476 jmlieii
2823 3410 3087 3472 nolentes,
3119 3408 3333 3478 quando
3364 3412 3620 3465 videbunt.

2029 3493 2150 3534 eum
2182 3480 2232 3531 iu
2261 3479 2536 3545 majestate
2564 3479 2760 3544 Patris,
2792 3480 3004 3547 quando
3034 3480 3285 3533 videbunt
3306 3496 3425 3533 eum
3453 3484 3614 3535 etiam

2028 3564 2215 3603 onmes
2246 3549 2445 3616 iniqui,
2473 3557 2526 3603 et
2572 3549 2849 3603 llmninum
2912 3566 3032 3605 eum
3076 3551 3472 3604 Cottlilcbttutur
3516 3568 3615 3604 uo-

2028 3620 2201 3673 lentes
2235 3638 2247 3672 :
2278 3618 2514 3681 Domine,
2541 3618 2774 3682 Domine,
2806 3637 2895 3674 nos
2932 3621 2982 3672 iu
3010 3621 3209 3673 nomine
3237 3630 3320 3672 lttu
3360 3621 3613 3674 dtemottt'a

2027 3692 2262 3754 ejccitnus
2286 3690 2305 3758 (
2329 3689 2514 3743 Matth.
2546 3690 2602 3759 7.
2630 3689 2700 3742 ‘2'2
2722 3690 2763 3759 ),
2787 3701 2889 3743 etc.
2914 3706 2927 3753 ;
2955 3690 3047 3743 Sed
3090 3691 3218 3743 nihil
3253 3691 3355 3743 illis
3382 3692 3615 3758 proderit

2031 3760 2175 3812 tarda
2218 3759 2506 3812 confessio.
2537 3758 2685 3811 Tunc
2724 3758 2779 3811 et
2828 3760 2909 3812 isti
2967 3760 3155 3812 dicturi
3198 3769 3321 3813 sunt
3363 3762 3613 3813 (ὲιινίμιηε

2031 3826 2142 3880 Nos
2180 3829 2229 3879 in
2259 3829 2459 3879 nomine
2487 3839 2573 3880 tuo
2602 3828 2882 3892 docuimus,
2915 3840 2957 3879 et
2988 3830 3039 3881 in
3070 3831 3272 3881 nomine
3301 3840 3385 3881 tuo
3424 3830 3616 3882 da'mo-

2028 3899 2112 3949 nia
2134 3897 2389 3965 ejecimns.
2418 3899 2565 3950 Dicet
2590 3907 2766 3949 autem
2789 3898 2853 3949 ad
2888 3913 2980 3950 eos
3006 3914 3020 3950 :
3052 3897 3315 3965 Numquid
3345 3900 3394 3951 iu
3425 3904 3618 3955 virtute

2030 3969 2178 4021 mea?
2205 3967 2460 4036 namquid
2492 3969 2540 4020 in
2586 3968 2775 4035 spiritu
2816 3967 2973 4019 meo?
3004 3966 3059 4020 lu
3084 3969 3297 4022 nomine
3322 3971 3463 4021 enim
3495 3986 3614 4022 meo

2026 4037 2222 4107 aliquid
2252 4052 2427 4103 agere,
2462 4037 2802 4089 scductorum
2843 4046 2925 4090 est
2969 4053 2983 4090 :
3026 4037 3119 4091 sed
3166 4038 3218 4092 in
3261 4040 3452 4092 virtute
3474 4054 3614 4102 mea,

2026 4118 2081 4162 et
2109 4110 2158 4161 in
2186 4108 2371 4174 θυῖε-ἤια
2405 4122 2543 4171 meo,
2574 4115 2902 4159 sant-torum.
2938 4107 3198 4161 Discedite
3226 4123 3255 4160 a
3284 4123 3392 4172 tne,
3437 4110 3619 4161 nescio

2027 4180 2114 4247 qui
2145 4179 2291 4230 estis.
2323 4178 2471 4231 Sicut
2516 4177 2658 4230 enim
2703 4192 2798 4229 vos
2848 4187 3227 4245 cognoscentes
3270 4194 3377 4243 me,
3416 4193 3616 4244 Cogno-

2028 4262 2179 4302 scere
2237 4248 2513 4309 noluistis,
2567 4262 2671 4299 non
2729 4258 2944 4317 propter
2998 4248 3334 4301 thtlieultatcs
3385 4250 3620 4302 veritatis

2029 4334 2184 4380 lttea',
2216 4320 2306 4371 sed
2341 4327 2555 4386 propter
2601 4317 2906 4387 iniquitates
2950 4318 3165 4371 malitite
3196 4328 3386 4372 vestra:
3416 4336 3429 4371 :
3463 4321 3541 4371 sic
3564 4328 3618 4372 et

2029 4404 2128 4456 ego
2156 4403 2483 4456 cognoscens
2525 4403 2616 4440 vos
2641 4427 2656 4453 ,
2701 4389 2823 4439 nolo
2854 4403 3176 4456 cognoscere
3196 4428 3213 4452 ,
3246 4404 3348 4441 tton
3401 4396 3618 4456 propter

2030 4471 2312 4512 extraneas
2363 4472 2616 4527 personas
2682 4468 2886 4512 vestras
2916 4496 2932 4523 ,
2985 4457 3080 4512 sed
3130 4466 3346 4528 propter
3396 4457 3620 4512 odibiles

2030 4530 2259 4582 malitias
2294 4538 2519 4582 vestras.

2409 4639 2636 4694 Humilia
2662 4636 2795 4708 xlv],
2838 4655 2900 4694 ea:
2921 4640 3087 4710 capite
3108 4641 3247 4693 xxiv.

2107 4732 2155 4786 1.
2193 4731 2439 4803 Egressus
2475 4730 2628 4785 Jcstts
2671 4737 2736 4785 de
2779 4731 2983 4800 templo,
3038 4732 3187 4784 ibat:
3211 4741 3257 4784 et
3303 4743 3623 4785 accesserunt

2031 4802 2268 4870 discipuli
2321 4804 2450 4872 ejus,
2492 4812 2545 4855 ut
2574 4804 2889 4855 ostenderent
2931 4803 2974 4853 ei
3005 4804 3367 4866 a'ditt'cationcs
3420 4802 3616 4871 templi.

2031 4874 2287 4942 Superius
2339 4874 2610 4937 ingrchus
2652 4880 2747 4942 est,
2783 4872 3038 4924 Dominus
3071 4872 3343 4938 templum,
3375 4888 3622 4940 qua-rens

2034 4940 2369 4997 sanctitatem
2403 4943 2580 5009 templi
2612 4958 2625 4994 :
2659 4940 2752 4996 sed
2782 4956 2904 4993 cum
2939 4943 2988 4993 iu
3021 4943 3218 5008 tetuplo
3258 4943 3387 4995 uitnl
3411 4944 3612 4996 IltVt'ttl-

2034 5025 2115 5067 ret
2147 5018 2416 5083 proprium
2444 5012 2626 5080 tetupli
2645 5049 2663 5076 ,
2714 5025 2969 5083 egressus
2991 5010 3059 5065 de
3090 5014 3285 5080 templo
3316 5013 3424 5066 ibat
3452 5030 3466 5067 :
3496 5016 3620 5081 quia

2035 5082 2316 5137 a‘diliciutu
2345 5083 2559 5152 quidem
2600 5082 2793 5146 stabat,
2834 5082 2975 5150 quod
3024 5092 3311 5137 et-esertnt
3359 5083 3623 5146 homines,

2038 5156 2292 5209 sanctitas
2331 5170 2457 5205 vero
2500 5152 2788 5214 Ceciderat,
2846 5167 3003 5219 quam
3049 5153 3403 5207 consuluerat
3461 5155 3620 5207 Deus.

2034 5224 2166 5279 Nam
2190 5224 2442 5291 templum
2461 5222 2732 5276 hominum
2755 5231 2838 5276 est
2852 5222 3131 5275 aedilicatio
3148 5222 3379 5293 lapidum
3404 5224 3626 5292 pulchre

2036 5295 2330 5362 composita
2378 5312 2392 5349 :
2450 5293 2702 5360 templum
2759 5301 2936 5345 autem
2992 5293 3084 5345 Dei
3142 5303 3227 5348 est
3277 5294 3623 5362 congregatio

2040 5366 2336 5419 electorum
2391 5365 2639 5432 religione
2675 5364 3123 5417 conversantium.
3174 5363 3281 5416 Ibat
3320 5365 3387 5416 de
3426 5362 3628 5427 templo

2040 5435 2202 5499 foras,
2236 5435 2287 5489 id
2326 5445 2427 5495 est,
2457 5436 2524 5486 de
2563 5433 2761 5487 Juda-is
2807 5434 2872 5486 ad
2920 5444 3126 5503 gentes.
3156 5434 3263 5487 Ibat
3308 5447 3411 5503 neu
3455 5432 3628 5503 solum

2039 5520 2313 5575 corpore,
2350 5504 2443 5558 sed
2502 5504 2779 5575 voluntate
2828 5500 3088 5575 recedens
3140 5505 3190 5555 itt
3241 5500 3624 5575 spiritualibus.

2044 5571 2181 5631 liceo
2209 5578 2253 5630 si
2287 5590 2407 5645 pars
2438 5577 2613 5647 aliqua
2653 5574 2845 5628 domus
2872 5574 3027 5631 inegit
3052 5573 3254 5647 decisa,
3284 5586 3404 5623 cum
3445 5571 3629 5647 labore

2045 5656 2221 5699 tamen
2256 5642 2506 5721 possibile
2530 5642 2635 5721 'est
2680 5654 2738 5698 ut
2786 5653 3065 5713 reparetur
3094 5659 3107 5694 :
3136 5642 3396 5721 siautem
3454 5642 3625 5708 ipsum

2047 5710 2446 5773 fundauit-iitum
2474 5717 2631 5773 fuerit
2658 5710 3092 5784 conqnasSatum,
3119 5711 3244 5781 quid
3268 5710 3424 5767 faciat
3454 5721 3631 5782 pater-
