4052 6200
285 340 393 395 905

290 452 415 506 Cum
436 449 700 512 divideret,
730 447 919 518 inquit,
953 444 1197 500 Excelsa
1219 452 1407 518 gentes,
1434 440 1634 518 quando
1671 440 1869 507 disper-

290 532 353 578 su
383 523 518 590 ﬁlios
561 520 727 574 Adam
750 512 965 590 ramo
996 518 1123 590 [ista
1153 512 1375 590 gentium
1402 512 1677 590 secundum
1703 525 1874 590 nume-

293 580 405 644 non
434 591 731 660 angelorum
760 589 878 651 Dei,
910 598 955 660 et
980 580 1113 660 fricto
1140 580 1221 660 est
1241 584 1400 653 portio
1428 580 1632 660 Domini
1661 582 1877 660 populus

294 663 453 728 ipsius
478 651 640 713 ,Ιῖιτοὺ
670 659 845 727 (Dent.
879 651 1046 728 52.8.
1071 657 1150 725 9).
1179 651 1475 728 Numquam
1494 652 1635 728 enim
1649 651 1875 728 diceret,

295 720 419 800 quia
458 745 590 800 gens
626 720 931 785 Judmornm
980 720 1120 800 facta
1163 734 1267 800 est_
1290 720 1462 800 portio
1496 720 1761 800 _Dotniui_,
1780 720 1877 800 nisi

297 791 489 855 omnes
518 810 706 870 gentes
734 811 897 870 extra
920 799 1215 870 portionem
1244 794 1411 870 lact:c_
1440 791 1707 870 l'nissent.‘
1730 791 1869 870 Post

296 887 457 942 quam
486 859 614 938 ngo
640 870 782 924 venit
826 859 988 922 Filius
1036 868 1126 919 Dei
1173 866 1225 918 in
1250 861 1506 918 mundum
1532 901 1547 924 ,
1570 860 1709 942 quod
1739 859 1879 942 nulla

295 937 491 995 szrcula
524 937 621 994 nec
647 954 865 1006 aperare
892 943 1191 1005 potuerunt.
1216 948 1316 1006 nec
1346 937 1638 1002 promereri
1673 947 1685 982 :
1715 946 1780 983 ue
1805 937 1877 982 ta-

299 1010 334 1064 li
361 1003 717 1065 misericordia
758 1003 1084 1075 gens'aliqua
1117 1003 1485 1075 h-andaretur,
1518 1010 1718 1075 vocata!
1758 1006 1883 1075 sunt

298 1095 489 1133 omnes
515 1091 697 1148 gentes
724 1068 789 1131 ad
820 1068 1017 1148 iidem,-
1043 1068 1354 1148 tnixti_'_honi_
1373 1081 1428 1126 et
1455 1071 1576 1148 ntali
1604 1088 1616 1123 :
1653 1071 1795 1148 boui,
1826 1077 1883 1119 ut

299 1140 572 1203 solventur
601 1167 613 1201 :
649 1148 790 1207 mali,
824 1158 879 1199 nt
899 1145 1283 1199 inexcusabiles
1326 1143 1473 1195 ﬁant.
1505 1140 1730 1208 Quando
1755 1152 1884 1206 ergo

300 1218 541 1273 Ecclesia
563 1234 626 1273 ex
656 1219 833 1271 mixtis
864 1215 1218 1268 voluntatibus
1237 1222 1350 1267 erat
1385 1210 1605 1280 repleta,
1631 1211 1770 1264 sicut
1796 1225 1881 1261 re-

300 1289 369 1341 tia
397 1328 411 1351 ,
446 1306 562 1357 ψιειε
593 1289 675 1341 die
699 1298 837 1339 tllllll'
875 1286 925 1337 iu
970 1284 1254 1353 Evangelin
1281 1279 1518 1351 (Luc/5.
1550 1279 1647 1346 6),
1681 1280 1883 1357 repleta

299 1359 366 1410 de
399 1349 631 1425 piscibus
657 1357 832 1429 mixtis
857 1375 870 1409 :
893 1349 1268 1429 necesse'erat,
1292 1349 1348 1405 ut
1372 1359 1682 1429 pnrgaretur
1702 1349 1886 1429 Eccle:

298 1418 411 1490 sia;
434 1436 493 1481 ut
533 1428 655 1482 boni
685 1426 898 1495 quidem
926 1425 1100 1495 piSees
1126 1418 1542 1495 mitterenturin
1573 1422 1733 1495 vasis,
1759 1418 1882 1495 mali

296 1488 476 1551 autem
516 1488 904 1566 projicercntur
928 1488 1089 1566 Foras.
1135 1493 1536 1566 ldeoconcessa
1564 1488 1646 1543 est
1674 1488 1886 1542 diabolo

298 1563 829 1638 erroris—seminandi
859 1565 1094 1638 licentia,
1140 1571 1196 1616 et
1236 1563 1314 1616 sic
1347 1563 1600 1638 dispersae
1631 1568 1886 1638 sunt-per

300 1637 555 1703 plurimas
586 1637 837 1699 hazreses,
868 1630 1537 1703 unusquisquesecundum
1558 1630 1885 1703 propositum

300 1694 479 1770 suum,
512 1708 767 1760 remansit
811 1694 988 1756 autem
1026 1694 1160 1753 ἠως(
1184 1702 1312 1754 tides
1343 1694 1705 1770 tantummodo
1747 1694 1887 1766 apud

303 1768 493 1831 Deum.
536 1775 662 1829 Ideo
685 1788 812 1841 ergo
836 1772 1019 1826 dicunt
1044 1771 1381 1837 evangelistae
1400 1809 1415 1831 ,
1446 1768 1678 1841 haereses
1705 1776 1889 1836 gentes

303 1861 426 1899 esse
452 1864 463 1899 :
493 1837 900 1913 qtioniam'sicut
924 1851 1075 1913 tunc,
1099 1856 1221 1894 cum
1248 1853 1435 1913 omnes
1450 1837 1694 1913 homines
1709 1844 1890 1891 essent

305 1930 411 1968 una
438 1909 570 1982 gens
595 1922 650 1966 et
675 1913 847 1981 lingua
870 1951 885 1974 ,
908 1910 1062 1965 divisi
1089 1919 1211 1964 sunt
1251 1924 1345 1982 per
1371 1909 1622 1982 plurimas
1659 1916 1841 1974 gentes
1871 1924 1885 1959 :

306 1987 376 2039 ita
401 1975 467 2038 ei
489 1983 645 2036 modo
671 1975 790 2035 cum
820 1991 966 2035 esset
997 1992 1135 2034 totus
1178 1975 1400 2047 populus
1423 1975 1756 2033 Christianus
1786 1991 1887 2030 una

308 2054 567 2115 Ecclesia,
600 2061 654 2106 et
678 2067 778 2105 una
807 2050 957 2111 lides.
982 2050 1140 2103 divisi
1161 2058 1283 2103 sunt
1306 2064 1397 2116 per
1413 2048 1609 2103 multas
1631 2048 1884 2101 haereses.

309 2124 378 2176 Et
404 2124 536 2175 sicut
570 2130 690 2176 tunc
714 2136 900 2174 omnes
918 2131 1103 2189 gentes
1132 2118 1281 2172 facta:
1318 2128 1441 2171 sunt
1465 2118 1564 2172 sub
1593 2117 1888 2189 principatu

309 2194 608 2261 principum
638 2187 988 2259 malignorum
1007 2229 1021 2251 ,
1047 2204 1149 2261 una
1185 2199 1359 2243 autem
1388 2203 1522 2261 gens
1549 2188 1651 2242 sub
1691 2187 1888 2261 princi-

310 2256 435 2330 patu
473 2256 738 2315 Michaelis
771 2256 891 2314 Esic
935 2268 987 2314 et
1032 2260 1191 2313 modo
1236 2273 1420 2312 omnes
1462 2258 1697 2330 ha'reses
1736 2256 1890 2330 {aetat

308 2326 436 2385 sunt
466 2333 563 2385 sub
591 2331 891 2384 daemonum
921 2330 1237 2399 principatu,
1267 2343 1368 2381 una
1410 2338 1588 2383 autem
1619 2326 1892 2399 sulrprin-

308 2404 488 2470 cipatn
516 2400 717 2454 Christi
764 2397 1039 2466 remansit,
1064 2397 1131 2454 de
1158 2415 1260 2469 qua
1293 2399 1420 2452 dicit
1457 2407 1674 2470 propter
1705 2397 1889 2470 Eccle-

307 2466 444 2526 sium
475 2491 486 2524 :
523 2471 637 2525 Una
661 2480 733 2524 est
760 2470 988 2525 columba
1007 2486 1137 2530 mea,
1162 2466 1380 2538 perfecta
1403 2485 1511 2522 mea
1536 2466 1706 2537 (Cant.
1728 2466 1780 2522 6.
1808 2466 1887 2535 8).

310 2544 397 2596 10.
434 2540 498 2594 Et
530 2552 647 2594 tunc
666 2541 1142 2595 scamlalizabuntur
1170 2540 1338 2603 multi,
1360 2549 1405 2591 et
1431 2539 1642 2592 invicem
1672 2539 1888 2596 tradent,

306 2624 352 2666 et
381 2613 502 2665 odio
529 2610 772 2664 Itubrbunt
797 2612 1022 2664 invicem.
1059 2610 1230 2663 Etiam
1269 2626 1333 2663 ex
1380 2608 1461 2664 his
1492 2609 1667 2662 verbis
1707 2617 1889 2660 οδιυη-

306 2684 476 2745 ditur,
531 2680 800 2750 quomodo
844 2681 962 2736 haec
1000 2695 1105 2734 non
1155 2679 1403 2750 dicuntur
1443 2680 1512 2733 de
1565 2678 1892 2750 temporibus

306 2748 696 2816 aposmlu’rom,
743 2751 994 2821 quamdiu
1032 2750 1323 2821 Jerusalem
1375 2748 1545 2803 fuerat
1594 2748 1888 2821 capienda:

305 2824 562 2891 quoniam
612 2833 736 2875 tunc
764 2817 925 2889 'pauci
964 2820 1498 2883 scandalizabantur,
1541 2819 1691 2891 pauci
1738 2817 1895 2891 Citri-

307 2888 471 2946 stiani
500 2894 726 2946 invicem
754 2888 813 2945 se
840 2891 1149 2956 tradebant,
1187 2893 1310 2959 qufa
1356 2904 1453 2944 nec
1479 2888 1732 2943 odiebant
1759 2889 1892 2941 invi-

306 2979 451 3025 cum,
479 2963 571 3016 sed
598 2960 727 3015 Erat
754 2962 977 3015 omnium
1001 2961 1307 3015 credentium
1327 2976 1415 3012 cor
1441 2977 1619 3019 avium,
1650 2968 1698 3011 et
1721 2961 1892 3011 animo

307 3051 415 3086 una
472 3033 605 3101 (Act.
632 3034 685 3086 4.
735 3030 827 3103 52)
860 3050 878 3103 7:
911 3031 1006 3085 sed
1055 3032 1123 3085 de
1162 3032 1367 3103 nostris
1407 3030 1554 3103 dicit,
1603 3030 1656 3084 in
1703 3030 1893 3103 quibus

308 3100 496 3172 plures
528 3100 869 3157 scandalizati
914 3111 1070 3172 sunt,
1105 3100 1637 3172 etiscaudalizantur
1686 3114 1713 3152 a
1767 3101 1889 3162 tide,

309 3171 469 3239 quam
498 3176 880 3226 continuentur
907 3171 959 3225 in
1006 3171 1130 3225 tide.
1175 3171 1326 3226 Nunc
1360 3171 1673 3225 alterutrum
1701 3177 1757 3223 et
1785 3179 1892 3221 tra-

310 3243 581 3306 diderunt,
605 3253 655 3297 ct
674 3241 905 3304 tradunt,
922 3242 1187 3310 quomodo
1207 3252 1260 3294 et
1280 3241 1466 3294 odinnt
1480 3256 1538 3295 se
1554 3242 1889 3304 alterutrum,

312 3313 382 3366 ita
431 3323 484 3366 ot
513 3328 610 3367 nec
638 3313 689 3367 in
735 3311 944 3366 duobus
990 3311 1252 3367 sinceram
1308 3312 1545 3366 invenias
1593 3311 1890 3371 caritatem,

313 3399 421 3436 non
456 3382 625 3437 dicam
668 3383 720 3436 in
768 3383 968 3436 multis.
1007 3383 1095 3435 ll.
1139 3381 1205 3434 Et
1252 3382 1395 3434 multi
1442 3381 1897 3450 pseudnpmphetw

311 3464 602 3523 exsurgent,
625 3461 671 3523 et
693 3452 1142 3523 seducentmultos.
1179 3452 1455 3521 Propheta:
1483 3451 1755 3523 dicuntur.
1786 3464 1890 3523 non

314 3520 488 3574 solnni
514 3522 601 3587 qni
621 3521 688 3575 de
712 3521 922 3575 Christo
949 3520 1409 3581 annuntiavernnt.
1434 3536 1533 3575 nec
1557 3520 1647 3590 qui
1675 3521 1893 3574 otnnino

319 3591 492 3640 futura
539 3591 845 3656 loqntmtnr,
877 3591 970 3644 sed
1000 3592 1248 3645 doctores
1293 3593 1543 3645 dicuntur
1593 3594 1889 3658 prophetia.

319 3659 460 3723 Ergo
495 3659 999 3728 pseudoprolihetas,
1050 3661 1496 3726 pseudodoctores
1527 3663 1761 3728 appellat
1786 3660 1885 3713 ha:-

319 3742 496 3780 resnm
525 3725 856 3780 diversarum
879 3767 894 3791 ,
921 3737 1016 3780 aut
1038 3725 1157 3781 illos
1185 3743 1320 3796 quos
1355 3730 1515 3782 modo
1543 3725 1786 3783 videmus
1814 3730 1893 3784 di-

317 3796 489 3850 versis
531 3797 857 3864 argumentis
900 3797 1167 3865 religionis
1208 3798 1441 3863 speciem
1481 3799 1892 3866 praetendentes.

315 3869 419 3921 Alii
446 3866 590 3919 enim
624 3880 684 3938 se
709 3866 892 3919 dicunt
917 3880 1091 3934 neque
1110 3867 1465 3938 manducare,
1497 3883 1673 3938 neque
1698 3870 1899 3924 dormi-

316 3952 397 4001 re,
427 3951 597 4005 neque
618 3936 817 4009 algere,
841 3944 1274 4009 nequemstuare,
1302 3937 1397 3991 sed
1422 3936 1641 4009 semper
1670 3940 1898 4009 pendere

317 4009 368 4059 in
398 4023 542 4062 aere.
567 4007 666 4059 Alii
692 4016 867 4059 autem
904 4005 1079 4059 vestiti
1107 4006 1314 4067 ciliciis,
1346 4016 1438 4059 aut
1467 4005 1777 4064 circtnndati
1805 4024 1897 4062 ca-

315 4077 475 4136 tenis.
507 4077 647 4128 socia
675 4075 777 4128 sibi
794 4074 1061 4147 Adzemonia
1082 4088 1481 4147 Commoventes
1512 4098 1525 4133 :
1559 4090 1609 4133 et
1640 4081 1758 4147 quia
1779 4094 1901 4147 gra-

316 4151 442 4200 tiam
471 4147 561 4200 Dei
594 4160 699 4201 non
723 4145 950 4208 habent,
984 4146 1269 4214 patrocinia
1295 4146 1600 4202 dtctnonum
1627 4145 1899 4202 commcn-

314 4220 463 4270 dant.
514 4215 617 4271 Sed
646 4225 701 4270 et
736 4215 850 4269 haec
877 4216 1000 4269 talia
1026 4231 1235 4269 rursum
1262 4227 1429 4283 sunt,
1457 4220 1554 4273 etsi
1602 4221 1896 4273 insenSatos

314 4287 524 4346 fallunt,
548 4301 643 4355 per
668 4286 782 4340 lucc
813 4293 1116 4357 tamennon
1139 4291 1467 4343 seducuntur
1488 4288 1771 4357 sapientes.
1795 4290 1893 4343 Alii

311 4370 492 4428 autem
521 4354 666 4421 sunt,
697 4357 785 4425 qui
806 4354 1150 4428 vehementer
1174 4361 1475 4413 seducunt:
1504 4354 1753 4428 quoniam
1795 4360 1894 4413 etsi

314 4426 671 4499 mendaciter,
696 4422 868 4499 tamen
897 4422 1162 4499 Christum
1193 4422 1670 4499 praedicantlidem
1692 4446 1897 4483 annun-

313 4498 448 4550 tiant
471 4513 487 4549 :
516 4497 764 4565 quoniam
796 4497 874 4551 sic
899 4496 1167 4551 Ecclesias
1193 4496 1410 4563 habent,
1442 4501 1520 4553 sic
1544 4500 1761 4554 ordines
1788 4501 1896 4554 cle-

312 4568 543 4642 ricorum
563 4607 579 4628 ,
608 4568 694 4642 sic
714 4566 1035 4642 iideles,gsic
1055 4566 1316 4642 lectiones
1345 4571 1526 4642 legunt
1553 4570 1779 4635 divinas,
1807 4585 1895 4624 ea.

311 4636 435 4692 dem
478 4636 608 4691 dare
646 4636 893 4690 videntur
937 4640 1282 4698 haptisunata.
1322 4636 1509 4695 eadem
1563 4650 1892 4694 sacramenta

308 4707 554 4775 corporis
582 4714 639 4760 et
663 4706 962 4780 sanguinis
986 4706 1210 4764 Christi.
1238 4711 1497 4766 Similiter
1539 4712 1812 4780 apostolos
1842 4721 1894 4764 et

311 4786 573 4849 martyres
594 4775 795 4829 colunt.
825 4776 927 4829 Per
951 4775 1069 4849 ha-c
1092 4796 1220 4849 ergo
1245 4782 1393 4835 valde
1418 4775 1789 4836 teut-brescere
1817 4780 1888 4831 fa-

307 4846 452 4900 ciunt
488 4856 715 4912 mentes,
752 4861 857 4899 non
894 4846 1070 4903 solum
1092 4846 1436 4905 inediocrimn
1462 4852 1767 4911 hominum,
1798 4850 1889 4903 sed

308 4919 470 4989 etiam
522 4916 858 4989 prudentum.
898 4916 1069 4981 Quem
1097 4936 1158 4973 ex
1183 4933 1332 4989 parte
1369 4936 1473 4975 non
1504 4932 1714 4975 moveat
1741 4922 1891 4974 Anti-

310 4986 543 5058 ciiristus
594 4985 793 5058 faciens
844 5000 1010 5058 opera
1061 4985 1284 5049 Christi.
1314 5000 1367 5045 et
1396 5000 1517 5044 ante
1559 4991 1890 5044 Christianos

310 5055 486 5128 cilicia
531 5057 772 5111 universa
817 5055 1039 5128 explens
1090 5058 1554 5123 Christianorum,
1603 5062 1702 5114 nisi
1752 5061 1889 5115 forte

311 5123 460 5200 illum
511 5127 600 5195 qui
649 5123 955 5184 considerat
984 5131 1125 5200 quod
1156 5129 1440 5196 Apo'stolus
1469 5132 1541 5183 ait
1566 5148 1578 5182 :
1608 5130 1735 5184 Cum
1756 5132 1886 5184 enim

309 5193 418 5264 ipse
433 5193 636 5270 satanas
656 5193 1064 5270 transﬁgurat-se
1090 5199 1143 5252 in
1172 5193 1407 5269 angelum
1429 5201 1553 5253 lucis
1581 5218 1599 5255 :
1627 5204 1747 5268 quid
1776 5219 1886 5255 ma-

309 5282 469 5339 gnum
481 5268 621 5339 estsi
646 5278 695 5321 et
721 5268 932 5322 ministri
961 5271 1069 5339 ejus
1096 5268 1518 5339 transﬁgerent”
1541 5312 1554 5334 ,
1582 5272 1708 5323 sicut
1733 5273 1884 5325 mini-

309 5336 911 5419 subrutilum-quorum
942 5336 1058 5407 ﬁnis
1102 5336 1500 5419 erit'se'cundunt
1542 5359 1692 5419 operti
1714 5358 1885 5419 eorum

309 5404 386 5472 (2.
411 5404 524 5460 Cor.
560 5410 644 5463 Il.
671 5404 781 5473 η),
813 5426 913 5463 non
942 5404 1233 5464 secundum
1257 5410 1528 5463 schemata
1568 5404 1883 5465 Christiani.

311 5481 677 5547 tattsem'nm?
711 5480 931 5544 Multos,
967 5481 1167 5547 inquit,
1201 5482 1471 5544 seducent,
1498 5496 1600 5533 non
1649 5497 1835 5535 omnes
1864 5501 1878 5537 :

308 5546 426 5619 quia
454 5563 563 5604 non
590 5560 676 5605 est
714 5546 1080 5604 seducentiom
1109 5552 1292 5614 virtus,
1320 5550 1414 5605 sed
1453 5552 1766 5619 negligentia
1795 5568 1882 5606 se-

307 5613 607 5674 ductorem.
634 5620 687 5676 Si
711 5632 885 5675 autem
916 5620 1277 5675 seducentium
1300 5630 1441 5674 eset
1464 5613 1632 5673 virtus
1651 5662 1665 5682 ,
1696 5638 1880 5678 omnes

316 5690 664 5746 seducerent:
692 5706 832 5744 nttnc
855 5702 1031 5744 autent
1061 5707 1128 5745 cx
1147 5706 1233 5755 eo,
1262 5690 1400 5759 quini
1431 5707 1531 5744 non
1563 5708 1749 5745 utitoes
1787 5708 1876 5745 se-

305 5761 607 5829 ducuntur,
630 5770 855 5831 apparet
893 5761 1017 5832 quia
1052 5763 1388 5818 seductot'utn
1437 5761 1749 5832 negligentia
1772 5774 1873 5830 est,

1393 328 1459 386 IN
1495 322 1901 382 “ATTHA'IUH
1963 323 2190 381 Ηοωιι.
2234 324 2417 380 XLlX.

3456 326 3560 384 906

1982 453 2088 491 non
2128 438 2494 493 seducentium
2548 437 2731 491 virtus.
2783 433 2912 489 Nam
2966 435 3100 490 sicut
3146 438 3342 492 veritas
3395 439 3561 495 allicit

1982 509 2166 561 tidelos
2191 509 2256 562 ad
2294 523 2372 571 se,
2397 517 2449 563 ct
2478 508 2678 561 amicos
2712 507 2953 561 veritatis
2983 524 2996 560 :
3025 509 3100 561 sic
3124 518 3178 561 et
3227 509 3558 566 mendacium

1983 578 2227 631 inﬁdeles
2254 579 2391 647 rapit
2420 577 2483 631 ad
2514 593 2573 632 se
2598 587 2654 633 et.
2676 579 2877 632 amicos
2900 577 3160 632 mendacii
3183 621 3195 639 .
3226 593 3331 633 non
3362 582 3559 635 verita-

1984 650 2066 702 tis.
2104 649 2167 702 Et
2197 649 2392 702 veritas
2419 648 2630 718 quidem
2654 648 2918 702 interdum
2935 656 3027 703 aut
3049 647 3289 703 inﬁdeles
3316 651 3473 705 trahit
3495 650 3563 706 ad

1980 734 2058 781 se,
2087 727 2177 770 aut
2202 718 2585 773 inexcusnhiles
2612 718 2865 775 faciteos.
2892 720 3226 775 Mendacium
3249 731 3424 775 autem
3447 722 3569 774 nul-

1984 791 2031 838 lo
2065 788 2222 859 modo
2251 797 2420 856 potest
2447 788 2661 843 ﬂectere
2684 789 2750 843 ad
2778 805 2837 843 se
2865 789 3049 844 lideles
3086 804 3100 841 :
3133 791 3381 859 quoniam
3419 794 3557 844 veri-

1985 866 2063 908 tas
2112 858 2269 911 habet
2323 859 2374 912 in
2419 873 2478 913 se
2517 869 2570 914 et
2597 860 2857 914 rationem
2895 858 3248 924 manifestam,
3279 871 3333 913 et
3359 859 3566 915 tirnuim

1986 927 2234 980 virtutem
2283 946 2295 980 :
2341 928 2673 982 mendacium
2725 940 2902 983 autem
2945 943 3043 983 nec
3097 931 3355 984 rationem
3407 930 3569 985 habet

1986 997 2341 1069 manifestam,
2371 999 2741 1069 necivirtutem
2768 1001 3022 1067 aliquant.
3053 1000 3250 1054 Deinde
3279 1001 3399 1069 quia
3430 1002 3564 1055 veri-

1989 1075 2066 1120 tas
2093 1076 2147 1119 et
2190 1066 2239 1119 in
2271 1083 2430 1121 sensu
2465 1068 2693 1123 ﬁdelium
2726 1066 3030 1123 dominatur
3052 1110 3067 1133 ,
3101 1066 3433 1125 mendacium
3475 1086 3568 1125 an-

1990 1146 2092 1190 tem
2126 1136 2177 1190 in
2202 1151 2360 1209 sensu
2389 1137 2620 1209 lidelium
2650 1140 2775 1192 nihil
2805 1139 2981 1193 habet.
3015 1140 3103 1194 15.
3134 1141 3234 1204 Qui
3261 1149 3426 1193 autent
3454 1157 3569 1209 per-

1985 1208 2274 1280 severaverit
2300 1208 2537 1280 t_tsque_in
2561 1208 2712 1280 ﬁnem
2733 1250 2748 1274 ,
2778 1210 2857 1261 hic
2900 1211 3068 1263 salvus
3096 1212 3210 1265 erit.
3239 1211 3401 1265 Miror
3431 1208 3568 1280 Quo-

1987 1276 2148 1348 modo
2189 1276 2259 1348 de
2302 1276 2410 1331 Deo
2467 1276 2703 1333 hzrretici
2760 1279 2874 1333 iure
2926 1280 3377 1348 intelligant:ant
3426 1276 3569 1334 enim

1989 1345 2224 1415 legentes
2249 1346 2383 1414 lucc,
2409 1348 2674 1416 quomodo
2700 1350 2811 1401 ausi
2850 1359 2973 1402 sunt
3013 1345 3462 1417 perscrutationes
3491 1354 3569 1403 i'a-

1987 1426 2270 1487 ceretaut
2318 1419 2768 1485 perscrutationes
2820 1417 3095 1482 facientes,
3138 1420 3404 1487 quomodo
3453 1420 3568 1475 haec

1991 1486 2170 1555 legere
2205 1502 2308 1540 non
2334 1487 2924 1559 erubescunt'lQnibus
2951 1489 3143 1543 dicitur
3162 1486 3184 1541 ':
3212 1489 3310 1555 Qui
3339 1507 3570 1559 perseve-

1988 1563 2171 1629 raverit
2200 1572 2355 1629 usque
2376 1557 2432 1629 in
2464 1558 2653 1629 ﬁnem?
2697 1558 2960 1629 Numquid
3019 1557 3457 1629 persequentibus
3488 1575 3573 1614 se-

1990 1624 2165 1698 ductis
2182 1624 2539 1698 Christianis?
2571 1628 2823 1698 numquid
2854 1624 3235 1698 'scdttctoribus
3259 1630 3571 1698 prophetis?

1992 1694 2130 1767 Non.
2173 1695 2318 1749 Sicut
2353 1698 2493 1750 enim
2539 1711 2642 1749 non
2689 1697 2854 1759 sanis,
2875 1697 2969 1750 sed
3017 1694 3574 1767 inlirniis'apponitnr

1992 1764 2275 1835 medicina,
2303 1767 2380 1819 sic
2401 1775 2453 1820 et
2473 1767 2766 1820 consolatio
2787 1782 2892 1818 non
2918 1768 3212 1835 periculum
3236 1764 3569 1833 facientibus,

1991 1834 2085 1887 sed
2129 1835 2550 1905 pct'iclihtntihus
2589 1836 2763 1889 datur.
2809 1835 2894 1889 M.
2924 1834 2927 1835 ⁷
2957 1834 3022 1888 Et
3074 1837 3432 1906 prwdicabitur
3478 1839 3575 1892 hoc

1992 1905 2302 1972 evangelium
2327 1908 2379 1958 in
2405 1906 2635 1960 universo
2656 1906 2792 1959 orbe.
2818 1906 3026 1959 Marcus
3044 1905 3374 1961 manifestius
3389 1907 3569 1962 addit:

1999 1971 2246 2046 Primum,
2284 1976 2486 2044 inquit,
2517 1975 2869 2044 prtvdicubitur
2896 1974 3209 2046 evangelium
3244 1976 3432 2045 (Marc.
3482 1980 3570 2034 45.

1995 2043 2106 2114 l0).
2136 2046 2359 2111 Quando
2386 2043 2562 2103 autem
2607 2047 2695 2100 illa
2726 2046 2862 2100 bella
2896 2043 3194 2114 corporalia
3224 2043 3574 2102 movebantur

1993 2113 2176 2185 contra
2226 2113 2520 2169 Jerusalem
2551 2157 2566 2181 ,
2617 2115 2792 2170 adhuc
2857 2113 3165 2172 initiabntttr
3206 2116 3570 2185 Evangelimu.

1994 2182 2238 2238 Nondum
2266 2186 2608 2253 praedicatum
2637 2197 2753 2241 erat
2780 2187 2832 2240 in
2866 2195 2976 2240 toto
3003 2187 3150 2240 orbe.
3185 2187 3321 2242 Ante
3343 2182 3575 2243 haereses

1992 2264 2166 2307 autem
2197 2266 2621 2327 consummatum
2647 2265 2731 2310 est
2750 2253 3117 2327 Evangelium.
3142 2255 3272 2312 Nam
3300 2271 3469 2327 usque
3499 2259 3567 2312 ad

1996 2333 2203 2392 tempus
2250 2323 2536 2379 Christiani
2575 2327 2734 2395 regis,
2782 2325 3191 2395 praedicantibus
3231 2323 3572 2394 quibusdam,

1993 2395 2177 2467 autde
2198 2406 2357 2467 gente
2387 2396 2436 2447 in
2463 2394 2676 2467 gentem
2703 2394 2887 2467 notitia
2909 2395 3108 2467 Christi
3133 2408 3384 2452 currente
3403 2439 3420 2462 ,
3456 2415 3577 2467 pcr-

1992 2465 2140 2536 venit
2173 2464 2519 2536 admones;
2551 2465 2645 2519 Vis
2674 2466 2833 2528 scire,
2873 2465 2993 2534 quia
3035 2474 3159 2519 tunc
3185 2464 3466 2536 completa
3493 2478 3578 2523 est

1996 2534 2179 2588 notitia
2207 2534 2437 2589 Christi?
2482 2533 2771 2590 Considera
2796 2533 2917 2604 quia
2945 2551 3011 2591 ex
3054 2551 3118 2591 ea
3146 2533 3407 2592 lrmes'um
3438 2538 3573 2592 bella

1994 2615 2293 2677 cmperuul,
2328 2616 2385 2659 ut
2411 2605 2560 2660 ﬁeret
2590 2606 2783 2661 electio
2810 2606 3107 2659 meliorum.
3159 2606 3289 2660 Nam
3321 2609 3575 2677 quamdiu

1996 2676 2202 2728 vocatio
2227 2688 2328 2739 est,
2351 2692 2455 2729 non
2480 2685 2652 2745 potest
2670 2691 2788 2730 esse
2807 2676 3000 2731 electio
3020 2694 3031 2729 :
3050 2685 3104 2731 ct
3122 2677 3370 2745 quamdiu
3386 2678 3577 2734 electio

1994 2756 2073 2798 est
2098 2785 2114 2810 ,
2151 2762 2259 2800 non
2291 2756 2463 2814 potest
2500 2746 2669 2801 facilis
2694 2762 2812 2801 esse
2838 2748 3063 2817 vacatio.
3089 2747 3221 2817 ham
3244 2748 3378 2802 sicut
3405 2747 3576 2817 impe-

1993 2817 2285 2871 dimentutn
2307 2827 2390 2872 est
2419 2816 2678 2870 vocationi
2705 2817 2895 2870 electio
2914 2858 2928 2879 ,
2952 2816 3030 2870 sic
3056 2816 3302 2872 electioni
3346 2816 3573 2874 vacatio.

2372 2886 2593 2941 [lautitia
2625 2887 2752 2940 xlix.
2784 2903 2847 2943 ex
2867 2887 3030 2955 capite
3049 2887 3189 2941 xxiv.

2067 2957 2153 3010 13.
2196 2956 2321 3011 Cum
2357 2974 2474 3027 ergo
2509 2956 3177 3027 videritisabominationetn
3208 2956 3571 3024 desolatiom's,

1993 3043 2105 3096 qua:
2128 3027 2262 3081 dicta
2299 3040 2371 3082 est
2398 3025 2430 3080 ἁ
2460 3027 2667 3080 Daniele
2689 3025 2835 3151 SCap.
2867 3027 2919 3082 9.
2948 3042 2993 3079 υ.
3027 3026 3118 3100 Ξῖ)
3143 3029 3408 3098 propheta,
3435 3040 3579 3086 stan-

1995 3109 2091 3150 tem
2116 3100 2167 3151 in
2196 3098 2306 3151 loco
2332 3108 2503 3151 sancto
2523 3113 2543 3151 .'
2585 3099 2670 3151 aui
2709 3099 2808 3151 eait
2830 3097 3098 3151 intelliaat.
3116 3109 3220 3151 etc.
3243 3100 3467 3151 ﬂuidam
3495 3102 3579 3151 di-

1995 3109 2091 3150 tem
2116 3100 2167 3151 in
2192 3098 2306 3170 loco
2332 3108 2543 3170 sancto;
2585 3099 2670 3170 qui
2690 3097 2808 3170 legit
2830 3097 3220 3170 intelliganetc.
3238 3097 3467 3167 Quidam
3495 3102 3579 3155 di-

1995 3178 2121 3222 cunt
2154 3168 2599 3223 ahominatiouem
2626 3168 2970 3224 desolationis
2996 3168 3120 3224 esse
3149 3170 3432 3238 imaginem
3462 3170 3575 3225 Ca:-

1995 3240 2149 3308 saris,
2180 3254 2336 3307 quam
2360 3238 2567 3293 Pilatus
2599 3240 2774 3306 posuit
2804 3241 2856 3294 in
2887 3239 3106 3308 templo.
3168 3239 3356 3294 Verius
3396 3252 3574 3295 autem

1995 3307 2120 3376 quid
2169 3310 2242 3362 sit
2287 3309 2615 3380 abominatio
2655 3307 3217 3380 desolationisLucas
3254 3311 3577 3380 evangelista

1996 3380 2396 3449 interpretatur.
2428 3378 2565 3449 Nam
2601 3381 2651 3434 in
2695 3395 2802 3449 quo
2850 3381 2969 3434 loco
3013 3379 3218 3434 Marcus
3259 3388 3315 3434 et
3343 3378 3579 3448 pta-setis

1994 3447 2273 3504 Mattlneus
2292 3461 2511 3519 ponunt,
2545 3448 2670 3504 Cum
2694 3447 2914 3504 videritis
2938 3447 3355 3504 abominationetn
3376 3450 3580 3504 desola-

1996 3521 2145 3590 tionis
2188 3521 2382 3587 (Marc.
2427 3523 2508 3577 l5.
2540 3520 2628 3587 l4)
2655 3536 2668 3572 :
2701 3520 2752 3574 in
2783 3522 2898 3589 ipso
2928 3521 3046 3575 loco
3071 3520 3244 3575 Lucas
3270 3522 3349 3574 sic
3378 3520 3527 3590 ponit
3561 3538 3575 3575 :

1997 3588 2126 3642 Cum
2158 3595 2393 3649 videritis
2415 3591 2716 3646 circumdari
2754 3588 2815 3643 αὖ
2858 3593 3078 3645 exercitu
3124 3588 3429 3656 Jerusalem,
3459 3600 3580 3645 tunc

1996 3663 2174 3733 scitote
2214 3670 2334 3733 quia
2362 3662 2713 3733 propinquae“
2742 3661 2987 3716 desolatia
3010 3664 3122 3733 ejus
3151 3659 3301 3730 (Luc.
3331 3660 3421 3715 21.
3454 3660 3571 3731 20).

2001 3730 2066 3784 Ει
2090 3733 2168 3784 sic
2194 3730 2342 3795 dicit,
2374 3734 2463 3799 qui
2488 3731 2537 3784 in
2564 3731 2744 3785 .lndaca
2772 3740 2898 3786 sunt
2926 3748 2939 3783 :
2971 3732 3218 3785 videlicet
3239 3739 3294 3783 ut
3319 3746 3415 3799 per
3441 3730 3578 3786 alte-

2001 3815 2111 3853 ram
2139 3802 2538 3854 similitudinem
2559 3801 2904 3867 expositionis
2919 3801 3157 3867 ejusdem
3180 3801 3278 3854 loci
3302 3801 3572 3865 ostendat,

2000 3870 2122 3935 quid
2149 3871 2219 3922 sit
2246 3871 2568 3923 abominatio
2593 3869 2938 3923 desolationis
2961 3882 3110 3923 stans
3143 3869 3195 3923 in
3224 3869 3344 3922 loco
3366 3879 3572 3925 sancto.

2002 3937 2122 3991 Fuit
2149 3940 2294 4009 enim
2316 3938 3020 4009 exercitusalienigenarum
3052 3949 3105 3992 et
3134 3939 3359 3993 Romani
3405 3940 3577 4009 Impe-

2002 4007 2192 4063 ratoris
2232 4019 2378 4080 stans
2402 4009 2542 4080 circa
2569 4007 2887 4080 Jerusalem,
2914 4023 3032 4080 qua:
3061 4023 3231 4078 usque
3255 4017 3379 4062 tunc
3403 4007 3579 4065 fuerat

2000 4089 2203 4132 sancta.
2231 4077 2342 4132 Hoc
2359 4087 2412 4131 et
2432 4078 2620 4131 Petrus
2647 4077 2784 4145 apud
2827 4077 3157 4133 Clementem
3183 4080 3422 4146 exponit.
3472 4081 3576 4133 De-

2002 4150 2160 4217 nique
2205 4148 2342 4203 hanc
2377 4162 2497 4201 esse
2539 4148 2986 4219 abonnnationem
3018 4148 3361 4219 desiilationis
3385 4157 3441 4202 et
3464 4150 3578 4219 ipse

2001 4227 2178 4272 textus
2201 4219 2450 4272 ostendit.
2474 4217 2636 4282 Quasi
2660 4218 2801 4271 enim
2826 4219 3091 4284 replicans
3134 4218 3219 4272 illa
3250 4220 3427 4273 omnia
3455 4217 3573 4284 qua:

2000 4288 2244 4357 soperins
2267 4288 2420 4350 dixit,
2447 4287 2676 4341 breviter
2707 4287 3133 4355 eoniprehendit,
3165 4297 3220 4342 et
3244 4287 3371 4342 dicit
3399 4305 3413 4341 :
3446 4287 3574 4344 Cum

1999 4375 2115 4426 ergo
2145 4359 2363 4412 uideritis
2389 4358 2800 4411 abominationem
2826 4358 3145 4412 desolationis
3184 4368 3416 4412 stantem.
3466 4358 3578 4414 lloc

2001 4439 2102 4491 est,
2134 4430 2268 4483 Cum
2316 4429 2554 4482 videritis
2591 4442 2653 4482 ea
2709 4428 2820 4495 ipsa
2872 4429 3046 4497 prtulia
3074 4428 3185 4498 jam
3214 4430 3405 4483 stantia
3431 4429 3574 4485 circa

1997 4498 2315 4561 Jerusalem,
2356 4514 2474 4567 qua:
2501 4506 2624 4552 ante
2643 4498 2965 4553 audiebatis.
3016 4499 3274 4554 Similiter
3300 4510 3349 4552 et
3388 4498 3441 4552 in
3468 4500 3576 4554 line

2000 4569 2202 4635 mundi,
2224 4579 2279 4623 et
2305 4569 2357 4622 iu
2390 4568 2717 4623 Antichristo
2738 4570 3135 4637 intelligendum
3158 4578 3241 4623 est
3285 4568 3576 4638 Spirituali-

1999 4650 2095 4701 tor,
2131 4640 2341 4708 quando
2373 4647 2429 4693 et
2467 4640 2718 4704 haereses,
2740 4649 2794 4692 et
2816 4640 3002 4699 fames.
3034 4649 3090 4695 et
3134 4639 3448 4708 pestilentia:
3475 4680 3490 4704 ,
3521 4649 3578 4694 ct

1999 4711 2083 4763 illa
2123 4711 2298 4763 omnia
2342 4717 2465 4763 ante
2507 4711 3244 4777 praecesserunt:novissime
3276 4719 3453 4762 autem
3478 4708 3573 4764 ab-

1996 4780 2250 4833 ominalio
2284 4779 2629 4834 desolationis
2669 4782 2814 4833 stetit
2858 4780 2910 4833 in
2952 4781 3071 4835 loco
3119 4788 3325 4843 saneto,
3368 4779 3419 4833 id
3466 4788 3572 4845 est,

1996 4852 2264 4904 exercitus
2307 4850 2641 4905 Antichristi.
2690 4850 2970 4904 Exercitus
3012 4860 3192 4907 autem
3250 4852 3568 4904 Antichristi

1996 4929 2118 4973 sunt
2174 4936 2363 4975 omnes
2413 4921 2667 4987 haereses,
2715 4921 2979 4988 praecipue
3024 4921 3122 4975 ista
3149 4963 3165 4981 ,
3194 4936 3312 4989 quae
3338 4920 3572 4976 obtinuit

1996 4988 2253 5044 Ecclesia:
2297 4991 2488 5051 locum,
2521 5000 2576 5044 et
2606 4992 2754 5044 stetit
2795 4992 2845 5043 in
2876 4992 2997 5044 loco
3024 4988 3232 5057 sancto,
3275 4990 3346 5045 ita
3385 4999 3445 5046 ut
3484 4993 3566 5046 νίς

1995 5062 2182 5114 deatur
2227 5062 2376 5129 quasi
2427 5061 2644 5113 verbum
2694 5061 2928 5113 veritatis
2970 5063 3221 5126 stetisse,
3284 5078 3406 5116 cum
3461 5080 3568 5120 non

1993 5132 2063 5185 sit
2122 5132 2342 5185 verbum
2407 5131 2668 5192 veritatis,
2717 5131 2810 5183 sed
2879 5132 3205 5186 abominatio
3276 5131 3567 5189 desolatio-

1994 5202 2073 5254 uis
2108 5239 2123 5267 ,
2172 5202 2222 5254 id
2268 5210 2390 5265 est,
2435 5200 2703 5272 exercitus
2749 5200 3104 5266 Antichristi,
3153 5203 3242 5272 qui
3284 5204 3571 5259 tntdtorunt

1992 5272 2195 5325 animas
2262 5272 2490 5325 reddidit
2562 5271 2825 5324 desolatas
2893 5285 2922 5324 a
2992 5273 3124 5328 Deo.
3192 5273 3260 5328 Et
3328 5274 3430 5328 hoc
3487 5281 3571 5329 est

1993 5341 2127 5396 lorte
2195 5342 2337 5410 quod
2401 5343 2691 5412 Apostolus
2738 5340 2865 5394 dicit
2928 5359 2942 5395 :
3013 5342 3116 5407 Qui
3182 5344 3476 5398 adversatur
3520 5352 3568 5412 et

1990 5413 2246 5464 extollitur
2283 5410 2800 5481 supra'omnequod
2846 5412 3031 5465 dicitur
3074 5413 3247 5478 Deus,
3297 5424 3384 5466 aut
3433 5410 3568 5481 quod

1987 5483 2173 5553 colitur
2197 5522 2211 5544 ,
2235 5482 2307 5534 ita
2334 5479 2687 5553 utin‘templo
2844 5484 2992 5553 quasi
3022 5482 3160 5553 Dens
3181 5484 3372 5543 sedeat,
3395 5479 3563 5553 osten-

1987 5552 2109 5605 deus
2133 5569 2187 5605 se
2211 5552 2351 5619 quasi
2370 5552 2432 5604 sit
2462 5550 2598 5606 Deus
2625 5551 2700 5620 (2.
2729 5550 2900 5606 Thess.
2923 5554 2977 5607 2.
2995 5554 3073 5621 4).
3096 5552 3162 5606 Ει
3182 5554 3259 5606 sic
3273 5552 3447 5605 omnia
3479 5552 3569 5608 illa

1988 5622 2127 5675 mala
2159 5623 2419 5678 ha:resum
2461 5623 2790 5677 diversarum
2812 5665 2824 5685 .
2856 5638 2975 5692 qua:
3023 5633 3175 5676 antea
3206 5622 3559 5692 audiebantur

1990 5701 2191 5746 tantum
2223 5734 2236 5755 ,
2266 5706 2448 5761 postea
2477 5701 2739 5747 steterunt
2791 5695 2843 5747 in
2874 5690 3002 5746 loco
3046 5703 3231 5745 sancto
3270 5690 3564 5747 desolantia

1988 5763 2042 5818 Ε.
2063 5764 2278 5820 ciesiam
2304 5763 2521 5818 Christi.
2551 5763 2627 5817 Ex
2654 5781 2760 5829 quo
2790 5765 2910 5817 data
2936 5762 3034 5816 sibi
3075 5764 3286 5816 licentia
3313 5803 3327 5829 ,
3379 5776 3561 5833 cmpo-
