4052 6200
512 314 614 373 1³07
644 314 649 321 ”

515 438 847 498 may-omnes
891 425 1111 498 publice
1123 424 1319 498 habere
1343 421 1627 498 Ecclesias.
1653 420 1720 475 Et
1748 434 1846 498 nos
1867 420 2079 489 quidem

511 491 856 567 exposuimus
888 491 972 549 hic
1014 495 1312 567 auditiones
1337 493 1638 567 praeliorum
1660 530 1675 554 ,
1700 501 1761 567 _et
1792 491 1986 551 fames,
2029 498 2086 543 et

514 560 848 622 terrmmotus
871 606 886 631 ,
918 575 972 619 et
1000 560 1347 636 pestilentias,
1373 562 1669 636 auditiuues
1700 560 1959 636 hmresnm
1985 603 1999 621 ,
2032 568 2087 613 et

513 639 719 706 inepias
761 630 953 700 verbi,
993 630 1047 689 et
1097 632 1477 687 concuSsiones
1529 630 1980 693 Christianorum,
2034 640 2087 683 et

512 707 883 776 corruptiones
923 719 1133 776 morum
1155 744 1169 766 ,
1197 718 1315 771 quze
1339 711 1463 776 ante
1490 713 1929 776 praecesserunt}
1957 709 2089 776 tem-

516 793 645 847 pore
676 767 1021 830 Constantini
1047 815 1061 837 ,
1095 767 1352 847 usquead
1394 767 1964 847 tenipus_Tlteodosii._
1986 767 2090 821 Ah-

511 837 891 901 ominationem
921 854 1097 898 autem
1126 837 1472 896 dosolationis
1508 839 1741 893 diximus
1779 853 1899 893 esse
1950 837 2089 892 hanc

515 920 681 984 ipsam
706 916 972 979 haeresim,
1004 929 1122 982 quae
1142 911 1634 984 occupavitsanctze
1655 909 1911 984 Ecclesiae
1939 909 2053 984 loca
2068 946 2084 971 ,

513 978 567 1041 et
597 987 791 1039 nmltos
819 978 1080 1039 desolavit
1102 999 1135 1053 _a
1168 978 1301 1044 ﬁde',
1334 990 1388 1034 et
1417 981 1587 1049 ipsum
1615 980 1903 1053 exercitum
1935 978 2086 1053 anti-

514 1057 699 1110 christi
726 1097 739 1118 ,
764 1064 816 1109 et
841 1063 1061 1108 czetcras
1100 1051 1333 1106 lnereses
1354 1092 1370 1115 ,
1417 1065 1535 1118 qua:
1578 1049 1853 1113 cmperuiit
1883 1048 2089 1115 publice

517 1127 713 1179 habere
758 1125 1062 1188 Ecclesias,
1106 1123 1279 1175 locum
1331 1121 1632 1175 obtinentes
1678 1118 1928 1172 Ecclesia:
1965 1132 2086 1170 sano

516 1208 684 1250 ctum.
713 1196 768 1249 Si
799 1196 917 1263 quis
942 1187 1116 1247 autem
1146 1191 1443 1263 auditiones
1491 1187 2048 1263 qu_idem_.pra-liorum
2071 1226 2086 1250 ,

517 1267 684 1319 fatues
713 1274 768 1320 et
793 1258 1069 1323 tumultus,
1098 1272 1153 1315 et
1183 1260 1536 1328 pestilentias,
1557 1258 1807 1326 intelligat
1836 1272 1955 1311 esse
1973 1272 2089 1309 om-

516 1336 601 1389 nia
632 1335 746 1389 hzcc
794 1335 930 1388 mala
979 1327 1303 1402 spiritualia,
1358 1344 1478 1402 qtne
1519 1327 1654 1382 facta
1696 1337 1821 1380 sunt
1850 1336 2090 1402 tempore

514 1404 845 1459 Constantini
866 1398 1024 1456 simul
1045 1411 1098 1456 et
1122 1400 1405 1454 Theodosii
1435 1413 1599 1467 usque
1626 1413 1785 1463 nunc,
1814 1398 2088 1450 abomina-

517 1478 714 1529 tionem
744 1483 919 1528 autem
948 1469 1293 1527 desolationis
1340 1469 1598 1537 intelligat
1625 1481 1744 1522 esse
1767 1467 1940 1537 ipsum
1974 1469 2089 1537 An-

516 1545 814 1600 ticliristum
836 1584 850 1605 ,
883 1543 971 1612 qui
1000 1539 1337 1612 postmodum
1366 1536 1545 1612 venire
1566 1547 1829 1612 speratur,
1861 1546 1914 1612 et
1943 1536 2087 1612 obti-

517 1631 644 1669 nere
676 1615 787 1668 loca
822 1607 1176 1667 Ecclesiarmn
1212 1617 1390 1663 sancta
1429 1608 1527 1663 sub
1553 1608 1733 1677 specie
1761 1607 1955 1661 Christi
1983 1647 1998 1669 ,
2037 1614 2092 1662 ct

517 1686 712 1738 multos
752 1683 985 1738 ﬁdelimu
1013 1681 1257 1734 desolare
1301 1695 1315 1731 :
1347 1693 1451 1732 non
1485 1678 1914 1731 irrationabiliter
1939 1677 2086 1731 dicit.

519 1755 647 1807 Nam
673 1755 786 1808 sive
809 1754 904 1806 ista
925 1751 1164 1810 haeresis,
1179 1764 1295 1818 qua:
1305 1749 1411 1817 jam
1433 1749 1620 1813 tenuit,
1636 1748 1748 1818 sive
1766 1748 1989 1817 pupulus
2004 1748 2091 1802 ille

517 1826 603 1893 qui
628 1823 959 1894 postmodum
978 1836 1098 1894 cum
1116 1817 1232 1891 ipso
1258 1818 1585 1894 Antichristo
1605 1817 1926 1894 c_stft_tturus:
1948 1825 2091 1894 recte

516 1888 781 1949 exercitus
799 1892 1107 1961 intelligitur
1124 1888 1243 1961 esse
1262 1889 1591 1943 Antichristi.
1610 1888 1689 1961 _Et
1704 1890 1784 1942 sic
1820 1888 2090 1961 prophetae

517 1965 674 2018 verba
702 1958 995 2033 signiﬁcanl
1015 1961 1179 2033 magis
1191 1960 1256 2014 de
1271 1959 1726 2033 consummatione
1738 1958 1942 2012 mundi:
1968 1973 2092 2027 pro-

517 2034 694 2102 phetia
724 2027 919 2094 tamen,
944 2032 1078 2085 sicut
1106 2027 1657 2102 docet_Cli_rist_us,_ad
1685 2038 1979 2102 utrumque
2007 2035 2089 2102 est

518 2098 674 2159 dicta.
694 2102 829 2158 Sunt
854 2110 1031 2156 autem
1049 2101 1207 2153 verba
1225 2100 1311 2153 illa
1337 2100 1434 2153 sic:
1453 2098 1518 2151 In
1536 2098 1744 2151 dimidio
1758 2099 1956 2167 septimi
1969 2098 2090 2151 anni

517 2191 582 2226 an
590 2174 901 2242 fcrctnrjnge
916 2173 1045 2226 sacri
1051 2172 1242 2234 ficium,
1253 2178 1305 2242 et
1317 2168 1621 2242 abominatio
1637 2167 1958 2222 desolationis
1972 2178 2090 2242 ‘sta-

518 2238 598 2297 bit
618 2246 667 2297 in
698 2238 805 2297 loco
824 2238 1011 2301 sancto,
1032 2257 1185 2310 usque
1195 2240 1262 2292 ad
1277 2239 1765 2310 consummationem
1771 2248 1867 2291 tem
1873 2238 2034 2310 poris,
2042 2248 2091 2291 et

517 2315 875 2368 consummatio
902 2306 1113 2364 dabitur'
1144 2326 1295 2380 super
1337 2309 1657 2380 solitudinem
1700 2307 1863 2380 (Dan.
1890 2306 2087 2380 9.37).

518 2383 628 2437 Illic
654 2385 918 2438 exercitus
943 2377 1216 2436 Romanus
1240 2379 1414 2434 dictus
1456 2389 1538 2433 est
1576 2379 1900 2432 abominatio
1926 2377 2091 2432 desoo.

518 2455 727 2508 lationis
751 2495 765 2518 ,
802 2457 921 2521 quia
952 2452 1017 2506 ad
1044 2450 1444 2521 desolationem
1471 2447 1979 2521 redacturus‘fuerat
1998 2447 2090 2521 Ju-

516 2526 722 2577 daicum
753 2518 952 2580 cultum
998 2540 1011 2575 :
1041 2520 1127 2576 hic
1153 2529 1330 2574 autem
1368 2518 1726 2574 Autichristns
1768 2518 1961 2572 dicitur
1997 2520 2091 2571 ab-

516 2595 770 2648 Ontinatio
798 2592 1144 2647 desolationis
1166 2633 1179 2648 .
1204 2591 1325 2659 quia
1356 2591 1642 2643 multorum
1667 2587 2088 2642 Christianorum

515 2667 720 2718 animas
767 2664 1000 2717 facturus
1025 2672 1106 2716 est
1142 2661 1407 2715 desolatas
1436 2676 1464 2712 a
1496 2660 1620 2713 lteo.
1647 2659 1775 2713 Nam
1805 2669 2089 2729 antequam

514 2743 765 2802 caperent
790 2733 1012 2787 Ruinani
1042 2731 1335 2802 Jerusalem
1361 2769 1378 2795 ,
1422 2729 1721 2802 indimidio
1745 2729 2091 2802 hebdomadis

514 2799 761 2858 Christus
789 2817 1059 2874 pet-snam
1091 2801 1384 2874 doctrinam
1417 2799 1533 2874 tulit
1555 2799 1629 2874 de
1650 2800 1825 2853 medio
1846 2799 1971 2874 juge
1997 2814 2090 2853 sa-

514 2869 1137 2928 criﬁcium'Judaeorum.
1168 2871 1296 2925 Nam
1328 2869 1524 2924 dicitur
1548 2871 1714 2924 tribus
1740 2870 1892 2923 annis
1920 2877 1976 2924 et
1995 2885 2089 2924 sex

519 2944 791 2999 mensibus
825 2944 1087 3006 docuisse,
1112 2942 1201 3010 qui
1240 2954 1494 2994 numerus
1534 2940 1657 2993 facit
1680 2939 1964 3010 dimidium
2004 2954 2091 2993 se-

515 3026 658 3084 ptem
680 3028 958 3074 annormn,
979 3022 1036 3066 ut
1061 3009 1189 3084 illud
1205 3010 1537 3084 sacriﬁcium,
1554 3009 1691 3078 quod
1709 3010 1903 3084 jugitetj
1920 3010 2092 3084 fuerat

517 3080 569 3138 in
602 3101 719 3148 usu,
750 3085 1025 3139 tolleretur
1050 3082 1115 3136 de
1140 3081 1346 3144 medio,
1375 3088 1429 3135 et
1458 3080 1741 3135 olferretur
1768 3080 2087 3134 sacrilicium

517 3156 687 3209 laudis
715 3156 765 3208 in
795 3169 946 3214 voce,
989 3161 1043 3207 et
1064 3150 1378 3206 sacriﬁcium
1402 3151 1625 3216 justitiat
1656 3151 1705 3204 in
1728 3151 1975 3218 operibus
1999 3192 2014 3215 ,
2037 3158 2091 3205 et

517 3225 837 3279 sacriﬁcium
868 3224 1009 3292 pacis
1048 3238 1142 3291 per
1191 3220 1796 3292 eucliaristiam._llsque
1824 3221 1888 3274 ad
1931 3222 2088 3292 linem

518 3305 694 3350 autem
723 3289 902 3348 smculi
925 3289 1181 3347 tumultus
1212 3301 1315 3353 est,
1343 3291 1466 3359 quia
1507 3289 1726 3344 Judaica
1763 3291 2091 3345 consuetudo

517 3365 585 3419 de
632 3362 905 3417 sacriﬁciis
963 3361 1251 3417 otl‘ereudis
1296 3375 1583 3426 numquam
1638 3369 1720 3415 est
1772 3361 2087 3429 reparanda.

464 3452 471 3455 ‘
517 3436 647 3488 item
675 3435 728 3486 in
757 3431 974 3486 dimidio
1005 3431 1372 3492 hebdomadis,
1410 3430 1508 3481 hoc
1534 3438 1635 3491 est,
1669 3431 1834 3483 tribus
1861 3431 2015 3483 annis
2038 3440 2092 3484 et

518 3519 611 3558 sex
638 3504 929 3563 mensibus,
963 3500 1064 3554 hoc
1093 3500 1406 3553 sacrilicium
1438 3497 1857 3553 Christianorum
1909 3501 2092 3553 tollen-

517 3574 640 3626 dum
670 3583 748 3627 est
800 3572 867 3625 ab
919 3568 1246 3624 Antichristo
1272 3610 1287 3634 ,
1319 3568 1743 3637 confugientibus
1772 3569 2091 3624 Christianis

517 3653 643 3698 ante
665 3657 783 3695 eum
812 3656 906 3710 per
935 3640 1049 3695 loca
1076 3638 1285 3693 deserta
1311 3657 1323 3692 :
1349 3653 1455 3710 non
1482 3639 1587 3710 erit
1608 3639 1697 3706 qui
1726 3648 1816 3692 aut
1843 3639 1894 3692 in
1922 3642 2093 3694 eccle-

517 3717 649 3766 siam
680 3706 855 3773 intret,
884 3719 974 3764 aut
1004 3710 1325 3764 oblationem
1352 3706 1539 3762 olTerat
1562 3707 1689 3762 Deo.
1711 3709 1970 3775 Quoniam
1992 3726 2092 3763 an-

518 3794 623 3837 tem
655 3783 819 3836 tribus
842 3782 995 3835 annis
1039 3789 1094 3834 et
1122 3794 1212 3834 sex
1252 3777 1525 3832 mensibus
1552 3778 1971 3847 protendendum
2010 3789 2092 3835 est

519 3852 824 3908 Antichriin
848 3866 1087 3919 regnum,
1108 3849 1286 3903 multa:
1300 3848 1575 3917 scripturae
1589 3848 1904 3917 signiﬁcant,
1925 3852 2093 3905 iiieixi-

519 3940 605 3978 tne
632 3934 804 3977 tamen
836 3923 889 3976 in
916 3921 1259 3976 Ret/elatione
1279 3933 1371 3973 sua
1390 3919 1643 3973 Joannes.
1670 3920 1733 3973 Ει
1753 3920 2089 3974 solitudinem

520 3995 662 4049 illam
693 3991 1078 4047 consummatio
1115 3990 1391 4060 occupavit
1421 4006 1434 4042 :
1485 3987 1803 4060 Nomasque
1846 3991 2091 4057 insﬁncm

520 4062 699 4119 tenebit
747 4062 1081 4116 Anticltristus
1127 4076 1146 4113 :
1185 4058 1329 4129 quem
1358 4058 1602 4112 Dominus
1654 4058 1806 4114 .Iesus
1829 4061 2092 4127 interﬁciat

517 4135 697 4205 spiritu
717 4136 817 4187 oris
842 4134 921 4205 sui
954 4131 1030 4205 (2.
1053 4130 1230 4205 Tltess.
1255 4130 1307 4182 2.
1329 4130 1379 4182 7.
1405 4130 1481 4199 8).
1511 4129 1704 4205 De‘hne
1729 4130 1870 4205 enim
1890 4135 2094 4205 etApo-

520 4199 688 4258 stolus
715 4207 806 4267 ait,
830 4199 1048 4265 dicens:
1083 4200 1246 4253 Nemo
1281 4215 1366 4253 vos
1393 4199 1692 4253 conturbet:
1718 4201 1836 4269 quia
1868 4202 1964 4254 nisi
2003 4199 2094 4254 lue-

519 4273 647 4328 nerit
672 4274 907 4326 discessio
939 4274 1188 4339 primum,
1224 4281 1271 4341 et
1311 4269 1554 4341 revelatus
1596 4272 1747 4339 fuerit
1785 4271 1933 4324 ltomo
1975 4288 2093 4341 pec-

518 4346 637 4406 cati,
668 4343 807 4410 ﬁlius
851 4342 1078 4395 interitus
1097 4381 1116 4410 ,
1146 4340 1231 4409 qui
1252 4339 1546 4410 adversatur
1583 4349 1629 4392 et
1653 4342 1913 4394 extollitur
1937 4339 2093 4410 supra

518 4409 821 4481 omnequod
861 4409 1356 4481 dicituriDeusqtut
1401 4409 1745 4481 quodcolitur
1770 4450 1785 4472 ,
1833 4413 1902 4463 ita
1947 4409 2006 4463 ut
2040 4414 2093 4466 in

519 4477 708 4553 templo
737 4483 832 4535 Dei
869 4484 1012 4547 quasi
1033 4480 1171 4553 Deus
1197 4479 1365 4553 sedeat
1388 4477 1569 4553 _(lbid.
1600 4496 1649 4534 v.
1669 4481 1720 4534 5.
1740 4481 1900 4553 alget
1922 4481 2087 4538 addit:

516 4549 639 4625 dant
662 4553 794 4607 enim
824 4554 1113 4625 mysterium
1147 4550 1423 4617 iniquitatis
1461 4560 1700 4625 Operatur
1721 4549 1885 4625 (Ibid.
1934 4566 1976 4604 υ.
1998 4552 2090 4625 ⁵7).

520 4623 644 4692 Legi
674 4622 954 4692 quemdam
997 4623 1073 4675 sic
1112 4630 1466 4692 exponentem
1514 4636 1529 4672 :
1561 4621 1820 4692 Quoniam
1865 4621 2090 4692 omnia,

519 4689 727 4762 inq'nit',
778 4705 1125 4762 quzecumque
1175 4690 1427 4762 exposuit
1463 4703 1629 4762 supra
1652 4730 1666 4753 ,
1702 4691 1849 4757 signa
1882 4689 2089 4747 fuerunt

520 4760 870 4832 praecedentia
891 4760 1507 4832 diruptibnetncivitatis
1521 4760 1661 4832 illius
1687 4770 1739 4832 et
1759 4762 1959 4832 templi.
1988 4762 2096 4817 lloc

517 4829 693 4887 autem
721 4832 858 4901 quod
885 4831 1030 4894 dicit,
1064 4829 1188 4885 Cum
1216 4829 1434 4883 videritis
1456 4829 1875 4901 abominationcnt
1897 4831 2096 4884 desola-

522 4904 691 4968 tionis,
715 4900 929 4956 stantem
956 4900 1009 4953 in
1038 4901 1147 4953 loco
1176 4910 1347 4953 sancto
1378 4942 1394 4965 ,
1425 4909 1478 4952 ct
1500 4901 1675 4953 ontnia
1704 4915 1820 4967 quae
1848 4900 2095 4956 dicuntur

519 4972 796 5040 deinceps,
826 4971 975 5039 signa
1001 4981 1125 5024 sunt
1150 4971 1625 5024 consummationis
1655 4973 1861 5034 futurae,
1890 4980 1944 5023 et
1970 4987 2096 5025 ven-

521 5043 622 5096 turi
652 5039 767 5095 Filii
801 5041 890 5094 Dei
917 5081 931 5105 ,
974 5041 1062 5110 qni
1093 5049 1146 5095 et
1176 5041 1226 5094 in
1275 5040 1724 5096 abominatiouem
1753 5039 2095 5096 desolationis

520 5114 692 5182 ipsum
719 5110 935 5165 tradidit
956 5110 1360 5182 Antichristum.
1383 5111 1542 5182 Quod
1570 5120 1745 5182 autem
1771 5120 2006 5165 staturus
2028 5118 2097 5168 sit

521 5180 573 5237 in
603 5183 720 5237 loco
747 5192 951 5244 sancto,
995 5181 1124 5235 dicit
1151 5180 1249 5235 hoc
1269 5181 1428 5233 modo
1457 5198 1470 5233 :
1497 5180 1932 5234 Resediﬁcaturus
1969 5192 2052 5236 est
2076 5223 2093 5249 ,

523 5253 711 5323 inquit,
741 5251 1121 5323 sanctuarinm,
1146 5251 1299 5323 quod
1324 5251 1424 5323 l'uit
1445 5252 1494 5323 in
1523 5250 1871 5323 Jerosolymis
1924 5268 2096 5323 quon-3

523 5321 667 5385 dam.
697 5332 751 5377 et
779 5322 849 5376 ibi
877 5331 1109 5378 staturus
1131 5321 1292 5392 (Dan.
1321 5321 1375 5387 9.
1402 5321 1495 5389 25)
1530 5337 1542 5372 :
1577 5329 1634 5374 ut
1659 5322 1896 5392 videntes
1924 5321 2094 5376 Jud:ci

522 5395 743 5449 credant
775 5393 824 5446 in
847 5408 968 5447 eum
994 5434 1009 5457 ,
1043 5391 1145 5445 non
1174 5391 1345 5445 solum
1375 5401 1589 5459 propter
1623 5391 1772 5458 signa
1808 5391 1923 5458 ejus
1943 5432 1958 5456 ,
2002 5393 2096 5445 sed

518 5468 677 5517 etiam
711 5473 924 5532 promer
950 5462 1335 5532 reparationem
1364 5461 1542 5532 templi
1566 5460 1749 5529 ipsius,
1775 5462 2098 5532 aestimantes

525 5531 819 5603 prophetas
839 5535 889 5587 in
919 5543 1155 5601 tempore
1186 5531 1276 5603 illo
1302 5545 1420 5585 esse
1449 5531 1712 5599 impletos,
1742 5531 1831 5603 qui
1853 5532 1918 5603 de
1942 5547 2097 5599 repa-

526 5600 730 5657 ratione
747 5600 1039 5658 Jerusalem
1070 5600 1520 5670 pmphetavernnt
1547 5619 1560 5653 :
1607 5616 1711 5654 non
1744 5601 2098 5668 intelligemus

524 5678 791 5742 quomodo
835 5673 1089 5742 propheta
1126 5672 1193 5725 de
1236 5672 1568 5739 reparatione
1599 5671 1778 5737 templi
1808 5672 2097 5742 spiritualis

523 5741 771 5812 loquutus
796 5741 895 5808 est,
924 5741 1080 5813 quam
1107 5741 1350 5799 Christus
1381 5742 1649 5810 implevit,
1684 5754 1787 5796 non
1815 5741 1883 5795 de
1910 5755 2099 5810 corpu-

1796 303 1969 362 OPUS
2006 301 2492 363 IMPERFECTUM

3684 294 3789 350 908

2190 419 2285 473 rali
2307 433 2465 489 quam
2484 416 2840 489 Antichristus
2861 423 2944 470 est
2965 413 3300 489 impleturus.
3319 412 3387 468 Et
3397 421 3559 489 _tunc_,
3589 410 3780 489 inquit,

2191 482 2497 557 implcbitnr
2537 488 2606 542 ibi
2637 486 2778 557 quod
2830 482 3168 557 prophetarit
3212 484 3479 557 Jerem‘ias
3528 484 3582 535 in
3621 482 3778 538 Juda.

2188 554 2411 624 Quando
2443 575 2547 612 non
2585 554 2946 617 crediderunt,
2976 556 3167 623 inquit,
3197 554 3428 617 veritati,
3451 554 3504 606 in
3536 562 3781 621 tempore

2193 630 2281 683 illo
2309 629 2554 697 loquetur
2582 626 2776 697 populo
2805 626 2931 697 huic
2973 638 3023 697 et
3047 625 3347 697 Ierusalem
3386 625 3458 697 in
3479 624 3671 697 Spiritu
3694 639 3781 678 se-

2189 694 2455 751 ductiouis
2487 694 2620 764 (Jer.
2643 698 2697 751 4.
2723 697 2808 750 11.
2836 695 2949 765 12).
2978 695 3072 750 ilic
3092 695 3344 750 excitabit
3375 694 3776 749 trihttlaticmcm

2190 781 2353 833 snper
2376 778 2611 831 sanctos,
2645 781 2844 835 probeo
2868 764 3010 835 quod
3048 781 3156 819 non
3195 764 3570 831 gloriﬁcabunt
3612 781 3733 818 eum
3757 805 3778 831 ,

2190 846 2245 890 et
2271 837 2463 892 multos
2483 837 2706 891 occidet.
2743 834 2849 891 Sed
2877 834 2979 890 hoc
2999 836 3066 890 de
3092 840 3190 890 hac
3218 836 3658 901 interpretatione
3682 836 3783 889 du-

2193 907 2410 963 bitabile
2452 907 2579 961 mihi
2621 906 2851 969 videtur,
2882 907 2926 960 si
2965 906 3115 960 locus
3144 906 3325 974 templi
3367 905 3510 959 illius
3530 945 3549 969 ,
3577 919 3645 959 ex
3673 922 3780 974 quo

2193 975 2426 1030 dirutum
2453 986 2535 1031 est
2550 978 2659 1044 jam
2686 992 2714 1029 a
2750 977 2889 1040 Deo,
2921 975 3259 1043 postmodum
3306 984 3523 1029 sanctus
3562 985 3782 1031 vocatur

2192 1047 2484 1101 secundum
2512 1047 2651 1115 quod
2692 1055 2742 1100 et
2786 1047 2870 1099 hic
2894 1046 3021 1100 dicit
3049 1065 3063 1100 :
3097 1045 3221 1099 Cum
3249 1045 3477 1099 uideritis
3517 1045 3781 1100 abomina-

2193 1116 2375 1169 tionem
2418 1114 2744 1170 desolationis
2770 1127 2986 1169 stantem
3032 1116 3084 1168 in
3122 1115 3231 1169 loco
3269 1124 3462 1169 sancto.
3497 1116 3587 1170 16.
3633 1114 3778 1170 Tunc

2191 1187 2275 1253 qui
2304 1187 2357 1239 in
2381 1188 2565 1241 Iudam
2610 1197 2726 1241 sunt
2749 1227 2765 1248 ,
2797 1187 2993 1255 fugiant
3017 1187 3084 1238 ad
3110 1197 3303 1239 montes
3335 1201 3355 1238 :
3403 1186 3491 1240 t7.
3520 1196 3568 1239 et
3606 1191 3690 1255 qui
3726 1189 3778 1241 its

2195 1265 2340 1315 tecto.
2358 1274 2457 1310 non
2488 1257 2791 1311 descendant
2822 1257 2995 1309 tollere
3024 1256 3218 1322 aliquid
3253 1258 3318 1309 de
3344 1255 3496 1308 doma
3518 1273 3615 1308 sua
3641 1273 3661 1310 :
3690 1258 3772 1312 18.

2192 1337 2239 1378 et
2266 1327 2354 1395 qui
2374 1328 2424 1378 in
2449 1343 2572 1395 agro
2593 1367 2608 1390 ,
2647 1343 2749 1379 non
2798 1336 3103 1379 revertantur
3151 1337 3286 1379 retro
3331 1326 3515 1379 tollere
3556 1329 3774 1381 lanienas

2192 1412 2356 1449 suam.
2384 1397 2551 1458 Tunc,
2585 1396 2796 1464 quando
2823 1396 3106 1450 viderimus
3133 1397 3591 1450 abominationem
3618 1398 3772 1451 dem-

2193 1465 2404 1535 lationis
2429 1475 2655 1521 stantem
2678 1467 2729 1521 in
2753 1466 2872 1520 loco
2890 1475 3095 1527 saneto.
3118 1466 3313 1535 quibus
3332 1467 3555 1520 mandat
3569 1466 3773 1534 fugere?

2191 1534 2306 1589 Non
2332 1537 2506 1591 solum
2532 1538 2636 1591 illis
2660 1577 2676 1599 ,
2718 1538 2807 1604 qui
2834 1545 2958 1589 tunc
3000 1534 3211 1606 fuerunt
3250 1545 3377 1606 ante
3412 1538 3770 1606 captivitatem

2193 1606 2507 1670 Jerusalem,
2534 1607 2626 1662 sed
2653 1607 2811 1661 etiam
2842 1605 3028 1668 nobis,
3065 1605 3154 1674 qui
3206 1605 3452 1661 videmus
3487 1605 3771 1661 abomina-

2194 1678 2391 1729 tionem
2420 1676 2764 1731 desolationis
2811 1676 2921 1744 jam
2960 1685 3188 1729 stantem
3226 1676 3277 1729 in
3311 1678 3429 1730 loco
3457 1686 3647 1731 sancto
3677 1696 3690 1731 :
3723 1677 3769 1731 id

2192 1756 2292 1809 est,
2309 1747 2561 1814 populum
2594 1745 2902 1801 Antichristi
2932 1746 2983 1799 in
3013 1746 3141 1799 locis
3166 1748 3435 1802 Ecclesiae.
3466 1747 3555 1802 lfli
3600 1757 3768 1802 autem

2194 1817 2455 1870 visibilem
2483 1817 2692 1871 hostem
2740 1816 2990 1884 fugerunt
3026 1816 3248 1884 pedibus
3267 1859 3281 1880 ,
3316 1831 3415 1871 nos
3439 1833 3618 1872 autem
3647 1821 3769 1872 invi-

2194 1886 2403 1957 sibilem
2454 1888 2669 1957 tandem
2723 1885 2984 1957 fugiamus
3029 1886 3237 1941 actibus
3287 1888 3461 1942 bonis.
3520 1888 3768 1954 Quamvis

2192 1957 2333 2010 enim
2362 1956 2605 2011 diabolus
2634 1958 2705 2011 sit
2728 1956 2946 2025 spiritus
2964 1996 2981 2021 ,
3012 1967 3066 2009 et
3094 1958 3253 2012 homo
3282 1972 3481 2025 corpus
3509 1975 3523 2011 :
3558 1969 3768 2023 tantien,

2193 2042 2478 2096 numquam
2524 2028 2643 2082 illos
2686 2026 2930 2081 diabolus
2961 2035 3132 2094 potest
3161 2026 3619 2096 comprehendere
3639 2069 3658 2093 ,
3686 2026 3771 2095 qui

2193 2095 2396 2163 fugiunt
2424 2111 2669 2168 eutnper
2692 2112 2854 2168 opera
2881 2097 3034 2168 bona.
3073 2096 3202 2152 Sine
3232 2095 3383 2152 causa
3411 2107 3591 2152 autem
3638 2101 3774 2168 fugit

2191 2176 2314 2220 ante
2334 2181 2454 2221 eum
2471 2167 2694 2236 pedibus
2712 2207 2728 2232 ,
2771 2167 2861 2235 qui
2880 2167 3129 2235 sequitur
3152 2182 3275 2221 eum
3297 2170 3543 2236 peccatis.
3573 2170 3685 2223 Sed
3707 2167 3774 2225 fut

2193 2238 2463 2304 sapienter
2493 2238 2844 2304 intelligamus
2861 2236 2974 2290 hmc
2998 2252 3117 2305 qu.e
3139 2239 3447 2306 prophetiee
3476 2249 3604 2293 sunt
3631 2239 3770 2295 dicta

2192 2322 2222 2359 a
2243 2306 2479 2378 Christo,
2505 2308 2740 2362 breviter
2766 2307 3193 2378 cogn_osccndnm
3219 2318 3323 2367 εει.
3349 2309 3528 2378 qualis
3552 2320 3632 2363 est
3651 2325 3772 2364 con-

2192 2376 2417 2447 suetudo
2458 2376 2856 2446 prophetarum.
2883 2376 3212 2447 Frequenter
3248 2392 3314 2431 ex
3345 2376 3626 2434 occasione
3653 2395 3768 2434 car-

2192 2446 2301 2518 nali
2319 2447 2658 2518 incipiebant,
2682 2458 2738 2502 et
2757 2448 2834 2518 sic
2851 2446 3144 2518 miscebant
3173 2447 3531 2517 pr0phetiam.
3552 2448 3767 2518 Utputa,

2192 2517 2354 2571 David
2384 2533 2504 2571 cum
2531 2517 2778 2587 fugereta
2807 2516 2940 2572 facie
2962 2516 3193 2587 Absalon
3215 2558 3231 2580 ,
3258 2516 3327 2572 ex
3353 2516 3638 2574 occasione
3662 2535 3770 2575 sua:

2197 2587 2549 2642 tribulationis
2579 2585 2836 2657 incipiens
2879 2586 3017 2659 dixit
3047 2606 3060 2640 :
3084 2585 3309 2659 Domine
3331 2590 3505 2659 ,quid
3531 2590 3767 2659 multiﬁ-

2193 2659 2291 2710 cati
2315 2667 2431 2711 sunt
2452 2658 2539 2727 qui
2565 2655 2808 2713 tribulam
2837 2674 2916 2711 me
2938 2655 3110 2724 (Psal.
3133 2658 3184 2712 5.
3216 2656 3268 2727 1)
3290 2658 3313 2712 ?
3337 2655 3407 2712 Et
3434 2655 3760 2714 introducens

2193 2728 2526 2801 prophetiam
2583 2729 2865 2782 dominica:
2917 2727 3213 2796 passionis,
3260 2728 3473 2801 addidit
3515 2729 3583 2783 ita
3614 2749 3628 2784 :
3661 2730 3764 2801 [figo

2193 2798 2407 2869 dormivi
2435 2807 2481 2852 et
2507 2808 2933 2869 saporatussunt,
2966 2807 3013 2852 et
3046 2799 3309 2869 exsurrexi
3333 2839 3352 2862 ,
3396 2801 3637 2869 quoniam
3668 2798 3768 2854 De-

2192 2867 2359 2940 minus
2387 2869 2602 2940 suscepit
2648 2866 2916 2940 melibid
2945 2884 2992 2923 υ.
3034 2867 3114 2936 6).
3142 2867 3231 2922 Illa
3257 2866 3555 2940 Vergolqua
3602 2871 3728 2925 dixit
3746 2912 3764 2935 ,

2192 2936 2427 3000 Domine,
2450 2938 2571 3008 quid
2599 2939 2920 3007 multiplicati
2943 2948 3058 2992 sunt
3085 2942 3172 3007 qui
3200 2936 3573 3007 tn'bulant'me,
3597 2951 3650 2996 et
3670 2957 3765 2996 eis-

2194 3016 2328 3073 tera,
2356 3024 2474 3081 qua:
2505 3009 2830 3076 pricccdunt,
2860 3009 3151 3081 secundth
3182 3008 3465 3064 hismriam
3514 3012 3768 3081 intelliga-

2194 3093 2331 3132 mus.
2361 3078 2484 3151 l_la:c
2508 3088 2682 3151 autem
2704 3120 2718 3141 ,
2750 3094 2868 3151 quae
2893 3079 3044 3151 dixit,
3069 3078 3177 3150 Ego
3202 3081 3417 3151 dormivi
3442 3092 3491 3134 et
3513 3078 3770 3151 soporatos

2192 3163 2325 3219 sunt,
2357 3149 2399 3202 si
2430 3149 2718 3203 secundum
2753 3148 3026 3202 historiam
3056 3148 3185 3203 velis
3211 3148 3760 3219 iutelligereﬂmllum

2196 3218 2391 3289 habent
2415 3234 2658 3288 saporem
2684 3260 2699 3285 ,
2728 3230 2786 3274 ut
2812 3219 3050 3272 dicamus
3076 3260 3090 3281 ,
3134 3220 3299 3273 David
3340 3218 3467 3275 cum
3505 3230 3759 3289 pateretur

2193 3304 2223 3342 a
2258 3287 2384 3345 ﬁlio.
2412 3287 2664 3343 dormivit
2693 3300 2746 3342 et
2770 3290 3019 3343 surrexit.
3039 3290 3321 3357 Quomodo
3338 3292 3483 3345 enim
3501 3287 3755 3357 dormivit,

2194 3368 2253 3412 ut
2280 3370 2515 3428 surgeret
2543 3360 2564 3412 ?
2589 3359 2722 3426 Quid
2750 3360 2914 3428 ergo?
2944 3358 3173 3414 Necesse
3192 3360 3446 3427 habemus
3471 3362 3751 3429 relinquere

2194 3429 2433 3501 ordinem
2455 3429 2707 3501 historia),
2724 3438 2779 3483 et
2793 3429 3137 3501 Spiritnaliter
3155 3431 3438 3501 intelligere
3447 3429 3741 3485 deChristo.

2194 3497 2322 3569 Tale
2348 3510 2429 3554 est
2453 3499 2601 3569 quod
2622 3500 2811 3553 Petrus
2829 3497 2969 3553 dicit
2995 3500 3046 3553 in
3077 3500 3300 3555 Actibus
3318 3497 3352 3562 ,⁷
3376 3500 3714 3569 interpretans
3733 3540 3751 3565 ,

2197 3567 2262 3637 Et
2289 3586 2387 3622 non
2409 3569 2550 3622 dabis
2580 3568 2825 3624 Sanctum
2851 3579 2992 3621 luunt
3021 3570 3188 3624 videre
3231 3567 3602 3637 corruptionem
3627 3571 3646 3637 (
3658 3571 3754 3627 Act.

2193 3636 2248 3691 2.
2277 3640 2364 3692 27.
2396 3650 2440 3692 et
2471 3638 2613 3693 Psal.
2645 3640 2729 3694 15.
2765 3640 2852 3709 10)
2879 3655 2892 3691 :
2923 3640 3047 3709 quia
3088 3656 3193 3695 non
3217 3649 3430 3708 poterat
3459 3641 3561 3696 hoc
3582 3636 3765 3696 intellio

2192 3724 2319 3778 gere
2340 3710 2406 3763 de
2434 3709 2620 3780 David,
2649 3708 2744 3764 sed
2771 3708 2839 3765 de
2862 3709 3077 3764 Christo
3109 3728 3122 3762 :
3154 3712 3275 3780 quia
3312 3710 3481 3765 David
3507 3711 3639 3766 vidit
3655 3726 3767 3765 cur-

2194 3780 2514 3848 ruptioucm,
2545 3778 2787 3834 Christus
2810 3789 2983 3834 autem
3026 3778 3290 3834 tertia'die
3310 3795 3600 3849 resurgens
3628 3822 3646 3846 ,
3664 3788 3765 3836 non

2192 3850 2323 3902 vidit
2349 3849 2763 3920 corruptionem.
2783 3850 2870 3904 Sic
2887 3850 3224 3920 intelligenda
3256 3860 3338 3905 est
3361 3864 3409 3905 et
3440 3850 3557 3906 hzec
3577 3852 3769 3909 ωλι-ἰειί

2195 3920 2490 3992 prephetia.
2525 3919 2696 3989 Coepit
2739 3936 2804 3975 ex
2848 3922 3128 3992 occasione
3176 3922 3469 3990 corporalis
3500 3922 3641 3992 luga:
3666 3962 3682 3981 .
3720 3932 3769 3976 et

2193 3989 2475 4062 qnazbl'acta
2500 3999 2577 4062 est
2599 3999 2841 4062 tempore
2867 3990 2958 4044 illo
2990 3991 3049 4062 in
3067 3989 3385 4062 Jerusalem.
3414 4001 3471 4062 et
3496 3989 3768 4062 prophetia

2194 4060 2363 4130 magis
2391 4060 2457 4114 de
2495 4060 2771 4128 spirituali.
2807 4061 2941 4114 Ecce
2968 4060 3112 4115 enim
3161 4060 3264 4116 hoc
3287 4060 3428 4130 quod
3470 4060 3634 4125 dicit,
3677 4063 3771 4129 Qui

2193 4129 2245 4182 in
2275 4129 2459 4183 Judaza
2486 4138 2622 4193 sunt,
2654 4131 2852 4200 fugiant
2899 4130 2965 4183 ad
3013 4141 3204 4184 montes
3248 4147 3268 4185 :
3303 4129 3661 4200 corporaliter
3684 4149 3766 4187 se-

2194 4200 2424 4271 cundum
2454 4202 2746 4271 historiam,
2771 4210 2826 4255 et
2854 4201 2899 4254 si
2936 4201 3013 4255 vis
3044 4201 3339 4270 intelligere
3365 4243 3381 4266 ,
3412 4203 3671 4271 possibile
3693 4211 3772 4257 est

2196 4270 2248 4343 in
2281 4278 2525 4343 tempore
2563 4270 2971 4343 Romanorum:
3020 4272 3075 4343 in
3105 4282 3343 4343 tempore
3396 4270 3579 4326 autem
3628 4274 3772 4328 Anti-

2194 4340 2380 4411 ebriin
2410 4340 2477 4394 de
2500 4339 2683 4394 Judzea
2703 4341 2767 4394 ad
2806 4351 3015 4396 montes
3052 4339 3233 4411 fugere
3260 4345 3638 4411 corporaliter,
3669 4359 3767 4397 nou

2198 4409 2449 4478 proderit.
2492 4410 2748 4473 Primum,
2775 4414 2922 4480 quia
2952 4427 3050 4465 nec
3095 4409 3197 4466 erit
3240 4409 3611 4480 Antichristus
3660 4422 3765 4466 tan-

2197 4476 2470 4534 tummodo
2512 4480 2562 4533 in
2596 4488 2735 4534 terra
2755 4476 2962 4545 Jndzea,
2995 4496 3093 4535 nec
3129 4481 3294 4535 Judaei
3318 4482 3485 4536 futuri
3509 4476 3761 4538 suntsint:

2198 4551 2364 4606 illum.
2396 4550 2488 4604 sed
2539 4551 2857 4619 ubicumque
2886 4550 3082 4606 iuerint
3107 4552 3425 4616 Christiani,
3474 4554 3545 4608 ab
3572 4553 3656 4607 illo
3676 4560 3762 4604 aut

2195 4636 2223 4672 a
2273 4620 2529 4692 ministris
2562 4619 2679 4688 ejus
2718 4623 3182 4692 persequutionem
3231 4623 3442 4692 passuri
3474 4634 3601 4677 sunt
3628 4636 3767 4692 {nec

2195 4691 2381 4762 civitas
2409 4691 2509 4743 alia
2534 4699 2660 4746 tunc
2684 4699 2768 4762 est
2788 4690 3212 4762 circumsidenda
3233 4690 3252 4756 ,
3275 4691 3372 4746 sed
3402 4693 3600 4762 ubique
3627 4691 3776 4746 Chri-

2197 4761 2399 4833 stianus
2432 4762 2655 4830 populus
2685 4760 3030 4833 indagaudns.
3058 4761 3187 4833 Hoc
3208 4774 3390 4833 autem
3435 4760 3574 4833 quod
3607 4763 3774 4825 dicit.

2200 4829 2297 4895 Qui
2322 4829 2473 4899 super
2494 4840 2676 4883 tectum
2705 4840 2775 4884 est
2798 4829 2945 4893 {non
2974 4832 3243 4886 descendat
3268 4829 3466 4886 tollere'
3484 4833 3678 4900 aliquid
3708 4833 3776 4885 de

2198 4902 2345 4952 domo
2367 4916 2387 4952 :
2415 4902 2525 4970 sive
2547 4900 2600 4953 in
2632 4909 2775 4970 temp
2798 4916 2871 4955 ire
2893 4901 3250 4956 Bouiauorum
3272 4941 3290 4968 ,
3321 4903 3434 4957 sive
3452 4904 3502 4955 in
3529 4912 3775 4970 tempore

2198 4969 2544 5041 Antichristi,
2579 4986 2695 5024 non.
2730 4969 2905 5039 potest
2951 4972 3147 5026 habere
3193 4974 3521 5041 corporalem
3562 4969 3783 5026 intclico

2198 5052 2341 5112 ctum
2361 5058 2373 5092 :
2395 5040 2517 5112 quia
2540 5042 2601 5112 in
2614 5049 2854 5112 tempore
2868 5042 3204 5112 captivitatis,
3221 5040 3313 5097 aut
3328 5043 3778 5112 persequutionis,

2198 5111 2321 5180 quid
2357 5111 2571 5182 pr_0dc$l
2592 5110 2793 5182 homini
2816 5151 2832 5176 ,
2873 5112 2918 5182 si
2943 5111 3126 5182 sedeat
3144 5127 3307 5182 super
3328 5110 3557 5179 tectum,
3588 5124 3646 5167 et
3665 5128 3776 5166 non

2198 5179 2800 5252 descendatdeorsum?
2838 5181 2964 5235 Sine
2989 5181 3152 5236 dubio
3197 5179 3382 5248 enim,
3434 5193 3526 5237 aut
3560 5183 3776 5252 quando

2200 5267 2305 5304 non
2322 5251 2443 5321 vult
2482 5249 2783 5321 deponitur,
2817 5260 2908 5305 aut
2925 5266 3043 5305 cum
3073 5252 3186 5321 ipsa
3227 5253 3386 5308 domo
3411 5249 3775 5308 succenditur.

2198 5320 2333 5385 Quid
2356 5334 2487 5392 ergo
2507 5320 3059 5392 ?_Spiritualiter_h:ec
3084 5320 3262 5377 enmia
3308 5324 3476 5392 magis
3521 5334 3649 5377 sunt
3692 5323 3780 5375 in-

2203 5390 2504 5462 telligeuda,
2539 5389 2640 5445 hoc
2673 5391 2830 5462 modo
2863 5409 2877 5445 :
2912 5389 3055 5445 Tunc
3100 5394 3185 5461 qui
3213 5393 3264 5445 in
3288 5389 3473 5446 Iudice
3502 5403 3623 5446 sunt
3644 5433 3662 5456 ,
3693 5396 3785 5462 {u-

2200 5460 2336 5531 giant
2358 5462 2424 5513 ad
2451 5473 2661 5514 montes.
2685 5459 2829 5513 Tunc
2848 5478 2962 5515 cum
2988 5459 3207 5515 videritis
3241 5463 3665 5516 abominationem
3692 5459 3786 5515 de-

2199 5529 2458 5586 solationis
2481 5539 2695 5583 stantem
2711 5532 2763 5583 in
2793 5531 2905 5584 loco
2928 5541 3119 5585 sancto.
3145 5531 3202 5585 Id
3229 5543 3313 5585 est
3330 5573 3345 5595 ,
3376 5532 3512 5587 Cum
3539 5532 3789 5586 videritis

2204 5603 2448 5655 haeresim
2481 5599 2696 5669 impiam
2721 5642 2735 5666 ,
2793 5616 2913 5668 qua:
2954 5611 3034 5662 est
3090 5604 3360 5656 exercitus
3419 5602 3742 5656 Antichristi
3771 5641 3789 5664 ,

2203 5681 2435 5725 stantem
2481 5672 2531 5724 in
2582 5671 2712 5724 locis
2760 5671 2960 5740 sanctis
2992 5671 3273 5734 Ecclesiae,
3314 5673 3366 5725 in
3401 5671 3496 5726 illo
3545 5682 3793 5740 trinpotc

2207 5742 2295 5812 qui
2327 5742 2380 5796 in
2426 5740 2604 5797 inducat
2633 5751 2756 5796 sunt
2780 5782 2797 5812 ,
2838 5739 3037 5813 fugiant
3064 5741 3131 5797 ad
3161 5752 3370 5799 montes
3401 5760 3414 5794 :
3443 5741 3496 5800 id
3550 5739 3668 5808 cst,
3702 5739 3794 5812 qui
