4052 6200
327 333 455 392 809

324 459 478 504 sunt
514 448 568 501 in
612 442 1048 520 Cl:ristianita_te_,
1094 440 1381 520 eonfcrai‘tt
1424 439 1571 520 ξε.θύ
1599 438 1922 520 Scripturas.

326 521 500 574 Sicut
549 519 691 572 enim
737 531 896 570 verus
936 514 1153 569 Judaeus
1196 521 1278 566 est
1313 508 1684 574 Christianus,
1718 509 1932 562 dicente

331 590 376 642 Α
388 586 777 660 positoloLNon
797 586 964 660 quijn
993 584 1258 660 mgni/esto
1276 578 1493 660 Judwue
1522 590 1594 660 est
1615 621 1631 645 ,
1663 579 1754 660 sed
1767 582 1862 660 qui
1873 580 1930 632 in

342 649 556 713 occulto
590 657 761 727 (Rom.
803 649 856 710 '2.
883 654 973 711 28.
999 654 1092 727 ὶθ)
1128 649 1143 707 ξ
1181 653 1430 727 s_ic_vera
1455 649 1638 727 Iudaea
1669 649 1929 727 Christia-

336 731 495 784 nitas
531 719 800 794 est,cujus
827 741 1020 780 nomen
1068 721 1380 794 intelligitur
1405 719 1689 794 confessio.
1719 719 1926 774 Montes

339 809 532 854 autem
561 789 984 864 suntScriptura:
1009 789 1370 864 apostolorum
1396 800 1487 844 aut
1526 789 1926 864 prophetarum,

339 871 422 922 tle
469 869 658 935 quibus
696 859 912 935 dictum”
941 859 1082 920 est':
1133 861 1405 935 [ﬂamines
1447 871 1502 914 tu
1551 859 1851 935 mirabiliter
1881 877 1931 935 _a

340 930 605 992 montibus
634 939 831 992 Meritis
852 933 1023 1000 (Psal.
1043 935 1130 989 75.
1155 933 1232 1002 5).
1260 934 1324 985 Et
1354 932 1545 985 iterum
1587 931 1654 1002 de
1672 930 1928 1002 Ecclesia

352 1010 484 1064 dicit
515 1027 527 1063 :
558 1008 910 1061 Fundamenta
938 1007 1048 1076 ejus
1064 1007 1115 1057 in
1145 999 1394 1056 montibus
1417 999 1806 1076 sanctis‘iPsah
1837 999 1927 1054 86.

343 1081 370 1134 l
394 1081 433 1146 ).
465 1079 534 1132 Et
557 1093 722 1148 quare
741 1076 894 1148 jubet
915 1071 973 1148 in
998 1076 1098 1128 hoc
1120 1081 1361 1148 tempore
1388 1086 1578 1126 omnes
1601 1071 1931 1148 Christianos

343 1140 604 1203 conferre
640 1163 698 1203 se
722 1140 788 1201 ad
813 1147 1112 1213 Scripturas
1132 1141 1156 1213 ’ζ
1180 1140 1312 1210 Quia
1347 1144 1396 1195 in
1432 1150 1674 1213 tempore
1696 1140 1797 1195 boc
1821 1182 1835 1204 ,
1863 1155 1930 1213 ex

339 1234 460 1287 quo
487 1218 715 1273 obtinuit
739 1212 1103 1287 haeresisillas
1129 1212 1412 1287 _Ecelesias
1441 1252 1455 1276 ,
1498 1212 1639 1287 nulla
1688 1212 1930 1280 probatio

337 1283 532 1357 potest
555 1303 673 1343 esse
694 1302 832 1341 verae
858 1284 1270 1357 Christianitatis
1296 1323 1312 1346 ,
1338 1299 1510 1357 neque
1538 1283 1796 1351 refugium
1829 1296 1928 1350 po-

340 1353 458 1413 iest
486 1373 604 1414 esse
628 1358 1054 1413 Christianorum
1083 1353 1225 1408 aliud
1244 1393 1260 1417 ,
1289 1353 1580 1408 volentium
1605 1367 1931 1421 cognoscere

339 1429 472 1483 ﬁdei
501 1429 774 1483 veritatem
799 1468 814 1493 ,
847 1427 946 1481 nisi
978 1425 1265 1492 Scriptura:
1312 1422 1525 1477 divinae.
1571 1425 1738 1477 Antea
1787 1423 1928 1477 enim

337 1500 532 1553 multis
559 1499 726 1552 modis
738 1495 1144 1560 ostendebatur,
1163 1509 1280 1561 qute
1294 1505 1436 1548 esset
1458 1493 1692 1548 Ecclesia
1708 1493 1928 1557 Christi,

337 1579 405 1623 et
429 1586 548 1640 qua:
573 1569 843 1639 gentilitas
877 1585 890 1621 :
923 1581 1063 1620 nunc
1087 1573 1263 1618 autem
1293 1565 1440 1640 nullo
1461 1565 1620 1618 modo
1648 1564 1929 1640 cegnosci-

342 1633 482 1702 tur',
531 1633 838 1694 volentibus
871 1650 1197 1705 cognoscere
1235 1649 1366 1705 qu:e_
1394 1634 1464 1705 sit
1517 1650 1640 1686 vera
1688 1633 1927 1705 Ecclesia

337 1710 586 1774 Christi,
644 1710 744 1762 nisi
783 1703 1150 1760 tantummodo
1197 1717 1292 1771 per
1337 1703 1658 1774 Scripturas.
1702 1703 1878 1774 Quare
1905 1705 1929 1744 ν

341 1782 486 1844 Quia
516 1773 692 1832 omnia
723 1777 838 1831 haec
861 1817 878 1839 ,
918 1790 1040 1844 qua:
1066 1782 1190 1829 sunt
1218 1774 1430 1844 pr0prie
1473 1773 1667 1828 Christi
1698 1773 1750 1844 in
1794 1774 1932 1828 reri-

346 1843 485 1913 tate,
535 1848 732 1902 habent
772 1856 826 1900 et
855 1843 1087 1900 haereses
1122 1845 1224 1897 illa:
1252 1843 1304 1896 in
1335 1843 1659 1898 schismate:
1686 1843 1932 1899 similiter

346 1921 622 1975 Ecclesias
639 1958 654 1982 ,
685 1917 930 1970 similiter
953 1925 1007 1969 et
1031 1915 1172 1983 ipsas
1197 1913 1500 1982 Scripturas
1523 1913 1750 1978 divinas,
1783 1914 1930 1968 simi-

352 1990 482 2044 liter
526 1989 835 2058 episcopos,
861 1995 1193 2058 creterosque
1234 1984 1830 2058 ordin_es_clericorum,
1858 1984 1931 2038 si-

348 2054 916 2126 sniliter'baptismnm
943 2093 959 2117 ,
994 2054 1556 2126 alitegeeucharisiiam
1581 2093 1597 2117 ,
1645 2063 1700 2108 et
1736 2063 1928 2126 cetera

341 2130 531 2198 omnia
554 2169 570 2190 ,
609 2123 838 2195 denique
887 2126 1058 2198 ipsum
1109 2123 1630 2198 Christum.‘_Volens
1656 2138 1785 2198 ergo
1809 2125 1928 2194 quis

346 2212 678 2268 cognoscere
705 2193 824 2266 quae
865 2197 934 2250 sit
960 2211 1096 2268 vera
1124 2193 1582 2268 Ecclesia‘Christi
1608 2235 1622 2256 ,
1657 2193 1795 2268 unde
1830 2193 1928 2249 co-

346 2264 576 2337 gnoscat
621 2269 676 2321 in
707 2264 867 2322 tanta:
895 2265 1207 2337 confusione
1247 2264 1609 2318 similitudinis
1631 2303 1646 2328 ,
1676 2265 1774 2318 nisi
1804 2274 1925 2337 tan-

345 2335 627 2394 tummodo
668 2353 760 2406 per
798 2336 1140 2404 Scripturas?
1181 2335 1312 2406 Item
1355 2343 1510 2406 antea
1546 2343 1614 2406 et
1637 2349 1751 2406 per
1777 2335 1926 2404 signa

347 2404 827 2478 cognoscebantur,
876 2404 1316 2478 qt_ti_erant_veri
1362 2405 1693 2471 Christiani,
1739 2415 1792 2459 et
1836 2406 1926 2474 qui

347 2473 494 2534 falsi.
539 2478 857 2546 Quomodo?
895 2473 1046 2531 ’Falsi
1087 2473 1298 2544 quidem
1360 2483 1454 2546 aut
1515 2489 1620 2529 non
1685 2473 1931 2544 poterant

347 2545 717 2614 facere,’sient
744 2549 852 2602 veri
885 2547 1169 2601 Christiani
1198 2562 1211 2598 :
1242 2554 1335 2599 aut
1363 2545 1481 2599 talia
1521 2561 1627 2599 non
1655 2553 1923 2615 poterant,

346 2622 530 2690 qualia
558 2619 667 2690 veri
691 2617 979 2690 Christiani
1006 2615 1139 2690 :sed
1170 2615 1434 2690 faciebant
1458 2630 1624 2671 vacua
1647 2657 1662 2678 ,
1691 2616 1926 2690 admira-

348 2685 552 2746 tionem
585 2688 798 2760 quidem
838 2687 1084 2760 faeientia
1119 2727 1133 2749 ,
1181 2685 1458 2760 utilitatem
1500 2695 1697 2760 anteiri
1727 2687 1926 2760 tittliam

349 2755 664 2817 habentia:
707 2759 843 2814 sicut
889 2757 1194 2827 frequenter
1233 2757 1593 2824 exposuimus.
1643 2755 1927 2827 Christiani

345 2842 530 2887 autem
558 2830 820 2886 faciebant
846 2826 998 2896 plena
1027 2868 1043 2891 ,
1073 2843 1177 2881 non
1216 2827 1384 2882 solum
1415 2827 1822 2882 admirationem
1849 2826 1930 2881 fa-

341 2904 544 2957 cientia
579 2942 594 2968 ,
636 2899 730 2954 sed
774 2900 932 2954 etiam
976 2911 1190 2953 omnem
1235 2897 1514 2952 utilitatem
1557 2896 1825 2968 habentia.
1859 2897 1929 2968 Et

343 2987 452 3042 per
479 2967 595 3026 lucc
619 2969 1082 3042 cognoscebantur
1121 2968 1210 3042 qui
1255 2977 1408 3022 erant
1444 2968 1558 3021 veri
1597 2967 1923 3042 Christiani,

340 3037 442 3114 {qui
489 3043 625 3097 falsi.
677 3037 840 3114 Nunc
873 3049 1050 3094 autem
1093 3039 1367 3114 signorum
1419 3037 1662 3114 operatio
1705 3038 1927 3114 omnino

343 3107 523 3168 levata
548 3123 630 3168 est
659 3128 672 3164 :
707 3111 874 3180 magis
901 3118 1078 3164 autem
1107 3107 1160 3163 et
1180 3107 1335 3180 apud
1359 3121 1456 3180 eos
1486 3107 1792 3180 invenitur,
1836 3108 1926 3177 qui

344 3184 469 3240 falsi
500 3191 626 3238 sunt
652 3177 938 3236 Christiani
964 3222 980 3245 ,
1013 3180 1127 3234 tleri
1166 3177 1308 3234 ficta.
1342 3179 1493 3233 Sicut
1520 3188 1697 3233 autem
1737 3178 1927 3234 Petrus

345 3253 490 3323 apud
533 3254 860 3323 Clementem
891 3250 1146 3323 exponit,
1179 3249 1509 3323 Antichristo
1534 3249 1694 3303 etiam
1741 3249 1928 3323 pleno-

349 3318 469 3379 rum
497 3327 768 3395 signorum
796 3318 1285 3395 faciendorumhest
1306 3319 1487 3395 daude
1508 3329 1764 3395 potestas:
1796 3318 1926 3395 Item

347 3411 417 3450 ex
443 3387 681 3451 mor'ihus
708 3393 836 3463 ipsis
861 3394 1010 3463 prius
1035 3390 1428 3460 intelligebatur
1449 3387 1683 3463 Ecclesia
1703 3387 1922 3455 Christi,

348 3466 564 3533 quando
587 3459 925 3520 conversatio
948 3459 1394 3533 CbristianOrum,
1426 3471 1516 3514 aut
1541 3460 1802 3526 omnium,
1833 3469 1926 3514 aut

355 3531 640 3588 mulierum
680 3543 795 3588 erat
827 3542 1008 3586 sancta
1030 3572 1045 3596 ,
1088 3547 1208 3602 qua:
1237 3531 1376 3602 apud
1406 3533 1597 3602 impios
1637 3545 1744 3584 non
1773 3539 1920 3602 erat.

355 3601 503 3656 hunc
531 3614 706 3658 autem
757 3612 848 3656 aut
876 3602 1012 3656 tales
1040 3599 1132 3655 aut
1175 3601 1384 3670 pejores
1427 3599 1550 3656 facti
1592 3610 1717 3656 sunt
1761 3599 1922 3654 Chri-

355 3674 515 3726 stiani
541 3713 556 3736 ,
588 3673 773 3740 quales
799 3681 923 3724 sunt
950 3671 1186 3725 haeretici
1217 3679 1308 3724 aut
1335 3671 1578 3738 gentiles.
1612 3671 1798 3724 Adhuc
1825 3685 1926 3723 au-

357 3753 463 3796 tem
485 3752 538 3796 et
564 3739 735 3807 major
763 3740 1086 3794 continentia
1115 3742 1254 3807 apud
1281 3739 1402 3792 illus
1429 3741 1714 3804 invenitur,
1740 3753 1926 3808 quam-

354 3814 437 3868 vis
475 3813 526 3867 in
559 3813 847 3867 schismate
887 3809 996 3864 sint
1018 3849 1032 3871 ,
1059 3823 1216 3876 quam
1243 3809 1382 3876 apud
1421 3808 1772 3862 Christianos.
1825 3809 1926 3872 Qui

355 3899 481 3954 ergo
514 3884 626 3937 vult
667 3894 1001 3954 cognoscere
1017 3893 1136 3948 qua:
1177 3881 1247 3932 sit
1273 3893 1397 3954 vera
1427 3876 1664 3954 Ecclesia
1685 3876 1924 3954 Christi,

353 3945 496 4029 nu'de
535 3945 880 4029 cognosﬁat,_
903 3950 1004 4004 nisi
1033 3945 1420 4029 tantummodo
1443 3962 1539 4028 per
1579 3945 1925 4029 Scripturas?

355 4024 543 4080 Sciens
571 4018 698 4094 ergo
731 4021 988 4094 Dominus
1014 4029 1216 4094 tantam
1251 4018 1617 4094 confusionem
1649 4032 1827 4094 rerum
1874 4018 1928 4072 in

355 4087 661 4151 novissimis
702 4091 890 4149 diebus
933 4105 1052 4145 esse
1096 4089 1365 4143 futuram:
1398 4088 1518 4143 ideo
1566 4087 1818 4150 mandat,
1868 4095 1927 4142 ut

352 4165 639 4221 Christiani
669 4165 759 4237 qui
801 4161 1006 4237 sentin
1033 4159 1432 4237 Christianitati;
1452 4198 1469 4222 ,
1500 4161 1740 4237 volentes
1767 4159 1930 4237 firmi-

356 4246 515 4292 tatem
546 4227 788 4306 accipere
826 4232 950 4288 fidei
979 4247 1120 4306 vera:
1146 4272 1162 4296 ,
1207 4230 1276 4306 ad
1318 4229 1514 4306 nullam
1540 4244 1654 4306 rem
1685 4227 1926 4298 fugiant,

354 4308 456 4363 nisi
510 4306 578 4361 ad
646 4299 970 4374 Scripturas.
1018 4301 1230 4370 Alioqui
1289 4299 1454 4374 si_ad
1516 4300 1620 4360 alia
1672 4313 1929 4374 respexe-

354 4382 460 4434 rint
486 4414 502 4440 ,
551 4369 1048 4433 scandalizabuntur
1077 4413 1093 4436 ,
1152 4369 1206 4426 et
1251 4370 1534 4441 peribunt,
1571 4369 1932 4441 gnoneintelli-

353 4458 542 4532 gentes
587 4448 806 4532 quaesit
842 4460 974 4532 vera)
1014 4439 1274 4532 Ecclesia.
1317 4441 1384 4497 Et
1427 4439 1933 4532 per‘hoejneide‘nt

355 4510 409 4592 in
452 4510 908 4592 abominationetn
942 4513 1324 4592 desolationis.
1352 4510 1475 4583 qua:
1511 4520 1620 4592 stat
1645 4510 1931 4592 instinctis

355 4590 607 4644 Ecclesia
652 4588 806 4643 locis.
863 4586 928 4640 Et
983 4584 1070 4652 qui
1111 4600 1263 4654 super
1308 4592 1490 4638 tectum
1541 4591 1613 4654 est
1635 4623 1652 4648 ,
1681 4584 1754 4654 in
1803 4589 1930 4654 tem-

357 4675 479 4726 pore
544 4659 637 4711 illo
684 4675 786 4711 non
847 4655 1116 4709 descendat
1170 4651 1346 4709 tollere
1405 4653 1596 4723 aliquid
1646 4651 1721 4726 με
1781 4651 1932 4726 domo

356 4721 470 4780 sua.
521 4728 720 4781 Domus
747 4736 926 4780 nostra
967 4735 1050 4779 est
1099 4739 1294 4794 corpus
1334 4721 1598 4779 nostrum.
1641 4721 1930 4794 Superiora

356 4799 473 4865 ejus
498 4805 641 4866 sunt,
664 4812 778 4860 cor,
826 4805 918 4848 aut
953 4804 1132 4862 caput,
1180 4792 1300 4862 qua:
1341 4794 1714 4866 intelliguntur
1742 4792 1934 4848 domus

357 4879 516 4922 locta.
561 4865 814 4922 Inferiora
844 4873 1019 4918 autem
1068 4875 1190 4918 sunt
1218 4873 1437 4928 venter,
1485 4875 1575 4918 aut
1599 4874 1792 4919 caetera
1841 4877 1934 4917 oc-

355 4937 622 4994 cultabilia
650 4934 908 5005 membra.
930 4933 1131 5005 Tamen
1158 4944 1214 5005 ut
1233 4937 1420 5005 melius
1442 4935 1796 5005 intelligamus
1815 4949 1934 5005 quze

357 5019 480 5064 sunt
503 5016 640 5065 tecta
661 5008 872 5070 domus,
893 5003 1165 5058 historiam
1186 5003 1252 5058 de
1271 5003 1418 5058 Raab
1436 5003 1785 5072 proferamus.
1810 5003 1935 5058 llaec

355 5081 587 5148 suscepit
607 5075 950 5150 legatoslesu
966 5075 1129 5150 _Nave,
1153 5083 1206 5127 ct
1228 5076 1280 5150 in
1303 5075 1560 5150 superiori
1583 5073 1936 5150 partedoinus

357 5143 686 5210 abscondit:
708 5163 775 5204 ne
803 5147 1064 5202 inveniret
1094 5160 1183 5198 rex
1218 5144 1431 5198 Jericho
1459 5145 1476 5210 (
1501 5143 1656 5198 Iosue
1681 5144 1717 5198 2
1735 5143 1777 5212 ).
1810 5144 1936 5198 Ilzec

357 5233 442 5276 est
465 5221 720 5286 Ecclesia,
738 5234 858 5290 qua:
876 5215 1164 5286 aliquando
1179 5215 1435 5290 meretrix
1460 5213 1574 5290 fuit,
1596 5231 1714 5290 quae
1737 5217 1936 5284 legatos

356 5292 482 5366 Jcsu
508 5285 739 5355 Christi,
757 5285 822 5344 'id
848 5285 1257 5366 est,’_apostolos
1280 5295 1334 5339 et
1359 5285 1674 5366 prophetas,
1703 5285 1803 5339 hoc
1829 5294 1932 5366 est,

357 5364 552 5432 scripta
578 5377 760 5415 eorum
789 5359 1126 5432 su_scepit,_et
1155 5357 1206 5411 in
1236 5357 1495 5432 superiori
1525 5367 1672 5432 parte
1695 5357 1936 5432 corporis

356 5435 434 5488 sui
458 5426 736 5486 abscondit
769 5448 781 5483 :
816 5430 866 5484 id
894 5438 976 5483 est
998 5469 1013 5490 ,
1046 5429 1098 5482 in
1127 5442 1286 5483 sensu
1313 5467 1328 5488 ,
1360 5427 1411 5480 in
1449 5427 1702 5480 memoria
1728 5467 1743 5490 ,
1782 5434 1838 5480 et
1882 5426 1936 5480 in

361 5505 526 5558 corde
552 5546 566 5568 ,
599 5515 658 5556 ut
685 5517 792 5556 non
817 5501 1051 5554 inveniat
1073 5514 1167 5553 eos
1198 5514 1288 5551 rex
1334 5495 1517 5550 mundi
1545 5495 1825 5568 diabolus,
1871 5504 1934 5568 ut

359 5566 694 5628 confidenter
721 5573 902 5627 dicere
928 5568 1096 5639 possit
1119 5585 1134 5622 :
1163 5568 1233 5622 In
1256 5570 1406 5639 caede
1426 5583 1536 5639 meo
1561 5567 1796 5620 abscondi
1812 5566 1938 5639 clo:

357 5649 475 5713 quia
500 5654 604 5707 tua,
657 5653 712 5697 ut
753 5659 855 5696 non
898 5636 1095 5710 peccem
1139 5640 1226 5692 tibi
1267 5637 1460 5760 ‘Psal.
1491 5639 1612 5691 118.
1643 5639 1769 5704 ll).
1799 5636 1936 5702 Quid

358 5730 486 5760 terim
503 5715 526 5760 ‘I
550 5714 879 5760 nnimmmue
903 5715 953 5760 in
982 5721 1219 5760 tempore
1238 5710 1272 5760 il
1296 5727 1327 5760 υ
1349 5708 1505 5760 fuerit
1529 5722 1688 5760 super
1716 5717 1935 5760 tectum.

358 5708 526 5784 ergo?
550 5714 879 5783 Quicumque
901 5708 957 5784 in
982 5721 1219 5784 tempore
1238 5708 1327 5784 illo
1349 5708 1505 5763 fuerit
1529 5722 1688 5776 super
1716 5717 1935 5784 tectum,

360 5777 540 5846 Id'est.
561 5777 619 5841 in
645 5777 808 5840 rebus
834 5777 1196 5852 spiritualibus
1222 5780 1404 5836 vivens
1425 5818 1442 5846 ,
1471 5794 1590 5850 qua:
1618 5785 1742 5833 sunt
1766 5784 1858 5832 aut
1881 5777 1936 5832 in

699 5901 966 5960 ΡΑτιιοι..
1012 5900 1127 5957 (in.
1174 5895 1320 5956 LVI.

1481 324 1546 379 ΙΝ
1585 323 2006 381 ιιΑττιιΑεωι.
2052 323 2278 378 IIOMIL.
2325 323 2506 378 XLIX.

3538 333 3637 384 9⁸0

2039 438 2212 512 capite
2236 479 2251 502 ,
2283 447 2374 512 aut
2405 439 2457 512 in
2497 437 2660 512 corde
2694 454 2706 488 :
2739 453 2857 505 qu-c
2905 447 3044 492 tecta
3089 439 3338 512 dicuntur
3386 447 3631 512 cui-pons

2039 508 2226 569 nostri,
2257 519 2312 562 et
2340 507 2542 576 fastigia
2567 508 2734 575 prima
2762 525 2775 560 :
2808 524 2912 562 non
2939 510 3226 564 descendat
3253 511 3319 564 ad
3353 507 3634 567 inferiores

2038 579 2282 647 corporis
2311 579 2391 633 sui
2427 588 2603 648 partes
2623 619 2638 641 ,
2668 578 2807 632 unde
2835 581 3034 648 aliquid
3064 581 3254 634 tollat:
3287 581 3338 635 id
3373 593 3455 637 est
3474 624 3490 644 .
3524 599 3631 638 non

2037 647 2327 723 descendat
2345 649 2410 702 ad
2437 647 2640 723 aliquas
2661 665 2753 723 res
2763 647 3027 723 carnales,
3056 661 3112 704 ut
3136 651 3404 723 desideret
3429 654 3630 723 aliquid

2037 719 2177 795 quod
2225 728 2307 795 est
2342 720 2645 795 corporale.
2693 720 2904 795 A_lioq_u_i
2932 721 3351 795 comprehendet
3377 739 3498 777 eum
3523 719 3629 778 'ab-
3715 781 3724 795 ‘

2039 788 2296 862 qmi_n_at_io
2315 788 2692 862 desolationis.
2717 789 2780 844 Et
2809 788 2930 862 vide
2959 788 3080 860 quia
3111 803 3373 861 quotquot
3403 804 3629 862 pereunt

2037 857 2104 911 de
2129 857 2481 930 Christianis,
2515 868 2734 928 propter
2776 857 3006 929 aliquam
3042 857 3377 930 corporalem
3404 857 3626 919 causam

2037 937 2266 997 pereunt
2292 929 2930 1001 constitutamdeorsum.
2956 933 3060 986 Alii
3089 929 3303 1001 promer
3327 936 3630 1000 ataritiam,

2039 1008 2186 1072 utne
2218 999 2441 1072 perdant
2464 1000 2608 1069 quod
2638 999 2872 1067 habent,
2901 1011 2992 1056 aut
3030 999 3302 1058 inveniant
3327 1003 3469 1072 quod
3517 999 3622 1058 non

2038 1067 2266 1142 habent:
2289 1070 2377 1124 alii
2400 1067 2627 1138 pereunt
2647 1080 2862 1140 propter
2879 1074 3077 1142 gulam,
3097 1067 3408 1142 paupertate
3428 1076 3628 1129 coacti:

2035 1139 2126 1213 aiii
2154 1148 2372 1208 propter
2402 1155 2616 1213 uxores,
2645 1139 2984 1213 autpropter
3008 1139 3228 1198 maritos
3253 1161 3266 1198 :
3299 1145 3387 1199 alii
3417 1155 3632 1213 propter

2037 1209 2171 1283 alias
2195 1224 2386 1264 causas
2419 1211 2663 1283 carnales
2694 1229 2708 1264 :
2736 1209 3071 1283 quaa'omnia
3099 1215 3368 1283 pertinent
3396 1209 3461 1268 ad
3500 1209 3629 1270 inti:-

2039 1280 2212 1334 riores
2239 1281 2481 1349 corporis
2504 1291 2700 1348 partes.
2735 1281 2884 1336 Sicut
2911 1284 3052 1337 enim
3076 1280 3319 1340 viventes
3341 1285 3392 1339 in
3421 1300 3584 1340 carne
3610 1325 3626 1347 .

2034 1350 2340 1424 relinquere
2355 1350 2846 1424 videmurcarnem,
2862 1353 3223 1424 relinquentes
3249 1370 3408 1424 opera
3429 1356 3627 1417 carnis,

2037 1429 2094 1473 et
2121 1422 2406 1494 transimus
2432 1420 2498 1494 ad
2526 1420 2806 1494 spiritum_,_
2825 1420 3077 1478 facientes
3107 1440 3270 1494 opera
3287 1420 3542 1494 spiritus,
3569 1437 3624 1479 ut

2035 1501 2183 1545 recte
2205 1491 2412 1545 dicatur
2437 1490 2505 1544 de
2529 1490 2682 1545 nobis
2711 1515 2725 1545 :
2765 1490 2866 1546 Vos
2893 1504 3057 1548 autem
3088 1490 3187 1548 non
3209 1490 3403 1548 estis'in
3431 1490 3585 1549 carne
3611 1539 3626 1558 ,

2034 1561 2124 1632 θεᾷ
2151 1565 2204 1632 in
2250 1560 2451 1630 Spiritu
2491 1558 2519 1632 (ί
2532 1561 2681 1615 Rom.
2725 1561 2780 1618 8.
2809 1562 2881 1632 9)
2910 1581 2922 1615 :
2951 1564 3030 1618 sic
3058 1565 3362 1632 relinquere
3388 1567 3630 1619 videmur

2035 1627 2559 1704 inferioracorpor'is
2579 1632 2781 1695 nostri,
2809 1627 2972 1702 opera
3010 1627 3379 1704 relinquentes
3407 1639 3587 1689 carnis
3605 1678 3619 1700 ,

2035 1708 2090 1772 et
2113 1699 2454 1772 ascendimus
2494 1700 2560 1754 ad
2597 1715 2692 1755 cor
2725 1710 2782 1756 et
2821 1699 2978 1772 caput
3001 1744 3016 1767 ,
3059 1699 3298 1759 viventes
3336 1705 3625 1761 secundum

2035 1768 2161 1842 illas
2180 1769 2422 1835 virtutes,
2454 1785 2573 1840 quae
2596 1780 2722 1825 sunt
2750 1771 2804 1825 in
2834 1768 3027 1842 capite,
3057 1785 3149 1828 aut
3174 1776 3224 1828 in
3245 1774 3431 1837 corde,
3462 1785 3553 1829 aut
3574 1777 3624 1830 iu

2035 1841 2224 1905 spiritu
2268 1856 2430 1909 :qute
2479 1842 2656 1895 omnia
2701 1851 2837 1897 tecta
2885 1841 3077 1897 domus
3119 1854 3315 1898 nostra:
3358 1845 3624 1899 dicuntur.

2033 1909 2248 1964 Mandat.
2271 1925 2400 1979 ergo
2430 1910 2672 1966 ﬁdelibus
2705 1913 3004 1968 viventibus
3035 1916 3086 1967 in
3112 1917 3410 1978 sanctitate,
3439 1931 3506 1970 ne
3529 1919 3624 1969 ali-

2033 1981 2161 2054 quid
2185 1981 2565 2054 concupiscant
2592 1982 2857 2054 carnale,
2887 1983 3032 2054 quod
3055 1993 3139 2039 est
3162 1983 3494 2040 descendere
3514 2027 3528 2049 ,
3555 2003 3624 2040 ne

2033 2050 2171 2106 forte
2202 2066 2296 2121 per
2323 2051 2660 2106 occasionem
2689 2050 2935 2108 desiderii
2960 2055 3100 2108 illius
3127 2055 3370 2109 diabolus
3392 2055 3625 2110 inveniat

2035 2121 2210 2175 locum
2237 2161 2253 2187 ,
2285 2132 2340 2176 et
2368 2121 2546 2176 trahat
2573 2122 2640 2176 ad
2669 2122 3120 2179 abominationem
3159 2125 3504 2179 desolationis
3528 2167 3542 2188 .
3571 2138 3625 2181 ct

2031 2201 2272 2264 pereant.
2315 2191 2493 2264 ItemL
2514 2190 2616 2264 Qui
2650 2203 2726 2264 est
2755 2195 2807 2247 in
2850 2211 2973 2264 agro
2995 2236 3010 2259 ,
3041 2196 3090 2248 id
3114 2203 3228 2259 est,
3277 2204 3368 2249 aut
3397 2195 3449 2248 iu
3479 2197 3622 2250 Seri-

2037 2263 2226 2330 pturis,
2256 2271 2347 2316 aut
2373 2263 2423 2316 in
2457 2262 2730 2327 Ecclesiis,
2759 2273 2852 2318 aut
2881 2262 2933 2318 in
2959 2265 3194 2328 Christo,
3224 2281 3324 2319 non
3345 2278 3621 2320 revertatur

2032 2341 2166 2384 retro
2188 2331 2362 2385 tollere
2393 2333 2614 2386 tunicam
2633 2349 2800 2402 suam,
2830 2334 2878 2389 id
2903 2345 3003 2399 est,
3027 2345 3116 2389 aut
3139 2338 3618 2402 conversationem,

2030 2412 2122 2472 aut
2144 2401 2342 2456 cultum
2362 2403 2613 2471 prioretn.
2640 2401 2857 2472 Utputa,
2879 2405 3094 2460 Judazus
3117 2405 3277 2469 fuisti,
3299 2415 3354 2460 et
3373 2407 3539 2461 factus
3564 2401 3622 2461 es

2031 2470 2372 2526 Christianus
2399 2490 2412 2526 :
2439 2473 2490 2526 in
2520 2487 2650 2541 agro
2689 2470 2748 2529 es
2770 2517 2786 2541 ,
2821 2489 2888 2530 ne
2911 2477 2978 2530 ad
3007 2475 3286 2530 Judaicum
3332 2481 3617 2532 revertaris

2031 2543 2254 2596 cultum.
2282 2542 2508 2598 Gentilis
2535 2543 2678 2597 fuisti
2705 2584 2720 2607 ,
2765 2553 2821 2600 et
2864 2546 3034 2600 factus
3061 2561 3120 2601 es
3145 2543 3477 2601 Christianus
3505 2565 3516 2601 :
3549 2565 3616 2601 ne

2031 2612 2229 2681 aliquid
2258 2613 2508 2684 quodest
2529 2614 2838 2684 gentilitatis
2863 2631 3123 2681 resumas,
3156 2633 3224 2670 ne
3253 2631 3347 2684 per
3369 2618 3500 2672 alias
3529 2633 3620 2671 oc-

2029 2684 2273 2757 casiones
2289 2683 2491 2757 incidas
2509 2683 2571 2757 in_
2591 2699 2804 2757 errores
2818 2685 3222 2741 abominationis
3243 2683 3404 2751 illius,
3420 2704 3577 2757 quam
3599 2691 3615 2720 ‘

2032 2751 2268 2808 limreses
2293 2755 2416 2818 illze,
2449 2755 2495 2809 si
2525 2755 2604 2808 vis
2627 2754 2957 2811 Judaismum
2975 2799 2990 2822 ,
3021 2757 3217 2812 habent
3246 2758 3298 2811 in
3322 2771 3381 2811 se
3409 2751 3500 2812 z'si
3529 2761 3609 2812 vis

2031 2824 2419 2897 gentilitatem,
2453 2825 2692 2897 invenies
2720 2826 2860 2896 apud
2885 2842 3000 2882 eos.
3025 2827 3312 2897 Propterea
3340 2827 3494 2882 facile
3521 2843 3613 2882 ca-

2031 2893 2164 2966 dunt
2192 2894 2242 2966 in
2264 2894 2403 2966 illas,
2432 2896 2520 2966 qui
2543 2911 2648 2949 non
2673 2893 2865 2950 fuerint
2888 2893 3335 2952 cautisecimdum
3367 2897 3612 2952 mandata

2032 2963 2381 3038 Dominihaae
2399 2963 2803 3038 praemonentis.
2829 2969 2918 3023 19.
2949 2967 3038 3022 Va:
3055 2977 3220 3020 autem
3243 2968 3617 3038 pregnantibus

2031 3044 2078 3087 et
2122 3035 2455 3090 nutrientibus
2495 3036 2549 3089 in
2577 3037 2679 3091 illis
2709 3037 2900 3092 diebus.
2938 3039 3071 3105 Quia
3117 3047 3208 3092 aut
3238 3035 3435 3092 ventris
3459 3078 3474 3101 ,
3521 3049 3614 3092 aut

2029 3105 2220 3178 gremii
2249 3106 2846 3178 pondereprzegravati,
2873 3124 2974 3162 non
2999 3119 3218 3178 possunt
3238 3107 3468 3178 expediti
3494 3123 3615 3163 esse

2030 3173 2096 3230 ad
2124 3173 2320 3245 fugam.
2343 3177 2399 3231 Si
2419 3173 2561 3231 enim
2583 3173 2883 3233 dimiserint
2902 3173 3131 3234 infantes
3155 3173 3611 3245 suosfviventium

2031 3247 2316 3319 viscerum
2343 3260 2563 3319 suorum
2593 3248 2861 3316 patientur
2896 3250 3286 3319 separationem
3318 3249 3402 3303 :si
3435 3259 3611 3304 autem

2030 3316 2399 3389 bajuiaverint,
2427 3317 2715 3386 suscipient
2735 3320 2856 3389 vitae
2880 3316 3194 3389 periculum.
3217 3319 3352 3374 Puto
3379 3319 3481 3389 hoc
3510 3334 3616 3373 me-

2030 3388 2132 3442 lius
2161 3387 2382 3458 intelligi
2405 3402 2561 3455 posse
2584 3387 2928 3458 spiritualitér
2951 3389 3017 3444 ad
3046 3398 3254 3458 tempus
3277 3388 3611 3452 Antichristi,

2029 3473 2148 3528 quae
2166 3466 2298 3528 sunt
2321 3457 2626 3528 spirituales
2649 3469 3000 3528 praegnantes,
3027 3471 3083 3514 et
3109 3457 3405 3514 nutrientes
3426 3459 3614 3515 Eccle-

2029 3526 2123 3583 siae
2151 3526 2430 3600 Christi—in
2455 3526 2678 3600 singulis
2696 3526 2995 3600 quibusque
3021 3529 3269 3599 gentibus
3288 3531 3610 3585 constitutae.

2029 3598 2316 3660 Ecclesiae,
2349 3598 2560 3666 quando
2599 3600 2890 3665 praedicant
2910 3598 3135 3654 verbum
3174 3601 3412 3655 veritatis
3435 3639 3450 3662 .
3496 3614 3616 3654 cre-

2028 3671 2218 3725 dentes
2238 3670 2289 3723 iu
2312 3668 2415 3724 fide
2434 3669 2760 3739 concipiunt,
2787 3679 2842 3725 et
2860 3670 3057 3726 habent
3077 3685 3170 3725 eos
3191 3671 3244 3725 in
3269 3670 3472 3735 gremio
3491 3685 3610 3734 suo,

2030 3741 2180 3810 quasi
2210 3740 2265 3793 in
2293 3748 2467 3804 utero,
2490 3739 2662 3794 donec
2706 3740 3000 3796 formentur
3026 3740 3334 3795 catecbizati
3377 3755 3475 3810 per
3500 3741 3612 3794 sin-

2030 3809 2147 3878 gula
2188 3809 2428 3862 membra
2468 3810 2678 3876 pietatis
2718 3819 2774 3862 et
2816 3810 2961 3863 fidei.
3003 3810 3134 3864 Cum
3181 3820 3358 3865 autem
3383 3809 3612 3864 formati

2031 3878 2226 3931 fuerint
2251 3878 2348 3948 sic,
2377 3878 2587 3947 pariunt
2611 3891 2706 3931 eos
2732 3879 2782 3932 in
2807 3879 3068 3947 baptismo
3097 3898 3110 3933 :
3141 3893 3415 3948 poStquam
3437 3889 3612 3932 autem

2031 3946 2624 4017 pepereriut_,’necesse
2652 3961 2745 4001 eos
2776 3946 2970 4003 habent
2997 3946 3194 4004 lactare
3230 3946 3486 4004 doctrinis
3525 3967 3612 4001 as-

2033 4015 2221 4072 siduis.
2245 4015 2350 4088 sed
2375 4018 2605 4088 primum
2634 4017 2931 4088 videamus,
2958 4021 3224 4088 quomodo
3254 4021 3362 4073 Deo
3389 4020 3617 4075 formant

2032 4089 2083 4144 in
2107 4097 2258 4142 utero
2277 4086 2528 4158 Ecclesia:
2547 4086 2814 4158 hominem
2835 4086 3147 4158 conceptum
3175 4090 3226 4144 in
3245 4090 3369 4144 title.
3394 4088 3611 4158 Utputa,

2033 4159 2165 4230 legis
2185 4157 2387 4230 justitia
2419 4165 2505 4212 est
2524 4199 2540 4224 ,
2563 4157 2832 4230 abstinere
2856 4174 2885 4211 a
2909 4157 3063 4230 malis
3088 4161 3339 4228 operibus
3369 4157 3570 4213 tantum
3596 4201 3614 4223 ,

2035 4228 2141 4284 non
2172 4229 2333 4284 etiam
2363 4228 2538 4283 facere
2563 4229 2700 4283 bona
2728 4243 2891 4298 opera
2924 4247 2938 4283 :
2971 4229 3168 4284 Christi
3199 4241 3377 4284 autem
3407 4230 3610 4298 justitia

2033 4316 2138 4355 non
2157 4307 2262 4365 est,
2287 4298 2555 4355 abstinere
2577 4314 2608 4353 a
2631 4299 2782 4354 malis
2805 4299 3054 4368 cperihus
3078 4308 3303 4364 tantum,
3334 4301 3428 4356 sed
3453 4299 3614 4354 etiam

2034 4371 2211 4427 facere
2233 4370 2373 4426 bona
2399 4383 2582 4438 opera.
2614 4369 2743 4426 Item
2777 4370 2907 4440 legis
2929 4369 3133 4440 justitia
3164 4370 3355 4440 prima,
3385 4379 3442 4426 et
3468 4370 3614 4424 saluo

2035 4442 2197 4504 taris,
2235 4441 2422 4496 decem
2455 4440 2614 4496 habet
2640 4439 2885 4494 mandata
2911 4439 2940 4504 ,'
2968 4443 3118 4510 quasi
3148 4439 3332 4495 decem
3378 4455 3612 4496 menses.

2034 4512 2272 4568 Primum
2291 4552 2308 4575 ,
2331 4525 2652 4581 cognoscere
2679 4525 2840 4565 unum
2874 4510 3060 4574 Deum;
3095 4511 3385 4566 secundum
3408 4551 3424 4572 ,
3446 4511 3616 4564 absti-

2034 4598 2165 4639 nere
2207 4583 2277 4637 ab
2292 4581 2492 4654 idolis;
2533 4582 2785 4654 tertium,
2827 4595 2933 4654 non
2966 4581 3280 4654 periurare;
3325 4589 3571 4654 quartum
3600 4623 3615 4644 ,

2034 4654 2213 4709 colere
2227 4651 2504 4708 sabbatum
2520 4652 2792 4722 spirituale
2809 4669 2825 4715 ;
2847 4651 3106 4723 quintum,
3130 4653 3327 4708 honora
3335 4651 3397 4707 re
3411 4663 3617 4723 patrem

2034 4735 2090 4779 et
2113 4732 2369 4785 matrem;
2405 4731 2615 4778 sextum
2638 4764 2654 4788 ,
2691 4737 2795 4777 non
2825 4722 3112 4786 occidere;
3153 4722 3478 4790 septimum,
3511 4738 3616 4776 non

2035 4793 2324 4849 adulterari
2357 4809 2372 4858 ;
2427 4804 2671 4848 octavum
2697 4835 2713 4859 ,
2745 4808 2849 4848 non
2878 4791 3078 4848 furtum
3125 4796 3300 4848 facere
3327 4810 3343 4858 ;
3385 4809 3617 4857 nonum,

2038 4881 2146 4920 non
2187 4863 2382 4919 falsum
2423 4863 2782 4920 testimonium
2812 4864 3026 4928 dicere;
3054 4864 3360 4929 decimum,
3415 4864 3616 4918 nullam

2036 4951 2152 4992 rem
2179 4934 2404 5005 proximi
2431 4935 2808 5005 concupiscere
2827 4935 2866 5005 ν(
2887 4932 3056 5005 Exod.
3083 4932 3195 5005 20)
3220 4950 3234 5005 ξ
3263 4933 3509 4990 videlicet
3534 4951 3618 4989 se-

2037 5003 2270 5062 cundum
2298 5007 2608 5076 mysterium
2635 5004 2868 5076 nominis
2891 5003 3017 5059 Jesu
3030 5003 3259 5076 Christi,
3287 5007 3427 5076 quod
3455 5017 3537 5061 est
3568 5008 3618 5058 in

2036 5077 2191 5132 litera
2218 5075 2326 5131 lota
2355 5074 2370 5130 Ξ
2400 5076 2451 5129 id
2475 5083 2560 5131 est
2582 5115 2611 5146 ,ί
2644 5074 2988 5146 perfectionis
3010 5075 3241 5146 indicio.
3280 5074 3466 5130 Otnnis
3489 5092 3618 5146 ergo

2040 5147 2301 5216 Ecclesia,
2327 5161 2447 5216 quas
2465 5144 3058 5216 concipitghnminemin
3081 5155 3233 5200 utero
3257 5161 3356 5200 suo
3382 5164 3476 5216 per
3496 5144 3576 5200 vei
3592 5173 3620 5185 ο

2039 5218 2165 5272 bum
2191 5218 2242 5270 in
2272 5214 2408 5280 fide,
2443 5216 2590 5285 prius
2631 5215 2936 5270 debetcum
2983 5214 3216 5270 formare
3244 5214 3491 5271 omnibus
3538 5217 3620 5272 his

2038 5286 2320 5351 mandatis,
2347 5286 2496 5356 quasi
2522 5286 2794 5340 mensibus
2818 5287 3026 5351 decem,
3055 5296 3112 5340 ut
3135 5287 3304 5341 discat
3327 5290 3472 5357 prius
3496 5291 3618 5340 abs-

2042 5360 2212 5412 linere
2256 5357 2322 5410 ab
2361 5357 2609 5411 omnibus
2637 5357 2828 5420 malis,
2871 5367 2926 5411 et
2969 5357 3046 5411 sic
3087 5374 3208 5411 eum
3262 5371 3526 5412 maturqu
3567 5359 3619 5410 in

2040 5429 2360 5498 baptismum
2391 5441 2581 5498 parere
2607 5427 2735 5480 Deo.
2760 5427 3018 5498 Alioquin
3044 5440 3326 5496 antequam
3355 5428 3524 5481 discat
3551 5429 3619 5478 ab

2043 5497 2124 5552 his
2150 5498 2396 5552 omnibus
2414 5497 2700 5562 abstinere,
2726 5497 2771 5552 si
2796 5497 3140 5567 baptizaverit
3159 5512 3302 5567 eum,
3331 5513 3435 5549 non
3461 5499 3616 5563 parit,

2040 5569 2134 5624 sed
2163 5569 2500 5622 immaturmn
2529 5567 2737 5636 projicit
2765 5566 2937 5622 :sicut
2963 5568 3154 5622 mulier
3175 5605 3190 5630 ,
3221 5566 3319 5636 nisi
3341 5567 3619 5634 completis

2043 5637 2233 5694 novem
2248 5635 2593 5693 mensibus’et
2618 5638 2883 5693 decimum
2898 5650 3118 5706 tangens
3136 5635 3357 5706 peperit,
3377 5640 3617 5692 abortum

2042 5711 2184 5766 facit.
2213 5709 2440 5778 Propter
2466 5708 2609 5776 quod
2634 5723 2732 5763 nec
2756 5719 2838 5763 est
2867 5704 3027 5761 homo
3052 5707 3142 5761 ille
3166 5704 3361 5760 vitahs.
3395 5707 3544 5762 Sicut
3567 5718 3617 5761 ct

2106 5805 2123 5835 ι
2161 5800 2293 5866 Apud
2325 5798 2610 5852 Commelin.
2633 5799 2834 5863 legitur,
2857 5797 3096 5862 quatiam.

3355 5895 3422 5949 47
