4052 6200
407 314 504 366 5H3
1537 315 1598 366 i.\'
1639 312 1946 366 ΜλΤΤΙΙᾹΞ

2054 351 2067 364 .
2115 311 2339 366 ιιυλιιιι.
2388 313 2566 366 XLiX.

409 438 568 486 hieme
595 441 678 484 unt
729 432 933 484 sabbato
969 430 1056 498 ﬁat
1087 447 1104 483 :
1143 445 1281 484 nunc
1308 431 1526 496 exponit
1559 443 1746 498 quare,
1785 428 1834 481 id
1865 439 1968 492 est,

407 505 529 570 quia
564 502 674 555 Erit
702 497 1195 570 tribulationiagna.
1235 500 1412 567 Usque
1439 498 1505 550 ad
1533 497 1798 552 Christum
1827 499 1969 552 enim

409 573 577 626 Judaei
608 574 705 626 etsi
734 581 1043 642 peccatores
1069 569 1300 634 inerunt,
1334 579 1507 642 tamen
1533 569 1631 642 ﬁlii
1656 578 1840 631 erant,
1867 584 1970 620 non

409 644 589 696 hostes
620 659 633 694 :
665 654 716 697 et
737 637 882 696 'ideo
921 641 1094 695 omnis
1123 642 1196 694 ira
1226 655 1345 710 qua:
1376 637 1622 710 veniebat
1664 653 1970 710 supergeos.

405 714 678 781 castigatio
703 722 818 766 erat
836 711 904 766 de
931 706 1304 781 miSericordia
1325 709 1564 781 veniens,
1587 724 1689 781 non
1707 706 1968 781 condem-

407 776 636 837 natio'de
663 783 737 836 ira
770 781 1136 841 descendens;
1165 779 1421 835 cruciﬁxo
1439 787 1613 832 autem
1650 779 1871 830 liomino
1887 776 1972 830 de-

406 855 607 906 sierunt
631 868 749 907 esse
777 853 866 904 lilii
893 893 908 913 ,
939 863 994 904 et
1019 860 1141 904 sunt
1166 851 1288 904 facti
1330 849 1529 902 hostes.
1557 848 1841 917 Propterea
1859 847 1968 915 jam

407 939 510 976 non
549 923 824 990 castigatio
853 923 994 974 venit
1017 921 1306 989 corrigens,
1334 920 1427 973 sed
1454 919 1825 990 condemnatio
1853 933 1970 990 era-

408 994 610 1046 dicans.
642 988 806 1059 capta
831 1003 913 1045 est
930 993 1069 1046 enim
1093 988 1385 1043 Jerusalem
1416 990 1486 1042 ab
1510 989 1762 1058 Assyriis,
1787 999 1841 1041 ct
1868 988 1968 1040 ite-

405 1079 520 1116 rum
571 1073 810 1130 reparata
841 1072 944 1115 est.
983 1062 1252 1114 Destructa
1279 1069 1362 1114 est
1383 1060 1450 1112 ab
1477 1060 1758 1119 Antiocho,
1794 1068 1849 1130 et
1873 1059 1968 1112 ite-

406 1148 524 1185 rmn
555 1129 868 1186 reanbﬁcata
896 1142 994 1184 est.
1028 1130 1209 1183 invasa
1241 1141 1324 1184 est
1349 1130 1504 1182 tertio
1529 1145 1556 1180 a
1597 1129 1850 1195 Pompeio
1869 1169 1884 1191 ,
1915 1140 1968 1181 et

404 1203 593 1256 iterum
641 1211 880 1270 reparata
924 1209 1023 1254 est.
1075 1201 1222 1254 Sicut
1269 1201 1410 1254 enim
1444 1201 1624 1263 homo,
1657 1200 1960 1266 priusquam

401 1273 518 1326 dies
545 1274 730 1326 mortis
769 1271 882 1339 ejus
911 1271 1157 1324 adveniat
1177 1309 1192 1331 ,
1233 1270 1484 1340 languere
1510 1270 1719 1340 quidem
1745 1279 1919 1340 potem
1947 1310 1962 1331 ,

401 1343 533 1395 mori
564 1352 738 1395 autem
769 1355 874 1393 non
903 1349 1078 1408 potest
1105 1358 1119 1393 :
1153 1341 1230 1394 sic
1254 1350 1311 1393 et
1331 1339 1511 1394 iudica
1535 1349 1659 1392 ante
1699 1339 1964 1392 Christum

402 1423 586 1465 vexata
609 1421 692 1466 est
717 1411 950 1480 quidem,
981 1410 1182 1479 perdita
1211 1419 1387 1463 autent
1412 1425 1516 1463 non
1545 1417 1646 1464 est.
1678 1409 1963 1480 Postquam

399 1497 528 1536 vero
571 1479 893 1534 horrendum
942 1480 1271 1549 patricidium
1315 1480 1716 1542 commiserunt,
1745 1479 1964 1532 cruciﬁ-

397 1563 580 1619 gentes
612 1552 700 1604 lilii
733 1561 955 1617 patrem,
980 1559 1203 1619 mortem
1227 1549 1532 1610 inferentes,
1560 1564 1589 1601 a
1619 1563 1724 1618 quo
1747 1563 1964 1619 accepe-

401 1618 522 1676 runt
551 1622 710 1675 vitam
738 1639 750 1674 :
784 1630 836 1672 et
859 1619 999 1688 quod
1028 1618 1198 1686 majus
1227 1631 1326 1682 est,
1355 1619 1659 1672 occidentes
1683 1619 1820 1672 servi
1853 1618 1958 1670 Do-

398 1694 622 1756 minum,
652 1691 899 1744 homines
928 1689 1090 1742 Deum
1117 1730 1132 1751 ,
1163 1690 1248 1740 tali
1277 1704 1370 1742 eos
1411 1690 1560 1756 plaga
1590 1689 1881 1755 percussit,
1909 1695 1965 1739 ut

395 1776 681 1831 numquam
705 1768 976 1812 sanentur.
1004 1758 1152 1813 Sicut
1189 1759 1260 1812 illi
1291 1760 1392 1812 tale
1434 1759 1634 1812 facinus
1678 1757 1963 1812 commise-

398 1843 544 1895 runt,
567 1831 720 1898 quale
748 1844 1030 1898 numquam
1057 1831 1398 1883 commissum
1428 1839 1510 1882 est
1534 1870 1550 1894 ,
1588 1842 1686 1881 nec
1706 1839 1788 1881 est
1812 1842 1962 1882 com-

397 1897 713 1954 mittendum
750 1917 762 1953 :
792 1899 869 1952 sic
900 1897 966 1952 et
991 1914 1150 1966 super
1180 1899 1296 1951 illos
1331 1899 1449 1952 talis
1491 1898 1752 1951 sententia
1797 1897 1958 1961 venit,

395 1972 566 2038 qualis
595 1985 880 2037 numquam
912 1969 1072 2030 venit,
1094 1983 1190 2022 nec
1217 1969 1410 2022 veniet.
1443 1968 1566 2022 Hzec
1593 1971 1764 2035 aptius
1789 1969 1961 2038 estde

394 2036 852 2093 consummatione
903 2038 1082 2092 nmndi
1127 2038 1430 2105 suscipere,
1460 2039 1612 2104 cujus
1661 2039 1824 2106 ﬁgura
1865 2036 1961 2090 fuit

396 2110 665 2163 tribulatio
705 2109 814 2162 illa.
861 2107 1008 2162 Tunc
1049 2124 1174 2162 vere
1203 2109 1323 2161 talis
1351 2111 1453 2163 erit
1478 2108 1763 2169 tribulatio,
1791 2107 1960 2176 qualis

393 2195 680 2249 numquam
712 2179 828 2233 fuit.
855 2177 1004 2249 Tunc
1029 2178 1206 2233 dicent
1236 2178 1496 2245 homines,
1521 2179 1736 2246 Aperiat
1760 2193 1820 2232 se
1847 2189 1957 2231 ter-

392 2265 474 2307 ra.
497 2247 555 2305 et
579 2250 765 2319 glutiat
789 2264 908 2302 nos.
936 2247 1116 2316 Usque
1144 2261 1268 2302 tunc
1296 2264 1437 2304 enim
1464 2251 1638 2302 innuis
1659 2249 1734 2302 ira
1761 2263 1880 2317 quae
1901 2249 1960 2302 lit

388 2335 420 2371 a
454 2318 721 2384 l)eo,ideo
745 2322 820 2382 tit,
855 2330 908 2372 ut
939 2318 1118 2372 ﬁdeles
1142 2319 1355 2389 quidem
1381 2328 1567 2386 tentet,
1593 2319 1833 2372 inﬁdeles
1857 2333 1958 2371 au-

389 2401 497 2442 tem
525 2390 773 2444 emendet
796 2408 807 2442 :
830 2404 951 2443 cum
973 2398 1148 2442 autem
1180 2390 1536 2443 Antichristus
1560 2389 1802 2451 venerit,
1837 2389 1958 2442 talis

388 2460 568 2514 veniet
593 2461 668 2514 ira
692 2499 708 2523 ,
734 2469 790 2514 ut
813 2469 867 2515 et
895 2459 1136 2514 inﬁdeles
1163 2459 1381 2514 omnino
1407 2469 1624 2528 pereant
1641 2500 1655 2524 ,
1682 2468 1738 2514 et
1774 2459 1957 2512 ﬁdeles

389 2531 598 2598 plenius
624 2540 967 2586 coronentur.
1007 2529 1139 2584 Cum
1163 2530 1303 2584 enim
1331 2530 1478 2583 multi
1505 2530 1951 2593 Christianorum,

384 2601 667 2654 credentes
684 2601 1008 2655 Antichristo
1026 2639 1041 2662 ,
1073 2600 1280 2669 signum
1307 2600 1536 2654 nominis
1563 2601 1680 2668 ejus
1711 2602 1761 2652 in
1793 2616 1952 2653 mantt

384 2671 631 2732 dextera,
649 2682 702 2725 et
725 2672 776 2725 in
801 2672 972 2725 fronte
997 2670 1326 2739 susceperint
1355 2688 1368 2724 :
1393 2679 1516 2725 tunc
1543 2671 1760 2725 exibunt
1782 2670 1952 2738 angeli

382 2758 508 2793 cum
555 2741 722 2809 igneis
749 2742 992 2796 curribus
1020 2741 1256 2794 volantes
1287 2755 1378 2810 per
1401 2756 1524 2795 aera
1563 2759 1576 2794 :
1621 2750 1675 2793 et
1705 2741 1950 2794 invisilnli

384 2827 546 2864 manu
573 2813 857 2880 signabunt
879 2826 1067 2865 omnes
1103 2812 1307 2874 ﬁdeles,
1354 2810 1406 2864 in
1437 2811 1628 2880 quibus
1657 2820 1833 2863 tamen
1852 2811 1949 2880 in—

382 2891 600 2934 vcntmn
631 2879 751 2935 non
792 2881 947 2935 fuerit
992 2881 1199 2950 signum
1248 2879 1578 2936 Antichristi.
1621 2881 1698 2935 Ex
1725 2881 1817 2934 illo
1840 2879 1950 2949 jam

382 2953 577 3022 plagaz,
601 2967 721 3021 qua:
747 2966 982 3006 ventura:
1004 2962 1127 3006 sunt
1164 2965 1325 3018 super
1351 2961 1567 3014 terram,
1600 2952 1649 3004 in
1675 2950 1870 3022 quibus
1898 2960 1952 3022 et

381 3021 650 3077 ﬁniendus
688 3033 772 3077 est
817 3023 1063 3083 nnnnlus,
1095 3022 1201 3092 jam
1242 3036 1344 3074 non
1381 3033 1595 3092 tangent
1621 3021 1826 3087 ﬁdeles,
1857 3021 1946 3092 qui

378 3093 600 3162 signati
627 3102 750 3148 sunt
774 3133 789 3156 ,
818 3093 911 3146 sed
963 3093 1082 3146 illos
1113 3093 1410 3160 percuticnt
1430 3131 1448 3156 ,
1501 3109 1661 3162 super
1685 3095 1950 3161 quosAn-

380 3161 607 3218 tichrisli
628 3164 898 3218 inventum
929 3162 1086 3216 fuerit
1114 3163 1344 3232 signum.
1381 3162 1654 3216 Eritenim
1679 3163 1950 3217 tribulatio

380 3249 594 3303 magna,
619 3235 790 3304 qualis
811 3249 1093 3304 numquam
1122 3231 1240 3304 fuit.
1260 3231 1446 3286 Nonne
1471 3232 1640 3302 major
1661 3233 1947 3304 fuittribn-

380 3304 510 3358 latio
555 3306 606 3359 in
636 3303 834 3358 diluvio
859 3345 874 3366 ,
901 3303 1112 3374 quando
1147 3303 1216 3357 ab
1249 3304 1660 3374 omnicreatura
1684 3303 1830 3374 nihil
1858 3319 1942 3374 re-

381 3377 595 3440 mansit,
628 3376 727 3430 nisi
758 3373 1058 3428 solus’Noe
1106 3387 1228 3428 cum
1257 3373 1456 3428 familia
1486 3389 1578 3427 sua
1621 3375 1640 3444 (
1667 3373 1793 3428 Gen.
1835 3373 1946 3443 7)?

385 3443 480 3496 llic
506 3455 680 3498 autem
710 3448 811 3501 etsi
856 3447 1006 3498 multi
1033 3444 1378 3504 occiduntur,
1421 3453 1596 3498 tamen
1634 3443 1785 3497 multi
1823 3459 1946 3498 eva-

381 3513 530 3564 dent.
558 3512 660 3566 Sed
692 3515 742 3566 in
773 3517 873 3568 hoc
904 3514 1052 3582 pejor
1078 3515 1180 3568 erit
1221 3515 1488 3568 tribulatio
1521 3516 1615 3568 ista
1644 3555 1658 3576 ,
1688 3515 1809 3582 quia
1839 3515 1946 3568 illic

384 3583 679 3652 corporalis
723 3583 814 3635 fuit
844 3585 1105 3652 perditio,
1137 3585 1224 3637 hic
1260 3594 1438 3639 autem
1468 3586 1778 3652 Spirituahs.
1815 3585 1946 3652 Quis

385 3659 564 3720 autem
587 3651 694 3704 illic
717 3651 995 3704 tormentis
1022 3653 1268 3704 astrictus
1288 3663 1390 3716 est,
1418 3651 1538 3720 quia
1563 3656 1725 3706 coluit
1755 3651 1946 3707 Deum?

383 3719 488 3796 ξω
519 3735 550 3773 e
579 3723 848 3796 contrario
880 3721 1046 3796 puniti
1092 3730 1252 3796 sont,
1283 3723 1413 3796 quia
1441 3719 1736 3796 noluerunt
1770 3724 1946 3796 colere

384 3790 570 3844 Deum.
603 3791 698 3845 Hic
722 3801 899 3845 autem
931 3789 1207 3845 tormentis
1243 3789 1509 3844 aiﬁciendi
1536 3802 1693 3854 sunt,
1721 3792 1811 3859 qui
1836 3809 1940 3845 non

383 3871 663 3915 transeunt
699 3864 763 3912 ad
795 3860 1099 3922 diabolum,
1147 3860 1510 3930 relinquentes
1548 3862 1729 3915 Deum.
1762 3861 1947 3916 Nonne

382 3931 550 4000 major
579 3933 674 3985 fuit
701 3932 969 3987 tribulatio
990 3932 1040 3985 in
1066 3932 1333 3996 Sodomis,
1359 3930 1446 3985 ubi
1478 3932 1652 3985 nullus
1680 3931 1850 3985 evasit
1877 3933 1944 3986 ab

384 3999 526 4071 igne,
557 4003 657 4058 nisi
685 4003 831 4057 solus
863 4002 1002 4068 Lot(
1033 4001 1159 4056 Gen.
1201 4001 1266 4055 19
1287 3999 1346 4071 )?
1371 4001 1474 4056 Sed
1504 4003 1610 4056 illic
1636 4000 1731 4054 fuit
1755 4002 1946 4056 adver-

379 4087 470 4126 sus
498 4073 964 4142 peceatoresjusta
999 4073 1087 4127 Dei
1114 4072 1369 4136 vindicta,
1399 4071 1485 4126 hic
1506 4083 1682 4125 autem
1709 4073 1810 4126 erit
1839 4073 1935 4125 ad~

379 4159 564 4200 versus
597 4154 809 4199 sanctos
836 4143 1067 4199 crudelis
1093 4142 1284 4196 diaboli
1309 4142 1574 4196 violentia.
1593 4142 1804 4209 Quanto
1819 4159 1946 4212 ergo

381 4217 664 4282 pretiosior
703 4215 901 4278 anima,
941 4230 1098 4284 quam
1141 4228 1335 4280 corpus
1376 4230 1388 4265 :
1423 4223 1568 4267 tanto
1598 4214 1946 4284 miserabilior

383 4286 613 4351 perditio
641 4283 980 4351 animarum,
1009 4300 1167 4353 quam
1217 4299 1524 4353 corporum.
1575 4283 1688 4338 Illic
1726 4284 1945 4350 perditis

381 4355 574 4426 iniquis
598 4399 614 4422 ,
645 4365 926 4411 evaserunt
947 4356 1074 4425 justi
1113 4373 1126 4408 :
1179 4353 1478 4426 bicAautem
1511 4354 1708 4422 punitis
1736 4364 1829 4426 aut
1858 4354 1942 4408 fu-

379 4423 513 4493 gatis
530 4429 707 4498 justis.
731 4428 895 4496 iniqui
920 4423 1365 4496 gaudebunt.Sed
1391 4426 1517 4498 etsi
1542 4426 1629 4498 qui
1659 4423 1943 4498 prudentes

339 4525 343 4528 -
382 4495 544 4562 sinit,
567 4513 687 4552 cum
715 4495 1058 4552 conSide’rant
1089 4513 1194 4549 non
1221 4495 1555 4566 cerporalem
1585 4495 1743 4563 hujus
1761 4497 1940 4549 mundi

381 4569 698 4635 statum,qui
728 4569 900 4621 adlmc
925 4568 1316 4636 quodammodo
1347 4577 1489 4620 stare
1506 4566 1731 4627 videtur,
1751 4579 1941 4634 qnam-

385 4638 462 4686 vis
493 4647 546 4690 et
595 4638 708 4705 ipse
760 4641 828 4690 sit
885 4639 1177 4690 minui-atus
1205 4679 1220 4700 ,
1256 4636 1351 4691 sed
1395 4636 1728 4706 spiritualem
1779 4637 1942 4689 totius

383 4706 796 4778 Christianitatis
842 4716 1044 4778 statum
1080 4709 1395 4762 subversum
1424 4723 1439 4760 :
1475 4707 1779 4778 intelligunt
1811 4710 1938 4778 quia

385 4790 670 4845 numquam
698 4777 819 4830 talis
849 4775 946 4829 iuit
967 4777 1232 4831 tribulatio
1258 4778 1548 4847 spiritualis
1571 4819 1587 4842 ,
1608 4775 1784 4847 qualis
1803 4777 1938 4832 facta

382 4854 464 4899 est
490 4862 633 4901 nunc
657 4861 723 4900 ex
753 4855 990 4914 tempore
1036 4847 1294 4902 hacresum
1340 4847 1792 4916 corrumpentium
1824 4849 1941 4900 uni-

384 4931 556 4970 versa.
587 4917 890 4980 Perierunt,
920 4917 1057 4969 sicut
1084 4916 1313 4971 diximus
1337 4958 1351 4979 ,
1382 4934 1568 4972 omnes
1611 4920 1664 4972 in
1693 4918 1896 4972 diluvio
1920 4959 1934 4984 ,

382 4987 476 5041 sed
527 4987 876 5056 corporaliter
919 4986 1210 5057 perierunt.
1242 4987 1521 5041 Perierunt
1549 5004 1738 5043 omnes
1781 4990 1940 5056 spiri-

383 5059 592 5112 tualiter
644 5069 768 5112 ante
823 5057 1132 5119 Christum,
1161 5067 1356 5127 praeter
1388 5057 1630 5122 Iudaeos,
1658 5059 1751 5114 sed
1795 5066 1941 5128 igno-

386 5130 553 5183 rantia
620 5132 892 5198 perierunt
939 5146 976 5198 τί
1010 5141 1148 5181 nunc
1185 5142 1360 5181 autem
1405 5129 1454 5181 in
1494 5129 1709 5183 scientia
1769 5131 1940 5198 perie-

382 5209 526 5266 runt,
557 5197 628 5252 et
653 5209 893 5268 pereunt.
929 5197 1148 5252 Multum
1194 5199 1333 5251 enim
1376 5199 1593 5252 interest
1633 5197 1779 5253 inter
1799 5201 1936 5263 illos,

381 5272 467 5338 qui
498 5273 547 5322 iu
576 5271 867 5340 ignorantia
896 5280 1039 5330 sunt,
1067 5279 1120 5322 et
1147 5269 1198 5321 in
1236 5269 1526 5340 ignorantia
1552 5271 1821 5336 perierunt
1845 5289 1858 5324 :
1889 5283 1942 5325 et

380 5341 518 5394 inter
542 5339 690 5406 istos,
723 5343 811 5409 qui
844 5341 894 5394 in
923 5343 1145 5393 veritate
1176 5339 1389 5408 quidem
1420 5339 1526 5391 nati
1556 5349 1696 5402 sunt,
1728 5353 1943 5408 prepter

381 5411 577 5478 aliquid
594 5422 780 5465 autem
825 5410 1092 5464 nnnidiale
1116 5411 1344 5464 scientes
1371 5409 1438 5462 ad
1467 5411 1740 5463 mendacia
1771 5420 1943 5464 trans-

384 5481 587 5546 ierunt,
619 5493 672 5534 et
709 5481 978 5550 perierunt
1009 5484 1059 5534 in
1086 5480 1186 5542 eis,
1218 5490 1271 5532 et
1293 5488 1533 5548 pereunt.
1564 5479 1638 5532 Illi
1663 5481 1803 5533 enitn
1836 5483 1941 5535 for-

380 5553 515 5602 sitan
540 5553 716 5620 aliquo
742 5553 900 5605 IIItIdO
929 5552 1195 5604 habebunt
1216 5551 1617 5613 remissionem;
1648 5550 1734 5604 isti
1763 5561 1938 5606 autem

383 5623 576 5674 nullam
601 5622 965 5676 remissionem
994 5622 1280 5687 habebunt,
1309 5636 1478 5690 neque
1503 5622 1554 5673 in
1585 5621 1685 5674 hoc
1721 5623 1938 5686 saeculo,

384 5694 620 5760 nequein
643 5694 854 5746 futuro:
883 5695 1127 5760 quoniam
1150 5693 1248 5760 ipsi
1277 5703 1400 5745 sunt
1422 5692 1510 5761 qui
1544 5691 1942 5759 blasphemare-

384 5775 522 5824 ruut.
559 5772 613 5819 et
635 5763 1001 5834 blaSpheniant
1036 5766 1085 5817 in
1111 5763 1364 5832 Spiritum
1403 5773 1662 5820 sanctum.
1693 5761 1772 5818 Illi
1797 5764 1938 5820 cnim

3543 322 3648 375 9M

2075 426 2345 495 judicaudi
2373 436 2517 491 sunt,
2557 427 2678 496 quia
2719 427 2994 481 veritati-in
3040 441 3142 480 non
3185 429 3537 492 qttm‘s'ierttttl;
3571 435 3657 487 isti

2076 509 2252 552 autem
2291 497 2702 560 condemnandi,
2747 499 2868 567 quia
2915 509 3246 566 spreverunt.
3280 498 3472 554 Levior
3512 506 3656 557 enim

2075 569 2230 636 culpa
2257 577 2339 622 est
2369 570 2648 622 veritatem
2691 584 2795 622 non
2825 570 3248 637 apprehendere,
3279 585 3446 637 quam
3467 584 3656 629 conte-

2077 653 2260 690 mnere
2299 638 2705 706 appreliensatn.
2733 639 2822 692 ‘29..
2857 641 2921 694 Et
2951 640 3050 692 nisi
3075 638 3226 692 -I)cus
3250 640 3512 696 bi'eviasset
3549 644 3656 698 dies

2075 706 2207 770 illos,
2230 723 2342 760 non
2363 709 2503 776 ﬁeret
2528 709 2667 762 salua
2687 711 2850 762 omnis
2869 725 3006 762 caro.
3031 710 3652 776 Ahbreviabuntur-dies.

2077 784 2134 828 ut
2157 779 2405 831 atrocitas
2435 778 2832 833 tribulationum
2880 781 3109 832 breviata
3155 782 3472 848 compendio
3521 795 3652 839 tein.

2075 859 2309 913 peretur.
2335 848 2608 904 Breviatos
2638 860 2813 903 autem
2835 851 2952 904 dies
2975 851 3335 917 intelligimus.
3367 867 3472 905 non
3498 869 3648 908 men-

2072 932 2217 981 sura,
2258 917 2351 989 sed
2382 933 2623 972 numero.
2653 920 2799 975 Sicut
2840 921 2981 975 enim
3017 921 3396 989 longitudinem
3419 923 3648 982 diermn.

2071 1000 2226 1058 quam
2257 987 2384 1058 dicit
2418 989 2700 1058 propheta.
2731 989 2944 1042 Domum
2978 987 3129 1042 tuam'
3153 991 3289 1045 decet
3326 996 3568 1046 sanctitas
3598 997 3650 1047 in

2071 1057 2432 1135 {origitudinem
2451 1057 2645 1135 dierum
2669 1059 2835 1135 (Psat.
2861 1061 2949 1135 θὲς.
2972 1061 3050 1127 5),
3079 1076 3184 1135 non
3207 1063 3510 1135 periongos
3533 1064 3648 1117 dies

2071 1127 2434 1195 intelligimus,
2488 1128 2580 1181 sed
2621 1130 2813 1184 multos
2841 1146 2857 1187 :
2884 1133 2962 1185 sic
3007 1140 3062 1185 et
3107 1127 3326 1186 breviati
3373 1127 3488 1188 dies
3540 1149 3644 1188 non

2070 1194 2261 1266 breves
2284 1197 2399 1252 dies
2442 1207 2563 1251 sunt
2588 1199 2934 1266 intelligendi,
2961 1201 3054 1254 sed
3086 1202 3256 1266 pauci.
3290 1201 3468 1257 Omnis
3505 1222 3642 1257 curo.

2071 1265 2400 1334 Frequenter
2441 1269 2580 1320 enim
2625 1265 2910 1335 Scriptura:
2956 1287 3051 1337 pro
3092 1271 3392 1326 hominibus
3437 1275 3644 1327 animas

2069 1346 2308 1410 ponunt:
2341 1338 2478 1410 sicut
2525 1339 2614 1410 ibi,
2641 1337 2994 1410 Septuaginta
3034 1344 3218 1394 anima:
3253 1346 3563 1396 intrauerunt
3593 1346 3644 1398 in

2068 1405 2356 1479 (Egyptth
2395 1407 2570 1477 (Deut.
2598 1408 2681 1462 10.
2713 1407 2826 1479 22).
2855 1405 3182 1479 Frequenter
3214 1427 3310 1479 pro
3341 1413 3642 1468 hominibus

2066 1477 2261 1548 dicitur
2285 1493 2429 1539 caro,
2454 1479 2590 1530 sicut
2617 1479 2707 1548 ibi,
2741 1477 3030 1534 Orationem
3067 1477 3228 1535 uicani
3265 1483 3475 1548 exaudi,
3504 1484 3572 1536 ad
3599 1497 3645 1536 te

2066 1547 2227 1599 omnis
2251 1549 2559 1622 caroAveniet
2587 1547 2756 1622 (Ρωιῖ
2799 1550 2887 1603 ﬁt.
2917 1551 2994 1619 2).
3021 1551 3246 1622 Quando
3279 1567 3406 1622 ergo
3444 1564 3497 1606 ct
3525 1555 3645 1607 ani-

2067 1631 2180 1668 nias
2223 1617 2820 1690 appellat_,_spirituales
2862 1629 2917 1672 et
2955 1617 3236 1690 perfectos.
3261 1617 3504 1678 homines
3533 1625 3644 1678 vult

2065 1685 2347 1740 Ostendere
2377 1705 2389 1740 :
2417 1686 2732 1756 nbicmnque
2770 1685 2970 1743 autem-
2989 1707 3228 1754 carnem,
3271 1693 3510 1747 carnales
3542 1693 3641 1747 ho-

2065 1757 2236 1829 mines
2278 1765 2331 1810 ct
2378 1757 2637 1829 inﬁrmos.
2687 1757 2826 1827 Ergo
2877 1760 3127 1822 dicendo,
3177 1761 3297 1816 Non
3324 1763 3463 1829 ﬁeret
3500 1766 3641 1818 salva

2064 1827 2225 1900 omnis
2245 1843 2384 1900 caro,
2406 1828 2517 1900 vult
2548 1828 2700 1881 nobis
2720 1831 3022 1900 Ostendere,
3046 1831 3164 1896 quia
3201 1846 3303 1884 nou
3325 1827 3500 1885 solum
3531 1835 3640 1900 Spi-

2063 1895 2279 1965 rituales
2327 1896 2568 1950 homines
2619 1908 2672 1951 et
2717 1899 2952 1965 perfecti,
2995 1895 3089 1955 sed
3132 1901 3292 1955 etiam
3345 1895 3641 1957 mediocres

2063 1963 2306 2041 homines
2351 1978 2406 2020 et
2441 1967 2638 2041 inﬁrmi
2681 1963 2757 2041 de
2804 1969 2904 2041 illo,
2935 1971 3358 2037 persequutionis
3399 1974 3640 2041 periculo

2061 2047 2186 2088 sunt
2214 2036 2494 2110 liberandi,
2528 2052 2630 2110 non
2659 2038 2853 2094 virtute
2881 2036 3018 2103 ﬁdei,
3064 2050 3154 2094 aut
3198 2036 3635 2110 tuerito'opcrmn

2060 2119 2298 2169 suorum,
2345 2108 2437 2161 sed
2466 2109 2721 2163 velociter
2759 2110 3104 2165 subvenicnle
3143 2110 3338 2168 Christi
3384 2108 3634 2168 adveiitn.

2057 2173 2175 2229 Non
2227 2177 2368 2231 enim
2420 2189 2634 2246 propter
2683 2193 2992 2245 peccatores
3047 2183 3264 2234 dimittit
3309 2183 3528 2247 diutius,
3577 2195 3636 2238 ut

2057 2247 2219 2299 etiam
2255 2247 2410 2301 electi
2452 2249 2834 2317 periclitentur,
2876 2252 2969 2305 sed
3001 2263 3214 2319 prepter
3239 2251 3438 2306 electos
3483 2256 3633 2308 l'esti-

2059 2325 2288 2392 naturus
2330 2328 2450 2382 est,
2501 2328 2560 2392 ut
2607 2335 2778 2392 neque
2808 2320 3130 2392 gillCdiOCl‘es
3171 2321 3421 2375 deﬁciant
3461 2341 3472 2374 :
3512 2326 3631 2392 quia

2058 2388 2358 2462 promptior
2393 2399 2476 2442 est
2519 2391 2658 2462 Deus
2695 2388 2765 2444 ad
2808 2390 3110 2445 liberandos
3153 2392 3341 2453 bonos,
3378 2388 3543 2462 quani
3565 2394 3631 2448 ad

2060 2458 2358 2524 perdendos
2380 2462 2569 2516 malos.
2596 2459 2727 2514 Nam
2751 2471 2804 2514 et
2828 2462 3053 2526 aurifex,
3081 2463 3123 2515 si
3157 2458 3422 2516 invenerit
3444 2479 3630 2519 aurum

2055 2527 2317 2601 sordibus
2353 2530 2595 2601 mixtum,
2636 2547 2742 2584 non
2769 2540 2989 2601 propter
3029 2531 3215 2586 sordes
3244 2533 3402 2586 etiam
3443 2548 3631 2588 aurum

2054 2599 2364 2670 contemnit,
2392 2600 2483 2654 sed
2511 2612 2724 2670 propter
2751 2599 3013 2655 modicum
3035 2617 3220 2656 aurum
3250 2612 3530 2657 contentus
3550 2616 3633 2659 cst

2053 2669 2214 2721 etiam
2250 2671 2436 2724 sordes
2464 2669 2723 2738 accipere.
2752 2672 2855 2725 Sed
2881 2681 2936 2726 et
2963 2687 3175 2740 semper
3201 2671 3317 2726 dies
3358 2673 3480 2726 mali
3508 2689 3631 2726 san-

2053 2746 2262 2793 ctorum
2298 2741 2693 2810 abbreviantur.
2732 2741 2804 2796 De
2845 2741 3037 2810 iniquis
3077 2743 3332 2810 scriptum
3359 2752 3441 2796 est
3468 2742 3630 2797 :i’iri

2051 2811 2352 2882 sanguinnm
2375 2820 2420 2863 et
2440 2809 2601 2865 dolosi
2621 2827 2720 2864 non
2739 2809 3070 2882 dimidiabunt
3086 2809 3329 2866 dies’suos
3354 2811 3522 2882 (Psul.
3535 2814 3625 2869 5i.

2051 2877 2164 2952 24).
2194 2880 2270 2934 De
2291 2880 2654 2952 justisautem
2687 2879 2853 2952 {Non
2881 2881 3017 2935 dabit
3045 2883 3098 2936 in
3133 2877 3376 2936 internum
3402 2886 3619 2952 ﬂuctua-

2053 2949 2235 3002 tionem
2255 2951 2404 3022 justo
2421 2949 2579 3020 (Ibid.
2613 2967 2660 3005 υ.
2691 2950 2805 3022 25).
2836 2952 3035 3020 Accipe
3063 2963 3240 3007 autent
3267 2949 3492 3007 tnihi'ad
3528 2957 3625 3008 do-

2053 3031 2362 3092 cumentum
2393 3021 2507 3090 ipsa
2534 3021 2770 3090 tempora
2799 3022 2945 3076 anni.
2976 3023 3058 3076 Ab
3082 3023 3408 3092 mquitioctio.
3427 3025 3628 3078 veniali

2049 3088 2350 3162 duodecimi
2381 3088 2579 3147 mensis
2611 3088 2874 3160 incipiunt
2901 3088 3161 3160 paulatim'
3177 3103 3449 3162 tepescere
3473 3109 3627 3148 acres

2050 3173 2145 3230 per
2169 3160 2409 3230 singulos
2434 3162 2566 3225 dies,
2599 3177 2766 3230 USqttc
2793 3162 2860 3215 ad
2903 3177 3136 3217 mensem
3170 3160 3402 3229 tertium,
3430 3173 3480 3218 et
3509 3164 3627 3217 dies

2049 3229 2163 3285 ﬁeri
2207 3229 2450 3286 noctibus
2495 3229 2796 3300 longiores;
2828 3233 2953 3286 item
2991 3233 3059 3286 ab
3107 3234 3427 3302 mquinoctio
3471 3245 3626 3287 autu-

2049 3303 2210 3355 tntiali
2245 3304 2443 3357 mensis
2482 3304 2692 3370 septimi
2739 3302 2999 3371 incipiunt
3027 3303 3277 3372 paulatim
3310 3305 3499 3358 iterum
3531 3306 3625 3359 tri-

2045 3386 2263 3439 go-sccre
2303 3387 2457 3427 acres
2497 3389 2590 3442 per
2631 3373 2868 3442 singulos
2891 3373 3026 3436 dies,
3067 3385 3122 3428 et
3151 3384 3332 3430 noctes
3365 3373 3476 3428 ﬁeri
3503 3374 3624 3428 lon-

2045 3443 2222 3514 giores
2250 3443 2437 3514 diebus
2463 3459 2630 3514 usque
2657 3443 2723 3496 ad
2763 3457 3001 3506 mensem
3037 3459 3255 3510 nomnn,
3293 3444 3503 3514 quando
3530 3459 3624 3500 ce-

2047 3511 2288 3568 lebratur
2336 3511 2881 3571 Christi—natalium
2923 3514 3002 3568 sic
3044 3511 3384 3568 inveniunt—ur
3430 3530 3618 3569 novem

2043 3584 2258 3651 quidem
2303 3584 2575 3638 mensibus
2609 3600 2764 3639 acres
2803 3583 3020 3653 quidem
3065 3585 3364 3654 temperati,
3415 3595 3470 3640 et
3506 3584 3621 3640 dies

2047 3657 2392 3725 prolixiores,
2423 3655 2591 3725 tribus
2610 3666 2798 3725 autem
2845 3655 3118 3725 mensibus
3161 3671 3314 3710 acres
3350 3656 3620 3725 glaciales,

2045 3723 2236 3777 etdies
2265 3725 2474 3778 breves.
2526 3723 2685 3777 Vides
2723 3724 2990 3788 quomodo
3034 3725 3176 3778 Deus
3206 3723 3624 3780 misericorditer

2046 3792 2393 3863 dispensavit,
2415 3803 2470 3844 ut
2491 3795 2606 3847 dics
2625 3792 2839 3862 quidem
2863 3795 2986 3863 mali
3009 3795 3347 3850 inveniantur
3367 3806 3421 3849 et
3443 3797 3617 3863 pauci,

2047 3861 2170 3932 boni
2209 3871 2386 3932 autem
2421 3863 2594 3932 plures
2634 3861 2687 3916 et
2715 3863 2876 3931 longi.
2916 3861 2972 3918 Si
3010 3878 3142 3932 ergo
3187 3873 3383 3918 statum
3433 3861 3617 3919 mundi

2047 3931 2227 4001 hujus,
2269 3931 2358 4000 qui
2401 3930 2469 3985 ad
2521 3947 2671 3986 usum
2725 3930 2960 3986 omnium
3008 3930 3279 3986 hominum
3324 3936 3620 3988 Communis

2049 4000 2292 4061 habetur,
2320 4001 2397 4054 sic
2426 4002 2564 4056 Deus
2592 4002 3006 4058 misericorditer
3031 4003 3358 4073 dispensavit
3383 4022 3395 4056 :
3420 4014 3618 4072 quanto

2048 4074 2214 4143 magis
2240 4081 2434 4143 statum
2464 4074 2584 4126 vita:
2611 4089 2795 4125 eorum
2837 4088 2958 4127 cum
3001 4075 3186 4142 majori
3217 4073 3490 4142 diSpensat
3515 4077 3616 4129 Illi-

2046 4142 2358 4206 sericordia,
2396 4153 2451 4196 ut
2470 4152 2526 4196 et
2555 4143 2796 4196 voluntas
2821 4158 3004 4197 eorum
3033 4144 3083 4196 in
3115 4143 3266 4196 malis
3289 4153 3484 4196 tentata
3509 4145 3618 4198 cla-

2047 4221 2240 4278 rescat,
2270 4222 2326 4267 et
2354 4213 2520 4266 virtus
2551 4213 2836 4267 voluntatis
2861 4228 3043 4268 eorum
3077 4215 3327 4268 velociter
3356 4217 3463 4268 Deo
3492 4216 3617 4268 sub-

2046 4285 2293 4340 veniente
2321 4299 2425 4336 non
2457 4285 2696 4354 patiatur
2723 4283 3115 4338 defectionem?
3145 4284 3447 4341 Secundum
3474 4289 3615 4354 quod

2045 4367 2099 4409 et
2122 4355 2408 4420 Apostolus
2439 4351 2568 4406 dicit
2591 4371 2603 4405 :
2624 4353 2855 4406 Tentatio
2881 4371 2966 4408 vos
2996 4371 3097 4407 non
3123 4351 3618 4422 apprehendatfnisi

2045 4427 2286 4478 Itoniana.
2337 4422 2538 4494 Fidelis
2568 4435 2734 4476 autent
2783 4422 2944 4488 Deus,
2991 4426 3074 4494 qui
3125 4442 3224 4479 non
3269 4428 3486 4492 potietur
3531 4442 3616 4480 vos

2045 4494 2224 4548 tentari
2283 4511 2437 4562 supra
2486 4493 2540 4545 id
2587 4494 2721 4563 quod
2765 4505 2966 4560 potestis
3004 4493 3297 4558 sustinere,
3337 4495 3424 4547 sed
3467 4496 3614 4561 faciet

2043 4583 2156 4618 cum
2203 4566 2471 4618 tentatione
2512 4565 2661 4616 etiam
2715 4576 3026 4632 proventum,
3071 4576 3124 4617 ut
3170 4566 3368 4632 possitis
3411 4567 3611 4618 evadere

2045 4637 2118 4702 (1.
2162 4636 2280 4689 Cor.
2314 4636 2396 4690 l0.
2440 4633 2548 4705 15).
2579 4635 2668 4688 '23.
2699 4633 2836 4688 Tunc
2861 4637 2904 4688 si
2926 4639 3034 4704 quis
3060 4637 3195 4688 vobis
3237 4637 3438 4698 dixerit,
3485 4635 3614 4689 Ecce

2043 4708 2124 4759 hic
2150 4716 2222 4759 est
2253 4705 2502 4772 Christus,
2532 4722 2642 4758 ecce
2668 4706 2794 4770 illic,
2834 4707 2987 4759 nolite
3014 4707 3230 4759 credere.
3267 4709 3381 4772 Qua
3411 4707 3613 4760 ratione

2043 4791 2201 4846 supra
2234 4777 2470 4846 quidem,
2519 4778 2820 4844 priusquam
2855 4777 2947 4846 ‘de
2972 4777 3365 4846 abominatione
3404 4775 3614 4846 desola-

2044 4844 2202 4901 tiuiiis
2225 4844 2536 4916 exponeret,
2565 4847 2640 4898 sic
2661 4847 2789 4899 dicit
2812 4863 2824 4898 :
2855 4844 3028 4899 Videte
3056 4845 3240 4913 nequis
3261 4861 3345 4899 vos
3373 4845 3610 4902 seducat:

2042 4918 2187 4971 multi
2208 4919 2337 4972 enim
2356 4919 2546 4987 uenient
2569 4919 2619 4968 in
2641 4919 2839 4970 nomine
2855 4933 2962 4969 meo
2977 4917 3212 4977 dicentes,
3231 4917 3349 4982 quia
3371 4917 3478 4987 Ego
3502 4934 3612 4970 sum

2043 4989 2272 5044 Christus
2294 4986 2507 5057 (Matth.
2521 4987 2556 5038 ‘2.
2572 5005 2608 5039 ι.
2623 4987 2676 5040 4.
2698 4987 2750 5055 5)
2773 5005 2786 5049 ;
2808 4987 2890 5039 hic
2908 4997 3109 5051 autem,
3135 4996 3408 5056 postquam
3425 4986 3496 5042 Vde
3517 4989 3612 5040 ab—

2042 5059 2368 5114 ominatione
2391 5057 2734 5128 desolatioiiis
2769 5068 2966 5110 statura
2999 5057 3192 5128 inloco
3220 5060 3614 5128 sunctqloqutt-

2045 5141 2129 5184 tus
2150 5140 2252 5192 est,
2285 5130 2356 5182 ita
2389 5127 2517 5182 dicit
2543 5143 2556 5179 :
2586 5125 2730 5179 Tunc
2757 5128 2802 5180 si
2829 5128 2938 5193 quis
2965 5126 3098 5180 vobis
3132 5127 3336 5195 dixerit,
3372 5125 3512 5182 Ecce
3531 5130 3614 5182 hic

2043 5211 2115 5253 est
2157 5199 2408 5264 Christus,
2449 5214 2562 5251 ecce
2588 5198 2714 5262 illic,
2761 5200 2914 5250 nolite
2947 5197 3166 5252 credere.
3215 5199 3268 5254 Si
3311 5215 3516 5254 memor
3551 5216 3611 5252 es

2044 5273 2166 5340 quia
2203 5269 2650 5325 ahominationem
2676 5268 3017 5340 desolationis
3056 5269 3384 5338 interpretati
3415 5285 3611 5340 sunms

2043 5339 2297 5394 staturam
2348 5340 2397 5392 in
2430 5340 2545 5392 loco
2581 5350 2770 5408 sancw
2818 5345 2953 5392 hanc
2981 5339 3196 5408 impiam
3239 5339 3480 5392 lncresim
3520 5354 3611 5392 oo-

2044 5421 2350 5478 cupaturam
2408 5411 2518 5463 loca
2565 5407 3008 5469 Christianorum.
3055 5407 3304 5476 intelligis
3359 5409 3606 5475 quoniam

2044 5482 2315 5550 eleganter
2334 5489 2414 5532 est
2436 5479 2653 5533 dicmm.
2684 5479 2785 5534 Per
2811 5484 2944 5533 hanc
2964 5483 3106 5534 enim
3128 5479 3456 5550 signiﬁcabat
3477 5493 3610 5546 quo~

2044 5547 2204 5606 modo
2245 5561 2296 5605 et
2329 5553 2631 5619 priusquam
2675 5551 2891 5605 haeresis
2931 5551 3029 5604 iSta
3055 5547 3462 5619 abominationis
3494 5551 3608 5604 loca

2043 5630 2229 5677 sancta
2253 5617 2534 5686 obtineret,
2579 5632 2630 5674 et
2662 5625 2962 5691 priusquam
2992 5620 3316 5691 diverSarum
3346 5617 3606 5691 i_l:l:l'eStttlt

2043 5703 2492 5748 constituerentur
2537 5686 3071 5752 Ecclesiarfseductio
3109 5686 3456 5754 quorumdam
3497 5705 3608 5744 erat

2043 5765 2217 5822 l'utura
2249 5780 2264 5819 :
2297 5762 2434 5819 sicut
2459 5771 2512 5817 ct
2540 5762 2733 5816 factum
2756 5772 2854 5816 cst.
2881 5760 2946 5814 Et
2971 5767 3254 5829 pusttptuttt
3272 5757 3611 5820 obtinuisset,
