4050 6200
534 327 635 381 915

529 451 582 494 et
607 441 872 496 haeresum
900 439 1231 494 diversarum
1258 435 1510 492 Ecclesia:
1529 435 1833 490 constitutae
1859 434 2104 500 fuissent,

529 530 594 565 eo
624 512 855 580 amplius
883 510 1126 564 scductio
1156 507 1512 580 quorumdam
1551 516 1668 560 erat
1700 506 1879 580 futura
1915 525 1941 580 :_
1972 509 2110 580 sicut

533 592 586 634 et
619 584 696 634 lit.
715 576 862 634 'Nam
889 581 1036 650 prius
1062 576 1192 635 nudi
1215 579 1519 648 dogmatum
1543 591 1822 650 sermones
1843 576 2110 650 faciebant

527 668 786 714 crroretn,
819 646 958 704 nunc
989 659 1166 705 autem
1212 646 1497 702 multarum
1542 646 1809 701 htnresum
1841 647 1970 714 ipsa:
2008 647 2111 700 Ec~

527 723 705 776 clesia:
734 722 1054 776 constitutas.
1087 720 1212 775 ldeo
1255 729 1377 774 tunc
1407 717 1824 786 uniuscujusque
1845 717 2110 786 dogmatis

528 793 728 846 nudum
754 792 974 846 verbum
996 792 1244 846 dicebant
1272 809 1284 845 :
1321 791 1429 860 Ego
1455 805 1572 844 smn
1601 788 1822 860 verbum
1849 787 2107 860 veritatis,

528 864 641 930 Ego
666 879 782 917 sum
801 863 1064 918 Christus.
1087 861 1238 916 Nunc
1258 858 1433 915 autem
1459 859 1758 928 singulatim
1781 858 2109 930 professores

529 926 790 988 ltzeresum
817 934 1148 988 diversarum
1175 931 1378 996 dicunt,
1409 926 1651 984 Ecce—hic
1681 939 1752 982 est
1774 926 2023 993 Christus,
2056 927 2109 982 id

527 1015 628 1068 est,
655 1005 912 1062 Ecclesia.
941 1015 987 1056 et
1013 1005 1136 1065 illic,
1183 1003 1234 1056 id
1269 1012 1368 1065 est,
1401 1001 1636 1055 Ecclesia
1671 1000 1829 1069 :quia
1853 999 1962 1067 jam
2002 1013 2108 1052 non

527 1075 792 1130 audiendo
816 1075 1118 1144 dogmatuut
1145 1073 1325 1139 verba,
1348 1072 1440 1127 sed
1462 1070 1694 1144 videndo
1715 1085 1898 1144 eorum
1924 1069 2108 1124 Eccle-

526 1149 650 1208 sias,
685 1139 970 1200 Christiani
1010 1144 1431 1199 scandalizantur
1460 1142 1673 1196 infirmi.
1707 1139 1894 1194 Adhuc
1929 1149 2106 1194 autem
2155 1143 2170 1151 ‘

525 1216 593 1271 de
624 1216 948 1270 Atttichristo
995 1214 1227 1270 ostendit
1257 1229 1355 1284 per
1395 1213 1507 1284 hate
1535 1213 1716 1284 verba.
1762 1210 1884 1280 quia
1929 1210 1980 1284 in
2014 1210 2106 1284 illo

526 1297 768 1355 tempore
803 1285 969 1340 sancti
1020 1286 1073 1338 in
1119 1280 1299 1338 multis
1333 1283 1763 1355 tribulationibus
1811 1280 2104 1344 constituti,

527 1353 734 1413 fortiter
758 1356 1134 1412 desiderabunt
1159 1355 1354 1408 Christi
1383 1355 1686 1415 adventum,
1714 1353 1824 1420 jam
1855 1367 1958 1405 non
1988 1365 2106 1404 sus-

530 1430 734 1482 tinente
789 1429 964 1481 carnis
1015 1434 1221 1479 natura.
1267 1425 1598 1494 Aliquotiens
1651 1422 2103 1494 dixim_us,_quod

526 1499 768 1552 diabolus
805 1513 905 1554 non
937 1497 1141 1564 ingerat
1165 1510 1333 1564 genus
1372 1492 1682 1548 tentatiottis
1728 1494 1779 1546 itt
1810 1492 2102 1558 hominem,

517 1568 616 1622 Sed
643 1567 962 1622 desiderium
995 1563 1405 1635 uniuscujusque
1443 1563 1765 1629 considerat,
1812 1572 1866 1635 et
1907 1578 2101 1635 secun-

523 1639 651 1694 dum
681 1639 821 1708 quod
849 1637 1040 1692 viderit
1067 1633 1334 1690 hominem
1364 1635 1754 1708 desiderantem
1785 1633 2005 1708 aliquid,
2035 1648 2102 1686 ex

522 1725 590 1764 eo
629 1703 822 1777 accipit
865 1707 1197 1762 occasionem
1244 1705 1500 1761 tentandi.
1537 1705 1690 1777 Unde
1731 1712 1786 1758 et
1828 1703 2098 1777 Christum

521 1796 642 1834 eum
670 1773 992 1834 esurientem
1014 1777 1288 1840 sensisset,
1325 1778 1546 1830 tentavit
1568 1777 1618 1829 itt
1651 1775 1808 1828 fame.
1840 1775 1904 1828 Et
1930 1773 2100 1827 Adam

521 1859 576 1902 et
599 1850 803 1904 Hevam
833 1863 955 1903 cum
983 1848 1201 1902 vidisset
1240 1847 1529 1901 divinitatis
1557 1861 1792 1899 amorem
1823 1844 2097 1906 habentes,

521 1921 819 1974 divinitatis
847 1917 1193 1988 promissione
1235 1917 1463 1988 seduxit.
1495 1917 1559 1970 Et
1585 1916 1772 1988 Judattt
1803 1930 1930 1988 cum,
1954 1917 2100 1968 inve-

521 1992 686 2045 ttisset
734 1985 981 2053 avarum,
1027 1989 1266 2058 pecunia:
1302 1987 1587 2056 cupiditate
1627 1987 1693 2040 ad
1741 1985 2098 2058 proditionem

519 2062 811 2118 Salvatoris
838 2057 1074 2114 attraxit.
1103 2057 1450 2127 Sampsoncm
1478 2073 1599 2112 cum
1632 2057 1921 2127 invenisset
1945 2069 2098 2127 ama-

520 2143 692 2187 torem
739 2132 1074 2196 feminarum,
1117 2123 1533 2198 per'mulierem
1580 2126 1928 2198 principitavit
1972 2123 2096 2198 (Ju-

519 2204 621 2256 dic.
659 2203 768 2270 16).
799 2201 888 2256 Sic
912 2215 1040 2269 ergo
1065 2196 1273 2270 ettune
1307 2198 1552 2270 diabolus
1575 2197 1762 2270 videns
1801 2205 2019 2270 sanctos
2042 2196 2093 2270 in

516 2265 775 2342 angustiis
798 2265 1135 2336 constitutos,
1165 2280 1222 2342 et
1251 2268 1461 2324 fortiter
1496 2268 1876 2342 desiderantes
1898 2265 2094 2320 Christi

515 2337 821 2405 adventum,
849 2343 1078 2412 primum
1103 2339 1313 2410 quidem
1346 2350 1560 2408 propter
1580 2337 1942 2412 intolerabiles
1970 2351 2095 2406 per-

516 2409 879 2485 seqttutiones,
908 2413 1100 2485 deinde
1121 2409 1356 2485 propter
1384 2409 1852 2485 repromissionem
1884 2417 2092 2485 tempo-

515 2477 609 2539 ris'
631 2486 774 2540 illius
815 2485 883 2539 de
924 2477 1154 2537 adventu
1208 2477 1598 2550 Cltristi,'qu:e
1643 2481 1778 2534 facta
1825 2477 2006 2532 fuerat
2039 2477 2092 2532 itt

514 2556 828 2624 Scripturis,
857 2555 976 2609 ideo
1013 2553 1110 2607 sub
1145 2553 1378 2624 nomine
1395 2550 1590 2605 Christi
1610 2562 1687 2624 _et
1716 2551 2090 2624 prophetarum

513 2619 749 2681 tetttabat
788 2619 1045 2680 seducere
1072 2631 1305 2677 sanctos.
1341 2623 1407 2676 Et
1433 2636 1566 2691 quos
1590 2619 1816 2676 diversis
1837 2619 2088 2675 cruciati-

509 2697 611 2751 bus
637 2713 740 2751 non
768 2697 936 2764 pontit
954 2709 1226 2765 superare,
1247 2693 1421 2748 victus
1441 2693 1492 2746 itt
1521 2707 1616 2765 sua
1640 2691 1972 2765 credulitate,
1999 2705 2091 2765 a_r_-

514 2767 693 2822 ntabat
721 2760 780 2822 se
810 2760 1230 2828 fraudefdicens
1258 2777 1352 2831 per
1375 2778 1500 2817 suos
1525 2763 1829 2816 ministros:
1855 2761 1986 2814 Ecce
2010 2760 2091 2813 hic

511 2846 584 2891 est
610 2837 858 2902 Christus,
881 2851 993 2890 ecce
1013 2835 1140 2888 illic.
1170 2833 1301 2887 Nam
1323 2832 1534 2903 quando
1553 2833 1730 2903 aliqua
1757 2848 1934 2887 rerum
1957 2845 2088 2885 cttn-

510 2909 744 2963 turbatio
782 2908 857 2972 lit,
900 2915 1033 2960 tunc
1079 2905 1350 2960 abundant
1385 2904 1680 2958 mendacia.
1717 2903 2089 2971 Unusquisque

508 2980 652 3032 enim
678 2978 804 3033 dum
833 2986 924 3032 aut
943 2978 1103 3030 timet
1131 2976 1373 3041 adversa,
1407 2983 1498 3029 aut
1516 2974 1781 3028 desiderat
1808 2987 2084 3042 prospera,

508 3051 624 3120 ipse
664 3049 764 3104 sibi
803 3063 966 3103 novas
1005 3057 1218 3120 generat
1266 3046 1453 3120 fatuas.
1476 3045 1545 3100 Et
1580 3046 1652 3099 ita
1689 3045 1928 3120 diabolus
1954 3058 2088 3120 ⁵διιδ-

508 3114 704 3190 pensas
757 3121 962 3174 animas
1011 3114 1300 3190 hominum
1341 3117 1565 3190 inventa
1607 3116 1888 3190 occasione
1935 3114 2087 3168 delu-

507 3185 605 3258 dit,
650 3191 751 3246 hoc
793 3191 1042 3244 nuntians
1079 3190 1130 3242 in
1168 3185 1385 3242 auribus
1424 3186 1718 3249 hominum,
1764 3185 1866 3241 hoc
1906 3193 2086 3240 osten-

506 3275 626 3317 tans
667 3271 790 3316 ante
836 3261 1020 3315 oculos
1064 3274 1284 3324 eorum,
1320 3261 1942 3328 quodunumquemque
1995 3266 2087 3310 aut

506 3334 696 3387 timere
710 3340 800 3386 aut
813 3327 1455 3398 desiderarecognoverit.
1471 3327 1618 3383 Sicut
1629 3327 1771 3383 enim
1783 3337 2015 3398 tegrotus
2033 3329 2083 3381 in

505 3401 780 3457 doloribus
807 3401 1031 3470 positus,
1059 3397 1435 3470 omni’ltemini
1448 3398 1749 3470 ostendenti
1768 3397 1867 3452 sibi
1888 3398 2083 3468 aliquid

504 3472 570 3526 ad
586 3468 904 3535 remedium,
921 3470 1071 3523 facile
1083 3468 1274 3534 credit,
1289 3484 1394 3521 non
1405 3468 1456 3522 di
1457 3469 1700 3534 judicans
1716 3482 1968 3537 personas
1981 3482 2086 3523 me-

506 3542 816 3604 dicantiunt,
838 3555 1009 3609 neque
1026 3538 1316 3592 discutiens
1330 3537 1548 3609 artiﬁcia
1565 3552 1748 3609 eorum
1773 3555 1785 3591 :
1810 3539 1922 3606 ipsa
1938 3541 2080 3594 enim

504 3611 707 3668 doloris
735 3607 972 3664 anxietas
993 3609 1168 3662 omnia
1190 3607 1438 3662 omnibus
1457 3607 1680 3662 credere
1713 3609 1855 3678 cosit
1884 3627 1897 3660 :
1921 3611 1999 3663 sic
2027 3622 2083 3665 et

507 3695 631 3738 tunc
658 3683 824 3736 sancti
854 3681 904 3735 in
953 3679 1270 3734 necessitate
1309 3680 1776 3749 persequutionum
1816 3680 1993 3748 positi,
2029 3692 2084 3736 et

507 3753 658 3824 quasi
683 3748 1638 3824 Ingrati,desiderantesrefrigerium
1663 3748 1878 3824 Christi,
1908 3753 2082 3824 outtti-

507 3820 606 3879 bus
642 3820 996 3877 referentibus
1041 3821 1236 3890 aliquid
1267 3820 1334 3874 de
1361 3820 1607 3885 Christo,
1659 3820 1812 3876 facile
1837 3822 2077 3877 credent.

508 3896 624 3964 Ipsa
649 3893 789 3948 enim
813 3907 1078 3963 pressurae
1101 3893 1387 3964 necessitas
1415 3891 1636 3964 credere
1662 3894 1820 3964 cogit.
1852 3891 1941 3964 2t.
1967 3893 2078 3948 Ex-

505 3962 710 4036 surgent
729 3962 859 4017 enini
878 3963 1256 4036 pseudochristi,
1276 3972 1320 4016 et
1341 3962 1808 4032 pseudoprophetw,
1827 3973 1872 4016 et
1891 3963 2080 4036 dabunt

505 4033 651 4107 signa
677 4051 860 4105 magna
883 4049 902 4088 :
927 4049 1030 4107 non
1051 4033 1282 4107 inutilia,
1311 4048 1482 4102 neque
1510 4047 1643 4107 vana
1663 4074 1677 4098 ,
1705 4049 1824 4103 quae
1850 4035 2078 4107 ministri

505 4102 698 4162 diaboli
727 4102 900 4161 facere
940 4102 1113 4159 solent
1145 4121 1158 4157 :
1186 4103 1281 4157 sed
1338 4119 1544 4173 magna,
1593 4103 1645 4156 id
1691 4102 1792 4166 εει.
1837 4105 1982 4160 utilia
2025 4115 2080 4161 et

506 4179 681 4247 plena,
705 4193 823 4247 quae
848 4175 1017 4230 sancti
1041 4175 1216 4229 facere
1259 4174 1519 4247 solebant.
1568 4173 1699 4247 Nam
1729 4175 1797 4247 in
1828 4184 2078 4247 tempore

504 4243 1103 4317 ijuidem'apostolorttnt
1133 4253 1187 4317 et
1227 4243 1584 4317 postmodum,
1614 4245 1840 4300 ministri
1863 4243 2074 4317 quidem

505 4313 700 4374 Christi
730 4313 872 4372 utilia
894 4327 946 4371 et
962 4316 1115 4386 plena
1141 4315 1288 4384 signa
1311 4313 1572 4370 faciebant
1590 4331 1653 4370 ex
1683 4326 1832 4384 parte
1855 4313 2073 4372 dextra:

506 4392 680 4458 qualia
711 4397 851 4453 sunt,
883 4401 1055 4454 caecos
1084 4387 1414 4458 illuminare,
1443 4394 1498 4458 et
1524 4386 1625 4458 alia
1656 4386 1954 4458 hujustnodi
1991 4387 2073 4442 fa-

505 4455 627 4516 cere
657 4478 671 4514 :
703 4458 924 4514 ministri
979 4467 1154 4512 autem
1203 4455 1401 4510 diaboli
1446 4456 1647 4511 inutilia
1691 4457 1993 4524 faciebant,
2023 4467 2076 4513 et

504 4547 636 4585 vana
664 4547 727 4585 ex
756 4540 903 4599 parte
923 4529 1300 4599 sinistra,qtt:e
1326 4525 1726 4582 admirationem
1754 4526 1966 4595 quidem
1995 4531 2078 4583 vi-

503 4598 1080 4664 detttibus’excitarent,
1113 4598 1178 4651 ad
1220 4598 1495 4651 utilitatem
1525 4608 1700 4651 autetn
1731 4599 1926 4652 nullius
1955 4614 2074 4666 pro-

504 4674 744 4728 ficerent.
773 4671 839 4725 Et
863 4679 979 4726 erat
1018 4669 1156 4723 inter
1187 4669 1459 4722 ministros
1496 4668 1693 4722 Christi
1720 4679 1774 4723 et
1801 4668 2075 4724 ministros

503 4743 700 4798 diaboli
726 4758 791 4798 ex
826 4741 930 4796 hoc
964 4740 1224 4808 judicare.
1253 4740 1340 4808 qui
1367 4738 1591 4802 inutilia,
1625 4749 1678 4793 et
1705 4743 1790 4807 qui
1822 4738 1967 4793 utilia
1999 4743 2075 4794 fa-

501 4824 688 4869 cerent
714 4816 881 4882 signa.
929 4810 986 4864 ln
1012 4811 1116 4866 line
1144 4818 1321 4865 autem
1355 4810 1605 4882 temporis
1626 4809 1965 4882 concedenda
1992 4821 2075 4867 est

500 4894 738 4954 potestas
757 4879 986 4954 diabolo,
1016 4883 1153 4936 sicut
1201 4883 1251 4935 itt
1294 4882 1508 4954 historia
1553 4879 1843 4936 Clementis
1881 4879 2074 4937 Petrus

499 4951 738 5024 exponit,
777 4965 833 5009 ut
881 4953 1042 5009 faciat
1080 4953 1226 5023 signa
1256 4951 1424 5017 utilia,
1457 4961 1513 5024 et
1552 4968 1617 5006 ex
1657 4967 1729 5024 ea
1773 4959 1923 5024 parte
1968 4968 2071 5021 qua

501 5022 648 5092 prius
677 5027 850 5082 facere
898 5022 1286 5083 consueverant
1331 5023 1521 5088 sancti,
1555 5032 1611 5077 ut
1648 5023 1759 5092 jam
1799 5022 2072 5092 ministros

501 5091 698 5168 Christi
730 5112 835 5168 non
866 5115 958 5168 per
982 5096 1084 5151 hoc
1108 5109 1524 5168 cognoscamus,
1552 5091 1672 5168 quia
1701 5092 1848 5168 utilia
1874 5091 2072 5168 faciunt

501 5165 673 5233 signa,
706 5167 798 5222 sed
821 5164 938 5235 quia
971 5164 1196 5222 omnino
1219 5181 1322 5219 non
1362 5164 1477 5219 haec
1498 5165 1696 5219 faciunt
1742 5166 1912 5235 signa.
1957 5164 2069 5231 Qua

498 5247 680 5292 autem
711 5234 910 5290 ratione
934 5237 1035 5291 hoc
1061 5236 1327 5292 ordinavit
1351 5235 1509 5300 Deus,
1540 5235 1752 5289 attende
1781 5234 1938 5304 :quia
1967 5252 2071 5291 non

502 5323 716 5376 semper
744 5316 950 5374 tempus
973 5307 1265 5361 vocationis
1313 5316 1424 5371 est,
1456 5307 1594 5360 sicut
1635 5306 1708 5359 ait
1750 5305 2020 5376 Sapientia
2053 5323 2068 5360 :

505 5374 1068 5446 Tempusicougregandi
1091 5377 1302 5444 lapides,
1327 5387 1519 5445 tempus
1542 5377 1860 5446 dispergendi
1875 5375 2071 5446 (Eccle.

499 5445 656 5517 5.5).
707 5445 937 5517 Tempus
980 5460 1106 5514 ergo
1152 5447 1245 5499 fuit
1279 5447 1770 5517 congregandorum
1812 5445 2068 5515 lapidum,

497 5515 710 5591 quando
754 5515 1123 5591 lajtitles__vivi,
1152 5517 1210 5591 i_d
1239 5527 1340 5582 est,
1393 5515 1595 5583 lideles,
1647 5518 1713 5591 ab
1747 5518 2072 5591 inﬁdelitate

501 5586 826 5643 {ocabatttur
851 5586 918 5642 ad
950 5586 1125 5641 fidem.
1151 5586 1382 5655 Tempus
1404 5598 1581 5642 autem
1612 5586 2071 5657 eritdispergendi

498 5661 724 5726 lapides,
753 5657 962 5727 quando
1008 5657 1245 5713 Ecclesia
1297 5657 1532 5712 tradetur
1578 5658 1645 5712 ad
1697 5660 2066 5723 tentationem,

496 5738 555 5781 ut
586 5730 806 5797 lapides,
837 5729 888 5783 id
913 5739 1014 5794 est,
1057 5728 1363 5790 Christiani,
1409 5731 1499 5796 qtti
1540 5745 1645 5782 non
1685 5730 1968 5798 proficiunt
2016 5731 2067 5784 itt

501 5800 906 5856 aedificationem
959 5801 1198 5871 corporis
1244 5798 1456 5865 Christi,
1515 5798 1653 5854 foras
1701 5799 2061 5868 projiciantur.

1807 321 1981 380 OI’US
2020 323 2502 384 IMPEHFECTUM

2222 439 2409 517 Donec
2427 461 2555 513 ergo
2583 447 2674 500 fuit
2698 447 2900 501 vocatio
2925 445 2991 500 ad
3025 444 3180 500 fidem
3210 460 3272 500 cx
3304 445 3641 517 inﬁdelitate,
3666 451 3808 507 fece-

2219 523 2350 592 runt
2369 515 2536 592 signa
2556 526 2610 572 et
2638 521 2777 592 servi
2816 517 3015 572 Christi
3041 534 3055 569 :
3083 519 3202 592 quia
3227 517 3376 592 signa
3418 515 3801 576 divittzevoea-

2222 586 2383 663 tinnis
2412 587 2720 663 testimonia
2741 599 2890 663 sunt,
2916 597 2976 641 ut
2996 588 3385 657 przcdicationis
3415 592 3619 663 veritas
3647 596 3810 648 mira.

2217 652 2352 731 culis
2381 659 2824 731 commendetur;
2857 652 3101 731 cessante
3133 668 3310 731 autem
3335 662 3648 731 vocatione,
3676 666 3809 718 inci-

2219 725 2328 803 piet
2347 725 2590 803 seductio
2616 743 2887 803 revocans
2905 729 3197 803 hominess
3217 729 3319 803 tide
3329 730 3395 782 ad
3413 725 3803 790 infidelitatem.

2219 791 2508 866 Incipiente
2537 813 2664 866 ergo
2688 799 3018 864 seductione,
3048 798 3299 852 tradenda
3322 810 3449 853 sunt
3477 803 3808 861 seductionis

2217 863 2475 930 adjutoria
2501 863 2735 943 diabolo,
2765 869 2815 923 id
2840 863 3201 943 est,_p0testa_s
3229 869 3598 943 faciendorum
3623 876 3805 943 signo-

2217 948 2352 996 rum,
2389 946 2443 990 ttt
2470 937 2636 1009 signis
2658 951 2712 993 et
2743 937 2996 1009 prodigiis
3019 940 3290 994 mendacia
3319 955 3413 993 sua
3454 957 3553 1009 pro
3580 937 3803 1002 veritate

2216 1007 2576 1063 commendet.
2608 1010 2712 1064 Sed
2745 1007 2883 1065 forte
2901 1007 3083 1064 dicis:
3118 1009 3174 1064 Si
3207 1009 3346 1063 Deus
3380 1007 3649 1066 Concessit
3684 1016 3803 1069 dia-

2217 1071 2339 1126 bolo
2360 1077 2610 1154 virtutem
2652 1081 3012 1154 faciendorum
3057 1083 3364 1154 signorum,
3394 1083 3802 1154 quomodoipse

2213 1145 2452 1219 mandat,
2499 1164 2566 1203 tte
2606 1150 2931 1205 seducantur
2967 1145 3174 1205 sancti?
3201 1152 3243 1203 si
3283 1145 3427 1219 ergo'
3453 1169 3560 1205 non
3587 1145 3799 1210 vult'ut

2213 1215 2555 1295 seducantur,
2586 1229 2643 1295 ut
2668 1221 2795 1289 quid
2815 1221 3035 1295 diabolo
3063 1221 3160 1295 dat
3183 1215 3477 1295 seducéndi
3507 1224 3798 1279 virtutem?

2211 1290 2256 1338 si
2294 1297 2474 1361 autem
2515 1291 2634 1361 vult
2650 1300 2707 1344 ut
2733 1292 3057 1346 seducantur
3097 1290 3288 1361 aliqui,
3338 1307 3504 1361 quare
3550 1297 3796 1352 omnibus

2212 1307 2256 1338 st
2294 1307 2474 1342 autem
2515 1307 2626 1343 vutt
2650 1307 2707 1344 ut
2733 1307 3057 1346 seducantur
3097 1307 3162 1345 an
3207 1307 3288 1355 ιιι,
3338 1307 3504 1361 quare
3550 1307 3793 1352 omnibus

2212 1356 2432 1411 mandat
2457 1375 2524 1412 ne
2547 1359 2906 1416 seducantur?
2957 1361 3116 1416 Audi.
3168 1307 3438 1416 %ottcedit
3465 1363 3683 1420 diabolo
3709 1383 3793 1421 se-

2209 1423 2438 1498 ducendi
2465 1429 2731 1498 virtutem,
2761 1441 2818 1486 ut
2849 1448 2918 1487 ne
2951 1432 3074 1486 mali
3101 1432 3236 1486 inter
3270 1432 3442 1486 bonos
3483 1448 3792 1491 remaneant

2209 1497 2347 1564 apud
2399 1498 2666 1555 Christum
2701 1497 2956 1557 :Vtttandat
3003 1512 3200 1564 autem,
3259 1512 3315 1554 ut
3358 1519 3428 1556 ne
3478 1503 3607 1557 boni
3654 1507 3793 1562 inter

2210 1567 2381 1622 ntalos
2409 1578 2679 1625 transeant
2703 1572 2770 1626 ad
2793 1573 3085 1627 diabolum.
3114 1571 3243 1626 Nam
3275 1572 3414 1626 sicut
3457 1575 3674 1630 crudele
3707 1590 3789 1633 est

2210 1635 2395 1713 fideles
2421 1654 2540 1713 cum
2572 1641 2872 1713 infidelibus
2903 1643 3098 1711 perire,
3126 1646 3204 1713 sic
3244 1643 3511 1713 ittdignnut
3535 1655 3618 1699 est
3644 1649 3786 1702 tide-

2206 1705 2440 1794 l‘es‘cuttt
2459 1711 2757 1792 inﬁdelibus
2777 1705 3093 1794 glorificari.
3115 1712 3210 1794 μα
3240 1722 3296 1794 ut
3322 1705 3390 1794 inv
3409 1730 3618 1794 errarent
3658 1719 3782 1770 mit-

2207 1786 2334 1858 tttnt,
2350 1781 2395 1858 si
2405 1781 2514 1848 ﬁeri
2531 1792 2709 1858 potest,
2739 1781 2886 1858 etiam
2903 1785 3100 1837 electos.
3113 1783 3227 1858 Non
3236 1783 3400 1858 dixit,
3422 1783 3483 1838 Ut
3503 1787 3776 1856 seducant,

2205 1848 2250 1919 s_i
2278 1848 2392 1904 lieri
2425 1848 2616 1918 potest,
2637 1855 2796 1907 etiam
2819 1855 3042 1919 electos,
3077 1855 3190 1919 sed,
3223 1852 3290 1906 In
3318 1871 3538 1907 errarem
3561 1848 3775 1912 mittde

2205 1916 2535 1993 Frequet‘ttcr
2555 1923 2695 1976 enint
2723 1923 2894 1977 sancti
2929 1916 3403 1991 vidéntesidiquas
3444 1928 3781 1993 opu-rationes

2201 1987 2399 2064 diaboli
2421 1991 2759 2064 absconditus
2781 1994 2882 2048 sub
2907 1996 3087 2064 Specie
3113 1987 3341 2064 pietatis,
3371 1987 3496 2047 dnni
3525 2012 3635 2050 non
3668 2015 3784 2064 ros-

2203 2068 2328 2132 sunt
2379 2061 2675 2132 intelligere
2725 2061 3013 2132 profundas
3050 2061 3268 2119 ittsidias
3311 2066 3528 2129 initttici,
3564 2061 3786 2123 contur-

2205 2129 2395 2199 bantur
2421 2133 2473 2186 itt
2499 2129 2662 2188 cdrde
2691 2129 2808 2199 suo,
2859 2151 2922 2189 ac
2966 2135 3413 2198 scandalizantur,
3457 2147 3511 2188 et
3547 2137 3780 2194 dicunt:

2201 2198 2339 2266 Quid
2369 2201 2438 2274 sit
2464 2205 2566 2257 hoc
2591 2205 2733 2273 quod
2762 2198 2836 2258 ita
2866 2205 2961 2259 fit?
2981 2204 3094 2259 Non
3127 2216 3300 2259 tamen
3327 2208 3434 2259 cito
3461 2206 3780 2274 ﬂectuntur,

2203 2281 2259 2324 ιιι
2285 2272 2506 2326 credant
2531 2290 2543 2329 :
2577 2272 2630 2328 et
2649 2275 2693 2328 si
2714 2289 2874 2328 sensu
2897 2277 3178 2330 vincuntur
3200 2276 3348 2345 quasi
3374 2275 3646 2342 homines,
3679 2272 3783 2334 fide

2199 2351 2377 2395 autem
2422 2352 2565 2398 stant
2597 2346 2746 2415 quasi
2792 2346 2995 2400 invicti.
3033 2345 3444 2415 Magnitudinem
3492 2356 3670 2402 autem
3707 2353 3780 2404 si-

2198 2426 2424 2480 gnorum
2447 2414 2729 2488 ostendere
2768 2416 2973 2479 volens,
2992 2486 3000 2488 Α
3021 2414 3142 2470 ideo
3166 2415 3314 2481 dicit,
3346 2414 3438 2480 Ut,
3467 2418 3514 2469 si
3555 2420 3664 2483 ﬁeri
3690 2437 3782 2488 po-

2199 2493 2291 2562 test
2319 2499 2338 2535 :
2367 2485 2614 2551 quoniam
2658 2496 2914 2562 quantum
2939 2486 3005 2562 ad
3050 2488 3464 2562 magnitudinem
3501 2485 3782 2562 rsignorum

2199 2554 2408 2606 illorum
2438 2564 2612 2622 potest
2653 2556 2764 2610 ﬁeri
2816 2566 2873 2611 ut
2914 2554 3234 2611 seducantur
3257 2557 3422 2611 etiam
3461 2554 3656 2612 electi:
3687 2563 3780 2614 sed

2197 2622 2322 2697 ideo
2353 2641 2457 2678 nott
2487 2625 2833 2692 seducuntur,
2863 2629 2984 2697 quia
3014 2628 3187 2695 perire
3215 2643 3318 2682 ttott
3344 2639 3612 2694 possunt,
3645 2645 3779 2697 quos

2197 2692 2750 2767 Dettsprzuordinavit
2795 2692 3094 2752 ad'vita'm.
3150 2699 3282 2752 Dum
3323 2692 3456 2764 ergo
3508 2692 3778 2767 signorum

2194 2764 2612 2835 magnitudinem
2640 2767 2898 2835 prtedicit,
2919 2767 2970 2821 in
2992 2768 3371 2822 conservandis
3396 2764 3667 2833 fidelibus,
3685 2772 3777 2826 Dei

2193 2834 2430 2958 rotentia
2455 2834 2866 2892 demonstratur.
2898 2839 2964 2893 Et
2988 2838 3056 2892 de
3084 2849 3321 2908 tempore
3353 2839 3619 2893 ltwresum
3650 2842 3778 2895 nihi-

2215 2905 2424 2958 ominus
2466 2909 2786 2958 conveniunt
2839 2908 3056 2958 intelligi
3105 2910 3237 2958 haec.
3270 2908 3410 2958 Falsi
3454 2912 3599 2958 enim
3625 2909 3775 2958 Chri-

2215 2905 2424 2978 ominus
2466 2909 2786 2978 conveniunt
2839 2908 3056 2978 intelligi
3105 2905 3237 2963 lucc.
3270 2908 3410 2961 Falsi
3454 2912 3599 2963 enim
3625 2909 3775 2964 Chri-

2192 2976 2349 3028 stiani
2415 2986 2540 3030 sunt
2583 2977 2728 3032 false
2777 2976 3029 3034 veritates
3079 2978 3340 3034 barresunt
3375 2994 3391 3032 :
3428 2981 3544 3033 falsi
3598 2991 3768 3034 autent

2193 3047 2488 3116 prophetae,
2535 3049 2910 3116 praedicatores
2969 3052 3266 3104 veritatum.
3303 3049 3584 3104 falsarum.
3639 3052 3774 3106 Dant

2191 3126 2369 3190 autem
2397 3117 2568 3190 signa,
2601 3119 2788 3173 cadent
2814 3119 3072 3175 facientes
3119 3120 3172 3174 itt
3213 3119 3560 3174 simulatione
3585 3162 3600 3184 ,
3649 3137 3767 3190 qua:

2196 3186 2396 3241 faciunt
2437 3186 2620 3243 fideles
2661 3191 2712 3243 in
2757 3191 2998 3244 veritate.
3023 3190 3157 3245 Nam
3183 3202 3239 3244 et
3263 3192 3492 3244 castitati
3529 3186 3760 3256 student,

2192 3269 2245 3312 et
2255 3259 2452 3330 jejunia
2469 3259 2759 3324 celebrant,
2785 3271 2837 3313 et
2859 3260 3225 3330 eleetnosynas
3244 3260 3461 3326 faciunt,
3482 3273 3534 3315 et
3551 3276 3760 3317 omnem

2189 3329 2610 3384 ecclesiasticum
2637 3344 2895 3384 canottent
2924 3329 3192 3399 supplent.
3221 3333 3445 3384 Autnott
3465 3332 3558 3384 tibi
3575 3332 3750 3384 riden-

2192 3410 2276 3470 tur
2295 3415 2483 3470 magna
2505 3415 2625 3455 esse
2649 3401 2797 3470 signa
2827 3401 3175 3467 seductionis,
3211 3417 3337 3455 cum
3372 3402 3533 3453 rideas
3554 3401 3739 3455 diabo-

2191 3469 2297 3539 lum
2337 3469 2614 3524 facientem
2654 3469 2816 3538 opera
2865 3470 2991 3525 Dei?
3027 3471 3117 3526 25.
3170 3471 3306 3525 Ecce
3350 3472 3542 3539 prditi
3587 3473 3749 3526 vobis.

2187 3537 2604 3595 Contestalionis
2626 3537 2786 3610 verba
2811 3551 2934 3595 sunt
2960 3541 3105 3607 hate,
3138 3554 3192 3595 ut
3237 3558 3306 3596 tte
3342 3537 3525 3610 aliquis
3575 3541 3710 3594 ditat
3737 3582 3755 3604 ,

2193 3610 2310 3683 Yidi
2339 3611 2614 3683 ουιιιιιιιίιι
2644 3609 2927 3683 facientem
2949 3613 3120 3683 signa,
3153 3614 3329 3679 qualia
3368 3609 3480 3681 ipse
3516 3611 3761 3666 Christus

2190 3681 2332 3744 fecit,
2361 3690 2413 3735 et
2440 3681 2558 3735 ideo
2581 3681 2801 3747 credidi,
2831 3681 3141 3736 existimans
3163 3685 3307 3737 illum
3335 3699 3457 3736 esse
3471 3684 3768 3737 Christum.

2190 3751 2475 3819 Propterea
2507 3751 2653 3815 dicit,
2686 3750 2820 3822 Ecce
2846 3755 3062 3822 praedixi
3089 3754 3223 3806 vobis
3250 3771 3269 3804 :
3292 3765 3347 3807 ut
3364 3754 3765 3807 excusationcttt

2186 3822 2499 3890 ignorantiae
2528 3823 2678 3876 tollat
2701 3824 2768 3876 ab
2794 3821 3118 3889 hominibus,
3156 3836 3210 3877 et
3239 3825 3551 3892 praecedens
3576 3834 3766 3878 emite.

2184 3894 2343 3947 statio
2368 3893 2566 3960 justam
2592 3894 2748 3947 faciat
2777 3908 2987 3963 poenam
3018 3905 3356 3964 sequentem.
3395 3894 3764 3947 Misericordia

2184 3964 2326 4017 enim
2357 3972 2457 4024 est,
2503 3964 2765 4017 mandatis
2793 3965 3091 4034 prinvettirc
3121 3965 3434 4032 periculum.
3478 3965 3592 4017 Non
3619 3969 3767 4018 enim

2184 4036 2296 4088 vult
2322 4037 2621 4104 quempiam
2647 4035 2835 4102 perire,
2855 4035 2942 4101 qui
2964 4036 3208 4089 omnibus
3229 4043 3494 4088 monstrat
3512 4035 3747 4104 perditio
3767 4071 3772 4074 -

2183 4105 2268 4160 nis
2295 4102 2603 4159 adventum.
2650 4105 2740 4159 26.
2791 4105 2853 4159 Si
2895 4115 3058 4158 autent
3090 4107 3305 4159 dixerint
3342 4107 3501 4166 vobis,
3546 4102 3686 4158 Ecce
3716 4107 3772 4159 in

2182 4176 2455 4230 solitudine
2481 4186 2572 4239 cst,
2595 4176 2750 4229 nolite
2774 4176 2910 4228 exire
2936 4191 2955 4227 :
2981 4192 3092 4229 ecce
3117 4178 3170 4229 in
3191 4175 3444 4238 domibus,
3477 4177 3632 4228 nolite
3654 4193 3771 4229 σεο

2182 4247 2320 4301 dere.
2370 4247 2479 4300 lloc
2529 4260 2668 4300 nunc
2707 4247 2920 4299 tertiqu
2959 4246 3028 4300 de
3063 4246 3310 4300 cavendis
3351 4245 3771 4300 seductionibus

2182 4317 2274 4371 dat
2318 4317 2642 4370 mandatum.
2685 4316 2916 4370 Primum
2959 4326 3061 4380 est,
3099 4316 3271 4370 Videte
3310 4333 3375 4369 ne
3401 4317 3727 4369 πάντωνιίκὶ
3752 4333 3774 4369 :

2180 4388 2329 4441 mulli
2356 4389 2488 4442 enim
2514 4389 2706 4440 uenient
2737 4387 2789 4439 in
2817 4387 3018 4440 nomine
3055 4404 3183 4452 meo,
3220 4388 3460 4451 dicentes,
3496 4386 3609 4456 Ego
3641 4405 3770 4440 sum

2183 4458 2430 4512 Christus.
2459 4458 2780 4523 Secundum,
2809 4457 2948 4509 Tunc
2973 4457 3138 4510 dicent
3183 4459 3316 4510 robis
3334 4498 3348 4516 ,
3398 4457 3532 4510 Ecce
3559 4457 3648 4509 hic
3698 4470 3774 4511 est

2181 4527 2430 4590 Christus,
2463 4545 2573 4581 ecce
2597 4529 2721 4591 illic,
2754 4529 2910 4580 nolite
2933 4528 3152 4581 credere.
3181 4528 3418 4581 Tertium
3442 4568 3458 4592 ,
3493 4543 3768 4595 pra-scus,

2180 4599 2365 4654 dicens
2389 4616 2402 4651 :
2438 4598 2498 4652 Si
2518 4600 2738 4651 dixerint
2757 4599 2912 4663 vobis,
2941 4597 3075 4650 Ecce
3097 4599 3149 4652 in
3189 4599 3461 4650 solitudine
3488 4608 3576 4661 est,
3605 4599 3776 4652 nolite

2180 4671 2317 4722 exire
2346 4685 2363 4723 :
2393 4686 2505 4723 erce
2531 4670 2581 4722 in
2603 4669 2851 4730 domibus,
2879 4669 3032 4721 nolite
3056 4670 3254 4721 credere
3278 4686 3296 4722 :
3321 4668 3388 4722 Ut
3415 4670 3471 4720 in
3508 4684 3595 4720 ore
3627 4671 3768 4721 duco

2180 4756 2294 4792 rum
2315 4741 2390 4794 uel
2409 4741 2559 4793 trium
2585 4743 2778 4793 testium
2795 4748 2885 4792 stet
2906 4756 3051 4792 omne
3071 4741 3269 4792 verbum
3293 4739 3506 4810 (Matth.
3528 4738 3614 4792 l8.
3650 4740 3769 4804 lli),

2181 4819 2240 4863 ttt
2270 4813 2404 4865 tritta
2448 4811 2779 4865 denuntiatio
2824 4811 3236 4864 inexcusabiletn
3282 4812 3440 4863 faciat
3483 4811 3775 4878 negligen-

2181 4888 2308 4951 tem.
2342 4881 2574 4934 Primum
2602 4897 2728 4951 ergo
2755 4881 3062 4934 mandatum
3085 4881 3231 4934 dedit
3259 4881 3325 4951 de
3353 4879 3772 4934 seductiottibus

2179 4949 2390 5016 futuris,
2423 4949 2724 5020 priusquam
2754 4952 3082 5005 abotnittatio
3106 4950 3769 5006 desolatiottisconstitue-

2179 5031 2328 5076 retur
2365 5023 2415 5076 in
2449 5023 2587 5085 loco,
2637 5032 2690 5077 et
2729 5023 3036 5092 priusquam
3075 5022 3334 5075 turres-um
3363 5021 3772 5076 :edillcaresttur

2178 5093 2452 5148 Ecclesiae.
2506 5093 2806 5148 Secundum
2857 5103 3033 5146 autent
3068 5094 3135 5147 de
3185 5093 3583 5146 seductiottibus
3643 5101 3769 5161 post

2181 5165 2388 5226 futuris,
2416 5164 2554 5219 sicut
2573 5165 2681 5233 jam
2703 5163 2934 5217 diximus
2964 5178 3143 5231 supra.
3180 5164 3416 5216 Tertium
3436 5178 3569 5217 vero
3589 5164 3766 5216 matti-

2178 5233 2465 5290 festissime
2507 5236 2575 5289 de
2621 5246 2857 5303 tempore
2912 5234 3132 5288 furentis
3162 5233 3497 5295 Antichristi,
3526 5233 3764 5287 dicens:

2180 5304 2242 5360 Si
2259 5307 2370 5372 quis
2396 5305 2528 5360 vobis
2552 5306 2754 5370 dixerit,
2780 5303 2915 5358 Ecce
2937 5305 2991 5357 in
3014 5305 3282 5357 solitudine
3299 5313 3390 5369 est,
3422 5306 3576 5356 nolite
3593 5308 3764 5357 am.

2180 5377 2451 5431 Seducere
2494 5377 2637 5430 enim
2683 5392 2780 5429 vos
2821 5377 3028 5428 volunt.
3059 5373 3162 5429 Sed
3189 5375 3330 5428 dicat
3375 5375 3583 5443 aliquis,
3614 5375 3764 5439 Quid

2179 5448 2360 5502 enim?
2389 5449 2432 5500 si
2463 5447 2643 5501 fideles
2687 5457 2810 5500 tunc
2837 5461 2942 5499 non
2990 5445 3215 5500 exierint
3259 5447 3308 5498 itt
3344 5444 3640 5508 desertum,
3671 5456 3767 5498 aut

2180 5533 2286 5572 non
2313 5519 2626 5572 intraverint
2652 5519 2702 5571 itt
2747 5517 2937 5570 domos
2967 5533 2982 5569 :
3010 5515 3263 5584 numquid
3294 5530 3388 5584 per
3435 5515 3536 5569 hoc
3572 5519 3762 5584 ipsum

2181 5598 2429 5658 poterunt
2457 5587 2729 5642 declinare
2752 5587 3069 5656 pet-iculum,
3101 5588 3330 5640 maxime
3345 5601 3465 5640 cum
3491 5595 3617 5658 tum;
3643 5588 3763 5639 An-

2181 5655 2449 5713 iichristus
2474 5659 2716 5713 universa
2749 5658 2943 5727 ubique
2961 5658 3251 5720 contineat,
3269 5667 3330 5727 et
3360 5669 3502 5710 tntus
3522 5666 3570 5708 et
3593 5655 3758 5720 foris.

2181 5739 2236 5784 et
2268 5734 2318 5782 ltt
2345 5729 2557 5784 civitate
2604 5741 2658 5784 et
2700 5731 2751 5782 itt
2779 5728 3031 5783 deserto?
3061 5727 3165 5782 Sed
3196 5726 3314 5780 vide
3352 5727 3599 5795 quoniam
3638 5727 3760 5779 hac

2183 5800 2366 5856 dicens
2393 5799 2648 5868 ostendit,
2689 5800 2813 5871 quia
2841 5808 2964 5854 tunc
3003 5798 3188 5855 fideles
3231 5797 3454 5854 latentes
3493 5807 3656 5853 erunt
3699 5798 3755 5849 in
