4050 6200
277 301 376 358 917

277 417 412 474 locis
447 411 768 485 quibusdam
813 406 1216 485 secretioribus,
1251 407 1360 464 Deo
1385 421 1480 462 eos
1507 406 1866 485 abscondente

282 477 654 560 potius'quam
695 484 816 560 loco
839 480 1033 560 ,_sicut
1077 480 1330 560 scriptum
1361 477 1872 560 estzdbscondes._ut

283 547 579 612 abscondi-to
621 554 785 606 vultus
814 551 886 604 tui
923 566 956 603 a
980 547 1356 604 conturbatione
1381 547 1658 602 hominum.
1691 547 1872 600 Prote-

283 647 370 700 gth
397 645 478 700 eos
495 626 567 700 in
600 621 922 700 tabernaculo
962 630 1075 684 tuo,
1102 637 1135 672 a
1162 618 1871 700 contradictioneLIiugua-ruin

287 687 462 768 (Pent.
604 695 722 768 2|).
754 693 1054 768 Drmmonet
1096 704 1225 768 εςςο
1267 696 1402 768 _eos‘,
1443 703 1513 768 ne
1559 687 1697 768 forte
1747 697 1874 741 tunc

287 758 473 822 ainlito
501 758 700 818 Christi
729 764 982 822 adventu,
1011 775 1109 829 per
1135 758 1384 814 homines
1406 758 1717 829 seductores
1745 773 1870 826 pro-

285 839 483 894 cedant
511 837 577 889 ad
601 835 798 904 palam,
828 827 1070 904 etiamin
1112 830 1330 904 deserto
1354 827 1875 904 comprehemlaiitnr

287 909 516 978 egressi,
549 896 640 978 aut
662 906 721 978 in
757 901 1004 978 domibus
1043 899 1428 978 concludantur
1458 896 1705 978 ingrcssi.
1737 896 1873 978 Quid

290 967 436 1034 enim
472 967 631 1030 faciat
661 975 714 1027 in
736 971 1026 1028 solitudine
1059 971 1258 1024 Christi
1287 967 1588 1023 adventus?
1617 967 1875 1036 numquid

291 1050 460 1118 magis
486 1055 628 1118 amat
648 1043 964 1118 solitudines
980 1041 1235 1118 iocorum,
1259 1054 1418 1118 quam
1435 1038 1875 1118 congregationes

291 1107 592 1173 hominum?
606 1125 696 1169 aut
713 1110 967 1182 numquid
983 1111 1224 1165 homines
1247 1107 1416 1182 timet,
1440 1118 1496 1182 ut
1516 1107 1569 1163 in
1589 1107 1876 1182 solitudine

289 1189 487 1247 lateat?
510 1189 564 1240 Si
591 1187 736 1240 enim
763 1177 980 1253 quando
1008 1194 1262 1253 passurus
1287 1179 1522 1253 advenit,
1571 1192 1675 1232 non
1701 1177 1876 1253 timuit

292 1275 448 1329 reges
474 1266 565 1329 aut
588 1247 816 1324 judices,
847 1252 941 1306 sed
971 1247 1110 1304 inter
1139 1251 1333 1329 impios
1363 1250 1586 1329 pOpuios
1613 1247 1876 1329 praedica-

290 1319 604 1399 vit‘pietatis'
624 1337 925 1399 sermonem
956 1339 970 1374 :
1002 1321 1282 1399 quomodo
1315 1330 1439 1399 tunc
1481 1319 1722 1399 timebit...
1751 1334 1872 1399 cum

291 1387 500 1454 veu'erit
552 1397 795 1464 judicare
833 1387 1180 1464 peccatores?
1219 1389 1444 1464 Siquis
1482 1389 1618 1464 vobis
1668 1387 1872 1464 dixerit,

292 1471 426 1523 Ecce
451 1470 502 1522 in
528 1457 777 1530 domibus,
807 1457 963 1516 nolite
987 1461 1208 1515 credere.
1241 1457 1489 1529 lnjiiriam
1528 1459 1673 1513 enim
1694 1457 1875 1530 tacitis

296 1539 588 1602 ltivinitati,
612 1538 655 1589 si
689 1538 740 1588 in
765 1528 1025 1588 domibus
1067 1531 1212 1586 illam
1237 1528 1476 1602 qna-ritis
1499 1569 1516 1596 ,
1544 1545 1664 1602 qua}
1690 1528 1878 1602 implet

291 1611 482 1663 emittm
507 1598 786 1662 et'terram
820 1623 833 1658 :
861 1612 952 1657 aut
989 1601 1032 1655 si
1074 1603 1239 1656 latere
1255 1598 1459 1670 putatis
1495 1601 1583 1670 qui
1611 1598 1758 1652 venit
1787 1614 1877 1670 sti-

295 1683 470 1748 perliis
501 1680 849 1748 resistere,et
871 1672 1097 1748 humiles
1125 1668 1383 1726 exaltare.
1418 1671 1474 1724 In
1516 1668 1692 1748 primo
1730 1668 1873 1748 enim

293 1737 528 1804 adventu
554 1749 676 1802 ideo
703 1737 911 1800 celatus
942 1742 1090 1796 venit
1109 1756 1358 1811 corpore,
1385 1749 1444 1794 ut
1469 1737 1719 1811 probaret
1745 1737 1876 1811 lide-

294 1822 370 1874 lcs
404 1836 416 1872 :
448 1821 500 1873 in
533 1816 770 1872 secundo
807 1825 982 1868 autem
1011 1807 1240 1867 adventu
1264 1812 1440 1866 veniet
1472 1807 1793 1864 manifestus
1824 1809 1876 1863 in

289 1892 486 1960 gloria,
516 1898 573 1941 nt
622 1894 924 1941 remuneret
955 1883 1114 1936 tidem
1145 1897 1350 1938 eorum.
1384 1881 1508 1934 Ideo
1531 1892 1658 1934 tunc
1689 1893 1876 1960 neccsf

294 1957 496 2014 sarium
531 1967 648 2012 erat
697 1967 754 2010 ut
803 1963 1134 2023 qumreretur
1163 1969 1176 2023 ξ
1211 1967 1352 2006 nunc
1383 1961 1586 2023 autem
1641 1957 1880 2023 non-est

293 2029 617 2098 quam-udus
666 2037 719 2080 ιιι
767 2019 1040 2098 credatur,
1086 2021 1180 2078 sed
1228 2021 1421 2098 quierit
1448 2021 1660 2098 ip_se_a_
1684 2019 1878 2089 quibus

293 2090 525 2154 creditus
555 2105 656 2153 est.
688 2095 1044 2164 Spiritualiter
1071 2090 1259 2148 autem
1287 2092 1356 2164 de
1392 2090 1694 2164 novissimis
1739 2101 1881 2144 tem-

293 2171 513 2240 porilins
542 2169 656 2222 hare
688 2161 757 2220 ita
787 2176 910 2240 sunt
935 2161 1439 2240 exponenda._Sunt
1464 2161 1696 2216 haereses
1708 2201 1732 2240 _,
1759 2175 1879 2240 quae

293 2230 566 2294 incndacia
611 2253 705 2290 sna
747 2230 1140 2305 quodammodo
1187 2230 1881 2305 Scripturarum_colorant

291 2308 695 2363 auctoritatibus
719 2325 731 2360 :
751 2301 992 2376 quaedam
1009 2315 1210 2376 autem,
1231 2301 1349 2373 qua:
1367 2303 1586 2376 omnino
1605 2301 1673 2354 ita
1693 2312 1879 2376 contra

293 2381 596 2450 Scripturas
630 2371 906 2450 rliabe'utur
929 2390 1040 2450 ,_n_e
1078 2371 1328 2450 colorare
1349 2372 1557 2426 valeant
1600 2371 1877 2450 mendacia

293 2467 390 2503 sua
417 2441 504 2503 'ile
526 2449 815 2516 Scripturis
854 2445 1068 2504 divinis.
1107 2442 1430 2516 Solitudines
1473 2456 1604 2516 ergo
1644 2441 1880 2510 appellat

296 2521 530 2574 hazreses
557 2513 711 2582 illas,
740 2531 961 2586 quarmn
987 2517 1230 2586 dogmata
1260 2513 1723 2586 omnino_deserta
1756 2519 1881 2564 sunt

291 2607 322 2644 a
336 2590 641 2658 Scripturis.
665 2581 860 2642 Domus
885 2581 1082 2649 autem,
1106 2585 1336 2658 luereses
1355 2599 1473 2658 qua:
1488 2581 1880 2658 Scripturarum

293 2653 602 2714 colorantur
623 2659 884 2726 exemplis
909 2697 924 2719 ,
957 2657 1196 2725 quamvis
1224 2671 1328 2708 non
1355 2653 1463 2726 sint
1484 2653 1674 2726 domus
1699 2665 1875 2726 verte,

295 2740 467 2784 tamen
491 2731 572 2784 vel
594 2721 856 2782 videntur.
879 2721 986 2780 Ant
1006 2727 1073 2780 ita
1092 2727 1316 2779 :Domus
1335 2724 1462 2777 dicit
1483 2721 1732 2786 hatreses,
1752 2721 1882 2775 soli-

295 2801 531 2854 tudinem
561 2808 736 2852 autem
765 2797 1023 2862 Judaeam,
1051 2796 1341 2850 secundum
1364 2792 1504 2862 quod
1527 2793 1779 2862 scriptum
1801 2798 1906 2845 est.

293 2871 362 2925 de
394 2872 520 2924 illa:
554 2869 686 2922 Ecce
723 2861 1030 2936 relinquetur
1072 2866 1210 2919 vobis
1248 2861 1426 2936 domus
1478 2871 1640 2936 vestra
1689 2861 1884 2914 deserta

294 2941 314 3014 ς
339 2941 527 2994 Matth.
575 2941 666 3014 25.
689 2939 784 3014 _38
809 2932 1099 3014 ).'Aut_ita
1129 2955 1142 2991 :
1171 2933 1496 3014 Solitudines
1539 2932 1669 3014 dicit
1697 2945 1886 3014 omnes

294 3001 529 3065 haereses
556 3001 824 3063 desolatas
853 3023 882 3061 a
909 3008 1156 3068 veritate,
1181 3009 1371 3060 domus
1401 3011 1577 3056 autem
1615 3001 1883 3055 Ecclesias

292 3081 490 3136 Christi
521 3099 532 3133 :
562 3095 624 3133 ac
647 3078 689 3132 si
714 3078 857 3130 dicat
885 3095 898 3130 :
922 3075 1036 3130 Non
1063 3076 1205 3139 dico,
1236 3077 1279 3128 si
1303 3073 1535 3127 dixerint
1555 3072 1723 3124 vobis.
1749 3070 1885 3126 Ecce

291 3152 347 3206 in
372 3150 640 3204 ha-reticis
659 3147 909 3201 Ecclesiis
927 3147 1050 3205 illis.
1069 3145 1149 3200 vel
1168 3146 1226 3199 in.
1243 3145 1346 3198 illis
1360 3142 1603 3212 apparuit
1617 3140 1882 3212 Christus,

293 3222 386 3276 sed
409 3220 620 3277 etiamsi
646 3219 696 3271 in
725 3218 853 3286 ipsis
869 3217 1012 3286 veris
1031 3215 1318 3286 Ecclesiis,
1333 3211 1450 3284 qua:
1471 3222 1525 3266 et
1552 3212 1643 3265 Dei
1666 3221 1808 3286 sunt,
1834 3211 1885 3264 id

293 3293 594 3356 est,domus
617 3281 826 3350 vestrae,
849 3285 1080 3340 dixerint
1101 3285 1248 3339 vobis
1263 3281 1529 3356 Christum
1551 3281 1882 3352 apparuisse,

294 3355 460 3417 nolite
485 3362 565 3416 eis
589 3359 816 3414 credere
840 3356 1140 3410 dicentibus
1169 3357 1266 3408 ista
1295 3355 1363 3409 de
1389 3368 1495 3419 me,
1527 3355 1649 3422 quia
1678 3366 1780 3422 non
1803 3360 1888 3404 est

295 3433 454 3500 digna
476 3429 764 3500 divinitatis
784 3426 1127 3500 mezenotitin
1150 3423 1296 3500 h:ec_:
1321 3420 1610 3500 ostendens
1633 3438 1725 3491 per
1747 3420 1882 3500 hzec,

298 3492 566 3570 quioinmIo
608 3515 672 3554 ex
721 3499 848 3568 ipsis
891 3495 1147 3570 Ecclesiis
1171 3495 1311 3570 veris
1349 3492 1888 3570 frequenter‘exeunt

301 3561 648 3632 s'edtictores,
690 3561 1098 3636 proptereainec
1128 3565 1257 3635 ipsis
1299 3561 1518 3619 omnino
1559 3561 1884 3636 credendum

301 3649 406 3704 est,
433 3642 531 3692 nisi
556 3656 617 3692 ea
641 3633 818 3692 dicant
847 3636 930 3691 vel
961 3633 1177 3698 faciant,
1205 3650 1327 3704 quae
1355 3633 1730 3704 convenientia
1758 3639 1888 3704 sunt

306 3701 617 3780 Scriptnris.
653 3708 754 3762 Vos
773 3723 901 3777 ergo
931 3701 1481 3780 nolite_ex_ire,__nolite
1499 3701 1884 3780 c_rede_re.uNon

301 3771 520 3834 mandat
547 3780 668 3841 illis,
701 3788 758 3831 ut
784 3771 858 3832 ne
869 3786 1060 3831 exeant
1079 3775 1146 3829 de
1165 3774 1436 3837 domibus,
1458 3773 1542 3826 vel
1561 3771 1882 3826 civitatibus.

300 3849 413 3905 Nec
444 3851 493 3904 in
520 3851 678 3904 demo
698 3849 864 3913 enim,
894 3856 985 3899 aut
1013 3849 1066 3899 in
1088 3845 1300 3900 civitate
1332 3841 1641 3913 sedentibus
1663 3842 1881 3913 sanctis,

301 3921 397 3974 ista
420 3921 640 3975 dicenda
660 3928 782 3972 sunt
803 3935 818 3971 :
842 3911 957 3981 sed,
977 3915 1148 3970 Nolite
1168 3914 1317 3968 exire
1338 3913 1406 3966 de
1424 3912 1601 3981 regula
1624 3911 1884 3972 veritatis,

298 4007 455 4059 quam
484 3991 674 4044 tradidi
702 3989 854 4040 vobis
878 4003 894 4059 _:
924 3986 1086 4040 nolite
1115 3985 1340 4059 credere
1367 4001 1380 4036 :
1405 3985 1525 4051 quia
1548 3983 1687 4035 sicut
1707 3981 1886 4059 fumus

299 4053 423 4116 ante
461 4063 635 4128 ignem
666 4057 916 4128 praecedit
939 4097 954 4121 ,
994 4065 1116 4109 ante
1155 4054 1432 4128 victoriam
1468 4065 1696 4128 pugna:
1728 4053 1805 4128 sic
1833 4058 1889 4102 et

300 4141 427 4184 ante
468 4119 691 4190 gloriam
721 4119 954 4190 Christi,
986 4125 1209 4178 teutatio
1239 4119 1572 4177 Antichristi.
1604 4120 1696 4190 27.
1739 4119 1888 4173 Sicut

300 4147 427 4184 ante
506 4147 691 4183 loriam
721 4147 916 4180 ωιΙ-Ιδιι
938 4167 954 4190 ,
986 4147 1209 4178 tentatur
1239 4147 1572 4177 nltucurisu.
1608 4147 1696 4173 zu.
1739 4147 1888 4173 uicus

299 4201 431 4254 enim
456 4147 633 4269 fulgur
651 4198 756 4269 exit
776 4197 839 4269 ab
870 4193 1167 4269 Oriente,__et
1189 4201 1330 4269 paret
1358 4208 1514 4269 usque
1537 4189 1888 4269 adﬂet-idem

301 4282 401 4324 tem
425 4261 557 4334 ,ἰιιῖ
589 4268 681 4321 erit
726 4266 970 4318 aduentus
1009 4262 1134 4316 Filii
1184 4261 1437 4334 hominis.
1467 4261 1801 4334 Manifestum
1835 4268 1890 4334 ct

303 4329 542 4395 velocem
571 4338 858 4391 adventum
886 4334 1083 4390 Christi
1109 4332 1396 4387 ostendere
1425 4333 1632 4394 volens,
1665 4329 1889 4399 fulguris

302 4409 698 4466 similitudinem
717 4405 1179 4461 introduxit.Sieut
1193 4405 1334 4458 enim
1351 4418 1469 4456 cum
1488 4400 1677 4456 exierit
1691 4402 1886 4469 lulgur,

304 4497 410 4535 non
435 4481 604 4535 solum
628 4479 834 4534 videtur
853 4478 920 4530 ab
944 4476 1264 4536 hominibus,
1287 4473 1380 4528 sed
1399 4472 1570 4526 adhuc
1596 4472 1886 4526 secundum

303 4553 612 4622 qualitatem
640 4550 860 4622 fulgoris
881 4549 960 4601 sui
985 4563 1090 4622 non
1113 4546 1272 4615 digne
1290 4545 1544 4614 aspicitur
1566 4559 1579 4596 :
1601 4543 1749 4622 sicet
1768 4556 1888 4622 cum

304 4618 511 4675 venerit
535 4618 776 4674 Christus
803 4659 819 4682 ,
852 4635 957 4672 non
1000 4618 1171 4670 solum
1202 4631 1323 4670 eum
1356 4628 1544 4668 oinnes
1588 4618 1845 4681 aSpicieut
1870 4651 1886 4678 ,

304 4691 398 4743 sed
427 4689 717 4742 secundum
750 4703 1051 4742 mensuram
1078 4687 1263 4756 gloria:
1299 4684 1415 4753 ejus
1441 4697 1612 4756 neque
1644 4693 1892 4756 poterunt

305 4775 428 4812 eum
465 4758 792 4811 sntlieientcr
831 4754 1101 4824 aspicere..—
1124 4758 1196 4810 Et
1229 4771 1332 4808 non
1378 4755 1552 4809 solum
1583 4754 1890 4821 magnitudo

306 4831 426 4896 ejus
447 4843 660 4880 omnem
689 4829 860 4879 locum
893 4825 1167 4893 implebit,
1199 4825 1293 4878 sed
1321 4825 1497 4878 adhuc
1523 4824 1890 4896 magnitudine

305 4893 422 4968 ejus
468 4898 685 4951 tlcliciet
709 4897 883 4948 omnis
913 4896 1100 4968 locus,
1128 4898 1274 4968 sicut
1293 4896 1548 4968 scriptum
1572 4893 1671 4968 est
1699 4893 1890 4968 tignis

304 4965 422 5022 ante
445 4970 610 5036 ipsum
631 4969 895 5038 pra'eetlet,
922 4976 968 5018 et
995 4965 1324 5034 inﬂammabit
1350 4966 1401 5017 in
1428 4965 1636 5038 circuitu
1661 4967 1890 5019 inimicos

305 5042 434 5108 ejus.
466 5035 998 5108 Aliud-eruntifulgura
1024 5039 1144 5108 ejus
1157 5039 1262 5088 orbi
1286 5046 1467 5098 terra;
1491 5035 1646 5097 uidit,
1676 5047 1720 5088 et
1749 5051 1888 5088 cont-

307 5106 442 5162 mota
465 5119 538 5162 est
563 5111 734 5176 terra(
763 5107 905 5161 Psal.
930 5108 1017 5160 96.
1041 5106 1094 5160 5.
1120 5106 1153 5159 ι
1174 5108 1214 5175 ).
1239 5109 1406 5173 Quem
1432 5115 1896 5176 ergopecoatores

307 5182 560 5235 videbunt
587 5219 606 5244 ,
654 5175 814 5233 etiam
857 5179 1096 5232 nolentes
1125 5193 1138 5229 :
1167 5175 1435 5246 quomodo
1481 5191 1585 5228 non
1637 5175 1892 5246 videbunt

305 5267 425 5305 eum
457 5251 622 5303 sancti
651 5248 1058 5303 desiderantes?
1088 5248 1148 5300 lit
1170 5245 1308 5299 sicut
1338 5247 1398 5299 in
1418 5245 1521 5298 ictu
1548 5246 1684 5298 oculi
1718 5245 1890 5314 lulgur

307 5324 557 5375 universa
590 5323 873 5390 pertransit
901 5360 916 5384 ,
943 5320 1020 5372 sic
1047 5329 1100 5372 et
1123 5317 1304 5390 Alf‘tiiils
1335 5317 1469 5390 Dei,
1517 5330 1622 5390 non
1671 5316 1889 5390 veniens

305 5392 503 5455 adhuc,
529 5387 622 5443 sed
654 5391 812 5444 etiam
845 5390 1056 5444 venisse
1087 5387 1369 5442 videbitur.
1393 5387 1448 5441 Si
1478 5387 1620 5439 enim
1649 5387 1727 5439 sol
1753 5426 1768 5452 ,
1796 5389 1886 5455 qui

305 5463 370 5515 ad
416 5462 768 5516 ministerium
816 5469 1052 5514 nostrum
1081 5467 1292 5512 creatus
1319 5465 1434 5523 est,
1478 5465 1678 5509 tantam
1728 5457 1890 5512 habet

307 5533 606 5594 splendoris
635 5531 906 5591 virtutem.
940 5539 998 5584 ut
1020 5531 1070 5583 in
1102 5543 1432 5598 quacumque
1457 5538 1605 5596 parte
1632 5528 1748 5581 ca'li
1772 5526 1888 5579 l'ne-

306 5607 411 5663 rit,
440 5605 634 5671 ubique
678 5610 931 5671 appareat
970 5601 1118 5670 quasi
1167 5615 1448 5671 praasens:
1476 5600 1886 5671 quantomagis

305 5673 395 5725 Sol
426 5667 1000 5743 spiri'tnalis'Cbristus,
1021 5685 1144 5743 cum
1165 5667 1385 5743 venerit,
1414 5669 1464 5743 in
1483 5678 1604 5743 toto
1625 5667 1887 5743 videbitur

309 5738 535 5811 mundo,
565 5746 733 5814 magis
759 5755 936 5806 autem
980 5742 1208 5798 mundus
1237 5742 1288 5795 in
1319 5755 1384 5796 co
1410 5738 1713 5795 videbitur?
1738 5742 1878 5808 Apo-

1443 293 1508 350 IN
1545 291 1977 352 ΠΑΤΤΗᾸΞΟΜ.
2021 294 2252 351 1103111..
2296 293 2479 354 XLII.

3457 299 3528 353 '9l
3542 302 3574 354 8

1983 408 2152 463 stolns
2167 418 2344 464 autem
2365 410 2440 463 ait
2466 426 2478 461 :
2507 407 2664 476 Quem
2679 409 2784 479 suis
2804 410 3109 479 temporibus
3134 409 3357 464 ostendet
3373 408 3570 470 beatus,

1983 479 2292 552 etisolushet
2321 488 2495 550 potem
2521 479 2613 552 l_l.
2646 478 2778 532 Tim.
2803 478 3002 552 6.15)
3030 501 3044 535 :
3078 496 3182 535 non
3211 480 3366 539 dixit.
3401 482 3572 552 Quem

1982 550 2180 622 mittet.
2205 548 2450 622 Christus
2475 549 2656 622 enim,
2689 565 2810 604 cum
2840 551 2909 604 sit
2934 548 3126 622 ubique
3150 591 3164 615 ,
3196 565 3301 622 non
3337 551 3480 622 venit
3507 554 3574 602 ab

1983 619 2099 690 loco
2118 619 2184 674 ad
2213 619 2532 690 locntn,_sed
2557 620 2752 688 ubique
2777 619 3093 682 ostenditur,
3127 621 3216 690 qui
3237 630 3352 675 erat
3372 620 3574 675 celatus

1983 689 2196 757 ubique.
2244 690 2334 744 28.
2389 688 2486 742 Ubi
2511 690 2664 760 fuerit
2711 707 2932 757 corpus,
2988 692 3094 744 illic
3137 688 3574 760 congregabantur

1980 761 2184 828 aquilae.
2229 760 2302 814 De
2339 759 2636 813 vulturibus
2687 761 2830 814 enim
2875 761 3004 814 dicit
3041 759 3396 825 Scriptura’in
3421 759 3525 814 Job
3556 802 3572 826 ,

1983 832 2234 900 quoniam
2280 829 2599 900 ubicumque
2628 829 2788 883 fuerit
2825 845 3019 900 corpus
3042 873 3056 896 ,
3103 831 3211 885 illic
3238 831 3577 885 invenientur

1982 899 2252 971 vulturum
2284 899 2408 971 pulli
2459 899 2602 971 (Job
2628 900 2718 955 59.
2750 900 2887 971 50).
2920 899 3028 954 lloc
3059 901 3202 956 enim
3233 901 3471 955 naturale
3492 911 3576 956 est

1987 970 2280 1035 vulturum,
2309 970 2440 1023 sicut
2471 970 2655 1024 dicunt
2680 970 2917 1040 quidam,
2944 981 3000 1025 ut
3026 973 3188 1027 etiam
3217 971 3569 1026 transmarina

1981 1041 2241 1096 cadavera
2283 1040 2835 1111 sentiantaQnoniam
2881 1057 3010 1111 ergo
3057 1051 3239 1111 turpes
3283 1056 3416 1096 aves
3450 1050 3574 1094 sunt

1981 1111 2218 1164 vultures
2247 1150 2262 1174 ,
2309 1109 2428 1181 ideo
2476 1110 2760 1164 vulturinis
2804 1109 3018 1181 quidem
3077 1109 3320 1166 moribus
3363 1111 3564 1179 aptavit

1983 1182 2196 1234 nomina
2221 1179 2550 1248 aquilarum,
2581 1189 2635 1251 ut
2666 1181 2717 1234 in
2750 1179 2986 1235 muribus
3017 1182 3230 1251 quidem
3263 1181 3573 1245 vulturum,

1981 1261 2285 1306 sanctorum
2329 1249 2670 1319 congregatio
2709 1249 3118 1305 ostendatur‘ad
3144 1253 3341 1306 Christi
3369 1251 3571 1305 adven-

1984 1330 2092 1374 tum
2117 1362 2132 1386 ,
2164 1321 2214 1375 in
2253 1319 2445 1392 aquilis
2470 1330 2658 1392 autem
2690 1319 2956 1392 regalibus
2983 1363 2998 1384 ,
3042 1323 3236 1392 regalis
3263 1331 3570 1375 sanctorum

1982 1392 2216 1460 dignitas
2241 1388 2730 1460 ostendaturJdeo
2755 1390 2898 1444 enim
2923 1388 3316 1460 sancti'aqnilis
3357 1393 3571 1445 assimi-

1983 1458 2180 1524 lantur,
2208 1461 2329 1530 quia
2357 1460 2496 1514 sicut
2527 1458 2618 1513 lilii
2639 1460 3030 1530 aquilarumiad
3057 1458 3224 1514 solein
3255 1462 3566 1530 probantur,

1985 1542 2041 1585 ut
2067 1529 2330 1600 siquidem
2357 1540 2505 1600 reeto
2533 1542 2753 1596 aspectu
2779 1529 3054 1585 intendere
3084 1529 3353 1599 potuerint
3385 1543 3568 1585 contra

1982 1599 2158 1656 radios
2183 1600 2334 1666 solis,
2366 1599 2724 1667 intelligantur
2749 1615 2868 1654 esse
2896 1601 3114 1669 legitimi
3148 1617 3163 1664 ;
3192 1600 3237 1655 si
3261 1611 3436 1655 autem
3463 1616 3568 1658 non

1984 1672 2292 1741 potuerint,
2338 1680 2734 1741 cognoscantur
2773 1670 3101 1724 adulterini:
3133 1672 3212 1725 sic
3253 1681 3307 1726 et
3339 1671 3428 1724 lilii
3479 1671 3570 1724 Dei

1983 1740 2050 1796 ad
2105 1741 2302 1796 Christi
2338 1740 2598 1809 justitiam
2629 1741 3087 1808 comprobantur:
3118 1741 3163 1794 si
3211 1741 3353 1795 cnim
3385 1749 3570 1809 potue-

1985 1815 2093 1866 rint
2135 1813 2294 1880 pleno
2342 1809 2764 1880 cordejustitia:
2802 1810 2963 1864 verba
3015 1811 3320 1879 suscipere,
3373 1812 3572 1864 intelli-

1983 1879 2176 1952 guutur
2214 1896 2334 1937 esse
2384 1879 2638 1952 legitimi;
2669 1880 2714 1933 si
2760 1890 2936 1934 autem
2961 1896 3102 1952 non
3121 1882 3388 1952 potuerint
3416 1922 3431 1943 ,
3474 1896 3572 1935 co-

1983 1950 2310 2020 gnoscuntur
2337 1951 2406 2006 de
2445 1950 2666 2004 diabolo
2695 1965 2815 2006 esse
2865 1951 2994 2004 nati.
3044 1950 3136 2005 29.
3171 1951 3359 2005 Statim
3397 1959 3568 2003 autem

1983 2033 2096 2092 post
2145 2022 2521 2076 tribulationem
2572 2021 2778 2092 dierum
2821 2020 3024 2074 illorum
3067 2022 3144 2075 sol
3174 2022 3568 2092 _obscurabitur,

1985 2090 2031 2146 et
2079 2099 2202 2147 tuna
2250 2109 2351 2146 non
2384 2091 2522 2145 dabit
2562 2090 2732 2144 lumen
2779 2107 2948 2157 suum,
2995 2101 3042 2144 et
3087 2090 3246 2146 stella:
3283 2091 3463 2144 cadent
3507 2092 3570 2144 de

1982 2164 2127 2217 celo.
2161 2162 2544 2218 Patrelamilias
2592 2161 2858 2218 moriente
2880 2202 2896 2225 ,
2936 2171 3044 2216 tota
3073 2160 3264 2216 donius
3289 2162 3408 2228 ejus
3452 2171 3568 2214 tur-

1985 2232 2160 2298 batur,
2183 2233 2360 2286 omnis
2383 2230 2576 2286 familia
2602 2230 2819 2300 plangit,
2844 2242 2897 2285 et
2917 2231 3202 2286 conscissis
3223 2233 3413 2286 tunicis
3433 2232 3566 2297 suis,

1988 2304 2154 2373 nigris
2203 2317 2263 2356 se
2317 2302 2630 2372 cooperiunt
2695 2302 3027 2373 vestimentis
3061 2303 3186 2373 :rsic
3231 2310 3286 2355 ct
3333 2301 3567 2373 humano

1983 2370 2180 2442 genere
2207 2413 2224 2438 ,
2253 2370 2466 2442 propter
2509 2373 2648 2439 quod
2700 2370 2910 2425 fuerant
2949 2372 3125 2426 omnia
3168 2379 3386 2435 creata,
3429 2372 3569 2426 circa

1983 2445 2185 2498 exitum
2204 2447 2511 2506 constituto,
2533 2450 2670 2497 totus
2690 2445 3034 2497 contristatur
3053 2443 3300 2504 mundus,
3326 2442 3569 2496 universa

1987 2516 2100 2568 caili
2151 2514 2447 2568 ministeria
2495 2512 2715 2582 lugent,
2765 2522 2820 2566 et
2857 2513 3092 2567 candore
3138 2510 3445 2582 deposito,
3477 2529 3570 2582 pro

1988 2583 2223 2639 vestibus
2265 2583 2518 2638 luctuosis
2561 2581 2801 2638 tenebris
2835 2583 3148 2638 vestientur.
3176 2582 3309 2636 Nam
3351 2581 3446 2637 Sol
3474 2581 3566 2634 ob-

1986 2654 2289 2720 scurabitur,
2317 2664 2364 2706 et
2389 2654 2511 2707 luna
2539 2671 2639 2708 non
2663 2653 2800 2707 dabit
2828 2653 2996 2707 lumen
3023 2655 3170 2706 suum
3193 2668 3212 2706 :
3237 2661 3329 2706 aut
3356 2660 3572 2721 propter

1989 2724 2259 2794 indignam
2307 2726 2766 2793 persequutionem
2805 2733 3122 2794 sanctorum,
3160 2723 3403 2778 dolentes
3431 2762 3446 2786 ,
3477 2731 3570 2774 ant

1987 2793 2150 2863 super
2201 2795 2483 2862 impiorum
2534 2795 2762 2863 pessima
2817 2808 2980 2863 opera
3040 2793 3421 2864 indignantes,
3476 2801 3567 2843 aut

1989 2864 2332 2919 novissimam
2387 2865 2438 2918 in
2482 2866 2562 2920 eis
2606 2865 2700 2919 Dei
2744 2864 3072 2918 iracundiam
3120 2863 3569 2926 demonstrantes,

1992 2943 2049 2988 ut
2101 2934 2274 2988 adhuc
2321 2934 2622 2990 viventibus
2688 2935 2864 3003 impiis
2926 2949 3088 3003 super
3151 2943 3393 2998 terram,
3458 2933 3570 3000 jam

1992 3014 2178 3074 gustus
2204 3003 2360 3058 detur
2386 3005 2725 3060 inl'ernalium
2769 3005 3126 3059 tenebrarum.
3158 3004 3282 3058 Sive
3309 3003 3430 3067 hoc,
3459 3003 3572 3056 sive

1991 3073 2080 3128 illo
2101 3074 2280 3140 modo,
2301 3075 2494 3130 merito
2515 3091 2617 3129 nox
2641 3077 3000 3130 interveniens
3021 3075 3159 3129 inter
3173 3074 3315 3128 diem
3337 3083 3386 3127 et
3405 3073 3570 3136 diem,

1991 3146 2262 3214 praedicet,
2291 3146 2416 3216 quia
2435 3157 2551 3216 post
2574 3145 2839 3200 modicum
2860 3159 2997 3216 nova
3023 3143 3139 3216 dies
3163 3143 3573 3216 resurrectionis

1991 3213 2074 3269 est
2094 3213 2382 3270 nascituta.
2409 3213 2686 3270 Dividetur
2703 3216 2867 3280 enim,
2888 3230 2954 3269 ne
2977 3215 3128 3269 istius
3154 3214 3331 3269 Steculi
3351 3223 3406 3267 et
3431 3213 3573 3266 illius

1991 3300 2094 3338 una
2124 3286 2364 3340 videatur
2389 3301 2508 3340 esse
2539 3296 2744 3340 natura.
2777 3285 2926 3340 Sicut
2951 3286 3093 3339 enim
3124 3283 3308 3339 omnes
3330 3283 3571 3338 carnales

1990 3355 2268 3426 morimur,
2297 3364 2354 3409 ut
2382 3357 2684 3425 spirituales
2712 3371 2990 3426 surgamus
3019 3372 3034 3408 :
3063 3354 3141 3409 sic
3165 3365 3219 3408 et
3240 3355 3330 3409 illa
3348 3353 3462 3408 dies
3485 3361 3568 3408 te-

1991 3425 2173 3496 nebris
2228 3426 2561 3481 interciditur
2610 3429 2756 3496 quasi
2805 3425 3034 3496 quadam
3089 3435 3281 3496 morte,
3335 3433 3393 3496 ut
3437 3438 3572 3496 nova

1991 3495 2183 3550 iterum
2215 3505 2546 3550 renascatur.
2576 3493 2684 3550 Aut
2702 3493 2848 3550 certe
2874 3499 2993 3565 quia
3013 3495 3357 3566 spiritualiter
3383 3493 3574 3566 iniqui-

1993 3575 2074 3620 tas
2112 3580 2214 3620 nox
2240 3566 2568 3636 intelligitur,
2594 3567 2797 3634 justitia
2823 3578 3000 3636 autem
3031 3565 3166 3622 dies.
3202 3565 3277 3620 Ex
3303 3565 3575 3636 nativitate

1989 3645 2169 3689 autem
2197 3636 2393 3690 Christi
2413 3633 2510 3691 lux
2542 3633 2655 3690 orta
2682 3647 2786 3701 est,
2813 3635 3026 3692 dicente
3053 3637 3307 3706 propheta
3332 3653 3348 3690 :
3488 3650 3572 3706 tta-

1989 3721 2194 3772 sperum
2245 3707 2586 3760 demorabitur
2636 3709 2806 3772 fletus,
2845 3716 2892 3759 et
2935 3707 3003 3758 ad
3047 3704 3346 3759 matutinum
3400 3704 3576 3758 lwtitia

1991 3774 2166 3842 (Psal.
2189 3776 2280 3828 29.
2303 3777 2382 3844 6).
2412 3777 2564 3828 Mane
2589 3774 2786 3830 Christi
2818 3786 3025 3844 tempus
3049 3787 3287 3828 vocatur.
3315 3775 3439 3828 lltcc
3457 3775 3572 3827 dies

1985 3844 2206 3912 justitia:
2236 3845 2289 3897 iu
2333 3847 2476 3898 exitu
2507 3845 2689 3898 mumli
2735 3845 2933 3907 linitur,
2965 3845 3296 3913 iniquitatum
3328 3854 3383 3898 ct
3423 3857 3574 3897 erro-

1993 3929 2110 3966 rum
2142 3913 2374 3968 tenebris
2406 3915 2707 3968 obscurata.
2739 3915 2812 3968 De
2837 3930 2940 3982 qua
2981 3923 3035 3968 et
3067 3915 3317 3967 Dominus
3345 3913 3410 3967 ad
3439 3928 3571 3982 apo-

1991 3986 2158 4037 stolos
2197 3983 2361 4036 dicit:
2393 3983 2659 4036 Antbulate
2685 3984 2802 4037 dum
2840 3987 3006 4037 lumen
3053 3984 3262 4047 habetis,
3291 4000 3352 4038 ne
3374 4000 3460 4036 vos
3503 3995 3575 4036 te-

1992 4054 2163 4124 nebrte
2183 4054 2607 4123 comprehendunt
2637 4053 2814 4124 (Joan.
2839 4053 2926 4124 ιε.
2956 4055 3068 4123 55).
3091 4054 3186 4108 Sol
3205 4054 3570 4119 abst-arabitur,

1994 4123 2044 4177 id
2086 4133 2188 4186 est,
2221 4123 2854 4180 uotitia-Cbristisilebit.
2900 4123 3047 4177 Luna
3087 4140 3187 4177 non
3228 4124 3365 4177 dabit
3407 4127 3573 4177 lumen

1993 4210 2159 4257 suum,
2190 4194 2239 4248 id
2271 4203 2370 4257 est,
2409 4193 2646 4249 Ecclesia
2671 4195 2965 4250 sanctitatis
3005 4211 3113 4248 suae
3138 4194 3435 4249 claritatem
3467 4210 3572 4248 non

1993 4263 2397 4318 demonstrabit.
2447 4264 2624 4319 Stellae
2667 4265 2847 4318 cadent
2890 4265 2953 4318 de
2996 4268 3138 4328 ctelo,
3168 4266 3219 4319 id
3247 4276 3349 4329 est,
3374 4266 3464 4333 qui
3493 4266 3573 4317 vi-

1993 4333 2185 4387 dentur
2226 4337 2394 4404 sancti
2424 4335 2899 4404 transgredieutur,
2928 4346 2982 4389 et
3008 4337 3201 4390 cadent
3229 4335 3296 4389 de
3319 4336 3577 4403 dignitate

1993 4403 2375 4474 ea:lesti._l\'am
2422 4404 2562 4474 quod
2580 4403 2666 4459 ’dc
2691 4403 2903 4458 diabolo
2928 4406 3125 4458 dictant
3173 4415 3274 4469 est,
3311 4408 3577 4474 Quomodo

1993 4474 2171 4546 cecidit
2198 4471 2402 4546 Lucifer
2434 4471 2496 4527 de
2530 4475 2674 4540 caelo,
2706 4477 2792 4544 qui
2819 4491 2964 4529 mane
3000 4476 3250 4530 oriebatur
3295 4473 3448 4546 (lsai.
3486 4478 3573 4530 14.

1995 4543 2130 4610 l2)?
2173 4547 2251 4598 sic
2302 4543 2724 4614 interpretantur
2745 4546 2991 4614 apostoli,
3020 4547 3100 4600 vel
3153 4543 3342 4610 sancti,
3372 4561 3477 4599 non
3510 4549 3574 4600 de

1993 4615 2273 4686 altitudine
2299 4617 2414 4686 eteli
2444 4614 2510 4668 ad
2558 4625 2776 4682 terram,
2807 4615 2898 4670 sed
2946 4617 3013 4670 de
3041 4618 3278 4686 angelica
3319 4616 3576 4686 dignitate

1993 4684 2060 4737 ad
2116 4685 2456 4753 ignominiam
2489 4686 2847 4740 tenebrarum.

1997 4757 2452 4826 transgredientnr
2479 4756 2927 4819 Christianorum,
2958 4758 3221 4826 signiﬁcat
3261 4757 3476 4826 Daniel:
3510 4754 3575 4807 lit

1995 4825 2058 4876 de
2084 4827 2320 4890 eruditis,
2344 4827 2532 4897 inquit,
2564 4827 2744 4880 cadent
2771 4828 2916 4879 multi
2963 4824 3122 4894 (Dan.
3172 4828 3256 4881 11.
3282 4828 3397 4895 55).
3426 4824 3577 4881 Sicut

1994 4911 2122 4963 ergo
2153 4904 2439 4965 tempestas
2464 4900 2686 4952 suscitat
2728 4898 2926 4963 nubila,
2957 4898 3134 4952 nubila
3158 4909 3336 4952 autem
3375 4912 3573 4965 coepe-

1995 4967 2137 5020 riunt
2181 4967 2396 5020 solem:
2449 4970 2526 5022 sic
2579 4968 2860 5035 impiorum
2921 4971 3260 5036 persequutio
3299 4967 3576 5022 suscitabit

1981 5037 2494 5105 transgressionem,
2549 5037 2901 5105 transgressio
2943 5048 3123 5092 autem
3161 5039 3576 5092 Christianitatis

1994 5106 2296 5178 obscurabit
2346 5108 2658 5162 candorem.
2714 5107 2863 5162 [inde
2917 5112 3171 5178 propheta
3222 5110 3350 5164 dicit
3389 5113 3438 5163 in
3468 5109 3576 5162 alio

1995 5176 2110 5251 loco
2130 5177 2266 5251 :Sol
2287 5188 2602 5251 concedetur
2627 5179 2701 5251 in_
2705 5176 2950 5251 tenebras,
2973 5176 3024 5232 et
3048 5181 3171 5233 litua
3196 5179 3247 5233 in
3277 5181 3574 5251 sanguinem

1999 5248 2016 5313 (
2041 5245 2157 5300 Joel
2183 5247 2248 5301 2..
2285 5248 2374 5316 51)
2400 5266 2413 5301 :
2447 5249 2497 5301 id
2528 5257 2628 5311 est,
2664 5248 2921 5311 Ecclesia,
2948 5260 3038 5303 aut
3067 5260 3282 5320 propter
3305 5245 3572 5306 asiiduam

1993 5319 2667 5390 occisionemsanctorum,
2690 5329 2782 5390 aut
2807 5320 2929 5388 quia
2953 5322 3050 5390 ipsi
3070 5319 3362 5390 Christiani
3388 5329 3572 5390 contra

1988 5386 2248 5460 justitiam
2275 5388 2687 5443 Christianitatis
2715 5386 2852 5444 inter
2891 5386 3097 5460 seipsos
3125 5389 3363 5446 furentes
3402 5389 3570 5444 bell..-

1995 5457 2286 5530 bunt.lloc
2321 5470 2374 5513 et
2404 5461 2446 5513 si
2475 5460 2542 5513 de
2572 5471 2812 5526 tempore
2855 5457 3075 5516 haeresis
3121 5462 3278 5530 hujus
3319 5461 3572 5530 scriptum

1993 5528 2336 5600 intelligatur,
2363 5531 2748 5600 expositionem
2789 5530 2946 5586 habet
2972 5528 3572 5600 convenientem:er-

1993 5543 2336 5652 intetngatur,
2363 5543 2748 5600 expositionem
2789 5543 2946 5586 habet
2972 5543 3397 5586 convenientem.
3426 5543 3572 5595 uno-

1993 5598 2152 5680 inodo
2236 5599 2314 5653 Ex
2343 5615 2450 5670 quo
2477 5601 2715 5680 obtinuit
2745 5601 2963 5680 liajresis
2994 5604 3364 5680 ista-sanctum
3391 5598 3574 5680 Eccle-

1991 5669 2085 5740 siae
2109 5669 2310 5740 locum,
2350 5669 2499 5740 quasi
2541 5670 2865 5726 abominatio
2903 5670 3268 5734 desolatiouis,
3317 5677 3372 5724 et
3414 5670 3574 5722 Anti-

1992 5739 2188 5796 Christi
2219 5739 2483 5799 exercitus
2527 5743 2833 5812 constituta,
2865 5741 3058 5798 Christi
3099 5741 3226 5796 solis
3265 5740 3461 5796 veritas
3487 5748 3570 5794 est

2875 4685 3153 4754 Quomodo
3196 4696 3374 4740 autem
3425 4685 3581 4739 mulli
3632 4716 3670 4729 κ
