4050 6200
437 177 542 232 99.5

439 295 602 361 ,Iirutvit
631 291 726 346 sibi
751 291 991 361 domum,
1021 284 1314 361 etjujulsit
1338 285 1790 361 columnis_se_p_tem
1817 285 1836 353 (
1858 283 2006 338 Prov.

437 356 489 419 9.
517 365 572 432 1)
607 381 620 416 :
651 371 708 417 et
743 361 856 428 ipse
879 358 970 427 qui
997 357 1226 432 sulfulsit
1245 397 1260 416 .
1291 367 1532 432 octavus.
1553 356 1894 432 __Subitaneus
1919 369 2016 432 au-

437 425 565 498 tem,
613 448 722 487 non
761 425 1216 489 ante‘iiuntiatus,
1252 434 1364 481 sive
1405 426 1474 480 ab
1515 427 1625 482 ullo
1666 426 1918 498 creditus.
1953 425 2019 478 Et

433 495 561 572 quid
605 503 794 572 mirum
819 541 835 564 ,
871 499 915 552 si
955 497 1250 572 periturum
1291 498 1545 552 mundum
1583 495 1804 572 audiunt
1832 505 2017 572 etnon

433 566 695 628 eredunt?
743 569 884 624 Ecce
931 567 1218 621 morituros
1257 583 1318 622 se
1360 584 1479 622 esse
1521 569 1762 636 quotidie
1795 566 2020 620 audiunt

439 644 704 704 homines,
727 639 964 710 quotidie
987 638 1393 710 alioskmortuos
1414 638 1614 710 vident.
1637 647 1690 691 et
1712 648 1886 691 tamen
1909 649 2016 710 nou

437 715 664 768 credunt
688 707 758 766 se
776 712 1082 763 morituros.
1113 707 1166 763 Si
1194 719 1370 763 autem
1398 723 1456 762 se.
1479 708 1763 764 crederent
1787 707 2016 760 moritu-

435 801 524 838 ros
545 826 560 847 ,
593 799 698 838 non
739 782 976 835 facerent
1003 793 1064 833 ea
1097 793 1194 846 pro
1221 779 1411 848 quibus
1452 779 1782 842 moriuntur,
1815 777 1866 831 id
1895 785 2012 839 est,

436 863 609 909 morte
633 854 788 923 digna
817 866 920 923 non
951 849 1205 923 facerent.
1246 851 1300 904 Si
1327 865 1456 923 ergo
1480 849 1606 903 illud
1626 889 1642 913 ,
1669 849 1809 919 quod
1835 848 2015 918 qu0ti-

433 924 522 979 die
556 925 669 979 lieri
692 919 874 976 vident
904 921 956 974 in
981 919 1126 980 aliis.
1159 920 1226 973 de
1255 935 1312 973 se
1343 920 1573 973 futurum
1609 935 1730 973 esse
1763 933 1866 972 non
1891 931 2013 971 cre-

431 1006 565 1049 euut
586 1035 601 1058 ,
629 994 898 1064 quomodo
941 989 1070 1044 illud
1094 991 1333 1064 _cret_len_t
1370 990 1602 1064 futurum
1625 1029 1640 1053 ,
1672 989 1810 1064 quod
1837 986 2014 1041 adlmc

435 1060 722 1134 numquam
765 1062 958 1116 factum
1000 1061 1115 1134 est?
1161 1062 1247 1134 ιε.
1291 1060 1431 1114 Tunc
1463 1061 1566 1134 du_o
1603 1061 1826 1134 eruntin
1851 1073 2010 1134 agro;

431 1152 564 1188 unus
582 1129 889 1196 assentetur,
914 1141 962 1184 et
986 1133 1116 1185 alter
1139 1131 1465 1201 relinquetur.
1487 1129 1714 1184 Estimo
1741 1129 2008 1201 neminem

430 1205 676 1261 dubitare
721 1213 993 1259 sensatum
1013 1241 1029 1266 ,
1071 1201 1186 1256 haec
1226 1199 1487 1271 pra-cipue
1517 1201 1567 1254 in
1599 1199 1864 1271 parabolis
1890 1212 2012 1271 esse

429 1276 592 1340 dicta,
621 1285 672 1332 et
711 1273 1060 1344 spiritualitcr
1093 1286 1154 1327 ea
1191 1269 1409 1344 intelligi
1439 1281 1710 1344 oportere.
1740 1270 1810 1344 Et
1838 1269 2008 1344 prima

428 1345 641 1414 quidem
673 1341 920 1415 parabola
949 1344 1116 1415 posita
1144 1341 1329 1415 estde
1367 1341 1707 1415 popularibus
1731 1341 1885 1415 justis
1905 1347 2010 1415 ,_et

429 1409 816 1485 peccatoribus.
855 1409 1098 1469 Secunda
1124 1413 1191 1467 de
1221 1409 1528 1485 ductoribus
1566 1413 1665 1480 piis
1703 1421 1757 1464 et
1795 1409 2004 1485 impiis,

427 1478 640 1555 quando
661 1499 846 1539 omnes
876 1485 1121 1555 homines
1156 1491 1247 1536 aut
1287 1478 1577 1555 discentes
1601 1491 1746 1555 sunt,
1785 1478 2010 1555 τευιῇάο-

428 1549 632 1612 eentes.
667 1557 732 1611 Et
753 1556 923 1610 Lucas
948 1553 1162 1623 quidem
1188 1552 1508 1623 evangelista
1539 1552 1757 1620 exponit
1783 1550 1850 1604 de
1871 1549 2008 1602 duo-

428 1627 526 1680 bus
553 1629 604 1681 in
631 1627 789 1689 lectu,
813 1634 867 1679 et
894 1622 1193 1679 de’duubus
1221 1622 1288 1676 ad
1311 1625 1505 1676 molam
1531 1639 1545 1673 :
1567 1636 1802 1692 praesens
1829 1627 2007 1692 autem

428 1695 712 1752 Mattlneus
730 1697 798 1752 de
818 1695 1024 1750 duobus
1050 1695 1102 1748 in
1126 1707 1274 1759 agro,
1297 1703 1352 1747 et
1374 1693 1440 1747 de
1460 1690 1667 1747 duobus
1690 1690 1755 1746 ad
1788 1690 2005 1753 mulam,

428 1764 529 1820 Ubi
557 1767 696 1821 enim
727 1767 895 1821 Lucas
946 1764 1099 1834 (Cap.
1124 1765 1212 1817 17.
1241 1779 1289 1817 υ.
1319 1763 1418 1834 54)
1451 1764 1627 1832 posuit
1651 1762 1756 1816 duo
1785 1761 2006 1834 iniecto

428 1837 498 1890 ibi
530 1836 808 1891 .‘llatthmus
839 1836 1014 1906 posuit
1047 1832 1161 1888 duo
1188 1834 1238 1888 in
1265 1832 1412 1903 agro.
1461 1834 1538 1888 Ex
1577 1849 1690 1906 quo
1711 1832 2005 1900 intelligere

426 1908 579 1960 nobis
601 1909 775 1972 datur,
807 1905 1056 1976 quoniam
1085 1906 1276 1960 lectum
1299 1916 1354 1959 et
1374 1920 1560 1973 agrum
1590 1905 1750 1976 ambo
1773 1917 2004 1976 evange-
2025 1909 2047 1929 ο

425 1978 560 2030 lislat:
592 1977 641 2031 id
675 1972 844 2048 ipsum
883 1976 1178 2048 intelligere
1203 1972 1487 2048 voluerunt
1513 1991 1528 2030 :
1560 1975 1808 2048 quoniam
1831 1975 1920 2043 qui
1949 1972 2001 2048 in

423 2063 648 2116 corpore
678 2045 824 2108 sunt,
865 2057 918 2100 et
959 2047 1010 2100 in
1051 2045 1257 2116 mundo,
1297 2055 1462 2116 sunt:
1495 2053 1548 2099 et
1574 2045 1673 2116 _qui
1716 2045 1766 2116 iu
1805 2045 2004 2116 mundo

424 2113 565 2180 sunt,
601 2119 652 2172 in
682 2132 906 2186 corpore
929 2125 1073 2171 sunt.
1105 2115 1331 2170 Mundus
1349 2115 1492 2186 enim
1515 2113 1645 2169 nihil
1671 2115 2002 2186 aliud‘intel-

423 2187 636 2257 ligitur,
683 2184 790 2241 nisi
827 2187 1023 2250 humo;
1071 2197 1288 2257 propter
1311 2185 1452 2256 quod
1487 2201 1668 2257 agrum
1711 2184 2004 2254 intelligere

421 2256 670 2313 convenit
691 2260 945 2312 mundum
977 2258 1148 2322 liuuc,
1175 2256 1313 2311 sicut
1341 2257 1594 2310 Dominus
1624 2256 2003 2324 interpretatus

421 2339 503 2400 est
529 2343 686 2400 supra
715 2330 764 2382 in
789 2329 1034 2400 parabola
1057 2327 1378 2400 zizaniorum
1401 2328 1780 2400 seminatorum
1801 2327 1851 2400 in
1874 2340 2002 2400 agro

423 2395 635 2468 (illattti.
669 2401 755 2453 15.
790 2395 903 2468 38).
936 2401 1046 2452 Duo
1075 2413 1203 2468 ergo
1233 2397 1286 2452 in
1310 2413 1472 2467 agro,
1501 2413 1684 2468 omnes
1711 2395 2000 2468 Christiani

423 2465 478 2522 in
508 2470 708 2523 mundo
737 2465 973 2524 viventes
996 2465 1206 2533 eodem,
1236 2465 1549 2524 non—tamen
1581 2467 1765 2521 iisdem
1793 2465 2001 2519 actibus

419 2550 817 2594 conversantes.
846 2541 910 2594 Et
929 2540 1057 2608 justi
1077 2539 1289 2609 quidem
1311 2548 1666 2602 assumentur,
1692 2547 2000 2609 peccatores

423 2621 601 2664 autem
627 2607 1306 2680 tlerelinque’ntur.‘Omncs
1327 2609 1450 2677 justi
1480 2611 1532 2662 in
1563 2607 1908 2680 uno_homiue
1935 2608 1999 2660 fi-

420 2691 694 2746 gurantur,
714 2690 770 2735 et
790 2677 976 2735 omnes
1001 2691 1307 2748 peccatores
1328 2683 1377 2733 in
1408 2695 1531 2733 uno.
1549 2681 1636 2733 41.
1662 2677 1790 2732 Dure
1805 2677 1996 2731 molen-

423 2763 495 2804 ιη
523 2753 590 2803 ad
612 2753 830 2814 molam;
864 2767 966 2804 una
990 2761 1290 2814 assumetur,
1316 2761 1363 2802 et
1388 2767 1488 2802 una
1514 2751 1841 2816 relinquetur.
1868 2749 1998 2814 Quae

421 2831 545 2875 sunt
566 2822 679 2876 ista:
695 2823 946 2876 mulieres
967 2821 1271 2876 moleutes?
1301 2821 1453 2882 Puto,
1481 2815 1749 2883 Ecclesiae,
1773 2815 1994 2889 quarum

421 2907 524 2944 una
571 2902 691 2956 est,
735 2893 802 2947 de
843 2908 947 2963 qua
997 2891 1416 2963 Domiuusdicit
1446 2907 1460 2944 :
1489 2891 1669 2963 Simile
1692 2901 1770 2963 est
1789 2905 1998 2963 regnum

419 2963 655 3035 (telorum
676 2961 938 3035 fermento,
957 2961 1371 3035 quadraecipiens
1387 2961 1572 3035 mulier
1595 2961 1793 3035 miscuit
1821 2961 1873 3012 in
1889 2962 1996 3035 Atri-

421 3032 510 3086 (ms
539 3031 769 3105 [ﬁnienti
805 3031 1048 3088 mensuris
1089 3031 1320 3105 (Matth.
1351 3032 1437 3086 15.
1472 3032 1594 3103 55).
1639 3031 1785 3087 Sicut
1813 3031 1955 3086 enim
1978 3071 1993 3094 ,

419 3103 659 3172 quamvis
685 3106 832 3158 multi
860 3105 966 3159 sint
987 3103 1150 3174 justi,
1189 3113 1242 3157 et
1282 3115 1588 3172 peccatores
1608 3144 1622 3165 ,
1653 3112 1827 3157 tamen
1859 3116 1995 3172 quo-

420 3175 560 3227 niam
602 3176 838 3230 omnium
875 3177 992 3228 dua:
1021 3183 1144 3229 sunt
1172 3184 1350 3242 partes
1371 3212 1388 3236 ,
1421 3175 1470 3226 in
1500 3174 1703 3226 duabus
1729 3182 1996 3240 ponuntur

421 3246 662 3311 personis
689 3262 704 3301 ;
728 3247 805 3301 sic
843 3255 898 3299 et
935 3244 1192 3300 Ecclesia:
1233 3245 1492 3298 Incresum
1532 3244 1774 3312 quamvis
1811 3244 1994 3298 multa:

419 3315 546 3375 sint,
579 3326 752 3369 tamen
781 3317 1017 3368 omnium
1059 3316 1320 3368 bteresum
1369 3331 1470 3367 uua
1513 3313 1747 3368 Ecclesia
1777 3313 1990 3377 dicitur,

419 3395 474 3437 et
504 3400 604 3438 una
637 3386 1078 3438 Christianorum.
1123 3383 1234 3438 Una
1256 3399 1402 3452 ergo
1449 3384 1640 3438 mulier
1677 3383 1882 3436 molens
1909 3394 1994 3438 est

316 3495 327 3511 .
422 3453 654 3508 Ecclesia
679 3455 896 3509 Christi.
923 3453 1056 3508 Mola
1086 3451 1640 3514 cstorbis’terrarum,
1672 3462 1886 3521 propter
1907 3469 1996 3506 ro-

420 3525 731 3577 tunditatem
754 3539 924 3585 suam,
947 3525 1084 3576 sicut
1104 3523 1356 3588 scriptum
1385 3531 1468 3576 est
1493 3524 1559 3576 de
1585 3539 1648 3577 ea
1672 3539 1685 3573 :
1725 3522 1836 3576 Vox
1863 3524 1995 3575 toni-

420 3596 520 3646 trai
546 3595 618 3646 tui
640 3595 691 3646 in
720 3604 832 3646 rota
863 3593 1030 3663 (Psal.
1059 3593 1146 3646 76.
1173 3593 1282 3663 19).
1314 3592 1473 3659 Lapis
1501 3593 1744 3660 superior
1768 3602 1850 3647 est
1874 3609 1995 3646 ver-

423 3666 545 3717 bum
578 3665 834 3730 veritatis,
877 3663 1017 3734 quod
1061 3663 1338 3717 descendit
1383 3664 1451 3718 de
1493 3665 1644 3726 czelo,
1681 3674 1734 3717 ut
1779 3673 1990 3718 terrena

420 3735 596 3791 omnia
621 3735 1024 3803 complectatur,
1054 3743 1109 3788 et
1138 3741 1376 3804 protegat
1404 3735 1582 3793 simul,
1612 3745 1666 3788 et
1693 3743 1917 3802 premat.
1940 3745 1994 3789 ct

422 3805 585 3858 molat
623 3823 637 3858 :
682 3807 877 3860 dicitur
922 3815 1099 3858 autem
1144 3805 1276 3873 lapis
1302 3846 1318 3867 ,
1366 3813 1583 3873 propter
1633 3805 1994 3858 fortitudinem

418 3891 591 3930 suam.
623 3875 901 3931 Subteriur
924 3885 1099 3928 autem
1126 3873 1258 3945 lapis
1281 3884 1365 3929 est
1383 3890 1540 3945 omne
1567 3876 1782 3928 verbum
1809 3877 1994 3944 impie-

421 3945 567 4012 tatis,
597 3947 736 4016 quod
765 3947 898 4015 lapis
919 3946 1112 4000 dicitur
1130 3944 1347 4016 propter
1365 3944 1612 4016 duritiam
1641 3960 1789 4000 suam
1809 3986 1823 4010 ,
1852 3945 1993 4014 quod

421 4017 488 4070 de
537 4015 726 4085 spiritu
770 4016 949 4070 mundi
998 4031 1028 4069 a
1079 4015 1325 4069 deorsum
1382 4015 1656 4078 ascendit,
1712 4026 1770 4070 ut
1823 4019 1995 4072 susci-

422 4089 529 4156 piat
560 4089 738 4142 omnia
775 4088 1053 4141 desursum
1087 4086 1348 4140 venientia
1375 4101 1536 4154 grana
1562 4127 1577 4148 ,
1606 4095 1660 4140 et
1686 4087 1997 4142 adversetur

423 4155 589 4212 verba
615 4159 868 4213 veritatis.
913 4157 1038 4210 ﬂare
1063 4171 1190 4225 ergo
1220 4156 1454 4210 Ecclesia
1495 4155 1734 4221 molens,
1778 4156 1830 4211 id
1875 4167 1994 4219 est,

423 4228 738 4297 pra-dicans.
763 4227 1110 4299 circumducit
1132 4226 1626 4299 verbumveritatis,
1651 4226 1702 4280 id
1725 4237 1824 4291 est,
1843 4243 2000 4299 supe-

424 4296 619 4352 riurem
647 4299 872 4368 lapidem
895 4297 1208 4368 caelestem:
1239 4305 1292 4349 et
1319 4296 1666 4351 circumducit
1693 4313 1786 4366 per
1811 4296 1997 4368 orbem

424 4367 724 4435 terrarum,
762 4377 818 4423 et
857 4367 1205 4422 circumducit
1226 4380 1396 4437 super
1424 4382 1582 4420 omne
1612 4382 1779 4437 genus
1808 4367 1998 4422 huma-

425 4455 573 4502 num,
600 4449 656 4492 ut
669 4440 1143 4508 quotienscumque
1158 4436 1256 4490 sub
1273 4436 1475 4508 gremio
1495 4439 1640 4492 verbi
1658 4436 1888 4499 desuper
1910 4440 2000 4492 nii-

425 4510 555 4562 serit
587 4507 744 4574 Deus,
777 4511 936 4563 molat
958 4523 1068 4569 eos,
1105 4508 1156 4561 id
1185 4516 1285 4570 est,
1317 4507 1625 4570 catecbizet,
1657 4517 1711 4560 et
1737 4517 2001 4577 cogateos

424 4579 695 4651 deponere
722 4580 974 4651 corticem
1001 4579 1198 4632 veteris
1227 4577 1453 4651 hominis
1484 4579 1721 4651 inutilem
1745 4580 2000 4651 etiusua-

426 4646 545 4704 vcin
572 4668 584 4702 :
613 4661 670 4705 ut
693 4650 836 4706 exuti
867 4652 994 4704 tiaut
1022 4664 1148 4717 pura
1177 4646 1408 4700 medulla
1445 4658 1498 4702 et
1537 4649 1773 4715 spiritus,
1805 4649 1854 4701 id
1881 4659 1999 4712 est,

427 4731 486 4775 ut
510 4723 618 4790 jam
661 4737 764 4776 non
800 4722 906 4775 sint
933 4735 1058 4774 caro
1080 4761 1096 4782 ,
1134 4717 1226 4772 sed
1268 4717 1483 4790 spiritus
1514 4736 1527 4771 :
1554 4729 1608 4790 ει
1630 4718 1726 4790 liat
1762 4719 2004 4790 similago

429 4787 774 4848 mundissima
800 4833 815 4856 ,
849 4800 902 4845 et
925 4791 1082 4856 digna
1106 4791 1169 4842 ad
1193 4787 1510 4842 sacrificium
1551 4788 1676 4849 Dei,
1709 4787 2003 4843 secundum

428 4864 570 4930 quod
601 4862 920 4916 admonebat
942 4861 1256 4930 Apostolus.
1289 4858 1473 4930 dicetis
1503 4876 1516 4910 :
1547 4857 1730 4930 Exuite
1758 4873 1841 4930 pos
1876 4870 2006 4912 vete-

429 4928 536 4986 rem
556 4934 824 4992 hominem.
848 4933 934 5001 qui
959 4928 1299 4998 cerrumpitur
1328 4928 1830 5001 ineoncupiscentiis.
1855 4946 2005 5001 rena-

429 5003 617 5056 uantini
646 5013 811 5056 autent
840 4997 1022 5070 spiritu
1048 4997 1221 5055 sensus
1250 4999 1396 5054 vestri
1425 4997 1640 5070 (Epltes.
1671 4997 1846 5070 4.722.
1873 4999 1946 5054 2'5
1964 5003 2002 5067 ).

430 5072 575 5130 Sicut
599 5087 728 5141 ergo
753 5088 915 5142 grana
942 5074 995 5127 in
1024 5073 1244 5130 cortice.
1275 5071 1374 5123 nisi
1401 5071 1582 5124 molita
1613 5069 1828 5142 fuerint,
1847 5079 1901 5124 et
1920 5071 2012 5125 de-

431 5140 708 5214 posuerint
730 5140 981 5214 cortices,
1011 5151 1065 5214 et
1092 5142 1340 5205 furfures,
1368 5149 1422 5214 et
1444 5140 1801 5208 processerint
1824 5154 2014 5214 secun-

433 5211 563 5272 dum
600 5213 741 5285 quod
779 5223 905 5268 sunt
941 5212 1174 5285 abintus,
1200 5211 1443 5278 quamvis
1469 5225 1662 5285 aquam
1687 5211 2010 5285 acceperint,

433 5302 541 5340 non
571 5281 968 5354 conjunguutur
996 5283 1063 5337 ad
1084 5284 1395 5338 alterutrum
1420 5322 1436 5343 ,
1466 5290 1522 5334 ut
1550 5283 1639 5334 liat
1667 5295 1736 5334 ex
1765 5281 2014 5354 omnibus

432 5371 572 5410 unus
598 5351 1036 5425 pauis.’quamvis
1063 5363 1118 5425 et
1142 5356 1513 5425 fermentatum
1542 5351 1842 5425 acceperint
1862 5391 1876 5412 ,
1909 5366 2013 5425 non

438 5418 824 5481 fermentantur
855 5443 866 5479 :
897 5426 974 5479 sic
1001 5435 1056 5478 et
1086 5424 1351 5484 homines,
1376 5421 1476 5474 nisi
1503 5418 1678 5476 maliti
1698 5418 1894 5475 fuerint
1918 5422 2018 5476 sub

437 5499 636 5559 vei-lio,
685 5497 734 5550 id
781 5507 864 5551 est
889 5537 903 5556 ,
944 5495 1274 5550 catechizati.
1307 5502 1362 5544 ut
1391 5491 1645 5561 depositis
1674 5492 2016 5558 corporibus,

437 5567 738 5634 spirituales
762 5567 1062 5621 efficiantur
1081 5607 1095 5628 ,
1124 5563 1364 5634 quamvis
1389 5571 1441 5634 et
1472 5576 1659 5634 aquam
1688 5561 2022 5634 baptismatis

441 5632 764 5708 acceperint,
791 5637 1033 5706 quamvis
1075 5635 1292 5690 verbum
1337 5632 1456 5688 ﬁdei
1501 5633 1659 5685 fuerit
1703 5634 1922 5685 missum
1966 5633 2016 5687 in

1705 171 1882 229 OPUS
1919 121 2408 224 ιδιεειιῖεεγωι

3596 181 3682 237 εει

2127 299 2220 336 eos
2241 325 2254 345 ,
2296 285 2435 338 sicut
2468 284 2784 338 fermentum
2815 302 2828 337 :
2856 299 2960 338 non
2989 286 3307 342 conveniunt
3353 289 3408 343 in
3450 291 3684 362 idipsom,

2128 371 2226 410 nec
2252 363 2474 428 possunt
2495 367 2684 421 sapere
2706 369 2888 428 unum,
2907 364 2965 410 ut
2984 371 3146 410 unum
3166 373 3358 428 corpus
3377 362 3668 422 efficiantur

2123 414 2267 503 quia'
2291 424 2478 503 moliti_
2503 414 2608 478 non
2640 435 2784 503 sunt.
2825 414 2973 480 Sicut
3003 441 3134 496 ergo
3164 414 3302 484 inter
3325 414 3466 486 duos
3484 414 3684 503 nisi};

2124 498 2356 550 molares
2381 494 2570 549 teritur
2595 495 2826 566 triticum
2851 538 2868 562 ,
2907 505 2962 550 et
2992 494 3268 566 separatur
3291 515 3320 554 a
3348 494 3568 558 cortice'
3582 521 3667 562 suo

2122 577 2176 621 et
2197 567 2270 645 .fit
2295 566 2539 636 similago
2566 564 2762 619 munda
2789 551 3218 645 :_sie_fideles-in
3245 551 3682 645 Vniedio'devsep;

2121 637 2332 710 quidem
2363 635 2582 710 urgente
2623 651 2682 710 se
2719 635 2881 710 verbo
2913 635 3004 691 Dei
3031 638 3096 691 ad
3133 637 3290 710 iidem
3324 651 3381 696 et
3412 635 3678 710 justitiam.

2121 707 2245 761 inde
2269 715 2444 760 autem
2474 706 2636 760 verbo
2666 707 2826 774 impio
2852 721 2912 762 se
2941 709 3295 775 compellente
3317 713 3385 765 ad
3412 706 3683 770 intidelita.

2122 786 2227 832 tem
2249 784 2408 846 atque
2438 787 2708 846 peccatum
2729 787 3098 836 conteruntur.
3122 789 3174 833 et
3198 784 3429 836 carnalia
3457 799 3556 837 sua
3585 792 3683 840 uni.

2121 863 2272 902 versa
2297 848 2586 916 deponunt,
2616 857 2670 902 et
2697 848 2999 916 spirituales
3025 846 3344 905 efficiuntur.
3387 853 3499 908 Sed
3532 866 3586 909 et
3608 862 3680 913 illa

2119 920 2311 972 mulier
2339 919 2550 972 videtur
2585 919 2818 981 molere,
2858 927 2913 972 et
2941 919 3161 973 verbum
3203 921 3466 979 mendacii
3505 926 3680 983 leveet

2118 989 2302 1062 fragile
2320 988 2709 1062 circumducit:
2731 1000 3009 1062 propterea
3037 1004 3208 1060 neque
3231 995 3416 1058 molet,
3440 997 3570 1062 quia
3590 1015 3679 1054 non

2119 1057 2548 1136 baliet‘virtutem
2574 1059 2805 1136 divinam
2839 1059 3058 1136 verbum
3081 1057 3292 1136 eorum,
3323 1079 3422 1136 nec
3449 1057 3535 1120 est
3565 1068 3678 1136 lapis

2116 1129 2377 1198 superior.
2398 1129 2674 1196 Quomodo
2693 1129 2834 1184 enim
2858 1129 3188 1185 mendacium
3210 1133 3496 1189 mendacio
3511 1129 3678 1193 adver-

2115 1209 2405 1274 saturLaut
2433 1199 2682 1270 iniquitas
2709 1199 2986 1274 iniquitati,
3007 1210 3064 1254 ut
3083 1202 3316 1274 molatur
3340 1206 3536 1274 aliquis
3561 1210 3678 1265 inter
3719 1199 3726 1232 '

2115 1271 2246 1324 eas?
2281 1271 2566 1340 Propterea
2589 1271 2813 1340 populus
2839 1285 3022 1326 eorum
3047 1273 3264 1327 molitus
3285 1289 3392 1328 non
3420 1271 3529 1331 est.
3557 1279 3674 1333 Cun-

2114 1340 2288 1396 sidera
2316 1350 2490 1394 autem
2513 1350 2567 1395 et
2591 1340 2874 1410 intelliges.
2904 1340 2960 1396 Si
2981 1342 3257 1410 deponunt
3274 1348 3534 1411 carnalia,
3563 1348 3674 1404 ﬁunt

2114 1413 2432 1478 spirituales.
2463 1420 2517 1466 et
2542 1412 2881 1483 molitisunt.
2924 1412 2980 1467 Si
3018 1422 3143 1465 sunt
3185 1413 3238 1465 in
3283 1414 3509 1483 idipsum
3535 1420 3666 1483 ﬁdei,

2113 1497 2302 1537 omnes
2338 1483 2506 1536 moliti
2538 1490 2683 1536 sunt.
2714 1481 2768 1536 Si
2799 1493 2974 1538 autem
3005 1483 3298 1538 secundum
3321 1481 3549 1541 veterem
3575 1481 3666 1542 im;

2114 1554 2310 1609 minem
2336 1562 2479 1613 sunt.
2506 1554 2550 1606 si
2579 1554 2742 1606 altera
2774 1551 2961 1606 iterum
2992 1555 3202 1620 sapiunt
3225 1597 3240 1614 ,
3268 1559 3521 1622 quomodo
3554 1577 3660 1613 nio-

2112 1624 2189 1678 liti
2229 1624 2390 1678 sunt?
2437 1624 2670 1690 Desuper
2707 1624 2850 1678 enim
2883 1625 3101 1678 verbum
3137 1626 3375 1680 veritatis
3400 1643 3496 1680 non
3524 1645 3654 1684 com-

2111 1694 2261 1816 pellit
2303 1709 2398 1750 eos
2436 1693 2502 1748 ad
2550 1694 2731 1757 fidem,
2771 1694 2922 1762 quasi
2954 1695 3086 1763 lapis
3111 1695 3390 1763 superior;
3417 1714 3514 1751 nec
3533 1702 3674 1755 enim.

2149 1766 2311 1816 abent
2337 1781 2457 1816 eum
2490 1782 2503 1816 :
2527 1764 2786 1816 desubtus
2813 1775 2988 1816 autem
3013 1765 3232 1816 verbum
3263 1766 3554 1816 impietatis
3577 1787 3657 1816 nun

2149 1766 2311 1820 abeat
2337 1781 2457 1819 eum
2490 1782 2503 1817 :
2527 1764 2786 1835 desubtus
2813 1775 2988 1818 autem
3013 1765 3232 1818 verbum
3263 1766 3554 1835 impietatis
3577 1787 3658 1825 [tun
3712 1785 3716 1787 Α

2111 1837 2327 1891 tribulat
2363 1851 2490 1902 eos,
2534 1836 2656 1904 quia
2687 1834 2928 1889 volentes
2968 1836 3311 1904 requiescunt
3342 1834 3396 1889 in
3426 1852 3518 1890 eo.
3547 1838 3668 1904 Quo-

2110 1909 2270 1963 modo
2303 1921 2432 1975 ergo
2471 1906 2738 1972 molantur
2759 1944 2775 1969 ,
2803 1906 3014 1974 quando
3043 1922 3146 1959 non
3178 1907 3397 1974 stringit
3421 1911 3671 1965 subternis

2110 1980 2347 2038 verbum.
2363 1991 2460 2033 nec
2479 1977 2669 2048 premit
2691 1975 2966 2046 superius?
2989 1976 3110 2048 Huic
3131 1992 3261 2045 ergo
3285 1987 3548 2039 sumetur,
3568 1997 3667 2048 qua:

2110 2061 2166 2105 et
2191 2053 2398 2106 videtur
2425 2047 2663 2105 Ecclesia
2688 2087 2705 2110 ,
2744 2057 2799 2101 et
2840 2055 2922 2117 est
2951 2063 2964 2098 :
2995 2047 3081 2100 illa
3107 2057 3287 2101 autem
3319 2047 3666 2117 relinquetur,

2107 2137 2227 2190 quae
2253 2123 2480 2184 videtur,
2507 2129 2562 2174 et
2588 2133 2691 2172 non
2719 2124 2823 2172 est.
2854 2116 3085 2190 Quidam
3109 2128 3380 2190 autemet
3408 2116 3514 2173 hoc
3535 2121 3672 2174 modo

2108 2187 2345 2261 exponit.
2392 2191 2646 2246 Molentes
2683 2197 2806 2261 sunt
2844 2187 2936 2241 lilii
2978 2187 3172 2252 Israel,
3199 2189 3346 2261 mola
3392 2199 3574 2243 autem
3606 2201 3672 2246 est

2107 2258 2329 2318 verbum
2375 2263 2505 2332 legis
2550 2279 2564 2315 :
2609 2258 2751 2330 quod
2792 2261 3006 2332 volvunt
3035 2267 3098 2332 Aet
3130 2259 3385 2332 molunt,
3426 2270 3559 2314 sunt
3594 2261 3664 2316 Dei

2108 2335 2354 2389 mandata
2385 2329 2770 2402 in_lege,’qu_ai
2799 2331 2949 2398 quasi
2983 2329 3140 2383 tritici
3170 2345 3338 2402 grana
3385 2332 3666 2402 minutatim

2106 2403 2320 2477 quidem
2365 2399 2644 2477 audentes,
2678 2399 2727 2454 id
2757 2410 2858 2466 est,
2889 2408 3140 2469 quantum
3183 2399 3251 2453 ad
3297 2415 3364 2453 se
3405 2401 3670 2477 diligenter

2106 2475 2353 2532 mandata
2385 2475 2474 2528 Dei
2507 2480 2794 2528 tractantes
2818 2511 2833 2534 ,
2873 2485 3156 2540 numquam
3185 2479 3370 2524 tamen
3403 2487 3471 2524 ex
3501 2475 3574 2524 eis
3597 2489 3669 2540 pa-

2105 2563 2226 2602 nem
2248 2545 2584 2601 nutritorium
2606 2541 2956 2613 proferentes.
2990 2540 3349 2613 Panisautem
3375 2543 3662 2596 nutritorius

2105 2627 2188 2673 est
2219 2618 2515 2688 unigenitus
2554 2610 2701 2688 Deus
2717 2611 2944 2666 Verbum
2967 2653 2991 2688 ,Α
3015 2613 3103 2688 qui
3143 2612 3288 2688 intus
3310 2610 3387 2688 _in
3431 2614 3659 2666 mandatis

2107 2690 2198 2744 Dei
2241 2682 2465 2742 habetur
2504 2685 2794 2740 secundum
2839 2682 3172 2752 prepbetiam
3219 2682 3507 2747 inclusus,
3533 2700 3660 2751 quem

2104 2762 2195 2816 lilii
2227 2757 2391 2813 Israel
2416 2757 2703 2814 carnaliter
2728 2756 3140 2820 interpretantes
3175 2767 3477 2821 numquam
3519 2754 3663 2821 prole-

2103 2832 2292 2886 rebant
2314 2830 2380 2883 ad
2407 2827 2764 2882 manifestum.
2797 2824 3052 2879 Filiorum
3083 2833 3260 2877 autem
3287 2824 3457 2878 Israel
3487 2825 3666 2878 molen-

2105 2903 2255 2965 tium,
2285 2916 2388 2954 una
2421 2899 2630 2952 videtur
2655 2897 2869 2964 quidem
2892 2909 3012 2948 esse
3034 2909 3327 2964 synagoga,
3353 2909 3483 2948 vere
3510 2905 3667 2947 autem

2102 2973 2223 3026 dua:
2249 2983 2390 3026 sunt.
2419 2969 2536 3026 Una
2566 2968 2781 3036 quidem
2809 2966 3130 3035 iniquorum,
3162 2974 3217 3018 et
3244 2966 3541 3018 secundum
3567 2981 3671 3018 car-

2103 3058 2224 3097 nem
2263 3042 2567 3097 Judzeorum
2601 3056 2614 3091 :
2642 3038 2806 3092 altera
2838 3048 3014 3090 autem
3045 3044 3381 3098 sanctorum,
3405 3048 3459 3089 et
3487 3050 3662 3090 secun-

2099 3113 2224 3168 dum
2254 3113 2505 3182 spiritum
2536 3109 2862 3182 itidagorunt.
2910 3107 3057 3160 lianc
3097 3120 3229 3174 ergo
3253 3116 3552 3182 sanctorum
3573 3105 3656 3156 Ju-

2099 3177 2334 3238 dmnruin
2354 3193 2408 3237 et
2429 3179 2780 3252 spiritualium
2805 3192 3126 3252 synagogam
3157 3177 3440 3252 iacientem
3458 3219 3472 3238 ,
3500 3188 3545 3228 et
3573 3190 3654 3226 sn-

2103 3269 2439 3322 pervacuam,
2457 3247 2528 3306 'et
2554 3252 2671 3322 sine
2701 3247 3166 3322 profectumolam
3195 3248 3321 3316 legis
3349 3249 3634 3322 minantem,

2099 3315 2336 3379 assumet
2363 3324 2502 3377 Deus
2531 3323 2582 3376 iu
2613 3315 2717 3374 line
2741 3319 2921 3375 $3360“
2948 3317 3106 3387 hujus
3137 3315 3632 3385 jam’ocemnbentis,

2098 3405 2153 3450 et
2183 3394 2427 3450 liberabit
2464 3407 2583 3447 eam
2617 3390 2684 3445 de
2723 3389 2860 3443 mola
2893 3406 2911 3440 θ
2943 3389 3089 3443 illam
3124 3398 3294 3441 autem
3322 3387 3521 3438 alteram
3553 3398 3639 3435 se-

2097 3467 2329 3519 cundum
2362 3463 2606 3520 meritum
2635 3459 2962 3516 infidelitatis
2989 3469 3043 3515 et
3068 3458 3416 3530 perversitatis
3441 3455 3552 3525 ejus
3571 3468 3662 3507 re-

2101 3537 2320 3608 linquet.

2523 3625 2747 3681 Homilia
2772 3623 2812 3694 lj
2859 3640 2922 3679 ea:
2937 3624 3100 3692 capite
3118 3622 3262 3677 xxiv.

2170 3728 2258 3783 ιε.
2301 3725 2515 3796 Vigilate
2557 3740 2708 3796 ergo,
2738 3723 2857 3792 quia
2880 3721 3083 3796 nescitis
3104 3737 3222 3796 qua
3268 3719 3391 3796 liora
3429 3715 3687 3796 Dominus

2099 3809 2257 3854 vester
2295 3786 2532 3850 venturus
2581 3786 2665 3856 sit,
2710 3786 2816 3848 etc.
2865 3792 2979 3858 Qua
3032 3791 3174 3844 enim
3224 3788 3421 3842 ratione
3472 3786 3690 3838 homini

2101 3866 2444 3925 absconditus
2468 3875 2550 3919 est
2575 3865 2690 3918 dies
2717 3857 2904 3916 mortis
2927 3861 3123 3928 ipsius?
3151 3857 3418 3920 Videlicet,
3452 3866 3516 3928 ut
3535 3869 3700 3928 sent-

2101 3957 2198 4011 per
2222 3936 2532 4011 benefaciat,
2554 3948 2766 4011 semper
2783 3925 3017 4011 mortem
3042 3945 3186 4011 suam
3208 3943 3448 4011 sperans.
3478 3925 3701 4011 Eadem

2104 3995 2312 4068 iatione
2341 4015 2395 4062 et
2420 4007 2487 4060 ab
2511 3995 2757 4058 omnibus
2783 4002 3088 4056 hominibus
3111 3996 3449 4054 absconditus
3467 4005 3560 4068 est
3577 3995 3707 4068 dies

2102 4067 2361 4136 adventus
2396 4075 2617 4140 Christi,
2643 4073 2889 4128 videlicet
2927 4080 2985 4125 ut
3009 4086 3114 4125 non
3139 4085 3240 4124 una
3278 4067 3565 4140 generatio
3591 4067 3709 4140 sal-

2103 4162 2276 4213 vetur,
2308 4148 2484 4202 sciens
2522 4136 2804 4200 adventum
2846 4143 3046 4213 ipsius,
3085 4136 3426 4213 sed‘om‘nes,
3468 4137 3610 4213 dum
3657 4136 3715 4190 in

2104 4206 2326 4292 singulis
2369 4217 2674 4292 quibusque
2704 4206 3132 4292 generationibus
3179 4208 3380 4292 Christi
3433 4206 3720 4292 adventus

2105 4277 2528 4358 speiaturfldeo
2562 4277 2617 4340 et
2661 4277 3102 4358 iuuerrogant_ibiis
3142 4295 3204 4333 se
3241 4277 3543 4358 discipulis
3565 4277 3722 4358 suis,

2107 4347 2342 4424 Domine,
2370 4360 2413 4412 si
2433 4359 2484 4411 in
2510 4367 2728 4422 tempore
2754 4354 2849 4407 hoc
2864 4347 3098 4405 restitues
3122 4364 3335 4417 regnum
3355 4347 3543 4424 l_srael
3559 4350 3592 4400 .’
3641 4363 3732 4400 re-

2105 4417 2362 4501 spondit':
2397 4428 2518 4482 Non
2554 4417 2625 4501 est
2656 4434 2870 4501 oestrum
2891 4437 3028 4474 nosse
3052 4430 3276 4501 tempore
3304 4417 3382 4501 uel
3397 4427 3730 4501 [incincti-t2.

2142 4486 2219 4556 ἷιω
2258 4501 2414 4556 Pater
2452 4498 2616 4566 posuit
2653 4498 2707 4547 in
2745 4511 2839 4566 sua
2866 4499 3097 4566 potestate
3132 4490 3267 4559 (Act.
3303 4486 3357 4566 11
3394 4487 3590 4566 6._
3629 4488 3728 4541 45.

2142 4572 2252 4628 llud
2303 4557 2467 4623 autem
2509 4568 2699 4626 scitote,
2745 4557 2875 4632 quia
2908 4564 2950 4615 si
2989 4557 3150 4615 sciret
3185 4557 3581 4632 paterfamilias
3625 4573 3735 4632 qua

2111 4647 2236 4697 liora
2265 4644 2349 4711 fur
2373 4639 2576 4711 veniret,
2605 4629 2837 4711 vigilaret
2863 4635 3051 4702 utique,
3077 4641 3122 4683 et
3152 4646 3254 4710 non
3282 4630 3470 4682 sineret
3505 4629 3734 4711 perfodi

2110 4699 2314 4768 douiu'm
2332 4726 2496 4764 suam.
2521 4699 2901 4761 Paterfamilias
2921 4699 3004 4758 est
3021 4699 3381 4769 unusquisque
3401 4701 3734 4752 secundum

2111 4785 2340 4840 animum
2369 4781 2420 4833 in
2447 4779 2606 4832 domo
2637 4777 2807 4830 Patris
2834 4775 2937 4837 sui,
2976 4773 3060 4826 fur
3097 4781 3274 4824 autem
3299 4769 3564 4822 diabolus
3598 4781 3693 4823 est
3717 4785 3732 4818 :

2111 4856 2304 4910 domus
2331 4861 2528 4910 autem.
2560 4856 2740 4904 nostra
2769 4859 3038 4919 corpora;
3063 4843 3240 4910 janua:
3265 4848 3408 4903 sunt,
3434 4853 3505 4919 ps
3536 4848 3601 4892 et
3627 4854 3736 4919 auf

2114 4941 2237 4980 res:
2269 4923 2516 4977 fenestra:
2552 4927 2750 4976 autem,
2773 4915 2936 4969 oculi.
2969 4913 3120 4968 Sicut
3152 4927 3280 4981 ergo
3316 4925 3409 4978 per
3427 4913 3653 4981 januas
3680 4917 3742 4981 et

2114 4995 2375 5050 fenestras
2400 4993 2505 5046 cito
2529 4989 2824 5059 ingreditur
2849 4987 3092 5062 latro._ct
3117 4980 3740 5062 spuli-atpalre‘mlamio

2116 5049 2214 5122 lias
2241 5082 2254 5117 :
2286 5064 2364 5118 sic
2389 5078 2485 5131 per
2502 5075 2564 5115 os
2587 5049 2641 5115 Et
2659 5071 2814 5112 aures
2837 5064 2892 5110 et
2905 5054 3094 5131 oculos
3120 5049 3347 5131 hominis
3369 5049 3536 5131 facile
3574 5050 3741 5125 inve;

2117 5119 2197 5192 nit
2223 5119 2466 5189 diabolus
2491 5132 2824 5186 occasionem
2853 5126 2918 5179 ad
2943 5125 3194 5184 animam.
3224 5131 3280 5176 et
3307 5119 3430 5192 facit
3461 5133 3602 5192 eain
3633 5123 3738 5170 ca—

2119 5191 2367 5278 ptivam;
2394 5204 2542 5278 sicut
2584 5209 2639 5256 et
2656 5199 2719 5278 in
2765 5197 2995 5278 Jeremia
3020 5196 3165 5278 ‘tale
3195 5191 3413 5278 aliquid‘
3442 5191 3739 5278 scriptpm

2241 5258 2436 5343 {Quia
2479 5289 2612 5326 ntors
2650 5271 2852 5323 intravit
2893 5282 2982 5336 per
3011 5267 3254 5336 [enati-as
3284 5258 3504 5314 nostras
3542 5259 3589 5342 ⁶(
3607 5258 3738 5312 Jer.

2123 5330 2410 5428 9.2l):Si
2441 5345 2518 5428 vis
2557 5330 3105 5428 ergnpeosse‘secutius.
3145 5346 3292 5428 pone
3316 5330 3746 5428 japum

2125 5399 2328 5481 tuanid
2350 5399 2451 5475 est.
2475 5399 2647 5479 legeni
2665 5407 3059 5481 diviniutimoris
3077 5399 3166 5458 ori
3182 5415 3292 5462 tuo.
3326 5410 3380 5454 ut
3404 5399 3586 5481 dicas_
3601 5413 3744 5481 eum

2125 5470 2577 5557 prophetaabilri
2599 5497 2618 5535 :
2647 5479 2936 5557 Custodiam
2978 5478 3081 5557 uias
3112 5490 3268 5537 meas,
3288 5552 3297 5557 _
3319 5481 3385 5557 ut.
3406 5486 3503 5522 non
3541 5470 3749 5557 giliis.-

2126 5538 2274 5618 iiuain
2301 5538 2553 5626 lingua
2590 5569 2722 5604 mea.
2753 5549 2912 5626 Ριξευὶ
2949 5547 3025 5599 ori
3045 5561 3162 5626 tinea
3190 5542 3469 5626 custodiant
3537 5538 3746 5620 (Psnl.

2129 5615 2216 5685 3S.
2246 5629 2320 5699 2).
2353 5615 2480 5682 item
2509 5625 2778 5695 Sapientia
2804 5619 2959 5674 docet
2989 5633 3001 5669 :
3040 5615 3252 5669 Obstrue
3279 5628 3421 5664 aures
3453 5619 3578 5661 tuas
3617 5615 3750 5677 spi-
