4050 6200
287 260 392 318 9°25

293 381 393 442 uis,
426 392 488 430 ne
510 374 692 429 audias
712 370 858 426 verba
879 365 1104 438 maligna
1147 361 1447 443 (Ec;li._2§.
1477 359 1721 443 28).__Sed
1750 374 1887 429 quo-

296 431 436 504 niinn
459 444 670 513 fragiles
687 451 821 513 sunt
834 431 1043 513 posti-ae
1068 431 1224 502 serae,
1245 431 1535 513 nisibeus
1560 431 1676 513 illas
1703 445 1890 512 serva-

297 501 470 572 verit:
502 501 625 584 quia
669 510 789 584 Nisi
823 507 1074 584 Dominus
1105 501 1689 584 etietodieritﬁclivitoteut,
1716 501 1771 554 in
1798 516 1888 554 va-

299 605 420 643 num
459 573 632 654 υῑάιιιιι
658 581 743 651 qui
764 577 978 634 custodit
1003 593 1114 654 com
1149 574 1320 654 (Psal.
1361 573 1492 654 126.ἒ
1520 573 1612 650 l)_:
1641 585 1892 654 rogemus

304 642 468 712 Deum
508 642 716 722 pariter
754 642 1200 722 cumpropheta':
1246 643 1406 722 Pone,
1437 642 1891 722 _D‘omine,’cuoto-

300 708 546 782 dirimet-Ii
571 738 700 784 meo,
732 729 778 774 et
805 708 988 773 ostium
1005 708 1759 784 circumstantia?_labiisimeis:
1771 708 1892 784 Non

301 781 523 852 declines
552 809 639 846 cor
663 781 830 843 meum
864 789 917 840 in
948 787 1095 841 verba
1134 785 1344 838 malitia
1371 782 1540 850 (Psal.
1575 782 1699 836 “0.
1728 782 1782 836 5.
1809 781 1890 852 4).

307 849 452 922 Pone
488 878 637 919 seras
666 875 826 928 super
863 859 1124 930 fenestras
1150 849 1424 930 oculorum
1464 863 1700 916 tuorum,
1730 849 1893 930 ut

303 953 395 991 cas
442 949 564 990 cum
606 925 908 986 castissima
951 927 1098 980 Joh:
1141 925 1300 978 Posui
1345 933 1694 977 testamentum
1736 925 1894 974 oculis

307 1007 452 1071 meis,
492 1012 677 1057 utnon
707 999 942 1054 sentirem
971 998 1022 1050 in
1053 996 1292 1071 virginem
1326 993 1446 1065 (Job
1484 995 1570 1071 5i.
1604 994 1681 1062 1).
1736 992 1892 1071 Item,

309 1079 370 1131 Si
397 1061 660 1138 concupiui
698 1085 876 1140 agrum
913 1061 1274 1140 proximimei:
1315 1061 1404 1140 ego
1430 1061 1686 1123 seminem,
1733 1071 1781 1116 et
1804 1061 1895 1140 lilii

309 1130 494 1200 metent
531 1130 692 1210 (lbid.
731 1130 788 1193 ἶ).
821 1130 1055 1210 8).'lte_m
1100 1135 1220 1210 quia
1249 1130 1462 1210 fragiles
1491 1144 1613 1187 sunt
1637 1147 1771 1186 sera:
1816 1130 1897 1185 fe-

312 1205 609 1269 nestrarum
634 1205 952 1267 nostrarum,
987 1205 1264 1259 Dominum
1294 1205 1602 1258 invocemus
1625 1217 1744 1256 cum
1772 1215 1898 1270 pro-

313 1287 468 1354 pheta
499 1283 739 1354 dicentes
767 1296 780 1332 :
814 1275 1014 1354 Inclina
1035 1291 1308 1354 cor‘meum
1334 1274 1386 1326 in
1409 1273 1688 1354 testimonia
1713 1280 1820 1352 tua,
1847 1278 1897 1324 et

312 1344 412 1408 non
434 1355 485 1405 in
515 1351 795 1405 avaritiam.
820 1347 995 1399 Averte
1019 1345 1192 1398 oculos
1224 1360 1359 1398 meos
1382 1360 1445 1397 ne
1469 1344 1667 1396 videant
1701 1344 1895 1395 vanita-

313 1435 412 1478 tem
454 1422 626 1489 (Psal.
681 1418 801 1471 118.
987 1416 1102 1489 57).
1134 1415 1282 1489 _Quid
1322 1414 1484 1489 ergo?
1515 1414 1683 1466 nescit
1718 1413 1895 1489 animo

313 1482 524 1560 quando
563 1506 656 1560 per
684 1489 812 1560 istos
843 1482 1089 1560 introitus
1126 1485 1212 1560 fur
1237 1484 1528 1560 ingreditur
1550 1497 1711 1560 super
1735 1482 1896 1536 eam?

315 1553 456 1617 Vere
483 1553 668 1614 nescit.
701 1559 766 1612 Et
793 1555 1007 1622 quidem
1035 1555 1248 1624 quando
1273 1553 1481 1607 ducitur
1504 1553 1573 1624 ad
1599 1563 1891 1624 peccatum,

314 1636 416 1686 scit
445 1650 458 1685 :
489 1629 702 1700 quando
743 1635 920 1700 autem
963 1622 1277 1700 ingreditur,
1307 1624 1494 1700 nescit.
1524 1623 1648 1677 Ideo
1676 1622 1897 1700 vigilare

317 1693 578 1764 debetfet
605 1697 855 1754 claudere
883 1693 1069 1748 omnes
1096 1696 1225 1748 istos
1265 1694 1510 1764 introitus
1550 1711 1563 1746 :
1592 1707 1656 1764 os
1682 1693 1896 1764 quidem

319 1762 715 1826 narrationibus
740 1765 960 1829 sanctis,
987 1778 1144 1818 aures
1166 1763 1523 1817 auditionibus
1554 1762 1654 1831 piis
1672 1804 1687 1824 ,
1716 1762 1899 1815 oculos

316 1839 747 1896 consideratione
773 1834 1131 1888 mirandorum
1157 1848 1378 1897 operum
1410 1833 1522 1897 Dei,
1557 1840 1790 1887 mentem
1809 1846 1902 1884 co-

314 1909 668 1980 gitationibus
709 1919 966 1980 occupare
993 1901 1467 1980 mlestibus._No_n_
1502 1902 1896 1980 enim_sufllcit,

325 1972 382 2033 ἶιι
405 1995 510 2032 non
562 1972 860 2047 loquatur,:
887 1974 969 2028 vel
1015 1975 1211 2047 audiat,
1255 1972 1341 2047 vel
1385 1972 1560 2047 videat
1586 1972 1668 2026 vel
1705 1972 1902 2041 cogitet

326 2051 482 2102 mala.
525 2043 801 2114 Qui'énim
845 2045 958 2098 haec
996 2045 1125 2113 agit,
1156 2043 1348 2114 clausit
1386 2043 1630 2114 introitus
1657 2049 1904 2114 suos,_et

327 2111 583 2186 implevit,
607 2127 660 2170 et
687 2114 939 2185 oppilavit
964 2111 1115 2186 malis
1140 2113 1410 2186 adversus
1433 2112 1591 2174 bona,
1621 2121 1679 2186 ut_
1715 2127 1782 2166 ne
1819 2111 1901 2164 lo-

324 2182 442 2242 cum
493 2186 684 2240 haheat
724 2182 1028 2239 introeundi
1069 2184 1239 2238 bonus
1285 2182 1545 2250 spiritus:
1591 2182 1683 2251 qui
1720 2191 1902 2236 autem

326 2257 462 2310 mala
483 2256 693 2324 quidem
715 2254 933 2322 deponit
957 2254 1025 2308 ab
1046 2254 1144 2319 eis,
1173 2254 1310 2324 bona
1332 2263 1507 2324 autem
1535 2267 1640 2304 non
1659 2252 1900 2319 suscipit,

327 2327 416 2381 ille
430 2323 622 2380 dicitur
632 2334 843 2395 apertos
860 2324 1054 2379 habere
1071 2323 1636 2395 introitus._Propterea
1657 2330 1905 2395 vocantes

326 2411 420 2451 cos
462 2390 736 2450 inveniens
767 2395 1031 2456 inimicus,
1078 2395 1240 2447 intrat
1281 2393 1346 2446 ad
1389 2394 1640 2446 animam.
1683 2390 1906 2458 Propter

329 2466 466 2535 quod
495 2481 628 2534 opus
653 2473 754 2526 est,
786 2473 843 2516 ut
873 2464 1000 2535 justi
1043 2463 1285 2535 introitus
1314 2478 1420 2516 non
1443 2464 1626 2535 _so|_um
1654 2471 1844 2535 vacent
1872 2475 1904 2535 a

333 2531 502 2601 tiialis,
532 2531 624 2589 sed
651 2535 810 2589 etiam
853 2531 913 2587 ut
958 2532 1068 2588 sint
1103 2533 1292 2596 clausi,
1322 2541 1376 2588 et
1406 2533 1565 2600 pleni,
1595 2540 1649 2585 et
1687 2531 1904 2601 oppilati

331 2608 483 2661 bonis
509 2605 766 2659 adversus
805 2604 966 2666 mala,
1013 2613 1068 2656 ut
1113 2604 1284 2656 malus
1314 2618 1416 2656 non
1459 2602 1691 2655 inveniat
1731 2603 1905 2654 locum

331 2675 653 2730 introeundi.
687 2672 835 2729 Unde
863 2682 917 2727 et
945 2675 1213 2742 sapienter
1240 2673 1431 2726 Petrus
1467 2670 1596 2725 dicit
1621 2669 1761 2739 apud
1788 2667 1908 2723 Cle-

321 2757 581 2811 mentem,
594 2747 865 2816 quomodo
876 2747 1038 2801 debet
1051 2747 1174 2816 quis
1189 2746 1526 2816 incessanter
1538 2760 1661 2816 quae
1671 2743 1765 2816 Dei
1782 2753 1911 2801 sunt

320 2817 559 2896 cogitare
586 2815 640 2871 et
656 2817 816 2896 ‘quui
843 2835 854 2869 :
879 2815 1140 2896 quoniam
1169 2815 1212 2869 si
1242 2831 1398 2896 mens
1429 2815 1596 2896 fuerit
1625 2815 1680 2867 in
1701 2815 1794 2896 his
1820 2830 1910 2869 oc-

320 2883 540 2954 cupata,
567 2883 870 2954 inalus'non
891 2883 1102 2940 invenit
1128 2886 1306 2940 locum
1329 2885 1395 2939 ad
1418 2894 1679 2954 me_ntem.
1697 2883 1908 2938 Conse-

320 2951 556 3021 quenter
583 2953 854 3024 Pmpht'ta
884 2971 994 3008 non
1029 2955 1167 3010 dixit
1201 2963 1408 3009 tantum
1442 2971 1454 3007 :
1483 2951 1681 3007 Beatus
1713 2955 1792 3007 vir
1819 2955 1910 3022 qui

320 3039 424 3076 non
444 3025 576 3077 abiit
591 3026 645 3076 in
661 3025 880 3078 consilio
895 3025 1200 3093 impiorum,
1219 3025 1338 3078 etin
1353 3025 1439 3077 via
1457 3031 1784 3093 peccatorum
1806 3040 1906 3077 non

317 3096 479 3154 stetit,
497 3105 545 3147 et
562 3095 618 3146 in
641 3095 890 3147 cathedra
916 3092 1226 3162 pestilentia:
1243 3110 1344 3146 non
1360 3095 1526 3157 sedit;
1545 3093 1640 3148 sed
1665 3092 1902 3147 addidit:

318 3165 410 3234 sed
433 3165 489 3216 in
521 3165 632 3232 lege
662 3163 876 3217 Domini
905 3163 1147 3218 voluntas
1163 3165 1295 3234 ejus,
1326 3174 1374 3216 et
1402 3165 1459 3216 in
1482 3163 1589 3234 lege
1604 3163 1718 3234 ejus
1740 3164 1900 3216 medi-

323 3233 525 3287 tabitur
552 3234 636 3286 die
669 3250 734 3286 ac
766 3243 912 3286 nocte
957 3234 1126 3300 (Psal.
1179 3233 1230 3286 1.
1265 3234 1317 3286 1.
1348 3235 1427 3299 2).
1459 3233 1538 3286 Et
1561 3233 1761 3286 Paulus
1786 3248 1908 3286 cum

323 3303 546 3366 diceret,
583 3303 703 3356 Non
741 3314 814 3356 est
846 3305 990 3356 nobis
1019 3303 1320 3356 colluctatio
1341 3305 1590 3356 adversus
1623 3319 1833 3356 carnem
1862 3311 1913 3355 et

319 3375 654 3442 sanguinem,
683 3388 792 3425 non
825 3373 961 3427 dixit
1004 3381 1244 3442 tantum,
1275 3371 1538 3442 Deponite
1573 3372 1720 3442 mala
1751 3389 1773 3442 :7
1793 3372 1908 3434 sed,

321 3434 580 3511 Suscipite
604 3458 809 3496 omnem
836 3441 1317 3511 armaturatniibei,
1343 3434 1412 3511 _itt
1443 3441 1650 3511 possitis
1666 3441 1913 3511 resistere

325 3510 382 3561 in
409 3508 492 3564 die
515 3513 657 3566 malo
687 3512 896 3581 (Ephes.
924 3511 979 3564 6.
1013 3511 1100 3564 12.
1135 3510 1222 3577 15)
1257 3526 1273 3563 :
1303 3508 1360 3564 id
1387 3519 1488 3572 est,
1517 3508 1714 3564 Omnia
1747 3525 1914 3579 opera

337 3587 474 3641 bona
503 3584 674 3640 facite.
717 3584 866 3639 Sicut
907 3582 1050 3637 enim
1078 3596 1172 3635 vas
1199 3581 1450 3651 quamdiu
1489 3581 1702 3650 plenum
1733 3592 1815 3635 est
1842 3584 1910 3636 de

335 3655 534 3724 aliquo,
567 3667 670 3724 non
693 3653 896 3724 recipit
930 3652 1312 3724 supermissum
1343 3667 1356 3702 :
1384 3652 1428 3706 si
1460 3659 1644 3724 autem
1687 3667 1910 3706 vacuum

335 3719 525 3788 fuerit,
543 3723 730 3792 recipit
771 3719 927 3776 omne
964 3719 1107 3792 quod
1138 3721 1362 3792 mittitur
1385 3719 1506 3792 :_sic
1536 3720 1696 3772 homo
1720 3736 1911 3792 quam-

331 3796 422 3848 diu
450 3787 738 3862 oécupaius
760 3801 842 3846 est
869 3787 1044 3855 malis,
1075 3806 1188 3862 non
1202 3789 1389 3862 recipit
1414 3787 1608 3862 bonum
1635 3805 1649 3840 :
1678 3787 1795 3842 etsi
1822 3804 1913 3842 oc-

331 3874 555 3935 cupatus
587 3858 751 3935 fuerit
788 3861 961 3924 bonis,
1007 3859 1234 3935 repellit
1258 3858 1456 3935 _malum
1478 3875 1501 3935 _:
1531 3859 1576 3912 si
1606 3867 1783 3935 autem
1815 3873 1913 3935 nec

333 3927 453 3995 isto.
501 3949 599 3988 nec
627 3932 716 3987 illo
743 3947 802 3986 se
837 3927 1197 4000 occupaverit,
1223 3928 1272 3982 id
1297 3937 1400 3989 est,
1447 3927 1510 4000 si_
1535 3941 1708 4000 neque
1733 3927 1909 3994 bonis,

333 4019 505 4074 neque
531 4003 685 4058 malis
711 3997 1014 4059 intenderit.
1042 4001 1216 4074 omnis
1243 4000 1460 4074 spiritus
1499 3997 1659 4074 intrat
1684 3997 1736 4050 in
1765 4013 1910 4051 eum.

335 4067 540 4130 luti-aus
587 4081 785 4135 autem,
829 4084 933 4122 non
963 4071 1141 4123 statim
1183 4068 1329 4123 ducit
1356 4082 1477 4123 eum
1502 4067 1568 4120 ad
1615 4077 1909 4135 peccatum,

333 4145 425 4198 sed
459 4143 686 4212 primum
709 4140 938 4212 delectat
961 4155 1082 4192 eum
1110 4140 1161 4192 in
1189 4138 1367 4212 malis,
1391 4147 1456 4212 et_
1470 4151 1684 4212 sensum
1706 4136 1914 4192 deside-

333 4216 426 4268 riis
455 4207 757 4265 carnalibus
793 4209 994 4276 alligat.
1038 4219 1092 4260 et
1117 4219 1296 4274 postea
1339 4207 1483 4261 ducit
1509 4207 1576 4261 ad
1614 4219 1910 4276 peccatum,

333 4283 547 4354 quando
587 4281 712 4352 iam,
760 4279 859 4354 _etsi
896 4275 1150 4346 intelligit
1195 4277 1542 4354 malumﬁesse
1583 4275 1725 4346 quod
1768 4277 1910 4354 facit,

334 4345 439 4407 lion
471 4345 646 4422 potest
669 4350 918 4405 resistere
940 4345 1124 4422 contra
1149 4347 1365 4422 malum.
1398 4345 1454 4402 Si
1494 4345 1723 4422 ergo,_te
1747 4350 1915 4418 negli-

333 4416 492 4494 geoté
530 4422 746 4494 domum
775 4417 1144 4494 corporis_hoc
1171 4418 1332 4494 modo
1352 4431 1614 4494 _servare,
1648 4416 1914 4494 ingressus

337 4487 494 4546 t'uerit
517 4493 600 4546 fur
627 4487 892 4554 diabolus,
929 4497 985 4542 et
1013 4488 1215 4542 furatus
1235 4487 1390 4541 fuerit
1424 4487 1735 4541 vestimenta
1753 4487 1912 4554 justi-

339 4563 552 4630 tiarum,
579 4563 770 4630 quibus
795 4572 847 4614 te
885 4568 1127 4614 renatum
1161 4560 1213 4630 in
1245 4558 1504 4630 baptismo
1529 4556 1866 4630 induitDeus
1893 4574 1908 4610 :

343 4630 387 4679 si
432 4627 631 4682 furatus
655 4631 809 4683 fuerit
847 4645 1031 4682 aurum
1069 4627 1371 4684 intellectus
1397 4628 1493 4693 tui,
1535 4627 1580 4682 si
1610 4627 1912 4682 divinorum

343 4697 670 4767 eloqniorum
698 4709 992 4766 argentum.
1014 4699 1152 4767 quod
1176 4699 1392 4752 forsitan
1416 4713 1538 4754 cum
1567 4699 1736 4752 multo
1756 4697 1915 4752 fabri-

339 4777 472 4838 castt
507 4765 686 4818 labore
719 4783 733 4817 :
771 4765 821 4838 si
849 4765 1148 4821 linteamina
1173 4769 1463 4838 gratiarum
1486 4783 1605 4838 quae
1653 4767 1742 4821 tibi
1769 4767 1916 4822 dedit

344 4836 505 4898 Deus,
533 4849 652 4906 cum
684 4836 1038 4906 teadoptaret
1063 4839 1113 4889 in
1145 4836 1327 4902 lilimn,
1354 4836 1679 4906 exterasque
1707 4839 1915 4892 divitias

342 4904 647 4976 spirituales
678 4902 974 4976 tollensete
1011 4905 1328 4972 dormiente,
1361 4902 1645 4976 feceritque
1677 4917 1727 4961 te
1763 4924 1914 4962 men-

342 4974 517 5029 dicum
543 4984 598 5046 et
624 4975 845 5038 mulum,
874 4974 1012 5027 sicut
1051 4989 1272 5042 serpens
1311 4977 1478 5030 Adam
1512 4995 1524 5028 :
1553 4974 1677 5046 quid
1709 4976 1915 5031 facies?

343 5045 610 5113 quomodo
637 5046 807 5098 nudus
833 5053 958 5096 ante
982 5053 1320 5112 conspectum
1352 5046 1554 5099 Domini
1573 5045 1662 5099 ’tui
1693 5048 1916 5103 accedes

345 5115 495 5186 (Gen.
528 5116 624 5184 3)?
652 5115 717 5186 Et
755 5115 842 5168 ille
867 5113 1080 5182 quidem
1121 5117 1348 5186 nudatus
1388 5115 1663 5186 abscondit
1689 5132 1748 5171 se
1777 5117 1916 5172 inter

347 5185 482 5257 ligna
507 5185 731 5257 paradisi
751 5203 771 5257 _'.
801 5196 852 5257 tu
874 5193 1049 5257 autem
1062 5185 1173 5257 sub
1194 5200 1296 5254 qua
1323 5185 1550 5257 scissura
1577 5197 1841 5254 petrarum
1866 5199 1916 5243 te

342 5254 640 5327 abscondes
681 5271 710 5308 a
742 5254 878 5327 facie
923 5255 1150 5327 Domini,
1190 5269 1310 5327 c_um
1338 5256 1542 5327 venerit
1578 5257 1916 5327 confringere

347 5326 579 5381 terram?
608 5327 674 5381 Et
700 5326 870 5380 Adam
903 5324 1114 5394 quidem
1145 5340 1174 5377 a
1208 5325 1316 5379 Deo
1341 5325 1594 5394 quzesitus
1629 5336 1710 5381 est
1736 5324 1814 5382 et‘
1835 5329 1915 5381 in—

342 5409 554 5462 ventus,
587 5406 640 5450 tu
671 5406 847 5450 autem
869 5395 1132 5464 abjicieris
1159 5404 1214 5450 et
1241 5396 1436 5466 peribis
1465 5413 1478 5448 :
1509 5396 1630 5465 quia
1657 5397 1747 5452 ille
1777 5397 1918 5466 igno-

343 5483 469 5522 rans
493 5471 756 5537 serpentis
799 5467 1102 5530 versutiam,
1133 5480 1227 5534 per
1253 5465 1652 5537 simplicitatem
1691 5465 1916 5522 nudatus

340 5551 422 5595 est
448 5535 599 5596 suam
630 5554 646 5589 :
679 5548 730 5590 tu
759 5545 936 5590 autem
962 5537 1154 5602 sciens,
1181 5546 1258 5589 tot
1280 5535 1572 5606 Scripturis
1593 5536 1914 5599 admonitus,

349 5627 444 5680 per
479 5607 847 5680 negligentiam
887 5608 1054 5680 factus
1092 5622 1151 5661 es
1193 5607 1385 5680 nudus.
1414 5606 1637 5676 Propter
1659 5607 1798 5680 quod
1827 5607 1915 5662 ille

344 5673 901 5750 quidem—mortalitate
927 5678 1146 5731 vestitus
1187 5687 1267 5732 est
1295 5677 1359 5732 ad
1392 5673 1616 5748 tempus,
1659 5673 1712 5730 tu
1739 5673 1912 5732 autem

1474 249 1540 304 ΙΝ
1579 246 2005 306 MAT'l‘ll/EUM.
2047 245 2276 304 llOMIL.
2318 246 2404 304 LI.

3480 257 3584 315 926

2000 359 2054 414 in
2099 369 2358 430 aeternum
2399 358 2514 428 ipse
2551 357 2839 415 tradendus
2884 373 2944 416 es
2987 363 3162 427 morti,
3204 367 3435 424 maxime
3460 372 3506 426 si
3533 386 3586 430 te

1996 428 2468 506 comprehenderit
2510 430 2652 506 ﬁnis!
2679 431 2984 506 priusquam
3039 435 3128 506 tibi
3173 450 3268 504 per
3314 428 3581 506 ρωηίιεη..

1997 500 2123 580 tiam
2149 501 2315 580 altera
2349 510 2496 554 texes
2521 500 2858 580 vestimenta.
2891 501 3021 580 Nam
3051 500 3219 574 prima
3249 500 3414 580 gratis
3444 525 3582 580 pra:-

1996 579 2172 624 statur
2213 584 2243 623 a
2273 569 2386 624 Deo
2412 591 2425 625 :
2456 570 2688 625 secunda
2717 582 2893 625 autem
2923 573 3032 638 vix,
3052 569 3116 628 'et
3140 569 3278 629 οιιηῖ
3303 569 3468 634 nimio
3495 597 3581 636 re—

2074 651 2219 714 ratur
2243 639 2426 714 labore
2447 648 2503 694 et
2539 640 2704 714 loctn,
2736 644 3003 710 quomodo
3030 643 3145 699 haec
3183 647 3431 714 parabola
3474 661 3577 706 est.

2047 710 2288 781 eniamus
2316 712 2492 779 itaque
2517 710 2584 764 ad
2632 716 2798 781 ipsam
2830 714 3095 781 parabola:
3119 710 3355 770 causam.
3395 719 3582 774 Omnis

2000 777 2181 841 horno,
2205 780 2249 833 si
2269 777 2450 842 sciret,
2478 777 2691 849 quando
2714 777 2845 836 dies
2861 783 3066 838 Domini
3108 796 3364 841 venturus
3388 800 3471 843 est
3495 805 3586 843 su-

1999 863 2094 918 per
2119 864 2242 928 cum
2282 851 2420 905 sicut
2461 849 2546 904 fur
2574 849 2690 928 (sed
2719 852 2991 928 insperate
3023 857 3242 928 veniens
3286 858 3423 912 sicut
3451 859 3584 928 fur).

2001 919 2336 990 praeveniret.
2367 931 2544 974 etnon
2572 919 2771 976 smeret
2791 919 2992 990 perfodi
3018 925 3235 978 domum
3263 942 3436 981 suam.
3469 919 3584 984 Non

2000 989 2120 1070 dico
2144 989 2263 1070 quia
2286 991 2570 1070 repelleret
2591 1006 2622 1070 a_
2647 1007 2705 1046 se
2711 989 2925 1070 juveni.
2957 995 3050 1052 sed
3078 995 3276 1070 laceret
3297 997 3580 1064 justitiam,

2002 1067 2060 1136 ut
2097 1061 2345 1125 veniente
2376 1062 2659 1136 _senteutia
2711 1061 2825 1126 Dei,
2857 1079 2977 1136 _non
3020 1061 3388 1135 perfodereiur
3434 1061 3582 1136 quasi

2003 1128 2270 1205 ignorans,
2297 1129 2390 1205 sed
2412 1140 2692 1205 vocaretur
2719 1133 2880 1205 quasi
2904 1128 3372 1205 jamjpra‘paratus
3402 1128 3466 1193 ad
3489 1157 3588 1194 ex-

2007 1199 2157 1252 itum.
2189 1198 2412 1265 Quando
2435 1200 2626 1254 animae
2658 1198 2976 1269 peccatrices
3005 1198 3337 1261 delectantur
3364 1209 3415 1262 in
3456 1225 3583 1263 car-

2003 1284 2152 1348 pore,
2192 1277 2247 1322 et
2280 1278 2544 1337 tamquam
2585 1271 2646 1348 in_
2667 1287 2764 1348 suo
2795 1275 3010 1348 proprio
3036 1276 3302 1331 domicilio
3330 1279 3584 1348 gaudent.

2001 1339 2221 1392 veniens
2267 1353 2388 1392 cum
2420 1339 2814 1417 sententia_Dei
2858 1339 3078 1417 angelus
3124 1348 3313 1401 mortis
3331 1339 3588 1417 vperfodit

2001 1422 2217 1476 corpus,
2260 1419 2314 1462 et
2351 1409 2581 1462 animam
2611 1410 2872 1465 violenter
2913 1414 3118 1469 divellit
3154 1417 3221 1469 ab
3246 1433 3312 1470 eo
3345 1409 3584 1472 {anima-

2001 1488 2193 1556 autem
2213 1477 2411 1556 instat,“
2439 1495 2558 1548 qua:
2603 1496 2708 1556 non
2736 1481 3071 1556 delectantur
3119 1485 3170 1539 in
3215 1502 3459 1556 corpore,
3489 1490 3583 1543 sed

2001 1549 2150 1617 quasi
2181 1547 2233 1602 in
2261 1547 2622 1614 exsilio’sunt,
2662 1550 2715 1603 in
2759 1566 2854 1605 eas
2878 1554 3124 1608 veniente
3163 1547 3455 1618 sententia,
3476 1575 3583 1612 non

2004 1618 2390 1696 per-fodiuntur,
2414 1619 2514 1696 sed
2526 1631 2781 1674 vocantur
2794 1621 3106 1696 gaudentes.
3125 1626 3214 1679 45.
3241 1626 3368 1692 Quis
3382 1629 3512 1680 enim
3532 1630 3588 1696 ﬁ-

2003 1687 2314 1766 delio-eervus
2326 1699 2372 1741 et
2385 1689 2625 1766 prudens,
2638 1707 2787 1766 quem
2798 1687 3053 1766 constituit
3065 1687 3297 1766 dominus
3313 1699 3423 1766 ejus
3438 1687 3590 1766 super

2004 1759 2250 1882 {amiliam
2261 1774 2424 1820 suam,
2440 1769 2493 1811 ut
2510 1759 2591 1811 det
2609 1761 2711 1813 illis
2723 1760 2886 1813 cibum
2901 1763 2953 1814 in
2967 1773 3184 1832 tempore
3196 1766 3220 1817 .9
3235 1759 3366 1818 Cum
3382 1767 3449 1820 de
3467 1759 3590 1836 vigi-

2026 1837 2147 1881 ante
2171 1836 2226 1882 et
2255 1843 2358 1882 non
2377 1829 2624 1882 vittilante
2644 1843 2804 1882 super
2819 1831 3033 1882 domum
3056 1847 3204 1882 suam
3233 1834 3485 1882 Dominus
3512 1839 3590 1882 to.

2026 1837 2147 1881 ante
2171 1836 2226 1882 et
2255 1843 2358 1882 non
2370 1829 2624 1899 ivigilante
2644 1843 2804 1899 super
2819 1831 3033 1885 domum
3056 1829 3204 1886 Suam
3233 1834 3485 1889 Dominus
3512 1829 3591 1890 Πι-

2003 1907 2272 1970 queretur,
2305 1898 2482 1970 sciens
2500 1898 2752 1970 quoniam
2778 1901 3089 1970 plerumque
3123 1903 3431 1959 sacerdotes
3459 1907 3586 1961 mali

2005 1969 2256 2036 populum
2272 1967 2574 2023 obdormire
2592 1967 2792 2024 faciunt
2807 1971 2859 2023 in
2878 1967 3123 2037 peccatis,
3145 1971 3268 2026 boni
3289 1985 3463 2028 autem
3490 1991 3590 2030 ex-

2003 2038 2170 2114 citant
2195 2053 2226 2114 _a
2257 2038 2586 2114 negligentia;
2605 2055 2813 2114 somno,
2841 2049 2894 2094 et
2915 2039 3109 2114 hiciont
3132 2041 3346 2114 vigilare
3377 2045 3429 2098 in
3457 2061 3588 2114 ope-

2006 2107 2154 2161 ribus
2196 2107 2349 2162 bonis
2382 2107 2577 2176 :’quasi
2607 2109 2818 2164 assidua
2862 2110 2984 2163 tuba
3013 2107 3270 2166 doctrinm
3305 2129 3416 2168 sua:
3441 2107 3590 2170 eici-

2007 2186 2125 2255 tans
2147 2177 2224 2255 ad_
2253 2177 2390 2255 bona
2415 2192 2576 2255 opera
2603 2179 3158 2255 animas__audi_torum,
3199 2197 3591 2255 consequenter

2005 2248 2074 2319 de
2105 2248 2258 2302 bonis
2283 2257 2336 2319 et
2371 2247 2528 2315 iustis
2551 2249 2922 2319 sacerdotibus
2951 2251 3239 2305 introducit
3263 2247 3585 2319 sermonem,

2007 2317 2250 2392 dicens__:_
2278 2316 2404 2384 Quis
2427 2326 2499 2370 est
2523 2318 2688 2383 fidelis
2705 2335 2873 2392 servus
2893 2328 2938 2372 et
2963 2320 3184 2388 prudens
3199 2322 3226 2374 .’
3248 2322 3302 2376 Si
3326 2325 3468 2378 enim
3500 2316 3590 2392 pa;

2009 2387 2316 2442 terfamilias
2357 2402 2519 2463 super
2542 2389 2937 2463 possessionem
2960 2387 3110 2463 suam
3142 2392 3372 2446 villicum
3403 2387 3587 2463 potiit,

2009 2467 2360 2528 utnoncnm
2388 2458 2608 2526 singulis
2635 2459 2840 2513 colonis
2888 2460 3079 2515 habeat
3115 2475 3352 2528 causam,
3383 2458 3476 2518 sed
3521 2458 3590 2518 de

2009 2526 2126 2602 soio
2150 2526 2328 2602 villieo
2353 2529 2590 2602 omnium
2631 2529 3152 2602 exiigatirationemi:
3194 2533 3238 2586 si
3284 2526 3412 2602 ergo
3454 2535 3591 2586 inter

2008 2597 2226 2651 colonos
2251 2597 2422 2674 aliqua
2459 2598 3268 2674 indisciplinatiofucritofteda,
3310 2597 3592 2674 unusquis-

2008 2681 2114 2733 que
2143 2681 2239 2734 pro
2267 2681 2365 2721 suo
2390 2667 2584 2723 delicto
2608 2684 2732 2723 reus
2756 2669 3002 2733 efﬁcitur,
3033 2673 3243 2727 villicus
3283 2667 3590 2744 autem'pro

2015 2745 2261 2801 omnium
2289 2745 2531 2808 delictis;
2564 2753 2620 2801 et
2644 2747 2688 2800 si
2718 2746 2856 2800 bene
2881 2746 3114 2800 reditum
3146 2761 3303 2799 suum
3335 2749 3590 2805 reddide-

2016 2815 2146 2878 rint,
2172 2816 2544 2884 unusquisque
2567 2815 2783 2884 quidem
2807 2831 2904 2884 pro
2935 2831 3030 2869 sua
3055 2815 3156 2870 ﬁde
3186 2816 3454 2883 laudatur,
3485 2820 3592 2874 vil-

2016 2884 2156 2953 licus
2182 2894 2364 2939 autem
2396 2900 2496 2953 pro
2547 2884 2651 2940 ﬁde
2697 2885 2940 2939 omnium
2976 2895 3390 2940 remuneratur:
3421 2888 3500 2943 sic
3536 2899 3594 2944 et

2017 2952 2161 3008 Deus
2185 2954 2238 3008 in
2272 2952 2472 3023 populo
2510 2954 2632 3008 ideo
2655 2954 2873 3008 ordinat
2907 2956 3237 3020 sacerdotes,
3274 2965 3332 3009 ut
3371 2966 3591 3012 actuum

2016 3038 2204 3096 eorum
2239 3023 2341 3093 ipsi
2389 3025 3014 3096 discutiantirationem.
3059 3024 3292 3095 Ideoque
3331 3038 3595 3096 peccante

2016 3093 2217 3165 popqu
2233 3094 2605 3163 unusquisque
2624 3095 2844 3165 quidem
2863 3109 2961 3164 pro
2978 3110 3078 3165 suo
3094 3093 3320 3164 peccato
3333 3093 3591 3165 punitur,

2012 3164 2265 3236 sacerdos
2281 3172 2463 3236 autem
2485 3179 2587 3233 pro
2612 3163 2850 3236 peccatis
2862 3163 3127 3236 amnium,
3151 3165 3220 3219 Et
3235 3163 3373 3220 bene
3398 3177 3595 3236 agente

2013 3233 2215 3303 populo
2232 3233 2846 3303 unusquisque’quidem
2865 3250 2965 3304 pro
2987 3250 3087 3289 suo
3107 3235 3250 3288 bono
3272 3233 3594 3290 remunera-

2016 3304 2397 3374 t_ur,_sacerdos
2415 3314 2595 3358 autem
2617 3320 2715 3374 pro
2735 3303 2893 3359 bonis
2907 3305 3174 3374 omnium.
3189 3303 3314 3369 Quis
3327 3316 3401 3360 est
3416 3323 3595 3360 servus

2013 3372 2256 3445 ﬁdeliset
2281 3374 2549 3442 prudens?
2576 3372 2710 3428 Rem
2733 3373 3292 3445 quidemlaudabilem
3318 3376 3595 3445 proponit,

2015 3441 2348 3514 rarissimam
2375 3451 2581 3514 autem.
2611 3441 2818 3514 ntiquis
2852 3443 3025 3514 fidelis
3053 3441 3362 3514 inveniatur
3381 3441 3436 3499 et
3465 3460 3597 3514 pru-

2015 3459 2348 3496 rarissunam
2375 3459 2581 3504 autem.
2611 3459 2672 3498 ιιι
2735 3459 2818 3497 IIIS
2852 3459 3025 3497 naeus
3053 3459 3362 3497 Inveniatur
3381 3459 3436 3499 et
3465 3460 3595 3514 pl'll-

2015 3510 2172 3588 dens.
2195 3510 2334 3566 Ecce
2352 3511 2398 3588 _si
2426 3527 2641 3579 quaeras
2661 3459 2869 3588 fideles,
2900 3512 2954 3588 id
2979 3520 3083 3588 est,
3105 3511 3278 3566 Deum
3300 3512 3558 3588 timentes
3576 3531 3595 3569 :

2012 3585 2066 3644 et
2107 3590 2251 3637 Ipsos
2275 3580 2488 3644 quidem
2517 3594 2622 3631 non
2667 3580 2860 3632 multos
2897 3581 3154 3644 invenies,
3199 3591 3375 3638 tamen
3421 3585 3594 3638 adhuc

2013 3641 2166 3718 facile
2210 3641 2446 3718 invenis;
2493 3651 2616 3701 item
2663 3647 2708 3701 si
2752 3648 3042 3718 prudentes
3081 3641 3309 3718 quaeras,
3355 3653 3594 3709 invenies

2014 3714 2215 3766 multos
2229 3735 2257 3786 A:
2293 3716 2672 3786 lidelisiautem
2703 3714 2764 3772 et
2783 3716 3017 3786 prudens
3047 3714 3261 3775 difﬁcile
3287 3723 3552 3776 invenitur
3577 3739 3591 3775 :

2014 3782 2281 3853 quiomodo
2305 3786 2393 3851 qui
2423 3785 2605 3839 fideles
2625 3782 2854 3846 suntfid
2878 3799 2982 3851 est,
3006 3790 3170 3843 Deum
3198 3791 3467 3853 timentes.
3494 3792 3595 3845 dif-

2015 3850 2334 3926 ficilesont;
2351 3862 2404 3905 et
2444 3855 2732 3926 prudentes
2758 3871 2771 3905 :
2800 3865 2854 3909 et
2879 3850 2975 3926 qui
3000 3858 3286 3926 prudentes
3310 3850 3593 3915 inveniun-

2015 3927 2122 4000 tor,
2149 3918 2368 4000 difficile
2394 3918 2523 4000 suot
2545 3934 2600 4000 et
2628 3924 2792 3978 Deum
2821 3918 3097 4000 timentes:
3117 3927 3326 4000 Quanto
3349 3945 3483 4000 ergo
3507 3947 3594 3984 ra-

2015 3990 2418 4068 rioriuvenitur
2457 3993 2624 4068 ﬁdelis
2671 4002 2726 4068 et
2769 3995 3022 4063 prudens,
3051 3990 3196 4068 tanto
3221 3999 3309 4068 qui
3348 3990 3594 4056 inventus

2017 4060 2194 4124 fuerit,
2218 4060 2420 4134 beatior
2437 4071 2536 4116 est.
2566 4060 2889 4134 Prudentem
2911 4060 3086 4121 autem
3114 4060 3257 4134 dico,
3286 4084 3394 4122 non
3419 4072 3594 4124 scicn-

2016 4139 2122 4184 tetn
2145 4140 2200 4185 et
2237 4132 2471 4196 doctum,
2517 4133 2611 4208 sed
2641 4145 2908 4189 sensatum
2945 4145 3001 4190 ct
3025 4147 3202 4191 mente
3243 4132 3476 4204 acutum,
3503 4141 3592 4208 qui

2016 4209 2190 4269 potest
2225 4217 2402 4278 rerum
2441 4205 2736 4278 ponderare
2766 4214 2999 4278 naturas,
3023 4215 3078 4261 et
3114 4207 3404 4262 secundum
3449 4205 3592 4278 quod

2018 4274 2658 4346 potest,_rationabiliter
2701 4277 2876 4330 omnia
2916 4290 3094 4345 agere.
3136 4278 3377 4346 Plerique
3413 4274 3590 4333 autem

2013 4351 2140 4396 sunt
2175 4341 2430 4400 habentes
2455 4345 2730 4418 scientiam
2752 4341 2994 4409 multam,
3023 4347 3114 4401 sed
3147 4363 3245 4402 nec
3379 4351 3594 4418 sapien-

2019 4423 2099 4486 ter
2122 4421 2333 4486 regnt,
2367 4429 2466 4486 nec
2491 4415 2766 4486 scientiam
2793 4431 2942 4469 suam
2969 4419 3236 4486 sapienter
3260 4415 3590 4486 dispensant.

2018 4483 2087 4536 Et
2113 4485 2286 4538 omnis
2321 4484 2534 4553 quidem
2562 4485 2796 4554 prudens
2819 4494 2990 4554 potest
3016 4483 3070 4540 et
3092 4483 3366 4542 scientiam
3398 4488 3595 4544 habere

2015 4569 2081 4607 ex
2110 4563 2279 4627 parte,
2310 4569 2416 4609 non
2442 4567 2616 4609 autem
2643 4564 2698 4610 et
2726 4557 2900 4609 omnis
2939 4557 3114 4610 sciens
3155 4557 3465 4627 sapientiam
3500 4574 3590 4627 po-

2019 4632 2122 4677 test
2173 4624 2371 4696 babere
2419 4643 2432 4679 :
2479 4627 2728 4696 quoniam
2774 4626 3032 4695 sapientia
3079 4624 3512 4696 unius—cujusque
3539 4628 3594 4683 in

2015 4704 2137 4747 actu
2183 4695 2457 4763 probatur,
2508 4695 2726 4750 scientia
2769 4705 2942 4750 autem
2988 4697 3040 4750 in
3084 4711 3350 4752 sermone.
3397 4698 3595 4754 Fidelis

2017 4763 2230 4832 quidem
2274 4767 2533 4834 quaeritur
2579 4775 2796 4835 pr0pter
2844 4769 3031 4828 Deum,
3078 4777 3136 4819 ut
3175 4767 3358 4821 timeat
3387 4769 3592 4822 Deum:

2020 4835 2254 4903 prudens
2273 4846 2448 4890 autem
2475 4846 2691 4904 propter
2718 4837 2983 4898 homines,
3014 4845 3072 4890 ut
3110 4837 3360 4905 populum
3389 4838 3479 4892 Dei
3507 4855 3594 4891 sa-

2018 4906 2230 4978 pienter
2247 4906 2524 4978 gubernet.
2547 4907 2805 4972 Quoniam
2833 4921 2960 4978 ergo
2981 4906 3088 4978 Deo
3115 4922 3219 4978 non
3244 4917 3443 4978 tantum
3473 4924 3590 4978 pru-

2018 4975 2196 5028 dentia
2220 4975 2469 5040 hominis,
2487 4986 2742 5044 quantum
2770 4976 3089 5029 conscientia
3119 4976 3288 5043 placet
3314 4991 3328 5031 :
3361 4975 3564 5032 homini

2020 5047 2118 5100 bus
2141 5057 2316 5099 autem
2340 5063 2441 5100 non
2468 5055 2667 5100 tantum
2687 5047 3032 5111 conscientia,
3059 5055 3311 5115 quantum
3338 5047 3595 5115 sapientia

2021 5116 2234 5183 prodest
2262 5130 2276 5169 :
2305 5117 2348 5169 si
2363 5115 2538 5186 fuerit
2565 5125 2768 5170 tantum
2794 5117 2917 5186 quis
2936 5115 3128 5179 ﬁdelis,
3160 5117 3348 5170 laicmn
3379 5117 3594 5186 quidem

2020 5186 2163 5249 facit,
2191 5185 2522 5240 sacerdotem
2549 5196 2724 5240 autem
2765 5203 2869 5240 non
2899 5185 3039 5250 facit,
3083 5187 3183 5240 nisi
3227 5185 3594 5242 fuerit’ﬁdelis

2019 5265 2074 5328 et
2093 5254 2514 5328 prudenerrgo
2544 5256 2716 5311 fidelis
2737 5259 3009 5326 qumritur,
3033 5255 3268 5328 utfaciat
3291 5257 3591 5328 priusquam

2018 5324 2160 5398 dicat
2187 5324 2468 5398 :rprudens
2509 5337 2708 5390 autem,
2756 5324 3030 5398 postquam
3078 5324 3305 5394 fecerit,
3333 5324 3491 5398 dicat,
3538 5333 3592 5377 et

2018 5396 2502 5467 dicat_intelligens
2541 5399 2627 5453 cui
2668 5397 2840 5467 qualis
2882 5396 3120 5453 doctrina
3167 5396 3489 5454 conveniat.
3539 5402 3594 5446 ct

2019 5465 2248 5535 quando.
2295 5465 2424 5522 ltein
2453 5467 2622 5524 ﬁdelis
2645 5465 2918 5536 quaeritur,
2966 5477 3022 5521 ut
3047 5484 3250 5524 memor
3289 5467 3359 5520 sit
3398 5477 3594 5531 paupe-

2019 5551 2160 5608 rum.
2185 5537 2318 5592 sicut
2357 5537 2551 5594 Paulus
2581 5538 2757 5606 (Rom.
2783 5539 2868 5594 15.
2897 5537 2990 5608 26)
3015 5554 3030 5593 :
3062 5539 3290 5608 prudens
3316 5543 3512 5608 autem,
3539 5545 3597 5590 ut

2021 5607 2281 5677 intelligat
2319 5609 2404 5662 cui
2448 5617 2503 5663 et
2535 5603 2802 5678 quomodo
2829 5603 3020 5665 debeat
3046 5603 3374 5678 dispensare.
3404 5603 3466 5678 Et
3491 5603 3592 5659 hoc

2021 5689 2103 5734 est
2125 5672 2265 5748 quod
2293 5679 2438 5746 dicit,
2465 5672 2592 5737 dare
2613 5681 2762 5738 cibos
2791 5680 2842 5736 in
2873 5690 3110 5749 tempore
3135 5672 3195 5732 et
3215 5672 3514 5747 spirituales
3541 5687 3597 5732 ct
