4052 6200
423 264 498 365 ea
1526 305 1590 360 IN
1628 276 2054 360 urunt/cun.
2098 304 2325 358 l|0.\lll..
2368 304 2476 359 ιιι.

794 427 1018 484 Humilia
1046 426 1125 498 lij.
1156 441 1218 479 ex
1244 422 1408 493 capite
1421 435 1539 476 xxv.

468 568 520 622 i.
545 563 691 619 Tum:
717 562 881 618 simile
904 570 977 632 est
995 574 1213 632 regnum
1227 557 1460 632 ceterum
1481 553 1649 632 decent
1669 553 1963 632 virginitas,

359 644 440 691 et
477 634 702 704 reliqua.
744 622 1215 704 Notandttquupd
1249 626 1474 695 priorem
1495 622 1709 704 quidem
1729 622 1967 704 parabo-

360 707 499 761 lam
528 694 610 760 de'
628 702 939 757 ductoribus
964 694 1112 764 dicit,
1142 694 1557 764 hancautemgde
1582 694 1925 764 papularibus
1950 711 1965 746 :

363 785 574 831 tamen
599 774 698 829 etsi
738 771 1066 841 spiritualem
1099 762 1432 841 intellectum
1473 762 1964 841 habeat_parai_mla,

366 846 524 899 nihil
576 852 732 899 nocet
771 831 1114 908 interpretari
1156 853 1272 908 eam
1302 835 1459 908 etiam
1486 833 1789 908 earuaiiter;
1817 831 1969 908 :l‘uue

363 913 570 969 simile
592 915 696 968 erit
717 953 732 974 .
760 926 883 966 eum
918 904 1104 965 diebus
1145 907 1253 961 suis
1281 904 1557 973 completis
1584 904 1790 958 solutus
1816 904 1969 959 fuerit

366 984 657 1048 mundus,
709 998 828 1037 cum
874 981 1078 1035 venerit
1121 976 1299 1048 iudex
1342 976 1577 1048 omnium
1615 974 1965 1048 occultorum.

365 1054 552 1109 Modo
589 1044 769 1108 autem
819 1051 1026 1105 interim
1070 1062 1256 1102 omnes
1287 1045 1531 1099 homines
1557 1044 1711 1098 nobis
1742 1044 1964 1098 invicem

365 1124 706 1179 ttietttimur.
759 1121 862 1176 Alii
908 1121 1106 1188 lingunt
1146 1132 1207 1172 se
1230 1116 1423 1186 justos,
1460 1129 1582 1188 cum
1627 1115 1735 1167 sint
1765 1114 1962 1188 iniqui;

362 1195 482 1247 alii
511 1193 791 1248 humiliant
810 1205 870 1245 se
892 1199 948 1243 ut
980 1183 1314 1257 peceattues,
1346 1199 1467 1257 cum
1495 1185 1604 1238 sint
1628 1183 1796 1257 sancti
1828 1183 1967 1238 :‘alii

363 1274 572 1319 autem
605 1273 786 1332 turpes
825 1254 1132 1332 actus'suos'
1178 1270 1349 1332 usque
1389 1254 1455 1309 ad
1484 1254 1969 1332 mortemnahsrou-

363 1335 547 1399 dunt,
576 1324 800 1397 amplius
824 1328 1067 1382 homines
1082 1324 1492 1399 erubescentes,
1512 1339 1671 1391 quam
1704 1324 1868 1377 Deum
1893 1324 1966 1378 ti-

367 1395 621 1467 mentes,
648 1395 701 1454 et
725 1413 933 1467 seraper
955 1407 1079 1450 sunt
1108 1395 1428 1467 iuvuluere,
1460 1395 1712 1467 dumpro
1731 1404 1968 1467 tempore

368 1474 581 1527 tmlttnt
608 1462 875 1539 apparere
917 1466 1198 1539 vulnerati:
1230 1462 1329 1533 Qui
1358 1473 1558 1539 autem
1586 1462 1749 1516 Deum
1796 1465 1965 1528 timet,
1993 1488 1998 1494 -

369 1532 782 1599 homines'uon
825 1538 1113 1595 erubescit.
1154 1532 1267 1590 Nec
1286 1534 1441 1605 enim,
1475 1532 1833 1605 pejorpotest
1850 1548 1971 1605 esse

366 1615 551 1667 timor
576 1620 838 1666 terrenus.
863 1623 1021 1677 quam
1048 1622 1203 1677 premi
1247 1603 1497 1659 caelestis.
1537 1603 1748 1677 Quibus
1773 1603 1968 1677 _sit_nile

363 1682 530 1737 erit?
577 1681 758 1735 Decem
784 1671 1077 1747 virginibus.
1107 1674 1330 1747 Quidam
1385 1681 1570 1747 putant
1609 1672 1695 1747 hic
1736 1671 1968 1747 virgines

548 1732 839 1818 de'quibus
858 1732 1557 1818 apostolusjoquiturlm
1587 1742 1686 1818 sint
1710 1732 1899 1818 satirae
1922 1752 1970 1795 et

364 1812 602 1889 corpore
625 1812 671 1871 εἰ
707 1817 888 1884 spiritu
906 1812 994 1887 '(l.
1017 1812 1135 1871 Cor.
1156 1815 1210 1869 7.
1239 1815 1310 1869 54
1407 1813 1474 1867 Et
1514 1812 1728 1889 sapiens
1754 1812 1968 1883 quidem
1998 1868 2003 1875 ,

367 1882 543 1960 virgo
570 1898 669 1960 est,
701 1882 819 1960 quia
847 1894 901 1939 et
926 1882 1152 1960 corpore
1185 1893 1239 1960 et
1263 1882 1459 1960 animo
1478 1882 1627 1960 virgo
1653 1891 1758 1960 est,
1782 1890 1846 1960 _ut
1868 1898 1965 1960 u_e-

367 1951 505 2030 (ιιιέ
527 1951 910 2030 Ιιιιιιθειίνίτιιιιι
935 1951 1106 2025 neque
1130 1953 1325 2009 habere
1350 1952 1635 2007 desideret.
1660 1951 1799 2030 Quid
1826 1954 1968 2030 enim

366 2022 425 2084 s'i
454 2037 559 2083 aut
583 2034 832 2096 parentes
858 2025 975 2093 ejus
1006 2022 1220 2096 propter
1243 2033 1422 2077 votum
1466 2036 1621 2076 suum
1663 2023 1715 2075 in
1753 2022 1971 2091 virgini-

368 2108 503 2154 tate
520 2095 641 2153 eam
668 2102 952 2150 tenuerunt
976 2135 991 2160 ,
1012 2109 1135 2149 cum
1160 2095 1273 2164 ipsa
1302 2102 1479 2148 tamen
1509 2101 1629 2164 post
1658 2102 1838 2146 votum
1870 2108 1971 2147 nu-

368 2171 519 2231 bere
546 2167 809 2222 voluerit?
838 2165 966 2233 quid
1003 2165 1047 2218 si
1079 2162 1379 2233 pro‘aliqua
1419 2162 1705 2217 occasione
1743 2165 1968 2232 quaesita

371 2254 501 2294 non
530 2246 617 2292 est
644 2235 800 2290 talis?
827 2233 952 2289 llaec
985 2234 1031 2289 si
1059 2249 1165 2289 non
1195 2243 1281 2289 est
1307 2233 1856 2302 nupta,rvoluntatem
1889 2243 1969 2288 ta-

364 2325 512 2365 men
568 2305 801 2361 nubendi
857 2304 1060 2367 habuit,
1115 2318 1343 2372 corpore
1386 2301 1611 2372 quidem
1661 2303 1809 2371 virgo
1861 2313 1966 2367 est,

365 2381 572 2435 animo
594 2387 771 2432 autem
806 2384 969 2445 nupta
998 2392 1013 2429 :
1061 2375 1194 2445 quia.
1212 2387 1405 2445 corpus
1434 2388 1595 2445 opere
1623 2372 1930 2427 sordidatur
1948 2414 1964 2440 ,

368 2449 603 2506 animus
626 2458 803 2502 autem
832 2441 1123 2500 voluntate.
1163 2441 1414 2512 Quamvis
1442 2441 1747 2511 frequenter
1765 2484 1780 2505 ,
1813 2458 1969 2498 occa-

366 2521 544 2576 sione
580 2517 914 2573 neccssitatis
951 2515 1202 2579 carnalis,
1256 2514 1394 2568 Deus
1422 2522 1635 2582 praestet
1666 2513 1968 2570 hominibus

369 2586 810 2644 misericordiam
837 2586 1166 2655 spiritualem
1193 2603 1207 2640 :
1234 2584 1291 2655 si
1309 2593 1482 2637 tamen
1512 2592 1695 2651 postea
1722 2585 1967 2640 voluntas

368 2658 693 2714 necessitati
721 2654 1053 2720 consentiat,
1082 2670 1187 2709 non
1217 2654 1392 2709 solum
1418 2663 1594 2709 autem
1617 2661 1675 2708 ut
1699 2668 1805 2707 non
1834 2668 1964 2709 con-

366 2730 649 2800 cupiscat,
672 2725 775 2800 sed
801 2726 1256 2800 etiam_abstioeat
1278 2738 1338 2780 se
1362 2723 1432 2778 ab
1456 2724 1604 2800 omni
1629 2739 1689 2778 re
1709 2723 1846 2800 mata
1871 2734 1969 2800 ,_ut

368 2793 564 2870 neque
584 2798 761 2870 faciat,
784 2811 955 2870 neque
976 2796 1251 2870 loquatur:
1266 2808 1437 2870 neque
1462 2794 1660 2863 cogitet
1683 2793 1823 2870 qu_od
1853 2794 1967 2849 dis-

370 2863 585 2938 pliceat
614 2869 722 2922 Deo
767 2884 781 2920 :
813 2863 938 2937 quia
984 2863 1182 2938 corpus
1227 2864 1537 2926 fornicatur,
1571 2863 1967 2938 _quando__cum

372 2932 503 2995 'viro
531 2932 873 3006 coniungitur
919 2953 932 2989 :
965 2932 1140 3006 anima
1169 2942 1347 3006 autem
1368 2974 1384 3000 ,
1411 2932 1624 3003 quando
1650 2933 1846 3006 diaboli
1868 2949 1966 2989 vo-

373 3001 685 3064 luntatibus
733 3001 983 3061 sociatur.
1025 3004 1156 3073 Qua:
1179 3002 1295 3058 haec
1333 3001 1439 3057 non
1483 3012 1677 3064 servat,
1711 3001 1853 3057 fatua
1880 3013 1965 3060 est

373 3082 501 3147 ipsa
535 3078 705 3146 virgo.
747 3076 817 3131 Et
841 3092 966 3131 vere
992 3074 1133 3129 fatua
1161 3085 1274 3147 est,
1295 3090 1413 3147 qute
1445 3087 1539 3141 per
1561 3074 1729 3147 solum
1755 3074 1970 3147 virgini-

377 3143 556 3204 tatem
596 3143 838 3216 corporis
894 3156 1043 3214 putat
1087 3143 1325 3216 se‘Deo’
1353 3143 1580 3216 placere.
1636 3143 1773 3198 Ecce
1824 3145 1965 3216 enim

371 3213 835 3290 quemadmodum
873 3213 996 3269 cum
1027 3213 1317 3290 manducas
1358 3222 1414 3290 et
1450 3213 1620 3276 bibis,
1655 3229 1759 3290 non
1792 3214 1966 3267 anima

371 3283 690 3347 titandueat,
721 3286 814 3341 sed
843 3301 1037 3354 corpus
1068 3301 1082 3336 :
1114 3300 1201 3338 res
1228 3283 1381 3337 enim
1399 3283 1751 3354 incorporalis
1775 3298 1968 3350 corpo-

376 3360 480 3413 rali
526 3358 647 3411 cibo
675 3372 779 3410 non
808 3352 1040 3424 pascitur
1068 3373 1082 3407 :
1109 3355 1188 3407 sic
1212 3369 1331 3406 cum
1364 3352 1447 3406 vir
1476 3353 1709 3424 mulieri,
1733 3362 1825 3424 aut
1852 3370 1968 3408 tnu-

378 3430 484 3482 tier
511 3428 628 3481 viro
651 3422 1011 3495 eouju’ttgitur,
1039 3439 1144 3477 non
1174 3425 1350 3495 anima
1381 3422 1663 3495 capulatur
1681 3462 1695 3485 ,
1723 3422 1816 3495 sed
1845 3437 1966 3477 cor-

375 3513 504 3564 pus.
548 3492 832 3565 Propterea
858 3492 1176 3565 rl'requenter
1208 3494 1295 3565 lit,
1340 3502 1397 3545 ut
1422 3501 1582 3565 nupta
1611 3492 1819 3549 sialias
1857 3507 1962 3565 non

377 3563 591 3635 peccet,
634 3563 819 3635 melior
847 3566 947 3628 sit,
976 3563 1272 3635 quatnilla,
1301 3579 1419 3632 qua:
1460 3563 1608 3631 virgo
1632 3572 1732 3625 est,
1761 3574 1815 3616 et
1835 3564 1966 3620 alias

379 3633 594 3705 peccat.
642 3633 901 3711 Quoniam
950 3633 1120 3711 si_illa
1158 3647 1274 3711 non
1316 3641 1502 3711 peccat
1530 3648 1648 3699 qua:
1673 3638 1833 3710 nupta
1859 3644 1963 3699 est,

377 3701 615 3773 corpore
649 3703 862 3773 quidem
899 3708 1060 3767 nupta
1091 3710 1172 3753 est
1196 3741 1210 3762 ,
1244 3701 1422 3773 animo
1462 3710 1639 3753 autem
1687 3701 1835 3769 virgo
1859 3714 1961 3773 est.

376 3768 519 3843 Qui:
564 3768 739 3827 autem
767 3771 897 3825 alias
924 3779 1105 3843 peccat
1129 3809 1143 3830 ,
1175 3778 1228 3823 et
1258 3768 1553 3843 virgo_est_:
1594 3782 1820 3843 cgrporc
1849 3772 1967 3843 qui-

376 3837 507 3898 dem
538 3844 689 3911 virgo
711 3850 814 3906 est,
865 3837 1045 3895 animo
1084 3848 1260 3911 autem
1289 3838 1594 3911 fornicaria.
1622 3837 1726 3911 Sed
1750 3854 1836 3911 _ne
1864 3839 1964 3894 de-

377 3930 607 3984 sperare
624 3908 899 3984 iaciamus
912 3911 1071 3964 etiam
1095 3909 1332 3984 virgines
1359 3908 1548 3984 bonas,
1573 3909 1696 3984 quia
1729 3908 1966 3984 diximus

381 3977 482 4056 per
505 3982 990 4056 concupiscentiam
1022 3977 1227 4056 animas
1262 3977 1545 4056 fornicari,
1573 3977 1849 4056 sciendum
1879 3988 1963 4056 est

377 4048 527 4123 quod
570 4048 712 4106 aliud
749 4061 829 4123 est
867 4050 1266 4123 concupiscere,
1318 4048 1460 4101 aliud
1492 4048 1674 4123 vellca
1698 4048 1965 4116 hioncupi-

378 4118 559 4187 scere,
591 4122 851 4191 passionis
873 4129 990 4182 est,
1040 4120 1175 4173 velle
1222 4128 1399 4191 autem
1428 4118 1673 4191 arbitriis
1706 4166 1711 4171 .
1750 4131 1966 4191 tequeng

379 4205 465 4251 ter
519 4187 664 4248 enim
721 4191 1149 4259 concupiscimus
1196 4189 1355 4243 etiam
1396 4188 1542 4259 quod
1588 4187 1856 4242 nolumus.
1906 4190 1993 4244 Si‘

379 4280 514 4335 ergo
539 4258 988 4332 concupiscentia:
1016 4276 1124 4335 μου
1165 4258 1432 4335 consentit
1462 4259 1739 4323 voluntas,
1766 4272 1967 4335 concu-

379 4328 650 4405 piscentia
688 4328 800 4387 sola
838 4347 944 4405 non
978 4330 1233 4405 damnat,
1267 4328 1436 4397 magis
1468 4337 1647 4405 autem
1676 4336 1730 4382 et
1767 4328 1965 4405 glorio-

386 4397 589 4459 siorem
627 4404 753 4458 facit
801 4401 1120 4470 virginitatis
1163 4413 1437 4453 coronam.
1488 4397 1640 4470 Nunc
1690 4399 1965 4470 veniamus

381 4475 449 4528 ad
504 4473 835 4544 spiritualem
888 4469 1004 4544 ejus
1056 4470 1437 4544 narrationem.
1497 4469 1689 4544 Decem
1732 4469 1963 4544 virgines

382 4538 574 4597 omnes
613 4544 857 4599 homines
878 4538 1041 4607 dicit,
1079 4555 1306 4609 quorum
1354 4539 1459 4592 vita
1501 4538 1688 4593 decem
1717 4540 1964 4593 sensibus

385 4622 734 4681 sustentatur,
758 4614 987 4681 quinque
1015 4610 1319 4665 carnalibus
1343 4651 1357 4670 ,
1382 4623 1438 4663 et
1460 4609 1695 4679 quinque
1715 4609 1967 4676 spiritua-

386 4678 569 4744 libus;
599 4678 832 4733 onmituu
852 4678 1000 4736 enim
1026 4681 1299 4735 hominum
1325 4680 1446 4733 dua:
1480 4678 1607 4733 Sunt
1635 4688 1829 4747 partes.
1854 4681 1961 4734 Aut

384 4750 532 4803 enim
557 4760 860 4816 peccatores
888 4761 1009 4803 sunt
1041 4790 1057 4813 ,
1088 4758 1177 4803 aut
1196 4750 1347 4818 justi.
1376 4750 1692 4803 PeCCatores
1715 4790 1730 4812 ,
1758 4747 1846 4816 qui
1878 4764 1965 4803 se-

389 4818 621 4874 cundum
644 4820 886 4889 carnales
914 4820 1192 4889 ambulant
1216 4834 1406 4874 sensus
1437 4834 1452 4872 :
1470 4819 1620 4887 justi,
1651 4819 1742 4889 qui
1774 4833 1967 4873 secun-

378 4892 516 4944 dum
556 4888 881 4956 spiritualcs.
910 4887 1054 4957 Ergo
1082 4899 1136 4941 et
1159 4903 1318 4942 omne
1341 4904 1509 4957 genus
1540 4887 1873 4957 peccatorum
1912 4892 1962 4942 iu

389 4962 625 5029 quinque
643 4957 917 5021 dividitur,
936 4969 991 5012 et
1010 4960 1618 5026 omuegcnusjustorum
1637 4960 1687 5013 in
1704 4960 1958 5028 quinque,

390 5029 680 5084 secundmn
714 5043 992 5083 numerum
1020 5042 1295 5091 sensuum,
1330 5045 1434 5080 non
1460 5031 1748 5083 secundum
1780 5046 1966 5083 nurne-

393 5116 507 5154 rum
535 5100 827 5154 hominum.
856 5099 961 5153 llas
983 5108 1160 5169 autem
1184 5098 1414 5169 virgines
1433 5098 1742 5154 dividendas
1763 5100 1966 5169 profert

388 5170 654 5236 Christus,
676 5169 891 5240 quando
905 5178 959 5223 et
979 5168 1105 5234 justi
1126 5169 1194 5240 ab
1209 5167 1423 5240 injustis
1441 5178 1495 5221 et
1510 5168 1678 5223 sancti
1697 5185 1726 5223 a
1747 5167 1967 5238 perver-

392 5241 466 5295 sis
509 5255 601 5309 per
645 5236 864 5293 verbum
916 5254 1070 5294 suum
1111 5236 1379 5309 dividendi
1424 5248 1591 5309 sunt;
1631 5248 1689 5309 ut
1729 5236 1965 5309 quinque

393 5306 607 5379 quidem
627 5319 896 5380 ponantur
918 5309 983 5363 ad
1024 5309 1298 5380 dexteram
1330 5308 1458 5380 justi
1478 5306 1699 5380 Jttdicis.
1733 5306 1835 5380 huc
1858 5306 1960 5370 est,

395 5378 657 5449 sapientes
681 5398 695 5435 :
717 5382 951 5450 quinque
967 5390 1143 5433 autem
1171 5378 1235 5429 ad
1258 5378 1547 5450 sinistram,
1565 5379 1630 5450 id
1651 5389 1752 5440 est,
1780 5379 1958 5433 l'atme.

396 5446 699 5504 secundum
734 5446 912 5503 autem
944 5449 1255 5516 mysterium
1281 5458 1336 5501 et
1362 5446 1537 5501 Moses
1562 5449 1613 5501 in
1648 5449 1853 5503 duabus
1883 5461 1962 5503 ta-

399 5520 529 5574 bulis
583 5522 759 5589 legem
810 5523 1042 5588 suscepit
1095 5520 1281 5572 decem
1330 5518 1613 5571 verborum
1658 5534 1670 5569 :
1730 5520 1963 5588 quinque

396 5591 604 5655 quidem
634 5588 887 5643 mandata
908 5590 958 5642 in
985 5589 1159 5641 tabula
1188 5602 1311 5651 una,
1342 5589 1573 5657 quinque
1599 5596 1775 5641 autem
1801 5589 1855 5644 in
1883 5601 1961 5642 ta~

399 5660 515 5713 bula
554 5662 743 5713 altera.
782 5660 930 5714 Sicut
968 5675 1098 5727 ergo
1140 5660 1332 5711 tubuli:
1381 5658 1686 5710 testamenti
1719 5658 1860 5711 illius
1912 5660 1961 5712 in

399 5746 497 5785 uno
541 5731 753 5803 quidem
807 5731 1100 5797 hau-ebant,
1155 5740 1329 5783 tuneo
1375 5745 1481 5782 non
1523 5737 1731 5799 poterat
1764 5730 1877 5783 licri
1907 5741 1963 5783 ut

3556 311 3660 364 {no
3680 272 3696 377 _’

2078 418 2247 473 amba:
2278 420 2465 491 tierent
2485 417 2550 472 ad
2577 417 2849 474 dexteram
2881 414 3111 491 legentis
3139 438 3151 473 :
3180 414 3274 476 sed
3300 435 3520 476 necesse
3541 433 3655 476 erat

2077 499 2134 543 ut
2164 504 2263 541 uua
2317 490 2529 559 quidem
2573 504 2694 544 cum
2722 490 2955 559 quinque
2973 500 3116 545 esset
3157 492 3226 559 ad
3249 491 3546 559 dexteram,
3574 495 3650 546 al-

2075 568 2187 613 tera
2213 557 2388 631 autem
2415 574 2541 631 cum
2562 561 2795 631 quinque
2810 557 2925 613 aliis
2947 572 3089 616 e~set
3132 557 3197 613 ad
3236 557 3503 614 sinistram
3531 563 3654 631 :ﬂsic

2073 642 2261 682 omnes
2300 627 2593 683 Christiani
2637 627 2840 684 in‘una
2892 638 3144 685 tenentur
3183 632 3480 683 vocatione.
3534 630 3652 686 Non

2074 710 2155 754 est
2182 709 2357 754 autem
2384 699 2655 768 possibile,
2699 708 2757 753 ut
2788 715 2974 755 omnes
2999 700 3065 753 ad
3104 700 3381 754 dexteram
3410 699 3538 753 liant
3562 715 3652 754 se-

2073 768 2248 840 dentis
2281 786 2293 821 :
2322 769 2413 823 sed
2446 784 2680 840 necesse
2704 780 2780 824 est
2811 811 2826 834 ,
2861 781 2917 824 ut
2959 769 3086 838 justi
3138 770 3351 840 quidem
3408 770 3538 823 liant
3582 771 3651 824 ad

2075 839 2379 899 dexteram,
2406 839 2456 893 id
2487 847 2589 902 est,
2616 841 2853 909 quinque
2899 839 3167 908 Sapientes
3212 856 3227 892 :
3267 839 3446 909 injusti
3476 851 3654 893 autem

2072 909 2140 961 ad
2167 909 2453 979 sinistram.
2472 909 2541 979 id
2560 918 2643 965 est
2666 951 2681 974 ,
2713 910 3039 979 insipientes.
3065 909 3287 977 Quidam
3315 909 3653 979 putanthauc

2076 978 2379 1049 parabolam
2418 978 2482 1033 ad
2510 994 2698 1033 omnes
2737 978 3005 1049 pertinere
3026 1022 3040 1044 ,
3069 990 3124 1034 ct
3159 979 3225 1033 ad
3251 978 3532 1034 haareticos
3553 1021 3568 1044 ,
3600 990 3654 1034 et

2072 1048 2138 1120 ad
2164 1047 2798 1120 Judasos,_pra-terquam
2830 1051 2895 1105 ad
2938 1050 3164 1120 gentiles
3209 1065 3225 1104 :
3271 1050 3522 1120 quoniam
3578 1051 3652 1103 illi

2074 1118 2334 1174 idolorum
2354 1118 2569 1189 cultura
2596 1118 2830 1187 corrupti
2865 1118 2988 1174 sunt
3008 1163 3023 1184 ,
3052 1130 3104 1174 et
3136 1120 3366 1189 virgines
3399 1119 3502 1172 dici
3542 1135 3649 1174 non

2075 1198 2313 1311 possunt.
2350 1188 2487 1243 Vere
2514 1197 2689 1243 autem
2719 1205 2816 1244 nec
2838 1190 2905 1244 ad
2935 1190 3148 1245 Jtldatus
3180 1188 3426 1258 pertinet,
3462 1205 3559 1243 nec
3585 1192 3653 1244 ad

2113 1259 2355 1311 :ereticos
2390 1276 2405 1311 :
2447 1258 2571 1311 auia
2615 1274 2720 1311 non
2760 1270 2982 1311 possunt.
3026 1260 3194 1311 Judaei
3232 1259 3335 1311 dici
3383 1258 3652 1311 virgines.

2113 1259 2355 1313 :ereticos
2390 1276 2405 1312 :
2447 1258 2571 1327 quia
2615 1274 2720 1312 non
2760 1270 2982 1327 p0ssuut
3026 1260 3194 1315 Jud:ei
3232 1259 3335 1314 dici
3383 1258 3652 1328 virgines,

2072 1328 2162 1450 qui
2189 1329 2428 1397 projecto
2454 1336 2507 1382 et
2531 1328 2789 1383 crueilixo
2817 1345 3015 1399 sponso
3034 1371 3050 1395 ,
3080 1329 3378 1384 adulterum
3408 1344 3570 1396 super
3594 1345 3655 1384 se

2113 1398 2341 1450 ialiolum
2370 1407 2737 1450 susceperunt.
2783 1397 2963 1450 Neque
3000 1400 3233 1450 hmretlci
3281 1398 3513 1450 virgines
3548 1400 3654 1450 diei

2113 1398 2341 1453 iabolum
2370 1407 2737 1468 susceperunt.
2783 1397 2963 1468 Neque
3000 1400 3233 1453 lucretlci
3281 1398 3513 1467 virgines
3548 1400 3654 1455 dici

2076 1477 2329 1535 possunt,
2362 1468 2451 1537 qui
2483 1465 2539 1521 et
2573 1465 2670 1536 ipsi
2702 1465 3001 1523 adulterino
3040 1483 3201 1522 sensu
3227 1465 3461 1537 corrupti
3491 1478 3651 1536 sunt,

2074 1548 2129 1591 et
2166 1537 2524 1608 virginitatem
2556 1538 2794 1608 veritatis
2820 1538 3017 1593 Christi
3069 1538 3367 1592 adulterino
3404 1553 3654 1608 senuone

2073 1604 2443 1677 corrumpunt.
2471 1606 2578 1662 Sed
2601 1604 2669 1677 ad
2695 1604 3055 1663 Chrisdanum
3084 1606 3454 1662 tantummodo
3478 1622 3651 1677 popu-

2078 1676 2188 1731 lum
2217 1676 2465 1747 pertinet,
2491 1676 2558 1731 de
2589 1676 3054 1747 quilmsscriptum
3085 1688 3203 1731 est:
3235 1676 3409 1747 S_tatui
3446 1676 3536 1730 eos
3561 1679 3652 1731 imi

2074 1747 2181 1800 viro
2196 1744 2446 1818 uirginem
2487 1755 2676 1818 castam
2712 1744 2949 1818 exhibere
2982 1746 3203 1800 Christo.
3250 1744 3427 1818 Timeo
3460 1756 3651 1815 autern,

2074 1833 2139 1870 ne
2160 1814 2296 1870 sicut
2318 1832 2523 1886 serpens
2546 1815 2743 1871 seduxit
2768 1814 2962 1870 [leuam
2987 1818 3173 1869 astutia
3191 1832 3307 1880 sua,
3333 1817 3407 1869 sie
3425 1814 3657 1886 carrum;

2077 1897 2262 1955 paritur
2305 1884 2483 1941 sensus
2524 1886 2672 1940 uestri
2712 1903 2742 1938 a
2788 1888 3035 1950 castitate,
3076 1900 3194 1955 qua:
3228 1893 3301 1939 est
3345 1885 3401 1939 in
3449 1884 3656 1941 Christo

2071 1954 2199 2043 {an
2227 1955 2453 2043 (ἔχθρη
2486 1958 2571 2043 ti.-
2600 1957 2655 2010 ε·
2684 1956 2761 2043 il.-
2794 1956 2974 2043 latue
2997 1954 3192 2043 ,εῖείιῖειι
3230 1956 3467 2043 limites
3504 1967 3651 2043 εξιωε

2072 2040 2192 2108 qtue
2237 2024 2893 2108 [idemtquidemdlitristi
2939 2027 3197 2108 integram
3242 2024 3459 2108 habenti,
3487 2040 3651 2108 opera

2072 2106 2249 2151 autem
2285 2094 2503 2165 iustitia;
2537 2110 2641 2151 non
2671 2096 2889 2152 habent.
2936 2094 3107 2152 Judaei
3151 2110 3281 2150 vero
3317 2105 3374 2149 et
3415 2094 3652 2151 haeretici

2075 2181 2247 2235 neque
2275 2161 2432 2222 fidem
2470 2161 2702 2231 habent,
2750 2182 2922 2235 neque
2960 2182 3122 2236 opera
3163 2174 3389 2236 possunt
3432 2166 3649 2220 habere.

2072 2237 2178 2291 Sed
2201 2246 2258 2292 et
2293 2238 2339 2291 si
2365 2251 2588 2307 operum
2616 2238 2805 2307 roleum
2837 2235 3101 2302 habeant,
3130 2235 3262 2290 nihil
3289 2236 3369 2291 eis
3395 2236 3651 2307 prodest:

2071 2308 2196 2371 quia
2245 2304 2515 2370 lampades
2558 2304 2681 2363 lidei
2722 2323 2837 2376 non
2874 2307 3068 2361 habent
3093 2348 3108 2368 ,
3157 2318 3291 2376 quas
3329 2305 3651 2376 accendant.

2074 2376 2220 2430 Tum:
2242 2377 2404 2431 simile
2445 2378 2558 2431 erit.
2589 2377 2769 2443 Bene,
2796 2375 2941 2430 Tum:
2971 2392 2990 2431 :
3015 2376 3141 2446 quia
3183 2375 3396 2430 interim
3426 2390 3532 2429 non
3557 2391 3655 2444 ap-

2073 2454 2225 2517 paret
2268 2462 2387 2516 quae
2428 2447 2716 2517 prudentes
2757 2448 2867 2502 siut
2893 2488 2908 2512 ,
2954 2462 3075 2517 quae
3117 2448 3274 2501 fatuae
3311 2462 3324 2517 ς
3374 2459 3654 2517 quousque

2074 2514 2199 2572 iunc
2223 2514 2403 2570 multa:
2428 2514 2601 2571 latum
2627 2518 2755 2587 ﬁent
2782 2514 3067 2587 prudentes
3088 2559 3104 2581 ,
3137 2527 3192 2571 et
3218 2514 3400 2587 nndtaa
3426 2530 3544 2583 qua:
3575 2516 3652 2568 vi-

2072 2588 2268 2643 d'eutur
2298 2587 2586 2656 prudentes
2609 2628 2624 2650 ,
2659 2585 2818 2641 latine
2841 2587 3159 2656 eilieientur.
3192 2585 3321 2651 Qui:
3356 2595 3654 2656 acceperunt

2073 2655 2333 2726 lampades
2362 2674 2499 2712 suas.
2529 2657 2757 2727 Lampas
2780 2655 2974 2711 dicitur
3003 2657 3135 2712 fides
3155 2699 3170 2721 ,
3202 2656 3325 2727 quia
3357 2655 3497 2727 sicut
3523 2656 3655 2727 lam.

2073 2724 2458 2798 pas'illuminat
2498 2724 2721 2782 domum
2752 2728 2802 2781 in
2837 2742 2941 2795 qua
2968 2736 3085 2793 est,
3126 2724 3366 2798 siciides
3391 2724 3657 2798 illuminat

2071 2794 2303 2853 animam
2353 2798 2508 2867 cujus
2550 2805 2673 2867 est._
2703 2794 3023 2852 Accenditur
3064 2805 3243 2850 autem
3288 2794 3414 2867 hac"
3451 2796 3655 2867 lampas

2074 2868 2194 2934 igne
2221 2867 2383 2921 divini
2423 2865 2595 2922 verbi.
2628 2865 2861 2922 Verbum
2901 2867 3044 2922 enim
3080 2867 3170 2919 Dei
3205 2866 3342 2936 ignis
3367 2873 3470 2927 est,
3507 2866 3653 2936 sicut

2071 2937 2201 3007 dicit
2226 2939 2479 2992 Dominus
2509 2936 2731 3007 ειθιιεηι
2772 2937 2882 2990 veni
2926 2936 3121 3007 mittere
3163 2933 3461 3007 iu'terrauti
3495 2933 3647 3004 (Luc.

2074 3004 2162 3063 19.
2189 3008 2307 3076 49).
2351 3008 2478 3062 item
2521 3003 2730 3061 dicente
2753 3007 2998 3073 apostolo
3022 3022 3041 3061 .'
3072 3005 3229 3059 Fides
3256 3021 3320 3059 ea:
3341 3003 3547 3076 auditu,
3560 3021 3656 3055 au-

2072 3076 2207 3131 ditus
2230 3075 2398 3149 autem
2418 3093 2515 3149 per
2536 3076 2745 3149 verbum
2771 3076 2862 3129 Dei
2890 3076 3067 3149 (liam.
3098 3078 3181 3129 ιθ.
3212 3076 3325 3149 17).
3371 3075 3653 3149 Accipiunt

2070 3157 2251 3201 autem
2285 3146 2528 3202 homines
2556 3146 2691 3201 hanc
2737 3146 3032 3214 lampadem
3055 3189 3070 3211 ,
3116 3146 3330 3216 quando
3366 3146 3652 3216 venientes

2073 3219 2137 3287 ad
2169 3217 2439 3271 Christum
2465 3258 2479 3282 ,
2514 3231 2607 3286 per
2632 3215 2938 3271 sacerdotes
2965 3214 3231 3282 accipiunt
3263 3214 3651 3287 traditamisibi

2074 3284 2309 3343 veritatis
2352 3284 2671 3341 doctrinam.
2714 3288 2819 3340 Aut
2863 3287 3001 3340 sicut
3040 3287 3175 3339 alius
3205 3293 3354 3354 putat
3379 3324 3393 3347 ,
3429 3284 3651 3354 verbum

2074 3358 2206 3422 Dei,
2248 3360 2388 3425 quod
2434 3359 2735 3427 accepimus
2773 3357 3091 3427 accedentes
3127 3353 3491 3427 ad’Christum
3519 3394 3534 3417 ,
3563 3353 3651 3406 lu-

2070 3442 2229 3481 cerna
2261 3423 2361 3489 est,
2394 3423 2684 3480 secundum
2712 3426 3130 3496 quodscriptum
3158 3434 3278 3496 est»;
3311 3423 3541 3496 Lucerna
3567 3439 3653 3489 pe-

2070 3498 2218 3551 dibus
2241 3498 2363 3549 meis
2399 3496 2601 3549 verbum
2632 3493 2772 3549 tuum
2806 3493 3127 3565 (PsalfilS.
3163 3494 3310 3563 105).
3337 3493 3525 3565 Oleum
3555 3507 3654 3547 au—

2070 3576 2177 3621 tem
2204 3566 2446 3629 doctrina
2472 3563 2851 3631 sacerdotum,
2894 3575 2985 3619 aut
3009 3574 3322 3620 camerarum
3347 3563 3653 3630 Scriptura-

2071 3652 2209 3689 rum.
2240 3636 2497 3702 Quoniam
2528 3637 2664 3690 sicut
2694 3636 2930 3701 lucerna,
2958 3635 3060 3689 nisi
3087 3636 3135 3689 ei
3164 3633 3652 3705 subministraveris

2070 3708 2266 3775 oleum,
2295 3707 2663 3775 exstinguetur
2691 3723 2705 3757 :
2735 3706 2813 3759 sic
2842 3705 3060 3775 verbum
3092 3705 3210 3757 ﬁdei
3241 3714 3437 3775 nostrae
3462 3743 3477 3775 ρ
3506 3703 3649 3775 quod

2070 3774 2351 3829 credentes
2377 3771 2681 3840 accepimus
2704 3815 2719 3837 ,
2754 3774 2853 3826 nisi
2879 3775 3109 3827 assiduis
3136 3774 3399 3826 nutriatur
3443 3771 3650 3824 doctri-

2071 3845 2174 3903 nis.
2204 3851 2296 3895 aut
2324 3843 2755 3896 meditationibus
2778 3843 3174 3908 Scripturarnm
3200 3882 3216 3907 ,
3256 3840 3609 3909 exstinguitur
3631 3879 3650 3906 ,

2070 3922 2125 3967 et
2179 3927 2281 3965 non
2323 3916 2451 3965 satis
2492 3912 2753 3964 illuminat
2796 3913 3048 3964 animam.
3095 3913 3199 3965 Aut
3240 3910 3414 3963 oleum
3457 3909 3654 3962 dicitur

2070 3997 2204 4051 Opus
2228 3981 2628 4035 miserimmihc.
2659 3982 2791 4046 Quia
2821 3982 2958 4034 sicut
2981 3981 3156 4033 olcutu
3185 3981 3361 4034 lumen
3393 3979 3653 4051 lampadis

2071 4048 2251 4118 fovet,
2317 4052 2392 4106 sic
2429 4066 2591 4115 Opera
2640 4051 2776 4105 bona
2823 4051 3227 4103 suluniuistrant
3268 4048 3652 4104 conﬁdentiam

2072 4122 2229 4186 lidei,
2293 4131 2348 4176 et
2397 4121 2635 4189 vigorem
2681 4119 2998 4189 accendunt.
3054 4120 3404 4189 Etoeuerunt
3453 4118 3649 4189 obviam

2070 4208 2255 4259 sponso
2282 4202 2327 4244 et
2351 4187 2573 4260 sponsor.
2603 4190 2849 4260 Beueait
2871 4231 2886 4255 ,
2926 4188 3198 4260 Venerunt,
3226 4187 3441 4260 quando
3465 4204 3532 4241 ex
3565 4188 3653 4240 illa

2068 4258 2173 4325 die,
2205 4278 2305 4330 qua
2334 4258 2491 4314 humo
2516 4262 2686 4315 credit
2713 4258 2929 4314 Christo
2946 4301 2962 4324 ,
2993 4261 3139 4327 quasi
3166 4259 3233 4312 de
3252 4258 3439 4330 seipse
3460 4273 3646 4330 egres-

2068 4346 2160 4387 Sus
2182 4373 2196 4394 ,
2223 4327 2279 4384 rt
2305 4331 2372 4386 de
2399 4331 2617 4394 mundo,
2646 4333 2724 4385 ire
2756 4331 2967 4384 videtur
3001 4330 3209 4383 obviam
3239 4327 3454 4383 Christo
3483 4345 3497 4380 :
3529 4327 3650 4395 quia

2067 4401 2306 4471 qtuuidie
2334 4400 2830 4471 Christiexspectat
2857 4401 3164 4454 adventum.
3198 4399 3350 4453 Sicut
3373 4397 3515 4452 enim
3557 4396 3646 4464 qui

2068 4472 2277 4525 obviam
2320 4471 2464 4525 vadit
2504 4470 2683 4536 alicui,
2735 4472 2788 4524 in
2828 4472 2912 4523 via
2955 4479 3078 4532 stat,
3130 4478 3185 4523 et
3208 4474 3483 4535 exspectat
3522 4481 3648 4536 eum

2067 4541 2322 4611 quamdiu
2344 4541 2519 4611 veniat
2548 4559 2562 4594 :
2598 4534 2675 4594 ita
2696 4543 2785 4610 qui
2832 4539 3005 4611 credit
3034 4540 3086 4593 in
3117 4534 3387 4611 Christum
3409 4578 3424 4600 ,
3452 4537 3531 4590 sic
3559 4534 3655 4611 dy-

2020 4618 2025 4622 ’
2068 4605 2159 4665 bet
2187 4611 2364 4666 vivere
2393 4610 2446 4664 in
2474 4610 2574 4664 hoc
2599 4605 2817 4673 samulo,
2843 4610 2993 4680 quasi
3023 4610 3437 4680 peregrinus,_et_
3458 4622 3562 4680 non
3596 4605 3650 4658 iu

2068 4682 2200 4743 Suis,
2232 4681 2327 4737 sed
2361 4682 2411 4734 in
2441 4682 2663 4734 transitu
2692 4676 2914 4749 positus.
2949 4676 3238 4748 Pi‘bpterea
3265 4688 3315 4732 et
3338 4676 3646 4749 Jlldtei‘ch

2065 4751 2190 4817 ituri
2217 4751 2285 4806 de
2322 4750 2583 4822 ngypto,
2604 4744 2854 4822 _ex'pediti
2885 4759 2947 4804 et
2970 4744 3238 4822 pnecitteti
3279 4762 3472 4822 agnum
3511 4744 3647 4822 jussi

2068 4830 2194 4874 sunt
2223 4818 2542 4875 manducare
2568 4819 2764 4888 (Exod.
2802 4821 2913 4883 1‘2):
2940 4831 2996 4873 et
3022 4820 3087 4871 ad
3116 4818 3416 4871 exeundum
3450 4820 3641 4885 parati,

2068 4893 2413 4946 ostendentes
2442 4890 2594 4945 nobis
2618 4931 2633 4954 ,
2665 4889 2933 4958 quomodo
2962 4888 3284 4957 quicumque
3313 4888 3477 4941 nostri
3509 4888 3644 4953 Agui

2068 4962 2442 5016 eucharistiam
2469 4960 2810 5018 manducant.
2841 4960 2907 5012 ita
2937 4959 3130 5012 debent
3157 4971 3374 5026 semper
3391 4971 3513 5010 esse
3553 4973 3646 5026 cx-

2071 5031 2266 5099 pediti.
2298 5032 2448 5100 quasi
2479 5029 2713 5100 quotidie
2751 5030 2942 5083 exituri
2984 5028 3051 5082 de
3079 5025 3296 5081 mundo.
3342 5026 3449 5080 Nec
3491 5025 3654 5079 mire-

2069 5103 2161 5163 ris,
2209 5099 2329 5170 quia
2365 5101 2499 5153 dixit
2542 5100 2619 5170 ire
2661 5099 2869 5152 obviam
2916 5113 3115 5163 Sponso
3146 5107 3214 5170 et
3242 5111 3646 5170 spon_s:e,_cut_n

2070 5164 2306 5225 EceleSia
2332 5171 2469 5224 inter
2490 5183 2587 5222 nos
2607 5168 2864 5224 habeatur
2885 5183 3102 5237 sponsa.
3127 5164 3282 5223 Sicut
3303 5168 3446 5223 enim
3490 5164 3645 5220 Chri-

2067 5252 2184 5295 stus
2210 5256 2330 5293 cum
2357 5240 2425 5294 sit
2451 5240 2590 5293 inter
2620 5253 2719 5293 nos
2737 5280 2752 5301 .
2778 5248 2951 5293 tamen
2982 5248 3235 5293 venturus
3258 5238 3453 5293 dicitur
3475 5277 3491 5295 .
3519 5250 3645 5287 eum

2068 5310 2372 5378 apparuerit
2401 5310 2453 5364 in
2481 5308 2650 5379 gloria
2680 5325 2695 5361 :
2722 5309 2802 5364 sic
2840 5309 3160 5382 etiEcrlcsia
3188 5308 3430 5378 quamvis
3456 5305 3543 5382 sit,
3565 5304 3647 5382 in-

2070 5373 2152 5434 ter
2189 5396 2304 5443 nos,
2339 5373 2513 5433 tameu
2559 5388 2778 5432 ventura
2819 5380 3045 5439 dicitur,
3095 5373 3218 5433 cum
3246 5373 3553 5447 apparuerit
3589 5373 3650 5447 iu

2067 5450 2233 5519 gloria
2268 5442 2386 5503 sua.
2434 5450 2721 5516 Propterea
2763 5449 2892 5503 dicit
2923 5451 3253 5519 Apostolus;
3281 5442 3478 5519 'illortui
3506 5442 3652 5519 fuit»

2068 5510 2205 5582 estis,
2239 5530 2284 5572 et
2310 5521 2408 5571 vim
2437 5510 2598 5574 vestra
2620 5520 2915 5573 abscondita
2944 5510 3016 5572 est
3043 5536 3156 5572 rum
3185 5516 3384 5569 Christo
3408 5514 3461 5564 iu
3495 5510 3602 5563 Deo
3631 5527 3659 5563 :.

2068 5607 2181 5643 cum
2207 5600 2373 5657 autent
2397 5589 2628 5644 Christus
2668 5590 2960 5659 apparuerit
2986 5590 3084 5642 ritu
3109 5598 3311 5659 vestrm.
3341 5593 3458 5659 truta
3486 5590 3533 5659 et
3561 5596 3650 5632 vos

2068 5654 2371 5731 apparebit”
2395 5677 2504 5711 rum
2538 5662 2646 5725 ipso
2676 5649 2915 5731 iri-gloria
2945 5659 3158 5725 (Galeas.
3192 5657 3240 5706 5.
3274 5654 3351 5722 5).
3383 5653 3436 5704 5.
3478 5649 3653 5701 Fului!

2070 5730 2238 5785 autem
2283 5732 2579 5805 accipientes
2633 5730 2891 5801 (autparte;
2942 5746 3059 5781 suus
3090 5768 3103 5792 ,
3162 5743 3262 5779 nou
3317 5732 3641 5790 sumpseram
