4050 6200
507 266 602 324 95:
1251 237 1254 239 Α
1764 263 1939 319 OPUS
1977 263 2461 322 tupEnrsc'ruu
3655 277 3739 335 οδε

501 387 665 438 ofeum
694 397 880 436 secum.
911 378 1058 433 Sicut
1103 377 1303 444 lampas
1343 391 1447 430 non
1483 391 1546 431 ex
1590 376 1709 431 oleo
1743 375 2069 442 accenditur,

497 452 590 505 sed
621 453 689 505 ab
715 453 855 520 igne,
889 463 983 518 per
1005 449 1179 520 oleum
1207 457 1380 520 tamen
1415 447 1660 520 nutritur,
1691 454 1744 520 ct
1771 446 1871 520 _nisi
1898 447 2073 502 oleum

494 523 542 574 ei
566 515 1074 579 suluniiiistravcris.
1098 517 1452 586 exstinguitur
1477 534 1490 568 :
1523 517 1619 586 sic,
1639 525 1690 568 ct
1717 515 1848 586 fides
1873 532 1976 569 nun
2001 533 2071 570 ex

495 590 747 658 operibus
771 589 1004 658 nutritur
1022 629 1038 651 ,
1063 587 1147 642 vel
1177 585 1505 658 accenditur.
1531 585 1623 640 sed
1651 601 1717 639 ex
1743 585 1906 640 verbo
1924 587 2028 658 Dei
2054 627 2072 650 ,

497 657 636 714 sicut
664 661 738 712 ait
761 657 1050 726 Apostolus
1075 698 1090 719 ,
1125 668 1299 711 tamen
1329 673 1424 724 pcr
1445 657 1580 726 bona
1601 657 2027 726 operanutritur
2055 675 2070 710 :

495 741 548 784 ct
579 729 677 781 nisi
709 724 1196 781 sulnninistraveris
1233 728 1282 780 ei
1307 742 1468 794 opera
1500 724 1672 790 bona,
1694 724 1894 779 deficit.
1927 725 2075 780 Sicut

493 795 636 852 enim
665 814 771 852 non
815 807 990 865 potest
1035 797 1085 849 in
1133 797 1294 850 Deum
1334 812 1590 863 sperare,
1637 795 1736 848 nisi
1765 795 1852 863 qui
1897 795 2070 862 aliqua

493 884 654 938 opera
702 868 840 922 bona
871 867 996 938 facit
1021 884 1034 919 :
1063 867 1140 919 sic
1175 881 1279 938 non
1327 875 1503 938 potest
1526 866 1746 920 credere
1777 865 1882 938 lien
1906 904 1922 928 ,
1967 866 2071 919 nisi

497 935 586 1008 qui
618 937 741 992 facit
765 937 960 1004 aliquid
991 938 1207 1000 dignum
1238 937 1367 1008 Deo.
1416 935 1540 1008 Inde
1579 945 1691 1008 est,_
1711 935 1850 1004 quod
1880 949 2070 1002 pecca-

496 1005 641 1063 tores
670 1025 770 1061 nou
797 1007 1018 1060 credunt
1045 1009 1174 1068 Deo,
1205 1007 1315 1060 sive
1336 1021 1453 1060 cum
1475 1005 1542 1059 de
1561 1005 1725 1074 gloria
1757 1014 2066 1058 sanctorum

493 1079 614 1146 quis
637 1078 716 1132 eis
739 1077 1004 1146 loquatur,
1027 1078 1139 1130 sive
1167 1076 1234 1130 de
1264 1090 1419 1144 pinna
1452 1085 1832 1146 peccatorum:
1861 1083 1916 1129 et
1941 1076 2066 1146 dum

494 1143 602 1202 non
623 1143 850 1201 credunt
894 1146 1124 1200 futurum
1169 1143 1288 1200 esse
1331 1143 1469 1214 quod
1519 1145 1745 1214 dicitur,
1792 1143 1965 1213 neque
2002 1145 2071 1198 de

495 1217 634 1271 bono
665 1217 843 1271 futuro
872 1215 1239 1280 delectantur,
1291 1213 1461 1283 neque
1501 1213 1568 1268 de
1610 1215 1749 1267 malo
1781 1222 2065 1269 terrentur.

493 1286 634 1342 Vere
671 1287 800 1340 fatui
826 1295 950 1340 sunt
987 1301 1176 1340 omnes
1207 1286 1476 1345 homines,
1523 1283 1609 1352 qui
1640 1291 1729 1336 aut
1759 1285 1930 1339 solum
1956 1288 2071 1339 exi—

491 1359 708 1411 stimant
736 1357 836 1411 sibi
869 1370 1022 1424 posse
1047 1355 1292 1409 sufficere
1317 1354 1382 1407 ad
1409 1355 1630 1407 salutem
1656 1393 1670 1412 ,
1694 1354 2070 1424 quiacredunt

495 1428 546 1480 in
574 1423 947 1490 Cbristum,ct
972 1425 1256 1479 Chrisnani
1279 1424 1530 1477 dicuntur
1551 1464 1565 1484 ,
1593 1431 1649 1476 et
1676 1438 1782 1477 nun
1815 1423 2063 1478 festinant

490 1498 806 1564 semetipsos
862 1495 1015 1548 bonis
1059 1496 1310 1564 operibus
1347 1494 1775 1564 commendare:
1827 1509 1926 1549 nec
1969 1509 2066 1548 au-

489 1568 642 1623 diunt
676 1563 931 1620 Jacobutn
973 1563 1239 1618 dicentem
1273 1603 1288 1624 .
1341 1563 1473 1630 Quia
1519 1563 1644 1629 ﬁdes
1687 1563 1795 1615 sine
1837 1563 2068 1630 operibus

491 1647 686 1690 mortua
705 1646 774 1690 est
791 1634 989 1702 (Jacobi
1005 1634 1176 1703 2.20).
1195 1634 1248 1688 5.
1281 1632 1480 1686 Moram
1495 1643 1659 1685 autent
1675 1633 1889 1698 farciente
1909 1651 2061 1703 spon-

491 1723 568 1770 so,
601 1708 994 1759 dormitaverunt
1034 1721 1204 1756 omnes
1231 1705 1448 1772 virgines
1469 1743 1484 1767 ,
1517 1713 1562 1756 et
1593 1703 1924 1756 dormierunt.
1954 1703 2067 1759 Hoc

489 1777 750 1844 significat
776 1789 989 1838 sermo,
1020 1774 1418 1844 quiatardante
1459 1773 1919 1844 consummatione
1957 1789 2062 1844 non

489 1842 662 1899 solum
694 1853 1001 1914 peccatores
1025 1842 1052 1906 ,⁷
1079 1843 1171 1897 sed
1202 1845 1362 1914 etiam
1395 1842 1524 1912 justi
1562 1851 1617 1914 et
1659 1843 1963 1914 spirituales
1995 1842 2064 1896 ad

490 1911 866 1984 negligentiam
893 1923 1016 1968 sunt
1045 1913 1348 1967 revolvendi
1376 1911 1407 1974 .7
1431 1921 1485 1984 et
1507 1911 1703 1966 relicta
1718 1913 1798 1964 via
1832 1913 2060 1984 virtutis,

488 1982 813 2040 ad‘carualia
841 1984 1226 2037 delectamenta
1253 1990 1372 2036 sunt
1403 1982 1734 2048 aliquatenus
1765 1982 2060 2050 transituri,

489 2065 546 2108 ut
572 2065 626 2109 et.
677 2054 806 2108 illud
838 2053 1120 2121 impleatur
1162 2052 1302 2122 quod
1344 2051 1598 2120 propheta
1647 2051 1900 2104 dicebat:
1934 2051 2061 2106 Sal-

488 2140 602 2177 vum
633 2139 710 2176 me
740 2126 838 2194 (ac,
882 2123 1118 2194 Domine,
1165 2123 1417 2194 quoniam,
1441 2121 1623 2194 defecit
1665 2131 2062 2194 sanctumque-

488 2195 626 2247 niam
655 2190 889 2247 diminuti
923 2203 1038 2245 sunt
1062 2191 1238 2262 ﬁdeles
1267 2210 1299 2244 a
1325 2192 1454 2262 ﬁliis?
1473 2192 1748 2262 hominum_
1769 2190 1940 2262 (Psal.
1971 2192 2058 2245 ll.

485 2265 566 2330 9.).
602 2265 668 2318 Et
711 2264 810 2317 hoc
835 2270 920 2317 est
957 2259 1098 2330 quod
1141 2262 1388 2316 Christus
1427 2261 1678 2316 dicebat:
1710 2259 1902 2328 Putas,
1945 2278 2062 2316 cum

487 2334 671 2387 venerit
721 2332 882 2387 Filius
927 2333 1142 2386 hominis
1173 2373 1190 2393 ,
1237 2333 1448 2385 inveniet
1492 2332 1642 2398 ﬁdem
1685 2347 1837 2400 super
1875 2342 2061 2384 terram

484 2403 638 2471 (Luc.
673 2404 758 2459 18.
788 2404 872 2472 8)?
894 2401 1024 2456 Nam
1053 2403 1272 2472 vigilare
1300 2411 1382 2456 est
1398 2401 1663 2472 justitiam,
1685 2400 1865 2472 facere
1874 2443 1898 2472 _.
1928 2401 2057 2454 dur-

485 2469 618 2528 mire
646 2469 833 2528 autem
856 2469 1127 2541 negligere
1149 2480 1232 2526 est
1255 2469 1412 2536 eam,
1459 2472 1596 2541 sicut
1636 2471 1765 2524 dicit
1792 2488 1807 2525 :
1849 2469 2063 2541 Vigilare

485 2559 604 2612 ergo
629 2584 644 2600 .
687 2546 806 2612 quia
833 2539 1034 2597 nescitis
1060 2558 1158 2610 qua
1197 2544 1322 2594 hora
1360 2541 1520 2612 veniet
1549 2539 1795 2594 Dominus
1842 2539 2058 2612 (Matth.

483 2610 574 2668 24.
605 2610 722 2679 42).
774 2613 839 2666 Et
874 2628 998 2666 vere
1038 2628 1145 2665 non
1175 2611 1381 2676 tardat,
1423 2610 1517 2663 sed
1563 2620 1817 2680 quantum
1848 2610 1914 2664 ad
1960 2627 2058 2666 no-

481 2693 648 2737 stram
681 2683 1083 2737 inconstantiam
1118 2682 1326 2735 tardare
1365 2680 1589 2735 videtur.
1638 2681 1768 2734 Nam
1809 2681 1853 2734 si
1884 2683 2062 2736 consi-

481 2755 770 2816 deremus,
813 2752 880 2806 ei
921 2768 1026 2820 quo
1053 2750 1298 2805 Christus
1343 2751 1394 2806 in
1441 2751 1628 2805 caelum
1677 2749 1956 2816 ascendit,
2005 2760 2060 2806 et

481 2833 736 2892 quantum
767 2822 1013 2876 vivebant
1057 2821 1299 2875 homines
1327 2830 1452 2875 ante
1476 2820 1730 2874 diluvium
1753 2861 1769 2883 ,
1809 2829 1865 2876 et
1894 2835 2059 2890 prope

485 2891 688 2945 tantum
710 2893 938 2962 spatium
963 2899 1065 2953 est.
1091 2901 1290 2961 quanto
1319 2901 1557 2960 tempore
1581 2892 1828 2962 crat_vita
1873 2891 2058 2946 unius-

478 2960 979 3044 cujttsque'eorutn.
1011 2962 1079 3043 .Si
1115 2960 1239 3044 quis
1281 2972 1464 3044 autem
1499 2963 1684 3042 oculos
1709 2960 1867 3044 habet
1900 2975 2058 3044 aper-

481 3029 566 3088 toi
588 3073 604 3098 ,
651 3029 898 3102 intelligit
937 3032 1058 3103 quia
1101 3029 1606 3103 mysteriumhujus
1636 3031 1782 3103 verbi
1803 3029 1878 3103 (in
1903 3029 2059 3103 nobis

479 3103 754 3184 impletum
778 3113 886 3184 est.
927 3102 1097 3184 Omne
1135 3101 1276 3184 enim
1302 3101 1534 3184 studium
1561 3101 1852 3184 _spirituale
1889 3101 2056 3184 relin-

479 3169 710 3241 quimus,
737 3183 791 3227 et
810 3179 874 3227 ad
898 3173 1127 3227 carnalia
1148 3173 1534 3228 delectamcnta
1557 3172 1861 3226 transimus.
1889 3169 2057 3237 Quem

481 3243 621 3296 enim
651 3245 887 3298 invenies
912 3243 1093 3308 modo,
1122 3260 1226 3297 non
1251 3242 1423 3297 dicam
1456 3242 1671 3304 laicum,
1703 3241 1794 3310 sed
1821 3251 1912 3294 aut
1938 3257 2059 3310 prc-

477 3312 750 3380 sbyterum
779 3353 796 3378 ,
853 3323 944 3365 aut
982 3313 1288 3382 episcopum
1313 3353 1328 3373 .
1371 3311 1457 3378 qui
1496 3311 1562 3365 ad
1593 3309 1886 3380 perfectum
1929 3309 2057 3364 eon-

478 3391 682 3436 temnat
710 3383 890 3435 saeculi
922 3383 1057 3434 bona
1081 3422 1098 3444 ,
1129 3382 1353 3435 credens
1382 3382 1895 3435 consummationem
1937 3395 2060 3435 esse

479 3452 867 3532 peopinoquam?
912 3450 1284 3532 pitusqttisqtte
1312 3451 1454 3532 enim
1481 3449 1610 3532 dicit
1649 3449 1699 3502 in
1730 3450 2058 3532 cordeﬂsuo,

479 3518 806 3574 infidelitatis
846 3520 1034 3587 spiritu
1074 3519 1392 3589 praevalente
1425 3535 1438 3572 :
1492 3518 1631 3589 Ecce
1659 3535 1723 3573 ex
1766 3534 1872 3588 quo
1893 3519 2055 3589 Chri-

478 3598 593 3643 stus
621 3591 720 3644 fuit
749 3589 800 3642 in
833 3589 1011 3652 terris,
1041 3587 1254 3657 semper
1281 3587 1477 3657 dicitur
1495 3628 1510 3651 ,
1541 3587 1940 3642 Consuminatio
1966 3604 2057 3642 ve-

477 3660 587 3712 niet
611 3700 627 3722 ,
678 3669 733 3714 ct
769 3673 894 3714 ecce
919 3655 1172 3711 nondum
1200 3659 1362 3711 venit.
1412 3655 1490 3711 Ne
1529 3657 1664 3710 forte
1693 3673 1798 3711 non
1846 3673 2054 3726 parpa-

479 3729 630 3782 ramli
659 3744 817 3783 causa
842 3770 856 3792 ,
884 3727 976 3782 scd
1009 3727 1237 3782 terrendi
1282 3727 1380 3782 ista
1411 3727 1698 3794 Scriptura:
1728 3727 2014 3795 loquuntur
2031 3727 2064 3780 Ὶ·

478 3800 577 3866 Qui
632 3808 810 3854 autem
854 3813 958 3852 non
1005 3813 1130 3852 vere
1164 3795 1334 3851 credit
1377 3797 1891 3852 consummationem
1929 3811 2056 3851 esse

481 3869 849 3936 propinquam,
879 3883 985 3940 non
1004 3882 1072 3922 ex
1096 3867 1273 3940 verbis
1300 3867 1716 3940 qu:e_dicit,_au_t
1740 3866 1885 3940 audit
1912 3906 1932 3933 ,
1959 3866 2054 3921 sed

478 3953 545 3991 ex
575 3939 824 4006 operibus
867 3936 986 4008 quae.
1029 3938 1155 4005 agit,
1198 3937 1557 4008 cognoscitur.
1595 3936 1698 4002 Qui
1741 3939 1881 4008 enim
1930 3952 2055 3992 vere

475 4008 646 4062 credit
668 4007 1178 4062 consummationem
1203 4022 1322 4061 esse
1345 4007 1714 4077 propinquam,
1747 4007 1871 4060 nihil
1901 4016 2055 4062 curat

475 4077 543 4131 de
568 4078 785 4138 mundo,
817 4093 916 4132 nec
945 4077 998 4130 in
1026 4086 1293 4145 posterum
1335 4077 1535 4146 aliquid
1558 4087 1734 4130 servat
1760 4095 1773 4131 :
1801 4077 1922 4146 quia
1952 4093 2054 4132 nec

479 4163 700 4218 peregre
727 4147 968 4203 exiturus
1007 4147 1205 4214 aliquid
1245 4160 1426 4200 secum
1463 4157 1645 4218 portat
1684 4147 1736 4200 in
1765 4152 1898 4218 via,
1952 4149 2052 4218 nisi

477 4216 626 4270 forte
645 4233 856 4285 panem,
883 4232 1039 4286 quem
1068 4218 1429 4271 necessarium
1461 4216 1620 4270 habet
1648 4218 1699 4270 in
1725 4217 1830 4271 via.
1861 4216 1914 4270 6.
1943 4217 2055 4271 Me-

478 4286 564 4338 dia
593 4297 735 4340 nocte
763 4287 954 4340 clamor
981 4289 1143 4357 factus
1172 4297 1242 4340 est
1271 4327 1287 4350 ,
1315 4290 1462 4356 quasi
1491 4287 1694 4340 clamor
1717 4301 2052 4357 pratcurren-

480 4357 609 4409 tium
642 4365 696 4410 et
723 4356 1131 4426 praetubautium
1159 4358 1490 4426 angelorum.
1522 4357 1620 4422 Qui
1650 4357 1893 4410 clamor?
1922 4356 2054 4410 Ecce

474 4442 688 4496 sponsus
715 4425 1018 4496 venit,e:rite
1045 4426 1237 4478 obviam
1263 4429 1341 4496 ei.
1358 4425 1506 4481 Unde
1529 4434 1681 4496 putas
1701 4426 1850 4494 jubet
1879 4427 2053 4481 exire?

473 4495 542 4550 de
564 4496 830 4560 domibus,
855 4495 922 4550 de
943 4495 1276 4549 civitatibus?
1301 4495 1416 4548 Non
1438 4512 1451 4560 ;
1481 4511 1576 4549 nec
1597 4497 1737 4549 enim
1764 4505 1848 4550 est
1874 4499 2008 4550 ratio
2033 4514 2047 4550 :

474 4567 568 4619 sed
601 4575 655 4618 ut
681 4577 865 4620 exeant
897 4564 964 4618 de
993 4565 1210 4627 mundo,
1237 4574 1428 4618 exeant
1457 4563 1524 4618 de
1553 4565 1727 4628 iniqua
1755 4567 1933 4620 carnis
1957 4583 2051 4622 na-

477 4645 614 4707 tura.
662 4635 740 4707 Ex
777 4651 842 4690 co
869 4634 1019 4707 _quod
1044 4634 1334 4701 Apostolus
1373 4633 1450 4707 (i.
1482 4632 1600 4707 (Sor.
1635 4635 1720 4707 15.
1754 4634 1846 4707 52)
1872 4639 1965 4699 ait,
1999 4639 2049 4692 in

475 4705 763 4759 novissima
809 4705 931 4758 tuba
986 4714 1225 4758 mortuos
1270 4703 1645 4758 suscitandas:
1688 4703 1841 4758 datur
1895 4707 2050 4762 nobis

478 4773 1034 4846 occasiorzcstimandi,
1063 4773 1349 4846 clamorem
1379 4773 1524 4827 illum
1558 4787 1700 4846 es_se,
1727 4773 1794 4830 de
1818 4791 1922 4846 quo
1950 4776 2053 4830 Do-

477 4845 657 4897 minus
682 4845 811 4899 dicit
837 4861 850 4896 :
887 4843 1016 4897 Ecce
1042 4843 1235 4896 clamor
1260 4847 1422 4913 [actus
1448 4853 1538 4897 est.
1570 4842 1918 4899 ASstimenius
1938 4847 2050 4900 cla-

476 4929 677 4985 morem
707 4929 825 4969 esse
847 4916 1089 4985 tubarum
1121 4913 1550 4985 praecedentium,
1578 4929 1709 4985 quas
1737 4913 1968 4970 Joannes
2001 4919 2049 4969 in

475 4982 816 5058 ltevelatione
865 5000 956 5037 sua
1006 4984 1191 5058 (Apoc.
1221 4984 1272 5036 1.
1303 4984 1390 5058 10.
1418 4985 1471 5037 4.
1515 4995 1560 5037 et
1597 4982 1642 5038 ὲ.
1672 4987 1741 5058 8._
1754 5001 1843 5053 per
1868 4988 2047 5058 (etum)

473 5053 739 5126 exposuit.
769 5069 1007 5126 quarum
1023 5053 1270 5126 tubarum
1291 5057 1553 5126 clamores
1568 5065 1715 5126 sunt
1731 5055 1842 5126 ipsa
1877 5053 2048 5124 signa,

473 5139 590 5191 qua:
612 5121 832 5194 fiuntab
853 5123 950 5178 eis.
979 5125 1078 5191 Qui
1106 5140 1232 5192 ergo
1260 5124 1501 5192 intelligit
1527 5125 1613 5178 illa
1643 5121 1788 5194 signa
1817 5121 2052 5180 claman;

475 5196 544 5246 tia
575 5192 755 5244 saeculi
786 5193 944 5247 tinent
971 5235 986 5257 ,
1029 5194 1119 5248 illc
1165 5194 1312 5248 audit
1338 5194 1622 5248 clamorem
1656 5192 1899 5249 tubarum
1939 5197 2050 5250 cla-

476 5263 730 5333 mantium
757 5304 771 5325 ,
801 5263 922 5330 quia
962 5267 1107 5316 venit
1153 5279 1380 5332 sponsus
1403 5305 1419 5330 ,
1464 5279 1688 5333 quarum
1714 5280 1898 5319 vocem
1944 5281 2048 5321 non

471 5332 712 5402 corporis
739 5333 881 5385 auris
906 5333 1082 5395 audit,
1131 5333 1224 5386 sed
1252 5334 1442 5387 animae
1468 5332 1789 5389 intellectus.
1825 5336 1877 5388 7.
1906 5334 2050 5388 Tunc

471 5412 795 5455 surrexerunt
825 5418 995 5456 omnes
1025 5403 1238 5468 virgines
1264 5403 1388 5456 illae.
1431 5403 1542 5458 Hoc
1571 5414 1670 5472 est,
1700 5419 1824 5458 cum
1847 5406 2052 5459 clamOr

471 5472 646 5543 factus
672 5473 825 5526 fuerit
847 5512 864 5538 ,
896 5487 999 5526 non
1042 5472 1214 5525 solum
1237 5473 1363 5540 justi
1385 5514 1400 5535 .
1436 5473 1529 5528 sed
1555 5475 1712 5528 etiam
1746 5487 2050 5543 peccatores

471 5541 540 5594 de
566 5557 754 5613 somno
781 5543 1116 5613 negligentiae
1143 5553 1382 5613 surgent.
1412 5543 1557 5597 Tunc
1585 5541 1837 5611 incipient
1863 5546 2050 5600 timere

473 5621 528 5665 ct
574 5611 1022 5676 festiuareftnnc
1063 5612 1283 5666 credent
1326 5614 1446 5681 quia
1493 5629 1617 5666 vere
1667 5613 1928 5668 finiendus
1969 5625 2052 5668 cst

476 5681 723 5736 mundus.
777 5682 903 5737 Nam
947 5683 1393 5755 quemadmodum
1425 5683 1683 5739 securitas
1726 5686 1885 5740 etiam
1926 5685 2048 5740 dili-

2183 378 2639 454 genteshomines
2670 379 2997 454 negligentes
3029 380 3151 436 facit
3181 399 3194 436 :
3223 382 3301 440 sic
3327 383 3487 438 timor
3524 400 3736 454 prm.

2183 449 2250 502 tis
2281 449 2500 516 periculi
2549 451 2708 503 etiam
2741 451 3070 519 negligentes
3109 453 3350 508 homines
3379 449 3599 510 exhibet
3636 459 3738 514 ddi-

2181 526 2402 586 gentes;
2431 519 2523 597 sed
2569 520 2695 574 nihil
2723 521 2801 575 eis
2831 520 3516 597 proderit_diligentia__illa
3544 566 3560 589 ,
3605 543 3736 597 quam

2179 597 2413 666 generat
2452 589 2661 666 timore
2700 604 2804 643 non
2858 591 3010 666 fides.
3063 589 3590 666 Tuniz'_intelligent,
3622 589 3736 666 'quia

2179 659 2308 710 nihil
2338 665 2420 713 est
2445 658 2585 732 quod
2614 659 2861 732 viseruut
2886 660 2936 713 in
2969 663 3183 732 mumlo.
3217 662 3366 718 Tunc
3390 658 3728 732 incipient-sa-

2180 742 2305 796 pere
2333 768 2348 792 ,
2379 727 2593 806 quando
2607 729 2748 806 inibil
2780 730 2859 783 eis
2885 731 3122 806 proderit
3162 733 3429 806 sapuisse.
3457 727 3520 788 Et
3549 753 3734 806 campo.

2177 807 2386 872 suerunt
2412 798 2672 872 lampades
2714 815 2851 853 suas.
2878 801 2946 872 _ld
2977 812 3055 856 est
3077 843 3090 860 ,
3125 798 3249 856 tunc
3277 805 3532 872 incipient
3576 798 3737 864 onincs

2177 869 2418 936 aspicere
2459 877 2514 922 et
2555 869 2824 924 discutere
2869 870 3028 924 fidem
3055 887 3243 924 suam:
3279 869 3404 927 tunc
3447 875 3735 932 considera-

2179 936 2310 1014 lumt
2335 938 2527 1006 singuli
2547 954 2716 1014 _opera
2744 955 2860 1000 sua,
2890 942 2976 1014 _qui
3003 941 3145 1014 bene
3175 943 3430 1014 fecerunt,
3463 947 3550 1014 qui
3581 949 3733 1011 male,

2176 1007 2678 1080 et_interrogabunt
2724 1011 3077 1064 conscientias
3106 1027 3252 1065 suas.
3297 1007 3733 1080 Quemadmodum

2175 1076 2318 1131 enim
2341 1076 2948 1155 superventuro_s_pouso
2980 1080 3192 1155 festinat
3212 1097 3280 1155 _se
3311 1076 3504 1152 sponsa
3532 1101 3728 1155 compti.

2177 1162 2426 1222 n‘ere,__ne
2455 1147 2591 1222 forte
2616 1164 2679 1204 ex
2706 1150 2879 1222 aliqua
2913 1159 3061 1222 parte
3085 1147 3367 1218 displiceat
3412 1169 3617 1222 sponsu
3641 1147 3731 1211 {ita

2174 1217 2365 1285 singuli
2396 1219 2709 1286 semetipsos
2733 1218 3045 1286 judicabant
3076 1217 3212 1286 apud
3252 1237 3330 1276 se.
3365 1217 3477 1278 Hoc
3501 1235 3586 1278 est
3616 1230 3729 1281 enim

2175 1301 2477 1355 prmparare
2509 1287 2640 1364 fides
2665 1303 2808 1364 snas.
2838 1288 2988 1355 Quod
3016 1290 3058 1364 si
3085 1305 3298 1364 semper
3330 1309 3428 1347 nos
3457 1297 3525 1348 ita
3549 1297 3730 1364 judica-

2174 1370 2374 1419 remus,
2400 1355 2844 1426 quemadmodum
2876 1369 3000 1412 tunc
3025 1355 3314 1427 judicaluri
3347 1355 3573 1428 sumus',
3602 1384 3728 1419 lllllll-

2171 1440 2329 1501 quam
2361 1441 2699 1501 peccaeemus
2735 1429 2786 1481 in
2822 1429 3008 1483 Deum.
3051 1430 3199 1484 Sicut
3227 1448 3355 1501 ergo
3383 1437 3529 1498 virgo
3577 1435 3728 1490 ιΜοτ-

2173 1497 2275 1548 mis
2317 1505 2372 1548 et
2413 1495 2601 1570 debilis
2641 1498 2754 1550 sine
2780 1513 2939 1552 causa
2983 1513 3042 1553 se
3070 1495 3364 1570 cuinpnn'it,
3407 1495 3489 1556 sic
3519 1516 3578 1558 et
3623 1518 3728 1562 tunc

2174 1575 2482 1638 peccatores
2527 1567 2657 1638 sine
2687 1582 2844 1622 causa
2889 1584 2950 1624 se
2997 1567 3395 1638 prreparabunt.
3439 1574 3725 1632 Naturafetu

2173 1651 2284 1688 rem
2335 1636 2582 1710 loquitur.
2608 1636 2896 1710 _Sicut_rex
2941 1636 3060 1692 cum
3090 1636 3316 1710 tyranno
3349 1644 3531 1697 bellum
3574 1646 3717 1700 factu-

2170 1720 2281 1769 rus,
2330 1706 2376 1776 si
2417 1706 2644 1759 voluerit
2689 1707 2928 1776 aspicere
2958 1706 3274 1774 exercitum,
3319 1723 3373 1766 et
3410 1715 3715 1772 considerare

2170 1789 2320 1826 arma
2349 1775 2581 1836 illorum,
2610 1775 2922 1848 jubetmitti
2967 1780 3144 1832 tubam
3171 1822 3184 1842 ,
3215 1792 3269 1834 ut
3300 1781 3431 1836 fiant
3457 1784 3715 1848 admoniti;

2171 1853 2512 1922 tuucpmnes
2540 1847 3013 1922 militesfestinaut
3040 1865 3195 1922 _arma
3214 1867 3318 1922 sua
3347 1855 3590 1922 aspicere
3607 1897 3620 1918 ,
3643 1847 3716 1909 ubi

2168 1914 2238 1966 sit
2274 1915 2481 1984 gladius
2504 1916 2618 1990 ejus
2638 1956 2653 1975 .
2703 1916 2789 1990 ubi
2823 1917 2984 1990 lorica
3009 1919 3075 1972 sit
3110 1921 3276 1988 posita
3305 1963 3322 1983 ,
3352 1914 3439 1975 ubi
3461 1914 3722 1990 jacet'scua

2169 1991 2279 2058 _tum
2314 2002 2327 2038 :
2358 1995 2412 2058 et
2452 1986 2541 2054 qui
2583 1987 2882 2058 securitatis
2929 1986 3168 2058 tempore
3213 2007 3360 2044 arma
3413 1986 3513 2045 sua
3548 1995 3728 2048 studuit

2169 2053 2504 2126 immaculata
2537 2055 2828 2126 custodire.
2862 2053 3074 2126 paratu}~
3099 2069 3150 2113 ct
3181 2060 3335 2112 huius
3365 2065 3529 2116 currit
3564 2065 3625 2115 ad
3653 2066 3722 2117 in-

2166 2125 2554 2199 spectionem_:
2618 2125 2806 2199 et_qui_
2857 2125 3094 2196 tempore
3139 2131 3443 2185 securitatis
3511 2134 3727 2199 gladium

2167 2209 2321 2246 suum
2353 2193 2655 2265 airugiuare
2681 2193 2981 2261 dimiserit,
3004 2209 3095 2250 aut
3126 2200 3344 2253 loricam
3393 2193 3718 2265 arrdéscere,

2165 2275 2375 2338 scutum
2407 2263 2574 2338 frangi
2601 2275 2691 2318 aut
2717 2267 2909 2338 rumpi,
2936 2282 3054 2321 cum
3082 2269 3301 2323 audierit
3333 2271 3537 2336 tubam,
3556 2284 3605 2325 ct
3628 2263 3729 2338 ipse

2167 2334 2380 2402 quidem
2417 2336 2714 2409 _chitatus
2770 2337 2959 2409 timore
3005 2339 3217 2409 festinat
3261 2339 3452 2394 limare
3510 2334 3718 2409 gladium

2165 2419 2319 2457 suum
2345 2445 2359 2466 ,
2397 2404 2672 2479 detergere
2704 2405 2918 2479 loricam
2944 2447 2958 2468 ,
3008 2407 3170 2479 ligare
3195 2419 3288 2462 aut
3313 2404 3579 2479 stringere
3617 2428 3724 2465 sca-

2165 2481 2296 2534 tmn.
2327 2475 2419 2528 sed
2452 2490 2555 2527 non
2588 2479 2776 2550 poterit
2802 2476 2978 2529 celare.
3007 2475 3375 2550 {negligentiam
3406 2475 3592 2546 suam,
3621 2484 3724 2550 quia

2167 2559 2362 2619 urgens
2411 2545 2705 2619 necessitas
2729 2561 2833 2619 non
2866 2547 3118 2619 permittit
3146 2549 3283 2616 longi
3317 2552 3574 2619 temporis
3608 2545 3723 2619 opus

2166 2613 2388 2682 implere
2418 2631 2431 2667 :
2460 2614 2537 2668 sic
2578 2624 2632 2667 et
2673 2613 2890 2668 domino
2935 2617 3156 2672 absente
3199 2613 3365 2672 tn'alus
3411 2613 3594 2674 servus
3629 2613 3718 2674 non

2160 2685 2351 2752 aspicit
2380 2699 2714 2756 _operahsua,
2762 2685 2902 2753 quod
2949 2686 3092 2751 facit,
3133 2689 3258 2756 quid
3306 2705 3410 2743 non
3461 2692 3601 2748 facit.
3641 2701 3722 2742 aut

2162 2753 2439 2823 quomodo
2458 2753 2626 2808 credit
2661 2773 2674 2808 :
2707 2769 2804 2810 nec
2833 2757 3050 2822 cogitat.
3080 2753 3200 2824 quia
3231 2769 3491 2812 venturus
3521 2769 3598 2814 est
3632 2761 3721 2813 do-

2166 2825 2339 2876 minus
2358 2825 2496 2892 ejus,
2526 2833 2578 2877 et
2594 2840 2750 2892 opera
2774 2836 3166 2948 perfecturus,
3195 2836 3250 2880 et
3270 2828 3436 2881 fidem
3460 2847 3472 2881 :
3505 2829 3593 2883 sed
3612 2845 3718 2882 cum

2166 2893 2356 2948 viderit
2383 2909 2504 2948 eum
2548 2897 2847 2948 venientem
2915 2912 2945 2948 e
2980 2897 3157 2948 luntre.
3190 2907 3313 2948 tunc
3342 2901 3530 2948 asnicit
3574 2915 3718 2948 onera

2165 2893 2356 2948 viderit
2383 2909 2504 2968 eum
2548 2897 2847 2968 venientem
2878 2893 2945 2950 de
2980 2897 3157 2967 longe,
3190 2907 3313 2968 tunc
3342 2901 3530 2967 aSpicit
3574 2915 3720 2968 opera

2161 2977 2284 3030 sua,
2312 2974 2453 3036 tunc
2486 2963 2671 3036 incipit
2699 2963 2983 3036 festinare,
3015 2963 3108 3020 sed
3152 2967 3282 3020 nihil
3307 2969 3354 3021 ei
3389 2963 3620 3036 proderit
3646 2969 3720 3022 fe-

2163 3035 2379 3088 stinatio
2406 3033 2543 3108 ejus,
2574 3033 2694 3102 quia
2721 3033 3006 3108 multorum
3023 3036 3253 3108 _dierum
3291 3033 3595 3108 negligentia
3624 3055 3718 3092 non

2165 3113 2337 3172 potest
2364 3118 2467 3157 una
2483 3103 2626 3175 _hora
2671 3105 2892 3175 expleri.
2925 3105 2977 3160 8.
3015 3104 3197 3159 Fatur:
3235 3103 3403 3161 autem
3430 3103 3720 3175 iapientitm

2162 3171 2442 3227 dixerunt:
2474 3171 2602 3245 Date
2643 3171 2784 3227 nobis
2830 3174 2894 3228 de
2928 3175 3037 3228 oleo
3081 3186 3264 3239 vestro,
3310 3179 3428 3245 quia
3477 3171 3718 3244 lampades

2162 3255 2346 3316 nostra;
2373 3244 2778 3316 eestinguuntur.
2803 3245 3195 3316 Aldxstinguitur
3221 3244 3417 3316 lampas
3463 3249 3675 3301 hominis
3695 3287 3712 3312 ,

2161 3313 2381 3384 quando
2405 3312 2551 3384 fides
2581 3312 2697 3384 ejus
2721 3312 2899 3368 deficit
2927 3329 2989 3368 ac
3013 3312 3281 3382 desperat.
3307 3312 3441 3371 Sicut
3463 3319 3594 3371 enim
3618 3319 3702 3382 qui

2163 3381 2298 3438 bene
2324 3383 2424 3437 sibi
2464 3381 2710 3436 conscius
2753 3393 2835 3436 est
2858 3425 2872 3446 ,
2903 3384 3218 3440 fiducialiter
3239 3398 3284 3440 et
3317 3381 3698 3450 magnanimiter

2160 3455 2268 3520 agit
2296 3472 2312 3506 :
2339 3451 2785 3524 quemadmodum
2832 3454 2876 3524 si
2919 3457 3037 3524 quis
3077 3455 3252 3510 infuso
3290 3456 3400 3508 oleo
3436 3455 3584 3508 addat
3621 3454 3704 3507 luo

2162 3539 2283 3578 men
2311 3524 2541 3577 lucernze
2569 3562 2584 3584 ,
2628 3523 2707 3576 sic
2732 3531 2784 3576 et
2815 3523 2906 3594 ille
2934 3523 3361 3580 Consideratione
3387 3539 3592 3594 operum
3615 3524 3718 3576 bo-

2161 3607 2348 3662 norum
2389 3606 2608 3662 suorum
2655 3593 3000 3662 semetipsum
3037 3594 3326 3656 eonfortat.
3361 3593 3437 3649 et
3464 3595 3579 3648 tidei
3619 3607 3736 3647 sua

2159 3661 2305 3716 addit
2334 3661 2629 3716 audaciam.
2678 3661 2780 3728 Qui
2808 3661 2984 3717 autem
3029 3664 3126 3718 sibi
3152 3665 3292 3718 male
3320 3665 3571 3719 conscius
3614 3674 3694 3717 est
3712 3704 3736 3726 ,.

2159 3747 2392 3803 semper;
2419 3731 2767 3803 pusillanimis
2792 3747 2856 3803 ac
2885 3733 3099 3787 timidus
3137 3745 3240 3789 est.
3272 3733 3340 3788 Et
3382 3734 3742 3803 quemadmo—

2159 3800 2285 3854 dum
2317 3800 2576 3855 subducto
2619 3801 2739 3857 oleo
2768 3802 3020 3856 minuitur
3056 3804 3233 3858 lumen
3265 3800 3493 3858 lucernae
3517 3846 3534 3869 ,
3565 3805 3644 3858 sic
3684 3812 3743 3857 et

2161 3871 2248 3924 ille
2277 3870 2699 3940 consideratione
2722 3886 2939 3940 operum
2981 3889 3199 3928 suorum
3231 3875 3491 3926 malorum
3535 3883 3742 3928 semet-

2160 3940 2331 4007 ipsum
2384 3939 2682 4004 confundit,
2717 3939 2772 3995 et
2799 3941 3097 3997 inlidelitati
3142 3959 3254 3997 sua:
3285 3943 3456 3998 adlmc
3486 3944 3737 3997 diffiden-

2162 4012 2284 4063 tiam
2311 4010 2473 4063 addit.
2508 4009 2630 4063 ldco
2657 4027 2783 4079 ergo
2816 4016 3063 4067 timentes
3093 4025 3398 4081 peccatores
3427 4015 3495 4068 ad
3523 4024 3744 4068 sanctos

2159 4081 2351 4135 dicturi
2380 4088 2502 4133 sunt
2531 4098 2544 4132 :
2582 4081 2709 4134 Date
2736 4081 2876 4134 nobis
2909 4081 2970 4134 de
2999 4083 3109 4136 oleo
3139 4094 3301 4137 vestro
3325 4099 3344 4137 :
3372 4083 3472 4137 hoc
3502 4095 3612 4148 est,
3643 4084 3749 4138 Vos

2159 4151 2350 4222 _sancti,
2377 4154 2475 4222 qui
2498 4149 2700 4222 habetis
2725 4166 2884 4222 opera
2907 4153 3048 4221 larga
3073 4153 3290 4222 justitia!
3315 4154 3640 4208 sufficientia
3658 4170 3746 4205 vo-

2161 4220 2242 4291 bis
2270 4236 2372 4291 nou
2401 4221 2572 4273 Stl'llm
2605 4220 2672 4273 ad
2716 4220 3044 4274 evadendam
3077 4220 3286 4291 pinnam
3312 4265 3327 4286 ,
3357 4224 3453 4278 sed
3485 4228 3653 4278 etiam
3684 4223 3746 4276 ad

2158 4290 2378 4359 gloriam
2405 4291 2852 4360 consequendam,
2881 4290 3281 4348 acetinnuodate
3305 4295 3461 4349 nobis
3484 4295 3750 4348 auxilium

2159 4375 2380 4432 operum
2411 4359 2669 4432 honorum
2703 4371 2997 4432 vestrorum
3028 4379 3043 4415 :
3074 4363 3123 4416 id
3146 4375 3226 4416 est
3247 4405 3260 4423 .
3292 4365 3628 4419 lntercedite
3656 4379 3752 4432 pro

2160 4429 2710 4501 nobispcccatorihus
2745 4431 2809 4482 ad
2845 4431 3146 4497 Dominum,
3172 4435 3292 4500 quia
3315 4434 3532 4501 ju5titia
3573 4429 3746 4488 vestra

2159 4499 2430 4552 suﬂicicns
2457 4508 2538 4552 est
2564 4509 2618 4553 et
2647 4515 2738 4554 vos
2763 4501 3064 4568 glorificare
3083 4544 3098 4568 ,
3138 4499 3199 4556 et
3244 4499 3338 4557 nos
3365 4518 3670 4557 excusare.
3699 4505 3747 4554 9.

2159 4569 2544 4644 Responderunt
2564 4579 2738 4644 autem
2757 4573 3030 4644 prudentes
3049 4573 3310 4644 ,rdicentes
3341 4588 3360 4626 :
3392 4570 3482 4626 Ne
3513 4575 3656 4644 forte
3673 4589 3752 4626 nec

2158 4639 2324 4712 nobis,
2349 4655 2438 4692 nec
2466 4640 2600 4692 vobis
2626 4641 2856 4712 "iniciat.
2888 4640 3134 4712 Ostendit
3179 4644 3228 4696 in
3275 4645 3339 4696 iis
3365 4639 3579 4704 verbis,
3618 4644 3758 4712 quod

2160 4709 2228 4762 ita
2261 4709 2492 4762 futurum
2521 4719 2599 4762 est
2629 4711 2864 4764 terribile
2896 4711 3153 4778 judicium
3176 4714 3300 4766 illud
3326 4754 3341 4777 ,
3374 4724 3433 4764 ut
3466 4709 3650 4768 nulla'
3675 4716 3758 4766 in-

2161 4779 2404 4851 nocentia
2454 4777 2551 4832 sibi
2597 4779 2845 4851 confidat.
2980 4796 3105 4835 vere
3133 4783 3251 4851 quis
3284 4793 3364 4835 est
3396 4784 3572 4836 homo
3602 4796 3766 4838 natus

2161 4849 2228 4920 de
2256 4848 2479 4901 muliere
2504 4889 2518 4910 ,
2551 4847 2646 4920 qui
2676 4849 2846 4920 credit
2881 4850 3085 4920 justum
3117 4847 3175 4905 se
3205 4867 3334 4906 esse
3364 4853 3764 4907 inveniendum

2159 4917 2215 4989 in
2235 4926 2524 4989 conspectu
2564 4917 2725 4980 illius,
2771 4918 2839 4972 de
2883 4917 2990 4989 quo
3040 4921 3377 4975 beatissimus
3419 4922 3529 4976 Job
3573 4924 3713 4976 dicit
3751 4941 3766 4980 :

2161 4987 2340 5041 Stella!
2381 4989 2432 5039 in
2463 4998 2731 5054 conspectu
2774 4990 2880 5057 ejus
2902 4987 3010 5042 non
3053 5001 3168 5042 sunt
3211 4992 3454 5055 mundat,
3488 5004 3538 5045 et
3573 4993 3774 5047 emtum

2158 5058 2264 5132 sine
2294 5057 2503 5111 ciimine
2528 5074 2625 5132 non
2656 5067 2724 5111 est
2779 5057 2909 5126 (Job
2935 5059 3026 5132 25.
3056 5061 3142 5128 5).
3169 5061 3231 5114 Si
3254 5077 3392 5132 ergo
3414 5063 3774 5130 itnpeccabi-

2161 5127 2448 5200 lisgnatura
2494 5127 2766 5181 stellarum
2795 5139 2850 5181 et
2889 5131 3002 5182 caeli
3025 5173 3039 5195 ,
3071 5127 3342 5199 quantuni
3368 5132 3434 5185 ad
3479 5127 3768 5200 justiti-am

2161 5198 2270 5258 Dei,
2326 5197 2588 5251 invenitur
2633 5213 2754 5270 esse
2797 5197 3410 5270 peccatrixéquomodo
3446 5197 3584 5257 ante
3634 5219 3776 5258 eum

2161 5270 2318 5348 homo
2365 5275 2648 5348 appareat.
2659 5267 2855 5334 justus,
2901 5269 3057 5336 cujus
3080 5267 3283 5348 et'sine
3320 5271 3612 5348 voluntate
3643 5288 3753 5348 pcc

2105 5339 2108 5341 “
2157 5337 2310 5412 calidi
2378 5347 2564 5412 natura
2638 5337 2747 5405 ipsa
2813 5351 3082 5412 peccatum
3149 5343 3275 5393 est?
3332 5341 3562 5412 dicente
3629 5337 3774 5412 Ᾱρῦ

2160 5406 2334 5458 stolo:
2369 5405 2481 5480 Ego
2509 5416 2679 5480 autem
2707 5408 2926 5460 carnalis
2967 5425 3098 5474 sum,
3122 5411 3457 5464 venuindatus
3498 5414 3612 5465 sub
3653 5405 3784 5480 p'ec-

2159 5485 2268 5551 cato
2286 5491 2304 5528 :
2329 5477 2462 5551 quod
2485 5477 2616 5528 enim
2646 5493 2825 5551 operor
2844 5495 2988 5551 ._non_
3011 5480 3274 5551 intefligo;
3306 5497 3405 5534 non
3450 5483 3598 5534 enim
3634 5477 3786 5551 quod

2161 5546 2292 5610 volo,
2321 5546 2414 5598 hoc
2440 5563 2582 5621 agor;
2609 5546 2696 5621 sed
2739 5549 2873 5621 quod
2902 5549 3020 5621 nolo
3040 5591 3056 5621 ,
3102 5546 3234 5621 illud
3261 5567 3390 5621 ago;
3431 5561 3480 5606 et
3498 5546 3790 5620 jam'non

2160 5631 2250 5690 ego
2298 5631 2489 5690 Operae
2517 5618 2679 5690 illud,
2709 5618 2796 5690 sed
2839 5619 2974 5684 quod
3029 5618 3216 5672 habitat
3267 5618 3318 5672 in
3360 5638 3439 5674 me
3483 5618 3796 5690 peccatu-ns

2165 5684 2338 5754 (liam.
2370 5687 2424 5741 7.
2472 5687 2535 5741 Η
2557 5717 2580 5728 -
2607 5687 2712 5757 l7).
2743 5687 2947 5743 Tantus
2987 5690 3145 5746 timor
3172 5699 3298 5746 tunc
3341 5691 3442 5747 crit
3475 5684 3791 5760 oniniuru.
