4052 6200
364 262 502 318 935

348 380 544 434 etiam
567 388 892 442 sanctorum,
923 384 980 429 ut
1004 389 1160 429 nemo
1185 381 1364 442 speret
1384 387 1442 426 se
1458 372 1657 440 justum
1689 372 1965 429 invenien—

349 450 535 514 iluin,
567 449 659 503 sed
685 448 858 502 adhuc
904 447 1087 500 timeat
1127 461 1193 499 ne
1226 443 1537 514 funereus
1560 443 1798 496 exsistat.
1835 446 1966 509 Quis

349 510 529 573 enini
571 528 745 588 potest
787 517 851 571 ad
912 514 1200 587 perfectum
1249 510 1544 588 dijudicare
1585 514 1962 588 conscientiam

351 605 557 650 suam,
574 583 635 643 et
655 583 974 658 Cognoscere
989 601 1084 658 cor
1099 601 1278 658 suum,
1299 597 1420 636 eum
1442 583 1696 658 scriptum
1718 584 1964 658 sitLQuia

353 659 435 712 tle
471 659 614 713 omni
638 652 781 711 υρνῦο
803 658 963 712 otioso
983 654 1229 708 reddituri
1255 668 1426 706 sumus
1449 652 1695 705 rationem
1736 652 1958 722 (Matth.

355 730 465 784 1‘2.
509 729 643 797 36)?
676 727 952 794 Quomodo
994 740 1121 794 ergo
1153 740 1247 797 pro
1298 722 1666 797 peccatoribus
1710 726 1961 797 tn‘ncuin-

355 791 663 852 tercedant
699 791 888 852 vsancti
922 837 937 858 ,
985 791 1104 849 cuin
1155 791 1373 847 timeant
1421 793 1518 860 ipsi
1564 791 1633 847 de
1680 793 1778 848 se?
1828 793 1959 848 Nam

349 868 523 922 sicut
545 879 750 936 tempus
781 865 1153 936 misericordim
1173 861 1428 936 judicium
1457 876 1561 915 non
1591 864 1810 936 suscipit
1835 905 1850 928 ,
1883 866 1963 919 sic

353 948 424 992 et
457 932 675 1007 tempus
703 936 887 1006 judieii
914 933 1328 988 misericordiam
1361 948 1466 986 non
1505 932 1712 1007 recipit.
1741 933 1960 1007 _ldeo_i_n

356 1010 559 1077 primo
579 1002 815 1061 adventu
835 1048 848 1066 ,
872 1020 992 1060 cum
1023 1013 1227 1077 tempus
1261 1013 1408 1077 esset
1447 1002 1842 1077 misericordia,
1875 1004 1960 1077 di-

356 1073 633 1134 centibus
659 1077 913 1146 apostolis
939 1089 1099 1143 super
1127 1073 1576 1146 inhumanitatein
1595 1073 1836 1146 _civitatis_
1863 1074 1962 1127 ali-

360 1150 536 1217 cujus
569 1167 582 1202 :
622 1142 708 1201 Vis
737 1142 1076 1217 dicanius,_i_tt
1103 1142 1376 1217 descendat
1410 1143 1540 1211 ignis
1560 1142 1632 1217 _de
1669 1142 1838 1217 ςᾳειοῖ
1877 1159 1962 1217 re-

365 1210 604 1284 spondit
624 1217 778 1272 Jesus
802 1231 816 1266 :
846 1213 1064 1267 Nescitis
1085 1214 1230 1284 cuius
1255 1210 1463 1284 spiritus
1480 1213 1596 1284 estis
1618 1251 1643 1284 ._
1671 1210 1789 1284 Non
1829 1214 1959 1267 enim

361 1281 497 1342 veni
526 1284 1039 1359 judicare‘mundum
1061 1322 1075 1345 ,
1103 1283 1191 1359 sed
1229 1281 1425 1359 sulcare
1448 1281 1594 1359 (Luc.
1696 1283 1783 1338 51.
1817 1285 1956 1359 56):

364 1351 674 1412 ostendens
702 1355 822 1426 quia
851 1369 970 1426 cum
1001 1353 1206 1426 venerit
1245 1353 1311 1426 in_
1325 1351 1567 1426 secundo
1587 1352 1843 1426 adventu,
1869 1351 1961 1426 jn-

363 1429 508 1482 dicii
547 1421 748 1495 tempus
775 1424 1019 1495 similiter
1033 1423 1212 1495 locum
1244 1421 1619 1495 misericordia:
1639 1439 1764 1495 non
1795 1421 1956 1479 habe-

370 1497 482 1550 bit.
517 1496 610 1551 Ubi
646 1490 823 1549 autem
863 1493 1226 1547 misericordia
1263 1492 1436 1544 loeum
1487 1507 1592 1544 non
1637 1490 1830 1558 habet,
1863 1508 1962 1547 nec

365 1563 692 1622 intercessio
711 1565 871 1618 valet.
895 1564 998 1615 Aut
1021 1563 1135 1614 lucc
1161 1561 1278 1632 ideo
1297 1561 1442 1632 dicit,
1473 1561 1721 1624 Quoniam
1739 1563 1962 1632 indigna

365 1648 502 1690 sunt
523 1635 778 1705 passiones
805 1634 956 1705 hujus
986 1631 1222 1705 temporis
1242 1631 1321 1705 ad
1333 1635 1552 1705 [murum
1576 1632 1821 1705 gloriam,
1848 1631 1962 1705 qua:

361 1699 680 1759 revelabitur
720 1705 773 1756 in
811 1699 954 1754 nobis
983 1700 1156 1767 (Itoni.
1183 1701 1235 1754 8.
1261 1699 1383 1768 18).
1429 1702 1485 1755 Si
1513 1699 1638 1770 ergo
1668 1703 1838 1771 major
1860 1699 1962 1757 erit

363 1779 548 1843 glorLa
569 1817 583 1840 ,
611 1789 729 1842 qua:
760 1779 1048 1841 pta-parata
1076 1780 1157 1824 est
1185 1771 1382 1824 sanctis
1401 1785 1430 1824 a
1461 1772 1570 1825 Deo
1589 1811 1603 1836 ,
1631 1787 1790 1843 quam
1818 1773 1958 1840 quod

367 1841 748 1914 unusquisque
784 1852 1092 1914 sanctorum
1140 1851 1374 1914 meretur
1401 1859 1416 1894 :
1443 1841 1709 1910 quomodo
1735 1843 1962 1897 sufficiat

370 1925 437 1968 et
468 1911 587 1967 aliis
615 1911 679 1966 ad
718 1913 939 1965 salutem
968 1911 1383 1980 uniuscujusque
1417 1926 1550 1980 Opus
1583 1926 1768 1965 eorum
1789 1954 1804 1977 ,
1837 1928 1958 1967 cum

371 2000 486 2038 nec
513 1984 613 2036 sibi
651 1981 752 2053 soli
780 1980 1008 2053 sufficiat
1049 1980 1114 2053 ad
1139 1982 1381 2053 gloriam
1415 1981 1559 2034 illam
1599 1980 1742 2050 justo
1759 1983 1960 2053 judicio

365 2052 850 2122 Consequendam?
875 2049 956 2104 Ite
981 2049 1232 2122 potius-ad
1253 2051 1536 2122 uendentes,
1560 2049 1617 2122 et:
1633 2049 1777 2106 emite
1801 2053 1959 2111 vobis.

317 2139 320 2142 ί
375 2121 699 2177 Venditores
728 2137 948 2191 operum
997 2121 1292 2185 bonorum,
1320 2122 1404 2176 vel
1455 2121 1742 2191 docti-inte,
1783 2137 1960 2176 sacer-

367 2193 536 2248 dotes
564 2201 724 2257 sunt,
769 2190 859 2262 qui
910 2190 1528 2262 prafceptajustitizein
1574 2193 1770 2262 pepulo
1793 2192 1955 2256 dant,

369 2264 533 2334 quasi
560 2263 782 2331 pretium
810 2261 1018 2334 aliquod
1040 2261 1360 2334 accipientes
1390 2261 1546 2315 fidem
1574 2261 1807 2334 ipsorum
1831 2302 1844 2326 ,
1869 2265 1956 2332 qui

376 2332 706 2403 peccatores
737 2348 829 2401 per
860 2333 1221 2402 ptenitentiain
1267 2332 1512 2403 solvunt,
1545 2333 1732 2403 pretio
1752 2333 1961 2388 confes-

371 2401 548 2460 sionis
576 2419 758 2457 eorum
789 2401 994 2471 placati.
1027 2404 1130 2454 Aut
1151 2412 1296 2456 certe
1322 2401 1424 2456 hoc
1455 2403 1678 2470 pretium
1706 2402 1960 2459 doctrina:

371 2474 690 2541 accipiunt,
715 2472 925 2542 quando
953 2472 1029 2525 sic
1050 2471 1305 2526 docentes
1328 2487 1420 2525 eos
1445 2473 1673 2528 audierit
1712 2475 1955 2542 populus.

372 2543 617 2612 Populus
645 2545 857 2611 quidem
891 2558 984 2611 per
1009 2542 1363 2596 obedientiam
1403 2557 1552 2596 suam
1581 2555 1848 2598 mercatus
1877 2555 1958 2599 est

371 2615 483 2668 sibi
514 2616 767 2678 salutem,
795 2613 1099 2667 sacerdotes
1125 2623 1302 2666 autem
1321 2652 1337 2678 ,
1366 2614 1454 2682 qni
1479 2615 1772 2668 docuerunt
1799 2623 1853 2669 et
1878 2615 1960 2668 la-

374 2686 708 2737 boraverunt
735 2684 874 2737 circa
901 2697 994 2736 eos
1014 2722 1032 2749 ,
1079 2683 1334 2751 recipient
1370 2701 1400 2734 a
1430 2683 1538 2736 Deo
1561 2684 1816 2738 doctrina:
1848 2701 1958 2738 sum

373 2753 609 2808 labores.
635 2753 836 2807 Bonum
865 2768 994 2822 ergo
1013 2761 1095 2806 est
1119 2753 1397 2807 coxisilium
1423 2751 1724 2808 sanctorum
1747 2754 1812 2807 ad
1838 2771 1961 2822 pec-

372 2833 623 2889 eatores,
657 2833 712 2876 ut
739 2833 862 2877 eant
889 2825 953 2876 ad
1001 2823 1305 2876 sacerdotes
1328 2863 1344 2889 ,
1383 2834 1438 2877 et
1477 2824 1706 2877 fideliter
1742 2825 1960 2878 audiant

373 2910 475 2947 eos
505 2911 518 2946 :
551 2903 603 2948 et
638 2909 758 2948 cum
787 2893 1083 2956 audierint,
1114 2891 1342 2957 faciant,
1371 2903 1425 2947 et
1455 2892 1668 2947 habebit
1710 2893 1956 2948 virtutem

373 2964 484 3017 olei
535 2964 664 3016 fides
705 2978 924 3028 eorutn,
963 2963 1008 3016 si
1055 2972 1232 3016 tamen
1283 2963 1563 3017 habuerint
1608 2973 1834 3031 tempus.
1868 2966 1953 3018 to.

378 3033 687 3087 Abeuntibus
714 3043 883 3086 autem
910 3035 1011 3098 eis,
1042 3049 1153 3086 ecce
1184 3033 1316 3086 venit
1355 3049 1572 3100 sponsus
1599 3049 1619 3087 :
1648 3043 1694 3086 et
1720 3049 1834 3102 qua:
1867 3052 1957 3103 pa-

379 3113 510 3156 rtita:
537 3114 707 3174 erant,
749 3104 1060 3174 intraverunt
1107 3119 1222 3156 cum
1267 3119 1325 3157 eo
1346 3143 1362 3168 ,
1393 3113 1440 3156 et
1466 3104 1638 3174 clausa
1663 3115 1736 3156 est
1767 3105 1954 3174 janua.

375 3173 692 3227 Ostenditur
721 3173 875 3226 nobis
902 3187 995 3242 per
1038 3173 1154 3227 ha'c
1192 3175 1349 3226 verba
1370 3213 1387 3238 ,
1433 3173 1575 3241 quod
1619 3174 1713 3228 illo
1739 3173 1790 3228 in
1821 3185 1958 3229 tem-

375 3257 512 3313 pore
541 3244 681 3297 inter
726 3244 996 3312 angustias
1035 3243 1367 3296 diversorum
1411 3251 1671 3298 terrorum
1715 3243 1958 3300 videntes

373 3329 439 3366 se
465 3325 772 3382 peccatores
794 3353 809 3377 ,
841 3313 1199 3366 anxuabnntur
1219 3354 1234 3376 ,
1279 3321 1334 3366 et
1372 3324 1586 3368 current
1615 3315 1720 3368 huc
1749 3324 1804 3369 et
1833 3315 1958 3368 illuc

373 3383 446 3436 ad
489 3383 827 3453 sacerdotes,
857 3383 1155 3453 doctrinam
1186 3393 1236 3438 et
1270 3383 1634 3451 ptenitentiam
1667 3385 1766 3437 sibi
1812 3401 1959 3453 qua-

376 3463 580 3524 rentes.
612 3452 713 3524 Alii
743 3464 918 3524 autem
964 3452 1352 3524 interrogantes
1372 3494 1386 3516 ,
1427 3454 1550 3524 quid
1593 3468 1686 3507 eos
1713 3452 1958 3523 oporteat

380 3520 557 3574 facere
576 3562 591 3584 ,
621 3520 716 3574 sed
745 3520 1027 3575 festinante
1046 3520 1246 3590 judicio
1265 3563 1280 3587 ,
1309 3532 1364 3578 et
1393 3520 1798 3578 necessitatibus
1836 3525 1955 3578 aliis

379 3605 545 3657 super
568 3590 698 3642 alias
720 3591 1070 3652 venientibus,
1093 3605 1214 3644 eum
1243 3607 1347 3645 non
1376 3594 1443 3645 sit
1463 3594 1690 3648 docendi
1716 3595 1952 3659 licentia,

382 3673 486 3713 nec
511 3668 717 3725 tempus
746 3659 996 3730 faciendae
1029 3660 1280 3727 justitiae,
1304 3671 1396 3712 aut
1433 3662 1650 3730 agendae
1695 3665 1958 3730 poeniten-

382 3730 506 3794 tize,
557 3729 820 3782 festimtio
867 3743 1048 3782 eorum
1096 3743 1258 3781 vacua
1306 3730 1425 3782 erit.
1472 3729 1583 3783 iloc
1628 3729 1770 3784 enim
1806 3741 1857 3784 et
1903 3735 1955 3786 in

380 3798 692 3868 quotidano
720 3814 814 3852 usu
848 3799 1089 3853 videmus
1119 3799 1256 3854 fieri.
1282 3799 1526 3864 Quotidie
1549 3800 1690 3854 enim
1717 3801 1961 3854 sacerdo-

385 3879 466 3924 tes
497 3870 729 3924 clamaut
759 3872 810 3922 in
863 3871 1083 3922 ecclesia
1115 3869 1251 3936 :Qui
1294 3871 1561 3938 peccavit,
1592 3872 1955 3939 paenitentiam

381 3951 550 4010 agat:
586 3942 673 4009 qui
714 3939 1125 4010 nonpeccavit,
1161 3951 1466 4008 permaneat
1513 3941 1564 3994 in
1607 3941 1734 3995 Deo.
1774 3941 1959 4010 Neque

380 4009 640 4064 seducunt
686 4025 780 4062 vos
827 4009 1058 4064 honores
1102 4020 1156 4064 et
1197 4011 1393 4064 divitia:
1445 4011 1807 4079 temporales:
1837 4009 1958 4081 quia

384 4092 594 4150 tempus
619 4089 851 4134 vestrum
883 4096 1046 4149 prope
1067 4090 1145 4134 est
1173 4098 1186 4134 :
1210 4091 1265 4135 et
1293 4084 1336 4134 si
1366 4084 1752 4136 consummatio
1784 4094 1959 4138 vestra

383 4151 704 4216 tardaverit,
735 4168 878 4205 mors
913 4161 1085 4204 vestra
1114 4166 1222 4205 non
1254 4152 1442 4204 tardat.
1474 4151 1540 4205 Et
1572 4167 1730 4206 nemo
1767 4153 1956 4218 credit,

383 4239 542 4277 nemo
570 4222 805 4276 obaudit.
829 4224 958 4275 Cum
989 4232 1165 4275 autem
1197 4224 1403 4276 venerit
1426 4235 1587 4290 super
1612 4223 1730 4276 illos
1776 4238 1920 4278 mors
1940 4266 1957 4290 ,

381 4293 636 4347 festinant
664 4304 718 4346 et
744 4294 1062 4356 anxiantur,
1091 4301 1283 4346 vocant
1326 4295 1661 4357 sacerdotes,
1695 4295 1958 4362 pteniten-

381 4364 510 4418 tiam
540 4364 720 4416 volunt
745 4378 925 4433 agere,
955 4365 1167 4432 quando
1187 4363 1295 4431 jam
1328 4363 1656 4432 ptenitentiae
1683 4364 1828 4417 locus
1855 4380 1959 4418 non

380 4445 482 4487 est.
509 4435 688 4503 Itaque
708 4435 831 4488 dum
856 4442 1128 4503 exponunt
1149 4444 1364 4503 peccata
1389 4449 1482 4487 sua
1503 4473 1518 4498 ,
1541 4433 1667 4486 dum
1695 4435 1961 4502 accipiunt

387 4505 710 4572 paenitentia:
769 4514 1006 4573 tempus,
1050 4513 1105 4558 et
1155 4514 1414 4573 praecepta
1456 4503 1703 4572 Ῑυειίιὶω,
1755 4505 1961 4572 capitur

385 4575 810 4644 animacorum,
839 4585 893 4628 et
919 4574 1117 4628 vadunt
1145 4575 1292 4628 vacui
1318 4615 1334 4640 ,
1379 4575 1549 4643 magis
1591 4584 1768 4628 autem
1816 4576 1960 4644 ligati

383 4640 530 4708 justo
550 4642 747 4714 judicio
776 4644 864 4696 Dei
895 4662 908 4696 :
937 4648 1059 4713 quia
1107 4660 1211 4698 non
1243 4640 1663 4714 propter'odium
1711 4640 1957 4714 peccato-

362 4727 506 4785 -_rui_u
561 4712 1037 4785 displicentessnii
1086 4712 1955 4785 volebant—ptenitentiamagere,

362 4781 481 4855 ‘Scd
516 4791 731 4855 promer
777 4784 962 4855 mortis
993 4785 1254 4855 timorem.
1291 4781 1480 4840 Adhuc
1507 4787 1647 4840 enim
1676 4790 1740 4853 [si
1787 4781 1961 4840 vivere

364 4853 690 4922 {potuissent
710 4892 724 4916 ,
753 4865 858 4905 non
888 4853 988 4905 sibi
1017 4854 1603 4922 displicuissentrAlius
1629 4867 1805 4910 autem
1833 4872 1960 4911 ven-

370 4925 594 4982 tditores
614 4922 749 4986 olei,
778 4922 826 4975 id
849 4932 931 4994 est
950 4963 965 4984 ,
995 4923 1116 4976 boni
1139 4926 1317 4993 Operis
1337 4966 1350 4989 ,
1377 4941 1635 4994 pauperes
1658 4928 1804 4981 dicit.
1829 4927 1965 4980 llor-

343 4987 570 5053 ³έιῑειηιυι·
609 5008 736 5062 ergo
779 4991 1066 5061 prudentes
1093 4987 1568 5063 vii-gines’fatuas,
1619 5006 1678 5050 ut
1725 5006 1848 5052 eant
1893 4997 1959 5051 ad

388 5079 672 5134 pauperes,
704 5065 747 5118 si
769 5063 964 5133 patitur
984 5078 1077 5118 eas
1099 5073 1338 5133 tempus,
1366 5075 1422 5118 ut
1447 5067 1696 5121 facientes
1725 5069 1803 5122 eis
1826 5067 1961 5122 bona

388 5135 643 5208 jttstititc,
689 5134 1105 5208 tttisericordiatu
1146 5145 1534 5208 consequantur
1579 5137 1646 5191 ab
1669 5139 1745 5192 eis
1778 5157 1792 5193 :
1824 5153 1961 5208 quo-

395 5204 533 5258 niam
565 5220 658 5272 per
703 5204 1097 5259 misericordias
1148 5204 1312 5258 factas
1342 5210 1392 5258 in
1422 5220 1516 5260 eos
1535 5247 1551 5269 ,
1579 5208 1716 5273 olei,
1765 5208 1816 5262 id
1842 5204 1959 5275 est,

390 5275 769 5330 misericordia:
795 5290 1002 5330 merces
1023 5275 1332 5344 acquiritur.
1367 5275 1471 5329 Illae
1512 5285 1687 5331 autem
1713 5278 1838 5332 dum
1869 5295 1960 5331 va-

389 5348 557 5418 dunt,
609 5345 849 5418 volentes
899 5356 1022 5418 tunc
1063 5345 1261 5415 aliquid
1314 5346 1691 5418 honihfacere,
1745 5359 1964 5418 propter

387 5416 536 5485 quod
555 5417 762 5484 possint
779 5430 900 5468 cum
928 5416 1116 5471 fiducia
1145 5430 1424 5471 occurrere
1445 5416 1654 5472 Christo
1671 5458 1687 5484 ,
1709 5416 1963 5474 venturus

389 5484 472 5557 _e_st
509 5484 752 5557 Christus
800 5498 1018 5554 repente
1041 5528 1055 5551 ,
1102 5497 1156 5541 et
1185 5486 1313 5541 nihil
1358 5489 1435 5541 eis
1462 5488 1699 5557 proderit
1723 5491 1962 5544 anxietas

387 5555 512 5620 illa,
537 5565 659 5627 tunc
679 5555 1048 5624 incipientibus
1070 5557 1208 5612 bene
1232 5573 1390 5627 agere
1410 5599 1426 5625 ,
1451 5555 1570 5612 eum
1601 5567 1808 5627 tempus
1829 5560 1963 5614 bene

387 5626 575 5694 agendi
607 5627 958 5682 concluditur.
990 5629 1076 5682 11.
1122 5626 1406 5683 Novissime
1441 5638 1612 5682 autem
1653 5626 1886 5683 venerunt
1914 5640 1961 5683 et

386 5697 589 5768 reliqua:
641 5698 853 5769 virgines
873 5738 890 5765 ,
932 5698 1190 5756 dicentes:
1217 5697 1466 5771 Domine,
1518 5699 1766 5768 Domine,
1817 5701 1957 5771 aperi

1507 261 1572 316 ΙΝ
1611 261 2015 322 MATTIUEUM
2056 266 2282 324 HOMIL.
2325 271 2454 326 LIII.

3547 285 3653 340 υδι

2076 382 2236 454 nobis.
2259 382 2400 438 Nihil
2431 384 2645 454 prodest
2671 399 2735 438 es
2782 383 3098 439 necessitate
3128 383 3352 454 repetita
3383 380 3654 454 confessio

2071 451 2221 520 ejus.
2251 455 2340 521 qui
2377 451 2443 510 ei
2469 456 2740 510 voluntate
2769 472 2867 509 nec
2892 454 3054 509 semel
3079 453 3359 507 confessus
3385 463 3488 508 est.
3519 452 3652 506 Nam

2071 523 2368 578 voluntaria
2389 524 2654 580 confessio
2675 536 2728 579 et
2754 525 2957 579 modica
2985 523 3181 577 sufficit
3205 524 3313 577 Deo
3338 541 3350 575 :
3378 539 3442 576 ex
3467 538 3654 578 neces-

2069 593 2227 667 sitate
2253 606 2427 667 atttem
2449 637 2465 660 ,
2489 612 2660 667 neque
2682 611 2890 665 magna.
2917 593 3002 648 12.
3022 596 3094 667 At
3121 593 3208 667 ille
3227 594 3530 667 respondens
3547 594 3616 667 ait
3632 607 3652 648 :

2071 666 2228 716 Amen
2268 665 2380 718 dico
2407 664 2589 732 vobis,
2623 664 2788 721 nescio
2830 681 2916 719 eos
2945 665 3030 730 qui
3056 666 3194 719 estis.
3242 664 3403 732 Signa
3432 664 3651 732 spiritus

2070 734 2172 804 mei
2204 735 2252 787 in
2285 736 2436 789 vobis
2466 752 2569 791 non
2601 739 2774 792 video.
2829 736 2978 790 Sicut
3007 735 3148 790 enim
3179 735 3266 804 qui
3317 734 3646 789 immundum

2069 803 2313 876 spiritum
2345 805 2536 871 habet,
2571 808 2705 862 bona
2747 821 2909 876 opera
2949 807 3126 860 facere
3173 803 3277 859 non
3323 815 3538 876 potest:
3570 805 3650 876 sic

2067 873 2156 938 qui
2187 874 2441 939 Spiritum
2469 889 2708 931 sanctum
2743 873 2934 940 habet,
2967 891 3128 942 opera
3159 890 3262 929 non
3315 873 3439 928 facit
3486 875 3642 929 mala.

2067 943 2241 1016 Quare
2266 945 2422 1014 igitur
2448 962 2543 1000 vos
2566 963 2728 1016 opera
2759 963 2862 1001 non
2912 947 3082 1001 facitis
3128 945 3266 1000 bona
3287 988 3302 1012 ,
3334 945 3428 1016 sed
3468 945 3650 999 mala?

2068 1013 2352 1082 Imaginem
2397 1031 2568 1070 meam
2602 1013 2703 1071 non
2732 1032 2996 1085 cognosco
3044 1017 3098 1070 in
3128 1016 3298 1069 vobis.
3347 1015 3524 1084 Imago
3553 1030 3648 1068 au-

2065 1091 2173 1136 tem
2219 1100 2333 1138 mea
2364 1095 2446 1138 est
2495 1087 2678 1154 fugere
2725 1091 2955 1153 malum,
2988 1096 3042 1142 et
3081 1087 3231 1154 sequi
3273 1086 3466 1139 bonum
3500 1101 3514 1137 :
3556 1099 3648 1138 vos

2065 1163 2483 1225 autemccoutra
2539 1159 2744 1223 fugistis
2793 1159 2988 1211 bonum
3011 1199 3026 1222 ,
3053 1165 3108 1210 et
3135 1156 3336 1225 operati
3368 1155 3498 1209 estis
3535 1170 3649 1208 nia-

2067 1221 2197 1276 lum.
2248 1224 2362 1296 Non
2413 1221 2632 1293 potestis
2679 1243 2917 1282 ineorum
2963 1221 3188 1280 militum
3235 1229 3451 1296 praemia
3494 1225 3637 1278 acci-

2066 1307 2194 1368 pere
2214 1335 2229 1358 ,
2263 1295 2350 1368 qui
2372 1297 2590 1368 tyranni
2619 1297 2809 1350 vexilla
2839 1300 3078 1368 portatis.
3107 1296 3221 1350 Non
3239 1295 3464 1365 possunt
3492 1308 3641 1350 meos

2064 1361 2246 1418 dicere
2265 1361 2294 1430 ,⁷
2316 1361 2586 1435 inquibus
2629 1382 2805 1421 meum
2839 1361 2972 1421 nihil
2998 1361 3282 1436 cognosco.

2484 1500 2711 1556 Humilia
2737 1503 2836 1572 liij.
2867 1518 2930 1557 ea:
2957 1519 3072 1574 cap.
3103 1518 3224 1558 xxv.

2138 1631 2226 1686 M.
2281 1631 2428 1686 Sicut
2465 1633 2620 1705 enin_t_
2647 1633 2795 1687 homo
2841 1651 3046 1705 peregre
3090 1636 3414 1703 proﬁciscens
3455 1637 3645 1692 vocavit

2065 1717 2233 1756 servos
2259 1718 2415 1775 suos,
2443 1713 2545 1775 etc.
2579 1702 2748 1757 Homo
2793 1702 3012 1775 peregre
3050 1702 3353 1775 profectus,
3401 1707 3643 1760 Christus

2065 1781 2182 1837 est,
2216 1781 2336 1841 post
2363 1773 2637 1828 victoriam
2667 1773 2937 1842 paSsionis
2952 1774 3018 1828 ad
3051 1773 3274 1828 Patrem
3308 1777 3473 1830 iturus
3505 1795 3516 1829 :
3547 1793 3645 1830 V0-

2068 1841 2269 1896 Iuntate
2295 1841 2677 1898 misericordiae
2699 1845 2892 1909 horno,
2926 1860 3031 1898 non
3075 1845 3393 1899 necessitate
3417 1856 3633 1899 naturae.

2065 1911 2414 1983 Commendat
2441 1924 2617 1966 autem
2643 1913 2888 1968 Christus
2923 1914 3261 1969 dilectionem
3283 1930 3455 1980 suam,
3481 1933 3637 1983 quam

2065 1980 2226 2036 habet
2268 1983 2319 2035 in
2356 1984 2577 2053 sanctis.
2603 1983 2682 2037 Ad
2731 1999 2889 2053 regna
2929 1985 3070 2038 enim
3110 1985 3341 2039 caelestia
3392 1980 3643 2040 ascenso-

2066 2068 2190 2117 rus,
2221 2061 2278 2105 et
2302 2051 2369 2105 ad
2413 2052 2625 2107 Patrem
2672 2051 2826 2107 suum
2869 2055 3070 2119 iturus,
3096 2055 3237 2110 unde
3269 2054 3637 2120 descenderat,

2065 2137 2289 2192 peregre
2331 2137 2393 2177 se
2441 2122 2637 2176 iturum
2667 2124 2824 2184 dicit.
2857 2135 3074 2192 propter
3099 2126 3374 2178 caritatem
3421 2135 3636 2180 sancto-

2065 2208 2182 2246 tuin
2205 2233 2220 2257 ,
2249 2207 2384 2266 quos
2413 2193 2746 2266 relinquebat
2771 2195 2824 2248 iit
2854 2197 3042 2256 terris,
3075 2209 3195 2248 cum
3212 2195 3391 2266 magis
3420 2209 3640 2266 peregre

2063 2272 2207 2334 esset
2253 2264 2308 2317 in
2338 2263 2535 2318 mundo
2558 2303 2574 2327 ,
2605 2263 2744 2318 sicut
2786 2268 2898 2334 ipse
2944 2274 3168 2334 testatur
3193 2263 3376 2319 dicens
3408 2263 3431 2316 ἐ
3457 2263 3638 2318 Incolit

2063 2333 2194 2386 enim
2221 2349 2309 2403 ego
2335 2335 2517 2387 suntin
2540 2344 2671 2387 terra
2699 2333 2837 2404 apud
2857 2346 2904 2388 te
2928 2333 3098 2401 (Psal.
3125 2337 3246 2389 118.
3277 2333 3386 2403 19).
3415 2334 3640 2402 Quando

2063 2404 2206 2456 enim
2231 2404 2373 2457 venit
2400 2404 2450 2457 in
2477 2405 2729 2457 mundum
2751 2405 2936 2468 Jesns,
2966 2405 3138 2458 adhuc
3160 2407 3470 2474 peregrinus
3495 2416 3632 2469 erat,

2063 2475 2330 2527 neminem
2381 2475 2582 2527 habens
2625 2475 2708 2528 sui
2760 2475 2990 2528 nominis
3035 2476 3442 2530 confessorem;
3491 2486 3638 2544 post-

2062 2559 2221 2615 quam
2251 2555 2426 2615 autem
2457 2544 2601 2598 venit
2627 2585 2641 2606 ,
2668 2553 2724 2599 et
2749 2545 3036 2614 discipulos
3063 2546 3343 2615 acquisivit
3366 2587 3379 2607 ,
3404 2544 3513 2614 jam
3547 2563 3640 2614 lia--

2067 2613 2375 2668 terfamilias
2403 2624 2518 2668 erat
2545 2630 2558 2667 :
2589 2624 2645 2668 et
2672 2615 2790 2669 ideo
2818 2613 3158 2684 proficiscens
3179 2616 3246 2669 de
3267 2616 3486 2679 mundo.
3509 2613 3633 2682 per-

2060 2700 2187 2753 egre
2213 2684 2664 2755 proﬁciscebatur.
2697 2685 2784 2738 Vis
2806 2695 2980 2738 autem
3011 2685 3147 2740 scire
3173 2695 3425 2754 quantum
3453 2686 3635 2755 diligat

2064 2752 2248 2809 fideles
2275 2756 2444 2825 suos?
2474 2752 2762 2808 Considera
2806 2755 2928 2825 quid
2974 2770 3162 2824 passus
3190 2752 3271 2809 est
3313 2771 3408 2824 pro
3436 2756 3534 2810 eis.
3555 2752 3630 2810 'St

2062 2826 2202 2896 enim
2231 2824 2396 2894 magis
2420 2840 2576 2893 quam
2601 2824 2838 2894 glorianti
2869 2841 3018 2896 suam
3040 2894 3049 2896 _
3068 2826 3187 2896 illos
3227 2827 3455 2890 amavit,
3483 2829 3633 2896 quasi

2063 2894 2732 2966 homomoriensipropter
2760 2910 2854 2950 eos
2884 2913 2898 2949 :
2929 2894 3054 2965 quid
3093 2895 3320 2960 mirum,
3349 2900 3391 2949 si
3432 2894 3634 2966 majore

2061 2964 2345 3020 dilectione
2374 2965 2654 3035 tenebatur
2681 2964 2983 3019 sanctorum
3004 3007 3020 3030 ,
3050 2981 3182 3034 quos
3225 2964 3553 3035 relinquebat
3580 2967 3634 3021 in

2063 3035 2252 3106 terris,
2275 3050 2432 3106 quam
2459 3034 2744 3106 dilectione
2771 3035 2952 3106 gloria:
2970 3051 3165 3106 ,quam
3199 3034 3425 3089 habebat
3454 3037 3504 3090 in
3531 3051 3636 3090 ca:-

2062 3104 2165 3159 lis?
2192 3104 2262 3174 Et
2302 3104 2510 3158 tradidit
2534 3104 2638 3159 illis
2673 3104 2804 3159 bona
2829 3122 2941 3159 sua.
2965 3105 3080 3160 Non
3108 3105 3348 3160 invidens
3373 3107 3488 3160 aliis
3515 3107 3632 3175 plus

2060 3175 2206 3230 dedit
2224 3217 2239 3240 ,
2268 3175 2385 3228 aliis
2412 3176 2588 3229 minus
2606 3216 2621 3240 ,
2645 3176 2737 3230 sed
2757 3175 3100 3231 considerans
3121 3175 3480 3232 diversitatem
3510 3177 3632 3232 fidei

2061 3261 2270 3301 eorum.
2299 3245 2399 3312 Qui
2429 3247 2606 3299 autem
2638 3246 2845 3300 invidus
2872 3256 2950 3300 est
2968 3286 2984 3311 ,
3013 3254 3104 3300 aut
3129 3260 3318 3314 parcus
3340 3287 3357 3312 ,
3386 3246 3634 3302 omnibus

2060 3325 2141 3369 est
2168 3331 2356 3387 parcus
2385 3314 2696 3387 et__invidus.
2723 3315 2906 3386 Neque
2931 3317 3080 3387 quasi
3108 3326 3358 3387 acceptor
3382 3331 3638 3387 persona-

2061 3401 2176 3455 rum
2224 3384 2345 3440 fecit
2377 3384 2728 3439 differentiam
2775 3384 3082 3455 gratiarum.
3118 3385 3207 3438 Vis
3243 3384 3417 3440 seire?
3444 3387 3625 3441 Consi-

2059 3454 2188 3527 dera
2217 3457 2486 3527 quoinodo
2513 3471 2648 3524 pene
2677 3454 2951 3525 wqdaliter
2975 3457 3334 3527 remuneravit
3357 3471 3480 3510 eum
3502 3498 3518 3522 ,
3543 3457 3630 3527 qui

2059 3525 2236 3579 ntinus
2266 3525 2489 3586 obtulit.
2519 3535 2574 3580 et
2603 3524 2758 3591 eum,
2792 3528 2880 3595 qui
2910 3525 3156 3595 amplius.
3207 3524 3262 3580 Si
3291 3526 3432 3580 enim
3477 3524 3631 3581 acce-

2059 3605 2180 3663 ptor
2197 3610 2543 3666 personarum
2572 3595 2790 3661 fuisset,
2818 3596 2996 3666 utique
3023 3611 3128 3650 non
3156 3605 3357 3650 tantum
3389 3597 3438 3649 in
3461 3598 3632 3651 danda

2059 3667 2256 3736 gratia,
2288 3675 2538 3736 quantum
2587 3666 2638 3718 in
2666 3667 2933 3720 reddenda
2981 3667 3225 3720 mercede
3249 3675 3392 3720 esset
3416 3669 3635 3736 aequalis

2061 3733 2340 3788 ambobus.
2367 3734 2698 3804 Manifestum
2724 3745 2806 3788 est
2827 3775 2843 3798 ,
2871 3736 3014 3804 quod
3059 3736 3111 3788 in
3134 3736 3305 3789 danda
3331 3733 3498 3804 gratia
3527 3753 3632 3791 non

2063 3816 2319 3874 personas
2344 3803 2578 3870 aspexit,
2608 3804 2700 3857 sed
2733 3803 2982 3858 virtutem
3024 3803 3433 3874 uniuscujusque
3461 3809 3636 3859 cons;-

2061 3872 2310 3943 deraviti
2336 3889 2400 3925 ne
2427 3887 2583 3943 supra
2615 3874 2859 3926 virtutem
2890 3889 3022 3942 opus
3061 3872 3366 3942 injungens,
3399 3875 3512 3943 ipse
3538 3892 3632 3929 oc-

2061 3942 2205 3998 casio
2234 3941 2541 3996 oﬂ‘ensionis
2561 3944 2858 4007 exsisxeret,
2883 3941 2937 3997 et
2958 3959 3060 3998 non
3082 3941 3366 3998 essetireiis
3392 3941 3478 4012 qui
3509 3961 3630 4013 pec-

2061 4015 2227 4075 Cavit,
2252 4013 2295 4065 si
2325 4027 2486 4080 supra
2511 4012 2756 4066 virtutem
2805 4013 3012 4082 poodus
3054 4014 3411 4082 imposuisset.
3438 4012 3633 4070 Vo’lens

2063 4099 2191 4152 ergo
2232 4082 2699 4154 Doininushsocios
2743 4099 2840 4138 nos
2871 4084 3063 4137 habere
3107 4084 3158 4138 in
3206 4100 3367 4154 regno
3397 4087 3631 4151 c:t:lesti,

2062 4169 2223 4224 opera
2274 4152 2428 4224 nobis
2460 4152 2786 4207 diversarum
2819 4154 3144 4222 justitiarutu
3189 4152 3454 4208 commisit
3483 4171 3496 4207 :
3528 4172 3634 4210 nou

2062 4222 2182 4293 quia
2213 4237 2317 4277 non
2348 4222 2539 4277 habeat
2563 4231 2882 4291 potestatem
2908 4233 2962 4278 et
2989 4225 3104 4278 sine
3127 4225 3376 4293 operibus
3402 4239 3498 4278 nos
3521 4226 3636 4293 glo-

2065 4296 2302 4357 rificare,
2347 4293 2440 4346 sed
2490 4293 2609 4347 ideo
2649 4309 2782 4363 opus
2814 4295 3105 4364 praemisit,
3152 4297 3270 4362 quia
3307 4295 3445 4350 sicut
3472 4311 3633 4362 opera

2063 4365 2177 4418 sine
2210 4364 2440 4431 przcmiis
2483 4379 2643 4434 vacua
2693 4375 2847 4431 sunt,
2879 4365 2957 4419 sic
2997 4366 3206 4434 prtemia
3240 4367 3355 4419 sine
3383 4365 3634 4434 Operibns

2063 4444 2187 4507 sunt
2215 4435 2438 4504 ingrata.
2469 4433 2556 4488 16.
2604 4433 3005 4507 Statimautent
3039 4435 3160 4489 abiit
3184 4452 3266 4505 qui
3313 4438 3527 4507 quinque
3553 4445 3635 4489 tti-

2065 4504 2198 4559 lenta
2214 4515 2512 4576 acceperat,
2542 4513 2587 4557 et
2625 4505 2885 4574 acquisivit
2925 4505 3028 4559 alia
3055 4504 3287 4576 quinque.
3319 4507 3393 4560 De
3435 4504 3636 4559 talento

2063 4573 2351 4644 agnitionis
2375 4573 2573 4629 Christi
2599 4573 2876 4644 acquisivit
2905 4573 3339 4643 unam'justitiam
3388 4576 3525 4631 bene
3554 4579 3636 4628 vi-

2063 4647 2255 4716 vendo.
2285 4645 2357 4699 De
2380 4646 2708 4715 presbyterio
2731 4655 2905 4700 autem
2936 4648 3050 4715 ipso
3076 4648 3356 4716 acquisivit
3376 4645 3634 4715 justitiam

2063 4715 2290 4787 sollicite
2338 4716 2668 4784 praesidendo
2719 4717 2986 4787 Ecclesia.
3033 4716 3107 4771 De
3152 4715 3314 4772 verbo
3354 4717 3639 4787 acquisivit

2059 4786 2319 4856 justitiam
2340 4826 2356 4852 ,
2379 4788 2598 4840 verbum
2622 4786 2858 4840 veritatis
2883 4788 3161 4841 sinceriter
3181 4786 3638 4856 prxdicattdo.il)e

2065 4855 2328 4926 baptismo
2355 4857 2590 4910 lucratus
2620 4869 2703 4910 est
2729 4857 3023 4910 secundum
3053 4855 3253 4913 Christi
3282 4858 3516 4926 regulam
3541 4855 3636 4911 ba-

2067 4927 2346 4996 ptizando,
2380 4937 2435 4980 et
2461 4927 2649 4997 dignos
2681 4927 2817 4981 filios
2858 4942 2980 4981 cum
3018 4927 3218 4994 judicio
3265 4929 3514 4983 Ecclesia:
3540 4942 3634 4983 ac-

2064 4998 2344 5067 quirendo.
2402 4998 2476 5051 De
2543 4997 2804 5068 sacrificio
2864 4998 3142 5066 acquisivit
3183 4998 3472 5068 justitiam,
3529 5009 3638 5054 tam

2063 5069 2322 5140 mundum
2351 5077 2404 5120 et
2430 5067 2822 5140 immaculatum
2847 5068 3162 5140 sacriﬁcium
3185 5067 3390 5140 populo
3413 5071 3642 5124 offeren-

2063 5139 2154 5202 do,
2186 5149 2237 5192 et
2269 5151 2363 5206 pro
2390 5138 2620 5206 peccatis
2647 5139 2823 5207 populi
2851 5139 3141 5193 exorando.
3188 5138 3280 5194 t7.
3321 5141 3566 5196 Similiter
3591 5148 3642 5193 et

2063 5207 2151 5261 ille
2177 5209 2263 5276 qui
2301 5209 2402 5260 duo
2453 5208 2639 5261 talenta
2679 5209 2902 5276 accepit,
2946 5208 3168 5266 lucratus
3195 5220 3269 5265 est
3305 5212 3408 5266 alia
3433 5213 3551 5264 duo.
3584 5208 3641 5262 ld

2065 5277 2343 5350 est,_d_uas
2380 5277 2633 5350 justitjaS.
2684 5276 2855 5333 Unam
2898 5280 3030 5334 bene
3071 5281 3328 5344 vivendo,
3360 5295 3517 5350 quam
3547 5296 3642 5333 ac-

2065 5347 2280 5418 quisivit
2314 5362 2344 5400 a
2373 5348 2474 5401 lide
2505 5345 2700 5402 Christi
2729 5364 2743 5399 :
2772 5350 2992 5403 alteram
3033 5353 3312 5406 sinceriter
3337 5345 3644 5404 ministran-

2068 5417 2158 5483 do,
2186 5434 2344 5488 quam
2401 5419 2615 5472 fecitex
2669 5419 2960 5474 ministerio
3015 5421 3345 5476 diaconatus.
3400 5422 3487 5472 18.
3545 5417 3642 5484 Qui

2066 5499 2230 5541 autem
2285 5505 2442 5542 unum
2484 5490 2710 5558 accepit,
2763 5490 2934 5544 abiens
2979 5491 3108 5560 fodit
3167 5492 3217 5543 in
3284 5501 3489 5543 terram.
3528 5489 3644 5542 l'ri-

2067 5575 2210 5631 mum
2241 5560 2640 5631 videatnus,iut
2667 5562 2794 5630 quid
2835 5577 3005 5631 neque
3033 5563 3159 5625 ille,
3189 5561 3278 5628 qui
3311 5560 3416 5631 duo
3447 5560 3644 5613 talenta

2067 5629 2694 5707 habuit,__abscondisse_
2739 5629 2934 5707 talenta
2986 5645 3080 5707 sua
3132 5629 3480 5707 proponitu_r_,
3528 5645 3646 5707 eum

2069 5700 2220 5756 multi
2263 5699 2474 5758 diaconi
2521 5701 2858 5760 inveniantur
2908 5701 3124 5756 inutiies
3152 5715 3166 5754 :
3195 5714 3368 5772 neque
3411 5699 3648 5771 illo,qui
