4050 6200
491 323 596 377 935

424 510 427 512 -
499 467 712 531 inutiles
733 516 746 534 ,
766 467 871 527 'sed
899 467 1008 525 ille
1039 481 1242 523 tantum
1273 470 1360 538 qui
1390 484 1550 522 unutn
1599 468 1802 535 accepit
1825 509 1842 532 ,
1866 467 1924 538 id
1955 476 2039 538 est
2061 507 2077 526 ,

425 565 432 570 ·
498 545 763 616 populus?
823 541 1098 616 Attende._
1131 536 1626 616 Deus—secundum
1691 536 2080 616 pnescientiam

496 606 646 672 stram
667 655 683 680 ,
714 614 836 669 licet
859 613 992 666 sciat
1012 609 1100 680 qui
1122 609 1258 680 justi
1289 608 1590 680 futuri_sint
1613 619 1703 680 ,_et
1729 606 2030 680 quiinjusti
2062 623 2076 658 :

497 677 678 739 tamen
701 697 889 737 omnes
917 677 1073 734 vocat
1117 679 1183 732 ad
1231 679 1389 733 ﬁdem
1409 719 1423 742 ,
1451 677 1584 731 dans
1603 678 1682 732 eis
1705 679 1932 746 gratiam
1961 690 2080 731 cre-

497 756 654 809 dendi
685 759 735 807 in
763 753 1028 808 Christum
1055 791 1070 815 ,
1103 749 1244 817 quod
1276 758 1360 802 est
1390 748 1642 802 talentum
1681 747 1833 801 bonis
1861 746 2078 815 quidem

496 827 562 879 ad
596 825 820 878 Salutem
844 864 859 888 ,
880 821 1034 875 malis
1060 829 1233 872 autem
1263 818 1329 872 ad
1352 817 1715 888 pra~jndiciunt
1738 860 1752 878 ,
1783 826 1839 870 ut
1866 817 2085 888 inexcu-

502 897 698 948 sahiles
727 886 872 946 fiant.
903 890 1150 944 Diaconis
1175 886 1432 942 autemet
1459 887 1765 942 doctoribus
1789 886 2079 941 secundum

498 963 1151 1036 prmvidentiamusuam,
1201 959 1305 1012 illis
1353 958 1559 1036 videtur
1622 958 1759 1011 Deus
1806 958 2083 1036 injtmgere

505 1027 858 1089 ministerium
891 1031 1203 1084 diaconatus
1229 1037 1320 1081 aut
1365 1029 1791 1098 presbyteratus,
1837 1027 1927 1095 qui
1957 1035 2084 1098 sunt

497 1106 670 1174 justi:
700 1105 788 1173 qtti
837 1110 1012 1174 autem
1061 1099 1404 1174 inveniuntur
1429 1096 1640 1174 injusti!
1685 1097 1805 1150 illos
1839 1096 2083 1174 homines

504 1167 782 1227 ordinas-se
807 1172 1071 1234 videntur,
1104 1186 1207 1222 nou
1252 1168 1408 1221 Deus.
1442 1169 1524 1221 Ab
1551 1167 1691 1221 exitu
1729 1181 1856 1232 ergo
1883 1167 1957 1219 rei
1988 1181 2083 1219 co-

502 1246 773 1311 gnoscitur
799 1243 886 1311 qui
916 1258 945 1293 a
979 1242 1087 1294 Deo
1113 1239 1387 1311 ordinatus
1417 1246 1531 1311 est,
1565 1246 1618 1289 ct
1642 1237 1729 1305 qui
1758 1237 1824 1288 ab
1854 1235 2086 1288 homini-

507 1308 628 1368 bus.
654 1315 752 1381 Qui
779 1308 918 1366 enim
951 1309 1302 1381 ministerium
1329 1323 1480 1381 suum
1511 1308 1646 1381 bene
1675 1321 2083 1381 consummave-

507 1387 610 1450 rit,
639 1376 858 1451 apparet
889 1382 1010 1450 quia
1057 1395 1120 1432 ex
1169 1379 1277 1430 Deo
1324 1378 1493 1451 fuerat
1521 1376 1798 1429 ordinatus
1825 1395 1837 1428 :
1866 1377 1956 1451 qui
1985 1391 2083 1428 au-

507 1446 613 1508 tem
643 1446 989 1506 ministerium
1018 1463 1170 1501 suum
1200 1463 1303 1500 non
1334 1446 1468 1500 bene
1510 1447 1989 1506 consummaverit,
2019 1460 2085 1497 ex

506 1524 809 1578 hominibus
857 1521 1130 1575 ordinatus
1174 1525 1275 1570 est.
1319 1515 1596 1582 Quomodo
1639 1526 1816 1570 autem
1868 1515 2082 1583 quidam

504 1593 809 1648 Sacerdotes
859 1607 925 1644 ex
978 1587 1282 1642 hominibus
1330 1587 1678 1648 ordinantur,
1711 1583 1988 1640 manifeste
2033 1587 2084 1637 in

505 1665 640 1717 libro
683 1672 871 1715 octavo
899 1659 1174 1712 Canouum
1223 1657 1586 1724 apostolorum
1627 1655 1840 1710 dicitur.
1868 1656 1967 1721 Qui
1993 1669 2088 1707 au-

507 1744 610 1787 tem
637 1748 700 1786 ex
734 1731 1035 1784 hominibus
1060 1727 1337 1780 ordinatus
1365 1736 1482 1792 est,
1527 1739 1783 1794 quantum
1813 1724 1877 1778 ad
1923 1727 2084 1778 Deum

505 1821 608 1856 non
642 1812 722 1855 est
745 1802 998 1856 diaconus
1040 1807 1132 1852 aut
1170 1798 1443 1851 sacerdos.
1481 1797 1620 1866 Ergo
1646 1797 1696 1850 in
1725 1796 2088 1851 sacerdotibus

504 1873 718 1942 quidem
740 1871 1052 1926 etdiaconis
1078 1883 1182 1942 non
1205 1875 1287 1942 est
1311 1871 1556 1942 inventus
1577 1875 1632 1920 ttt
1659 1867 1842 1942 perdat
1868 1866 2086 1942 talenta,

505 1935 593 2012 qui
623 1943 911 1996 secundum
943 1938 1328 2012 praescieutiam
1360 1935 1696 2012 ordinatura
1731 1937 1860 2012 Deo.
1907 1935 1961 1988 In
1991 1952 2086 2005 po-

509 2005 780 2081 pularibus
804 2005 996 2081 auteut_
1007 2008 1184 2061 evenit
1203 2049 1217 2072 ,
1240 2007 1507 2081 quomodo
1535 2007 1694 2081 etiam
1722 2005 1813 2081 qui
1840 2016 2090 2081 peccator

508 2074 716 2137 futurus
761 2091 881 2143 est,
910 2095 938 2132 a
967 2079 1078 2132 Deo
1103 2074 1307 2144 accepit
1350 2075 1470 2130 lidei
1501 2074 1752 2144 gratiam.
1781 2074 2088 2129 Secundum

511 2153 626 2206 ha-c
673 2167 798 2221 ergo
845 2165 962 2218 qua:
1006 2147 1268 2221 diximus,
1306 2146 1350 2199 si
1405 2145 1680 2221 presbyter
1707 2155 1798 2198 aut
1838 2146 2091 2221 diaconus

510 2215 759 2292 peccator
786 2215 1030 2292 inventus
1062 2217 1218 2292 fuerit
1251 2215 1924 2292 :quoniamquantutmad
1955 2231 2092 2292 pr:e-_-

511 2285 786 2347 scientiam
821 2290 910 2344 Dei
940 2289 1118 2356 (sicut
1147 2286 1258 2354 jam
1301 2285 1698 2354 dixintusinon
1725 2301 1789 2340 ex
1815 2285 1964 2356 Deo,
1993 2285 2090 2340 sed

507 2381 572 2416 ex
601 2361 903 2416 hominibus
929 2355 1100 2412 factus
1126 2357 1333 2410 videtur
1361 2357 1641 2427 presbyter
1679 2368 1771 2408 aut
1794 2355 2048 2409 diaconus
2071 2395 2088 2419 ,

508 2435 656 2503 quasi
707 2433 871 2486 laicus
907 2429 1172 2503 invenitur
1219 2427 1356 2503 inter
1383 2440 1478 2480 eos
1506 2426 1598 2495 qui
1630 2441 1792 2503 unum
1835 2427 2088 2503 talentum

510 2495 628 2556 lintei
661 2510 1000 2569 acceperunt.
1051 2502 1127 2552 Ac
1157 2511 1252 2564 per
1281 2498 1379 2550 hoc
1427 2511 1583 2569 nemo
1625 2496 1898 2548 ordinatus
1923 2495 2092 2569 a_|)eo

511 2583 732 2644 peccat,
783 2564 882 2624 nisi
919 2579 1003 2644 ut_
1025 2569 1114 2644 qui
1140 2582 1324 2644 unum
1376 2565 1632 2644 talentum
1661 2570 1865 2632 accepit
1899 2580 1928 2617 a
1959 2564 2088 2618 Deo.

511 2636 634 2698 ideo
661 2636 837 2696 autem
869 2636 1206 2709 gratiallidei
1248 2636 1496 2690 omnibus
1536 2636 1708 2709 auDeo
1753 2645 2070 2709 prgesiatur,

507 2713 674 2784 gratia
722 2705 900 2784 autem
946 2707 1226 2784 clericatus
1275 2721 1379 2759 non
1406 2705 1698 2784 _ou_tnibus,
1731 2705 2085 2784 sedndignis:

509 2775 633 2863 quia
662 2782 714 2835 in
747 2781 1018 2863 illa-causa
1050 2777 1236 2830 salutis
1257 2785 1372 2863 est',
1405 2776 1586 2863 inlista
1614 2786 1794 2831 autem
1814 2775 2094 2863 dispensa-

509 2845 584 2906 tio
615 2850 872 2922 mysterii.
908 2847 1054 2922 Nam
1084 2857 1137 2901 et
1176 2845 1557 2922 paterfamilias
1583 2860 1848 2899 annonam
1875 2845 2089 2914 quidem

508 2917 756 2978 omnibus
783 2921 952 2975 servis
981 2927 1198 2988 praastat
1218 2957 1232 2979 ,
1266 2917 1473 2988 negotia
1503 2925 1679 2988 autem
1708 2930 1801 2969 sua
1846 2931 1949 2968 non
1977 2930 2095 2988 om-

511 2995 666 3048 nibus
695 2985 995 3048 comtnittiti
1028 2987 1324 3043 Abscondit
1345 2985 1539 3040 autem
1570 2987 1823 3039 talentum
1855 3000 2009 3038 suum
2036 2985 2090 3038 itt

512 3075 651 3119 terra
674 3105 690 3128 ,
718 3064 808 3131 qui
836 3061 1108 3131 accipiens
1155 3056 1397 3131 notitiam
1425 3055 1662 3131 Christi,
1692 3056 1990 3131 contemnit
2010 3055 2092 3131 vi-

513 3148 617 3188 tam
649 3125 979 3204 spiritualem
1000 3173 1043 3204 ,_
1074 3129 1244 3204 et___in_
1274 3127 1504 3204 terrenis
1542 3128 1748 3182 actibus
1776 3137 1830 3181 et
1852 3125 2094 3204 “deliciis

511 3194 866 3266 rouve'rsans,
894 3201 1073 3256 obruit
1118 3198 1248 3254 illud
1273 3199 1325 3252 itt
1353 3214 1512 3253 carne
1538 3215 1630 3252 sua
1649 3240 1664 3263 ,
1693 3209 1746 3253 et
1785 3194 2096 3266 sollicitudi-

513 3277 669 3329 nibus
692 3265 1049 3342 mundiqnasi
1080 3270 1247 3342 spinis
1282 3267 1506 3342 suffocat
1546 3270 1668 3342 fidei
1697 3285 1809 3324 sua:
1857 3265 2092 3342 bonum,

511 3357 566 3398 et
593 3361 696 3398 non
727 3345 846 3397 facit
874 3339 1120 3395 fructum.
1146 3339 1258 3393 Hoc
1280 3349 1363 3394 est
1387 3341 1553 3402 enim,
1580 3341 1837 3393 talentum
1866 3339 1919 3392 iu
1947 3348 2091 3392 terra

511 3414 862 3478 abscondere,
891 3411 1030 3480 quod
1060 3420 1143 3463 est
1185 3423 1367 3462 semen
1400 3407 1738 3480 verbiuintcr
1766 3409 1948 3480 spinas
1977 3407 2094 3461 suf-

513 3485 711 3536 focare.
737 3477 1024 3535 Sciendum
1054 3487 1137 3532 est
1173 3488 1348 3531 autem
1375 3478 1515 3547 quod
1548 3477 1664 3543 ille,
1694 3479 1784 3548 qui
1813 3478 1947 3532 fodit
1973 3493 2096 3548 graf-

515 3555 639 3607 tiatn
685 3567 836 3606 suam
879 3551 930 3604 in
979 3559 1212 3612 terram,
1260 3562 1637 3618 nonipeccare
1679 3547 1966 3618 proponit,
1997 3547 2092 3602 sed

510 3623 767 3691 justitiam
813 3636 917 3674 non
963 3618 1155 3691 facere.
1183 3617 1282 3685 Qui
1313 3617 1458 3691 enim
1483 3617 1704 3686 peccat,
1737 3619 2096 3691 non_abscon-

515 3687 643 3746 dere
677 3691 888 3746 videtur
933 3690 1198 3760 gratiam,
1247 3687 1340 3740 sed
1391 3701 1755 3760 eorruutperc.
1803 3687 1858 3742 Si
1883 3702 2012 3760 ergo
2039 3687 2092 3760 in

516 3764 764 3817 tenebras
791 3757 1083 3815 exteriores
1129 3757 1430 3821 mittuntur,
1459 3757 1553 3827 qui
1597 3767 1816 3826 accepto
1847 3758 2008 3812 verbo
2036 3759 2098 3811 li-

515 3835 600 3888 dci
628 3875 640 3898 ,
667 3833 952 3887 carnaliter
977 3828 1203 3882 vivendo
1227 3869 1242 3891 ,
1290 3827 1520 3882 fructum
1567 3827 1787 3897 justitia:
1818 3843 1923 3882 non
1955 3827 2098 3883 fece-

517 3918 640 3958 runt
667 3922 680 3958 :
713 3902 947 3973 putasin
971 3899 1163 3971 quales
1185 3898 1431 3973 tenebras
1455 3908 1582 3973 sunt
1593 3899 1726 3973 ituri
1749 3939 1764 3961 ,
1796 3899 1885 3973 qui
1918 3899 2094 3973 ipsum

519 3968 772 4029 talentum
820 3972 942 4026 lidel
989 3968 1100 4024 sua:
1144 3968 1411 4038 peccando
1459 3969 1838 4037 perdiderunt?
1868 3968 1971 4023 Iste
2003 3969 2096 4038 qui

517 4046 649 4099 fodit
680 4044 932 4098 talentum
981 4055 1171 4104 suum,
1203 4039 1392 4093 similis
1443 4047 1526 4092 est
1569 4039 1858 4108 virginibus
1904 4039 2090 4103 fatuis,

517 4132 635 4184 quae
667 4115 924 4170 habentes
955 4109 1228 4184 lampades
1251 4149 1266 4174 ,
1295 4109 1470 4163 oleum
1501 4123 1610 4184 non
1651 4110 1916 4184 habebant
1943 4125 1958 4161 :
1989 4119 2094 4184 tam

518 4178 662 4240 enim
687 4187 818 4247 illan,
848 4178 1138 4252 quatniste
1168 4189 1488 4252 putaverunt
1513 4179 1612 4233 sibi
1639 4179 1708 4232 ad
1732 4181 1958 4252 salutem
1991 4178 2095 4234 hoc

517 4259 713 4320 solum,
741 4249 880 4324 qttod
908 4251 1198 4306 credebant
1226 4251 1276 4302 in
1305 4249 1601 4324 Christum,
1630 4263 1786 4324 posse
1825 4249 2094 4324 subicere.

516 4326 649 4382 Nam
672 4318 796 4380 vere
825 4324 1080 4378 talentum
1112 4337 1217 4374 non
1251 4318 1479 4388 perdidit
1498 4359 1513 4384 ,
1540 4320 1589 4372 id
1615 4329 1717 4382 est,
1745 4320 1944 4372 domini
1971 4319 2052 4372 sui
2076 4360 2092 4383 ,

520 4409 693 4450 tamen
723 4410 847 4449 reus
873 4404 957 4446 est
977 4391 1179 4445 dantni.
1212 4390 1328 4444 Non
1359 4392 1500 4444 enim
1535 4401 1752 4458 propter
1777 4389 1878 4443 hoc
1923 4390 2094 4443 solum

521 4467 888 4536 unusquisque
919 4461 1374 4536 fit__Cltristianus,
1405 4471 1460 4536 ut
1488 4471 1557 4514 Sll
1597 4461 1962 4536 (,hrtstianus,
1985 4475 2102 4536 ser-

522 4554 651 4591 vans
681 4530 938 4591 talentum
971 4533 1092 4586 fidei
1143 4547 1287 4597 suae,
1334 4530 1427 4584 sed
1460 4540 1518 4584 ut
1560 4541 1810 4600 operetur
1834 4531 2095 4600 justitiam

521 4608 760 4661 Christo.
794 4608 946 4661 Sicut
969 4606 1110 4656 enim
1146 4603 1236 4670 qui
1281 4601 1577 4654 seminaudi
1627 4617 1784 4655 (3805‘!
1826 4602 2098 4668 accipiens

521 4695 741 4742 semen,
805 4689 1044 4743 tempore
1107 4672 1475 4726 setniuationis
1537 4688 1642 4725 non
1713 4673 2096 4743 seminaverit,

520 4741 774 4802 damnum
807 4741 930 4800 facit
956 4743 1174 4797 domino
1213 4756 1350 4795 suo:
1382 4743 1482 4795 etsi
1516 4757 1621 4794 non
1670 4741 1964 4810 perdiderit
2011 4758 2098 4795 se-

523 4838 641 4872 men
668 4859 682 4882 ,
714 4829 796 4872 est
827 4828 1002 4870 tamen
1032 4822 1236 4868 tantum
1268 4811 1558 4877 damnum,
1600 4821 1858 4882 quantum
1892 4822 2100 4880 poterat

523 4891 729 4942 lucrum
782 4891 992 4946 facere,
1032 4887 1076 4940 si
1120 4893 1420 4952 opportuno
1449 4891 1686 4950 tempore
1731 4884 2098 4938 seminasset:

520 4959 595 5010 sic
623 4960 710 5026 qui
743 4958 932 5026 accipit
960 4956 1115 5010 fidem
1141 4955 1368 5018 Christi,
1400 4953 1538 5026 etin
1569 4954 1669 5026 hoc
1699 4955 1897 5026 saeculo
1925 4955 2100 5026 semi-

527 5023 761 5082 nationis
802 5023 906 5082 non
954 5028 1113 5081 fuerit
1157 5033 1406 5095 operatus
1453 5025 1711 5092 justitiam
1738 5065 1752 5087 ,
1795 5024 1896 5095 etsi
1942 5023 2099 5079 fidem

527 5114 679 5151 suam
731 5114 834 5151 tton
889 5093 1208 5164 perdiderit,
1259 5106 1435 5149 tamen
1475 5103 1680 5148 tantum
1721 5093 1932 5149 videtur
1974 5109 2102 5164 pec-

526 5185 709 5234 casse,
744 5179 1002 5236 quantum
1028 5168 1201 5235 potuit
1221 5165 1480 5235 justitiam
1528 5166 1702 5220 facere
1728 5207 1744 5231 ,
1784 5165 1827 5218 si
1879 5181 1982 5218 non
2013 5181 2106 5219 ne-

465 5255 480 5274 '
524 5241 794 5310 glexissct.
869 5239 955 5292 19.
1015 5237 1140 5310 Post
1209 5237 1420 5310 multum
1495 5251 1609 5289 vero
1654 5237 1924 5310 _tentporis
1974 5237 2106 5289 venit

524 5306 760 5364 dominus
805 5324 1057 5362 servorum
1084 5307 1303 5360 i‘t’iorum.
1329 5307 1564 5361 Primum
1614 5306 1890 5361 videamus
1940 5322 2105 5376 quare

527 5383 737 5438 interim
791 5378 1043 5434 Dominus
1086 5380 1324 5431 ascendit
1371 5379 1420 5429 in
1451 5377 1640 5431 caelum
1669 5419 1683 5439 ,
1741 5387 1861 5444 post
1931 5379 2105 5431 modi-

526 5471 647 5508 cum
714 5456 904 5507 iterum
968 5462 1316 5509 reversurus,
1380 5459 1436 5500 et
1476 5463 1690 5517 semper
1743 5463 1863 5501 cum
1907 5451 2105 5502 sanctis

528 5524 774 5578 futurus?
800 5523 866 5577 Ut
907 5520 1153 5573 videlicet
1191 5517 1410 5571 absente
1438 5533 1503 5570 eo
1534 5520 1719 5573 fideles
1749 5518 1974 5587 gloriam
2003 5521 2105 5573 sibi

530 5605 586 5647 et
634 5595 792 5647 vitam
835 5602 1088 5645 aeternam
1137 5589 1415 5656 acquirunt
1463 5603 1556 5654 per
1612 5591 1769 5643 fidem
1818 5597 1874 5644 et
1917 5605 2102 5659 opera.

531 5664 798 5716 l’rasseute
828 5663 969 5716 enim
1001 5661 1216 5714 Christo
1246 5673 1343 5711 nec
1377 5659 1567 5712 tentari
1598 5660 1781 5714 fideles
1814 5669 2059 5727 poterant
2086 5702 2101 5723 ,

531 5748 626 5783 nec:
655 5735 865 5802 probari
889 5772 904 5790 ,
956 5732 1000 5786 si
1032 5739 1212 5787 essent
1249 5729 1360 5784 veri
1404 5730 1586 5784 fideles
1616 5746 1628 5783 :
1660 5731 1909 5799 quoniant
1940 5731 1984 5784 si
2030 5731 2101 5784 sit

1761 284 1935 340 OI'ES
1974 283 2453 338 lall‘liltii‘l‘lCTL‘il
3658 291 3737 344 θτις

411 446 432 467 ,ν
497 407 700 474 ειιιτυμίι
747 403 980 474 quinque
1010 444 1022 464 ,
1069 415 1188 454 cum
1245 400 1392 474 multi
1451 398 1694 452 doctores
1744 397 2079 474 inveniantur

2191 411 2450 466 prmsens,
2482 411 2587 448 non
2619 395 2874 460 creditur,
2909 397 3004 452 sed
3037 398 3245 452 videtur
3274 417 3287 451 :
3313 415 3442 454 cum
3478 411 3647 456 autem
3666 409 3736 462 ab.

2188 482 2316 520 seus
2358 467 2557 530 fuerit,
2609 483 2713 519 non
2746 468 2989 531 videtur,
3021 469 3115 522 sed
3157 469 3420 534 creditur,
3453 471 3582 525 dum
3621 476 3743 532 time-

2190 547 2296 590 tur.
2325 535 2541 608 Christo
2591 537 2755 607 igitur
2792 547 3090 608 prmsente,
3139 541 3238 594 etsi
3293 544 3639 597 tentationem
3663 549 3745 601 ali.

2187 621 2346 676 quam
2389 607 2716 661 sustinerent
2743 607 2962 676 propter
3009 624 3127 663 eum
3153 649 3170 674 ,
3211 620 3304 663 aut
3342 611 3608 680 justitiam
3633 615 3742 672 face-

2187 687 2342 740 rent,
2375 692 2522 748 opus
2543 685 2723 732 tamen
2752 691 2936 732 eorum
2966 693 3070 732 non
3101 680 3388 735 videbatur
3418 695 3549 736 esse
3575 683 3618 736 in
3638 685 3738 748 fide,

2188 748 2283 802 sed
2315 749 2365 800 in
2389 747 2578 801 oculis.
2608 748 2732 802 Ideo
2778 763 2878 802 nec
2917 756 3165 817 poterant
3188 750 3289 803 sibi
3318 752 3621 806 mercedem
3649 747 3742 808 licet

2189 817 2560 888 perjustitiam
2586 818 2862 886 acquirere
2887 858 2902 884 ,
2929 819 3031 872 nisi
3062 821 3396 875 ascendisset
3424 822 3494 876 ab
3519 823 3612 876 eis.
3641 824 3742 879 Nam

2188 887 2377 942 Servus
2414 887 2594 960 iidelis
2639 889 3125 960 domiuoabsente
3174 891 3433 958 probatur
3464 911 3479 945 :
3518 908 3740 960 pra-sentt

2187 968 2366 1081 attéeqt
2393 957 2613 1038 domino
2643 958 2893 1029 quicquid
2939 958 3130 1015 fecerit
3172 957 3278 1014 non
3309 972 3393 1017 est
3438 957 3564 1017 laus
3597 968 3742 1032 servi,

2191 1044 2248 1081 se
2316 1045 2537 1081 ttillllnl.
3291 1067 3302 1076 ,

2191 1044 2283 1082 $80
2316 1044 2537 1082 lltlllllﬂl.
3291 1067 3302 1076 ,

2261 1098 2485 1151 Christus
2515 1106 2720 1168 propter
2748 1098 3012 1152 utilitatem
3040 1110 3262 1154 nostram
3298 1103 3745 1162 ascendit.—Vides

2187 1183 2315 1236 ergo
2331 1169 2450 1235 quia
2465 1183 2568 1222 non
2585 1179 2799 1238 propter
2811 1184 2958 1222 suam
2973 1171 3249 1224 utilitatem
3265 1171 3511 1225 Christus
3526 1177 3741 1236 ascendit.

2190 1241 2282 1313 sed
2315 1247 2540 1313 propter
2559 1240 3080 1313 nostram._'l‘_entpt_ts
3108 1253 3288 1313 autem
3319 1243 3501 1296 dilfert
3542 1245 3739 1313 largum,

2191 1319 2249 1359 ut
2275 1309 2481 1377 longior
2509 1308 2664 1363 detur
2697 1309 2998 1362 hominibus
3020 1311 3235 1378 justitiaa
3267 1313 3524 1366 facienda:
3555 1308 3740 1369 thntia.

2187 1378 2275 1452 ξι).
2303 1379 2367 1452 Et
2388 1379 2630 1452 accedens
2667 1380 2751 1448 qui
2783 1381 3000 1452 quinque
3039 1383 3228 1452 talenta
3261 1394 3524 1452 acceperat
3550 1423 3566 1446 ,
3599 1386 3742 1440 dixit:

2192 1447 2435 1512 Domine,
2478 1447 2696 1518 quinque
2721 1447 3190 1504 talenta’tmdidisti
3224 1447 3533 1507 mihidec
3554 1494 3568 1514 ,
3598 1455 3741 1511 bonus

2190 1533 2532 1592 servits,_non
2563 1521 2710 1587 quasi
2735 1520 2969 1592 glorians
2997 1520 3046 1572 itt
3071 1537 3243 1592 opere
3275 1537 3383 1583 suo,
3412 1539 3514 1574 non
3538 1525 3736 1592 primum

2194 1588 2328 1642 lucri
2356 1589 2673 1642 talentorum
2706 1591 3017 1643 memoriam
3061 1590 3185 1644 facit
3207 1632 3221 1652 ,
3268 1592 3361 1645 sed
3390 1588 3600 1660 primum
3636 1611 3734 1650 mc-

2190 1672 2364 1713 ntorat
2397 1674 2516 1728 qua:
2543 1661 2770 1728 accepit,
2811 1671 2992 1727 postea
3021 1677 3140 1729 qute
3164 1663 3363 1716 invenit
3390 1681 3402 1713 :
3432 1674 3485 1717 ut
3523 1667 3736 1719 ostendat

2195 1744 2300 1801 non
2344 1729 2508 1801 studii
2537 1729 2626 1801 sui
2656 1740 2746 1801 aut
2777 1729 2973 1784 laboris
3003 1745 3122 1801 esse
3149 1733 3291 1801 quod
3330 1735 3622 1801 acquisivit,
3653 1737 3733 1790 sed

2192 1799 2570 1872 beneficiornm
2597 1798 2798 1872 domini
2831 1801 2932 1864 sui,
2953 1800 3143 1869 quibus
3164 1798 3462 1870 acquisivit.
3483 1798 3735 1872 Tamquam

2193 1869 2240 1924 si
2267 1869 2408 1923 dicat
2440 1889 2454 1923 :
2487 1870 2711 1924 Domine
2735 1910 2752 1934 ,
2793 1884 2924 1937 ego,
2954 1882 3207 1940 quantum
3247 1869 3312 1925 ad
3343 1888 3522 1925 meum
3553 1869 3739 1928 studium

2192 1949 2249 1995 et
2294 1940 2548 2001 laborem,
2584 1954 2681 2010 nec
2723 1941 2986 1994 modicam
3032 1942 3246 2010 quidem
3292 1942 3556 2010 justitiam
3602 1945 3746 1999 facere

2198 2011 2513 2078 potuissem,
2547 2009 2647 2080 nisi
2674 2011 2844 2080 gratia
2885 2020 2971 2063 tua
2994 2009 3174 2066 fuisset
3201 2009 3432 2067 meeum.
3459 2013 3599 2066 Sicut
3623 2016 3746 2070 dice-

2198 2080 2291 2133 bat
2320 2080 2407 2132 illc
2429 2080 2518 2149 qui
2548 2079 2714 2133 dicit:
2743 2080 2859 2151 Sed
2881 2082 2994 2149 plus
3022 2082 3252 2151 omnibus
3279 2083 3523 2151 laborari;
3551 2099 3637 2138 non
3660 2102 3742 2136 au-

2195 2161 2293 2223 tem
2319 2166 2410 2223 ego
2434 2191 2449 2213 ,
2500 2151 2593 2223 sed
2632 2151 2797 2220 gratia
2824 2149 2926 2223 _l_)ei
2951 2149 3243 2223 mecum“.
3270 2150 3392 2206 Cor.
3426 2153 3514 2207 15.
3551 2153 3645 2223 10).
3665 2155 3740 2208 2i.

2194 2219 2278 2272 Ait
2305 2221 2348 2271 ei
2374 2219 2606 2294 dominus
2633 2219 2746 2294 eius
2769 2237 2787 2294 ς
2814 2219 2957 2294 Euge
2975 2262 2989 2284 ,
3025 2238 3165 2274 serue
3183 2221 3309 2294 bone
3338 2234 3389 2275 et
3417 2219 3621 2290 ﬁdelis,
3645 2227 3744 2294 quis

2195 2305 2348 2358 super
2373 2305 2536 2358 pauca
2570 2291 2711 2356 fuisti
2749 2289 2914 2358 ﬁdelis
2942 2332 2957 2355 ,
2994 2309 3150 2359 supra
3189 2293 3348 2345 multa
3371 2289 3425 2346 te
3440 2289 3744 2359 constituant;

2195 2360 2329 2430 intra
2353 2359 2404 2430 in
2423 2360 2664 2430 gaudium
2690 2359 2880 2413 domini
2904 2362 2996 2414 tui.
3021 2362 3194 2415 Pauca
3223 2372 3349 2416 sunt
3393 2363 3678 2418 admodum.
3699 2362 3744 2420 Si

2194 2428 2316 2498 quis
2351 2428 2640 2500 de'magna
2669 2444 2840 2483 massa
2873 2431 3030 2484 tritici
3065 2431 3327 2485 modicam
3360 2433 3570 2488 dederit
3589 2435 3750 2488 drach-

2197 2515 2339 2552 tuam
2367 2541 2382 2560 ,
2427 2509 2515 2552 aut
2556 2499 2630 2553 de
2673 2515 2864 2570 magno
2907 2516 3034 2555 vase
3086 2501 3192 2555 vini
3245 2503 3519 2557 modicum
3576 2504 3750 2559 dederit

2198 2579 2412 2644 gustum
2439 2571 2570 2644 _:_sic
2598 2570 2665 2624 de
2703 2586 2894 2644 magno
2936 2572 3187 2625 thesauro
3219 2575 3372 2644 regni
3407 2575 3622 2629 celestis
3649 2590 3748 2628 ino-

2198 2640 2315 2712 dica
2364 2639 2517 2693 nobis
2565 2656 2676 2712 per_
2702 2639 2954 2712 Spiritum
2991 2652 3260 2712 sanctutn_
3281 2639 3444 2697 arrba
3481 2657 3744 2712 pmutur.

2197 2708 2420 2782 Propter
2448 2711 2587 2778 quod
2628 2709 2834 2764 diccbat
2855 2709 3180 2780 Apostolus:
3211 2710 3297 2767 Ea:
3339 2708 3497 2782 parte
3518 2717 3634 2768 cuius
3670 2732 3746 2768 co-

2199 2780 2505 2849 gnoscimus,
2535 2790 2582 2832 et
2598 2796 2660 2832 ea:
2684 2790 2828 2848 parte
2852 2782 3208 2849 prapltetamus
3236 2798 3255 2836 :
3271 2780 3386 2836 cum
3402 2794 3569 2838 autem
3592 2787 3752 2839 renuit

2195 2849 2342 2924 quod
2361 2853 2634 2924 perlectum
2662 2859 2778 2924 est,
2799 2851 3155 2924 _destruentur_
3167 2869 3227 2905 ea
3265 2869 3381 2924 qua:
3407 2871 3469 2908 ea:
3492 2865 3624 2924 parte
3654 2866 3752 2908 sunt

2198 2919 2274 2994 (1.
2303 2918 2533 2994 Cor._l5.
2655 2918 2764 2994 1ο).
2796 2918 3104 2994 Nondixit,
3138 2918 3373 2994 Intra'ad
3398 2918 3637 2994 gaudium
3664 2926 3750 2978 doc

2201 2989 2328 3063 mini
2359 2991 2446 3063 tui
2456 3006 2471 3063 _:
2495 2989 2588 3063 sed
2614 3031 2627 3052 ,
2674 2990 2698 3041 Ι
2710 3007 2740 3042 η
2765 2989 3009 3059 gaudium
3039 2993 3230 3044 domini
3260 2995 3334 3045 tui
3358 3035 3373 3054 ,
3401 2989 3460 3046 ut
3504 3010 3753 3063 possessu

2199 3061 2270 3133 sit
2292 3059 2467 3133 gaudii
2489 3059 2726 3133 _tui,»n_on
2758 3071 3272 3133 tantttmspcctator,
3295 3064 3473 3132 etjam
3501 3059 3598 3118 non
3618 3065 3753 3133 quasi

2201 3129 2444 3202 minister
2471 3128 2671 3202 domini
2691 3171 2705 3192 ,
2752 3129 2808 3202 in
2836 3128 3032 3202 gaudio
3052 3132 3169 3195 ejus
3191 3172 3206 3196 ,
3240 3133 3334 3187 Sed
3362 3128 3610 3202 particeps
3631 3128 3755 3201 gae-

2199 3200 2428 3254 diorum.
2463 3200 2610 3254 Sicut
2638 3211 2694 3253 et
2714 3201 2835 3254 alibi
2868 3203 2980 3270 ipse
3002 3200 3214 3255 dicebat
3243 3200 3446 3268 :Paier,
3471 3206 3574 3257 uolo
3597 3200 3647 3256 ut
3675 3205 3753 3256 ubi

2201 3287 2291 3341 ego
2319 3287 2430 3324 sum
2448 3309 2479 3344 ,Α
2501 3270 2666 3344 _et_ist_i
2690 3271 2789 3344 sint
2801 3287 3033 3344 mecum,
3061 3282 3116 3344 u_t
3135 3272 3337 3344 uideant
3355 3275 3562 3344 gloriam
3593 3290 3743 3325 mm

2201 3339 2352 3414 quam
2390 3341 2511 3414 milii
2540 3340 2718 3414 dedisti
2759 3339 2936 3414 (Joan.
2973 3342 3058 3393 l7.
3083 3341 3197 3414 24).
3216 3339 3373 3414 Quid:
3385 3359 3504 3411 ergo
3529 3342 3734 3414 dignum

2202 3411 2424 3467 facimus
2473 3412 2523 3462 in
2553 3412 2652 3462 hoc
2674 3413 2869 3463 saeculo
2892 3451 2906 3474 ,
2953 3421 3010 3463 ut
3050 3411 3319 3480 participes
3345 3412 3543 3465 Domini
3578 3413 3742 3465 nostri

2201 3485 2252 3536 in
2285 3482 2458 3553 regnis
2487 3480 2789 3553 caiestibus
2821 3480 2935 3535 fieri
2966 3481 3306 3535 mereamur?
3327 3481 3446 3537 ideo
3475 3483 3610 3549 iuste
3630 3482 3759 3534 dicit

2195 3549 2517 3622 Aposlolns:
2552 3549 2802 3608 Existimo
2829 3553 2959 3603 enim
2988 3553 3234 3618 quodnon
3253 3563 3366 3606 sunt
3381 3554 3635 3622 condigna:
3652 3569 3762 3622 pas-

2203 3621 2368 3694 siones
2391 3624 2540 3692 hujus
2571 3625 2807 3691 temporis
2831 3622 2898 3676 ad
2927 3625 3152 3694 futuram
3169 3623 3395 3694 gloriam
3416 3664 3431 3690 ,
3456 3621 3565 3691 quis
3587 3621 3768 3676 reuela-

2199 3692 2331 3764 bitur
2352 3697 2403 3745 in
2425 3694 2564 3747 nobis
2594 3694 2768 3759 (Rom.
2798 3695 2850 3749 8.
2883 3692 2992 3764 18).
3020 3693 3112 3749 2‘2.
3142 3693 3397 3747 Accedens
3419 3704 3581 3746 autem
3609 3705 3653 3744 et
3692 3695 3770 3759 qui

2199 3762 2300 3816 duo
2327 3764 2514 3816 talenta
2540 3775 2826 3832 acceperat,
2865 3767 2936 3818 ait
2953 3762 2990 3819 ἐ
3014 3764 3246 3829 Domine,
3272 3765 3376 3819 duo
3401 3767 3588 3820 talenta
3617 3767 3770 3819 tradi-

2199 3833 2319 3906 tlisti
2345 3834 2469 3906 mihi
2487 3873 2502 3895 ,
2544 3850 2654 3906 ecce
2672 3836 2776 3887 alia
2802 3837 2922 3889 duo.
2954 3837 3016 3890 Et
3054 3840 3099 3889 si
3129 3839 3307 3891 mittor
3338 3839 3390 3892 in
3431 3853 3596 3906 Opere
3619 3878 3632 3901 ,
3675 3855 3772 3891 non

2200 3902 2375 3978 minor
2402 3905 2456 3958 itt
2480 3903 2770 3978 voluntate.
2803 3906 2996 3960 Videns
3019 3920 3198 3978 autem
3225 3902 3485 3978 dominus
3504 3908 3625 3978 quia
3673 3922 3773 3959 Scr-

2202 3987 2274 4044 vo
2300 3974 2372 4027 illi
2418 3989 2522 4028 tton
2550 3977 2794 4030 voluntas
2821 3977 3074 4044 onerandi
3105 3979 3284 4031 minor
3326 3977 3427 4033 fuit
3450 4020 3466 4039 ,
3499 3974 3594 4033 sed
3623 3979 3776 4032 virtus

2202 4043 2364 4118 fidei:
2389 4059 2511 4118 nam
2538 4054 2592 4118 et
2613 4045 2702 4118 ille
2726 4047 2889 4118 voluit
2915 4047 3160 4118 similiter
3183 4050 3412 4117 amplius
3430 4050 3671 4118 Operari,
3692 4048 3777 4101 Sed

2201 4115 2370 4184 magis
2403 4113 2683 4170 desideriis
2708 4115 2823 4184 ejus
2853 4132 2956 4170 non
2983 4117 3191 4171 suffecit
3221 4113 3428 4173 modica
3461 4113 3600 4174 ﬁdes
3627 4137 3641 4172 :
3674 4119 3780 4171 ideo

2195 4183 2372 4252 justus
2395 4183 2586 4258 judes,
2618 4186 2718 4258 etsi
2742 4183 2858 4258 non
2901 4187 3094 4242 similia
3119 4188 3256 4258 lucra
3281 4191 3535 4258 suscepit
3565 4190 3635 4242 ab
3662 4189 3779 4251 illo,

2200 4254 2644 4322 quemadmodum
2671 4254 2738 4309 ab
2764 4257 2887 4323 isto,
2916 4265 3091 4311 tamen
3120 4258 3198 4312 sic
3223 4254 3608 4314 benevolentia
3639 4260 3783 4312 istum

2201 4325 2452 4400 suscepit,
2481 4326 2923 4394 quemadmodum
2953 4337 3007 4381 et
3035 4329 3183 4381 illum
3213 4346 3226 4380 :
3258 4330 3382 4397 quia
3405 4331 3669 4384 Christus
3692 4345 3784 4381 non

2203 4409 2372 4467 niagts
2425 4411 2643 4464 operum
2671 4407 3038 4452 remuneratur
3075 4408 3177 4460 est,
3219 4415 3377 4467 quant
3425 4401 3789 4454 voluntatum.

2205 4463 2314 4518 Nec
2353 4463 2500 4538 putet
2535 4482 2662 4538 ergo
2685 4467 2960 4527 diaconus,
3002 4469 3141 4537 quod
3162 4463 3317 4522 ett-eo
3345 4469 3498 4538 quod
3539 4471 3792 4524 diacmms

2203 4545 2285 4607 est
2307 4535 2558 4607 ,heatior
2583 4537 2688 4607 erit
2709 4575 2726 4600 ,
2761 4553 2920 4607 quam
2949 4535 3118 4593 laicus
3156 4535 3426 4594 studiosus
3463 4558 3479 4594 :
3517 4557 3634 4595 non
3658 4545 3793 4596 enim

2203 4605 2434 4673 dignitas
2458 4606 2595 4674 apud
2624 4605 2794 4660 Dentri
2826 4608 3207 4674 bonorabitur,
3247 4608 3342 4664 sed
3367 4611 3658 4665 voluntas.
3699 4611 3798 4664 Nec

2205 4675 2430 4752 diacono
2451 4677 2832 4752 se_beatiorem
2859 4679 3018 4733 debet
3060 4689 3246 4752 putare
3292 4682 3591 4752 presbyter
3637 4697 3708 4736 ex
3739 4694 3798 4733 eo

2207 4746 2346 4814 quod
2390 4746 2668 4818 presbyter
2694 4757 2795 4809 est,
2819 4763 2974 4818 quam
3003 4746 3100 4813 se}
3142 4750 3187 4803 si
3219 4746 3378 4805 fuerit
3402 4746 3591 4806 bonus
3619 4753 3793 4805 diaco-

2208 4832 2307 4869 nus
2336 4833 2349 4868 :
2381 4817 2626 4884 quoniam
2653 4817 2850 4886 gradus
2867 4820 3144 4874 ministerii
3169 4835 3234 4874 ex
3262 4822 3370 4875 Deo
3398 4832 3487 4876 est
3508 4863 3525 4885 ,
3569 4823 3804 4891 perfecta

2207 4899 2382 4960 autent
2411 4891 2654 4960 voluntas
2673 4903 2742 4942 ex
2773 4891 2946 4960 nobis.
2989 4891 3277 4959 Propterea
3303 4907 3407 4946 nou
3432 4908 3637 4945 smnus
3660 4893 3804 4960 judi-

2209 4956 2361 5011 candi
2389 4998 2403 5021 ,
2451 4959 2578 5029 quia.
2624 4973 2729 5011 non
2762 4959 2983 5013 fecimus
3022 4956 3162 5029 quod
3194 4962 3244 5015 in
3294 4971 3442 5029 parte
3474 4956 3676 5016 nostra
3705 4979 3805 5015 non

2209 5037 2290 5081 est
2325 5044 2338 5080 :
2370 5027 2482 5101 sed
2511 5045 2595 5101 ex_
2615 5045 2682 5083 eo
2718 5043 2904 5101 sumus
2929 5027 3194 5100 judicaudi
3219 5073 3235 5098 ,
3265 5027 3403 5101 quod
3437 5033 3490 5084 in
3520 5033 3694 5086 nobis
3733 5039 3816 5085 est

2210 5112 2366 5169 posse
2385 5138 2400 5163 ,
2441 5097 2484 5152 si
2514 5099 2777 5154 volumus.
2802 5098 2894 5154 24.
2931 5097 3194 5156 ’Λα-σάθης
3218 5097 3384 5155 autem
3421 5112 3470 5155 et
3502 5104 3600 5169 qui
3654 5120 3810 5156 unum

2211 5167 2450 5241 talentum
2475 5180 2749 5241 acceperat,
2775 5171 2845 5223 ait
2868 5189 2888 5225 :
2910 5170 3127 5225 Domine
3144 5213 3159 5233 ,
3185 5173 3288 5225 scio
3316 5173 3433 5241 quia
3458 5167 3623 5226 homo
3650 5175 3813 5226 durus

2208 5255 2280 5313 es,
2313 5240 2454 5313 metis
2488 5240 2571 5313 ut_)i
2597 5257 2696 5313 nou
2723 5242 2996 5306 semiuasti,
3031 5254 3078 5294 et
3098 5240 3368 5313 congregas-
3394 5245 3480 5295 ubi
3507 5261 3622 5296 non
3657 5261 3810 5313 spur-

2214 5311 2342 5361 sisti.
2371 5310 2416 5362 0
2444 5311 2639 5364 malitia
2669 5322 3004 5382 peccatorum
3029 5352 3044 5374 ,
3079 5310 3393 5382 quat'tieque
3419 5313 3594 5367 futuri
3620 5312 3816 5382 judicii

2214 5387 2418 5451 terrore
2454 5383 2719 5434 mutatur!
2749 5381 2850 5448 Qui
2879 5384 3019 5436 enim
3054 5381 3324 5451 pem-aluta
3353 5397 3506 5436 suum
3539 5381 3820 5438 debuerat

2213 5450 2524 5524 simpliciter
2546 5451 2805 5524 confiteri,
2837 5464 2891 5506 ut
2915 5450 3210 5524 dominum,
3239 5470 3394 5523 quem
3424 5454 3574 5509 male
3600 5457 3818 5524 agendo

2216 5521 2517 5574 irritaverat
2541 5562 2555 5586 ,
2607 5522 2918 5590 simpliciter
2954 5521 3270 5578 confitendo
3304 5526 3490 5578 leniret
3527 5542 3544 5577 :
3586 5521 3821 5580 econtra

2216 5605 2319 5643 non
2361 5591 2532 5646 solum
2580 5608 2683 5644 nott
2721 5596 3038 5656 conlitetur,
3079 5595 3170 5648 sed
3213 5595 3385 5647 adhuc
3434 5608 3706 5650 excusat.
3761 5596 3821 5647 Et

2219 5661 2343 5733 dum
2371 5665 2481 5714 vult
2511 5677 2668 5714 unum
2695 5677 2948 5717 esettsare
2971 5676 3266 5733 peceatum,
3285 5665 3427 5718 addit
3453 5674 3506 5717 et
3535 5666 3660 5718 alia
3693 5669 3822 5718 duo.

2223 5730 2476 5799 Primum,
2507 5735 2626 5801 quia
2658 5735 2893 5802 peceatit
2921 5751 2933 5784 :
2967 5730 3221 5800 Secunda,
3248 5736 3365 5803 quia
3393 5746 3634 5790 excusat
3675 5755 3689 5790 :
3725 5749 3816 5791 ια’-
