4050 6200
349 249 452 304 937

358 368 450 429 tio,
479 363 600 429 quia
644 372 699 415 et
733 362 982 429 lujuriam
1022 360 1240 414 domino
1267 359 1407 414 facit.
1443 361 1728 428 Propterea
1757 361 1931 418 sciens

351 433 604 502 propheta
633 449 790 501 quam
820 432 953 485 mala
985 432 1052 484 sit
1073 432 1343 484 excusatio
1373 443 1731 502 peccatorum,
1763 431 1891 502 dicit
1913 448 1929 462 ο

353 501 473 556 Non
499 503 718 556 declines
744 519 832 555 cor
855 519 1018 554 uicum
1040 503 1090 554 in
1116 502 1264 553 verba
1286 501 1514 564 malitia,
1533 501 1600 553 ad
1617 501 1930 555 excusandus

349 574 694 626 excusationes
729 574 780 624 in
821 573 1232 641 peccatis,_cum
1287 571 1571 624 hominibus
1610 572 1933 641 aperantibus

347 645 654 712 iniquitatem
685 639 853 709 (Psat.
901 642 1024 696 ΗΟ.
1056 639 1133 708 4).
1168 641 1258 695 Dic
1283 657 1409 709 ergo
1428 682 1449 712 ,γ
1475 656 1627 712 serve
1653 640 1925 712 imendax,

348 711 614 783 quomodo
637 716 787 769 metit
804 712 1068 775 Christus,
1089 712 1172 765 ubi
1200 726 1303 764 non
1321 711 1622 783 seminavit?
1639 711 1766 777 Quis
1785 712 1924 766 enim

351 777 624 838 hominum
653 794 771 847 est,
812 785 896 838 vel
935 783 1246 851 gentilium,
1287 782 1370 834 vel
1399 781 1731 848 Jndmorum,
1768 796 1924 850 quem

349 870 454 908 non
481 854 809 910 sufficienter
835 853 1196 924 spiritualibus
1226 859 1282 906 et
1301 852 1663 924 corporalibus
1683 853 1926 924 seiiSibus

347 925 654 988 adornavit,
682 925 768 979 cui
808 922 912 978 non
943 923 1090 979 dedit
1117 922 1394 976 scientiam
1424 923 1545 976 boni
1573 932 1626 976 et
1654 923 1774 975 mali
1798 964 1812 987 ,
1841 923 1926 976 cui

349 1010 452 1049 non
488 995 636 1051 dedit
662 1010 818 1062 posse
845 996 1025 1064 fugere
1053 995 1244 1048 malum
1267 1035 1284 1058 ,
1311 1001 1366 1046 et
1389 993 1789 1064 apprehendere
1828 994 1926 1064 ho:

351 1081 498 1130 num,
524 1067 566 1120 si
598 1067 749 1119 vult?
771 1062 920 1120 Sicut
943 1065 1082 1119 enim
1111 1063 1285 1117 nullus
1303 1072 1382 1117 est
1413 1062 1594 1126 homo,
1624 1064 1707 1117 cui
1727 1062 1924 1132 aliquid

348 1138 590 1205 Corporis
617 1137 974 1189 membrorum
1003 1135 1179 1205 minus
1206 1135 1274 1186 sit
1299 1134 1362 1205 ad
1393 1149 1545 1186 usum
1570 1133 1921 1201 corporalem:

348 1209 424 1285 sic
445 1203 690 1285 :n0ii___est,
716 1207 800 1285 cui
824 1206 997 1285 minus
1027 1204 1095 1258 sit
1119 1203 1316 1285 aliquid
1346 1219 1534 1285 sensus
1559 1213 1650 1256 aut
1676 1205 1924 1285 potentiae

347 1275 415 1328 ad
444 1277 838 1346 intelligentiam
867 1276 988 1346 boni
1018 1285 1072 1328 et
1102 1273 1262 1339 mali,
1299 1281 1360 1346 _et
1391 1275 1454 1346 ad
1476 1289 1646 1346 omne
1664 1288 1796 1342 opus
1821 1273 1924 1346 bo-

350 1362 474 1399 num
500 1343 792 1401 faciendum
822 1344 1193 1414 quodcumque
1231 1344 1473 1398 voluerit.
1497 1344 1549 1398 Si
1585 1343 1742 1414 igitur
1762 1343 1921 1398 etiam

350 1415 400 1486 in
428 1418 669 1484 gentibus
690 1415 971 1486 seminavit
991 1413 1213 1478 gratiam
1241 1430 1409 1486 suam,
1436 1429 1506 1486 ex
1533 1413 1726 1486 quibus
1747 1413 1922 1486 nullus

342 1483 564 1553 justitiie
591 1486 854 1554 colligitur
877 1484 1075 1539 fructus
1100 1502 1115 1538 :
1145 1484 1410 1551 quomodo
1433 1484 1486 1537 in
1515 1494 1564 1536 te
1603 1483 1752 1536 metit
1780 1483 1920 1553 quod

347 1571 452 1608 non
495 1556 810 1616 seminavit.
842 1570 998 1624 quem
1047 1554 1195 1624 quasi
1235 1563 1411 1606 aratro
1439 1554 1719 1624 spirituali
1747 1555 1922 1608 crucis

345 1640 454 1678 sua!
478 1627 641 1682 verbo
669 1623 873 1686 aravit,
897 1641 1053 1688 quem
1079 1624 1317 1694 doctrina
1343 1625 1562 1694 justitiu)
1591 1623 1871 1677 Seminavit
1900 1665 1915 1689 ,

345 1711 502 1764 quem
529 1697 730 1764 Spiritu
756 1705 942 1749 sancto
967 1693 1234 1760 irrigavit?
1260 1693 1358 1747 Tot
1390 1693 1589 1747 semina
1621 1694 1916 1764 suscipiens

347 1763 674 1833 gratiarum,
723 1766 806 1819 vel
847 1781 1006 1818 unum
1042 1767 1269 1818 fructum
1284 1764 1519 1887 (iustitiae
1558 1779 1661 1817 non
1692 1763 1918 1818 debuisti

349 1836 578 1887 offerre?
599 1835 730 1887 Nam
760 1837 895 1887 Deus
921 1835 1184 1887 hominem
1204 1851 1268 1887 ex
1325 1835 1482 1887 unlici
1507 1848 1694 1887 creans
1710 1845 1915 1887 natura.

349 1836 578 1889 θίγοι·ιοῖ
599 1835 730 1890 Nam
760 1837 895 1889 Deus
921 1835 1184 1889 hominem
1204 1851 1268 1888 ex
1284 1835 1482 1902 duplici
1507 1848 1694 1890 creans
1710 1845 1915 1899 natura,

349 1906 592 1973 Corporis
615 1906 875 1959 etanimre
904 1924 915 1958 :
947 1907 998 1958 in
1037 1920 1262 1973 corpore
1299 1906 1510 1974 quidem
1537 1904 1736 1957 creavit
1762 1905 1916 1974 quin-

348 1992 452 2040 que
491 1991 706 2039 sensus,
737 1985 791 2029 et
832 1986 1005 2030 motus
1044 1974 1298 2044 quosdam
1330 1974 1874 2044 concupiscentiarum
1897 2015 1912 2036 ,

347 2046 675 2099 nasccntium
707 2061 769 2098 ex
803 2047 1080 2099 occasione
1117 2061 1366 2099 sensuum
1413 2046 1781 2113 pra-dictonon
1815 2062 1828 2096 :
1861 2045 1914 2100 in

344 2117 520 2168 anima
545 2126 718 2170 autem
747 2117 947 2171 creavit
981 2114 1176 2183 judicia
1207 2123 1262 2168 et
1299 2115 1547 2178 virtutes,
1577 2123 1636 2169 ut
1660 2115 1917 2185 intelligat

347 2186 602 2239 malarum
649 2202 825 2241 rerum
851 2195 904 2240 et
929 2187 1183 2240 bonarum
1225 2185 1598 2239 discretionem
1623 2226 1639 2250 ,
1670 2195 1727 2238 ut
1751 2187 1918 2254 possit

347 2255 597 2310 resistere
633 2257 861 2311 motibus
915 2262 1026 2310 suis
1077 2255 1598 2324 corporalibus..Qui
1653 2270 1781 2324 ergo
1825 2270 1914 2310 se-

343 2325 574 2380 cundum
606 2327 986 2382 delectationes
1012 2327 1254 2381 carnales
1279 2327 1459 2396 vivere
1482 2325 1785 2396 elegerunt,
1817 2341 1914 2379 ne-

341 2411 445 2463 que
490 2398 828 2452 considerant
879 2399 930 2452 in
982 2397 1160 2453 anima
1208 2412 1303 2452 sua
1345 2395 1544 2466 judicia
1576 2395 1645 2450 iet
1689 2398 1914 2451 virtutes

343 2481 464 2520 esse
507 2478 714 2521 creatas
742 2485 755 2520 :
781 2483 880 2523 nec
907 2469 1049 2523 enim
1086 2469 1432 2536 experiuntur
1459 2481 1524 2521 ea
1552 2467 1596 2521 si
1625 2466 1733 2520 sint
1755 2508 1770 2528 ,
1818 2466 1912 2520 sed

342 2545 544 2592 tantum
581 2553 771 2594 sensus
807 2540 1046 2593 carnales
1069 2578 1086 2604 ,
1115 2538 1661 2607 concupiscentiarum
1687 2551 1910 2592 nascen-

344 2607 474 2661 tium
541 2623 606 2662 ex
661 2609 941 2663 occasione
996 2623 1252 2662 sensuum
1305 2607 1676 2676 pnedictorum
1751 2621 1909 2662 exse-

338 2686 591 2746 quuntur,
625 2695 688 2734 ex
716 2695 822 2749 quo
850 2679 926 2744 lit,
955 2689 1011 2733 ut
1035 2679 1110 2734 sic
1133 2679 1456 2749 arbitrentur
1482 2686 1537 2732 et
1562 2677 1768 2749 dicant,
1789 2679 1910 2748 quia

338 2749 515 2801 omnia
549 2749 683 2802 bona
713 2748 942 2803 carnalia
973 2759 1030 2804 et
1057 2749 1343 2803 mundialia
1376 2748 1495 2802 ideo
1521 2750 1719 2802 creavit
1752 2748 1909 2816 Deus,

337 2827 393 2870 ιιι
411 2820 653 2872 omnibus
670 2820 748 2874 eis
787 2830 1020 2873 utamur.
1044 2818 1176 2873 Nam
1212 2821 1254 2873 si
1285 2834 1409 2873 vere
1445 2834 1549 2871 non
1585 2826 1709 2871 sunt
1734 2829 1911 2872 creata

337 2887 391 2940 in
437 2889 588 2944 nobis
624 2890 913 2944 secundum
941 2890 1172 2943 animam
1197 2889 1395 2955 judicia
1424 2899 1474 2942 et
1503 2889 1728 2942 virtutes
1753 2929 1766 2948 ,
1796 2889 1912 2956 qui-

335 2956 436 3012 bus
474 2973 757 3028 possumus
804 2959 1054 3014 resistere
1096 2961 1326 3014 motibus
1364 2957 1911 3027 concupiscentiarum

333 3040 635 3082 nostrarum
662 3031 954 3084 carnalium
986 3047 1000 3082 :
1028 3040 1232 3083 certum
1271 3037 1387 3095 est,
1428 3029 1550 3096 quia
1582 3029 1702 3083 ideo
1733 3038 1910 3083 creata

331 3108 456 3151 sunt
485 3100 619 3152 bona
647 3102 878 3153 carnalia
900 3141 915 3163 ,
941 3109 998 3153 ut
1027 3110 1236 3154 utamur
1258 3099 1380 3154 illis.
1403 3097 1459 3153 Si
1478 3109 1654 3153 autem
1673 3108 1910 3153 creatum

331 3177 417 3221 est
436 3169 488 3222 in
520 3169 693 3234 nobis,
721 3179 775 3223 et
795 3170 1088 3239 intelligere
1103 3183 1216 3235 eos,
1246 3178 1301 3224 et
1328 3183 1482 3236 posse
1510 3169 1762 3223 resistere
1787 3169 1866 3224 eis
1891 3185 1905 3222 :

330 3240 450 3293 sine
490 3239 653 3293 dubio
689 3255 793 3293 non
834 3240 955 3293 ideo
990 3249 1169 3294 creata
1211 3249 1333 3294 sunt
1361 3240 1657 3308 corporalia
1687 3240 1821 3294 bona
1853 3249 1908 3293 et

331 3309 639 3371 mundialia,
667 3319 721 3362 ιιι
757 3311 835 3362 eis
862 3318 1094 3371 utamur,
1123 3310 1216 3362 sed
1241 3319 1295 3363 ut
1320 3310 1632 3364 resistentes
1666 3312 1765 3375 eis,
1797 3325 1910 3363 me-

330 3379 448 3432 liori
489 3378 666 3432 studio
704 3378 1042 3446 acquiramus
1079 3379 1232 3432 nobis
1266 3377 1587 3433 mercedem.
1633 3379 1762 3432 Nam
1811 3394 1910 3434 uec

332 3447 624 3516 intelligere
661 3447 856 3501 malum
887 3457 941 3500 et
965 3447 1163 3501 bonum
1191 3449 1242 3501 in
1275 3449 1430 3503 nobis
1467 3457 1612 3503 esset
1635 3457 1904 3512 creatum,

336 3517 432 3568 nisi
457 3519 599 3583 prius
621 3528 856 3572 creatum
885 3517 1072 3572 fuisset
1106 3530 1156 3572 et
1185 3533 1340 3585 posse
1368 3518 1619 3573 resistere
1647 3519 1807 3573 malo.
1839 3518 1909 3574 Ut

331 3587 458 3657 quid
503 3589 641 3657 enim
679 3589 879 3642 homini
926 3588 1107 3642 datum
1139 3587 1326 3642 fuisset
1354 3588 1686 3657 intelligere,
1723 3589 1767 3644 si
1799 3605 1906 3644 non

333 3656 517 3710 fuisset
537 3657 584 3728 ei
597 3656 774 3711 datum
806 3668 860 3712 et
889 3673 1043 3727 posse
1068 3657 1242 3712 facere
1269 3659 1410 3728 quod
1442 3656 1689 3726 intelligit
1713 3659 1906 3712 melius

329 3728 492 3797 esse?
529 3726 795 3797 Numquid
812 3726 1128 3782 animalibus
1153 3726 1304 3783 Deus
1324 3729 1532 3782 ereavit
1561 3729 1859 3797 intelligere
1885 3770 1901 3792 ,

327 3795 468 3864 quod
525 3795 797 3853 honestius
844 3808 898 3852 et
934 3799 1248 3853 laudabilius
1289 3799 1413 3854 est?
1457 3797 1613 3865 Non,
1639 3795 1762 3866 quia
1809 3813 1909 3854 nec

325 3867 528 3922 creavit
559 3869 609 3921 in
640 3870 720 3924 eis
761 3884 918 3939 posse
949 3869 1121 3924 facere
1146 3869 1344 3938 aliquid
1386 3869 1528 3938 quod
1573 3870 1764 3922 melius
1801 3879 1904 3923 est.

327 3939 418 3992 Sic
441 3953 541 3993 nec
564 3939 764 3993 homini
790 3948 1028 3993 creasset
1051 3939 1368 4008 intelligere,
1397 3940 1496 4008 nisi
1518 3949 1755 3993 creasset
1776 3941 1824 3991 ei
1852 3949 1908 3994 et

326 4009 469 4078 quod
510 4009 754 4080 intelligit
799 4009 976 4064 facere
1021 4024 1200 4080 posse.
1227 4011 1316 4064 26.
1370 4010 1694 4079 h’espondens
1740 4019 1908 4062 autem

326 4081 560 4161 dominus
578 4081 717 4162 ejus,
743 4080 869 4132 dixit
887 4081 929 4132 ei
959 4096 989 4161 ε⁸
1008 4081 1162 4162 Serve
1185 4097 1392 4150 nequam
1422 4090 1467 4133 et
1507 4083 1676 4162 piger,
1719 4080 1908 4162 sciebas

326 4152 448 4219 quia
476 4161 606 4202 nteto
632 4149 717 4202 ubi
743 4167 842 4204 non
869 4151 1126 4209 seminavi,
1149 4160 1196 4204 et
1216 4149 1462 4220 cangrego
1490 4149 1571 4203 tibi
1591 4165 1692 4204 non
1718 4151 1902 4218 sparsi.

325 4223 415 4274 27.
443 4221 679 4290 Oportuit
699 4238 814 4291 ergo
844 4232 888 4272 te
913 4222 1220 4274 committere
1247 4223 1510 4290 pecuniam
1535 4237 1696 4273 nteant
1726 4237 1908 4291 nuntu-

326 4287 501 4358 lariis,
531 4301 577 4344 et
602 4287 800 4344 veniens
835 4308 924 4359 ego
967 4287 1258 4358 recepissent
1297 4308 1406 4344 eam
1439 4309 1553 4343 cum
1587 4291 1776 4346 usuris.
1806 4287 1909 4346 Ne-

325 4378 485 4431 quam
513 4361 727 4427 dicitur,
757 4363 879 4432 quia
910 4362 1284 4416 contumeliam
1307 4362 1537 4415 reddidit
1567 4362 1786 4416 domino
1812 4378 1907 4428 pro

329 4433 531 4486 honore
563 4449 575 4484 :
608 4433 773 4501 piger,
805 4433 926 4502 quia
947 4433 1200 4486 talentum
1222 4449 1326 4486 non
1351 4432 1658 4496 duplicavit.
1687 4433 1755 4486 Et
1784 4433 1906 4489 ideo

330 4518 518 4575 proco
555 4504 769 4575 quidem
809 4504 959 4575 quasi
987 4504 1268 4575 superbus,
1302 4520 1396 4572 pro
1423 4502 1525 4557 hoc
1543 4511 1734 4575 autem,
1755 4505 1904 4572 quasi

333 4571 604 4643 negligens
620 4571 1021 4628 condemnatur.
1042 4574 1175 4629 Vere
1193 4571 1441 4643 nequam,
1464 4574 1584 4642 quia
1610 4571 1904 4642 largitatem

330 4640 532 4690 domini
568 4644 716 4706 quasi
762 4645 1064 4697 violentiam
1106 4640 1392 4698 accusavit.
1425 4640 1532 4698 Nec
1575 4640 1716 4697 enim
1765 4643 1906 4698 Deus

331 4709 455 4762 ideo
471 4709 690 4778 gratiam
722 4711 1040 4778 intellectus,
1069 4725 1160 4768 aut
1185 4716 1426 4770 notitiam
1467 4715 1548 4768 sui
1578 4714 1776 4767 homini
1806 4714 1904 4768 de-

329 4779 425 4840 dit.
453 4775 764 4854 desiderans
791 4775 1136 4854 gloriamsibi
1158 4782 1358 4852 acquiri
1390 4800 1484 4854 per
1519 4801 1680 4838 eum:
1721 4784 1813 4837 sed
1849 4793 1906 4838 ut

328 4864 428 4918 per
472 4848 701 4917 gratiam
734 4848 832 4923 Dei
866 4851 980 4919 ipse
1003 4853 1102 4906 sibi
1131 4848 1290 4908 vitain
1320 4848 1578 4909 aeternam
1603 4864 1656 4909 et
1683 4855 1902 4923 gloriam

331 4928 620 4994 mereatur,
647 4930 699 4994 et
723 4920 1035 4994 societatem
1065 4925 1290 4994 caelestis
1317 4926 1462 4994 regni
1485 4940 1605 4978 eum
1641 4920 1772 4979 Deo.
1795 4924 1907 4978 Hoc

327 4991 444 5062 sine
463 4990 626 5062 dubio
657 4991 963 5061 intelligitur
980 5005 1044 5045 ex
1076 4993 1185 5060 ipsa
1208 4990 1618 5062 praecedentium
1650 5011 1905 5050 renume-

328 5061 542 5133 ratione
554 5061 841 5130 justorum.
869 5062 926 5116 Si
949 5063 1091 5117 enim
1113 5061 1329 5133 propter
1349 5079 1408 5117 se
1427 5064 1663 5121 dedisset
1684 5066 1904 5133 gratiam

327 5129 652 5204 hominibus.
692 5148 1002 5202 numquam.
1026 5148 1055 5204 a
1074 5129 1246 5188 servis
1261 5150 1425 5202 pauca
1447 5129 1761 5204 suscipiens,
1785 5135 1907 5190 red-

325 5203 476 5255 deret
521 5203 706 5256 niiilta.
738 5204 842 5258 Sed
875 5203 1075 5258 malitia
1111 5213 1443 5267 excmcatus.
1480 5203 1604 5259 dum
1629 5205 1792 5260 voluit
1820 5221 1906 5258 sa-

325 5273 575 5340 pientiam
607 5273 694 5327 Dei
721 5275 921 5344 fallere,
948 5275 1242 5344 majoribus
1268 5290 1326 5329 se
1347 5275 1513 5330 iratus
1537 5277 1762 5331 vinculis
1787 5277 1903 5329 alli-

323 5343 495 5409 gavit,
545 5344 729 5398 dicens
771 5362 784 5396 :
817 5343 966 5398 Metis
992 5343 1075 5398 ubi
1098 5346 1494 5400 nonseminasti.
1528 5346 1583 5399 Si
1611 5347 1752 5400 enim
1779 5361 1907 5401 vere

327 5413 485 5466 talem
514 5414 673 5468 scivit
714 5414 985 5468 dominum
1027 5433 1182 5469 suum
1205 5457 1218 5476 .
1246 5432 1312 5470 eo
1339 5418 1506 5486 magis
1535 5416 1712 5469 debuit
1760 5417 1903 5470 festi-

325 5499 454 5535 nare
481 5525 496 5548 ,
539 5493 595 5536 ιιι
640 5500 732 5553 per
760 5486 1084 5550 diligentiam
1117 5503 1264 5540 suam
1296 5489 1570 5540 avaritiam
1599 5487 1796 5540 domini
1823 5489 1904 5541 sui

321 5555 538 5627 faceret,
571 5570 642 5627 ne
667 5570 762 5624 per
804 5559 1178 5625 negligentiam
1217 5558 1525 5626 injustitiain
1571 5559 1687 5624 ejus
1740 5560 1906 5627 magis

319 5623 382 5676 ad
414 5623 735 5680 iracundiam
769 5623 1080 5694 provocaret
1121 5647 1133 5683 :
1162 5623 1284 5698 quia
1327 5627 1612 5682 austeritas
1649 5643 1752 5681 non
1779 5623 1905 5682 etin-

321 5698 591 5756 ttrlltttilltt‘.
615 5699 708 5752 sed
741 5700 975 5754 timetur.
999 5701 1098 5768 Qui
1123 5708 1298 5755 autem
1320 5699 1490 5766 timet,
1536 5715 1640 5753 non
1667 5709 1906 5753 contem-

1528 245 1594 302 lN
1634 245 2040 302 MATTIIIEUM
2086 247 2309 305 llOMlL.
2354 249 2483 305 Llll.

3515 263 3618 318 953

2044 377 2190 441 nere,
2222 362 2315 417 sed
2356 364 2561 441 placare
2589 365 2820 441 festinat,
2849 368 3024 441 sciens
3046 371 3310 440 quomodo
3338 374 3422 440 qui
3447 377 3610 441 metit,

2040 432 2126 503 tibi
2156 448 2259 485 non
2285 435 2511 488 seminat
2532 476 2548 498 ,
2581 438 2746 503 magis
2783 439 2894 492 vult
2922 432 3114 495 metire
3133 483 3147 502 .
3191 443 3276 495 ubi
3305 432 3610 499 seminavit:

2042 501 2276 569 Oportuit
2298 521 2414 572 ergo
2438 515 2484 558 te
2510 501 2816 560 committere
2842 511 3102 577 pecuniam
3124 516 3616 575 meamnumularit's.

2036 581 2083 653 et
2113 578 2421 653 veniensego
2445 576 2740 653 recepissent
2766 576 2875 629 eam
2905 595 3018 630 cum
3039 585 3226 653 usuris.
3255 583 3479 650 Quidam
3512 602 3613 653 pit-

2038 649 2282 716 tanttres
2309 644 2438 716 istos
2457 661 2643 700 omnes
2669 648 2919 702 doctores
2946 664 3084 716 esse,
3107 644 3412 708 differentes
3437 644 3613 710 autem

2037 713 2236 794 gratias
2268 713 2517 794 habuisse
2548 733 2561 768 :
2595 716 2821 794 ethunc
2854 713 3079 794 tertium
3101 721 3235 775 ideo
3272 727 3459 794 argui,
3492 732 3611 794 quia

2036 798 2140 835 non
2174 783 2351 859 docuit
2377 785 2763 859 aliosgratiam
2789 789 3048 854 scientiae,
3072 807 3228 859 quam
3271 783 3520 848 habebat:
3547 796 3614 850 Et

2034 854 2274 919 quamvis
2318 857 2490 909 omnis
2517 854 2676 910 humo
2703 859 2974 914 rationalis
3015 854 3334 917 constitutus
3364 867 3608 921 numultt-

2034 923 2144 1001 rius
2160 921 2263 1004 dici
2299 926 2486 992 possit,
2522 936 2711 1004 tamen
2727 930 2908 1004 nescio
2931 931 2979 1004 si_
3001 931 3189 986 habeat
3218 935 3496 1004 rationem,
3521 937 3610 1004 qui

2032 991 2110 1044 sic
2140 991 2389 1074 minimus
2408 1007 2509 1060 est,
2540 1005 2597 1049 ut
2626 999 2981 1074 unius__talenti
3015 1004 3238 1069 gratiam
3271 991 3606 1074 habeatiQui

2031 1063 2368 1142 ntimularius
2397 1075 2511 1142 est,
2551 1082 2653 1120 non
2683 1069 2893 1142 _indiget
2920 1063 3042 1142 eius
3072 1089 3084 1124 :
3117 1074 3160 1127 si
3193 1083 3367 1128 autem
3409 1087 3492 1128 est
3517 1063 3606 1140 ἦιιί

2032 1131 2171 1212 illius
2198 1135 2500 1212 magisteria
2527 1150 2660 1212 Opus
2683 1131 2892 1212 habeat,
2917 1131 3003 1194 ilie
3036 1142 3152 1197 sine
3178 1143 3338 1198 dubio
3365 1131 3608 1198 numida-

2030 1205 2140 1255 rius
2171 1218 2277 1282 non
2313 1212 2412 1282 est:
2450 1205 2602 1282 Cauti
2642 1209 2782 1260 enim
2824 1212 3054 1282 hominis
3091 1224 3213 1282 est,
3249 1217 3604 1269 numularinin

2028 1285 2168 1353 esse,
2193 1278 2280 1340 qui
2312 1273 2635 1353 differentias
2666 1287 2852 1353 pensat
2872 1281 3178 1338 verborum.
3198 1273 3349 1353 'Ergo
3380 1301 3603 1340 necesse

2027 1352 2107 1395 est
2150 1343 2287 1418 hunc
2315 1344 2524 1397 tertium
2553 1345 2847 1414 intelligere
2869 1353 3196 1418 popularem,
3223 1343 3358 1409 sicut
3380 1357 3608 1409 diximus

2027 1426 2208 1486 supra.
2235 1413 2415 1486 Mensa
2441 1425 2521 1468 est
2547 1413 3014 1486 omnisScriptiira
3047 1413 3244 1486 divina,
3269 1425 3405 1478 sicut
3432 1435 3486 1479 et
3505 1426 3605 1478 ali-

2027 1481 2077 1562 bi
2122 1485 2508 1562 exposuimus,
2540 1487 2831 1562 sgeundum
2866 1481 3037 1562 quod!
3063 1491 3193 1562 dicit
3233 1481 3490 1562 propheta
3534 1495 3604 1551 do

2026 1551 2300 1619 Scriptura
2335 1553 2541 1608 Veteris
2571 1551 2908 1612 Testanienti
2941 1559 3136 1615 Judmis
3180 1551 3484 1618 scandalum
3522 1566 3603 1618 fa-

2024 1631 2109 1674 cta
2133 1638 2162 1699 _s
2193 1622 2316 1699 Fiat
2337 1641 2509 1678 mensa
2534 1642 2892 1699 eorumeorum
2917 1630 3042 1698 ipsis
3080 1632 3132 1684 in
3163 1632 3395 1699 t'aquettm
3419 1675 3432 1695 ,
3465 1643 3510 1689 et
3550 1635 3604 1687 iu

2023 1691 2435 1773 retributionem,
2478 1706 2524 1746 et
2553 1697 2604 1748 in
2641 1691 2987 1775 scandatur)“
3023 1699 3166 1775 Psa‘l.
3325 1691 3440 1775 25).
3488 1703 3601 1757 Non

2022 1764 2173 1836 enini
2188 1778 2371 1836 mensa
2397 1780 2579 1818 eorum
2605 1768 2896 1835 corporalis
2927 1764 3058 1822 facta
3088 1771 3166 1824 eis
3196 1774 3246 1825 in
3272 1764 3599 1836 scandalum,

2021 1831 2417 1908 {adscriptum
2461 1837 2589 1908 legis
2616 1831 2834 1908 eorum.
2867 1838 3120 1896 l.ei.'entes
3165 1848 3303 1895 enim
3357 1845 3404 1894 in
3445 1831 3598 1908 lege,

2025 1899 2325 1981 ﬂnleitictus
2352 1899 2625 1981 omnis'qtti
2663 1909 2837 1981 pendet
2865 1909 2915 1960 in
2946 1910 3080 1979 ligno
3112 1911 3129 1977 (
3157 1910 3309 1965 Deut.
3341 1913 3431 1966 21.
3463 1899 3554 1981 23)

2007 1977 2076 2023 'et
2101 1974 2544 2050 videiites_.lesuin
2568 1978 2877 2050 _crucilixum
2908 2019 2923 2042 ,
2957 1974 3139 2035 contra
3169 1983 3336 2050 legem
3364 1977 3598 2037 restitua-

2019 2052 2214 2120 verunt
2240 2044 2462 2120 credere
2482 2045 2532 2120 in
2559 2045 2739 2100 Jesum
2766 2051 3076 2120 crucifixum
3099 2090 3116 2114 ,
3147 2044 3306 2120 quém
3329 2052 3411 2106 lex
3435 2055 3600 2109 male-

2019 2111 2218 2189 dictum
2247 2115 2591 2189 annuntiabat
2621 2133 2634 2168 :
2668 2133 2772 2169 non
2803 2111 3179 2188 ititelligentes:
3207 2123 3325 2189 quia
3355 2133 3588 2176 nostram

2021 2183 2448 2254 maledictiouem
2482 2186 2532 2238 in
2556 2186 2698 2254 ligno
2721 2183 3052 2254 susceperat,
3085 2201 3141 2243 ιιι
3170 2183 3268 2245 nos
3294 2193 3539 2247 liberaret
3567 2208 3598 2248 a

2024 2253 2416 2327 maledictione,
2447 2253 2612 2322 quani
2631 2253 3033 2323 susceperamus
3056 2275 3148 2327 per
3171 2261 3365 2327 lignum
3401 2279 3413 2313 :
3443 2274 3495 2316 et
3521 2263 3598 2317 sic

2020 2319 2154 2376 facta
2184 2333 2281 2399 est
2306 2325 2384 2378 eis
2412 2319 2593 2399 mensa
2635 2319 2820 2399 eorum
2844 2367 2860 2393 ,
2897 2327 2957 2399 id
3009 2319 3093 2383 est
3113 2371 3128 2396 ,
3169 2319 3437 2398 scriptura
3466 2333 3599 2399 legis

2019 2407 2202 2446 eorum
2225 2432 2238 2454 ,
2269 2394 2319 2446 in
2346 2394 2673 2450 scandalum.
2701 2395 2827 2450 ltem
2859 2396 3100 2454 videntes
3115 2394 3244 2453 eum
3278 2394 3328 2454 in
3359 2394 3595 2454 sabbatis

2018 2473 2325 2538 operantem
2350 2505 2366 2526 ,
2419 2464 2657 2538 leprosos
2712 2476 3010 2534 tangentem
3037 2509 3053 2532 ,
3084 2485 3114 2524 a
3143 2471 3330 2538 quibus
3351 2473 3596 2525 omnibus

2019 2477 2325 2584 operantem
2350 2505 2366 2526 ,
2419 2477 2657 2532 leprosos
2712 2477 3010 2534 tangentem
3037 2509 3053 2532 ,
3084 2485 3114 2524 a
3143 2477 3330 2538 quibus
3351 2477 3592 2525 omnibus

2019 2546 2047 2605 a
2070 2533 2296 2605 istim-re
2311 2535 2397 2605 lex
2425 2535 3091 2605 diligeaterpiaecipiebat,
3110 2541 3447 2594 scandalizati
3467 2552 3592 2596 sunt

2020 2602 2073 2681 in
2096 2618 2240 2665 eum,
2267 2600 2548 2681 dicentes}
2579 2604 2675 2681 ilic
2703 2600 2854 2681 [fama
2881 2600 2983 2681 non
3007 2600 3086 2662 est
3105 2625 3169 2663 ea:
3196 2609 3300 2664 Deo
3323 2652 3339 2675 ,
3366 2612 3454 2681 qui
3477 2612 3594 2666 sab-

2016 2672 2186 2750 batum
2213 2689 2311 2726 non
2332 2676 2550 2750 custodit
2575 2675 2753 2750 _(Joan.
2773 2675 2964 2750 _9._l6)
2999 2693 3013 2730 :
3061 2695 3172 2750 non
3199 2672 3552 2750 intelligentes
3574 2725 3590 2746 .

2016 2743 2140 2817 quia
2164 2745 2442 2817 corporale
2465 2743 2692 2817 quidem
2708 2743 2962 2809 solvebat,
2990 2749 3264 2817 Spirituale
3291 2743 3467 2805 autem
3487 2743 3589 2805 im;

2018 2813 2214 2884 plebat.
2245 2813 2312 2866 Et
2340 2816 2439 2868 hoc
2480 2813 2639 2868 modo
2671 2816 2808 2870 facta
2833 2826 2917 2872 est
2954 2813 3035 2872 eis
3064 2835 3246 2874 mensa
3272 2836 3456 2875 eorutn
3481 2863 3496 2884 ,
3535 2821 3589 2877 id

2015 2891 2141 2943 est.
2197 2883 2465 2952 Scriptura
2515 2885 2645 2954 legis
2689 2901 2872 2940 eorum
2902 2927 2918 2952 ,
2967 2888 3019 2943 in
3075 2889 3406 2945 scandalum.
3453 2891 3594 2954 Ergo

2015 2933 2198 3030 merisa
2225 2933 2511 3030 estrornnis
2531 2933 2806 3030 Scriptura
2833 2933 3030 3020 divina,
3441 2933 3588 3014 δῖε-’ᾖ

2015 3023 2256 3099 nutriens
2284 3023 2759 3099 _aninias_positus
2807 3037 2928 3090 est,
2980 3023 3348 3099 supra'quam
3402 3045 3592 3087 omnes

2013 3089 2297 3169 Christiani
2337 3089 2688 3169 recumbunt,
2735 3105 2790 3150 et
2829 3089 3113 3166 epulantur
3141 3089 3444 3169 in'spiritu.
3477 3101 3588 3154 Nit-

2014 3164 2226 3236 mularii
2243 3173 2418 3219 autem
2445 3168 2790 3236 praesidentes
2814 3164 3015 3222 mensis
3038 3170 3109 3224 illi
3133 3164 3590 3227 sunt'sacerdotes

2016 3234 2197 3306 fideles
2225 3245 2278 3289 et
2302 3234 2588 3306 prudentes
2620 3256 2633 3292 :
2662 3237 2749 3304 qui
2780 3251 2901 3292 cum
2922 3239 3156 3294 viderint
3183 3241 3340 3296 fidem
3362 3251 3416 3295 et
3437 3252 3586 3296 actus

2013 3302 2474 3378 Christianorum,
2525 3302 2791 3378 accipiunt
2825 3308 3086 3376 judicium
3136 3309 3206 3365 de
3261 3311 3586 3378 Scripturis,

2013 3375 2167 3445 quasi
2206 3376 2274 3430 de
2304 3391 2521 3440 mensa,
2553 3386 2608 3430 et
2645 3375 2940 3445 ponderant
2965 3394 3076 3443 eos,
3109 3389 3164 3434 et
3190 3375 3458 3434 astimant
3481 3423 3496 3444 ,
3537 3393 3593 3436 et

2014 3443 2317 3514 intelligunt
2344 3446 2388 3498 si
2428 3445 2572 3514 digni
2596 3443 2720 3501 sunt
2750 3447 2863 3502 Deo
2885 3489 2900 3512 ,
2943 3457 3036 3502 aut
3064 3465 3190 3504 non.
3226 3451 3292 3504 Et
3316 3453 3358 3504 si
3394 3451 3588 3507 habent

2011 3513 2317 3588 charagma,
2350 3515 2402 3569 id
2429 3513 2550 3577 est,‘
2573 3517 2792 3588 figuram
2819 3526 2873 3572 et
2904 3518 3184 3588 imaginem
3214 3521 3416 3585 mundi,
3466 3531 3590 3576 sunt

2013 3583 2201 3661 ipsius;
2228 3592 2520 3661 et_oportct
2544 3583 2640 3641 eos
2662 3586 2913 3655 abjicere.
2929 3583 3073 3661 _lluic
3106 3605 3306 3646 mensa:
3331 3583 3419 3661 qui
3441 3606 3590 3647 coni-

2013 3655 2218 3730 miserit
2273 3655 2430 3730 [idem
2451 3670 2668 3730 _suam,
2717 3672 2875 3725 quam
2927 3658 3221 3730 baptizatus
3264 3655 3498 3730 suscepit
3552 3680 3584 3718 a

2011 3722 2224 3778 Christo
2244 3767 2260 3788 ,
2291 3725 2423 3798 utin
2451 3723 2690 3798 Ecclesia
2718 3722 3047 3798 permaneat,
3077 3729 3378 3798 Scripturas
3401 3722 3494 3786 aut
3516 3733 3592 3786 le-

2011 3803 2118 3860 gat,
2144 3802 2239 3868 aut
2265 3794 2446 3849 audiat
2471 3796 2796 3868 incessanter
2817 3811 2881 3868 es
2914 3797 3036 3863 fide,
3063 3794 3584 3868 utalloquutionibus

2011 3863 2349 3918 sacerdotum
2394 3878 2680 3938 numquam
2731 3864 3022 3938 fraudetur.
3067 3863 3398 3938 linpossibile
3447 3873 3589 3926 enim

2011 3944 2224 4006 est,“nt‘
2247 3949 2350 4006 non
2379 3934 2758 4006 multiplicetur
2787 3935 2918 3990 fides
2944 3938 3130 4006 ipsius.
3146 3934 3422 3994 Paulatim
3445 3942 3587 3996 enim
3653 3947 3656 3950 λ

2011 4004 2079 4080 de
2107 4002 2192 4080 die
2214 4003 2265 4057 in
2296 4005 2627 4080 diemtimor
2670 4004 2882 4080 Domini
2911 4002 3216 4080 generatur,
3251 4023 3443 4066 sensus
3470 4011 3589 4080 ejus

2012 4073 2358 4138 llluminatur,
2383 4075 2608 4130 scientia
2641 4075 2756 4143 ejus
2781 4073 2995 4141 crescit,
3018 4078 3363 4133 conﬁrmatur
3386 4081 3438 4135 in
3464 4073 3587 4142 liile,

2011 4145 2271 4220 excitatur
2297 4144 2363 4199 ad
2390 4145 2710 4220 desiderium
2753 4146 2898 4216 regni
2924 4147 3151 4202 carlestis
3175 4189 3193 4214 ,
3237 4150 3588 4220 apprehendit

2010 4230 2129 4268 eum
2153 4217 2295 4288 zelus
2310 4217 2645 4288 antiquorum
2663 4227 2972 4270 sanctorum
2996 4233 3129 4286 quos
3156 4217 3586 4288 legit,'excitatnr

2010 4296 2065 4340 et
2091 4289 2200 4356 ipse
2229 4286 2538 4360 plerumque
2560 4286 2624 4340 ad
2644 4289 3118 4360 easdem_virtutes.
3145 4286 3309 4344 Vides
3334 4301 3586 4360 quantam

2012 4355 2242 4411 usuram
2278 4355 2402 4411 facit
2449 4367 2786 4426 augmentata
2847 4358 3014 4426 fides,
3060 4359 3182 4414 data
3231 4361 3297 4414 ad
3347 4355 3585 4417 mensam

2011 4427 2406 4498 Seripturarum
2438 4439 2774 4498 sanctarum.
2816 4427 2962 4482 Sicut
3011 4430 3152 4483 enim
3194 4432 3416 4497 pecunia
3470 4431 3587 4487 haec

2009 4497 2304 4567 corporalis
2325 4497 2560 4568 quidem,
2584 4497 2639 4570 si
2668 4499 2736 4552 sit
2761 4499 2810 4551 in
2839 4500 3052 4553 sacculo
3075 4541 3090 4564 ,
3134 4501 3332 4555 inclusa
3371 4503 3481 4570 ipsa
3510 4514 3592 4558 est

2009 4583 2223 4636 semper
2252 4585 2266 4633 ;
2295 4572 2340 4624 si
2363 4580 2540 4623 autem
2572 4569 2728 4622 fuerit
2762 4570 2954 4638 agitata
2981 4570 3047 4626 de
3070 4587 3226 4624 manu
3255 4572 3308 4626 in
3335 4569 3546 4626 manum
3572 4615 3588 4638 ,

2011 4655 2110 4693 usu
2141 4640 2255 4707 ipso
2293 4639 2693 4708 multiplicatur,
2725 4641 2864 4694 unde
2895 4655 3053 4694 usura
3101 4643 3291 4696 dicitur
3337 4643 3404 4695 ab
3441 4659 3538 4696 usu
3568 4660 3585 4698 :

2009 4710 2087 4763 sic
2127 4720 2188 4780 et
2250 4709 2382 4764 fides
2426 4709 2672 4774 Christi,
2715 4710 2973 4780 siquidem
3027 4711 3195 4766 otiosa
3236 4722 3479 4768 teneatur
3536 4714 3588 4768 in

2009 4779 2194 4844 corde,
2237 4796 2340 4834 non
2377 4781 2552 4835 solum
2583 4782 2693 4851 ipsa
2722 4779 2900 4835 manet
2925 4798 3044 4850 qua:
3089 4783 3234 4848 fuit,
3279 4785 3371 4839 sed
3417 4783 3591 4839 adhuc

2014 4853 2314 4923 minoratur
2338 4851 2390 4905 in
2435 4852 2544 4904 otio
2569 4891 2583 4912 ,
2631 4860 2687 4906 et
2725 4855 2975 4923 torpescit
2999 4893 3016 4917 ,
3044 4862 3098 4907 et
3115 4853 3294 4923 segnis
3319 4854 3580 4922 efficitur,

2009 4931 2064 4974 et
2121 4921 2374 4990 paulatim
2427 4937 2519 4988 per
2567 4932 2718 4974 actus
2769 4922 3014 4976 carnales
3049 4921 3316 4977 exinanita
3355 4924 3421 4978 ad
3459 4921 3594 4979 nihi-

2011 4990 2124 5064 lum
2169 4991 2311 5064 vadit
2358 4993 2460 5064 :_si
2501 5000 2703 5064 autem
2733 4993 3019 5064 exercitata
3064 4993 3218 5048 fuerit
3259 4994 3548 5064 Scripturis
3573 5037 3590 5061 ,

2009 5071 2064 5114 et
2115 5061 2510 5133 loquutiouibus
2565 5061 3145 5133 assiduissuscitata,
3199 5061 3451 5133 operibus
3493 5069 3592 5120 bo-

2010 5133 2093 5186 nis
2117 5132 2379 5203 Vivificata
2406 5173 2422 5193 ,
2445 5149 2567 5203 non
2588 5134 2759 5187 solum
2795 5132 2916 5187 dico
2936 5174 2952 5198 ,
2985 5132 3442 5203 multiplicabitur.
3495 5137 3590 5190 sed

2011 5217 2300 5270 numquam
2343 5202 2552 5257 desinet
2615 5217 2859 5257 crescere
2891 5243 2906 5267 ,
2971 5202 3152 5259 donec
3203 5206 3343 5260 vivet
3406 5205 3586 5259 homo.

2011 5272 2417 5344 Numquidnos
2459 5287 2523 5327 ex
2556 5273 2707 5344 nobis
2752 5272 2853 5328 hoc
2891 5273 3161 5328 dicimus?
3203 5274 3318 5344 Ipse
3357 5275 3589 5342 denique

2012 5343 2265 5412 propheta
2293 5342 2342 5396 in
2383 5343 2640 5411 principio
2667 5343 2998 5398 Psaltnorum
3048 5342 3263 5400 suorum
3310 5347 3448 5398 hunc
3491 5361 3590 5395 an-

2010 5414 2215 5469 nuntiat
2240 5429 2360 5467 esse
2386 5414 2616 5468 beatum.
2648 5413 2775 5467 Nam
2789 5414 3163 5479 cumdixisset,
3185 5416 3370 5468 Beatus
3396 5415 3491 5477 vir,
3506 5415 3591 5481 qui

2010 5502 2110 5538 non
2135 5484 2256 5536 abiit
2276 5486 2326 5536 in
2351 5486 2559 5537 consilio
2585 5484 2874 5552 impiorum,
2899 5498 2944 5539 et
2973 5487 3025 5539 in
3054 5488 3132 5539 uia
3156 5493 3464 5551 peccatorum
3493 5501 3591 5537 non

2011 5557 2170 5610 stetit.
2201 5565 2248 5608 et
2279 5571 2329 5607 tn
2360 5556 2598 5607 cathedra
2627 5557 2916 5623 pestilentia
2944 5575 3043 5609 non
3070 5557 3192 5606 sedit
3217 5569 3236 5607 :
3259 5554 3425 5614 addit,
3449 5552 3512 5606 Et
3537 5553 3589 5605 in

2014 5627 2122 5693 lege
2148 5624 2351 5679 Domini
2395 5628 2625 5678 voluntas
2663 5627 2770 5696 ejus
2794 5668 2810 5690 ,
2843 5638 2886 5679 et
2914 5629 2963 5678 in
3005 5628 3109 5694 lege
3138 5626 3246 5693 ejus
3274 5625 3596 5677 meditabitur

2011 5699 2092 5752 die
2114 5713 2172 5751 ac
2201 5697 2528 5768 nacte(PsaI.
2550 5699 2665 5753 l.l.
2691 5697 2770 5768 2).
2802 5698 2863 5751 Et
2886 5697 3024 5766 quod
3047 5697 3110 5750 sit
3137 5696 3338 5750 lucrum
3370 5696 3593 5752 medita-
