4050 6200
489 229 604 284 ’9ιό

505 346 609 401 Sed
642 343 811 399 iideie
837 337 1100 409 quomodo
1127 337 1308 389 volens
1333 336 1614 409 ostendere
1634 379 1648 403 ,
1675 346 1886 392 sanctos
1911 336 2084 406 perfe-

509 428 622 470 rtns
641 415 690 468 in
713 408 978 475 onmilms,
1002 409 1274 480 ponendos
1291 408 1352 462 ad
1376 409 1677 480 dexteram:
1698 417 1748 461 et
1771 409 1956 476 impios
1979 423 2086 462 om-

510 488 634 539 nino
663 474 1052 545 infructuosos,
1085 479 1149 533 ad
1175 477 1448 532 sinistram
1474 494 1485 528 :
1521 474 1640 531 ideo
1665 474 1897 542 Sanctos,
1923 493 2048 532 oves
2071 499 2081 531 :

511 557 700 623 impios
753 565 929 606 autem
973 551 1158 623 lnedos
1201 552 1427 603 vocavit.
1474 547 1750 614 Quomodo
1795 550 1951 623 agni,
1983 553 2084 623 etsi

509 618 694 678 natiira
725 622 984 677 mansueti
1011 629 1173 686 sunt,
1205 629 1378 673 tamen
1411 634 1514 672 non
1566 628 1686 671 sunt
1734 620 1951 672 omnino
1979 618 2084 670 fru-

511 694 679 748 rtiferi
708 702 924 762 promer
951 701 1160 762 :etateﬁm
1186 707 1198 741 :
1229 690 1453 744 fructum
1478 689 1618 762 enim
1659 689 1830 762 adhuc
1862 704 1964 743 non
1993 689 2088 740 ha-

509 767 635 818 bent
657 759 883 818 lactis’et
910 763 1064 816 lana'.
1101 761 1228 814 ltem
1255 775 1429 828 caprae
1454 759 1554 814 etsi
1583 759 1826 828 maligna:
1871 768 1992 813 sunt
2021 775 2084 812 ex

508 849 698 888 natura
723 875 736 897 ,
765 842 942 887 tamen
972 847 1036 886 cx
1073 831 1248 900 aliqua
1291 841 1438 900 parte
1483 829 1769 900 fructifera:
1825 840 1947 900 sunt
1993 845 2086 899 per

508 913 719 959 a‘lalcm
745 922 758 969 ;
789 903 939 957 lactis
965 903 1105 956 enim
1136 899 1543 954 abundantiores
1574 899 1832 954 exhibent
1858 899 2079 954 fructus.

508 973 655 1029 llaedi
683 982 858 1028 autem
887 981 940 1026 et
965 972 1090 1026 mali
1116 980 1322 1025 suntex
1349 979 1532 1023 natura
1555 1010 1569 1033 ,
1591 977 1645 1023 et
1671 971 1888 1024 omnino
1922 970 2088 1023 infru-

441 1071 453 1086 -η
507 1045 678 1098 rtuosi
706 1052 829 1098 sunt
849 1059 916 1097 ex
945 1051 1118 1096 mtate.
1147 1041 1239 1096 55.
1281 1039 1346 1094 Et
1382 1049 1560 1092 statuet
1587 1056 1700 1094 oves
1735 1041 1802 1092 ad
1831 1040 2085 1096 dexteram

501 1130 680 1179 suam,
714 1115 885 1168 Im'dos
913 1124 1079 1165 autent
1105 1112 1172 1164 ad
1197 1111 1471 1164 sinistram.
1501 1109 1721 1175 Quando
1743 1110 1932 1179 aliquis
1960 1121 2085 1165 ante

508 1195 856 1255 conspectum
904 1182 1161 1255 regisaut
1198 1181 1410 1255 iudicis
1440 1180 1790 1255 introducitur
1815 1221 1828 1242 ,
1861 1196 1924 1255 ex
1972 1181 2086 1250 ipso

509 1248 669 1318 loro',
702 1255 790 1309 ubi
819 1248 1214 1322 stare—iubetur,
1249 1250 1529 1322 intelligit,
1560 1251 1602 1304 si
1617 1261 1847 1322 propter
1889 1248 2082 1304 bonum

509 1325 843 1380 Introductus
868 1320 1092 1389 est,'aut
1121 1330 1339 1391 pmpter
1364 1321 1578 1373 malum.
1610 1320 1664 1374 Si
1692 1321 1833 1373 eiiiin
1865 1331 2086 1390 propter

506 1398 726 1459 bonum,
746 1396 920 1449 statim
941 1401 1157 1447 vocatur
1180 1393 1230 1444 in
1256 1391 1532 1460 proximo:
1554 1391 1595 1443 si
1619 1401 1835 1458 propter
1862 1392 2081 1451 malum.

509 1466 668 1532 longe
698 1474 841 1518 stare
866 1463 1081 1532 jnbctur
1108 1480 1119 1514 :
1151 1462 1227 1515 sic
1253 1470 1307 1514 et
1329 1461 1481 1524 istos,
1513 1461 1649 1513 Deus
1675 1461 1850 1532 justos
1864 1461 2082 1532 quidem

509 1535 573 1587 ad
597 1530 836 1589 dextram
867 1530 1184 1594 constituet,
1221 1540 1274 1583 et
1321 1539 1630 1598 peccatores
1672 1530 1736 1583 ad
1774 1531 2080 1584 sinistram:

510 1615 568 1658 ut
614 1603 973 1672 unusquisque
1017 1603 1326 1656 meritorum
1372 1615 1588 1654 suorum
1633 1600 1990 1672 conditionem
2019 1619 2083 1656 ex

502 1675 673 1743 ipsius
699 1669 798 1728 loci
825 1669 1074 1743 qualitate
1101 1679 1416 1743 cognoscat,
1440 1679 1493 1743 et
1523 1681 1644 1743 ante
1662 1669 1844 1743 judieii
1873 1681 2086 1726 senten-

506 1740 634 1814 tiam
665 1740 872 1814 poenam
909 1741 1237 1814 eonfitsionis
1286 1740 1531 1810 excipiat.
1576 1740 1762 1795 Merito
1791 1741 2075 1814 justosgad

506 1812 749 1868 dextram
775 1813 1032 1875 collocat,
1060 1813 1182 1881 quia
1209 1825 1493 1880 numquam
1537 1819 1900 1877 cognoverunt
1950 1812 2083 1867 sini-

506 1893 670 1938 strain
688 1903 698 1937 :
717 1885 907 1938 merito
933 1882 1121 1951 impios
1144 1881 1208 1935 ad
1235 1883 1523 1944 sinistram,
1543 1883 1968 1951 quianumquam
1991 1898 2082 1938 co-

506 1969 764 2022 gnoscere
791 1950 1071 2006 voluerunt
1099 1951 1372 2022 desieram
1396 1959 1622 2019 partem.
1653 1950 1772 2005 Viris
1799 1950 1951 2015 enim,
1975 1971 2086 2020 qua:

506 2019 538 2076 ri
571 2025 758 2078 dextris
781 2033 936 2088 sunt,
982 2023 1118 2075 norit
1164 2019 1450 2083 Dominus;
1483 2037 1723 2082 peri-crsu:
1757 2033 1920 2076 autem
1945 2019 2080 2089 sunt,

509 2110 624 2163 qua:
647 2111 680 2147 a
703 2093 919 2146 sinistris
946 2101 1062 2163 sunt
1113 2090 1293 2158 (l’rov.
1319 2092 1370 2144 4.
1398 2091 1514 2160 Ξῖ).
1549 2091 1682 2145 Ecce
1726 2094 1866 2146 enim
1895 2136 1910 2161 ,
1943 2095 1987 2148 si
2029 2105 2082 2150 tit

507 2162 770 2218 consistas
807 2163 858 2216 in
893 2162 1112 2231 .pnblieo
1161 2164 1358 2230 pariter
1387 2175 1506 2213 cum
1554 2163 1750 2227 amico,
1781 2173 1835 2218 et
1861 2165 2084 2221 veniens

507 2234 700 2304 aliquis
733 2232 878 2286 illiilli
900 2233 1097 2304 salutet
1119 2274 1133 2292 .
1166 2242 1218 2285 et
1248 2241 1298 2285 le
1323 2240 1631 2304 contemnat
1655 2274 1668 2293 ,
1703 2243 1794 2286 aut
1824 2249 2083 2302 scparans

505 2302 653 2359 illum
676 2319 702 2357 a
731 2312 803 2368 te,
824 2319 941 2357 cuin
972 2303 1060 2356 illo
1087 2302 1349 2370 loquatur,
1377 2314 1464 2354 aut
1496 2303 1821 2358 familiariter
1845 2319 1962 2358 cum
1995 2307 2085 2360 illo

502 2375 743 2444 jocetur:
771 2388 947 2428 nonne
971 2384 1025 2427 tu
1055 2373 1266 2445 relictus
1290 2372 1459 2445 solus,
1486 2381 1596 2445 stas
1618 2375 1887 2445 aperiatus
1913 2377 1962 2428 in
1992 2394 2085 2445 pii-

505 2442 682 2506 lilico,
725 2453 779 2500 et
821 2445 1120 2514 graviorem
1177 2442 1446 2514 existimas
1495 2442 2081 2514 illamconfusionem,

504 2529 663 2583 quam
693 2512 916 2569 mortem
939 2515 962 2566 ?
987 2515 1046 2568 l'lt
1068 2512 1335 2584 quomodo
1359 2521 1518 2582 putas
1544 2513 1732 2581 impios
1757 2515 2086 2571 confunden-

505 2586 603 2638 dos
636 2585 685 2639 in
716 2585 802 2640 die
834 2585 1015 2656 judicii
1042 2626 1054 2648 ,
1102 2583 1314 2656 quando
1335 2595 1469 2656 ante
1493 2593 1834 2656 conspectum
1865 2589 2082 2656 angelo-

507 2669 647 2717 rum,
676 2656 962 2725 segregatis
991 2654 1172 2722 jnstis,
1216 2653 1408 2725 fuerint
1438 2653 1720 2725 derelicti?
1750 2653 1958 2718 Nonne,
1985 2660 2082 2712 etsi

506 2725 636 2778 nihil
669 2724 886 2778 ulterius
915 2735 1238 2793 paterentur,
1268 2724 1350 2776 illa
1381 2724 1491 2777 sola
1525 2725 1841 2782 verecundia
1874 2728 2085 2783 sufliee-

506 2807 588 2849 ret
614 2796 692 2850 eis
718 2795 782 2850 ad
833 2797 1087 2864 poenam?
1134 2793 1420 2864 Apostolus
1470 2804 1646 2848 autem
1693 2796 1819 2850 dicit
1869 2807 2083 2856 sanctos

503 2866 609 2938 jam
641 2867 930 2922 collocatos
959 2880 1077 2921 esse
1107 2865 1171 2938 ad
1216 2864 1490 2938 desteram
1532 2867 1741 2938 virtutis
1771 2882 1868 2938 per
1893 2883 2084 2924 ascen-

507 2936 723 3010 διουρωῄ
740 2947 791 2992 et
817 2938 1108 3010 sessionem
1136 2936 1342 2990 Domini
1359 2936 1870 3006 Salvatoris(b.'plies.
1895 2941 1944 2993 l.
1963 2940 2079 3010 ε20).

505 3005 636 3061 Nam
666 3008 818 3079 _sicut
845 3005 896 3062 in
917 3021 1080 3061 carne
1108 3022 1200 3061 sua
1249 3021 1461 3079 omnem
1475 3022 1703 3079 ‘carnem
1731 3011 1965 3079 suscepit
1986 3052 1998 3073 ,
2031 3005 2084 3066 et

505 3077 790 3134 crucifixus
835 3093 1047 3133 omnem
1073 3091 1287 3132 carnem
1316 3075 1578 3130 crucifixit
1605 3077 1655 3132 in
1686 3093 1744 3132 se
1770 3121 1783 3142 ,
1823 3075 2084 3136 ct'resur-

504 3163 634 3217 gens
659 3164 870 3204 onmem
912 3148 1243 3203 resuscitavit
1265 3145 1315 3200 in
1342 3161 1399 3202 se
1424 3164 1435 3199 :
1466 3149 1542 3202 sic
1569 3148 1880 3211 ascendens,
1913 3161 1967 3206 et
1994 3167 2079 3207 se-

504 3220 638 3273 dens
667 3218 730 3273 ad
751 3218 1024 3274 dexteram
1051 3219 1162 3284 Dei,
1185 3231 1370 3272 omnes
1396 3217 1460 3270 ad
1486 3218 1758 3273 dexteram
1780 3220 2078 3278 collocavit.

504 3289 781 3356 Quomodo
809 3289 894 3344 hic
919 3288 1068 3353 dicit,
1100 3289 1221 3358 quia
1251 3296 1375 3359 tunc
1406 3298 1601 3359 statuet
1626 3303 1754 3345 oves
1780 3293 1993 3359 quidem
2015 3295 2080 3346 ad

505 3360 798 3424 dexteram,
833 3357 1216 3432 ligedosautem
1243 3357 1307 3410 ad
1338 3358 1605 3432 sinistram
1630 3359 1653 3412 ?
1682 3357 1934 3432 sed-vide
1961 3365 2080 3432 quia

506 3442 645 3481 inmc
668 3442 763 3500 nos
785 3427 1062 3500 colloca-vit
1085 3427 1147 3480 ad
1171 3426 1465 3491 dexteram,
1486 3427 1549 3481 ad
1571 3431 1832 3497 agendum
1859 3446 1938 3494 ea,
1964 3426 2082 3500 qum

504 3506 630 3550 sunt
658 3497 891 3550 dextera:
921 3497 1084 3564 partis
1117 3514 1128 3549 :
1162 3505 1343 3563 postea
1371 3508 1546 3550 autem
1576 3508 1772 3553 statuet
1799 3501 1863 3554 ad
1896 3497 2080 3555 deste-

504 3581 795 3640 ranisuam
817 3607 830 3630 ,
857 3565 1399 3640 adeonrcguandum.
1432 3568 1519 3622 ⁸54.
1546 3566 1688 3620 Tunc
1713 3570 1840 3622 dicet
1867 3570 1968 3624 illis
1997 3575 2081 3640 qui

503 3638 571 3690 ad
596 3636 968 3707 dexteram.Et
998 3651 1161 3705 quare
1191 3651 1293 3690 non
1324 3637 1428 3690 illis
1457 3648 1598 3703 ante,
1633 3643 1722 3707 qui
1754 3651 1876 3692 sunt
1900 3640 1963 3694 ad
2006 3636 2077 3696 si—

504 3708 725 3777 nistram
749 3707 772 3758 ?
798 3706 929 3772 Quia
961 3707 1193 3777 paratior
1236 3715 1320 3760 est
1349 3707 1488 3760 Deus
1513 3706 1726 3774 semper
1763 3709 1828 3762 ad
1861 3711 2077 3765 benefa-

503 3776 752 3832 ciendum
780 3817 794 3841 ,
826 3776 981 3846 quam
1011 3776 1075 3832 ad
1107 3777 1566 3832 malefaciendum.
1597 3777 1726 3833 Nam
1755 3779 1890 3833 bona
1931 3781 2081 3837 bonis

502 3847 795 3904 secundum
819 3849 1145 3918 propositum
1174 3862 1327 3902 suum
1344 3857 1586 3916 praestat,
1618 3851 1740 3918 quia
1769 3849 1937 3918 bonus
1967 3863 2076 3908 est:

502 3920 657 3972 malis
687 3916 862 3973 autem
910 3916 1046 3972 mala
1078 3925 1263 3972 contra
1307 3916 1814 3986 propositnm’snum
1843 3916 1967 3976 facit
1997 3925 2081 3976 in-

501 3989 641 4044 vitus
667 4030 682 4055 ,
717 3989 838 4059 quia
861 3987 1020 4058 judex
1053 3997 1151 4042 est.
1181 3988 1439 4056 Quicquid
1489 3999 1663 4043 autem
1708 3991 1867 4044 homo
1896 4002 2078 4046 contra

502 4067 743 4113 naturam
782 4075 932 4114 suam
976 4059 1120 4128 agit,
1173 4059 1370 4127 pigrius
1413 4059 1537 4126 agit.
1569 4061 1624 4114 Si
1656 4061 1797 4114 enim
1837 4060 2081 4116 Christus

503 4129 860 4183 delectaretur
970 4137 1506 4201 pa‘naopeccatornui,
1537 4147 1820 4199 numquam
1846 4134 2078 4201 seipsqu

502 4212 603 4268 pro
633 4196 1002 4268 peccatoribus
1030 4198 1349 4269 tradidisset.
1385 4196 1585 4266 Venite,
1621 4196 1806 4269 inquit,
1840 4196 2082 4256 benedicti

500 4270 677 4322 Patris
717 4270 850 4322 mei:
879 4268 1125 4339 possidete
1155 4278 1386 4338 paratum
1435 4272 1568 4324 vobis
1595 4268 1801 4339 regnum
1830 4288 1860 4323 a
1889 4276 2047 4327 conin
2066 4306 2078 4315 -

502 4340 692 4392 ratione
713 4339 906 4410 mundi.
938 4339 1069 4405 Quia
1095 4339 1319 4395 dedistis
1356 4355 1473 4407 quae
1501 4355 1712 4410 semper
1750 4340 1951 4398 habere
1977 4362 2078 4398 non

501 4409 777 4476 poteratis,
802 4409 1022 4478 recipite
1047 4424 1164 4478 qua:
1191 4409 1244 4462 in
1269 4421 1579 4480 perpetuum
1614 4409 1946 4478 possideatis.
1973 4414 2080 4466 Me-

502 4480 608 4533 rito
631 4480 938 4549 centuplum
965 4494 1124 4548 super
1150 4480 1358 4542 castum,
1391 4480 1480 4549 qui
1509 4497 1670 4534 unum
1698 4483 2002 4538 seminastis
2027 4485 2076 4538 in

505 4548 817 4622 terra.r.Nou
870 4551 1012 4604 enim
1058 4561 1313 4619 quantum
1355 4548 1557 4619 justitia
1595 4553 1867 4606 hominum
1899 4563 2078 4622 potest

500 4621 719 4693 mereri,
754 4620 1113 4693 talecreatum
1145 4629 1225 4673 est
1249 4633 1470 4693 regnum
1497 4622 1746 4693 caelorum
1773 4639 1785 4676 :
1812 4620 2080 4693 sed—quale

501 4689 592 4742 Dei
624 4692 793 4744 virtus
822 4690 993 4759 potuit
1031 4704 1359 4760 praeparare.
1404 4691 1459 4746 Si
1490 4692 1632 4746 enim
1663 4689 1959 4747 sccunduui
1985 4709 2080 4747 au-

506 4761 698 4830 gustias
723 4760 968 4816 humanm
989 4761 1209 4830 iustitia:
1238 4775 1457 4828 regnum
1485 4763 1734 4816 czelorum
1776 4776 1959 4817 creare
1984 4779 2078 4817 vo-

508 4829 718 4896 luisset,
749 4833 931 4902 utique
962 4829 1081 4901 post
1123 4846 1285 4900 opera
1317 4833 1588 4902 hominum
1633 4831 1760 4886 illud
1802 4845 2036 4888 creasset
2064 4852 2076 4887 :

505 4913 645 4971 nunc
676 4901 855 4956 autem
878 4943 894 4966 ,
931 4904 1180 4971 quoniam
1209 4920 1312 4955 non
1343 4901 1632 4958 secundum
1659 4901 1958 4956 mercedem
1988 4903 2084 4956 ho.

499 4970 747 5042 minunr,
785 4975 878 5026 sed
913 4970 1204 5027 secundum
1252 4989 1400 5026 suam
1457 4975 1750 5042 largitatem
1802 4975 2080 5028 constituit

501 5039 806 5112 mercedem
834 5055 1138 5112 sanctorum
1179 5061 1190 5095 :
1240 5045 1360 5099 ideo
1387 5039 1667 5112 antequam
1697 5053 1908 5096 sanctos
1933 5058 2081 5096 erea-

502 5119 580 5184 ret
630 5110 680 5163 in
723 5111 936 5175 seculo,
972 5130 1190 5184 regnum
1220 5117 1472 5168 czelorum
1501 5110 1819 5183 pl'ﬂﬂtal‘aVil
1849 5115 1897 5184 in
1925 5114 2076 5168 ctelo.

507 5182 797 5250 Propterea
840 5189 908 5260 et,
935 5182 1222 5260 quosante
1265 5182 1697 5260 constitutionem
1729 5182 1908 5238 nmndi
1951 5201 2076 5260 suos

499 5267 620 5307 esse
644 5255 938 5320 cognoscit,
965 5255 1124 5320 tantis
1149 5270 1242 5308 eos
1267 5256 1536 5309 laborilms
1557 5263 1767 5320 onerat,
1799 5265 1848 5310 et
1881 5255 2079 5309 tamdiu

506 5319 752 5396 laborare
783 5319 926 5384 facit,
951 5319 1123 5396 donec
1147 5324 1289 5396 digni
1318 5325 1614 5379 efficiantur
1643 5319 1807 5396 regno
1840 5327 2034 5379 czelesti
2063 5366 2077 5378 .

503 5393 626 5465 quia
670 5409 773 5446 non
809 5390 1108 5465 secundum
1146 5390 1502 5465 modicitatem
1545 5390 1814 5449 hominum
1857 5411 2077 5465 regnum

507 5460 596 5533 ltei
636 5464 972 5527 exiuauitnr,
1018 5461 1111 5516 sed
1155 5463 1441 5533 secundum
1483 5467 1894 5533 magnitudinem
1920 5460 2078 5533 'regni

506 5531 751 5585 homines
769 5533 1132 5587 sublevantur.
1159 5533 1247 5586 55.
1274 5531 1476 5587 Esurivi
1503 5531 1653 5600 enim,
1671 5547 1715 5590 ct
1733 5538 1937 5589 dedistis
1959 5531 2080 5588 mihi

505 5603 830 5665 niundncare,
847 5614 900 5656 et
929 5615 1118 5659 cmtera
1135 5618 1259 5672 quae
1282 5616 1593 5670 sequuntur.
1617 5605 1780 5658 Itodie
1811 5607 1851 5658 si
1878 5607 2080 5659 amicus

507 5679 646 5736 t.us,
673 5682 764 5726 aut
795 5675 1015 5730 colonus
1036 5716 1052 5741 ,
1085 5675 1297 5743 aliquod
1341 5675 1431 5729 tibi
1457 5675 1640 5730 offerat
1683 5691 1904 5744 munus,
1936 5677 2079 5751 verbi

1453 226 1629 284 OPUS
1667 226 2151 284 IMPERFECTUM
2191 230 2256 286 IN
2299 221 2721 286 MATTﬂ/EUM.
3675 229 3766 285 Sil

2196 339 2364 410 gratia
2389 381 2402 402 ,
2436 339 2653 410 aliquod
2679 338 3068 410 vestimennun
3102 353 3125 410 :7
3157 345 3213 392 tu
3254 344 3432 393 autem
3472 338 3768 410 deSpieiens

2197 406 2350 469 illud,
2381 423 2445 462 eo
2473 406 2588 478 ipso
2611 408 2853 470 ridente,
2885 408 2980 463 des
3003 409 3129 462 illud
3175 410 3266 464 uni
3297 425 3359 464 ex
3383 406 3772 468 circumstanti-

2197 479 2293 531 bus
2321 479 2412 532 tibi
2439 479 2607 532 servis
2633 521 2648 544 ,
2679 495 2857 532 nonne
2889 491 3081 532 munus
3108 480 3362 534 vilescere
3377 479 3534 544 facis,
3563 491 3616 536 et
3644 499 3769 538 cou-

2198 548 2372 621 fundis
2393 550 2624 618 graviter
2647 549 2959 604 offerentem
2983 549 3005 599 ?
3027 548 3081 604 Si
3109 565 3236 604 vero
3263 551 3559 621 suscipiens
3582 568 3775 609 munus

2198 618 2355 684 illius,
2402 621 2578 673 statim
2604 621 2842 672 vestieris
2866 625 2942 682 te,
2967 627 3020 672 et
3045 620 3369 688 processeris
3394 618 3515 675 c’um
3545 623 3662 689 ipso
3696 641 3768 676 ve.

2195 689 2469 754 stimento,
2487 689 2793 758 magnificas
2812 697 3024 754 munus,
3043 699 3097 744 et
3117 691 3273 744 nimis
3291 691 3525 744 laetificas
3544 694 3776 748 offeren-

2199 769 2324 832 tem.
2353 759 2531 820 l’utas,
2564 769 2760 832 quanto
2785 760 2976 828 gaudio
3002 761 3329 832 extollantur
3353 763 3540 832 sancti,
3561 765 3779 832 quando

2199 831 2260 900 in,
2283 837 2569 900 conspectu
2601 831 2836 900 omnium
2867 829 3200 900 angelorum,
3231 829 3374 899 quod
3405 829 3645 888 fecerunt
3679 835 3770 887 he-

2195 897 2447 962 minibus,
2480 901 2590 968 ipse
2615 899 2870 952 Dominus
2901 897 3093 954 fatetur
3111 915 3170 953 se
3195 897 3462 969 accepisse
3483 901 3507 954 ?
3528 903 3647 958 1Ιειιιι
3677 904 3776 957 tale

2195 970 2402 1024 videtur
2431 984 2565 1043 opus
2588 981 2793 1043 eorum,
2825 971 3112 1043 non_qua_le
3137 969 3316 1043 datum
3347 981 3426 1024 est
3444 1013 3459 1034 ,
3487 972 3580 1028 sed
3600 975 3774 1043 qualis

2195 1053 2422 1108 persona
2469 1040 2606 1093 illius
2648 1040 2739 1108 qui
2769 1040 2996 1106 accepit.
3042 1041 3130 1094 57.
3162 1039 3306 1093 Tunc
3334 1039 3709 1105 respondebunt
3735 1061 3775 1098 ei

2186 1111 2314 1176 justi
2341 1109 2556 1183 dicentes
2581 1126 2601 1183 _:
2631 1109 2845 1162 Domine
2861 1151 2876 1172 ,
2900 1109 2991 1163 58.
3020 1110 3223 1183 quando
3267 1120 3314 1163 te
3355 1111 3570 1167 vidimus
3596 1115 3772 1183 hospi-

2194 1190 2313 1251 tem,
2341 1191 2387 1251 et
2412 1181 2701 1249 collegimus
2730 1189 2817 1251 te;
2846 1188 2932 1232 aut
2959 1181 3148 1251 nudum
3176 1221 3190 1245 ,
3219 1190 3268 1235 et
3304 1183 3660 1251 coaperuimus
3691 1181 3734 1239 te
3754 1187 3779 1237 .’

2198 1249 2414 1315 Quando
2439 1259 2606 1303 autem
2629 1259 2676 1302 te
2704 1249 2918 1302 vidimus
2948 1250 3242 1303 esurientem
3261 1293 3273 1314 ,
3307 1260 3359 1305 et
3396 1249 3625 1319 ponimus
3649 1271 3667 1308 :
3694 1267 3774 1308 aut

2193 1321 2436 1372 sitiente»:
2461 1362 2475 1385 ,
2503 1331 2549 1372 et
2577 1321 2856 1389 putavimus
2873 1321 2898 1372 .9
2925 1318 3010 1374 39.
3066 1319 3284 1384 Quando
3309 1331 3356 1374 te
3395 1318 3609 1391 vidium:
3637 1325 3769 1391 inﬁr-

2195 1407 2331 1442 mum
2357 1431 2367 1447 .
2398 1401 2484 1442 aut
2524 1391 2575 1443 in
2601 1406 2832 1455 carcere,
2860 1399 2905 1442 et
2934 1391 3156 1443 venimus
3181 1391 3249 1442 ad
3274 1394 3364 1444 te?
3389 1390 3438 1445 0
3465 1390 3732 1447 humilitas
3751 1437 3764 1454 ,

2193 1475 2421 1530 quorum
2445 1476 2541 1513 nec
2570 1468 2689 1530 post
2711 1472 2931 1530 mortem
2955 1459 3167 1530 deliciet
3195 1461 3211 1513 l
3245 1461 3409 1514 lloino
3432 1465 3574 1517 enim
3597 1465 3768 1517 malus

2193 1531 2355 1584 etiam
2405 1529 2549 1584 falsis
2574 1529 2841 1583 laudibus
2881 1529 3178 1584 delectatur
3203 1571 3218 1592 ,
3264 1531 3344 1584 vir
3380 1542 3543 1586 autem
3588 1535 3766 1588 bonus

2194 1601 2351 1653 etiam
2377 1599 2610 1653 debitam
2636 1600 2737 1653 sibi
2770 1601 2976 1654 laudem
2998 1598 3155 1669 fugit.
3191 1601 3328 1655 Ecce
3349 1604 3390 1654 si
3418 1620 3502 1671 per
3520 1618 3759 1658 errorem

2195 1685 2438 1738 persone
2468 1672 2689 1724 veniens
2717 1671 2938 1739 aliquis,
2984 1685 3081 1739 pro
3119 1672 3290 1725 altero
3333 1673 3481 1726 alteri
3508 1689 3641 1728 vano
3665 1675 3751 1727 ho-

2193 1741 2320 1793 mini
2351 1741 2546 1810 gratias
2574 1743 2682 1809 agit
2723 1755 2817 1810 pro
2845 1741 3106 1796 benclicio
3147 1742 3375 1810 qundam
3402 1784 3416 1804 ,
3445 1747 3676 1811 quamvis
3702 1746 3747 1800 in

2194 1811 2518 1865 conscientia
2545 1826 2638 1864 sna
2661 1822 2948 1880 cognoscat
2975 1825 3031 1866 se
3057 1812 3184 1865 nihil
3205 1813 3307 1867 tale
3335 1811 3522 1868 fecisse
3542 1857 3558 1876 ,
3592 1824 3753 1868 tamen

2194 1890 2332 1934 tacet
2360 1891 2410 1933 et
2432 1879 2746 1951 congandet,
2765 1879 2988 1935 audiens
3009 1897 3126 1951 quae
3149 1897 3251 1936 non
3275 1892 3400 1936 sunt
3423 1899 3514 1937 sua
3539 1902 3552 1937 :
3579 1885 3625 1937 si
3649 1901 3760 1939 vero

2198 1951 2337 2004 bono
2364 1951 2518 2005 alicui
2542 1953 2869 2025 gratiasagit
2893 1953 3178 2025 ,quamvis
3200 1953 3367 2008 bonus
3410 1954 3764 2025 illegintelligat

2192 2036 2373 2094 verum
2405 2037 2523 2094 esse
2551 2022 2692 2094 quod
2722 2021 2789 2075 de
2812 2037 2871 2075 se
2898 2022 3128 2094 dicitur,_
3153 2032 3328 2077 tamen
3349 2023 3541 2094 refugit
3563 2067 3577 2090 ,
3608 2036 3663 2080 et
3687 2021 3762 2079 rc-

2194 2092 2341 2159 pellit
2360 2093 2543 2146 audire
2572 2091 2730 2145 etiam
2754 2106 2816 2146 ea
2835 2107 2953 2160 qua:
2976 2092 3076 2147 sibi
3099 2092 3382 2148 debentur.
3412 2091 3501 2149 Sic
3521 2106 3574 2150 et
3597 2099 3756 2152 sancti

2191 2161 2421 2216 debitam
2444 2162 2544 2216 sibi
2575 2162 2783 2216 tandem
2811 2171 2934 2216 tunc
2963 2162 3278 2232 repellentes
3305 2164 3492 2219 dicunt
3516 2181 3530 2219 :
3557 2165 3762 2231 Quando

2192 2241 2238 2285 te
2262 2232 2476 2303 vidimus
2501 2233 2835 2303 esurientem?
2854 2232 2941 2287 40.
2966 2231 3035 2285 Et
3055 2234 3360 2303 respondens
3385 2251 3497 2300 rex,
3523 2237 3652 2288 dicet
3670 2237 3730 2290 eis
3746 2253 3766 2289 :

2193 2303 2348 2355 Amen
2375 2302 2488 2356 dico
2513 2302 2647 2355 vobis
2671 2343 2687 2368 ,
2717 2305 2964 2370 quamdiu
3009 2302 3197 2372 fecistis
3225 2306 3310 2357 uni
3344 2305 3525 2358 horum
3554 2307 3751 2372 fratrum

2191 2389 2414 2426 nieorum
2459 2373 2802 2434 minimarum,
2839 2373 2964 2426 milii
2989 2374 3196 2443 fecistis.
3234 2373 3280 2428 0
3306 2375 3517 2430 bonitas
3537 2373 3754 2430 Christi!

2194 2443 2340 2508 Esto,
2356 2445 2604 2513 quamdiu
2623 2444 2671 2496 iu
2694 2457 2918 2513 corpore
2937 2445 3346 2513 contemptibilis
3362 2455 3476 2499 erat
3493 2446 3545 2500 in
3559 2447 3759 2508 mundo,

2193 2513 2362 2567 fuerat
2374 2512 2673 2568 verisimilis
2688 2512 2899 2581 ratio,ut
2915 2523 3128 2582 propter
3144 2512 3543 2572 Similitudinem
3559 2517 3762 2571 visionis

2193 2587 2380 2656 fratres
2397 2598 2520 2656 suos
2538 2583 2781 2656 homines
2819 2584 3143 2656 appellaret:
3167 2584 3294 2656 quid
3315 2595 3493 2642 autem
3513 2587 3754 2645 dicamus.

2192 2653 2332 2723 quod
2366 2654 2415 2706 in
2450 2654 2536 2707 illa
2567 2654 2731 2722 gloria
2770 2655 3087 2709 constitutus
3109 2696 3123 2718 ,
3164 2653 3337 2711 adhuc
3373 2665 3652 2711 contentus
3685 2669 3758 2711 est

2192 2740 2283 2778 eos
2310 2726 2488 2779 dicere
2515 2724 2723 2788 fratres,
2744 2725 2935 2794 quibus
2966 2723 3232 2780 snflicerct
3259 2727 3323 2780 ad
3352 2726 3585 2792 laudem,
3611 2728 3650 2781 si
3671 2728 3753 2780 bu-

2194 2811 2290 2867 nos
2315 2810 2502 2850 servos
2530 2795 2648 2849 illos
2671 2795 2926 2867 vocaret?
2951 2795 3203 2867 Detrahet
3223 2797 3322 2851 sibi
3345 2797 3489 2867 quod
3517 2798 3682 2854 habet.
3704 2808 3757 2850 ut

2193 2865 2298 2922 illis
2329 2873 2545 2934 praistet
2581 2863 2721 2933 quod
2753 2879 2857 2918 non
2890 2865 3104 2919 habent.
3138 2865 3276 2922 Ecce
3313 2863 3476 2922 homo
3512 2868 3556 2921 si
3580 2882 3639 2923 ex
3663 2867 3754 2920 hu-

2194 2937 2300 3008 mili
2331 2945 2651 3008 generatur,
2679 2945 2732 2989 et
2760 2935 2869 3008 Deo
2895 2944 3179 3008 praestante
3222 2936 3290 2991 ad
3321 2938 3550 3008 aliquam
3579 2952 3752 3008 ascen-

2191 3003 2547 3078 deritfdiguita
2555 3013 2687 3078 tein,
2702 3005 2968 3078 erubescit
2983 3008 3381 3078 generationem
3399 3003 3548 3063 suam
3565 3007 3750 3062 audire.

2191 3079 2247 3152 Si
2268 3077 2387 3148 quis
2405 3069 3081 3152 dixeriliei‘tiil'qi‘lliusease
3109 3077 3272 3131 filium
3295 3119 3312 3143 ,
3344 3078 3636 3152 indignatur
3673 3092 3753 3152 se.

2191 3141 2363 3218 ipsum
2389 3147 2628 3204 confiteri
2651 3141 3058 3270 quod'ésf,'qf"p
3213 3209 3244 3232 ι

2191 3221 2432 3270 Christus
2459 3218 2633 3270 adhuc
2658 3217 3002 3270 aloriabrtur.‘
3399 3163 3419 3270 ξ

2189 3214 2432 3291 Christus
2459 3218 2633 3291 adhuc
2658 3214 3748 3291 gloi-iabitiir,‘fﬁ‘ik*§§mo,_sgu

2190 3288 2322 3363 deus
2343 3291 2393 3344 iii
2425 3287 2720 3357 majestate.
2750 3289 2813 3363 Et
2839 3288 3033 3363 merito
3061 3306 3076 3343 :
3114 3287 3532 3363 «Min
3547 3287 3744 3358 judicio

2188 3361 2371 3430 gloria:
2391 3401 2403 3421 .
2435 3352 2538 3430 non
2572 3360 2797 3430 mutavit
2821 3352 3729 3430 voluntatemlwoe'potest

2193 3423 2407 3500 intelligi
2431 3429 2566 3502 etde
2580 3429 2905 3502 doctoribus,
2919 3430 3006 3496 qui
3029 3423 3626 3502 θειιιιῇιιῷῇξὶιειιιῑςιιιι
3641 3426 3730 3479 de~

2191 3497 2382 3555 deruni
2401 3501 2576 3554 cibum
2599 3499 2875 3562 doctrinm,
2897 3514 3002 3568 quo
3023 3497 3432 3568 niitm,_ct
3451 3497 3743 3565 pinguesce-

2190 3582 2307 3625 rent
2331 3572 2381 3624 in
2412 3571 2615 3623 actibus
2639 3569 2790 3623 bonis
2811 3581 2830 3622 ξ
2854 3557 2940 3637 qui
2968 3557 3390 3630 sitientibus“
3413 3557 3746 3638 agnitionem,

2193 3652 2372 3711 potum
2424 3639 2660 3711 veritatis
2711 3639 3165 3711 ministrat-erunt.
3208 3643 3312 3695 Aut
3357 3649 3500 3694 certe
3544 3639 3756 3692 cibat-e-

2191 3709 2314 3765 runt
2357 3725 2470 3773 eos,
2515 3709 2566 3763 in
2612 3709 2778 3763 verbo
2824 3710 3079 3764 docentes
3119 3727 3133 3765 :
3192 3719 3505 3780 potaverunt
3551 3718 3755 3780 autem,

2192 3783 2242 3835 in
2292 3781 2490 3850 Spiritu
2543 3790 2728 3834 sancto
2767 3780 3094 3848 baptizantcs
3121 3779 3332 3834 animas
3372 3781 3669 3850 peregrinas
3709 3779 3762 3832 iit

2192 3852 2407 3906 mundo.
2453 3851 2651 3906 Omnes
2677 3852 2818 3904 enim
2848 3853 3039 3904 anima:
3064 3857 3224 3904 recte
3254 3853 3548 3920 peregrina:
3570 3858 3688 3903 sunt
3715 3851 3766 3902 in

2192 3923 2291 3977 hoc
2321 3922 2538 3985 mundo,
2588 3937 2707 3990 qua:
2746 3931 2968 3991 possunt
3009 3921 3186 3976 dicere
3232 3939 3244 3975 :
3291 3922 3542 3986 Quoniam
3585 3921 3766 3972 advena

2190 4010 2299 4046 smn
2342 4009 2430 4062 ego
2469 3995 2605 4062 apud
2649 4002 2695 4045 te
2743 4009 2795 4044 in
2842 4001 2998 4058 terra,
3029 4001 3078 4062 et
3122 3992 3415 4062 peregrinus
3448 3992 3580 4062 sicut
3613 4005 3769 4044 omnes

2189 4060 2496 4133 patres-mei
2545 4060 2714 4133 (Psal.
2750 4063 2837 4117 58.
2867 4063 2978 4133 15).
3027 4060 3260 4133 Verbum
3294 4063 3438 4116 enim
3476 4061 3622 4133 fidei,
3646 4078 3770 4128 prte-

2190 4131 2450 4200 dicantes,
2508 4132 2761 4200 colligunt
2805 4132 3009 4186 animas
3056 4147 3121 4186 ex
3167 4131 3502 4201 diSpcrslone
3557 4131 3772 4193 alicuius

2190 4204 2388 4258 erroris
2417 4245 2432 4266 ,
2461 4209 2514 4254 et
2555 4201 2754 4256 faciunt
2799 4217 2889 4255 eas
2931 4201 3253 4256 domesticas
3281 4211 3334 4256 ct
3373 4201 3530 4255 clves
3578 4213 3777 4255 sanciu-

2191 4288 2326 4326 rnm.
2365 4272 2535 4341 Ipsum
2561 4273 2815 4340 colligunt
2836 4271 3125 4334 Christum,
3175 4272 3264 4341 qui
3298 4271 3490 4331 nudos.
3533 4281 3593 4326 et
3618 4271 3779 4325 adhuc

2191 4289 2326 4326 rum.
2365 4289 2378 4324 ι
2421 4289 2535 4325 sum
2561 4289 3125 4340 comgunturrtsmm,
3175 4289 3264 4341 qm
3298 4289 3490 4331 nudos.
3533 4289 3593 4326 et
3618 4289 3768 4324 :ianll'.

2191 4344 2307 4397 sine
2351 4289 2528 4412 aiiquo
2581 4342 2893 4396 indumento
2934 4342 3174 4412 justilim,
3203 4341 3446 4396 docendo
3471 4342 3768 4412 justitiam.

2191 4411 2456 4475 vestiunt,
2487 4413 2623 4465 sicut
2669 4414 2923 4480 scriptum
2952 4424 3034 4466 est
3071 4433 3084 4466 :
3114 4411 3317 4466 lnduite
3345 4427 3431 4464 vos
3461 4413 3674 4466 viscera
3700 4411 3777 4480 ruis

2190 4483 2493 4547 sericordiav,
2541 4483 2713 4552 ﬁdem,
2759 4479 2966 4552 pacem,
3013 4484 3271 4535 caritatem
3316 4481 3553 4552 (Colon.
3581 4483 3640 4538 5.
3671 4479 3776 4552 ηε.

2190 4563 2280 4608 aut
2300 4551 2590 4617 Christum,
2626 4551 2953 4622 baptizantes
2981 4567 3076 4606 eos
3105 4553 3156 4605 in
3185 4551 3418 4615 Christo,
3465 4551 3629 4622 sicut
3661 4551 3781 4603 scri-

2191 4634 2335 4692 ptum
2359 4633 2439 4677 est
2467 4641 2480 4676 :
2514 4619 2761 4689 Quotquot
2789 4623 2842 4675 in
2861 4623 3059 4692 Christo
3083 4623 3321 4692 baptismi
3350 4622 3501 4686 estis,
3533 4619 3785 4677 Christum

2189 4691 2422 4748 induistis
2463 4693 2604 4761 (Cal.
2637 4694 2689 4748 5.
2717 4692 2830 4762 27).
2864 4691 2930 4746 Ει
2960 4693 3047 4762 qui
3078 4691 3207 4746 tales
3235 4693 3478 4746 infirmos
3516 4701 3579 4747 et
3608 4691 3785 4762 morbo

2190 4763 2480 4818 carnalium
2527 4761 3132 4830 vitiorumlanguentes
3179 4763 3391 4821 visitat.
3430 4772 3499 4816 el.
3561 4761 3782 4816 medica-

2191 4845 2372 4888 mento
2419 4842 2567 4886 curat
2613 4833 2890 4894 doctrinas,
2917 4833 3184 4886 Christum
3216 4841 3366 4886 curat
3397 4831 3449 4885 in
3493 4833 3582 4888 eis
3629 4851 3642 4887 :
3676 4831 3785 4900 quis

2191 4908 2323 4957 sient
2357 4905 2407 4955 in
2438 4903 2655 4972 integris
2701 4903 2980 4956 animabus
3013 4903 3256 4956 Christus
3284 4904 3500 4971 integer
3550 4911 3672 4967 est,
3719 4904 3762 4949 si

2194 4977 2243 5027 in
2277 4969 2648 5042 languentibus
2673 4974 2907 5042 languet.
2937 4972 3044 5026 Sed
3074 4983 3127 5027 et
3151 4974 3240 5042 qui
3272 4969 3519 5027 venitad
3550 4987 3673 5036 eos,
3701 4969 3784 5040 qui

2191 5045 2292 5096 vivi
2330 5042 2799 5113 descenderuntin
2831 5043 3117 5106 infernum,
3159 5058 3320 5113 opera
3365 5042 3668 5096 infernaiia
3717 5045 3784 5113 ta-

2190 5115 2410 5177 cientes,
2447 5113 2496 5167 id
2524 5121 2624 5176 est,
2659 5112 2746 5181 qui
2775 5113 2975 5167 suntin
3005 5109 3239 5176 carcere,
3283 5123 3336 5166 et
3372 5123 3507 5166 sunt
3547 5113 3666 5183 jam
3697 5109 3779 5163 sul

2191 5185 2428 5238 custodia
2464 5183 2765 5237 dzemonum
2792 5224 2807 5248 ,
2855 5183 2993 5238 sicut
3031 5183 3161 5237 dicit
3200 5184 3477 5252 Scriptura
3515 5181 3782 5236 :‘Descens

2191 5257 2312 5306 dant
2344 5256 2394 5306 in
2425 5255 2679 5322 infernum
2708 5254 2916 5306 viventes
2941 5253 3112 5322 (Psal.
3146 5253 3233 5307 54.
3265 5253 3352 5322 16)
3384 5269 3397 5303 :
3432 5253 3670 5322 veniens
3695 5265 3787 5322 ait:

2193 5334 2296 5377 teni
2331 5340 2424 5393 per
2468 5320 2686 5378 verbum
2725 5324 2900 5378 educit
2933 5320 3026 5377 eos
3051 5323 3119 5378 de
3145 5324 3237 5377 illo
3263 5320 3482 5376 marcere
3515 5320 3786 5393 infernali,

2193 5403 2249 5448 ut
2275 5390 2459 5448 liberet
2512 5408 2606 5448 eos
2653 5394 2720 5448 de
2779 5394 3020 5448 custodia
3071 5393 3408 5457 decurionum,
3473 5402 3538 5446 ut
3574 5390 3789 5459 possint

2192 5467 2369 5519 dicere
2394 5465 2590 5534 gratias
2617 5473 2836 5534 agentes
2863 5481 2876 5518 :
2906 5463 3123 5518 Domine
3166 5460 3326 5534 Deus,
3367 5462 3611 5534 (laniari
3634 5461 3706 5534 ad
3733 5471 3793 5520 te,

2192 5545 2236 5588 et
2280 5533 2470 5588 sanasti
2511 5550 2626 5588 me:
2656 5533 2890 5597 Domine,
2935 5534 3174 5586 revocasti
3213 5533 3276 5586 ab
3310 5533 3503 5602 inferis
3556 5533 3794 5602 animum

2193 5621 2351 5658 meam
2370 5605 2540 5674 (Psal.
2557 5605 2646 5658 ἓξ).
2673 5606 2721 5656 5.
2739 5605 2795 5673 4)
2821 5621 2833 5658 :
2858 5603 2923 5657 ad
2939 5603 3208 5657 Christum
3233 5601 3377 5674 venit
3399 5603 3446 5654 iu
3470 5601 3792 5656 carcere.Si

2197 5677 2336 5733 enim
2367 5672 2478 5730 haec
2508 5677 2683 5732 omnia
2724 5672 3072 5745 corporaliter
3105 5672 3418 5744 corporibus
3473 5674 3791 5742 ministrare

3177 3365 3234 3381 _..-
