3674 6276
202 352 281 407 ’15
1477 349 1541 404 lN
1582 348 1684 405 lSA

1967 352 2025 407 P.
2070 354 2110 409 l.
3434 365 3495 419 li

204 466 319 522 dies
356 464 574 534 jejunus
625 463 840 531 mansit,
893 458 1198 533 nullamque
1240 478 1344 516 non
1384 461 1798 517 sollicitudinem

205 559 444 611 adhibuit
474 558 527 611 in
555 556 906 627 supplicando
929 556 1039 611 Deo
1061 596 1079 622 ,
1107 564 1164 610 ut
1191 555 1308 609 illos
1334 550 1402 609 ab
1424 569 1605 608 amara
1624 553 1798 609 servi-

203 661 311 705 tute
340 650 662 704 redimeret.
696 649 903 720 Singuli
935 664 1144 719 quoque
1172 648 1339 702 sancti
1372 647 1473 701 hoc
1501 646 1800 717 splendoris

199 757 391 809 genere
435 739 667 811 fulgent.
714 740 802 795 Sic
840 748 894 794 et
939 739 1100 792 David
1143 739 1433 793 immissum
1466 738 1516 791 in
1548 737 1797 807 populum

200 834 326 885 iram
361 832 453 885 Dei
482 848 742 897 cernens,
774 832 824 884 in
855 846 911 886 se
940 831 1227 884 vindictam
1256 830 1539 891 revocabat
1564 829 1750 885 dicens
1776 844 1791 881 :

201 925 305 993 Ego
331 936 513 992 pastor
541 925 764 994 peccavi,
797 933 843 979 et
863 940 955 995 ego
984 934 1153 993 pastor
1179 922 1370 975 malum
1397 922 1676 994 perpetravi
1707 937 1727 976 :
1749 930 1797 976 et

193 1018 294 1082 isti,
317 1017 407 1085 qui
426 1032 559 1087 grex
580 1025 721 1078 sunt,
746 1016 868 1085 quid
893 1019 1117 1085 fecerunt
1134 1014 1159 1066 ?
1188 1012 1309 1066 Fiat
1332 1029 1510 1067 manus
1536 1022 1621 1066 tua
1644 1028 1701 1067 su
1708 1028 1818 1081 per-

192 1124 300 1172 ine,
325 1117 374 1160 et
403 1108 620 1161 domum
658 1106 815 1176 patris
845 1106 944 1160 mei
974 1105 1062 1177 (‘2.
1095 1104 1225 1176 Reg.
1250 1105 1339 1160 21.
1368 1102 1497 1174 17).
1527 1103 1793 1159 Abraham

192 1214 317 1252 vero
362 1198 700 1268 patriarcha,
727 1214 849 1252 cum
890 1197 1075 1268 procul
1115 1205 1259 1252 esset
1294 1211 1324 1250 a
1364 1196 1538 1259 malis,
1568 1205 1625 1251 et
1661 1194 1794 1250 nihil

188 1303 480 1344 commune
523 1289 750 1345 haberet
781 1304 901 1344 cum
937 1288 1172 1359 pernicie
1202 1288 1286 1342 illa
1315 1287 1619 1343 Sodomitas
1644 1288 1794 1342 inva-

187 1398 331 1445 sura,
358 1382 523 1452 quasi
563 1384 679 1453 ipse
723 1384 774 1437 in
820 1381 1012 1437 mediis
1034 1380 1424 1437 calamitatibus
1449 1384 1790 1448 consisteret,

187 1473 256 1527 ita
286 1474 462 1528 Deum
493 1475 815 1544 precabatur
833 1481 889 1529 et
907 1473 1143 1545 rogabat,
1168 1488 1339 1542 neque
1369 1471 1527 1528 finem
1558 1472 1795 1528 facturus

185 1576 302 1617 erat
345 1566 696 1635 supplicandi
736 1575 791 1621 ut
824 1565 1005 1620 dirum
1038 1564 1341 1620 incendium
1370 1573 1656 1628 averteret,
1690 1562 1792 1618 nisi

185 1658 328 1713 Deus
355 1659 454 1713 illo
478 1660 707 1714 dimisso
736 1660 973 1714 abiisset.
1018 1658 1199 1715 Sancti
1243 1672 1402 1728 porro
1439 1656 1570 1711 Novi
1601 1656 1793 1711 Testa-

183 1753 355 1808 meuti
406 1752 675 1823 majorem
721 1754 1011 1809 exhibuere
1048 1753 1335 1819 virtutem,
1381 1758 1565 1821 utpote
1604 1748 1792 1820 majori

181 1847 353 1913 gratia
387 1845 603 1911 donati,
626 1855 681 1902 et
699 1847 764 1902 ad
784 1846 1111 1902 diuturniora
1133 1845 1422 1902 certamina
1441 1845 1633 1900 vocati.
1667 1844 1791 1899 ldeo

182 1939 383 1993 Petrus
410 1940 692 1995 Christum
722 1940 946 1996 audiens
969 1940 1254 2006 dicentem,
1273 1938 1522 1994 divitibus
1541 1936 1792 1993 difﬁcilli-

179 2047 328 2084 mum
355 2046 487 2087 esse
514 2031 767 2085 czelorum
794 2031 1110 2101 ingressum,
1130 2029 1423 2100 angebatur
1438 2037 1491 2085 et
1506 2027 1787 2095 tremebat,

177 2133 344 2191 atque
380 2124 455 2177 ita
486 2122 789 2177 sciscitatus
808 2130 922 2177 est:
947 2122 1071 2189 Quis
1094 2138 1212 2192 ergo
1240 2130 1399 2191 potest
1424 2120 1612 2174 salvari
1634 2118 1786 2191 (Luc.

180 2216 265 2270 18.
303 2215 448 2285 26)?
478 2217 692 2271 etiamsi
720 2216 857 2271 circa
892 2231 978 2271 res
1008 2231 1128 2271 suas
1154 2214 1464 2270 confideret.
1498 2213 1613 2268 Non
1643 2213 1785 2267 enim

176 2308 241 2361 de
264 2309 442 2361 rebus
470 2307 605 2371 suis,
635 2306 729 2361 sed
754 2307 818 2363 de
843 2307 972 2361 orbe
995 2306 1205 2361 solliciti
1231 2313 1405 2361 erant.
1431 2305 1625 2361 Paulus
1642 2312 1789 2359 certe

178 2414 271 2466 per
292 2413 502 2453 omnes
534 2398 798 2468 Epistolas
823 2414 947 2454 suas
987 2398 1111 2453 illud
1149 2398 1375 2453 indicat:
1406 2397 1494 2468 qui
1524 2398 1669 2467 prius
1696 2397 1788 2450 ha-

176 2491 343 2545 bebat
387 2490 672 2545 hominum
717 2491 964 2557 salutem,
996 2507 1152 2562 quam
1185 2491 1454 2546 Christum
1477 2491 1686 2556 videre,
1716 2490 1787 2544 ita

176 2582 371 2637 dicens
400 2602 415 2637 :
441 2582 671 2649 Resolvi,
695 2594 741 2638 et
764 2600 876 2639 cum
897 2582 1097 2638 Christo
1118 2600 1240 2645 esse,
1266 2583 1443 2637 metius
1464 2592 1555 2641 est.
1585 2597 1789 2635 orauere

176 2688 349 2729 autem
377 2677 434 2728 in
462 2692 623 2730 carne
644 2677 803 2748 magis
827 2677 1163 2731 necessarium
1184 2685 1390 2744 prapter
1410 2691 1495 2728 vos
1525 2672 1783 2745 (Philipp.

180 2768 231 2823 1.
258 2766 359 2824 25.
392 2767 515 2837 24).
547 2767 733 2823 Talem
762 2768 912 2823 nobis
942 2776 1115 2822 servat
1143 2767 1365 2821 formam
1389 2766 1473 2821 hic
1498 2766 1782 2837 prOpheta;

179 2860 274 2916 Dei
321 2877 566 2930 namque
604 2862 894 2916 sententias
929 2876 1052 2915 cum
1096 2876 1282 2931 magna
1328 2860 1517 2915 fiducia
1562 2860 1781 2930 profert,

178 2962 504 3021 peccatores
536 2953 801 3021 increpat,
834 2953 1113 3023 ipsumque
1142 2962 1325 3007 contra
1352 2953 1470 3007 illos
1500 2967 1787 3022 exaspera-

179 3055 287 3098 turn
313 3047 493 3115 longis
520 3045 830 3116 frequenter
849 3046 1183 3101 sermonibus
1204 3046 1404 3116 placat;
1432 3046 1573 3116 quod
1601 3048 1652 3100 in
1682 3046 1786 3101 line

180 3139 416 3191 maxime
448 3138 756 3207 prophetia:
776 3137 955 3192 videre
981 3145 1081 3192 est.
1112 3136 1348 3192 Tandem
1378 3137 1548 3210 ipsum
1577 3137 1783 3193 adeuno

176 3226 303 3281 dum
325 3236 416 3285 est
447 3229 752 3299 praphetiae
780 3228 1080 3284 exordium.

785 3342 1010 3400 CAPUT
1050 3344 1065 3398 ι
1107 3343 1205 3413 (a).

674 3457 807 3511 Visio
831 3475 980 3526 quam
1008 3459 1127 3512 vidit
1154 3457 1341 3512 Isaias.

250 3596 303 3646 1.
341 3590 625 3646 Visionem
663 3601 817 3647 vocat
867 3591 1197 3662 prophetiam
1222 3632 1237 3658 ,
1279 3592 1364 3647 vel
1411 3592 1489 3646 sic
1530 3592 1779 3663 loquitur,

180 3682 322 3751 quod
362 3684 538 3738 multa
570 3699 758 3738 eorum
800 3700 920 3753 quae
950 3695 1202 3739 eventura
1243 3692 1397 3739 erant
1439 3684 1537 3738 sub
1566 3692 1783 3751 aspectu

184 3772 437 3837 haberet;
468 3774 925 3843 quemadmodum
955 3774 1204 3830 Michatas
1229 3774 1358 3830 vidit
1386 3775 1638 3846 populum
1669 3774 1782 3829 dis-

186 3881 401 3933 persum
431 3865 527 3938 (3.
548 3865 681 3934 Reg.
706 3866 795 3920 22.
828 3867 917 3938 17)
940 3885 953 3930 ;
983 3877 1037 3923 et
1065 3868 1309 3923 Ezechiel
1337 3868 1695 3939 captivitatem
1720 3880 1784 3922 ac

185 3959 689 4026 irraararicationcm
711 3974 895 4014 eorum
920 3961 1007 4030 qui
1032 3961 1200 4015 solem
1230 3970 1285 4015 et
1308 3959 1635 4014 Thamuzem
1661 3957 1784 4014 ado-

189 4054 374 4104 rabant
414 4049 652 4122 (Ezech.
680 4050 733 4106 8.
768 4051 867 4119 H)
903 4068 916 4105 :
945 4052 1028 4106 vel
1056 4051 1179 4122 quia
1205 4052 1256 4105 id
1284 4051 1422 4121 quod
1450 4050 1723 4121 propheta:
1750 4067 1782 4107 a

188 4141 292 4197 Deo
315 4141 637 4207 audiebant,
661 4142 777 4211 ipso
802 4157 981 4198 rerum
1010 4153 1299 4213 conspectu
1325 4143 1457 4198 nihil
1489 4143 1664 4199 minus
1689 4144 1783 4197 ha-

188 4233 355 4298 beret,
378 4233 478 4288 sed
510 4233 732 4302 perinde
754 4234 910 4288 tidem
937 4233 1156 4301 faceret,
1179 4249 1332 4289 secus
1351 4250 1509 4305 quam
1541 4235 1592 4289 in
1622 4235 1783 4290 rebus

188 4325 341 4394 huius
381 4325 596 4378 mundi.
640 4324 789 4392 Quod
826 4325 969 4380 enim
997 4325 1101 4379 alio
1125 4326 1371 4382 audirent
1397 4327 1558 4381 modo
1579 4367 1593 4392 ,
1620 4342 1780 4399 quam

183 4416 371 4485 reliqui
405 4416 680 4480 homines,
707 4415 757 4469 id
788 4416 875 4470 ille
902 4417 1014 4472 ait:
1039 4417 1249 4471 Addidit
1264 4417 1390 4471 mihi
1408 4433 1581 4472 aurem
1599 4419 1668 4472 ad
1690 4435 1783 4472 au-

181 4508 426 4560 diendum
462 4505 619 4578 (isai.
653 4507 743 4562 50.
775 4507 852 4578 4).
886 4508 1197 4563 Sermonem
1231 4519 1407 4564 autem
1434 4509 1538 4565 fide
1562 4510 1778 4581 dignum

180 4598 499 4653 redditeum
520 4600 617 4663 ait,
653 4597 807 4661 Visio,
830 4599 1231 4670 auditoremque
1251 4600 1472 4667 excitat,
1497 4610 1551 4656 et
1571 4602 1636 4655 ad
1658 4617 1779 4657 eum

180 4693 269 4759 qui
294 4708 384 4746 res
413 4692 665 4747 exhibuit
686 4692 1016 4747 transmittit.
1049 4693 1164 4749 Mos
1191 4693 1331 4748 enim
1353 4702 1470 4749 erat
1493 4695 1777 4764 omnibus,

180 4785 266 4853 qui
311 4784 404 4837 Dei
442 4784 590 4837 dicta
629 4784 681 4837 in
722 4784 857 4839 alios
897 4786 1348 4852 transmittebant,
1375 4786 1500 4841 illud
1528 4798 1652 4842 ante
1677 4788 1779 4841 alia

179 4877 541 4939 constituere,
570 4889 632 4931 se
654 4875 785 4931 nihil
814 4892 843 4930 a
866 4876 1167 4947 semetipsis
1195 4878 1361 4949 loqui,
1391 4878 1483 4934 sed
1506 4878 1680 4934 divina
1712 4879 1780 4934 ab

177 4981 235 5019 se
264 4968 502 5035 proferri
529 4967 748 5021 oracula
772 4976 826 5023 et
852 4968 1048 5039 scripta
1071 4983 1137 5025 ex
1158 4970 1303 5025 caelis
1327 4968 1521 5026 delata.
1558 4969 1647 5025 Sic
1674 4970 1780 5025 Da-

178 5060 263 5114 vid
297 5060 485 5115 aiebat
510 5077 524 5113 :
548 5058 754 5131 Lingua
792 5076 904 5115 mea
936 5060 1163 5116 calamus
1192 5062 1369 5117 scribae
1394 5063 1625 5117 velociter
1657 5062 1782 5118 scri-

183 5152 339 5206 ιςεηιὶι
366 5152 544 5221 (Psal.
574 5152 665 5206 44.
687 5151 780 5223 2).
816 5152 891 5208 Ne
919 5161 1071 5224 putes
1096 5154 1255 5226 igitur
1278 5154 1461 5209 literas
1486 5170 1552 5211 ex
1575 5156 1781 5211 calamo

182 5245 417 5312 prodire,
445 5242 541 5297 sed
570 5260 636 5298 ex
664 5243 880 5300 dextera
915 5245 1145 5300 tenentis
1171 5260 1327 5309 eum;
1358 5244 1409 5300 id
1435 5254 1515 5301 est
1534 5287 1550 5313 ,
1581 5261 1685 5301 non
1714 5263 1783 5302 ex

187 5336 359 5405 lingua
392 5336 634 5398 Davidis,
664 5335 760 5391 sed
804 5351 869 5393 ex
912 5335 1077 5405 gratia
1123 5336 1293 5406 ipsam
1333 5345 1600 5391 movente.
1632 5337 1784 5393 Alius

188 5443 316 5481 vero
359 5427 624 5496 propheet
654 5427 881 5497 idipsum
907 5426 1186 5482 declarans
1219 5428 1431 5485 dicebat
1463 5445 1478 5483 :
1506 5428 1784 5499 Caprarius

188 5538 321 5573 eram
350 5536 649 5591 sycomoros
688 5520 905 5574 mllens
932 5518 1122 5590 (Amos
1150 5520 1204 5574 7.
1237 5518 1376 5590 16);
1411 5534 1477 5575 ne
1502 5521 1619 5590 quis
1643 5520 1783 5576 dicta

239 5674 312 5736 (θ)
342 5672 483 5724 Sulla
505 5674 721 5738 capitum
741 5673 991 5738 distinctio
1005 5673 1211 5723 habetur
1226 5674 1275 5723 in
1296 5675 1444 5737 Regio
1466 5673 1662 5738 Codice.
1682 5674 1786 5725 Imo

188 5737 233 5783 iu
253 5735 509 5787 vetaibus
526 5735 637 5786 lt'ss.
662 5735 813 5800 longe
834 5736 1063 5800 diversus
1086 5744 1187 5800 erat
1223 5735 1433 5800 capitum
1462 5737 1599 5798 ordo,
1630 5745 1691 5800 ut
1714 5740 1784 5790 vi-

191 5803 303 5851 des
325 5802 373 5851 in
393 5800 694 5852 Bibliotheca
719 5797 885 5853 nostra
908 5797 1212 5862 Oiisliuiaua,
1234 5797 1298 5848 de
1323 5798 1458 5850 libris
1479 5799 1684 5851 Biblicis.

1908 469 2156 528 humana:
2183 473 2456 543 sapientia:
2483 475 2809 531 adscriberet
2861 477 3041 548 Neque
3073 479 3174 535 hoc
3201 478 3342 533 dicto
3366 497 3494 536 con-

1907 571 2084 621 tentus
2112 565 2229 633 fuit,
2259 566 2351 622 sed
2383 567 2521 621 aliud
2544 567 2746 626 addidit
2774 569 2857 626 his
2883 571 3056 627 verbis
3084 589 3107 626 ι
3133 572 3242 627 Sed
3278 590 3370 645 ego
3408 591 3499 628 re.-

1907 656 2068 725 pletus
2092 673 2203 712 sum
2239 658 2535 728 fortitudine
2559 661 2611 715 in
2638 661 2836 730 Spiritu
2867 660 3094 726 Domini,
3131 675 3175 718 et
3195 665 3415 736 judicio,
3448 676 3508 719 ct

1905 750 2127 819 potentia
2166 749 2366 823 (Mida.
2395 751 2447 805 5.
2480 751 2572 823 8).
2620 753 2799 810 Gratia
2831 755 3023 826 quippe
3054 756 3172 812 illos
3198 773 3303 813 non
3333 758 3503 812 modo

1905 842 2195 912 sapientes,
2242 844 2336 899 sed
2378 844 2538 900 etiam
2585 847 2746 902 fortes
2782 847 3079 916 efficiebat,
3108 864 3214 904 non
3252 851 3493 920 corporis

1904 937 2303 1004 constitutione,
2334 937 2426 992 sed
2454 948 2653 995 mente.
2679 940 2812 1009 Quia
2839 942 2983 997 enim
3009 957 3130 997 eum
3160 943 3355 1013 populo
3376 958 3491 1003 rem

1906 1028 2171 1085 habebant
2192 1031 2394 1086 andace
2414 1040 2469 1087 ct
2495 1031 2821 1102 impudente,
2850 1049 2912 1090 ac
2933 1036 3175 1106 sanguini
3205 1036 3492 1107 propheta-

1904 1138 2020 1179 rum
2054 1122 2289 1180 initiante
2310 1166 2326 1189 ,
2350 1135 2762 1197 sanctorumque
2785 1127 2986 1185 etedem
3019 1130 3293 1198 moliente,
3312 1132 3491 1189 multa

1902 1223 2048 1268 certe
2088 1215 2162 1270 illi
2204 1216 2430 1287 egebant
2472 1217 2813 1285 fortitudine,
2845 1230 2995 1278 utne
3015 1238 3206 1278 eorum
3234 1223 3491 1293 impetum

1903 1304 2269 1363 formidarent.
2298 1307 2421 1365 ldeo
2448 1310 2692 1366 Jeremiae
2716 1311 2928 1379 dicitur,
2958 1312 3119 1370 Parui
3139 1325 3184 1369 te
3212 1326 3268 1369 ut
3289 1317 3489 1371 column

1901 1414 2018 1451 nam
2035 1401 2250 1470 ferream
2269 1410 2315 1454 et
2336 1410 2390 1455 ut
2410 1418 2609 1456 murum
2630 1420 2813 1458 (ereum
2837 1403 2967 1474 (Jer.
2994 1407 3045 1461 1.
3071 1405 3193 1477 18);
3224 1407 3486 1463 Ezechieli

1900 1499 2096 1554 autem,
2120 1489 2186 1545 In
2208 1492 2375 1547 medio
2393 1494 2706 1564 scorpiorum
2729 1504 2781 1548 tu
2802 1495 3016 1563 habitas,
3036 1513 3098 1552 ne
3112 1497 3286 1552 timeas
3307 1515 3338 1551 a
3358 1500 3489 1570 [acie

1899 1598 2092 1646 eorum,
2127 1600 2283 1655 neque
2310 1586 2550 1655 formidas
2584 1586 2804 1659 (Ezeclz.
2832 1587 2886 1642 2.
2920 1589 3008 1659 6).
3050 1590 3258 1663 Moyses
3277 1607 3488 1663 quoque

1899 1691 2020 1730 eum
2043 1676 2360 1744 mitteretur,
2387 1694 2490 1733 non
2514 1679 2845 1734 Pharaonem
2871 1691 3093 1745 tantum,
3116 1681 3210 1738 sed
3236 1693 3290 1739 et
3318 1699 3487 1755 popu-

1900 1767 2008 1822 lum
2037 1767 2313 1826 Judaicnm
2336 1779 2597 1835 metuens,
2617 1786 2891 1828 recusasse
2913 1772 3039 1828 mihi
3058 1773 3265 1830 videtur
3289 1774 3484 1849 (Exod.

1898 1859 1951 1912 4.
1982 1858 2093 1929 10).
2124 1859 2289 1915 Deum
2319 1860 2478 1929 igitur
2503 1862 2804 1932 alloquens,
2833 1862 3062 1921 barbaro
3090 1865 3331 1933 dimisso,
3364 1867 3483 1923 cdi-

1900 1964 2051 2005 scere
2075 1950 2274 2021 ingenti
2304 1950 2479 2005 studio
2509 1953 2823 2023 peroptabat
2844 1995 2858 2020 ,
2890 1955 3015 2026 quid
3045 1955 3327 2013 dicendum
3354 1957 3484 2027 ipsis

1896 2048 2040 2095 esset
2086 2054 2191 2096 non
2235 2040 2608 2107 credentibus,
2641 2059 2700 2099 se
2724 2059 2755 2098 a
2783 2044 2893 2101 Deo
2920 2047 3139 2103 missum
3182 2048 3479 2116 accedere;

1886 2132 2152 2203 'signaque
2181 2134 2383 2203 accepit
2412 2133 2477 2189 ad
2511 2134 2721 2190 illorum
2750 2144 2983 2191 mentem
3012 2137 3360 2209 subigendam
3388 2157 3482 2210 0p-

1896 2234 2119 2295 portuna
2146 2242 2157 2276 :
2183 2232 2237 2280 et
2255 2225 2444 2281 merito
2462 2225 2694 2297 quidem.
2718 2226 2849 2282 Nam
2868 2228 2912 2283 si
2925 2244 3060 2285 unus
3082 2229 3291 2287 illorum
3310 2233 3480 2302 ipsum

1895 2317 1963 2370 ita
1992 2318 2273 2383 exterruit,
2301 2328 2354 2372 et
2389 2318 2601 2389 quidem
2624 2320 2885 2377 beneficio
2908 2320 3129 2379 allectus
3148 2366 3163 2391 ,
3192 2324 3321 2395 quid
3359 2342 3483 2397 pas-

1892 2424 2012 2464 sum
2039 2425 2157 2466 esse
2183 2410 2471 2468 verisimile
2511 2421 2594 2468 est
2638 2412 2998 2469 turbulentum
3039 2415 3184 2471 illum
3228 2419 3479 2487 pupulum

1893 2511 2073 2559 mente
2118 2504 2522 2560 revolventem?
2559 2504 2683 2561 ldeo
2718 2522 2821 2562 non
2860 2508 3133 2577 sapientiae
3177 2510 3355 2577 modo,
3384 2512 3479 2567 sed

1892 2597 2053 2651 etiam
2097 2596 2422 2654 fortitudinis
2461 2598 2716 2669 Spiritum
2762 2600 2982 2671 accepit,
3015 2611 3070 2656 et
3108 2601 3228 2658 ideo
3269 2603 3482 2661 dicebat

1892 2689 1982 2744 ille
2011 2707 2023 2743 :
2056 2688 2296 2761 Reptetus
2338 2707 2451 2747 sum
2499 2692 2797 2762 fortitudine
2836 2694 2890 2747 in
2932 2694 3130 2764 Spiritu
3174 2695 3401 2765 Domini,
3432 2706 3480 2752 et

1882 2784 2101 2853 judicio,
2120 2795 2165 2839 et
2191 2785 2409 2855 potentia
2431 2784 2617 2857 (illic/2.
2642 2788 2694 2842 5.
2713 2786 2789 2854 8).
2819 2788 3072 2860 Aliusque
3094 2791 3288 2847 iterum
3312 2809 3325 2847 :
3356 2791 3482 2846 Ver-

1892 2878 2009 2932 bum
2041 2878 2136 2934 Dei
2162 2881 2351 2950 factum
2376 2891 2447 2935 est
2472 2882 2540 2937 ad
2574 2880 2847 2936 Jeremiam
2874 2884 3036 2952 [ilium
3065 2884 3281 2939 Cltelcia:
3323 2885 3477 2959 (let.

1894 2970 1944 3026 1.
1978 2972 2000 3026 1
2030 2970 2072 3043 ).
2104 2972 2171 3028 Ει
2196 2974 2333 3029 alius
2356 2989 2567 3029 rursum
2598 2993 2612 3031 :
2642 2976 2929 3047 Assumptio
2958 2975 3187 3034 Ninives.
3227 2977 3377 3047 Liber
3400 2980 3480 3035 vi-

1890 3066 2047 3121 sionis
2074 3065 2282 3122 Nahum
2304 3067 2518 3123 Elcestci
2546 3067 2801 3139 (Na/tum.
2826 3072 2876 3125 1.
2902 3072 2977 3142 1).
3008 3071 3103 3128 llic
3132 3071 3245 3144 ipse
3266 3088 3481 3145 quoque

1892 3158 2055 3215 Isaias
2079 3160 2252 3215 altero
2276 3161 2435 3217 verbo
2462 3160 2689 3232 idipsum
2716 3162 2855 3233 quod
2887 3165 3034 3233 prius
3055 3162 3293 3220 declarat
3312 3204 3330 3232 ,
3357 3165 3481 3234 Spi-

1891 3250 2023 3305 ritus
2045 3251 2500 3322 participationem
2524 3268 2721 3309 vocans
2744 3255 3184 3325 assumptionem.
3216 3256 3477 3324 Quoniam

1890 3340 2032 3396 enim
2054 3356 2081 3396 a
2107 3342 2305 3411 Spiritu
2328 3345 2587 3415 assumpti
2612 3346 2689 3401 sic
2712 3345 3086 3420 loquebantur,
3109 3347 3477 3419 operationem

1889 3435 2073 3503 gratia:
2099 3436 2171 3491 ita
2194 3438 2420 3493 vocavit.

1961 3551 2232 3619 Apostolus
2258 3548 2296 3606 ά
2318 3553 2423 3607 Deo
2452 3554 2654 3621 missus,
2686 3568 2737 3610 ut
2762 3572 2940 3610 nomen
2966 3558 3128 3627 ipsum
3157 3567 3320 3613 sonat.
3365 3557 3479 3619 Noe

1891 3643 2060 3698 bilitas
2113 3660 2215 3699 non
2266 3662 2329 3700 ea:
2372 3647 2793 3717 majoribus,sed
2821 3666 2883 3703 ea:
2929 3651 3106 3705 merito
3155 3653 3477 3723 proprio.—

1891 3737 2094 3794 ltlcirco
2123 3739 2318 3794 Paulus
2356 3740 2604 3796 omnibus
2634 3741 2884 3813 Epistolis
2922 3744 3251 3813 apostolatus
3281 3760 3476 3800 nomen

1889 3834 2164 3904 praemittit
2195 3850 2210 3881 ε
2238 3834 2380 3904 quod
2410 3836 2571 3891 etiam
2606 3836 2878 3908 prophetae
2918 3837 3216 3905 faciebant,
3244 3853 3365 3894 cum
3394 3839 3476 3893 di-

1887 3937 2106 3993 cerent,
2140 3927 2305 3995 visio,
2337 3937 2392 3984 et
2435 3930 2688 3992 verbum,
2720 3939 2774 3984 et
2815 3932 3108 4001 assumptio
3130 3973 3145 3997 ,
3172 3941 3227 3987 et
3258 3947 3470 3997 sermo;

1891 4018 2120 4090 idipsum
2164 4020 2255 4075 ille
2280 4035 2377 4090 per
2413 4021 2741 4091 apostolatus
2776 4026 2969 4077 numen
3014 4023 3297 4079 efficiebat.
3327 4024 3476 4080 Sicut

1888 4113 2030 4168 enim
2062 4112 2127 4177 is,
2146 4112 2235 4183 qui
2257 4111 2387 4167 dicit
2407 4113 2664 4167 visionem
2692 4121 2747 4167 et
2772 4128 3073 4169 sermonem
3098 4115 3210 4178 Dei,
3228 4131 3333 4170 non
3355 4131 3475 4186 pro-

1887 4208 1999 4275 pria
2018 4205 2171 4262 etl'ert
2189 4222 2202 4258 :
2223 4205 2300 4260 sic
2318 4214 2372 4260 et
2394 4204 2482 4275 qui
2496 4205 2728 4275 seipsum
2742 4206 3040 4276 apostolum
3063 4216 3234 4271 vocat,
3254 4223 3358 4263 non
3376 4224 3470 4263 sua

1887 4299 2082 4364 docet,
2120 4299 2213 4354 sed
2240 4314 2301 4354 ea
2327 4314 2447 4370 quas
2470 4298 2630 4369 jussit
2656 4299 2701 4353 is
2725 4300 2814 4370 qui
2843 4300 3004 4356 misit.
3050 4302 3290 4370 Apostoli
3318 4317 3469 4357 nam-

1887 4405 1991 4460 que
2019 4390 2249 4462 dignitas
2290 4399 2372 4447 est
2400 4405 2497 4462 per
2520 4405 2582 4446 se
2620 4391 2749 4445 nihil
2782 4390 2995 4447 offerre.
3025 4392 3226 4449 Idcirco
3258 4394 3474 4450 dicebat

1886 4481 2134 4537 Christus
2169 4498 2183 4534 :
2216 4481 2299 4537 Ne
2337 4483 2519 4537 vocetis
2566 4483 2863 4555 magistrum
2906 4501 3059 4554 super
3096 4495 3474 4543 terram:unus

1888 4576 2020 4629 enim
2048 4584 2119 4629 est
2139 4575 2379 4645 magister
2402 4584 2579 4642 vester,
2600 4577 2687 4647 qui
2710 4587 2783 4631 est
2807 4578 2859 4631 in
2875 4578 3012 4632 cretis
3027 4577 3333 4651 (Matthﬁ'd.
3359 4580 3476 4650 10);

1887 4669 2177 4725 ostendens
2214 4683 2374 4725 omne
2420 4667 2726 4739 dogmatum
2773 4679 3074 4725 nostrorum
3130 4672 3471 4742 principium,

1888 4763 2120 4818 radicem
2169 4762 2399 4832 desuper
2452 4777 2518 4817 ex
2566 4762 2817 4818 czelorum
2885 4762 3110 4817 Domino
3165 4766 3470 4834 accepisse,

1888 4856 2097 4913 etiamsi
2130 4855 2374 4911 homines
2395 4856 2502 4911 sint
2527 4857 2616 4927 qui
2644 4855 2709 4910 ad
2739 4855 2825 4910 illa
2854 4855 3175 4911 ministrant.
3204 4853 3370 4923 Quam
3393 4859 3471 4911 vi-

1888 4953 1960 5007 dit
1980 4950 2166 5006 Isaias.
2198 4949 2478 5019 Quomodo
2507 4948 2622 5004 hmc
2644 4988 2660 5016 ,
2690 4964 2808 5019 qua:
2848 4947 3028 5005 vident
3074 4948 3366 5021 prophetae,
3395 4949 3475 5003 vi-

1887 5045 2070 5111 deant,
2086 5043 2266 5100 dicere
2282 5058 2389 5097 non
2408 5048 2648 5096 nostrum
2672 5050 2781 5107 est;
2807 5041 3026 5096 visionis
3045 5041 3241 5111 quippe
3258 5040 3473 5095 modum

1893 5154 1999 5195 non
2031 5152 2316 5209 possumus
2338 5136 2711 5207 interpretari;
2740 5134 2834 5190 sed
2863 5134 2954 5191 ille
2995 5134 3168 5189 solum
3206 5134 3350 5191 clare
3377 5149 3474 5188 no-

1890 5233 1988 5295 vit,
2014 5231 2101 5302 qui
2124 5229 2451 5300 experientia
2493 5228 2697 5283 didicit.
2746 5227 2951 5284 Etenim
2991 5226 3035 5281 si
3066 5233 3269 5281 naturai
3306 5240 3470 5296 opera

1890 5332 1945 5378 et
1972 5321 2193 5378 affectus
2218 5335 2362 5391 saepe
2392 5333 2550 5375 nemo
2574 5318 2845 5388 explicare
2876 5326 3069 5388 potest,
3100 5316 3266 5371 multo
3296 5317 3473 5371 minus

1890 5414 2106 5469 modum
2134 5411 2457 5484 operationis
2484 5411 2732 5480 Spiritus.
2777 5409 2927 5477 Quod
2953 5407 2999 5464 si
3025 5408 3267 5464 obscuris
3289 5406 3473 5477 imagi-

1891 5506 2049 5563 nibus
2090 5503 2344 5560 audacter
2384 5502 2503 5573 quis
2530 5502 2582 5558 id
2610 5500 2822 5573 aggredi
2869 5501 3069 5571 possit,
3103 5516 3208 5555 non
3233 5508 3377 5555 certe
3405 5499 3474 5553 ita

1892 5597 2090 5669 poterit
2116 5605 2171 5651 ut
2200 5595 2402 5650 clarum
2430 5594 2481 5649 id
2511 5594 2732 5660 reddat,
2760 5592 2852 5648 sed
2881 5593 2943 5647 in
2960 5593 3246 5663 a‘nigmate
3272 5592 3323 5646 id
3349 5591 3476 5647 effe-

1893 5703 1993 5747 ret.
2020 5690 2144 5749 Mibi
2173 5690 2387 5763 quidem
2429 5688 2639 5746 videtur
2664 5687 2718 5743 id
2756 5687 2826 5742 ita
2858 5685 3055 5742 factum
3102 5701 3225 5743 esse
3266 5686 3319 5741 in
3347 5698 3474 5755 pro-

1894 5783 2101 5860 phetis,
2130 5792 2335 5841 uicum
2359 5795 2510 5855 aqua:
2553 5779 2786 5855 limpida:
2821 5790 3010 5836 natura
3058 5778 3238 5836 radios
3276 5777 3475 5835 salares
