3674 6276
214 303 280 359 15
955 302 1011 358 S.
1051 301 1329 359 JOANNIS
1364 295 1835 356 CllllYSOSTOMI
1874 295 2194 355 ARClllEP.
2220 298 2757 361 CONSTANTINOP.
3426 306 3493 371 18

212 421 440 490 execplt,
474 428 582 475 tota
631 418 955 485 illustratur,
988 420 1065 475 sic
1094 429 1147 477 ct
1180 420 1559 492 prophetarum
1590 419 1797 472 animas

212 511 421 581 propria
453 509 648 565 virtute
677 510 824 578 prius
853 520 1194 581 capurgatas,
1225 510 1422 564 donum
1451 509 1683 580 Spiritus
1704 521 1797 563 ac-

209 606 390 673 cipere
411 643 426 666 ,
458 611 513 657 et
538 601 605 656 ad
635 602 891 673 fulgorem
925 603 1069 657 illum
1116 603 1458 657 concinnatus
1484 603 1556 656 ita
1583 602 1801 655 futuro-

211 711 326 750 rum
374 694 616 748 notitiam
663 693 965 750 admittere.
1012 692 1179 748 Filius
1226 694 1400 748 Amos.
1438 692 1548 748 Cur
1594 701 1797 763 patrem

210 786 632 840 commemorat?
678 790 781 841 Ant
807 787 873 841 ad
903 786 1192 842 tollemlmn
1224 786 1557 857 :equivocum
1582 827 1596 848 ,
1623 794 1714 840 aut
1742 794 1802 840 ut

279 875 547 932 discamus
577 878 741 947 patris
770 880 1022 933 vilitatem
1053 879 1143 933 filii
1192 880 1439 932 virtutem
1468 893 1571 932 non
1596 877 1795 933 obscu-

210 984 331 1025 rare
362 986 376 1023 :
405 968 844 1040 nobilitatemque
873 984 993 1025 esse
1033 984 1140 1025 non
1185 986 1251 1024 ex
1283 969 1555 1038 pnnclaris
1584 967 1801 1039 majori-

212 1060 311 1115 lms
338 1061 503 1127 oriri,
533 1061 627 1116 sed
667 1078 730 1116 ex
772 1065 980 1134 propria
1021 1062 1401 1134 magnitudine.
1445 1062 1542 1117 llic
1567 1071 1711 1117 certe
1735 1077 1797 1117 ex

211 1150 425 1221 ignobili
455 1163 606 1224 patre
635 1164 792 1209 natus
816 1197 828 1220 ,
858 1154 1108 1209 Omnibus
1150 1155 1410 1209 illustrior
1437 1155 1639 1219 evasit,
1670 1169 1799 1224 pro-

214 1245 347 1315 pria:
394 1247 604 1301 virtutis
645 1248 955 1301 excellentia
986 1248 1211 1318 fulgens.
1262 1247 1429 1316 Quam
1476 1247 1596 1301 vidit
1626 1261 1802 1301 contra

212 1336 453 1393 Judazam
478 1350 524 1394 et
553 1351 728 1394 contra
765 1341 1068 1396 Jerusalem.

279 1429 334 1483 2.
366 1429 474 1485 Cur
518 1431 766 1487 distincte
818 1444 1100 1503 utrumque
1146 1433 1318 1488 locum
1373 1432 1800 1487 commemorat?

212 1521 347 1589 Quia
379 1538 549 1592 poenae
588 1522 798 1580 divisim
850 1523 1060 1580 inﬂicta:
1086 1533 1244 1592 sunt,
1292 1525 1623 1597 diversisque
1662 1532 1801 1579 tem-

217 1615 457 1685 poribus,
489 1616 597 1672 Deo
625 1617 675 1672 id
708 1619 977 1687 sapienter
1000 1618 1363 1687 dispensante,
1394 1635 1462 1673 ne
1488 1633 1675 1673 onmes
1696 1633 1800 1671 una

216 1705 471 1775 perirent,
494 1707 586 1761 sed
612 1708 807 1762 sensim
833 1718 883 1762 ct
908 1709 1158 1777 paulatim
1184 1750 1198 1771 ,
1220 1718 1277 1763 ut
1300 1709 1649 1764 abductormn
1678 1724 1803 1778 sup-

221 1800 383 1869 plieio
427 1800 609 1854 thlet'i
652 1800 1048 1869 resipiscerent.
1097 1800 1246 1868 Quod
1276 1801 1319 1856 si
1361 1800 1651 1871 pharmaco
1693 1815 1798 1855 non

213 1891 438 1956 fuerint,
469 1900 525 1945 ut
552 1908 649 1962 par
668 1900 799 1957 erat,
834 1894 947 1958 usi;
980 1908 1086 1946 non
1116 1892 1326 1955 medici,
1357 1892 1453 1946 sed
1478 1900 1798 1961 mgrotorum

213 1982 367 2053 culpa
394 1982 513 2037 erit.
549 1983 602 2037 ld
627 1993 802 2037 autem
832 1982 955 2038 facit
979 1998 1191 2052 semper
1218 1992 1272 2038 et
1300 1983 1352 2037 in
1383 1983 1605 2052 singulis
1634 1998 1799 2052 gene-

208 2076 522 2141 rationibus,
554 2093 657 2131 non
680 2092 869 2132 onmes
894 2076 1051 2130 simul
1079 2076 1130 2129 in
1162 2074 1348 2131 eadem
1378 2085 1592 2145 peccata
1623 2075 1800 2144 lapsos

216 2167 487 2237 plectens;
518 2183 639 2222 nam
684 2168 817 2223 alias
856 2176 1022 2222 totum
1050 2180 1221 2237 genus
1267 2176 1506 2220 nostrum
1532 2167 1642 2235 jam
1672 2166 1799 2221 olim

210 2260 475 2315 sublatum
502 2269 675 2325 esset;
709 2259 802 2316 sed
824 2260 890 2316 ab
910 2260 1029 2316 aliis
1054 2261 1140 2315 hic
1162 2274 1345 2329 poenas
1370 2260 1597 2330 repetit,
1630 2259 1798 2314 levio-

212 2368 324 2406 rem
358 2351 481 2405 hinc
508 2352 609 2406 illis
639 2366 832 2423 parans
883 2351 935 2406 in
976 2352 1079 2406 alia
1128 2352 1235 2406 vita
1276 2351 1609 2406 cruciatum:
1641 2359 1801 2421 atque

210 2442 503 2512 aequalibus
533 2443 771 2512 ipsorum
801 2441 1113 2498 mutationis
1139 2443 1191 2496 in
1218 2441 1412 2498 melius
1433 2456 1676 2512 magnam
1706 2456 1802 2496 oc-

211 2534 482 2588 casionem
513 2533 818 2605 suppeditat
851 2552 863 2589 :
895 2534 1015 2589 illos
1044 2542 1221 2589 autem
1251 2534 1339 2605 qui
1381 2548 1553 2603 neque
1576 2549 1641 2588 ex
1673 2547 1800 2603 pro-

210 2624 330 2692 prio
365 2634 509 2679 motu
536 2667 552 2691 ,
581 2640 755 2694 neque
783 2640 846 2679 ex
877 2624 972 2679 tali
998 2624 1397 2695 dispensatione
1422 2624 1693 2695 quidpiam
1718 2625 1801 2679 lu-

210 2714 349 2769 crari
376 2716 597 2780 volunt,
643 2706 709 2769 ad
755 2715 1114 2771 inevitabilem
1152 2726 1207 2771 et
1252 2715 1588 2771 tremendum
1611 2715 1800 2786 judicii

210 2801 351 2857 diem
381 2815 632 2860 reservat.
664 2803 732 2859 In
757 2820 915 2877 regno
944 2805 1085 2861 Ozite
1103 2814 1150 2860 et
1176 2804 1401 2860 Joathan
1421 2848 1437 2873 ,
1474 2816 1521 2860 et
1562 2806 1735 2859 Achaz
1754 2816 1800 2861 et

214 2895 479 2962 Ese‘chitc,
508 2899 595 2969 qui
614 2907 891 2969 regnarunt
929 2898 982 2951 in
1005 2899 1211 2953 ludam.
1239 2897 1548 2970 Opportune
1591 2906 1800 2969 tempus

211 2987 427 3057 adjicit,
462 2989 756 3045 studiosum
786 2989 1081 3046 auditorem
1109 2991 1386 3046 remittens
1424 2991 1491 3046 ad
1523 2990 1797 3046 historiam

210 3092 393 3136 rerum
421 3090 711 3151 gestarum.
744 3080 815 3136 lla
846 3083 989 3137 enim
1039 3084 1313 3153 prephctia
1346 3083 1551 3138 facilius
1595 3084 1796 3140 intelli-

208 3180 365 3241 gotur
389 3172 687 3244 clariorque
712 3173 836 3238 erit,
865 3174 909 3229 si
936 3173 1205 3229 discamus
1225 3217 1240 3242 ,
1269 3189 1371 3243 qua
1402 3189 1579 3229 rerum
1616 3174 1799 3229 condi-

209 3264 373 3328 tione,
405 3272 461 3319 et
488 3279 593 3335 quo
624 3264 676 3319 in
702 3273 843 3320 statu
867 3263 1205 3321 Judaicarum
1244 3265 1536 3336 plagarum,
1567 3262 1800 3335 prophe-

210 3366 284 3409 ta
313 3353 597 3426 pbarmaca
624 3357 1011 3413 concinnarint.
1034 3356 1091 3411 2.
1110 3356 1263 3423 Audi,
1300 3356 1498 3421 aetum,
1530 3365 1575 3410 et
1595 3354 1800 3409 auribus

214 3447 446 3517 percipe,
470 3458 604 3501 terra
628 3490 642 3513 ,
665 3448 785 3520 quia
809 3447 1058 3503 Dominus
1088 3448 1322 3519 loquutus
1361 3457 1453 3502 est.
1501 3446 1658 3502 Multa
1687 3446 1799 3515 ple-

217 3555 345 3594 num
377 3549 460 3595 est
489 3541 564 3595 ira
591 3539 695 3596 hoc
719 3540 1030 3597 exordium.
1055 3539 1166 3596 Nisi
1190 3542 1332 3596 enim
1363 3540 1550 3610 ingens
1578 3547 1722 3594 esset
1746 3548 1800 3593 et

211 3634 495 3691 ineffabilis
534 3634 845 3706 indignatio,
874 3649 1203 3707 nequaquam
1223 3676 1239 3701 ,
1266 3634 1443 3690 missis
1470 3633 1797 3702 hominibus,

213 3727 286 3782 ad
316 3727 584 3783 elementa
609 3743 914 3783 sermonem
940 3729 1211 3785 vertisset.
1234 3726 1367 3782 lllud
1390 3742 1518 3783 vero
1544 3726 1670 3783 facit
1692 3742 1796 3782 non

215 3819 379 3874 modo
402 3820 494 3873 ira:
520 3817 859 3875 declarandae
903 3834 1088 3887 causa,
1117 3818 1214 3875 sed
1244 3827 1302 3874 ut
1329 3833 1423 3875 eos
1445 3819 1537 3889 qui
1566 3817 1796 3873 audituri

207 3919 385 3978 erant,
415 3911 614 3981 ingenti
646 3910 849 3981 pudore
876 3910 1227 3976 sutl‘underet,
1255 3910 1546 3967 ostendens
1585 3926 1681 3967 eos
1707 3911 1799 3982 qui

208 4003 418 4060 ratione
442 4004 680 4060 decorati
706 4013 888 4061 essent
912 4045 928 4072 ,
956 4006 1109 4076 pejus
1145 4020 1207 4061 se
1236 4005 1435 4062 habere
1456 4045 1472 4071 ,
1500 4019 1659 4077 quam
1687 4004 1800 4063 ele-

206 4108 389 4154 menta
416 4112 577 4155 sensu
605 4099 863 4155 carentia.
892 4098 949 4154 ld
975 4098 1115 4168 quod
1140 4099 1299 4153 etiam
1326 4098 1537 4155 caeteris
1560 4097 1797 4170 prophe-

206 4189 275 4244 tis
298 4189 351 4243 in
376 4205 525 4245 more
551 4198 653 4246 est.
684 4189 887 4246 idcirco
916 4190 961 4245 is
986 4191 1075 4261 qui
1102 4191 1167 4245 ad
1192 4189 1571 4246 Jeroboamum
1598 4191 1797 4247 missus

206 4278 401 4345 fuerat,
433 4282 635 4337 omisso
665 4297 791 4352 rege
813 4282 880 4336 ad
909 4297 1068 4352 quem
1102 4283 1428 4351 mittebatur,
1462 4284 1633 4339 altare
1656 4283 1798 4338 allo-

205 4372 387 4442 quitur
412 4372 431 4441 (
456 4373 510 4427 5.
542 4372 672 4443 Iieg.
703 4373 791 4428 15.
821 4373 874 4428 1.
900 4370 996 4444 2).
1032 4374 1096 4427 Et
1116 4372 1379 4429 Jeremias
1408 4385 1605 4431 terram
1631 4388 1795 4430 voca-

206 4463 301 4525 bat
326 4463 513 4524 dicens
541 4484 553 4519 :
589 4464 748 4519 Terra
772 4506 787 4530 ,
819 4475 984 4530 terra,
1030 4476 1165 4520 terra
1187 4482 1206 4521 :
1226 4468 1386 4522 scribe
1427 4469 1563 4522 hunc
1589 4469 1753 4523 virum
1774 4509 1790 4537 ,

207 4558 370 4611 ritum
392 4560 726 4630 proscriptum
755 4558 887 4630 (.Ier.
912 4559 1002 4614 22.
1035 4559 1125 4614 29.
1157 4560 1270 4632 50).
1300 4561 1553 4631 Aliusque
1580 4578 1794 4618 rursum

207 4647 419 4702 diccbat
449 4666 461 4703 :
488 4648 695 4717 Audite,
717 4650 906 4717 valles,
935 4650 1267 4723 fundamenta
1312 4659 1478 4706 terrae.
1511 4650 1675 4708 Filios
1700 4669 1791 4724 ge-

208 4741 300 4793 nui
323 4739 513 4811 (Mieh.
544 4741 597 4797 6.
628 4741 723 4813 2).
752 4741 868 4797 Non
896 4758 1181 4799 commune
1206 4744 1457 4800 omnibus
1488 4744 1794 4800 hominibus

215 4832 302 4888 hic
329 4833 477 4903 ponit
503 4833 822 4891 beneficium
848 4876 863 4900 ,
892 4836 1034 4907 quod
1074 4851 1268 4908 nempe
1311 4836 1436 4893 facti
1457 4846 1639 4895 essent
1658 4878 1673 4906 ,
1696 4836 1793 4895 sed

207 4924 416 4996 insigne
456 4926 776 4997 quodpiam,
808 4927 948 4999 quod
986 4928 1079 4985 ﬁlii
1123 4927 1299 4985 effecti
1324 4937 1527 4986 essent.
1568 4928 1794 5000 Semper

205 5020 349 5076 enim
373 5020 628 5076 beneficia
647 5020 843 5078 inferre
865 5020 1050 5092 incipit
1067 5021 1228 5078 Deus.
1248 5022 1326 5078 Ac
1342 5021 1790 5093 quemadmodum

204 5127 328 5168 cum
357 5112 631 5169 hominem
678 5123 905 5178 crearet,
950 5113 1040 5184 qui
1082 5129 1188 5169 non
1217 5124 1341 5169 ante
1368 5114 1557 5179 fuerat,
1588 5130 1709 5170 eum
1737 5115 1788 5169 in

208 5206 472 5277 principio
517 5206 803 5263 honorarit
861 5206 1049 5263 dicens
1070 5249 1085 5273 ,
1121 5205 1396 5262 Faciamus
1433 5207 1686 5262 hominem
1722 5207 1791 5261 ad

202 5298 477 5369 imaginem
513 5309 564 5354 et
604 5298 986 5354 similitudinem
1026 5308 1252 5354 nostram
1286 5297 1451 5371 (Gen.
1488 5299 1540 5354 1.
1566 5296 1699 5371 26);
1733 5300 1786 5354 in

203 5404 342 5444 nova
377 5398 558 5445 autem
603 5390 719 5461 lege
748 5389 938 5460 majori
968 5404 1066 5445 nos
1109 5392 1320 5445 ornavit
1362 5389 1651 5456 beneficio;
1679 5404 1786 5445 non

204 5480 379 5535 solum
408 5479 552 5536 enim
584 5479 842 5536 nihildum
871 5490 1119 5552 operatos
1138 5519 1153 5546 ,
1178 5480 1273 5537 sed
1302 5481 1463 5536 etiam
1494 5480 1789 5535 innumeris

205 5574 361 5629 malis
384 5582 608 5630 onustos
633 5573 914 5629 honoravit
935 5589 1031 5645 per
1050 5574 1315 5629 lavacrum
1335 5574 1783 5646 regenerationis:

202 5666 274 5721 ita
303 5675 360 5723 ct
378 5666 465 5723 hic
490 5666 677 5723 videre
700 5676 811 5732 est;
841 5682 962 5722 nam
998 5682 1092 5723 eos
1121 5668 1211 5738 qui
1242 5682 1345 5722 non
1387 5666 1546 5722 modo
1572 5669 1622 5721 in
1652 5666 1785 5723 ado-

200 5759 385 5831 ptione
403 5759 533 5817 nihil
553 5760 679 5819 boni
700 5770 939 5833 egerant,
959 5760 1055 5839 sed
1080 5760 1239 5817 etiam
1276 5759 1407 5832 lapsi
1429 5759 1670 5827 fuerant,
1692 5760 1787 5817 ho.-

1910 418 2141 471 t.orarit.
2166 416 2275 472 Nec
2319 433 2444 473 vero
2483 418 2606 489 quia
2643 428 2768 474 ante
2804 417 3014 475 labores
3035 418 3299 477 honorare
3333 422 3491 489 solet,

1909 519 2029 580 post
2059 509 2272 565 labores
2313 511 2557 566 mercede
2582 512 2785 581 privat;
2816 513 2908 567 sed
2942 521 3071 569 tunc
3115 515 3317 584 majora
3361 533 3493 572 con-

1911 602 2009 655 fert
2030 602 2266 671 prmtnia.
2298 601 2359 656 Et
2384 603 2621 657 exaltavi.
2653 604 2782 670 Qua:
2809 604 2860 658 in
2887 602 3139 676 Egypto,
3164 622 3283 676 qua:
3312 608 3364 662 in
3395 610 3489 662 de-

1907 704 2074 761 serto,
2098 711 2215 765 qua:
2237 697 2285 749 in
2312 695 2590 750 Palaestina
2619 699 2805 767 gessit,
2834 714 2939 752 uno
2966 700 3129 753 verbo
3159 703 3383 771 carptim
3414 710 3489 758 te.

1912 790 2049 859 tigit.
2079 790 2190 844 Mos
2220 791 2362 845 enim
2413 790 2525 845 Dco
2552 800 2635 845 est
2662 790 2730 845 ob
2756 791 3141 847 beneﬁciorum
3184 796 3392 864 copiam
3443 796 3493 851 in

1911 880 2219 936 narratione
2263 889 2536 950 gestorum
2578 896 2685 936 non
2730 881 3030 937 minutatim
3078 884 3347 940 insistere.
3384 885 3495 954 Ipsi

1907 984 2073 1028 autent
2102 984 2394 1042 spreverunt
2425 990 2521 1028 me.
2552 973 2893 1045 Transgressi
2922 986 3065 1042 sunt,
3097 976 3286 1046 inquit,
3320 976 3493 1047 legent
3524 982 3525 985 “

1906 1082 2102 1133 meam,
2135 1066 2383 1123 mandata
2429 1066 2851 1136 dereliquerunt.
2896 1067 2949 1123 5.
2981 1065 3222 1139 Cognovit
3262 1069 3349 1124 bos
3378 1088 3497 1140 pos-

1906 1176 2146 1214 sessorem
2170 1176 2338 1226 suum,
2366 1169 2416 1214 et
2453 1160 2626 1215 asinus
2653 1176 2877 1231 pra’sepe
2910 1159 3104 1215 domini
3131 1162 3230 1215 sui.
3260 1161 3497 1233 Compa-

1907 1251 2146 1307 rationes
2197 1252 2522 1308 accusationi
2578 1252 2937 1308 accessionem
2987 1262 3212 1324 parant,
3259 1256 3499 1311 maxime

1907 1357 2035 1398 vero
2064 1357 2183 1397 cum
2213 1358 2277 1398 ex
2308 1343 2656 1414 inaequalibus
2680 1345 3070 1400 concinnantur
3105 1362 3118 1398 :
3148 1346 3491 1416 quemadmo-

1906 1436 2034 1493 dum
2060 1446 2113 1494 et
2133 1436 2378 1493 Christus
2406 1438 2478 1492 ait
2509 1455 2521 1492 :
2564 1435 2673 1491 Viri
2698 1436 2942 1492 Ninivin
2964 1448 3167 1509 surgent
3207 1440 3259 1493 in
3294 1440 3497 1510 judicio

1907 1546 2022 1584 cum
2046 1531 2364 1601 generatione
2390 1531 2507 1598 hac,
2537 1540 2583 1585 et
2605 1530 3010 1586 condenmabunt
3052 1548 3161 1586 eam
3193 1531 3354 1603 (Luc.
3400 1534 3490 1588 11.

1908 1622 2029 1692 32);
2062 1638 2125 1678 ac
2164 1637 2373 1679 rursum
2408 1640 2421 1676 :
2468 1622 2667 1693 Regina
2705 1624 2867 1678 austri
2897 1632 3066 1696 surget
3099 1626 3151 1678 in
3181 1626 3400 1697 judicio,
3444 1635 3498 1680 et

1906 1713 2256 1769 condemnabit
2290 1714 2661 1786 generationem
2688 1715 2838 1777 hanc,
2872 1716 2988 1785 quia
3029 1716 3162 1769 venit
3202 1733 3265 1770 ex
3306 1718 3495 1786 ﬁnibus

1906 1815 2053 1861 terra:
2077 1808 2253 1863 audire
2280 1808 2580 1879 sapientiam
2610 1808 2899 1862 Salomonis
2925 1807 3085 1880 (Ibid.
3118 1826 3163 1863 v.
3193 1809 3305 1881 3i).
3349 1809 3492 1864 Rur-

1905 1911 2102 1966 suSque
2129 1897 2389 1953 Jeremias
2418 1901 2493 1953 ait
2520 1914 2540 1953 :
2568 1898 2649 1953 Ite
2682 1900 2751 1953 ad
2793 1901 2988 1955 insulas
3017 1899 3230 1956 Chetiim
3257 1913 3304 1955 et
3332 1903 3496 1958 videte

1905 1994 1956 2043 in
1986 1989 2167 2045 Cedar.
2204 1990 2390 2047 Mittite
2419 2002 2466 2046 et
2487 1993 2789 2063 cognoscite,
2816 1995 2858 2046 si
2884 1993 3145 2047 mutabunt
3174 2004 3345 2064 gentes
3369 1998 3493 2050 deos

1906 2099 2026 2137 suos
2047 2100 2063 2138 :
2086 2084 2305 2155 papulas
2332 2100 2447 2139 vero
2472 2101 2612 2138 meus
2642 2085 2848 2138 mutavit
2874 2085 3088 2155 gloriam
3106 2101 3279 2149 suam,
3306 2101 3367 2139 ex
3390 2101 3491 2154 quo

1906 2177 2036 2232 nihil
2060 2176 2436 2248 proﬁciet(Jer.
2465 2175 2520 2231 2.
2542 2176 2627 2231 10.
2658 2177 2769 2248 11).
2792 2176 2959 2231 Docet
2990 2176 3159 2246 legem
3176 2191 3278 2230 non
3301 2177 3490 2231 duram

1907 2286 2049 2341 esse,
2064 2281 2118 2329 et
2133 2286 2272 2342 quan
2281 2279 2387 2325 tam
2402 2285 2702 2326 mensuram
2724 2269 2977 2340 exigatab
2991 2269 3312 2334 hominibus,
3329 2285 3491 2341 quam

1906 2368 2086 2431 bruta,
2118 2373 2173 2420 et
2215 2365 2371 2421 bruta
2408 2364 2647 2420 omnium
2689 2363 3053 2434 stupidissima
3092 2362 3311 2431 implere
3361 2378 3492 2432 pos-

1906 2460 2033 2515 sint.
2063 2457 2168 2514 Sed
2195 2456 2694 2527 dixeritquiSpiam,
2715 2455 2808 2509 llla
2836 2455 2887 2510 in
2915 2463 3100 2507 natura
3130 2450 3494 2522 habentquod

1908 2559 2253 2623 Cognoscant.
2284 2549 2391 2605 Sed
2436 2562 2717 2618 possumus
2759 2561 2822 2601 ea
2844 2561 2963 2616 qua:
2995 2544 3146 2599 bruta
3188 2559 3253 2599 ex
3302 2552 3493 2598 natura

1905 2660 1997 2701 sua
2026 2645 2222 2699 faciunt
2268 2659 2331 2699 ex
2384 2641 2654 2712 proposito
2685 2638 2969 2693 voluntatis
3008 2637 3251 2707 implere.
3293 2637 3497 2705 Cogno-

1905 2739 1972 2792 vit
2017 2740 2103 2793 bos
2154 2752 2510 2807 possessorem.
2548 2732 2665 2788 Non
2691 2748 2757 2787 ex
2787 2731 2911 2786 doni
2941 2729 3254 2784 excellentia
3287 2728 3342 2783 in
3371 2742 3494 2782 me-

1905 2833 2048 2887 diunt
2079 2830 2327 2897 adducit,
2356 2828 2452 2884 sed
2480 2843 2544 2884 ex
2570 2826 2818 2898 nequitia:
2849 2826 2865 2857 ³
2893 2823 3241 2879 redundantia
3276 2821 3492 2875 illorum

1904 2936 2064 2999 anget
2093 2925 2589 2997 reprehensionem.
2620 2919 3078 2990 Quemadmodum
3109 2918 3250 2972 enim
3281 2915 3345 2969 ad
3371 2914 3496 2969 illo-

1910 3040 2026 3077 rum
2059 3021 2314 3091 pudorem
2356 3018 2623 3072 elementa
2662 3021 2849 3069 evocat
2876 3028 2891 3062 :
2925 3009 2999 3065 ita
3022 3025 3132 3065 non
3156 3006 3491 3069 hominibus,

1905 3116 1997 3169 sed
2026 3114 2197 3169 brutis
2228 3113 2373 3183 ipsos
2419 3117 2715 3180 comparat,
2759 3120 2823 3161 ac
2866 3104 3140 3159 brutorum
3187 3098 3493 3170 stupidissi-

1905 3207 2028 3270 mis,
2061 3206 2268 3274 illisque
2299 3202 2508 3273 pejores
2539 3215 2661 3255 esse
2688 3197 2944 3253 ostendit.

1976 3301 2029 3355 5.
2072 3298 2215 3353 Idem
2241 3296 2365 3351 facit
2390 3304 2443 3350 et
2467 3294 2747 3359 Jeretnias,
2780 3300 3036 3346 turturem
3068 3296 3124 3344 et
3148 3285 3490 3342 hirundinem

1905 3394 1957 3450 in
1984 3392 2217 3449 medium
2243 3401 2473 3445 evocans
2503 3384 2637 3458 (Ier.
2670 3384 2724 3440 8.
2752 3383 2805 3453 7)
2829 3399 2844 3448 ;
2870 3392 2924 3438 et
2948 3381 3223 3445 Salomon,
3257 3393 3396 3433 nunc
3422 3376 3493 3432 ad

1905 3488 2202 3551 formicam,
2229 3499 2369 3539 nunc
2389 3482 2454 3537 ad
2484 3494 2638 3551 apem
2661 3478 2876 3532 mittens
2905 3490 3025 3531 eum
3052 3476 3141 3543 qui
3172 3472 3340 3527 otiose
3362 3470 3497 3524 vivit

1905 3580 2086 3652 (Prov.
2120 3579 2173 3633 6.
2202 3576 2277 3648 6).
2307 3573 2475 3629 Israel
2495 3582 2667 3627 autem
2694 3584 2774 3623 me
2802 3583 2902 3622 non
2922 3565 3151 3637 cognovit
3177 3561 3347 3633 (Eccli
3395 3561 3491 3615 11.

1904 3674 1981 3744 5).
2013 3670 2265 3726 Accessio
2295 3664 2511 3721 malitia:
2536 3671 2637 3731 est,
2665 3675 2786 3717 cum
2818 3659 2851 3714 ii
2882 3658 2971 3729 qui
3000 3655 3286 3712 familiares
3313 3662 3493 3710 erant.

1904 3774 2023 3838 post
2049 3773 2125 3819 tot
2150 3763 2403 3827 honores,
2425 3772 2615 3813 omnes
2642 3753 2920 3811 confertim
2938 3750 3005 3805 ad
3027 3748 3280 3804 malitiam
3300 3756 3498 3816 sponte

1904 3857 2231 3927 confugiunt.
2266 3853 2384 3909 Non
2422 3852 2583 3916 dixit,
2613 3846 2799 3913 Iacob,
2827 3843 2943 3911 sed,
2972 3841 3160 3908 Israel,
3190 3851 3244 3895 ut
3283 3856 3350 3894 ex
3377 3839 3496 3892 vir-

1904 3962 2017 4008 tute
2058 3947 2409 4021 progenitoris
2452 3945 2713 4015 ingratum
2760 3946 3009 4009 nepotum
3045 3935 3279 3990 animum
3320 3931 3499 4001 magis

1902 4041 2229 4099 ostenderet.
2254 4038 2349 4094 Ille
2383 4037 2525 4107 enim
2556 4034 2719 4089 animi
2762 4032 2955 4085 virtute
2982 4025 3406 4084 benedictionem
3437 4024 3495 4077 in

1904 4133 2122 4191 nomine
2146 4143 2456 4200 expressam
2480 4124 2774 4196 promeruit
2823 4139 2837 4176 :
2883 4119 2954 4174 illi
2984 4132 3112 4172 vero
3145 4117 3214 4169 ob
3245 4112 3497 4184 iniquita-

1903 4237 2011 4284 tem
2048 4226 2217 4296 ipsam
2247 4218 2613 4289 prodiderunt.
2652 4214 2716 4269 Et
2744 4210 2964 4283 populus
2999 4224 3137 4263 meus
3162 4223 3241 4261 me
3275 4222 3373 4259 non
3404 4204 3493 4258 in-

1902 4318 2092 4375 tellexit
2123 4333 2143 4372 :
2171 4313 2278 4381 Me,
2307 4311 2497 4381 inquit,
2528 4309 2643 4362 sole
2672 4304 2973 4359 clariorem.
2995 4301 3055 4355 4.
3093 4297 3181 4353 Va:
3208 4296 3343 4367 genti
3363 4311 3493 4364 pec-

1900 4411 2098 4467 catrici.
2131 4408 2246 4464 lloc
2279 4406 2439 4462 etiam
2468 4398 2742 4471 prepbetis
2785 4397 2838 4450 in
2864 4408 3013 4449 more
3040 4390 3156 4458 fuit,
3189 4398 3246 4443 ut
3282 4403 3374 4443 eos
3402 4386 3494 4440 lu-

1900 4513 2117 4580 gerent,
2148 4501 2239 4574 qui
2266 4496 2542 4556 incurabili
2569 4492 2756 4550 morbo
2783 4491 3106 4545 laborarent.
3138 4483 3305 4580 Sic-et
3332 4480 3492 4580 tere-

1902 4572 2038 4656 ntias
2068 4572 2251 4653 multis
2285 4593 2340 4649 in
2369 4589 2535 4655 locis;
2567 4587 2644 4643 sic
2683 4597 2737 4641 et
2769 4583 3013 4640 Christus
3041 4593 3162 4634 cum
3188 4575 3316 4631 dicit
3346 4592 3359 4627 :
3403 4572 3498 4629 Var

1901 4693 1988 4750 tibi
2027 4687 2273 4751 Chorazt',
2315 4700 2392 4740 vte
2424 4682 2513 4737 tibi
2541 4677 2813 4735 Bethsaida
2843 4671 3053 4746 (Matth.
3089 4671 3175 4725 11.
3212 4667 3326 4739 2i).
3353 4666 3493 4721 Nam

1902 4787 2005 4842 hoc
2049 4783 2208 4839 etiam
2248 4777 2506 4835 doctrina:
2546 4771 2754 4843 species
2778 4777 2881 4823 est.
2920 4765 3089 4832 Quem
3123 4761 3267 4818 enim
3307 4774 3497 4815 sermo

1901 4895 2006 4935 non
2062 4876 2234 4947 potuit
2278 4872 2602 4932 reformare,
2654 4865 2827 4920 luctus
2876 4872 3114 4931 persmpe
3158 4852 3490 4947 emendavit.

1900 4941 2106 5041 Populo
2130 4966 2278 5039 pleno
2296 4960 2531 5035 peccatis.
2555 4958 2670 5013 Alia
2691 4949 3046 5009 accusationis
3064 4945 3322 5041 accessio,
3342 4941 3495 5041 quod
3550 5006 3563 5039 ἑ

1898 5038 2105 5126 omnes,
2135 5058 2275 5132 quod
2301 5054 2586 5112 admodum
2616 5048 2953 5124 [peccatores
2978 5038 3140 5115 sint].
3170 5038 3364 5095 Semini
3394 5053 3494 5132 ne-
3550 5038 3563 5064 '-

1897 5173 2068 5229 quam.
2095 5154 2215 5209 Non
2253 5150 2510 5220 originem
2553 5159 2737 5201 eorum
2782 5141 3075 5209 vituperat,
3117 5131 3495 5229 scdostendit

1896 5225 1992 5307 eos
2019 5265 2049 5305 a
2077 5249 2244 5319 prima
2286 5252 2445 5300 (etate
2467 5238 2739 5311 improbos
2769 5236 2949 5289 fuisse.
2980 5231 3130 5287 Sicut
3158 5228 3299 5285 enim
3318 5225 3487 5319 .Ioan.

1897 5359 1995 5400 nes
2025 5318 2145 5397 cum
2170 5340 2317 5405 dicit,
2355 5336 2648 5405 Serpentes,
2678 5328 2932 5401 genimina
2960 5325 3245 5397 viperarum
3270 5318 3487 5389 (Matth.

1897 5438 1952 5492 5.
1987 5437 2073 5506 7),
2117 5448 2220 5487 non
2269 5438 2511 5485 naturam
2550 5424 2854 5493 vituperat:
2888 5434 2995 5474 non
3043 5415 3185 5471 enim
3236 5411 3489 5477 dixisset,

1960 5639 1977 5672 ι
2013 5644 2151 5688 νοτῑο
2174 5633 2367 5691 melius,
2391 5637 2552 5679 Grmca
2576 5626 2785 5691 lectione
2808 5622 3103 5691 aliquantum
3138 5619 3355 5691 mutati:
3387 5618 3491 5691 {an

1894 5680 2037 5754 modo
2047 5680 2118 5749 is?
2126 5680 2250 5763 ubi}:
2258 5680 2379 5757 ipsis
2401 5702 2609 5763 concess:
2624 5680 2927 5745 excellenti},
2939 5680 3025 5733 scd
3041 5693 3107 5733 et:
3385 5680 3489 5723 etc.

1896 5774 2005 5816 Haec
2031 5775 2093 5812 ex
2121 5760 2286 5809 Atleno
2309 5760 2592 5806 notavimus.
