3712 6274
149 369 190 421 t7
1417 349 1482 405 IN
1522 341 1772 410 lSAlA‘M,
1813 345 1960 402 CAP.
2006 344 2046 402 t.
3289 351 3349 409 is

146 482 270 535 ferite
303 476 440 543 igitur
460 476 655 542 [ructus
692 469 871 538 dignos
905 465 1207 537 panitentiaz
1227 461 1391 532 (Ibid.
1421 479 1466 517 v.
1497 460 1576 533 8),
1607 459 1654 514 si

143 590 185 626 cx
207 581 360 624 natura
397 576 450 619 et
487 565 555 616 ab
583 572 702 616 ortu
750 561 882 614 tales
927 558 1149 612 fuissent
1184 573 1196 609 :
1225 558 1302 611 sic
1329 565 1383 610 et
1412 555 1514 610 hoc
1539 556 1659 609 loco

141 678 226 715 cum
257 659 405 711 dicit:
438 654 636 710 Semini
675 667 910 720 nequam,
960 664 1065 703 non
1110 657 1288 703 ortum
1333 647 1530 719 probro
1569 647 1662 702 dat

142 754 232 805 illis.
272 747 402 802 Filii:
437 745 713 815 erlegibus.
757 742 874 796 Non
912 740 1080 807 dixit,
1127 738 1658 806 Prmvaricatoribus,

141 845 225 906 scd,
256 840 522 910 tis-legibus,
554 837 647 908 qui
682 851 788 892 non
813 833 1020 889 meliori
1047 841 1228 888 essent
1257 831 1467 894 allecto,
1499 846 1656 902 quam

141 937 169 989 si
193 935 329 1002 legem
371 943 655 998 numquam
691 925 1047 995 excepissent.
1075 921 1180 977 Sed
1226 921 1480 991 prOpositi
1511 920 1663 976 diﬁc-

142 1025 308 1077 rentiam
333 1019 585 1090 signiﬁcat
618 1019 657 1071 '.
684 1016 1036 1086 Dereliquistis
1060 1012 1358 1076 Dominum,
1383 1023 1429 1066 et
1459 1011 1526 1066 ad
1555 1014 1663 1066 ira—

139 1114 320 1169 cundiam
357 1109 676 1179 protOCastis.
707 1108 809 1165 Per
849 1104 1128 1176 emphasin
1169 1102 1271 1158 hoc
1312 1103 1463 1160 dixit.
1499 1102 1661 1158 Sufﬁ-

139 1208 266 1260 ciehat
288 1205 415 1260 enim
454 1217 650 1260 nomen
692 1200 781 1254 Dei
809 1198 874 1256 ad
901 1196 1296 1254 accusationem
1333 1213 1346 1251 :
1377 1211 1477 1266 qua
1507 1195 1574 1250 de
1605 1210 1662 1251 re

141 1298 338 1351 leremias
371 1293 670 1362 expostulat
713 1292 896 1346 dicens
925 1308 937 1344 :
973 1289 1107 1354 Quia
1141 1289 1204 1344 ab
1240 1287 1330 1343 illo
1351 1288 1659 1357 defecerunt,

138 1402 167 1441 et
190 1386 457 1445 dri-monibus
489 1384 833 1437 adltteserunt.
859 1380 1105 1435 Sanctum
1130 1377 1296 1433 Israel
1325 1378 1572 1448 (Baruclt.
1603 1379 1657 1434 6.

138 1480 173 1531 7.
197 1477 257 1548 8).
288 1475 400 1531 Bac
434 1488 646 1544 quoque
691 1471 1076 1527 criminationis
1123 1469 1362 1528 acceSsio
1405 1477 1506 1532 est,
1538 1469 1662 1539 quia

138 1585 223 1621 cum
247 1567 522 1621 communis
549 1565 789 1619 omnium
815 1563 1070 1616 Dominus
1095 1561 1190 1627 sit,
1224 1560 1350 1632 ipsis
1374 1570 1497 1614 tunc
1519 1559 1664 1632 (pro-

140 1661 236 1725 prie)
270 1666 409 1710 notus
436 1664 573 1710 erat.
607 1653 892 1708 Abalienati
930 1663 1043 1707 sunt
1085 1661 1380 1707 retrorsum.
1427 1651 1479 1705 5.
1526 1650 1662 1721 Quid

141 1752 237 1801 ultra
266 1746 593 1818 percutiemini
632 1745 874 1797 addentes
921 1741 1396 1812 prtevaricationes?
1438 1740 1660 1794 Maxima

139 1841 368 1901 damnatio,
386 1852 504 1893 cum
528 1851 597 1890 ne
623 1852 691 1892 ex
714 1834 982 1903 suppliciis
999 1833 1212 1904 quidem
1240 1834 1486 1887 meliores
1510 1832 1660 1889 ﬁunt.

140 1927 324 1998 llludque
347 1928 546 1996 species
573 1924 820 1979 beneﬁcii
851 1933 984 1989 erat,
1014 1923 1156 1992 quod
1194 1924 1524 1992 punirentur.
1557 1923 1662 1978 Ne-

140 2022 344 2089 queenim
370 2019 544 2074 dicere
584 2028 805 2088 possent
846 2018 1008 2072 Deum
1050 2017 1343 2070 honorasse
1386 2026 1585 2070 tantum
1611 2025 1664 2070 et

143 2113 355 2168 bttieliciis
381 2111 656 2174 affecisse,
691 2122 974 2178 peccantes
1019 2117 1197 2162 autem
1239 2108 1538 2173 dimisisse;
1569 2108 1662 2163 sed

146 2208 204 2259 ille
227 2204 488 2259 honoribus
520 2201 858 2266 attrahebat,
891 2209 946 2255 et
973 2199 1351 2270 suppliciorum
1383 2199 1571 2254 timore
1597 2198 1665 2253 ad

145 2297 358 2351 meliorem
392 2294 594 2364 frugem
623 2291 932 2357 revocabat,
960 2302 1013 2346 et
1051 2293 1191 2346 inter
1221 2301 1444 2361 utraque
1485 2289 1558 2344 illi
1587 2290 1666 2344 in-

142 2386 309 2443 curabili
335 2386 515 2440 morbo
544 2383 752 2439 detenti
782 2382 1085 2438 manebant.
1115 2382 1285 2438 Omne
1305 2398 1472 2453 genus
1494 2381 1665 2437 medi-

143 2477 240 2532 cina:
272 2475 522 2541 exhibuit,
557 2489 784 2537 secans,
819 2487 980 2530 urens
1022 2491 1035 2526 :
1079 2473 1296 2528 morbus
1339 2481 1515 2527 tamen
1561 2487 1665 2528 non

143 2569 287 2632 assit,
314 2570 442 2636 quod
484 2568 722 2624 maxime
747 2567 954 2636 signum
995 2575 1071 2621 est
1115 2565 1423 2622 incurabilis
1451 2565 1666 2636 mgritu-

142 2659 259 2721 diuis,
278 2674 384 2713 cum
412 2675 514 2712 non
540 2666 720 2728 potest
746 2657 864 2727 quis
889 2656 1182 2712 remedium
1209 2656 1474 2726 accipere.
1509 2655 1670 2712 Omne

144 2761 256 2817 rapat
279 2751 337 2802 ad
363 2752 603 2816 laborem,
636 2760 682 2802 et
702 2764 846 2802 omne
866 2765 953 2801 cor
978 2748 1047 2800 ad
1067 2747 1339 2802 tristitiam.
1370 2747 1422 2803 6.
1453 2748 1497 2803 A
1522 2749 1669 2818 pedi-

143 2845 206 2894 bus
225 2859 354 2910 usque
372 2845 435 2895 ad
472 2852 631 2912 caput
661 2858 761 2896 non
800 2851 872 2895 est
897 2841 949 2894 in
973 2856 1031 2894 eo
1056 2840 1341 2909 integritas,
1376 2856 1534 2909 neque
1558 2839 1669 2893 vul-

146 2954 234 2996 tius,
259 2953 396 3004 neque
419 2937 590 3000 vibez,
633 2951 790 3004 neque
817 2934 968 3005 plaga
1011 2943 1226 2989 tumens.
1261 2932 1462 2989 Deinde
1492 2943 1673 2989 narrat

147 3027 352 3080 cruciatus
387 3037 438 3082 et
479 3027 741 3097 supplicia
776 3044 788 3080 :
823 3041 994 3096 neque
1031 3027 1173 3080 enim
1212 3027 1389 3081 minor
1430 3025 1542 3082 haec
1589 3035 1674 3082 est

147 3119 304 3182 srecies
325 3119 558 3173 beneﬁcii
590 3129 649 3173 et
670 3119 886 3172 honoris
911 3118 1036 3187 ipsis
1066 3119 1261 3173 collati.
1284 3118 1482 3174 Omnes
1503 3120 1670 3185 enim,

149 3210 301 3279 inquit,
328 3213 478 3265 afﬂixi
500 3254 514 3272 .
547 3227 753 3281 eosque
784 3212 834 3266 iu
875 3211 1113 3266 dolorem
1153 3212 1378 3280 conjeci.
1415 3212 1471 3267 Si
1515 3227 1674 3269 omne

147 3305 264 3360 caput
297 3297 341 3348 iu
380 3297 615 3351 laborem
637 3337 653 3361 ,
699 3295 967 3366 quomodo
998 3311 1101 3349 non
1138 3305 1220 3350 est
1245 3297 1437 3351 vulnus
1457 3338 1472 3363 ,
1503 3313 1675 3366 neque

149 3386 295 3440 obex?
321 3387 531 3450 Vulnus,
575 3388 788 3460 reliquo
829 3403 1053 3457 corpore
1093 3403 1260 3455 sano,
1295 3398 1420 3444 tunc
1453 3399 1676 3460 apparet

152 3480 293 3534 minus
316 3497 328 3531 :
354 3480 487 3549 quod
517 3481 562 3534 si
593 3489 766 3538 totum
790 3481 1149 3535 exulceratum
1188 3481 1370 3547 fuerit,
1401 3497 1508 3540 non
1541 3483 1674 3538 ultra

153 3569 294 3624 vulnus
316 3573 602 3640 apparebit.
640 3572 752 3627 Hoc
779 3573 936 3643 igitur
961 3573 1240 3644 signiﬁcat,
1275 3581 1441 3628 totunt
1481 3590 1678 3646 corpus

151 3660 271 3715 fuisse
296 3663 548 3727 ulceribus
594 3665 811 3734 plenum
846 3683 859 3716 :
893 3679 1063 3734 neque
1101 3664 1242 3719 aliud
1288 3682 1499 3730 sanum,
1531 3666 1674 3720 aliud

152 3752 382 3807 ulceratttm
411 3754 609 3816 fuisse;
637 3755 728 3810 sed
759 3763 926 3811 totum
955 3755 1298 3820 intumuisse,
1332 3767 1497 3811 totum
1526 3759 1679 3814 ulcus

152 3857 273 3894 unum
298 3843 462 3900 fuisse.
497 3845 624 3906 Non
665 3855 736 3899 est
777 3848 1030 3915 malagma
1069 3863 1336 3916 apponere.
1370 3848 1478 3903 Hoc
1503 3850 1680 3917 priore

151 3934 316 3997 gravius
338 3945 428 3989 est.
453 3937 642 3990 Morbo
677 3936 819 3992 enim
865 3937 1107 3994 laborare
1137 3954 1240 3991 non
1273 3939 1343 3992 ita
1375 3955 1534 4009 grave
1573 3950 1675 4008 est,

153 4033 192 4073 ut
212 4039 376 4093 rgrum
400 4041 501 4080 non
526 4041 692 4097 posse
729 4027 904 4082 sanari
935 4043 948 4080 :
974 4028 1264 4094 prcesertim
1305 4044 1423 4083 cum
1467 4031 1584 4086 talis
1615 4033 1682 4088 sit

155 4115 359 4172 medicus.
389 4118 561 4192 Neque
602 4119 794 4184 oleum,
825 4135 983 4188 neque
1019 4120 1286 4190 ligamina.
1322 4121 1389 4177 Ut
1418 4137 1538 4178 cum
1571 4141 1682 4179 em—

156 4204 268 4271 phasi
293 4208 540 4278 loquatur,
582 4219 788 4279 perstat
814 4211 866 4264 in
900 4209 1083 4264 eadem
1116 4213 1424 4281 metaphora
1456 4234 1468 4268 :
1500 4215 1550 4270 in
1583 4216 1683 4272 hoc

153 4296 261 4348 enim
281 4297 365 4350 sita
403 4310 483 4354 est
519 4298 853 4368 metaphora:
896 4300 1216 4368 prteStantia.
1247 4302 1303 4357 7.
1333 4302 1488 4358 Terra
1523 4316 1683 4360 vestra

154 4388 323 4444 deserta.
360 4391 478 4448 [lare
497 4408 606 4446 non
632 4401 688 4446 ut
704 4391 813 4461 jam
835 4392 967 4447 facta
989 4393 1285 4461 annuntiat,
1307 4395 1400 4450 sed
1435 4406 1493 4450 ιιι
1513 4397 1682 4453 futura

155 4482 393 4543 pradicit'.
428 4483 537 4538 Hoc
561 4491 786 4538 utuntur
815 4498 964 4538 more
991 4485 1282 4554 prophettc,
1301 4487 1460 4542 simul
1478 4488 1684 4545 audito-

153 4585 237 4624 rem
265 4581 537 4642 terrentes,
564 4584 625 4630 et
665 4590 775 4630 suae
804 4577 1043 4631 veritatis
1082 4581 1185 4635 vim
1229 4579 1592 4637 ostendentes.
1617 4583 1688 4639 Ut

155 4663 264 4716 enim
289 4680 392 4734 quae
421 4667 826 4735 prteterierunt,
852 4683 954 4720 non
993 4679 1214 4738 possunt
1248 4685 1352 4724 non
1382 4670 1512 4726 facta
1544 4689 1682 4741 esse,

154 4753 212 4805 sic
243 4770 342 4824 qua:
379 4756 550 4812 futura
597 4773 629 4811 a
675 4758 946 4827 prophetis
986 4761 1336 4830 prmnuntiata
1379 4772 1522 4828 sunt,
1571 4765 1686 4820 ﬁeri

157 4847 300 4912 nequit
327 4859 377 4900 ttt
406 4865 506 4902 non
533 4850 865 4920 contingant,
900 4851 1000 4905 nisi
1029 4853 1394 4920 paenitentiam
1421 4865 1580 4926 agant
1607 4856 1684 4912 illi

156 4936 222 5000 qui
243 4939 474 5007 supplicio
494 4949 623 4996 sunt
655 4940 943 5010 plectendi.
976 4941 1211 4998 Civitates
1237 4956 1412 5000 vestra:
1434 4964 1690 5004 succensa:

159 5023 254 5091 igni.
275 5028 375 5081 Non
403 5032 541 5084 enim
567 5033 688 5087 illas
717 5033 936 5087 omnino
965 5032 1194 5102 delevit,
1229 5036 1326 5091 sed
1365 5040 1606 5106 permisit
1635 5049 1691 5095 ut

107 5115 113 5150 ε
161 5112 344 5171 incendii
387 5119 649 5177 barbarici
693 5123 938 5193 reliquiae
978 5134 1343 5195 superessent,
1383 5144 1500 5199 qure
1525 5132 1692 5201 magis

115 5237 120 5242 -
162 5206 207 5255 ad
233 5207 515 5266 intuentium
537 5221 813 5282 aspectum
831 5215 1132 5285 pertingere
1158 5227 1394 5286 possent.
1417 5220 1691 5291 Regionem

119 5309 121 5312 ·
165 5309 332 5352 miram
354 5319 515 5356 coram
537 5305 674 5359 vobis
699 5306 851 5360 alieni
872 5306 1135 5375 devorant,
1161 5318 1208 5363 et
1225 5309 1452 5366 desolata
1478 5323 1549 5367 est
1574 5315 1694 5369 sub-

169 5452 296 5533 ηιξ-ἕξ]
315 5463 481 5533 (Era-co,
506 5475 740 5525 κμῳισως
774 5477 840 5533 τὴν
877 5471 1048 5527 διαφοράν
1080 5472 1198 5533 δηλοῖ.
1235 5469 1512 5533 Legendum
1536 5472 1696 5533 suspi-

124 5523 129 5597 ί
558 5522 681 5597 tunc
706 5522 1033 5597 enim‘sau'sus
1052 5522 1236 5597 optime
1253 5522 1532 5592 qtiadraret,
1549 5522 1698 5596 siqui-

113 5572 129 5639 :i
170 5572 403 5649 d-ttttrsst-t',
426 5572 673 5649 signiﬁcat
690 5572 936 5649 ralunttitis
951 5572 1330 5649 Enni

215 5638 411 5714 ili-titulus
436 5638 486 5691 1ιῖ
505 5638 838 5714 tttitisﬁavilii.
870 5664 914 5708 ι».
943 5651 1050 5714 Ιόἶ,
1076 5638 1339 5712 legendum
1373 5662 1542 5714 putat:
1581 5665 1697 5707 Harc

177 5707 207 5775 ξιξ
222 5706 435 5775 trunfarta
458 5709 723 5767 armurttiat,
748 5706 910 5775 utnon
936 5718 983 5759 nt
1006 5706 1170 5771 futura
1191 5706 1432 5775 prtcdt'c't'l.
1459 5717 1551 5767 Sed
1589 5720 1698 5770 cxi-

174 5763 464 5829 stimuleum,
502 5779 554 5818 ut
588 5781 678 5831 est,
713 5763 906 5834 optimc
947 5763 1150 5823 habere.

1769 473 1909 512 versa
1936 478 1968 511 α
1993 461 2196 530 populis
2231 461 2428 516 alienis.
2456 463 2787 520 Calantitatis
2817 467 3055 522 accessio
3080 477 3190 532 est,
3229 485 3350 524 cum

1769 550 1997 617 propria:
2040 551 2270 606 miseria:
2312 563 2640 622 spectatores
2683 566 2827 622 sunt,
2875 573 2974 613 nec
3011 559 3128 613 solo
3170 561 3351 615 auditu

1766 640 1911 695 illam
1938 642 2170 697 discunt.
2209 645 2260 699 8.
2293 643 2677 715 Derelinquetur
2703 649 2811 716 ﬁlia
2838 647 2966 703 Sion
2983 689 2997 711 ,
3019 651 3164 714 quasi
3193 661 3352 706 tento—

1765 737 1898 790 rium
1919 737 1972 791 in
2000 739 2164 803 vinea,
2187 749 2234 791 et
2259 739 2387 793 sicut
2415 741 2670 810 tugurium
2696 741 2748 794 in
2769 743 3137 797 cucumerario.

1838 828 1890 881 Δ.
1931 827 2171 898 Magnum
2193 829 2462 898 quidpiam
2492 832 2544 884 in
2566 846 2623 886 se
2649 833 2923 887 continent
2945 833 3048 887 illm
3069 834 3349 905 imagines,

1767 921 2102 990 maximeque
2130 923 2181 975 iu
2213 922 2485 993 Scriptura
2506 965 2520 990 ,
2553 924 2620 980 ad
2647 925 3112 996 ampliﬁcationem
3145 941 3352 982 sermov

1768 1013 1868 1066 nis.
1897 1011 2191 1068 Jerusalem
2217 1024 2394 1070 autem
2415 1025 2570 1070 vocat
2591 1015 2749 1070 ﬁliam
2775 1017 2925 1083 Sion,
2948 1018 3088 1089 quod
3111 1018 3160 1074 ei
3186 1019 3353 1076 monti

1767 1104 2004 1174 subjecta
2034 1104 2123 1159 sit.
2155 1107 2302 1160 Sicut
2325 1109 2590 1162 tentorium
2614 1110 2667 1162 in
2692 1110 2853 1175 vinea,
2879 1121 2923 1164 et
2943 1112 3070 1165 sicut
3097 1113 3354 1183 tugurium

1765 1193 1819 1248 in
1844 1197 2204 1250 cucumerario.
2239 1197 2460 1254 Sublato
2489 1214 2713 1269 namque
2741 1200 2934 1267 fructu,
2964 1203 3354 1271 summotisque

1766 1287 2006 1353 colonis,
2053 1290 2320 1358 superﬂua
2370 1289 2621 1362 deinceps
2670 1291 2828 1347 fuerit
2871 1302 3136 1347 structura
3185 1293 3350 1352 urbis.

1768 1378 1915 1433 Sicut
1953 1380 2070 1434 urbs
2106 1397 2220 1448 quin
2258 1382 2529 1436 obsidetur.
2575 1383 2684 1437 Hoc
2710 1383 3042 1453 aanigmatice
3072 1384 3262 1440 dicitur
3286 1384 3352 1441 ad

1768 1470 2130 1526 inﬁrmitatem
2153 1481 2206 1526 et
2230 1471 2634 1529 derelictionem
2659 1473 2774 1543 ejus
2799 1473 3192 1530 declarandam.
3219 1475 3351 1536 Cum

1768 1561 1908 1616 enim
1939 1562 2113 1620 nullus
2142 1573 2223 1617 est
2253 1563 2341 1634 qui
2368 1563 2676 1632 auxilietur,
2707 1575 2832 1620 tunc
2863 1580 3082 1621 necesse
3106 1576 3186 1621 cst
3211 1566 3356 1638 οῦείτ

1768 1653 1878 1709 deri
1909 1669 2022 1721 eos,
2051 1655 2241 1726 quibus
2276 1673 2378 1712 una
2407 1667 2650 1726 superest
2677 1675 2947 1716 murorum
2989 1660 3172 1717 tutela.
3203 1663 3258 1714 9.
3289 1659 3354 1714 Et

1768 1748 1863 1800 nisi
1897 1746 2140 1801 Dominus
2169 1747 2424 1802 Sabbaotlt
2450 1749 2789 1820 dereliquisset
2813 1752 2953 1806 nobis
2981 1768 3146 1809 semen
3167 1792 3182 1811 ,
3207 1753 3353 1812 quasi

1770 1837 1996 1891 Sodoma
2023 1840 2310 1907 fuissemus,
2343 1850 2386 1893 et
2417 1841 2559 1910 quasi
2589 1831 2872 1896 Gomorrha
2898 1842 3086 1898 similes
3115 1859 3349 1896 essemus.

1769 1928 1879 1981 Mos
1907 1939 1988 1985 est
2031 1943 2244 1998 semper
2284 1930 2554 2000 prophetis
2595 1947 2697 1985 non
2740 1925 2823 1984 illa
2865 1933 3034 1986 solum
3067 1933 3352 2000 praedicere

1770 2019 1927 2082 mala,
1959 2035 2077 2088 quae
2107 2021 2314 2090 passuri
2340 2031 2457 2074 sunt
2493 2024 2945 2090 prtevarieatores,
2978 2025 3070 2077 sed
3103 2025 3260 2078 etiam
3285 2041 3350 2079 ea

1769 2123 1887 2178 qua:
1921 2109 2064 2179 digni
2099 2121 2224 2163 sunt
2265 2118 2500 2180 perpeti,
2535 2119 2590 2166 ut
2621 2113 2669 2166 in
2703 2113 2818 2180 ipso
2843 2115 3082 2183 supplicii
3115 2125 3352 2184 tempore

1772 2203 1964 2257 multas
2006 2202 2235 2257 habeant
2283 2203 2390 2258 Deo
2432 2205 2667 2273 gratias,
2709 2205 2850 2274 quod
2889 2222 2992 2259 non
3037 2221 3132 2274 pro
3163 2209 3353 2261 merito

1771 2293 2053 2362 scelerum,
2081 2293 2172 2348 sed
2199 2295 2364 2348 multo
2392 2296 2616 2350 leviores
2645 2297 2791 2348 luant
2819 2310 3020 2365 ptenas.
3055 2295 3164 2351 Hoc
3189 2299 3352 2353 etiam

1771 2385 1900 2440 dicit
1939 2384 2040 2440 hoc
2077 2387 2195 2440 loco
2218 2427 2232 2449 ,
2266 2394 2479 2454 peccata
2511 2401 2700 2456 nempe
2735 2402 2918 2441 eorum
2951 2403 3054 2443 non
3087 2403 3148 2442 ea
3178 2388 3352 2447 solum

1771 2495 1890 2550 qua:
1917 2478 2056 2534 dicta
2087 2487 2208 2532 sunt
2228 2520 2244 2544 ,
2273 2479 2365 2534 sed
2392 2480 2551 2534 etiam
2582 2479 2997 2535 internecionem
3028 2481 3313 2548 expctiisse
3336 2520 3352 2545 ,

1775 2572 2139 2640 universeque
2164 2571 2336 2640 gentis
2363 2571 2578 2625 exitium
2610 2589 2622 2624 :
2648 2587 2764 2639 quae
2793 2571 2950 2648 etiam
2981 2573 3030 2624 itt
3062 2570 3354 2625 Sodomitis

1773 2662 2125 2730 contigerunt.
2161 2661 2252 2715 Dei
2278 2673 2454 2715 autem
2484 2661 2776 2730 benignitas
2799 2661 2912 2716 hinc
2940 2661 3052 2716 ﬁeri
3081 2678 3185 2716 non
3207 2661 3351 2728 sivit,

1775 2752 1867 2807 sed
1894 2767 2101 2821 poenam
2134 2760 2354 2822 peccato
2384 2751 2537 2822 longe
2569 2752 2821 2806 leviorem
2850 2753 3059 2807 inﬁixit.
3102 2752 3234 2820 Quia
3264 2768 3357 2808 ve-

1776 2859 1836 2898 ro
1858 2843 2017 2898 multa
2040 2852 2122 2898 est
2142 2843 2370 2899 afﬁnitas
2393 2844 2554 2899 Vetus
2576 2845 2713 2900 inter
2737 2855 2790 2902 et
2817 2845 3018 2900 Novum
3043 2846 3356 2901 Testamen-

1778 2942 1908 2998 ttttn,
1934 2935 2056 3003 jure
2080 2934 2170 2988 illo
2195 2934 2391 2990 Paulus
2411 2946 2492 2991 est
2513 2952 2639 2993 usus
2666 2954 2679 2990 :
2701 2944 2756 2991 et
2773 2936 3175 2992 convenientius
3195 2954 3354 3008 quam

1776 3025 2031 3094 pr0pheta
2074 3024 2224 3080 dixit.
2271 3025 2726 3093 Quemadmodum
2766 3028 2907 3083 enim
2945 3028 3035 3083 illo
3077 3039 3315 3100 tempore
3339 3073 3356 3098 ,

1779 3116 1878 3171 nisi
1919 3131 2106 3186 magna
2147 3116 2332 3171 fuisset
2367 3117 2458 3172 Dei
2499 3119 2858 3176 misericordia
2885 3161 2900 3186 ,
2941 3135 3130 3176 omnes
3155 3121 3358 3193 abrepti

1779 3208 2001 3263 fuissent
2029 3208 2202 3278 (Rom.
2235 3209 2286 3264 9.
2315 3209 2406 3280 29)
2438 3229 2450 3263 :
2480 3210 2556 3264 sic
2581 3212 2631 3264 in
2667 3220 2905 3280 tempore
2930 3211 3126 3268 Christi
3157 3214 3357 3269 adven-

1781 3310 1887 3368 tus,
1920 3303 2016 3355 nisi
2049 3303 2211 3372 gratia
2240 3303 2589 3371 apparuisset,
2620 3303 2858 3372 graviora
2889 3303 2976 3360 his
3005 3320 3192 3361 omnes
3219 3307 3360 3376 passi

1781 3402 1980 3448 essent.
2030 3394 2313 3463 Dereliquit
2349 3404 2524 3447 autem
2573 3394 2724 3448 nobis
2754 3409 2935 3450 semen
2969 3413 2984 3454 :
3024 3395 3090 3450 dc
3120 3397 3183 3450 iis
3212 3398 3300 3467 qui
3331 3413 3362 3451 a

1781 3487 2084 3555 captivitate
2129 3486 2323 3540 servati
2361 3496 2486 3539 sunt
2523 3486 2771 3556 loquitur.
2819 3486 2905 3542 10.
2947 3488 3130 3543 Audite
3162 3490 3362 3543 verbum

1782 3576 2007 3640 Domini,
2038 3577 2287 3647 principes
2317 3577 2674 3644 Sodomorum,
2703 3579 2940 3634 attendite
2962 3581 3120 3653 legem
3149 3579 3244 3635 Dei
3274 3599 3366 3636 no-

1782 3669 1894 3732 stri,
1921 3668 2136 3737 populus
2161 3667 2472 3722 Gomorrltte.
2502 3666 2726 3736 Quando
2745 3668 2877 3724 dixit
2900 3671 3018 3726 illos
3039 3687 3158 3727 esse
3179 3672 3368 3742 dignos

1783 3758 1872 3828 qui
1904 3757 2088 3813 eadem
2131 3767 2470 3828 paterentur,
2503 3775 2620 3829 qua:
2651 3759 2940 3815 Sodomita:
2964 3803 2978 3825 ,
3011 3762 3245 3816 ostendit
3272 3777 3366 3817 eos

1785 3849 1970 3903 eadem
2010 3863 2170 3904 ausos
2199 3863 2316 3903 esse
2341 3867 2460 3920 qua:
2487 3851 2807 3908 Sodomitas.
2860 3851 2981 3906 Ideo
3009 3854 3127 3908 illos
3156 3869 3185 3907 a
3213 3868 3363 3908 cont-

1787 3940 1932 3993 muni
1964 3941 2317 4010 appellatione
2345 3943 2600 3996 nominat.
2634 3941 2742 3998 Nisi
2766 3944 2904 3997 enitn
2938 3943 3039 3998 hoc
3064 3954 3224 4010 esset,
3257 3961 3362 4003 non

1787 4039 2081 4100 opportuna
2115 4031 2303 4086 fuisset
2329 4031 2597 4102 loquutus.
2641 4033 2791 4099 Quod
2827 4033 2966 4088 enim
2992 4050 3131 4090 nunc
3173 4050 3278 4089 non
3311 4037 3364 4091 itt

1787 4120 2087 4176 Sodomitas
2104 4120 2405 4186 invehatur,
2425 4120 2516 4175 sed
2539 4122 2589 4175 in
2610 4121 2842 4187 Judreos,
2866 4123 2983 4177 illos
2999 4125 3073 4178 sic
3089 4123 3365 4194 appellans

1788 4211 1858 4265 ob
1889 4210 2116 4265 nominis
2145 4210 2568 4266 convenientiam
2593 4253 2608 4279 ,
2639 4227 2755 4282 quae
2785 4221 3075 4283 sequuntur
3109 4213 3365 4272 iudicant.

1789 4303 1919 4358 Nam
1947 4302 2205 4358 sacriﬁcia
2232 4312 2643 4371 commemorat,
2673 4303 2966 4360 oblationes
2993 4305 3262 4377 aliumque
3287 4307 3368 4362 lc-

1789 4396 1959 4467 galetn
1989 4395 2187 4450 cultum
2213 4436 2227 4459 ,
2260 4394 2410 4464 cujus
2440 4411 2506 4450 ne
2537 4396 2816 4466 vestigium
2845 4396 3059 4467 quidem
3090 4407 3203 4451 erat
3230 4399 3367 4468 apud

1789 4486 2111 4543 Sodomitas.
2144 4484 2327 4557 Legem
2358 4485 2454 4541 Dei
2487 4488 2642 4544 nostri
2669 4487 2720 4543 in
2748 4501 3116 4556 argumentum
3145 4489 3366 4560 profert.

1864 4578 2132 4648 Sacriﬁcia
2148 4580 2322 4634 veteris
2343 4579 2640 4636 Testamenti
2658 4581 2765 4636 Deo
2781 4599 2870 4653 per
2889 4599 2942 4637 se
2961 4601 3058 4637 non
3077 4585 3371 4655 placebant:

1793 4689 1882 4728 cur
1909 4673 2051 4743 fuere
2068 4674 2311 4727 instituta.
2341 4672 2629 4744 Repudium
2658 4676 2708 4729 in
2737 4676 2890 4730 veteri
2913 4677 3020 4748 lege
3044 4694 3134 4730 cur
3161 4680 3373 4746 pennis-

1791 4780 1924 4819 sum.
1965 4795 2034 4804 —
2063 4765 2147 4818 Η.
2181 4764 2317 4831 Quid
2345 4766 2468 4818 nti/ti
2497 4765 2764 4821 multitudo
2793 4768 3154 4836 sacriﬁciorum
3189 4779 3373 4822 vestro-

1795 4856 1945 4909 rum?
1973 4855 2092 4909 dicit
2112 4855 2376 4910 Dominus.
2401 4855 2591 4910 Plenus
2610 4874 2720 4910 sum
2739 4858 3042 4912 holocaustis
3066 4859 3300 4922 arietum,
3326 4871 3373 4914 et

1797 4947 1996 5016 adipem
2034 4963 2308 5018 agnorum,
2336 4949 2724 5018 sanguinemque
2757 4959 3016 5004 taurorum
3044 4960 3089 5005 et
3119 4951 3373 5007 hircorum

1798 5041 1934 5095 nolo.
1985 5039 2226 5095 Psalmus
2254 5039 2689 5112 quadragesimus
2718 5057 2891 5098 nonus
2922 5053 3064 5100 totus
3101 5039 3227 5100 huic
3262 5046 3378 5100 loco

1799 5132 1988 5188 similis
2011 5143 2113 5198 est,
2137 5133 2254 5190 aliis
2277 5133 2489 5207 quidem
2516 5135 2713 5202 verbis,
2743 5136 2928 5193 eadem
2952 5153 3079 5194 vero
3101 5148 3381 5197 contextus

1799 5223 2081 5279 sententia.
2133 5224 2241 5279 Illis
2285 5225 2427 5281 enim
2453 5266 2468 5290 ,
2507 5225 2779 5281 Advocabit
2819 5229 2996 5282 ccelum
3028 5228 3292 5284 desursum
3337 5241 3384 5284 et

1801 5325 1983 5368 terram
2009 5315 2287 5371 discernere
2313 5317 2558 5384 populum
2583 5335 2731 5371 suum
2759 5316 2779 5390 (
2803 5318 2947 5373 Psal.
2976 5319 3064 5375 49.
3087 5320 3122 5374 4
3144 5319 3184 5389 ),
3211 5321 3384 5376 simile

1802 5416 1884 5460 est
1905 5405 2006 5460 hoc
2027 5406 2224 5460 dictum
2249 5425 2260 5461 :
2282 5407 2437 5474 Audi,
2461 5409 2658 5474 ctelum,
2685 5419 2735 5462 et
2757 5411 2962 5465 auribus
2987 5411 3204 5483 percipe,
3230 5422 3383 5480 terra,

1802 5499 1921 5568 quia
1949 5496 2195 5554 Dominus
2220 5499 2453 5566 loquutus
2477 5511 2586 5566 est;
2614 5509 2667 5557 et
2692 5511 2881 5558 czetera
2909 5517 3029 5558 cum
3055 5503 3137 5559 his
3161 5520 3390 5562 consen-

1807 5590 1962 5645 tiunt.
1996 5590 2454 5657 Quemadmodum
2486 5593 2629 5647 enim
2661 5593 2822 5648 David
2852 5592 2980 5650 dicit
3008 5612 3024 5649 :
3053 5594 3173 5650 Non
3211 5598 3262 5648 in
3303 5616 3387 5650 sa—

1805 5682 2008 5750 crificiis
2040 5683 2136 5736 tuis
2164 5700 2373 5752 arguam
2403 5695 2466 5748 te,
2500 5684 2788 5739 holocausta
2810 5695 2974 5740 autem
2998 5697 3082 5741 tua
3106 5688 3158 5741 in
3180 5705 3388 5757 conspe-

1810 5784 1893 5829 ctu
1923 5791 2033 5830 meo
2057 5782 2171 5829 sunt
2198 5791 2394 5848 semper
2428 5775 2446 5842 (
2471 5773 2606 5830 Ibid.
2651 5791 2700 5832 υ.
2747 5776 2819 5851 8)
2847 5794 2861 5832 :
2889 5777 2966 5834 sic
2995 5785 3050 5834 et
3081 5776 3244 5836 Isaias
3265 5779 3338 5844 ιῑι
3367 5795 3387 5835 s
