3674 6276
325 280 388 337 19
1162 274 1218 330 S.
1250 274 1526 330 JOANNIS
1550 270 2018 329 CIIBYSOSTOMI
2046 273 2361 332 AliClllEP.
2402 278 2931 342 CONSTANTlNOP.
3541 292 3624 346 20

324 396 464 464 Quid
488 394 608 448 mihi
636 389 905 446 multitudo
929 390 1291 459 sacriﬁciorum
1319 386 1634 443 vestrorum?
1657 388 1779 440 dicit
1808 385 1907 440 Do-

320 493 506 543 minus.
538 490 614 543 Ac
640 500 826 541 rursus
858 484 1019 539 David
1048 483 1173 537 dicit
1202 500 1213 536 :
1247 481 1365 535 Non
1396 483 1641 549 accipiam
1672 482 1733 533 de
1760 481 1909 533 domo

323 591 411 633 tua
440 578 622 632 vitulos
643 619 657 643 ,
682 593 838 646 neque
867 577 929 630 de
957 579 1193 647 gregibus
1213 575 1311 627 tuis
1347 575 1513 626 hircos
1544 570 1707 640 (Ibid.
1733 587 1779 625 υ.
1810 572 1867 638 9)
1891 587 1905 636 ;

321 670 483 725 Isaias
509 684 639 725 vero
664 685 679 724 :
707 668 1016 722 Holocausta
1034 665 1257 719 arietum
1283 707 1296 730 ,
1330 675 1373 717 et
1401 665 1601 733 adipem
1629 679 1905 734 agnorunt,

317 772 365 817 et
406 762 703 832 sanguinem
744 770 1002 814 taurorum
1042 770 1086 812 et
1127 759 1379 810 hircorum
1426 757 1561 809 nolo.
1611 755 1743 809 Nam
1783 756 1905 826 quia

316 855 554 910 accusati
606 854 939 924 frequenter,
986 851 1127 919 quod
1171 854 1379 905 caeteris
1425 850 1709 904 virtutibus
1756 850 1904 905 vacui

316 954 522 1013 essent,
550 964 643 1016 pro
662 946 888 1000 maxima
915 944 1223 999 defensione
1245 943 1502 999 sacriﬁcia
1523 943 1902 1009 obtendebant,

314 1048 372 1093 ut
401 1054 519 1109 qua:
545 1039 848 1109 frequenter
878 1037 1274 1109 persolvebant,
1306 1038 1497 1092 merito
1528 1048 1750 1109 uterque
1775 1054 1904 1109 pro-

313 1129 474 1199 pheta
500 1170 516 1196 ,
562 1131 669 1185 imo
715 1133 886 1198 potius
929 1130 1108 1185 caeteri
1138 1145 1325 1185 omnes
1354 1129 1421 1185 ab
1454 1130 1552 1186 hac
1593 1130 1905 1187 defensione

314 1225 437 1280 illos
467 1225 771 1281 exturbant.
817 1225 967 1281 Unde
992 1225 1207 1296 planum
1238 1234 1322 1281 est
1350 1240 1412 1280 ea
1440 1240 1545 1280 non
1577 1240 1696 1281 esse
1724 1242 1817 1295 per
1844 1240 1904 1281 se

312 1316 585 1387 prtccipue
610 1318 917 1381 constituta,
941 1317 1033 1371 sed
1066 1326 1121 1372 ut
1146 1316 1210 1371 ad
1234 1326 1437 1372 rectum
1460 1318 1582 1371 vita:
1605 1316 1900 1371 institutum

313 1419 649 1481 czeterasqne
684 1410 906 1465 virtutes
934 1410 1055 1465 illos
1083 1410 1424 1466 deducerent.
1467 1410 1599 1479 Quia
1626 1426 1753 1465 vero
1781 1411 1858 1466 illi
1883 1454 1899 1478 ,

312 1504 527 1558 caneris
553 1520 670 1573 quae
701 1504 1001 1559 necessaria
1031 1513 1184 1558 erant
1210 1504 1486 1573 neglectis,
1517 1505 1599 1559 his
1628 1504 1903 1560 incumbe-

316 1594 463 1659 bant,
501 1610 561 1651 se
602 1596 689 1650 illa
732 1596 945 1651 demum
983 1612 1088 1651 non
1132 1596 1412 1652 admittere
1455 1597 1583 1652 dicit
1614 1597 1772 1653 Deus.
1810 1597 1899 1652 l2.

318 1685 498 1757 Neque
519 1688 749 1741 veneritis
778 1698 831 1741 ut
857 1689 1149 1758 appareatis
1176 1688 1321 1741 mihi.
1352 1687 1405 1743 Si
1434 1690 1789 1756 accesseritis,
1819 1689 1902 1745 in-

313 1778 448 1849 quit,
481 1778 547 1832 ad
581 1780 854 1848 templum.
887 1780 1013 1844 Quis
1041 1781 1173 1833 enim
1199 1782 1424 1850 qua'sivit
1453 1783 1560 1835 lucc
1584 1782 1647 1835 de
1671 1782 1901 1836 manibus

314 1870 528 1923 vestris?
554 1870 712 1925 Certe
740 1878 885 1941 totus
904 1871 993 1925 ille
1022 1871 1160 1926 liber
1182 1872 1270 1941 qui
1300 1870 1565 1927 Leviticus
1591 1872 1804 1943 dicitur,
1832 1873 1901 1929 de

311 1960 701 2015 sacriﬁciorum
737 1961 1074 2016 accuratione
1104 1962 1247 2032 leges
1275 1962 1508 2017 exhibet.
1538 1962 1593 2017 lu
1636 1965 1900 2020 Deutero-

312 2051 491 2104 nomio
529 2065 739 2120 quoque
773 2060 825 2105 et
857 2050 907 2104 in
934 2051 1052 2105 aliis
1088 2051 1326 2121 plurimis
1356 2052 1483 2107 locis
1510 2054 1690 2109 multae
1718 2054 1785 2111 de
1810 2070 1899 2110 sa-

310 2139 527 2194 criﬁciis
559 2155 758 2209 sparsas
787 2150 910 2194 sunt
950 2142 1112 2211 leges.
1162 2142 1336 2209 Quare
1366 2143 1524 2213 igitur
1546 2144 1675 2199 dicit
1715 2164 1729 2198 :
1774 2145 1900 2212 Quis

310 2230 565 2300 requisivit
593 2232 701 2285 ha‘c
723 2232 786 2285 de
812 2232 1039 2287 munibus
1068 2233 1280 2287 vestris?
1316 2232 1385 2290 Ut
1412 2233 1586 2289 discas
1613 2235 1757 2289 illam
1792 2252 1897 2291 non

312 2321 474 2377 fuisse
494 2323 813 2393 prmcipuam
839 2323 930 2378 Dei
946 2324 1292 2392 voluntatem,
1316 2332 1373 2380 ut
1394 2326 1519 2380 talia
1540 2328 1893 2394 sancirentur,

312 2414 406 2470 sed
434 2416 502 2469 ah
537 2431 720 2471 eorum
762 2416 1068 2472 inﬁrmitate
1106 2419 1313 2473 initium
1342 2418 1458 2473 illas
1487 2419 1630 2491 leges
1660 2419 1895 2477 duxisse.

312 2508 767 2574 Quemadmodum
810 2509 953 2565 enim
997 2508 1213 2565 nolebat
1250 2506 1525 2566 mulierem
1573 2511 1739 2567 semel
1785 2513 1898 2568 viro

310 2598 647 2669 Conjunctam
665 2601 956 2671 repudiari;
975 2602 1218 2671 graviora
1241 2610 1416 2658 tamen
1440 2603 1575 2656 mala
1594 2603 1894 2671 succidens,

312 2704 380 2745 ne
409 2689 688 2761 repudiare
712 2691 891 2755 vetiti,
922 2692 1037 2747 illas
1064 2692 1258 2748 invisas
1289 2708 1482 2749 uxores
1510 2694 1650 2749 intus
1683 2693 1895 2766 jugula-

312 2789 469 2845 rent,
514 2782 691 2835 minus
730 2782 927 2837 malum
956 2782 1195 2854 permisit
1227 2800 1240 2837 :
1269 2784 1346 2839 sic
1369 2795 1423 2839 et
1449 2784 1588 2840 circa
1619 2800 1730 2840 rem
1760 2785 1897 2841 hanc

312 2872 473 2935 fecit.
521 2883 578 2928 ut
613 2874 946 2931 dir-monibus
989 2876 1267 2933 immolare
1303 2874 1627 2947 prohiberet,
1666 2878 1718 2933 id
1756 2876 1897 2948 quod

313 2964 530 3020 minime
550 2967 758 3020 volebat
777 2967 1009 3035 admisit,
1034 2978 1091 3025 ut
1109 2968 1249 3041 quod
1272 2971 1482 3027 volebat
1502 2982 1893 3042 assequeretur.

314 3058 428 3114 lloc
453 3059 623 3131 ipsum
655 3076 836 3117 rursus
862 3063 1026 3117 Amos
1052 3063 1309 3134 pr0pbeta
1336 3062 1614 3120 declarans
1643 3064 1852 3121 dicebat
1881 3083 1894 3122 :

315 3148 456 3203 Num
490 3151 711 3206 victimas
730 3164 781 3207 et
814 3154 1003 3208 hostias
1030 3155 1276 3210 obtulistis
1301 3156 1426 3211 mihi
1447 3156 1782 3227 quadraginta
1808 3174 1900 3212 an-

314 3240 429 3295 nis?
468 3242 588 3295 dicit
616 3242 862 3298 Dominus
898 3245 1095 3313 (Amos
1129 3247 1181 3302 5.
1233 3247 1303 3301 25
1327 3247 1369 3317 ).
1404 3246 1663 3303 Jeremias
1687 3264 1898 3319 quoque

310 3331 387 3386 ait
419 3349 433 3387 :
466 3331 586 3387 Non
612 3342 729 3388 sunt
756 3334 862 3389 haec
886 3352 997 3403 qua:
1021 3336 1258 3392 mandavi
1285 3338 1510 3409 patribus
1548 3339 1722 3393 vestris
1748 3338 1895 3412 (Jer.

311 3420 365 3476 7.
394 3421 510 3493 ξε).

384 3515 439 3569 5.
478 3514 736 3584 Quoniam
774 3516 917 3570 cnim
954 3517 1225 3574 dmmones
1266 3518 1369 3576 hoc
1405 3520 1529 3575 culti
1561 3532 1686 3575 sunt
1715 3522 1895 3587 modo,

316 3606 452 3675 ipse,
496 3621 564 3661 ne
588 3608 851 3677 qumpiam
883 3608 1008 3664 hinc
1046 3610 1427 3667 inﬁrmioribus
1458 3612 1709 3681 perniciei
1738 3628 1898 3668 occa-

313 3698 394 3753 sio
416 3700 668 3764 oriretur,
703 3699 814 3757 haec
837 3700 1142 3771 frequenter
1162 3718 1257 3773 per
1278 3702 1566 3773 pr0pbetas
1591 3719 1778 3760 omnes
1804 3706 1901 3761 de-

314 3791 540 3845 nuntiat.
575 3790 699 3846 llzec
725 3805 845 3846 cum
888 3808 993 3847 non
1021 3793 1294 3861 darentur,
1343 3795 1416 3849 illi
1466 3795 1894 3864 indignabantur,

311 3893 377 3933 ae
411 3880 716 3951 frequenter
754 3882 1043 3952 instabant,
1086 3883 1325 3941 nidorem
1369 3892 1424 3941 et
1447 3884 1650 3942 fumum
1676 3885 1899 3956 exigen-

312 3980 415 4039 tes,
444 3972 825 4044 dicentesque:
1261 3988 1267 3994 ‘

618 4098 670 4137 τὸ
690 4098 759 4150 τδρ
778 4098 933 4151 “vim
953 4102 1056 4152 τίεις
1078 4101 1179 4151 ἠμῖς
1203 4088 1296 4152 (“)-

1235 4152 1472 4217 (nomen)

314 4249 432 4322 ipse
456 4266 586 4307 vero
616 4252 668 4308 id
714 4270 885 4324 neque
914 4255 982 4311 ab
1020 4255 1173 4312 initio
1201 4259 1373 4328 petiit,
1405 4271 1459 4316 et
1484 4260 1696 4332 quando
1714 4261 1897 4331 jussit,

310 4343 543 4400 ostendit
566 4359 624 4399 se
654 4360 757 4401 non
790 4346 1041 4401 libentem
1066 4347 1181 4404 btec
1211 4352 1558 4420 permittere;
1594 4370 1766 4425 neque
1794 4356 1897 4411 hoc

318 4442 523 4511 tantum
549 4435 671 4491 hinc
692 4446 856 4505 patet,
888 4438 981 4492 sed
1012 4440 1171 4495 etiam
1197 4442 1318 4511 quia
1345 4444 1453 4498 cito
1482 4446 1663 4513 solvit,
1692 4458 1747 4502 et
1774 4449 1895 4518 quia

311 4542 434 4582 cum
461 4525 548 4581 illa
579 4528 943 4596 persolverent
972 4546 1076 4586 non
1119 4532 1371 4589 admisit:
1400 4544 1559 4607 atque
1596 4553 1701 4593 uno
1734 4539 1900 4595 verbo

314 4633 413 4689 per
449 4618 626 4673 omnia
670 4618 1009 4691 signiﬁcavit,
1040 4620 1343 4693 hujnsmodi
1391 4627 1593 4683 cultum
1642 4638 1697 4694 et
1736 4630 1897 4686 ritum

316 4710 595 4781 majestate
619 4726 713 4767 sua
744 4714 900 4784 longe
938 4713 1212 4785 indignum
1240 4732 1380 4772 esse.
1424 4717 1536 4774 iloc
1562 4719 1741 4790 itaque
1779 4722 1895 4778 ait:

314 4804 539 4876 Propter
567 4820 662 4861 vos
694 4805 809 4862 hac
831 4806 1071 4875 toleravi,
1106 4824 1281 4879 neque
1307 4809 1389 4864 bis
1414 4825 1548 4879 Opus
1571 4810 1750 4868 habui.
1779 4812 1899 4870 Cal-

312 4915 430 4952 care
466 4900 652 4953 atrium
691 4917 858 4954 meum
903 4917 1004 4955 non
1059 4903 1342 4973 apponetis.
1391 4903 1494 4959 Aut
1539 4907 1897 4975 captivitatem

316 4993 573 5061 pra-dicit,
614 5004 708 5049 aut
742 4995 903 5049 etiam
934 4994 1036 5051 hoc
1074 5005 1237 5060 vetat,
1279 4998 1399 5068 quia
1442 5013 1546 5054 non
1586 5014 1705 5055 eum
1751 5010 1900 5057 recto

312 5085 496 5139 animo
534 5084 991 5156 ingrediebantur.
1034 5087 1122 5142 15.
1156 5088 1217 5143 Si
1244 5088 1468 5157 oﬂ'eratis
1496 5092 1621 5147 milii
1656 5094 1895 5162 similam,

311 5190 518 5231 vanum.
549 5177 914 5233 Mandatorum
957 5179 1101 5234 enim
1142 5180 1248 5235 alia
1280 5192 1498 5254 propter
1535 5198 1595 5240 se
1627 5185 1761 5256 ipsa,
1793 5188 1896 5242 alia

315 5270 473 5325 aliam
515 5269 585 5325 ob
615 5285 829 5325 causam
875 5272 1367 5340 constituebantur;
1414 5284 1471 5329 ut
1502 5276 1668 5331 Deum
1714 5295 1893 5347 nos~e,

316 5378 422 5417 non
466 5362 732 5427 occidere,
786 5378 891 5418 non
938 5362 1217 5433 mcechari,
1262 5376 1313 5420 et
1358 5382 1706 5440 qumcumque
1750 5372 1894 5438 talia,

373 5476 444 5538 (a)
786 5476 1009 5549 honorem
1030 5491 1114 5529 nos
1131 5479 1288 5549 agniti
1307 5494 1486 5532 manus.
1513 5490 1607 5534 Hoc
1628 5486 1697 5534 ait
1714 5490 1901 5549 supiter

307 5536 1003 5607 iunonem_alloquens,_lliad.
1038 5542 1196 5607 A_,_49,
1230 5544 1445 5607 itemque
1477 5548 1661 5607 Jupiter
1697 5536 1898 5599 deorum

307 5607 487 5647 emtum
511 5599 783 5661 alloquens.
813 5602 947 5650 Iliad.
973 5618 1017 5658 ο,
1050 5604 1129 5659 70,
1149 5599 1256 5651 cum
1279 5606 1342 5653 de
1363 5599 1663 5656 restituendo
1682 5614 1900 5661 Hectoris

308 5662 567 5735 cadavere
593 5670 843 5735 ageretur.
869 5670 967 5735 iith
989 5665 1293 5735 hemistichio
1315 5670 1465 5717 utitur
1488 5670 1600 5718 atihi
1626 5670 1899 5735 Chrysosto~

310 5733 433 5783 mus,
460 5729 515 5775 ut
532 5734 675 5785 supra
693 5758 707 5785 ,
738 5725 786 5773 in
811 5724 990 5774 Psalmo
1016 5725 1092 5776 i9.

2020 398 2237 458 propter
2266 392 2545 449 utilitatem
2594 394 2716 452 inde
2755 399 3154 467 provenientem
3193 403 3616 471 sanciebantur;

2017 482 2322 538 sacriﬁcare
2364 494 2563 551 autem,
2598 487 2874 543 incensum
2903 490 3121 558 otTerre,
3170 494 3449 549 sabbatum
3491 510 3617 550 ser-

2014 588 2162 639 vare,
2195 583 2248 628 et
2292 576 2481 631 similia
2514 594 2745 643 rursum,
2776 597 2881 635 non
2909 592 2967 636 ut
2989 583 3104 639 haec
3133 585 3321 641 ﬁerent
3347 588 3620 658 simplici-

2014 673 2117 730 ter,
2166 668 2257 720 sed
2298 676 2355 721 ut
2399 684 2463 722 ex
2512 684 2696 724 eorum
2743 674 2998 729 exercitio
3043 690 3073 729 a
3111 674 3413 733 dmmonum
3453 679 3617 734 cultu

2012 755 2428 812 abducerentur.
2464 759 2597 826 Quia
2626 762 2785 832 igitur
2815 765 2927 819 haec
2951 766 3164 836 quidem
3195 770 3613 838 persolvebant,

2011 847 2105 901 sed
2143 848 2344 904 nullam
2384 850 2507 906 inde
2552 854 2830 908 utilitatem
2860 856 3244 926 percipiebant,
3281 860 3374 915 sed
3419 860 3619 915 adhuc

2010 939 2340 997 diemonibus
2380 942 2575 998 addicti
2618 956 2788 1013 erant,
2815 946 2937 1017 jure
2973 948 3087 1005 bmc
3115 966 3328 1021 quoque
3373 952 3619 1022 ejiciun-

2012 1043 2097 1090 tur
2127 1052 2140 1088 :
2171 1036 2600 1107 quandoquidem
2624 1041 2815 1095 merito
2842 1042 2960 1111 quis
2985 1043 3231 1098 arborem
3262 1046 3492 1106 excidat.
3526 1045 3619 1099 fo-

2008 1125 2093 1181 liis
2124 1135 2177 1183 et
2210 1130 2374 1184 ramis
2402 1141 2665 1194 ornatam,
2702 1132 2796 1186 sed
2823 1132 2996 1188 fructu
3024 1149 3267 1189 vacuam.
3294 1135 3426 1191 Nam
3450 1136 3619 1193 colo-

2009 1232 2108 1273 nus
2163 1234 2378 1275 omnem
2435 1237 2616 1277 curam
2666 1222 2807 1279 circa
2868 1226 3115 1281 arborem
3163 1226 3418 1293 adhibet,
3486 1244 3613 1283 non

2006 1312 2221 1368 corticis
2256 1322 2349 1367 aut
2388 1315 2560 1370 trunci
2603 1330 2783 1379 causa,
2824 1316 2917 1371 sed
2949 1326 3005 1371 ut
3046 1316 3276 1375 fructum
3314 1319 3610 1390 decerpat.

2007 1403 2278 1459 lncensum
2302 1406 2608 1461 abominatio
2630 1410 2751 1463 mihi
2781 1418 2871 1463 est.
2908 1409 3094 1465 Viden‘
3118 1426 3240 1466 eum
3268 1427 3373 1467 non
3399 1412 3467 1467 de
3500 1427 3613 1467 na-

2006 1504 2124 1577 tura
2163 1511 2347 1551 eorum
2376 1513 2493 1567 qua:
2534 1498 2636 1552 sibi
2666 1498 3031 1555 oﬂerehantur
3055 1501 3294 1570 gavisum
3324 1518 3463 1570 esse,
3497 1503 3608 1559 sed

2004 1586 2340 1664 oll‘erentium
2390 1599 2623 1645 mentem
2678 1591 3075 1660 exploravisse?
3120 1592 3245 1648 Ideo
3292 1592 3497 1649 ﬁtinum
3547 1604 3611 1650 et

2005 1679 2245 1736 nidorem
2272 1696 2339 1737 ex
2382 1680 2642 1738 sacriﬁcio
2672 1682 2783 1737 Noe
2826 1693 3130 1754 surgentem
3161 1683 3379 1740 odorem
3408 1686 3607 1741 suavi-

2004 1776 2129 1831 tatis
2157 1775 2386 1842 vocavit,
2413 1776 2687 1831 incensum
2716 1791 2845 1831 vero
2882 1777 3331 1833 abominationem
3361 1778 3516 1848 (Gaz.
3537 1779 3601 1836 8.

2005 1866 2120 1935 2|).
2169 1866 2323 1933 Nam,
2354 1875 2411 1920 ut
2449 1865 2714 1934 dicebam,
2748 1884 2854 1922 non
2896 1877 3136 1923 naturam
3165 1868 3450 1938 donorum,
3492 1872 3605 1927 sed

2002 1956 2248 2013 aﬂ'ectum
2275 1958 2609 2014 oﬂerentium
2649 1960 2891 2029 requirit.
2937 1961 3024 2016 14.
3055 1960 3363 2017 Neomenias
3399 1974 3604 2018 vestras

2009 2058 2056 2103 et
2084 2049 2312 2103 sabbata.
2359 2049 2758 2106 Observandum
2788 2061 2872 2107 est
2908 2067 3028 2107 eum
3060 2054 3192 2108 nihil
3238 2070 3423 2111 eorum
3466 2073 3601 2127 qua:

2002 2141 2302 2194 necessaria
2324 2150 2447 2195 sunt
2469 2140 2781 2209 excludere,
2810 2142 2903 2197 sed
2926 2144 3060 2211 haec,
3092 2160 3211 2215 quae
3240 2146 3399 2201 etiam
3428 2145 3602 2202 Chri-

2000 2240 2116 2285 stus
2149 2230 2438 2288 adveniens
2480 2232 2771 2304 abrogavit.
2808 2235 3165 2303 Quamobrem
3196 2236 3388 2293 Paulus
3418 2239 3567 2293 vehe
3590 2276 3602 2281 -

2002 2325 2264 2380 mentiore
2303 2340 2432 2380 usus
2459 2341 2730 2395 sermone,
2770 2343 2890 2382 cum
2931 2338 3116 2384 contra
3143 2330 3356 2385 Judaeos
3379 2347 3602 2402 pugna-

2002 2425 2107 2485 ret,
2137 2432 2244 2471 non
2276 2416 2392 2473 haec
2411 2417 2604 2485 solum,
2638 2418 2732 2473 sed
2757 2429 2810 2475 et
2834 2420 2939 2474 alia
2970 2419 3052 2476 bis
3077 2422 3304 2491 plurima
3332 2421 3601 2488 all‘erens,

2000 2524 2113 2574 eos,
2154 2508 2243 2580 qui
2284 2509 2414 2564 nihil
2455 2526 2520 2565 ex
2552 2526 2611 2566 se
2639 2510 2893 2583 (virtutis)
2919 2511 3257 2580 exhiberem,
3292 2514 3421 2567 nihil
3450 2513 3595 2570 inde

2001 2599 2138 2654 lucri
2184 2598 2387 2655 referre
2425 2600 2581 2667 dixit,
2613 2602 2695 2656 his
2719 2601 2896 2656 verbis
2926 2621 2939 2656 :
2970 2602 3031 2658 Si
3070 2613 3237 2657 autem
3280 2613 3333 2656 tu
3370 2602 3605 2658 ludwus

2000 2690 2393 2761 cognominaris,
2431 2701 2479 2745 et
2505 2692 2770 2763 requiescis
2797 2692 2848 2746 in
2887 2693 3017 2764 lege,
3043 2704 3089 2746 et
3118 2693 3353 2765 gloriaris
3374 2694 3426 2747 in
3454 2692 3601 2759 Deo,

2001 2793 2047 2837 et
2074 2784 2207 2837 nosti
2232 2784 2538 2838 voluntatem
2577 2786 2704 2854 ejus,
2739 2795 2785 2838 et
2816 2786 2999 2855 probas
3040 2786 3267 2853 utiliora,
3312 2787 3608 2841 instructus

2002 2892 2091 2944 per
2119 2878 2278 2947 legem
2306 2876 2481 2949 (Rom.
2524 2878 2580 2932 2.
2622 2879 2709 2934 17.
2753 2879 2862 2950 18).
2908 2878 2975 2934 Ει
3005 2895 3227 2935 rursus:
3260 2880 3608 2934 Circumcisio

1999 2968 2200 3039 quidem
2220 2967 2443 3040 prodest,
2476 2970 2523 3025 si
2550 2969 2706 3040 legem
2736 2970 2995 3035 observes;
3024 2972 3068 3025 si
3090 2981 3256 3025 autem
3286 2974 3611 3037 pra'varica-

2002 3068 2081 3113 tor
2095 3060 2186 3126 sis,
2205 3060 2516 3115 circumcisio
2536 3071 2621 3114 tua
2634 3063 2935 3133 prazputium
2968 3067 3101 3133 facta
3126 3072 3198 3117 est
3222 3061 3380 3132 (Ibid.
3400 3079 3448 3117 v.
3467 3062 3605 3133 25).

2002 3149 2110 3206 Nec
2136 3151 2405 3221 quidpiam
2436 3150 2639 3207 fruetus
2666 3168 2759 3208 eos
2792 3153 2915 3209 inde
2956 3154 3229 3224 percipere
3257 3154 3406 3220 dixit,
3442 3158 3608 3225 quod

2003 3240 2087 3296 lex
2117 3242 2195 3296 eis
2220 3242 2526 3299 concredita
2552 3242 2638 3309 sit,
2669 3244 2790 3313 quia
2821 3260 2926 3299 non
2962 3244 3339 3301 crediderunt:
3365 3246 3415 3300 id
3444 3250 3609 3319 quod

2001 3334 2107 3390 alio
2160 3334 2320 3391 modo
2380 3336 2544 3391 David
2598 3336 2942 3392 subindicans
3006 3337 3214 3394 dicebat
3263 3356 3277 3391 :
3323 3338 3611 3395 Peccaton

2002 3436 2169 3479 autem
2212 3427 2339 3481 dixit
2390 3427 2527 3483 Deus
2565 3429 2779 3496 :Quare
2832 3438 2885 3483 tu
2927 3446 3134 3485 enarras
3173 3432 3402 3502 justitias
3450 3450 3611 3487 meas

2002 3517 2178 3587 (Psal.
2210 3520 2301 3576 49.
2348 3520 2477 3591 l6)?
2510 3522 2643 3589 Quia
2684 3522 2825 3578 enim
2862 3522 2930 3578 de
2971 3522 3150 3578 audita
3190 3523 3415 3579 lectione
3456 3523 3613 3594 legis

2001 3627 2161 3682 supra
2190 3613 2405 3667 modum
2435 3614 2542 3669 alte
2570 3614 2871 3669 sentiebant
2899 3630 3017 3669 cum
3044 3614 3295 3685 operibus
3322 3617 3473 3670 vacui
3507 3633 3580 3673 es
3599 3651 3612 3660 -

2003 3713 2145 3768 sent,
2175 3719 2242 3758 ex
2275 3702 2375 3758 hac
2410 3704 2663 3775 jactantia
2705 3706 2865 3760 etiam
2894 3706 3091 3761 Paulus
3132 3706 3251 3762 illos
3282 3706 3612 3764 deturbavit

2003 3792 2188 3849 dicens
2218 3811 2231 3848 :
2263 3796 2362 3861 Qui
2386 3812 2505 3867 ergo
2526 3797 2683 3850 alium
2708 3797 2880 3864 doces,
2911 3798 3126 3869 teipsum
3151 3816 3251 3853 non
3281 3799 3430 3854 doces
3447 3800 3475 3854 ?
3503 3806 3607 3871 qui

2006 3887 2251 3957 praedicas
2292 3904 2395 3942 non
2432 3889 2745 3959 furandum,
2785 3890 2975 3958 [uraris
3021 3889 3199 3960 (Rom.
3245 3891 3300 3946 2.
3343 3890 3484 3958 2i)?
3534 3894 3613 3949 Et

2004 3977 2167 4033 David
2212 3977 2457 4034 similiter
2502 3978 2727 4034 dicens:
2763 3978 2825 4036 Si
2874 3980 3076 4036 videbas
3122 3986 3308 4054 furem,
3352 3970 3613 4041 currebas

2002 4088 2118 4125 cum
2167 4087 2253 4136 eo,
2298 4081 2345 4125 et
2397 4087 2511 4125 cum
2553 4071 2799 4127 adulteris
2842 4073 3122 4143 portionem
3170 4083 3309 4127 tuam
3360 4075 3607 4143 ponebas

2003 4160 2180 4231 (Psal.
2205 4162 2295 4218 49.
2324 4159 2434 4234 18).
2473 4158 2541 4215 Ει
2568 4161 2701 4216 diem
2729 4179 2967 4234 magnum
2999 4180 3098 4217 non
3124 4164 3354 4218 admitto.
3388 4165 3610 4222 Pente-

2002 4262 2185 4309 costen
2216 4254 2366 4320 dicit,
2398 4253 2806 4326 Scenopegiam,
2840 4255 3064 4322 Pascha,
3095 4265 3150 4313 et
3178 4256 3411 4328 reliquas
3437 4259 3610 4315 cele-

2004 4346 2247 4402 hritates.
2272 4345 2539 4418 Jejunium
2565 4356 2610 4401 et
2640 4348 2947 4402 uacationem
2972 4349 3035 4403 ab
3062 4364 3230 4420 apere,
3264 4357 3309 4403 et
3337 4349 3612 4419 festivita-

2006 4449 2077 4493 tes
2099 4449 2288 4494 vestras
2317 4440 2422 4493 odit
2452 4440 2622 4494 anima
2662 4456 2791 4494 mea.
2820 4440 3065 4496 Humano
3100 4456 3251 4498 more
3281 4441 3428 4512 ipsos
3452 4443 3612 4499 allo-

2004 4530 2206 4600 quitur.
2249 4528 2400 4583 Facti
2428 4531 2544 4584 estis
2586 4529 2711 4583 mihi
2739 4531 2807 4584 ad
2842 4532 3120 4586 satietatem
3142 4547 3161 4585 :
3188 4530 3256 4587 ad
3296 4531 3612 4601 fastidium,

2004 4621 2071 4676 ad
2109 4621 2311 4676 odium.
2357 4620 2413 4676 ld
2454 4620 2570 4691 ejus
2613 4621 2932 4677 inetiabileru
2977 4622 3289 4694 patientiam
3329 4624 3609 4693 ostendit,

2005 4715 2146 4787 quod
2194 4730 2339 4787 srepe
2387 4725 2672 4786 peccantes
2719 4716 2922 4785 tulerit,
2964 4732 3065 4773 nec
3106 4717 3252 4788 prius
3296 4717 3614 4775 vindictam

2005 4809 2312 4879 sumpserit,
2348 4824 2505 4880 quam
2541 4810 2792 4880 nequitia:
2832 4809 3195 4881 magnitudine
3221 4811 3393 4881 ipsum
3416 4813 3616 4869 scele~

2006 4902 2071 4955 sti
2098 4902 2391 4956 evocarint.
2423 4900 2543 4955 Non
2573 4902 2708 4957 ultra
2744 4903 2996 4956 remittam
3020 4912 3226 4971 peccata
3253 4913 3435 4958 vestra.
3473 4903 3616 4962 Non

2006 4992 2142 5047 ultra
2172 4991 2361 5063 patiar.
2391 4992 2621 5063 ldipsum
2657 5002 2734 5048 est
2764 4998 2816 5048 id
2841 4992 2983 5065 quod
3012 4995 3088 5049 ait
3115 4994 3281 5050 David
3308 5014 3323 5050 ε
3354 4993 3485 5050 Htec
3518 5001 3616 5069 fe-

2005 5084 2137 5149 cisti,
2158 5093 2203 5137 et
2231 5084 2366 5137 tacui
2388 5082 2556 5155 (Psal.
2581 5085 2670 5139 49.
2695 5084 2813 5153 21).

2079 5173 2253 5229 Oratio
2275 5174 2465 5229 inutilis
2494 5184 2563 5229 est
2588 5191 2701 5229 cum
2724 5177 2835 5244 quis
2857 5187 3133 5246 perseverat
3155 5176 3208 5233 in
3234 5178 3476 5248 peccatis.
3514 5205 3601 5222 κ

2005 5264 2040 5322 5
2054 5306 2064 5316 .
2078 5264 2202 5320 Cum
2226 5266 2543 5322 extenderitis
2564 5284 2743 5321 manus
2761 5280 2947 5323 vestras
2964 5270 3032 5322 ad
3056 5286 3152 5334 me,
3175 5281 3395 5325 avertam
3415 5281 3583 5328 oculo
3596 5292 3625 5328 s

2006 5374 2140 5412 meos
2166 5375 2198 5410 ιι
2232 5359 2367 5412 vobis
2392 5374 2409 5412 :
2438 5368 2484 5412 et
2512 5359 3017 5429 simultiplicaveritis
3042 5362 3468 5431 deprecationem,
3497 5380 3635 5418 non

2006 5449 2295 5503 exaudiam.
2338 5448 2465 5505 inde
2505 5450 2671 5521 liquet
2699 5451 2897 5504 nullam
2928 5466 3048 5506 esse
3086 5451 3343 5506 orationis
3391 5453 3619 5508 utilitao

2008 5552 2114 5598 tem
2134 5584 2149 5609 ,
2198 5542 2584 5613 quantumlibet
2606 5545 2757 5616 longa
2785 5544 2855 5599 sit
2899 5545 3112 5616 quando
3136 5546 3184 5602 is
3207 5544 3297 5617 qui
3322 5557 3621 5618 precatur,

2010 5636 2059 5690 in
2106 5638 2337 5706 peccatis
2367 5648 2689 5707 perseverat.
2720 5639 2859 5693 Nihil
2906 5640 3048 5695 enim
3105 5641 3283 5694 virtuti
3323 5656 3417 5709 par
3468 5654 3621 5715 est,

2008 5742 2213 5783 necnon
2263 5729 2377 5786 voci
2430 5745 2548 5802 qua:
2599 5746 2695 5803 per
2742 5746 2902 5803 opera
2950 5732 3344 5803 comprobatur.
3388 5729 3618 5793 Manus
