3674 6276
348 211 420 266 25
1110 205 1166 263 S.
1207 202 1487 261 JOANNIS
1524 190 2005 257 CllRYSOSTOMl
2040 192 2363 250 ARCHIEP.
2402 195 2934 254 CONSTANTINOP.
3087 207 3097 215 ’
3534 184 3600 239 9.1

349 348 496 389 ream
519 328 865 386 subindicans
889 325 1181 389 lasciviam,
1199 322 1303 379 sed
1324 323 1588 392 ingratum
1617 334 1740 389 erga
1770 318 1936 373 Deum

353 424 609 487 animum,
645 436 765 491 qua:
799 419 1081 474 fornicatlo
1109 418 1321 488 gravior
1357 425 1439 471 est
1483 415 1589 470 illa;
1643 413 1755 469 Illic
1795 412 1940 466 enim

338 513 515 574 .homo
555 511 876 566 contumelia
908 509 1157 576 afficitur,
1192 509 1278 564 hic
1305 508 1448 563 Deus
1477 506 1849 562 contemnitur.
1885 503 1938 558 ld

352 615 530 658 autem
576 612 631 658 et
679 603 766 658 hic
816 613 868 658 et
900 602 989 656 alii
1020 616 1209 657 omnes
1248 599 1520 671 prophetae
1558 598 1752 653 faciunt
1781 610 1793 650 :
1818 596 1938 667 quia

362 695 501 750 Deus
532 694 706 749 mariti
738 695 858 748 loco
898 691 1032 749 huic
1066 692 1265 747 civitati
1319 690 1563 760 dignatus
1606 698 1688 743 est
1733 685 1938 751 haberi,

356 787 678 843 ineffabilem
733 800 883 841 suam
936 799 1060 855 erga
1118 784 1237 839 illos
1284 782 1620 838 dilectionem
1667 794 1942 835 common-

356 891 569 934 strans:
603 878 789 947 illique
816 886 872 931 ut
896 876 963 931 de
990 877 1103 931 viro
1131 885 1185 930 et
1214 889 1380 930 uxore
1401 889 1543 943 saepe
1562 873 1939 941 loquebantur,

356 987 462 1027 non
491 980 547 1024 ut
574 971 626 1024 in
671 969 957 1023 humanam
990 967 1287 1023 crassitiem
1325 980 1629 1021 sermonem
1669 964 1941 1034 deprime-

356 1070 497 1127 rent,
528 1059 623 1116 sed
654 1067 710 1115 ut
745 1059 863 1115 illos
902 1074 999 1128 per
1027 1073 1112 1113 res
1142 1058 1243 1113 sibi
1271 1056 1562 1112 familiares
1585 1055 1652 1110 ad
1682 1054 1943 1125 cognitio-

356 1166 479 1208 ncm
505 1152 707 1207 amoris
750 1151 844 1208 Dei
872 1150 1200 1207 deducerent
1225 1165 1241 1215 ;
1271 1149 1425 1204 simul
1448 1162 1576 1204 vero
1601 1146 1941 1219 turpitudinis

350 1245 709 1316 appellatione
738 1244 858 1299 illos
880 1243 1148 1300 incessere
1169 1242 1435 1298 volebant.
1462 1241 1697 1307 Fidelis;
1729 1240 1830 1296 hoc
1858 1249 1941 1296 est

352 1337 460 1407 pia,
488 1345 542 1393 et
561 1336 705 1392 omni
730 1336 924 1392 virtute
948 1336 1127 1407 plena,
1156 1334 1298 1392 unde
1326 1335 1487 1391 etiam
1516 1335 1691 1405 palam
1713 1344 1796 1391 est
1816 1349 1939 1389 eum

354 1445 461 1486 non
500 1430 569 1486 de
600 1430 947 1486 fornicatione
991 1443 1248 1500 corporea
1283 1428 1425 1501 loqui
1454 1430 1631 1495 ;‘alias
1678 1430 1819 1484 enim
1859 1430 1944 1483 di-

350 1525 539 1591 xisset,
568 1523 767 1580 Civitas
793 1531 973 1589 casta;
1006 1522 1058 1578 id
1085 1523 1229 1579 enim
1259 1523 1445 1579 fuisset
1466 1524 1732 1579 meretrici
1771 1538 1941 1594 oppo-

355 1618 515 1671 situm
543 1630 750 1674 :nune
777 1629 953 1673 autem
998 1617 1287 1673 ostendens
1326 1630 1384 1672 se
1410 1632 1506 1687 per
1534 1616 1939 1673 fornicationem

350 1708 701 1764 subindicare
734 1704 1082 1778 impietatem,
1118 1708 1273 1764 fidem
1311 1708 1411 1778 ipsi
1452 1708 1813 1764 adversariam
1840 1723 1939 1779 po-

351 1800 475 1854 suit.
526 1798 692 1854 Plena
728 1801 953 1871 judicii;
996 1801 1048 1855 id
1095 1809 1199 1866 est,
1251 1802 1405 1869 plena
1450 1801 1689 1871 iustitiae.
1736 1802 1941 1857 Rursus

351 1890 642 1944 maximum
669 1891 895 1958 crimen,
925 1907 1032 1945 non
1054 1892 1193 1961 quod
1224 1891 1288 1946 ad
1319 1892 1623 1948 universam
1651 1892 1938 1963 nequitiam

352 1979 713 2045 defecissent,
762 1981 856 2037 sed
892 1981 1033 2052 quod
1067 1982 1366 2038 universam
1393 1984 1644 2038 virtutem
1675 1984 1938 2053 prodidis-

351 2080 490 2133 sent,
516 2081 569 2126 et
593 2087 780 2128 omnes
805 2073 1068 2129 bonorum
1098 2074 1308 2130 divitias
1328 2074 1610 2130 confertim
1634 2091 1665 2131 e
1694 2076 1941 2147 manibus

352 2164 692 2232 abjeeissent,
734 2165 799 2219 ad
839 2175 1133 2222 extremam
1162 2169 1423 2222 malorum
1454 2177 1819 2239 paupertatem
1849 2170 1942 2225 de-

352 2256 498 2324 jecti.
527 2256 591 2311 In
626 2274 726 2326 qua
760 2258 965 2329 justitia
1003 2260 1239 2330 requievit
1282 2262 1336 2315 in
1379 2277 1459 2315 ea.
1498 2261 1705 2327 Mansit,
1748 2262 1936 2332 inquit,

355 2347 630 2413 habitavit,
673 2348 724 2404 id
772 2357 875 2417 est,
925 2351 1160 2419 plantata
1202 2360 1304 2418 est,
1345 2354 1551 2408 radices
1589 2356 1789 2425 posuit,
1818 2371 1939 2411 cum

354 2440 628 2495 alacritate
671 2441 738 2495 ab
773 2441 1019 2497 omnibus
1057 2443 1264 2498 civibus
1306 2447 1672 2502 exercebatur.
1706 2447 1761 2502 lu
1795 2450 1939 2518 prio-

354 2534 500 2589 ribus
523 2533 763 2590 laudibus
784 2535 1117 2601 immoratur,
1133 2538 1289 2592 simul
1322 2553 1521 2609 augens
1546 2543 1939 2597 accusationem

354 2626 423 2681 de
444 2626 753 2692 mutatione,
774 2637 827 2683 et
842 2627 1034 2683 bonam
1052 2644 1199 2699 spem
1222 2630 1530 2700 subjiciens,
1545 2635 1941 2706 ostendensque

357 2717 514 2773 facile
540 2718 684 2788 ipsos
712 2733 867 2788 posse
897 2719 948 2774 in
981 2721 1264 2790 pristinum
1297 2730 1492 2779 statum
1526 2725 1754 2782 restitui.
1789 2727 1943 2783 Nunc

355 2820 524 2865 autem
549 2812 909 2880 interfectores.
942 2812 1232 2868 Homicida:
1255 2857 1270 2881 ,
1302 2814 1393 2871 ait.
1422 2815 1512 2870 22.
1546 2817 1823 2890 Argentum
1857 2838 1941 2876 re-

355 2911 519 2956 strum
554 2903 840 2973 reprobum.
870 2903 925 2958 ld
955 2912 1057 2971 est,
1087 2905 1223 2960 male
1249 2906 1511 2977 signatum
1533 2949 1547 2972 ,
1572 2909 1901 2979 illegitimum
1922 2954 1938 2979 ,

357 2996 571 3052 falsum.
602 2996 867 3067 Cauponcs
903 3000 973 3052 tui
997 2999 1204 3053 miscent
1228 2999 1398 3053 vinum
1423 3017 1575 3071 aqua.
1608 3000 1740 3070 Quia
1772 3003 1823 3058 in
1849 3020 1943 3059 ex-

356 3088 511 3144 ordio
534 3103 719 3145 eorum
752 3089 1041 3159 nequitiam
1076 3105 1181 3145 non
1214 3091 1487 3161 speciatim
1510 3096 1814 3162 recensuit;
1846 3096 1940 3151 sed

354 3181 433 3234 ait
457 3180 576 3235 illos
603 3180 990 3251 contempsisse
1010 3222 1025 3249 ,
1058 3196 1241 3238 semen
1282 3183 1581 3253 improbum
1608 3198 1730 3241 esse
1752 3227 1767 3250 ,
1800 3195 1855 3241 et
1882 3187 1943 3241 li-

356 3275 457 3329 lios
495 3273 736 3344 iniquos,
771 3274 909 3343 quod
938 3275 1233 3331 convicium
1261 3275 1537 3332 videbatur
1574 3292 1694 3334 esse
1730 3280 1905 3349 potius

356 3383 515 3438 quam
555 3367 871 3423 accusatio:
913 3367 1000 3423 hic
1042 3370 1410 3426 accusationes
1455 3371 1731 3442 speciatim
1775 3388 1943 3428 enun-

359 3459 482 3525 tiat,
511 3469 565 3513 et
603 3459 775 3528 primo
795 3501 809 3525 ,
842 3459 982 3530 quod
1016 3468 1097 3515 est
1124 3469 1179 3515 et
1208 3462 1433 3530 primum
1456 3463 1718 3519 malorum
1744 3473 1798 3519 et
1827 3480 1943 3521 mc-

358 3551 504 3606 dium
534 3561 587 3607 et
607 3560 904 3608 extremum
926 3594 942 3619 ,
974 3554 1284 3618 avaritiam,
1316 3564 1371 3611 et
1398 3555 1539 3611 circa
1572 3567 1720 3626 pacta
1749 3573 1944 3628 caupo-

360 3646 561 3700 nariam
589 3654 777 3699 artem.
808 3645 877 3700 At
901 3644 1113 3713 quidam
1146 3645 1465 3701 ineffabilem
1492 3646 1585 3702 Dei
1627 3649 1940 3719 sapientiam

316 3742 321 3745 '
360 3753 465 3791 non
504 3736 876 3804 iutelligeutes,
922 3736 1024 3792 hoc
1048 3752 1143 3807 per
1171 3751 1444 3808 anagogen
1481 3738 1681 3794 dictum
1722 3754 1945 3811 accepe-

359 3839 502 3885 runt.
552 3829 737 3901 Neque
782 3831 948 3891 enim,
999 3830 1177 3897 aiunt,
1213 3846 1434 3901 magnus
1472 3833 1559 3887 ille
1607 3842 1662 3888 et
1702 3834 1944 3890 sublimis

361 3920 523 3976 Isaias
538 3921 604 3976 de
626 3920 1099 3977 nummulariorum
1116 3921 1344 3988 vafritie,
1359 3927 1493 3979 etde
1513 3939 1809 3995 cauponum
1827 3941 1947 3981 cor-

314 4034 317 4037 ·
360 4011 565 4081 ruptela
590 4012 836 4082 loquutus
865 4012 1049 4067 fuisset
1079 4030 1093 4067 :
1134 4012 1228 4067 sed
1256 4022 1536 4083 argentum
1571 4014 1654 4071 hic
1674 4016 1806 4071 dicit
1833 4018 1945 4072 elo-

360 4102 482 4173 quia
515 4102 605 4158 Dei
632 4144 645 4163 .
676 4112 728 4158 et
757 4103 938 4157 viuum
969 4102 1266 4159 doctrinam
1292 4145 1307 4171 ,
1347 4120 1505 4174 quam
1550 4108 1946 4176 permiscebant

358 4210 484 4251 suas
522 4196 779 4252 addentes
806 4197 1131 4267 disciplinas.
1170 4197 1283 4269 Ego
1311 4215 1441 4255 vero
1471 4200 1607 4257 hanc
1627 4204 1942 4273 explicatio-

360 4301 481 4341 nem
530 4302 634 4341 non
686 4288 964 4357 improbo,
995 4289 1089 4345 sed
1132 4292 1287 4345 aliam
1334 4292 1597 4348 veriorem
1640 4310 1759 4350 esse
1799 4295 1942 4352 dico.

359 4376 473 4433 Non
505 4378 665 4432 modo
691 4379 832 4433 enim
860 4394 965 4433 non
997 4380 1270 4451 indignum
1295 4384 1556 4453 pr0pheta
1578 4394 1633 4439 et
1660 4384 1727 4439 de
1752 4388 1946 4443 talibus

364 4471 528 4540 loqui,
560 4470 653 4525 sed
682 4471 834 4527 valde
856 4471 1072 4541 dignum
1102 4481 1155 4526 et
1186 4473 1274 4527 illo
1302 4484 1359 4528 et
1391 4474 1487 4529 Dei
1514 4475 1859 4547 benignitate.
1882 4480 1947 4534 Et

358 4562 485 4634 quid
531 4576 665 4632 opus
705 4572 791 4617 est
835 4563 996 4617 multa
1036 4563 1266 4620 dicere?
1293 4564 1427 4619 Cum
1471 4566 1613 4622 enim
1639 4568 1946 4638 unigenitus

363 4656 454 4711 Dei
481 4655 644 4710 Filius
671 4655 950 4711 sublimem
973 4656 1202 4711 all'erens
1221 4656 1515 4713 doctrinam
1539 4660 1773 4729 advenit,
1796 4677 1948 4717 cum-

358 4764 462 4818 que
488 4748 784 4818 angelicum
809 4747 933 4802 vita:
971 4748 1271 4803 institutum
1311 4748 1755 4806 disseminaturus
1776 4764 1943 4819 esset,

361 4856 465 4892 nou
512 4854 677 4909 pauca
727 4848 779 4893 et
808 4840 920 4909 ipse
963 4838 1030 4894 de
1075 4840 1344 4896 mensuris
1380 4841 1650 4907 disseruit,
1684 4842 1856 4915 deque
1884 4847 1947 4901 iis

358 4946 479 4998 quae
522 4931 710 4986 viliora
762 4931 1083 4987 videbantur
1118 4947 1259 4999 esse,
1306 4933 1375 4989 de
1421 4935 1848 5003 salutationibus,
1877 4940 1947 4995 de

360 5024 537 5079 medio
587 5025 706 5080 loco
743 5025 840 5096 (α),
887 5025 955 5081 de
1004 5027 1178 5096 primo
1220 5027 1485 5083 accubitu.
1526 5028 1657 5085 Nam
1686 5030 1800 5087 haec
1828 5048 1947 5103 qua:

360 5119 548 5189 exigua
583 5119 834 5174 videntur
856 5135 995 5185 esse,
1029 5122 1073 5177 si
1117 5122 1468 5193 negligantur,
1497 5126 1670 5195 magni
1703 5139 1949 5197 peccato-

360 5226 478 5266 rum
512 5212 723 5267 fomites
759 5224 901 5267 snut.
934 5213 1086 5281 Quod
1115 5214 1159 5269 si
1184 5214 1254 5269 'iu
1286 5215 1434 5269 Novo
1464 5216 1805 5273 Testamento
1834 5220 1948 5275 lucc

423 5349 496 5409 (α)
530 5348 584 5397 lu
604 5355 782 5405 Graeco,
807 5368 1008 5410 ptmpzn.
1032 5356 1143 5400 "me
1164 5358 1301 5399 recte
1328 5358 1459 5400 notat
1481 5353 1679 5402 Savilius
1700 5353 1789 5404 hoc
1805 5355 1909 5404 loco
1931 5370 1944 5407 :

369 5428 389 5455 α
414 5429 615 5476 magna
638 5410 820 5476 medios
844 5411 1053 5476 incessus
1090 5412 1368 5476 signiﬁcat;
1396 5415 1478 5476 qui
1528 5414 1661 5465 locus
1705 5425 1781 5467 est
1820 5419 1947 5467 inter

361 5471 701 5539 ambulandum
727 5471 1156 5539 honoratissimus?
1182 5475 1294 5523 inde
1322 5471 1441 5539 illud
1470 5476 1775 5539 Imperatoris
1797 5480 1855 5528 ad
1889 5482 1948 5528 h-

363 5534 556 5583 licrttuu
580 5547 719 5582 suum
744 5537 872 5585 inter
894 5536 1018 5585 duos
1039 5543 1296 5585 senatores
1336 5534 1551 5587 inediuni
1578 5540 1906 5591 ambulantem
1932 5556 1944 5591 :

363 5609 525 5645 annon
549 5602 593 5644 te
617 5595 761 5665 pudet
782 5596 907 5649 inter
928 5611 1009 5650 eos
1038 5598 1259 5661 medium
1280 5597 1522 5657 incedere,
1548 5615 1750 5665 quorum
1786 5606 1967 5655 servus

364 5668 467 5708 esse
482 5666 659 5721 poteris
678 5658 703 5709 ἵ
724 5675 746 5703 ι

2048 307 2325 382 dirigenda
2352 322 2525 379 erant,
2557 312 2725 369 multo
2756 316 2924 385 magis
2951 315 3002 370 in
3027 315 3231 385 Veteri,
3252 318 3462 392 quando
3477 335 3615 375 cras-

2045 404 2219 459 siores
2247 406 2520 460 auditores
2549 416 2726 475 erant,
2755 418 2811 463 et
2839 417 2946 465 tota
2969 410 3182 465 illorum
3205 412 3327 467 vitae
3347 415 3474 470 ratio
3494 416 3617 472 hinc

2048 496 2350 566 regebatur,
2373 511 2495 551 cum
2518 499 2745 567 populus
2774 500 2859 555 his
2883 502 3053 572 magis
3076 502 3398 571 erudiretur,
3418 516 3471 560 ut
3496 523 3620 575 pro-

2045 588 2131 642 cul
2154 588 2301 643 omni
2331 588 2565 658 nequitia
2597 600 2760 658 esset,
2787 601 2842 647 et
2871 594 2923 648 in
2969 594 3117 649 nullo
3156 596 3446 665 proximum
3476 593 3617 649 frau-

2046 678 2220 743 daret,
2255 695 2429 751 neque
2466 697 2562 752 per
2600 683 2791 739 malam
2822 684 2973 739 illam
3013 688 3388 758 cauponariam
3425 703 3616 759 paupe-

2047 771 2218 826 riores
2238 774 2584 843 opprimeret.

2118 862 2171 917 8.
2201 862 2295 918 llis
2333 879 2562 936 namque
2605 866 2860 939 neglectis
2904 883 3047 940 saepe
3075 872 3315 928 civitates
3342 877 3620 939 subversae,

2046 963 2101 1009 et
2131 955 2397 1026 principes
2423 956 2492 1012 de
2517 958 2652 1013 solio
2676 960 2939 1016 deturbati
2962 972 3106 1029 sunt,
3131 964 3372 1034 bellaque
3400 967 3625 1036 inexpia-

2050 1044 2174 1101 bilia
2224 1048 2476 1104 suscitata
2518 1067 2534 1105 :
2570 1052 3020 1121 quemadmodum
3062 1054 3147 1111 his
3188 1056 3473 1114 observatis
3517 1077 3619 1129 pax

2048 1139 2213 1194 multa
2240 1149 2295 1197 et
2323 1143 2676 1213 tranquillitas
2705 1145 2822 1211 fuit,
2850 1162 3057 1203 necnon
3087 1150 3346 1206 securitas
3372 1153 3434 1207 ad
3461 1154 3625 1209 virtu-

2046 1239 2156 1289 tem
2200 1234 2490 1291 deducens.
2533 1236 2624 1293 23.
2659 1237 2925 1311 Principes
2969 1242 3043 1295 tui
3084 1242 3452 1315 inobsequentes
3484 1259 3624 1303 sunt.

2046 1325 2289 1383 Maximte
2354 1329 2682 1400 aegritudinis
2727 1341 2782 1387 et
2832 1335 3193 1404 perversitatis
3251 1338 3453 1408 signum
3502 1352 3624 1407 est,

2046 1420 2259 1492 quando
2279 1422 2471 1478 medici
2501 1426 2717 1481 morbos
2741 1425 3004 1497 adaugent
3027 1428 3126 1501 (α).
3155 1430 3452 1503 Principum
3481 1436 3626 1489 enim

2046 1524 2129 1573 est
2156 1517 2333 1587 populi
2362 1517 2650 1573 dissolutos
2690 1534 2868 1576 mores
2894 1536 3257 1594 compescere,
3302 1536 3440 1583 recte
3483 1529 3631 1583 ordi-

2046 1624 2196 1675 nare,
2222 1611 2497 1683 ipsumque
2520 1612 2723 1682 legibus
2747 1614 3200 1685 obtemperantem
3229 1620 3445 1676 reddere
3465 1639 3479 1676 :
3502 1636 3629 1677 cum

2046 1710 2223 1756 autem
2255 1704 2351 1771 ipsi
2373 1705 2528 1774 primi
2557 1706 2701 1775 leges
2728 1709 3207 1779 transgrediuntur,
3229 1712 3487 1783 quomodo
3505 1715 3632 1769 aliis

2045 1791 2293 1848 doctores
2335 1794 2566 1851 fuerint?
2613 1798 2740 1852 Illud
2778 1801 2943 1867 enim,
2989 1800 3376 1874 lnobsequentes
3410 1816 3538 1875 sunt,
3579 1808 3632 1861 id

2046 1896 2147 1952 est,
2178 1888 2293 1943 Non
2321 1889 2686 1960 obsequuntur
2716 1892 2838 1963 legi,
2872 1905 3134 1965 prmcepta
3158 1912 3265 1952 non
3294 1910 3535 1955 servant:
3580 1902 3633 1955 id

2044 1979 2187 2050 quod
2211 1980 2369 2035 etiam
2402 1981 2597 2038 Paulus
2622 1984 2749 2054 ipsis
2776 1986 2983 2040 crimini
3012 1987 3103 2043 dat
3127 1989 3309 2044 dicens
3338 2008 3353 2044 :
3388 1991 3480 2058 Qui
3505 2009 3637 2064 ergo

2045 2070 2203 2124 alium
2226 2072 2394 2136 doces,
2423 2076 2635 2140 teipsum
2670 2091 2771 2129 non
2796 2076 2944 2130 doces
2970 2077 3142 2148 (Rom.
3166 2080 3219 2133 2.
3246 2081 3305 2134 2|
3322 2082 3382 2149 )i
3407 2083 3636 2150 Quando

2046 2176 2175 2232 ergo
2205 2162 2356 2217 radix
2384 2173 2633 2233 corrupta
2664 2164 2841 2230 fuerit,
2872 2168 2940 2223 de
2978 2171 3141 2227 ramis
3165 2172 3290 2242 quid
3322 2173 3441 2228 boni
3461 2177 3640 2241 conji-

2046 2252 2196 2307 cias?
2223 2252 2365 2309 Socii
2392 2259 2584 2324 furum.
2619 2257 2871 2313 Acoessio
2894 2259 3149 2327 criminis,
3176 2264 3314 2334 quod
3334 2280 3434 2320 non
3454 2268 3639 2322 solum

2048 2346 2185 2400 mala
2217 2360 2321 2400 n0n
2351 2358 2653 2412 coerceant,
2698 2349 2791 2405 sed
2830 2361 3053 2408 conatus
3080 2353 3133 2408 in
3160 2358 3478 2413 contrarium
3507 2376 3640 2415 ver-

2046 2446 2179 2505 tant,
2222 2454 2326 2493 non
2361 2441 2518 2494 modo
2557 2441 2700 2497 fures
2746 2459 2851 2499 non
2894 2458 3220 2519 oppugnent,
3270 2451 3363 2506 sed
3408 2461 3460 2507 et
3502 2454 3640 2524 ipsis

2042 2527 2354 2599 iungantur,
2387 2548 2451 2587 ex
2480 2532 2744 2589 diametro
2782 2538 3080 2607 oppositam
3118 2541 3298 2596 virtuti
3339 2543 3640 2614 principum

2049 2623 2334 2693 nequitiam
2366 2624 2645 2681 adeuntes.
2679 2626 2954 2699 Diligentes
2984 2647 3213 2686 munera.
3252 2633 3427 2690 Altera
3457 2640 3640 2707 gravi:

2047 2714 2254 2783 species
2279 2713 2432 2771 famis
2455 2717 2591 2782 auri,
2623 2732 2740 2788 quae
2770 2718 3002 2775 fucatum
3032 2723 3245 2792 quidem
3288 2726 3445 2782 habet
3480 2744 3640 2799 argu-

2048 2815 2306 2872 mentum,
2342 2808 2438 2863 sed
2484 2808 2865 2867 benevolentiae
2892 2813 3111 2869 obtentu
3139 2826 3431 2873 extremam
3464 2824 3640 2876 avari

2050 2899 2174 2952 tiam
2224 2898 2421 2971 prodit.
2475 2899 2837 2973 Persequentes
2881 2906 3279 2964 retributionem.
3328 2910 3639 2967 Memoriam

2048 2988 2360 3060 injuriarum
2387 3007 2513 3065 erga
2562 2993 2807 3053 inimicos
2836 3009 3129 3067 servantes,
3162 3001 3299 3057 mala
3344 3003 3640 3062 retribuen

2048 3092 2308 3139 conantur
2337 3086 2401 3142 iis
2427 3087 2513 3157 qui
2541 3102 2599 3143 se
2629 3088 2818 3159 injuria
2846 3090 3153 3160 affecerunt,
3181 3110 3300 3166 qua:
3346 3107 3427 3153 est
3453 3098 3640 3170 ingen:

2049 3176 2263 3231 malitia:
2308 3178 2513 3246 species
2553 3197 2568 3234 :
2608 3182 2953 3250 quamobrem
3000 3199 3104 3240 non
3150 3186 3202 3241 in
3245 3186 3391 3243 Novo
3435 3200 3640 3249 tantun

2049 3260 2413 3335 Testamento,
2445 3271 2539 3327 sed
2564 3274 2720 3327 etiam
2754 3274 2805 3329 in
2836 3275 3035 3343 Veteri,
3069 3294 3260 3350 magno
3289 3282 3467 3337 studio
3495 3300 3640 3341 coer

2049 3372 2219 3416 cetur.
2251 3361 2505 3416 Malitiam
2529 3356 2924 3437 enim,'inquit,
2971 3370 3191 3439 proximi
3221 3374 3300 3426 sui
3341 3390 3405 3427 ne
3450 3391 3639 3434 νει-σεε

2050 3456 2259 3525 quisque
2285 3464 2500 3510 vestrum
2542 3456 2596 3511 in
2645 3459 2796 3513 corde
2830 3477 2921 3514 suo
2958 3461 3139 3532 (Zach.
3174 3464 3225 3517 7.
3261 3465 3372 3535 10).
3417 3468 3506 3521 Ab
3556 3470 3639 3523 Im

2050 3547 2191 3601 enim
2222 3548 2469 3617 nequitia:
2498 3563 2695 3618 genere
2730 3543 2920 3620 puruni
2960 3567 3079 3610 esse
3113 3565 3325 3624 oportet
3362 3561 3640 3628 populum

2050 3639 2324 3710 multoque
2354 3643 2523 3711 magis
2568 3643 2883 3714 principem,
2932 3648 3018 3716 qui
3067 3649 3291 3706 subditis
3341 3653 3393 3707 in
3440 3653 3639 3723 judici

2053 3730 2344 3800 praecipere
2371 3732 2549 3797 debet,
2580 3745 2635 3788 ut
2662 3746 2860 3804 ponant
2892 3737 3213 3807 inimicitias,
3253 3758 3320 3798 ne
3366 3754 3574 3813 portus
3619 3750 3636 3803 i

2051 3822 2329 3890 scopulum
2356 3831 2610 3878 vertatur.
2649 3824 2871 3896 Pupillis
2899 3846 2997 3882 non
3020 3830 3328 3895 iudicantes.
3359 3835 3416 3890 ld
3448 3847 3569 3902 est,
3606 3841 3640 3896 ii

2052 3928 2157 3967 non
2184 3916 2600 3984 patrocinanles,
2632 3927 2681 3971 ut
2710 3918 2798 3988 jus
2833 3934 2985 3975 suum
3017 3922 3311 3980 obtineant.
3359 3926 3424 3981 Et
3444 3930 3640 3999 judici

2051 4006 2315 4058 viduarum
2341 4022 2439 4060 non
2469 4009 2798 4063 attendentes.

2128 4098 2247 4153 Non
2272 4099 2422 4153 modo
2456 4102 2646 4154 malum
2674 4114 2981 4173 perpetrare,
3027 4105 3116 4160 sed
3140 4107 3289 4161 etiam
3325 4108 3525 4165 bonum
3565 4132 3640 4169 ne

2052 4208 2201 4263 agere
2228 4193 2426 4247 crimini
2453 4193 2624 4248 datur.
2649 4224 2722 4235 ——
2745 4194 3167 4266 Observandum,
3208 4216 3315 4256 non
3346 4204 3519 4259 modo
3554 4224 3640 4264 m:

2054 4283 2163 4337 lum
2194 4292 2521 4353 perpetrare,
2554 4285 2645 4340 sed
2673 4287 2830 4342 etiam
2863 4288 3061 4344 bonum
3091 4307 3195 4347 non
3226 4308 3406 4364 agere,
3438 4298 3640 4355 ενίιιιῑπ

2052 4375 2188 4439 dari,
2219 4376 2666 4444 quemadmodum
2688 4380 2845 4434 etiam
2876 4381 2925 4435 in
2959 4382 3106 4438 Novo
3127 4384 3500 4443 Testamento.
3528 4391 3639 4446 Nai

2052 4467 2142 4538 qui
2170 4469 2491 4524 esurientem
2523 4485 2628 4524 non
2652 4472 2819 4537 alunt,
2850 4488 2953 4527 non
2985 4476 3106 4544 quia
3132 4477 3301 4531 aliena
3329 4493 3640 4549 rapuerun

2053 4560 2144 4614 sed
2173 4561 2292 4630 quia
2324 4576 2418 4615 sua
2444 4562 2628 4632 egenis
2656 4579 2760 4617 non
2783 4576 3086 4635 erogarunt,
3112 4567 3162 4621 in
3183 4568 3451 4638 gehennae
3480 4574 3639 4643 igne

2055 4653 2371 4707 mittuntur:
2410 4652 2488 4709 sic
2512 4652 2674 4724 igitur
2709 4654 2762 4709 hi
2803 4671 2944 4711 nunc
2988 4656 3315 4727 incusantur,
3361 4675 3479 4718 non
3519 4682 3640 4736 qui

2054 4745 2241 4799 alienis
2264 4746 2416 4800 bouis
2446 4746 2668 4813 inhient,
2702 4763 2806 4802 non
2837 4749 2975 4819 quod
3008 4751 3201 4820 injuste
3230 4756 3475 4822 potentia
3511 4768 3633 4814 uta

2057 4845 2156 4899 tur,
2190 4836 2281 4889 sed
2310 4837 2452 4907 quod
2488 4839 2669 4909 egenis
2696 4838 2987 4895 officiosam
3020 4858 3233 4897 manum
3264 4860 3371 4899 non
3403 4850 3639 4907 tendat

2053 4927 2141 4981 24.
2182 4926 2395 4999 PrOpter
2433 4928 2528 4983 hoc
2571 4930 2679 4984 ha’c
2716 4931 2837 4985 dicit
2881 4930 3181 4988 Dominator
3212 4934 3477 4993 Dominus
3532 4940 3640 4999 Sa

2055 5019 2225 5085 boot/1,
2258 5030 2431 5089 potens
2457 5020 2624 5077 Israel
2655 5038 2673 5076 :
2703 5022 2751 5077 id
2791 5032 2893 5090 est,
2938 5026 3138 5094 populi.
3177 5026 3291 5082 Non
3331 5031 3460 5085 sine
3501 5048 3640 5091 catt

2056 5112 2205 5176 illud,
2240 5113 2450 5180 Potens,
2472 5116 2671 5184 posuit,
2703 5116 2794 5170 scd
2828 5117 2878 5171 in
2910 5118 3220 5173 memoriam
3253 5134 3544 5178 revocans
3590 5129 3640 5182 il

2119 5296 2192 5367 (rt)
2219 5296 2273 5345 lu
2284 5303 2465 5367 prtem,
2476 5308 2544 5367 1a,
2568 5298 3241 5367 tegentetegentefrilmannus
3254 5301 3423 5367 vertit,
3444 5301 3640 5367 inferi

2054 5358 2258 5429 morbos:
2277 5359 2367 5408 sed
2393 5358 2569 5429 melius
2592 5358 2900 5429 intelligitur,
2923 5361 2969 5409 ni
3003 5360 3360 5429 fallor,_morbos
3382 5358 3640 5429 adath

2055 5422 2182 5493 utuiu
2199 5420 2483 5493 diuturnius
2506 5429 2701 5493 tempus
2725 5423 3012 5493 extrahant;
3040 5424 3118 5493 vel
3148 5425 3272 5473 forte.
3295 5425 3370 5474 sic
3386 5420 3613 5493 possit

2055 5480 2231 5549 telligi,
2259 5481 2307 5530 in
2330 5481 2506 5549 morbis
2528 5480 2621 5549 ipsi
2640 5491 2920 5544 versantur;
2944 5499 3055 5549 quae
3087 5480 3439 5549 interpretatio
3484 5480 3639 5543 ηιιέι

2200 5519 2209 5529 .
2331 5519 2505 5533 ...νηησ
2528 5519 2543 5532 .
2641 5519 2874 5534 “HW...”
2981 5519 3054 5533 ...μ
3240 5519 3438 5536 ..
3486 5519 3529 5537 ..
3564 5519 3608 5543 .;

2055 5519 2294 5609 quadrare
2319 5519 2590 5609 videtnrad
2627 5558 2685 5609 ea
2708 5559 2818 5609 (pne
2842 5519 3131 5609 sequ'untur.
3157 5519 3248 5598 scil
3281 5549 3319 5597 si
3363 5550 3443 5598 sic
3477 5519 3639 5605 ἱειίέ

2058 5606 2270 5669 gendum
2295 5613 2446 5663 esset,
2472 5606 2649 5669 aliquid
2674 5606 2822 5657 seriei
2863 5606 3039 5659 Grieczc
3060 5609 3334 5659 addendum
3375 5611 3631 5669 vidergt

2058 5668 2193 5715 verbi
2223 5669 2393 5731 gratia.
2421 5681 2467 5726 ιίς
2491 5668 2563 5726 τάςῗ
2579 5685 2702 5728 vdeo-4;
2724 5683 2960 5734 ἰπιτρὶευσιν.
