3674 6276
127 230 183 286 25
1438 242 1503 299 ΙΝ
1540 242 1578 299 l!

1946 250 1982 299 ’.
2026 245 2065 300 1.
3329 261 3397 316 96

126 366 187 411 ea.
212 362 334 417 qum
362 359 577 419 praeter
601 368 754 424 spem
781 357 1096 426 consequuti
1126 364 1270 423 sunt,
1292 355 1569 423 beneﬁcia,
1599 373 1722 427 gra-

124 456 319 510 vesque.
347 457 500 513 quas
532 446 676 515 passi
696 456 842 514 sunt,
871 463 1075 519 pmnas.
1103 448 1237 515 Quia
1263 449 1407 504 enim
1433 466 1555 505 cum
1576 465 1720 519 sa-pe

122 544 162 586 et
184 535 346 588 multa
396 548 748 607 peccassent,
778 549 832 595 et
862 556 1105 611 magnam
1147 541 1241 596 Dei
1273 541 1580 611 patientiam
1619 557 1716 598 ert-

121 625 231 694 perti
273 636 495 695 essent,
557 629 613 684 in
665 631 925 701 ignaviam
975 631 1291 697 inciderunt,
1338 632 1391 687 id
1431 642 1579 688 certe
1608 633 1718 687 vult

120 718 399 785 declarare,
431 721 588 790 quod
618 722 866 778 videlicet
898 725 1087 794 possit,
1129 724 1343 795 quando
1375 726 1506 788 vult,
1538 726 1713 780 vindi-

119 822 237 864 ctam
265 827 525 877 sumere.
574 815 694 870 sine
736 816 841 870 ulla
872 826 1084 871 servata
1124 818 1377 887 temporis
1414 818 1495 872 vel
1520 833 1716 888 oppor-

122 903 343 957 tunitatis
365 906 694 970 occasione,
727 907 818 961 sed
848 908 1026 963 omnia
1071 909 1170 965 sibi
1211 923 1424 979 semper
1454 920 1633 979 parata
1660 919 1713 964 et

119 996 169 1048 ad
196 1011 417 1052 manum
446 1014 602 1054 esse.
638 998 725 1053 Vw
747 1001 958 1069 fortibus
984 1000 1150 1056 Israel
1175 1019 1194 1057 :
1219 1019 1319 1057 non
1345 1004 1478 1058 enim
1501 1003 1711 1057 cessabit

116 1090 241 1156 furor
262 1106 411 1143 mea
453 1103 644 1144 contra
669 1092 904 1147 inimicos
943 1110 1098 1148 meos.
1127 1094 1263 1160 Quid
1291 1095 1431 1148 enim
1463 1094 1711 1151 miserius

116 1180 185 1241 iis,
208 1180 297 1249 qui
325 1180 509 1237 Deum
542 1182 743 1238 habent
768 1184 1076 1240 inimicum?
1102 1185 1224 1240 Non
1252 1186 1483 1251 cessabit,
1517 1187 1706 1258 inquit,

114 1290 203 1327 non
240 1283 299 1327 ut
342 1275 399 1330 in
445 1276 885 1346 desperationem
927 1278 1206 1347 conjiciat,
1248 1279 1340 1334 sed
1370 1288 1427 1333 ut
1464 1280 1708 1335 timorem

114 1381 295 1437 augens
320 1368 391 1421 ad
424 1370 804 1437 paenitentiam
832 1380 1003 1426 vocet.
1038 1370 1168 1425 Nam
1202 1372 1313 1435 illo,
1347 1370 1467 1427 Non
1499 1371 1709 1427 cessabit

116 1463 259 1527 furor,
291 1462 603 1516 terribilius
632 1471 714 1516 est
737 1462 885 1529 illud,
914 1462 1102 1517 Contra
1126 1463 1355 1517 inimicos
1380 1480 1535 1518 meos.
1561 1464 1705 1519 Nihil

115 1552 234 1604 enim
270 1554 345 1605 ita
382 1552 563 1607 Deum
609 1552 678 1608 ad
728 1554 860 1608 iram
905 1555 1172 1609 concitare
1220 1556 1375 1616 solet.
1408 1567 1464 1609 ut
1512 1556 1705 1626 injuria

116 1643 427 1711 pauperibus
474 1646 641 1699 facta.
704 1643 789 1699 γω
838 1653 1017 1700 autem
1060 1647 1274 1717 fortibus
1318 1645 1560 1713 dicebat,
1598 1662 1704 1703 non

117 1734 234 1802 quod
262 1736 597 1805 potentiam,
627 1738 721 1792 sed
750 1738 892 1806 quod
918 1739 1203 1807 potentiam
1233 1739 1300 1795 ad
1330 1739 1529 1795 malum
1553 1741 1708 1796 adhi-

118 1828 256 1880 bitam
285 1828 698 1883 criminaretur.
746 1830 1131 1887 Fortitudinem
1172 1847 1304 1887 vero
1330 1833 1418 1888 hic
1446 1849 1551 1889 non
1586 1850 1707 1890 cor-

115 1919 238 1987 puris
259 1918 417 1982 dicit,
451 1920 554 1975 sed
583 1935 704 1976 eam
736 1922 1022 1991 potentiam
1048 1938 1166 1993 quae
1190 1938 1259 1979 ex
1293 1924 1452 1980 rebus
1476 1927 1707 1982 circum-

116 2010 361 2065 stantibus
394 2012 632 2080 paritur.
664 2013 731 2066 Et
747 2014 1000 2083 judicium
1020 2004 1212 2086 “faciam
1235 2016 1300 2070 de
1322 2017 1536 2073 inimicis
1556 2020 1699 2075 meis.

116 2104 327 2159 Plectam
359 2104 619 2161 inimicos
648 2121 819 2172 meos,
865 2107 1110 2164 inimicos
1147 2123 1274 2165 suos
1296 2125 1495 2167 vocans
1522 2112 1700 2167 inimi-

115 2209 190 2248 cas
223 2211 561 2266 pauperum,
603 2198 693 2268 qui
743 2198 847 2253 illis
883 2198 1134 2255 damnum
1176 2200 1413 2258 inferunt
1447 2220 1460 2257 :
1491 2202 1543 2257 id
1574 2220 1702 2260 vero

112 2287 303 2342 dicebat
334 2298 397 2342 ut
424 2288 611 2344 discas
638 2288 911 2359 injustitize
940 2293 1385 2365 magnitudinem.
1404 2294 1491 2350 25.
1524 2295 1592 2350 Et
1618 2296 1702 2351 in-

113 2383 275 2432 duam
309 2398 538 2436 orarium
576 2399 743 2438 meum
775 2401 930 2454 super
968 2395 1035 2452 le,
1064 2396 1111 2441 et
1135 2404 1411 2458 eacoquam
1441 2400 1489 2445 te
1512 2392 1580 2444 ad
1606 2408 1702 2462 pu-

110 2489 224 2525 rus.
256 2473 328 2529 Ut
369 2474 579 2543 discas,
608 2476 1008 2549 qualiscumque
1032 2478 1103 2534 sit
1127 2479 1204 2533 ira
1246 2479 1338 2535 Dei
1360 2492 1418 2545 ,et
1443 2482 1695 2550 vindicta,

110 2580 208 2619 eam
236 2580 345 2620 non
380 2567 433 2619 in
463 2566 689 2629 malum,
717 2576 773 2624 et
811 2578 869 2623 ut
897 2584 1069 2640 ptume
1099 2570 1394 2627 inferantur
1416 2574 1589 2628 solum
1617 2575 1701 2629 in-

109 2661 218 2727 ﬁgi,
246 2663 344 2717 sed
392 2673 453 2717 ut
503 2662 541 2717 ii
585 2663 674 2734 qui
720 2664 1009 2734 puniuntur
1054 2665 1120 2721 ad
1171 2666 1444 2724 meliorem
1490 2667 1694 2735 frugem

108 2764 437 2809 revocentur.
476 2755 551 2808 Et
580 2771 855 2825 emt-aquam
896 2766 962 2822 te,
994 2756 1184 2828 inquit,
1229 2758 1300 2811 ad
1331 2774 1534 2829 purum.
1579 2759 1694 2815 Non

106 2859 217 2913 ergo
239 2861 367 2898 cum
395 2845 749 2915 castigamur,
780 2845 874 2901 sed
906 2861 1026 2901 cum
1069 2862 1370 2915 peccamus,
1390 2864 1486 2905 nos
1512 2850 1697 2907 dolere

106 2950 187 3003 par
206 2947 286 2991 est
320 2956 337 2991 :
370 2937 509 2991 illud
549 2938 691 2993 enim
728 2938 935 3005 sordes,
980 2938 1084 2995 hoc
1121 2941 1485 3011 purgationem
1532 2945 1690 3013 parit.

105 3029 221 3096 Quid
249 3039 438 3083 autem
469 3038 578 3095 est,
607 3030 691 3083 Ad
717 3031 940 3100 purum?
972 3030 1038 3087 Ut
1067 3047 1134 3088 ne
1164 3034 1447 3103 vestigium
1477 3036 1690 3105 quidem

106 3121 257 3175 turdis
287 3121 343 3175 in
378 3132 432 3176 te
462 3130 701 3177 maneat.
741 3121 894 3190 Quod
936 3123 1079 3178 enim
1113 3138 1245 3179 auro
1288 3126 1425 3196 ignis
1455 3136 1558 3193 est,
1592 3127 1694 3183 hac

104 3214 287 3283 gnaris
311 3216 671 3286 supplicium.
722 3214 1074 3272 Inobedienles
1115 3234 1231 3273 vero
1262 3219 1488 3289 perdam,
1520 3230 1567 3275 et
1592 3238 1689 3274 au-

105 3312 241 3376 feram
263 3324 447 3362 omnes
471 3308 708 3364 inimicos
727 3325 759 3363 α
784 3318 852 3376 te,
872 3319 922 3363 et
941 3325 1113 3365 omnes
1126 3311 1369 3380 superbos
1389 3312 1685 3368 humiliabo.

104 3398 186 3461 Qui
211 3398 382 3461 enim,
418 3399 619 3469 inquit,
661 3398 1025 3455 insanabiliter
1049 3410 1329 3472 mgrotant,
1365 3418 1464 3457 nec
1491 3405 1692 3473 suppli-

105 3490 183 3544 eis
210 3490 437 3555 cedunt,
474 3490 533 3545 hi
563 3490 827 3560 peribunt.
856 3490 985 3546 Nam
1023 3507 1142 3562 qua)
1187 3493 1385 3547 utilitas
1408 3508 1474 3549 ex
1500 3508 1686 3549 eorum

103 3582 207 3646 vita,
235 3583 485 3649 quando,
513 3582 641 3637 dum
670 3582 875 3646 vivunt,
904 3592 960 3638 et
987 3583 1085 3638 sibi
1112 3593 1168 3639 et
1193 3583 1313 3639 aliis
1337 3568 1689 3641 insidiantur?

103 3676 183 3739 Qui
207 3685 391 3730 autem
416 3691 489 3731 ex
514 3690 699 3731 eorum
727 3675 986 3747 supplicio
1015 3675 1261 3732 meliores
1297 3677 1408 3733 ﬁeri
1442 3688 1684 3748 possunt,

105 3770 130 3821 ii
172 3770 494 3825 manebunt.
550 3768 653 3825 llic
696 3784 859 3840 porro
900 3768 1029 3824 mihi
1072 3770 1282 3825 videtur
1324 3770 1685 3840 captivitatem

102 3862 450 3917 subittdicare.
482 3861 576 3915 26.
611 3859 677 3914 Et
702 3861 977 3930 preﬁciam
990 3859 1195 3931 judices
1219 3870 1351 3925 tuos,
1374 3861 1503 3916 sicut
1521 3862 1683 3933 prius,

101 3964 138 4005 et
159 3953 480 4007 consiliarios
506 3961 642 4018 tuos,
671 3954 799 4005 sicut
827 3952 889 4005 ab
914 3953 1079 4006 initio.

160 4045 209 4097 9.
236 4044 337 4098 llic
365 4044 602 4098 reditum
628 4043 923 4098 annuntiat.
953 4044 1021 4099 Iis
1045 4044 1185 4098 enim
1207 4045 1295 4114 qui
1318 4043 1686 4100 insatiabiliter

104 4136 421 4203 mutabant
438 4135 688 4202 sublatis,
711 4146 767 4190 et
788 4137 853 4191 iis
871 4137 959 4205 qui
982 4135 1400 4206 resipiscentiam
1430 4135 1685 4192 exhibere

103 4238 330 4296 pateram
374 4227 717 4293 emendatis,
762 4237 1061 4297 Opportune
1098 4228 1356 4297 reliquam
1394 4228 1686 4282 curationis

102 4322 319 4387 speciem
364 4320 588 4375 adhibet
620 4337 635 4373 :
665 4334 727 4375 ea
769 4328 851 4375 est
887 4320 1226 4390 probatorum
1259 4320 1552 4391 principum
1583 4321 1681 4377 do-

98 4413 338 4475 minatus,
362 4422 413 4466 et
436 4412 866 4467 consiliariorum
890 4410 1150 4466 bonorum
1170 4411 1351 4481 copia;
1382 4420 1440 4466 ut
1458 4427 1685 4481 corpore

100 4506 341 4560 remediis
384 4504 645 4570 cedente,
685 4504 1010 4575 medicisque
1051 4504 1266 4574 optimis
1312 4504 1682 4569 adSIantibus;

100 4598 229 4652 urbis
259 4608 445 4667 partes
472 4595 707 4665 undique
735 4595 800 4648 ad
830 4596 1112 4650 sanitatem
1139 4608 1534 4651 revocarentur.
1564 4596 1682 4651 Non

99 4694 223 4745 enim
250 4706 483 4761 parvum
528 4687 774 4744 beneﬁcii
812 4704 980 4759 genus
1009 4698 1125 4756 est,
1155 4689 1421 4759 principes
1448 4690 1681 4745 nancisci

100 4788 268 4841 tortos.
300 4784 369 4838 Et
392 4795 509 4853 post
530 4784 638 4838 hac
659 4783 913 4837 vocaberis
932 4783 1107 4837 civitas
1127 4782 1362 4852 justitiw,
1389 4784 1682 4851 metropolis

106 4876 211 4929 Sis:
250 4876 444 4945 ﬁdelis.
494 4875 657 4944 Atqui
703 4888 963 4942 nusquam
1010 4873 1308 4943 reperimus
1351 4873 1680 4943 hoc-nomen

102 4971 198 5023 urbi
238 4969 710 5039 Jerosolymorum
743 4965 984 5020 inditum.
1018 4964 1155 5031 Quid
1190 4980 1318 5035 ergo
1343 4964 1682 5020 dixerimus?

103 5060 229 5116 [lane
258 5059 683 5132 appellationem
714 5073 781 5113 ex
809 5057 968 5112 rebus
999 5057 1127 5127 ipsis
1158 5056 1228 5111 illi
1256 5056 1516 5113 attribuit.

155 5152 456 5207 lucorum
478 5149 753 5220 objectioni
771 5148 1117 5218 respondetur.
1136 5177 1206 5187 —
1222 5147 1353 5202 Illud
1375 5163 1500 5203 vero
1526 5148 1680 5202 nobis

106 5259 186 5296 rm
208 5261 397 5315 parum
428 5244 558 5297 utile
585 5242 711 5307 erit,
738 5255 859 5295 cum
888 5239 1056 5295 Judaei
1083 5255 1112 5292 a
1144 5239 1297 5295 nobis
1325 5250 1505 5310 petent
1534 5240 1680 5295 vocis

109 5336 395 5391 ἰδιωτιυεί
455 5334 981 5403 interpretationem.
1047 5331 1209 5386 Isaias
1264 5347 1492 5402 namque
1547 5332 1680 5386 dixit

106 5428 346 5484 Christ
373 5430 455 5483 sic
487 5425 787 5481 vocandum
817 5424 963 5486 fore,
997 5432 1049 5478 ct
1084 5435 1259 5478 tamen
1290 5437 1576 5493 numquam
1602 5423 1679 5477 sic

108 5533 296 5575 ves-atus
322 5532 424 5587 est,
460 5519 887 5589 respondeamus
914 5516 1063 5586 ipsis,
1094 5530 1215 5570 eum
1246 5516 1463 5580 dixisse,
1498 5531 1677 5570 rerum

110 5613 519 5681 épﬁﬁmtionem
564 5612 737 5682 ipsius
782 5625 975 5664 nomen
1022 5624 1141 5663 esse
1184 5608 1335 5673 (lsai.
1366 5609 1418 5662 7.
1462 5608 1542 5677 4).
1589 5608 1679 5662 Sic

106 5714 235 5757 tiam
263 5707 349 5763 hic
376 5706 709 5761 faciendum.
742 5703 830 5756 9.7.
863 5702 990 5757 Cum
1016 5700 1217 5770 judicio
1244 5700 1374 5754 enim
1403 5698 1676 5754 saturabitur

1828 362 2095 430 captivitas
2117 367 2245 437 ejus,
2284 372 2333 419 et
2372 378 2488 417 cum
2535 362 2900 418 misericordia.
2937 362 3065 419 Cum
3087 363 3311 432 judicio,
3342 364 3397 421 id

1823 467 1904 510 est
1923 496 1937 519 ,
1978 471 2102 514 cum
2126 457 2355 514 vindicta
2375 499 2391 523 ,
2418 455 2656 512 cruciatu
2683 465 2737 511 et
2760 455 3023 527 supplicio
3045 455 3414 518 inimicorum.

1821 543 1949 601 Cum
1971 550 2352 613 misericordia,
2400 547 2502 603 hoc
2539 555 2658 614 est,
2699 562 2820 602 cum
2862 548 3025 603 multa
3056 549 3413 622 benignitate.

1822 640 1936 695 Duo
1974 641 2058 696 hic
2088 642 2216 712 ipsis
2244 643 2471 697 maxima
2500 641 2641 696 dona
2670 641 2952 711 pollicetur
2974 682 2990 708 ,
3040 642 3243 698 scilicet
3280 652 3403 700 tunc.

1818 746 2005 801 ptenas
2040 733 2259 788 daturos
2303 750 2397 788 eos
2426 734 2513 803 qui
2555 748 2613 787 se
2657 732 3025 800 abduxerunt,
3071 743 3299 806 tuncque
3343 749 3404 792 se

1819 822 1984 877 multa
2025 822 2283 881 fruiturus
2332 840 2451 880 esse
2501 824 2790 890 felicitate,
2837 839 3063 894 quorum
3119 836 3404 897 utrumque

1816 915 2043 971 seorsim
2069 931 2313 987 magnam
2346 924 2520 986 potest
2545 915 2737 972 aﬁ‘erre
2764 916 3091 985 volupta'em
3118 934 3130 970 :
3153 932 3273 973 cum
3305 932 3399 971 au-

1820 1017 1927 1063 tem
1952 1008 2112 1063 ambo
2136 1009 2538 1074 concurrerint,
2585 1007 2957 1064 inenarrabilis
3001 1009 3183 1063 laetitia
3220 1010 3400 1064 fuerit.

1816 1100 2044 1155 Aliunde
2068 1115 2198 1155 vero
2224 1100 2512 1157 ostendere
2541 1101 2758 1168 volens,
2790 1111 2909 1172 post
2939 1102 3146 1172 longam
3176 1103 3403 1172 captivi-

1818 1198 1979 1244 tatem
2010 1205 2124 1255 eos,
2149 1206 2254 1245 non
2281 1192 2421 1262 quod
2441 1191 2629 1261 dignas
2653 1205 2837 1261 poenas
2857 1191 3120 1257 dederint,
3141 1207 3239 1247 nec
3258 1194 3401 1261 quod

1816 1289 2029 1349 peccata
2076 1296 2170 1335 sua
2214 1282 2560 1351 expiaverint,
2608 1281 2702 1336 sed
2751 1291 2972 1352 propter
3023 1282 3400 1354 benignitatem

1816 1376 1929 1439 Dei,
1959 1377 2009 1430 in
2039 1392 2187 1431 suam
2214 1377 2395 1433 reduci
2421 1387 2635 1436 terram.
2667 1390 2786 1447 qua:
2816 1377 2961 1431 salus
2993 1378 3161 1447 magis
3187 1385 3272 1432 est
3300 1378 3402 1431 mi-

1811 1469 2138 1534 sericordiar,
2169 1484 2328 1540 quam
2358 1468 2721 1523 retributionis
2751 1468 2830 1522 vel
2856 1469 3058 1539 praemii
3081 1511 3096 1536 ,
3128 1469 3248 1525 ideo
3274 1470 3402 1525 sub-

1805 1558 2001 1629 junxit,
2033 1558 2099 1613 Et
2130 1576 2244 1614 cum
2268 1558 2627 1614 misericordia.
2659 1558 2749 1615 28.
2795 1558 2861 1613 Et
2898 1569 3213 1614 conterentur
3240 1561 3400 1631 iniqu:

1810 1663 1855 1707 et
1880 1662 2165 1722 peccatores
2205 1654 2379 1709 simul.
2408 1653 2587 1709 Tertia
2619 1653 2733 1707 hare
2763 1663 2846 1707 est
2870 1654 3075 1722 species
3105 1654 3351 1710 beneﬁcii
3378 1698 3394 1721 ,

1807 1747 1948 1817 quod
1977 1760 2136 1802 nemo
2161 1747 2232 1802 sit
2256 1746 2346 1817 qui
2374 1746 2602 1801 abducat
2629 1754 2684 1800 et
2711 1746 2762 1799 in
2799 1745 3039 1801 fraudem
3073 1747 3276 1813 trahat,
3305 1746 3398 1801 sed

1808 1837 2055 1908 nequitia:
2080 1837 2327 1905 doetores
2363 1838 2430 1892 dc
2475 1837 2649 1892 medio
2676 1837 2866 1891 sublati
2896 1839 3021 1892 sint.
3053 1837 3118 1891 Et
3146 1840 3231 1908 qui
3259 1839 3401 1893 dere-

1807 1928 2059 1997 liquerunt
2082 1927 2360 1984 Dominum
2384 1970 2399 1994 ,
2448 1929 2951 1984 consummabantur.
2994 1928 3144 2000 [mpii
3182 1941 3396 1994 autem,

1806 2020 1998 2091 inquit,
2022 2020 2291 2092 peribunt.

1873 2114 2194 2171 Idololatria:
2237 2116 2497 2185 turpitudo
2533 2124 2579 2169 el
2616 2114 2831 2169 uanitas.
2858 2113 3041 2170 —-29.
3088 2114 3220 2182 Quia
3263 2133 3398 2169 nunc

1803 2207 2177 2279 confundenlur
2199 2207 2254 2261 in
2280 2207 2430 2261 idolis
2450 2207 2578 2273 suis,
2600 2222 2712 2276 quae
2733 2207 2831 2275 ipsi
2856 2205 3138 2260 voluerunt.
3169 2206 3393 2274 Quidam

1804 2299 1920 2355 lucc
1948 2299 2089 2354 dicta
2122 2298 2243 2354 huic
2273 2298 2496 2369 tempori
2538 2307 2721 2366 aptare
2749 2306 3014 2353 conantur
3041 2316 3054 2352 :
3082 2308 3133 2351 at
3164 2313 3259 2352 nos
3289 2313 3395 2352 non

1801 2389 2196 2445 confutabimus
2221 2390 2361 2450 illos.
2386 2388 2478 2445 sed
2500 2389 2694 2444 seriem
2721 2405 3028 2458 sequemur.
3057 2389 3180 2444 llaec
3199 2389 3397 2459 quippe

1801 2490 1958 2549 sunt,
2003 2498 2122 2552 qua:
2148 2494 2400 2537 eventura
2431 2482 2563 2537 dicit
2613 2483 2664 2536 in
2712 2482 2942 2536 hostium
2992 2481 3227 2545 incursu.
3256 2481 3391 2536 Cum

1801 2576 1941 2630 enim
1961 2615 1977 2638 ,
2005 2574 2233 2629 barbaro
2260 2583 2455 2628 terram
2485 2574 2793 2628 incursaute
2819 2613 2833 2638 ,
2867 2574 3052 2627 urbem
3082 2572 3393 2639 obsidente,

1801 2676 1855 2721 et
1878 2679 2065 2722 omnes
2093 2665 2241 2736 quasi
2272 2666 2475 2721 retibus
2504 2665 2736 2721 inclusos
2763 2674 2973 2720 tenente
2992 2708 3008 2730 ,
3054 2680 3212 2720 nemo
3239 2664 3395 2719 fuerit

1797 2757 1887 2828 qui
1911 2756 2181 2821 defendat,
2205 2768 2260 2813 et
2286 2757 2482 2813 nubem
2510 2756 2653 2811 illam
2682 2757 2930 2825 depellat.
2965 2772 3030 2811 eo
3058 2756 3200 2827 quod
3227 2772 3256 2810 a
3280 2758 3390 2811 Deo

1797 2849 2035 2905 derelicti
2066 2849 2286 2914 fuerint,
2306 2849 2424 2919 jure
2444 2864 2507 2903 ex
2537 2848 2650 2919 ipsa
2679 2865 2858 2905 rerum
2887 2849 3238 2917 experientia,
3269 2858 3394 2902 tmte

1798 2958 1992 3013 magno
2034 2943 2237 3013 pudore
2284 2942 2655 2997 suﬁ‘uudentur
2704 2944 2735 2996 ii
2780 2943 2869 3013 qui
2916 2943 3199 2997 coluerunt
3228 2941 3389 2995 idola.

1800 3036 1929 3103 Quae
1953 3035 2217 3089 voluerunt
2235 3076 2251 3102 ,
2280 3035 2483 3104 inquit,
2532 3035 2583 3087 in
2615 3033 2806 3102 quibus
2831 3032 3006 3087 studia
3031 3047 3125 3087 sua
3152 3032 3373 3086 colloca-

1795 3136 1937 3181 runt.
1967 3126 2036 3180 Et
2071 3127 2360 3182 erubescent
2400 3127 2451 3180 in
2489 3125 2808 3195 sculptilibus
2847 3126 2953 3179 suis
2981 3140 3097 3190 qua:
3138 3125 3386 3194 fecerunt.

1794 3219 2072 3274 Narrantis
2122 3233 2272 3273 more
2323 3219 2719 3274 accusationem
2779 3217 3023 3271 instituit.
3082 3215 3391 3272 Sufﬁciehat

1793 3312 1934 3366 enim
1961 3312 2120 3366 etiam
2149 3319 2273 3366 ante
2299 3309 2554 3364 inﬁictum
2587 3309 2800 3375 vulnus,
2832 3308 2914 3363 vel
2944 3308 3057 3381 ipse
3085 3307 3223 3362 idola
3253 3321 3385 3361 cou-

1797 3404 2008 3460 licieudi
2035 3404 2225 3459 modus
2252 3402 2318 3458 ad
2348 3417 2443 3458 eos
2478 3400 2681 3471 pudore
2720 3399 3052 3455 afﬁciendos.
3079 3398 3215 3467 Quid
3241 3398 3386 3452 enim

1795 3498 2019 3567 turpius,
2049 3512 2205 3568 quam
2233 3496 2332 3552 sibi
2357 3495 2455 3567 ipsi
2485 3495 2645 3549 deum
2670 3492 2884 3549 facere?
2919 3492 2984 3546 Et
3012 3491 3386 3562 confundcutur

1790 3607 1944 3661 super
1971 3591 2129 3645 hortis
2157 3591 2281 3653 suis,
2313 3605 2427 3662 qua:
2452 3589 2862 3660 concupiverunt.
2893 3586 3007 3641 Non
3037 3586 3208 3641 solum
3240 3585 3382 3639 enim

1791 3682 2056 3752 sculptilis
2084 3681 2394 3744 adorabant,
2424 3680 2516 3735 sed
2539 3681 2699 3735 etiam
2724 3679 2943 3734 arbores
2964 3679 3016 3733 iu
3041 3677 3212 3732 hortis
3238 3678 3381 3731 colc-

1790 3774 1938 3830 bant.
1966 3773 2055 3830 30.
2097 3771 2265 3827 Erunt
2297 3775 2431 3827 enim
2459 3773 2606 3843 quasi
2637 3770 2961 3836 terebinthus,
2997 3785 3111 3839 quo:
3136 3768 3261 3839 folia
3289 3785 3383 3822 sua

1789 3868 1979 3921 amisit.
2009 3866 2223 3923 Scilicet
2255 3864 2429 3929 idola,
2469 3865 2553 3919 vel
2580 3863 2742 3917 etiam
2772 3876 2868 3917 eos
2893 3860 2984 3931 qui
3012 3859 3198 3915 urbem
3228 3859 3378 3913 ineo-

1790 3960 2027 4016 lebant‘.
2062 3958 2345 4028 Imaginem
2378 3972 2536 4026 porro
2564 3954 2771 4010 arboris
2800 3952 2959 4023 hujus
2986 3951 3229 4017 induxit,
3256 3951 3379 4020 quia

1789 4052 1843 4108 in
1874 4051 1960 4106 illa
2002 4051 2221 4121 regione
2260 4050 2575 4103 nascebatur
2612 4056 2669 4102 et
2712 4047 2957 4116 frequens
2995 4052 3139 4105 erat,
3172 4053 3226 4098 et
3255 4043 3377 4113 quia

1788 4142 2074 4198 admodum
2115 4142 2270 4196 ﬁorct
2297 4149 2351 4195 et
2387 4139 2551 4194 densa
2599 4136 2737 4192 foliis
2778 4145 2894 4202 est,
2939 4135 3066 4191 dum
3114 4136 3284 4197 viret,
3326 4143 3383 4188 et

1790 4248 2087 4292 extremam
2116 4235 2505 4290 deformitatem
2535 4247 2646 4304 pra:
2675 4246 2735 4286 se
2764 4231 2917 4295 ferat,
2943 4244 3065 4283 cum
3098 4228 3218 4281 l‘olia
3246 4227 3381 4280 ami-

1788 4330 1939 4386 serit.
1992 4328 2061 4382 Et
2107 4329 2234 4384 sicut
2278 4328 2453 4381 hortus
2497 4342 2597 4380 non
2654 4323 2841 4378 habens
2886 4337 3089 4392 aquam.
3132 4318 3377 4376 Secunda

1789 4423 1965 4492 imago
1992 4418 2169 4491 priore
2198 4418 2395 4474 clarior
2419 4426 2533 4477 est.
2583 4424 2638 4472 et
2679 4414 2837 4470 ﬁdem
2886 4414 3008 4468 facit
3037 4413 3132 4477 iis,
3175 4428 3293 4475 qua:
3324 4412 3376 4466 in

1787 4512 1968 4583 priore
1998 4512 2139 4567 dicta
2171 4520 2314 4566 sunt.
2341 4508 2481 4564 Nihil
2511 4506 2652 4561 cnim
2680 4515 2762 4561 est
2782 4504 2939 4559 horto
2963 4502 3378 4569 virentejucun-

1787 4605 1926 4669 dius,
1955 4603 2085 4658 nihil
2113 4603 2267 4657 horto
2294 4602 2378 4656 his
2402 4600 2658 4655 destituto
2685 4596 3042 4667 injucundius,
3071 4610 3190 4666 quas
3213 4594 3376 4648 ambo

1787 4697 1862 4753 illi
1894 4696 2173 4766 metropoli
2208 4695 2563 4765 contigerunt.
2604 4691 2829 4762 Semper
2867 4690 3010 4745 enim
3036 4688 3235 4759 optima
3259 4694 3377 4742 erat

1786 4802 1842 4848 et
1883 4789 2312 4861 Splendidissima
2338 4828 2353 4852 ,
2404 4785 2697 4841 innumeris
2735 4784 2985 4839 decorata
3017 4778 3374 4841 ornamentis,

1786 4895 1842 4938 et
1882 4874 2120 4939 omnium
2161 4880 2412 4937 vilissima
2460 4877 2869 4948 turpissimaque
2914 4873 3051 4928 facta
3096 4879 3199 4938 est,
3252 4884 3374 4924 cum

1788 4988 1961 5032 tantas
2016 4975 2308 5044 derepente
2358 4981 2792 5027 ornamentorum
2830 4965 3043 5021 divitias
3084 4960 3373 5018 amisisset.

1785 5072 1874 5127 51.
1900 5070 1965 5124 Ει
1984 5069 2077 5123 erit
2098 5066 2343 5140 fortitudo
2367 5081 2538 5120 eorum
2561 5061 2706 5132 quasi
2725 5060 2912 5131 stipula
2932 5066 3144 5130 sluppte.
3163 5055 3378 5111 Priores

1785 5162 1998 5232 quidem
2028 5159 2283 5230 imagines
2330 5156 2396 5211 ad
2440 5153 2783 5224 injucundum
2814 5148 3173 5221 spectaculum
3202 5154 3373 5215 capta:

1784 5262 1928 5318 sunt,
1961 5251 2076 5306 hare
2103 5264 2232 5306 vero
2256 5247 2323 5304 ad
2357 5246 2717 5303 inﬁrmitatem
2745 5238 3117 5299 declarandam
3142 5254 3158 5292 ι
3186 5250 3374 5292 omnes

1784 5353 1961 5401 autem
2007 5341 2292 5399 admodum
2334 5340 2627 5411 perspicuae
2653 5345 2808 5400 sunt,
2842 5333 3113 5401 multaque
3138 5329 3376 5401 gaudeat

1784 5438 2024 5492 claritate
2068 5445 2129 5491 et
2164 5433 2425 5505 emphasi.
2463 5430 2619 5499 Quasi
2671 5428 2859 5495 stipula
2902 5434 3118 5494 stuppat,
3162 5422 3212 5477 id
3256 5431 3370 5481 cst.

1784 5528 2101 5583 imbecilles.
2134 5525 2202 5580 Et
2241 5541 2393 5596 Opera
2423 5539 2595 5577 eorum
2638 5519 2782 5591 quasi
2824 5515 3044 5571 scintilla
3088 5514 3237 5586 ignis.
3278 5511 3375 5567 Hic

1846 5644 1862 5675 ί
1904 5642 1957 5691 lu
1978 5639 2118 5691 savii.
2145 5647 2197 5690 et
2231 5634 2683 5701 neg.,_quibusdam
2704 5631 2915 5692 omissis,
2940 5630 3014 5680 sic
3036 5627 3250 5691 legitur:
3273 5617 3371 5671 sci-

1785 5705 1893 5757 licet
1915 5704 1952 5756 ii
1974 5702 2057 5765 qui
2079 5704 2244 5753 urbem
2266 5699 2551 5752 incolebant.
