3674 6276
264 270 357 323 ar
941 254 992 312 s.
1031 251 1307 311 Jutxms
1348 196 1817 307 cnnvsos'rout
1859 241 2175 302 ARCHIEP.
2217 237 2746 299 CONSTANTINOP.
3469 210 3543 269 ‘28

271 382 503 441 ostendit
531 394 594 435 ex
624 374 815 446 seipsis
845 373 984 427 mala
1014 370 1276 442 prodiisse
1299 409 1315 436 ,
1364 368 1613 437 ipsosque
1639 363 1739 419 sibi
1765 376 1856 417 ca—

274 474 573 546 ptivitatem
601 466 893 540 peperisse,
913 470 968 519 et
987 462 1257 518 fornacem
1284 455 1644 519 succendisse.
1665 453 1859 520 Quem-

276 545 564 621 admodum
619 559 762 615 enim
820 554 1063 612 scintillae
1115 552 1316 621 illapsu:
1361 548 1538 619 ignem
1588 545 1859 608 excitant,

275 659 347 712 ita
382 660 598 726 peccata
637 662 824 705 eorum
869 651 1119 715 congesta
1162 641 1257 696 Dei
1304 640 1438 695 iram
1482 633 1858 691 accenderunt.

278 746 346 800 Et
375 748 489 817 igne
513 748 869 798 consumentur
893 735 1053 804 iniqui
1082 742 1128 787 et
1158 740 1442 803 peccatores
1474 727 1660 793 simul,
1690 733 1736 778 et
1762 738 1864 777 non

276 840 368 892 erit
388 815 473 909 qui
494 836 797 905 exstinguat.
817 831 1023 886 Rursus
1045 827 1272 896 denegat
1289 824 1514 879 salutem
1532 818 1603 875 ob
1620 815 1863 875 eamdem

278 907 448 999 ipsam
479 941 693 983 causam
718 965 734 992 ,
780 938 886 978 non
914 930 973 975 ut
998 918 1306 989 desperent,
1334 914 1428 970 sed
1454 922 1513 968 ut
1537 911 1662 967 hinc
1688 907 1866 964 valido

279 1024 472 1079 timore
502 1018 763 1092 perculsi,
795 1016 1063 1086 ingentem
1094 1009 1357 1082 ignaviam
1386 1004 1678 1063 excutiant.
1706 999 1865 1055 Aliud

277 1129 490 1186 quoque
508 1091 606 1167 hic
631 1107 963 1171 subindicat,
994 1103 1161 1175 ipsius
1191 1113 1382 1170 nempe
1407 1091 1864 1166 inexpugnabilem

280 1206 574 1277 potentiam
592 1244 609 1271 ,
635 1200 888 1273 quodque
914 1198 1030 1268 ipso
1060 1193 1313 1268 puniente
1333 1233 1348 1259 ,
1380 1199 1437 1246 et
1458 1187 1744 1243 vindictam
1771 1199 1866 1241 su-

285 1306 484 1364 mente,
516 1308 676 1352 nemo
705 1292 875 1364 possit
904 1288 1155 1346 resistere
1181 1295 1234 1342 et
1264 1282 1405 1341 mala
1430 1281 1661 1339 solvere.

917 1419 1143 1483 CAPUT
1195 1416 1261 1473 11.

366 1543 601 1608 Verbum,
624 1540 759 1611 quod
783 1539 975 1608 factum
1003 1545 1073 1591 est
1101 1535 1166 1588 ad
1208 1532 1401 1587 Isaiam
1432 1529 1599 1598 ﬁlium
1626 1531 1795 1581 Amos.

360 1659 410 1712 l.
456 1656 589 1712 llinc
632 1655 795 1725 liquet
838 1649 1127 1722 prophetas
1162 1662 1267 1702 non
1312 1660 1418 1700 uno
1463 1652 1705 1712 tempore
1749 1653 1872 1709 pro-

290 1749 496 1818 phetias
518 1746 739 1809 dixisse,
762 1742 856 1800 sed
886 1740 1112 1797 diversis
1132 1738 1338 1794 afflatos
1371 1734 1720 1804 temporibus,
1751 1746 1874 1800 par-

288 1850 368 1894 tes
395 1837 651 1909 quasdam
683 1833 1045 1896 annuntiasse,
1069 1845 1189 1901 quae
1205 1829 1420 1884 demum
1433 1826 1588 1882 simul
1610 1824 1872 1889 collectae,

289 1940 457 1985 totum
490 1928 681 1983 librum
710 1926 1017 1981 effecerunt.
1048 1922 1172 1977 Ideo
1196 1921 1274 1976 sic
1312 1919 1511 1989 incipit.
1544 1917 1726 1987 Neque
1752 1915 1877 1970 hinc

290 2031 491 2078 tantum
533 2021 584 2075 id
616 2020 787 2091 palam
816 2017 969 2073 nobis
1007 2024 1089 2071 est
1128 2022 1183 2069 et
1221 2012 1481 2083 liquidum
1503 2053 1520 2078 ,
1543 2009 1793 2079 sedequia
1823 2008 1874 2062 in

293 2112 639 2183 sequentibus
666 2118 902 2178 tempora
934 2105 1232 2178 significat,
1264 2117 1406 2159 nunc
1450 2102 1637 2158 dicens
1664 2116 1679 2155 :
1704 2100 1871 2164 Anno,

292 2222 389 2273 quo
408 2204 660 2273 ingrcssus
688 2210 758 2257 est
782 2200 991 2254 Nathan
1015 2198 1088 2268 (a)
1106 2194 1480 2265 AzotumUsai.
1503 2194 1593 2250 20.
1615 2194 1670 2263 l)
1698 2212 1711 2259 ;
1740 2208 1880 2248 nunc

292 2310 425 2350 vero
458 2312 471 2348 :
510 2293 576 2346 Et
604 2298 793 2364 factum
823 2302 894 2345 est
928 2292 979 2344 in
1025 2304 1159 2342 anno
1195 2288 1249 2342 in
1288 2302 1386 2357 quo
1429 2296 1657 2340 mortuus
1696 2294 1766 2339 est
1790 2301 1880 2339 rea:

297 2388 471 2453 Ozias,
502 2386 603 2440 uidi
636 2386 908 2439 Dominum
950 2382 1203 2438 sedentem
1228 2397 1377 2449 super
1418 2379 1602 2434 solium
1630 2378 1881 2433 excelsum

295 2491 342 2535 et
388 2480 635 2545 eleuatum
682 2476 830 2545 (lsai.
864 2474 915 2529 6.
969 2475 1045 2544 1).
1094 2472 1209 2527 Νυη
1243 2473 1387 2528 enim
1436 2469 1879 2541 quemadmodum

300 2572 449 2627 Pauli
498 2570 750 2640 Epistola:
777 2578 826 2623 et
862 2566 1148 2637 Evangelia
1186 2566 1237 2620 in
1276 2580 1436 2620 unum
1464 2564 1687 2620 collecta
1734 2572 1879 2628 sunt,

298 2665 369 2718 ita
401 2672 455 2721 et
480 2662 795 2733 prophetiae,
817 2661 911 2716 sed
943 2658 1082 2731 quod
1110 2657 1243 2725 dixi,
1271 2656 1496 2712 diversis
1528 2654 1880 2725 temporibus.

302 2754 455 2810 Unde
480 2754 547 2809 ab
572 2754 677 2809 alio
702 2752 923 2807 exordio
962 2758 1278 2820 praesentem
1307 2749 1319 2779 ¹
1356 2761 1656 2803 sermonem
1677 2746 1881 2815 incipit.

298 2846 484 2915 Neque
535 2844 653 2899 ideo
689 2852 915 2907 tantum,
946 2840 1040 2897 sed
1071 2840 1192 2910 quia
1235 2845 1627 2910 argumentum,
1662 2836 1732 2893 de
1780 2852 1885 2907 quo

304 2939 620 3008 loquuturus
659 2944 761 3001 est,
794 2936 950 3005 longo
977 2934 1149 3002 spatio
1176 2931 1338 2986 distat
1359 2946 1388 2983 a
1418 2927 1844 3001 prmcedentibus
1867 2970 1882 2993 ,

303 3030 685 3099 sublimiusque
702 3037 803 3084 est.
836 3028 958 3097 Agit
979 3026 1120 3081 enim
1143 3025 1210 3080 de
1230 3024 1465 3094 gentium
1492 3024 1791 3090 vocatione,
1818 3021 1888 3077 de

306 3121 697 3191 prredieationis
717 3120 968 3185 adventu,
1000 3118 1067 3173 de
1086 3117 1387 3187 cognitione
1410 3130 1503 3183 per
1514 3123 1680 3170 totum
1703 3113 1887 3168 orbem

304 3222 522 3268 extensa
546 3221 638 3277 ,et
680 3211 747 3265 de
797 3225 925 3280 pace
964 3209 1146 3263 orbem
1186 3216 1524 3276 occupatura.
1570 3204 1721 3273 Quod
1749 3205 1791 3258 si
1820 3203 1889 3259 de

307 3304 500 3359 talibus
528 3312 845 3357 tractaturus
870 3298 1227 3370 dogmatibus,
1253 3297 1489 3353 Iudaeam
1516 3306 1569 3351 et
1590 3295 1886 3352 Jerusalem

304 3404 586 3460 memorat,
616 3395 742 3450 nihil
774 3395 985 3448 mirum.
1009 3391 1159 3460 Quod
1190 3390 1330 3445 enim
1350 3387 1628 3443 dicebatur
1658 3385 1891 3457 prophe-

309 3492 381 3544 tia
435 3487 680 3548 erat,|iis
738 3486 1012 3541 nominum
1060 3481 1509 3553 appellationibus
1556 3479 1885 3535 adumbrata.

306 3578 747 3649 Quandoquidem
776 3576 939 3632 David
986 3576 1252 3630 Psalmum
1300 3572 1748 3644 septuagesimum
1781 3571 1893 3641 pri.

308 3687 453 3726 mum
480 3670 889 3740 compositurus,
922 3667 1070 3722 illum
1102 3665 1372 3721 Salomoni
1392 3663 1748 3733 inscripsit,et
1772 3676 1897 3733 pro-

309 3781 526 3838 gressus
568 3766 725 3835 longe
754 3762 953 3832 majora
993 3759 1291 3817 Salomonis
1317 3758 1607 3828 dignitate,
1645 3757 1753 3811 imo
1793 3772 1898 3825 po-

313 3858 417 3913 tius
449 3865 556 3911 tota
593 3854 865 3909 hominum
899 3860 1082 3906 natura
1106 3849 1228 3906 vidit
1247 3850 1287 3901 ί.
1315 3847 1444 3903 Illud
1473 3848 1636 3913 enim,
1664 3846 1791 3900 Ante
1817 3863 1897 3900 so-

312 3952 412 4005 lem
449 3956 703 4019 permanet
728 3961 908 4001 nomen
933 3945 1043 4014 eius
1065 3985 1081 4011 ,
1100 3952 1154 3998 et
1172 3984 1186 4008 ,
1218 3942 1345 3995 Ante
1370 3941 1541 3995 lunam
1566 3940 1775 3994 thronus
1792 3940 1900 4009 ejus

312 4040 486 4113 (Psal.
511 4042 599 4095 7l.
625 4041 709 4095 l7.
737 4040 842 4107 5),
874 4036 1207 4105 similiaque,
1244 4048 1402 4088 nemo
1448 4034 1606 4088 etiam
1648 4046 1714 4087 ex
1765 4030 1897 4086 insi-

312 4134 662 4206 pientior-ibus
709 4130 904 4187 dixerit
941 4128 1008 4184 de
1048 4128 1276 4182 humana
1333 4134 1515 4179 natura
1564 4123 1902 4195 pronuntiata

316 4228 499 4281 fuisse.
552 4224 721 4280 Jacob
760 4236 1001 4292 quoque,
1036 4235 1156 4275 eum
1186 4218 1321 4284 haec,
1352 4232 1470 4286 qua:
1498 4230 1637 4270 nunc
1666 4215 1903 4269 dicturus

317 4328 403 4373 est
424 4317 607 4380 Isaias,
637 4315 743 4367 imo
764 4312 846 4366 his
874 4312 1023 4380 plura
1042 4308 1429 4379 prmnuutiabat
1447 4306 1596 4376 (Gen.
1620 4305 1711 4374 49)
1736 4322 1750 4370 ;
1781 4320 1904 4358 nam

321 4424 444 4464 cum
473 4406 711 4476 gentium
735 4403 1012 4457 vocatione
1042 4408 1266 4453 mortem
1296 4398 1455 4451 etiam
1477 4406 1530 4451 et
1562 4395 1907 4451 resurrectio-

323 4515 444 4554 nem
472 4497 629 4559 dixit,
650 4505 963 4563 tempusque
983 4505 1088 4560 quo
1106 4486 1393 4561 [Christus]
1416 4486 1742 4542 adventuros
1755 4495 1871 4541 erat
1889 4504 1904 4551 ;

323 4606 429 4646 non
462 4600 638 4644 tamen
666 4586 753 4641 ille
783 4586 899 4639 haec
925 4582 1063 4637 nudo
1093 4578 1332 4651 protulit,
1365 4577 1456 4633 sed
1476 4592 1699 4648 persona
1727 4587 1781 4633 et
1810 4592 1912 4632 no-

328 4684 473 4737 mine
503 4679 619 4735 Filii
661 4678 741 4734 sui
780 4676 867 4730 illa
917 4674 1170 4743 obtegens
1210 4687 1329 4741 qua:
1376 4671 1613 4725 dicturus
1666 4679 1801 4736 erat,
1833 4668 1911 4724 sic

325 4770 722 4845 pramuutiavit,
749 4766 899 4838 quasi
928 4780 989 4819 ea
1015 4778 1131 4834 qua:
1154 4761 1305 4817 Judae
1330 4770 1583 4817 eventura
1611 4769 1763 4815 erant
1796 4775 1912 4814 me-

326 4879 579 4929 morans;
614 4870 672 4916 ut
719 4868 895 4915 autem
945 4871 1123 4912 rerum
1159 4863 1382 4909 eventus
1432 4852 1767 4918 testiﬁcatur,
1791 4866 1913 4923 qua}

325 4958 570 5017 Christus
618 4952 829 5024 egregie
874 4951 1110 5004 facturus
1158 4957 1273 5002 erat
1324 4945 1662 5015 praedicebat.
1734 4942 1916 5015 Neque

330 5050 473 5105 enim
495 5045 659 5102 Judas
686 5042 781 5097 fuit
816 5040 1141 5110 exspectatio
1167 5038 1404 5110 gentium
1430 5077 1445 5101 ,
1470 5051 1640 5107 neque
1666 5046 1792 5091 tunc
1821 5036 1915 5090 tri-

332 5141 434 5197 bus
459 5134 819 5209 rcsplenduit,
846 5148 968 5189 cum
999 5146 1185 5186 eorum
1231 5129 1526 5200 respublica
1563 5128 1792 5194 defecit;
1824 5128 1920 5184 sed

336 5234 452 5288 haec
479 5227 659 5285 omnia
682 5236 808 5280 tunc
829 5231 978 5293 gesta
1003 5230 1147 5287 sunt,
1175 5235 1296 5276 cum
1326 5220 1569 5276 Christus
1590 5220 1822 5276 advenit.

394 5371 420 5435 ι.
435 5366 559 5435 Vox3
581 5366 866 5435 pg‘wsentem
888 5359 992 5420 (Gr.
1007 5356 1277 5421 παρόντος),
1292 5354 1439 5405 deest
1459 5355 1505 5402 in
1520 5352 1644 5413 Reg.
1667 5350 1905 5409 etSavrl.,

332 5428 423 5479 sed
444 5433 521 5475 est
544 5424 595 5473 in
616 5424 865 5473 Bavarico.
1194 5477 1203 5479 _
1234 5438 1257 5467 ψ

398 5491 417 5520 a
453 5484 595 5536 savii,
614 5487 663 5534 in
686 5494 843 5544 marg.
886 5482 1021 5544 notat
1043 5479 1167 5523 torte
1192 5475 1455 5544 legendum
1482 5482 1613 5537 esse,
1650 5476 1795 5539 diaa't,
1819 5490 1926 5541 pro,

336 5548 475 5601 vidit.
504 5546 701 5595 Allenus
723 5540 991 5605 legendum
1014 5543 1169 5598 putat,
1195 5540 1386 5586 cecinit.

403 5632 478 5695 (a)
510 5629 616 5681 Vox
656 5627 891 5676 Hebraica
925 5634 1021 5678 est.
1039 5623 1196 5703 man,
1226 5621 1450 5680 Thartan,
1477 5622 1526 5669 in
1551 5621 1726 5680 Bibliis,
1753 5637 1931 5686 τανάοαν,

338 5726 470 5779 unde
495 5725 647 5787 prima
668 5722 863 5784 dempta
888 5720 1066 5784 syllaba
1092 5718 1286 5777 factum,
1315 5728 1450 5774 Νάθαν,
1475 5714 1675 5766 Nathan.

2046 357 2224 411 Multa:
2256 354 2533 426 prophetia:
2568 354 2630 406 de
2680 348 2991 404 Patriarcliis
3029 348 3195 419 edita,
3223 363 3327 404 non
3358 350 3457 405 nisi
3482 351 3541 405 in

1969 464 2139 502 eorum
2168 446 2429 515 nepotibus
2454 444 2674 515 impleta:
2697 450 2832 498 sunt.
2860 471 2931 481 -—
2952 439 3105 509 Quod
3134 441 3181 498 si
3214 440 3554 513 impudenter

1969 538 2323 609 agantJudazi,
2341 538 2478 592 hanc
2499 536 2787 607 prephctiae
2804 534 2971 605 legem
2993 546 3271 603 perperam
3288 532 3553 603 explican-

1973 644 2071 699 tes,
2103 633 2255 689 exiis
2278 632 2508 687 maxime
2530 645 2651 700 qua:
2675 628 2815 683 dicta
2847 636 2971 681 sunt
3000 624 3152 680 facile
3179 621 3554 692 confutaverit,

1971 733 2013 785 si
2043 731 2164 801 quis
2191 738 2438 787 accurate
2464 727 2769 798 prophetias
2791 725 3084 795 explicans,
3111 732 3165 778 et
3186 720 3363 776 omnia
3389 717 3553 773 verba

1970 838 2091 877 cum
2121 822 2300 877 debiti
2332 820 2625 876 attentione
2651 819 2987 878 examinans,
3011 814 3146 870 dicta
3168 812 3321 867 fartis
3347 823 3531 864 accom
3552 844 3571 849 -

1972 913 2169 968 modet.
2221 912 2299 968 Ex
2323 911 2612 967 abundanti
2647 911 2822 980 itaque
2853 908 3085 977 ipsorum
3135 918 3229 957 ora
3267 902 3551 963 obturaus,

1973 1019 2079 1059 non
2106 1004 2258 1060 exiis
2286 1018 2406 1074 quae
2428 1003 2503 1058 de
2520 1001 2736 1058 Christo
2755 999 2892 1056 dietn
2917 1006 3075 1061 sunt,
3099 994 3194 1051 sed
3219 1008 3286 1050 ex
3325 992 3390 1046 iis
3429 1005 3553 1061 qua:

1975 1107 2099 1153 sunt
2126 1096 2194 1153 de
2219 1095 2536 1168 patriarchis
2563 1095 2801 1166 ipsorum
2840 1090 3188 1163 prmnuntiata
3209 1128 3224 1154 ,
3255 1086 3559 1154 Itocipsutn

1974 1190 2117 1246 clare
2143 1188 2515 1245 demonstrare
2542 1187 2801 1253 conabor,
2831 1183 3122 1239 ostendens
3149 1197 3216 1237 ex
3261 1177 3563 1249 prophetiis

1977 1279 2171 1335 multas
2190 1279 2361 1335 dictas
2386 1278 2548 1333 fuisse
2571 1276 2640 1332 de
2669 1276 2901 1331 tribuum
2931 1270 3376 1343 progenitoribus,
3397 1268 3446 1322 in
3465 1282 3563 1320 eo-

1976 1388 2200 1442 rumque
2227 1372 2506 1438 nepotibus
2531 1370 2775 1441 impletas
2824 1383 2963 1422 esse.
3022 1367 3087 1421 Et
3128 1362 3357 1432 exempli
3398 1374 3561 1416 causa

1977 1480 2080 1518 una
2109 1464 2342 1520 alterave
2366 1463 2524 1517 allata
2552 1460 2791 1524 historia,
2810 1475 2920 1514 rem
2946 1452 3561 1528 pr0positamattingam.

1982 1555 2187 1609 Etenim
2217 1568 2337 1609 cum
2358 1552 2679 1626 Symeonem
2704 1558 2759 1605 et
2783 1549 2912 1605 Levi
2940 1556 3177 1603 vocasset
3204 1544 3388 1607 Jacob,
3421 1558 3562 1611 pra:-

1980 1646 2230 1702 nuntians
2258 1661 2322 1701 ea
2348 1660 2508 1715 ,qutc
2532 1644 2662 1715 ipsis
2703 1650 2957 1698 eventura
3001 1648 3154 1694 erant
3178 1678 3191 1693 .
3231 1638 3308 1692 sic
3353 1633 3569 1691 dicebat

1982 1738 2205 1809 Symeon
2223 1746 2271 1793 et
2296 1735 2413 1792 Levi
2440 1740 2622 1806 fratres
2643 1733 2773 1805 (Gen
2783 1733 2893 1789 .49.
2912 1732 2989 1800 5),
3008 1740 3063 1785 ct
3086 1730 3320 1784 incusata
3347 1726 3567 1782 illorum

1982 1832 2277 1901 iniquitate,
2301 1831 2603 1899 iniustaque
2626 1827 2998 1883 Sicemitarum
3046 1825 3221 1885 caule,
3252 1822 3304 1877 in
3339 1834 3572 1889 sequen-

1984 1922 2124 1977 tibus
2145 1921 2219 1976 ait
2250 1938 2263 1973 :
2291 1919 2532 1973 Dividam
2555 1935 2639 1974 eos
2662 1919 2716 1972 in
2740 1917 2901 1971 Iacob
2922 1957 2937 1982 ,
2968 1926 3013 1970 et
3043 1915 3330 1984 dispergam
3356 1912 3472 1966 illos
3509 1912 3569 1964 in

1983 2013 2150 2068 Israel
2179 2010 2341 2084 (Ibid.
2359 2028 2409 2066 υ.
2437 2011 2515 2082 7).
2546 2009 2659 2066 Hoc
2698 2017 2876 2064 autem
2928 2020 3087 2061 nemo
3114 2004 3309 2059 dixerit
3351 2003 3404 2058 in
3458 2001 3567 2057 Le—

1984 2106 2116 2160 vict
2140 2104 2408 2177 Symeone
2450 2102 2648 2158 factum
2676 2115 2833 2167 esse,
2867 2098 2963 2155 sed
2996 2100 3045 2153 iu
3086 2095 3329 2151 tribubus
3374 2108 3444 2149 ex
3488 2093 3575 2147 eis

1986 2196 2296 2268 progenitis.
2323 2195 2458 2250 Nam
2487 2193 2657 2249 tribus
2676 2191 2808 2247 Levi
2836 2190 3075 2258 dispersa
3102 2196 3215 2251 est,
3244 2186 3313 2239 ita
3338 2192 3396 2239 ut
3416 2182 3571 2239 deci-

1987 2302 2127 2342 mam
2158 2294 2366 2356 partem
2395 2283 2512 2354 ejus
2540 2295 2871 2352 unaquaeque
2910 2279 3083 2334 tribus
3110 2276 3328 2331 haberet
3354 2292 3372 2332 ι
3399 2274 3576 2328 tribus

1988 2381 2113 2435 item
2160 2376 2443 2450 Symeonis
2478 2390 2601 2447 quae
2647 2374 2878 2443 idipsum
2923 2372 3034 2426 fere
3074 2376 3290 2439 experta
3330 2376 3428 2431 est,
3478 2380 3579 2434 per

1987 2484 2175 2529 omnes
2201 2470 2331 2541 illas
2346 2476 2563 2525 extensa
2594 2481 2689 2537 per
2713 2474 2913 2521 sortem
2939 2505 2954 2527 ,
2983 2477 3088 2517 non
3119 2456 3576 2531 quemadmodum

1988 2564 2127 2630 alim,
2157 2561 2498 2631 conjunctam
2523 2568 2579 2615 et
2603 2558 2761 2613 simul
2786 2555 3155 2625 conglobatam
3199 2551 3380 2606 habuit
3409 2548 3577 2603 here-

1987 2654 2230 2708 ditatem.
2256 2650 2420 2707 Jacob
2448 2650 2609 2705 etiam
2638 2664 2701 2704 ex
2729 2646 2961 2716 acceptis
3000 2660 3030 2699 a
3066 2652 3216 2714 patre
3246 2640 3581 2697 benedictio-

1990 2744 2166 2809 nibus,
2199 2741 2399 2798 nullam
2428 2740 2543 2811 ipse
2561 2747 2922 2809 consequutus
2947 2745 3046 2791 est.
3074 2734 3229 2790 Pater
3249 2732 3387 2789 enim
3407 2732 3584 2802 ipsius

1992 2837 2206 2907 longam
2232 2835 2637 2906 prosperitatem
2667 2832 2765 2902 ipsi
2798 2830 3135 2902 praedixerat,
3168 2837 3224 2883 et
3262 2834 3585 2896 perpetuum

1992 2931 2043 2986 in
2075 2931 2217 2985 Esau
2243 2928 2592 2993 dominatum,
2616 2928 2663 2981 is
2697 2940 2825 2980 vero
2863 2923 2913 2978 in
2942 2937 3120 2977 rerum
3158 2919 3586 2975 necessariarum

1993 3022 2215 3092 penuria
2258 3028 2410 3089 erat,
2447 3020 2915 3087 mercenariusque
2958 3014 3235 3079 alebatur,
3266 3021 3589 3079 tantumque

1993 3116 2180 3171 aberat
2218 3123 2277 3171 ut
2324 3114 2606 3185 imperium
2644 3111 2864 3166 haberet
2907 3110 2957 3163 in
2988 3108 3226 3171 fratrem,
3258 3114 3316 3159 ut
3350 3103 3418 3159 de
3469 3104 3590 3158 vita

1996 3208 2405 3279 periclitaretur,
2430 3214 2486 3262 et
2531 3204 2699 3260 semel
2730 3202 2803 3257 illi
2832 3201 3018 3257 obvius
3043 3214 3162 3258 cum
3193 3198 3362 3252 multo
3388 3195 3593 3250 timore

1997 3301 2185 3365 factus,
2210 3299 2347 3356 bene
2370 3311 2552 3354 secum
2569 3304 2745 3352 actum
2778 3295 2990 3365 putarit,
3024 3290 3164 3361 quod
3199 3288 3428 3357 potuerit
3464 3302 3591 3342 ma-

1998 3408 2097 3449 nus
2141 3392 2257 3463 ejus
2287 3390 2541 3462 ellugere.
2586 3387 2725 3457 Quid
2764 3386 2920 3457 igitur
2949 3384 3013 3439 ad
3044 3385 3159 3438 haec
3191 3381 3473 3437 dicamus?
3515 3395 3597 3433 an

1999 3487 2307 3543 mendacem
2326 3499 2446 3541 esse
2471 3480 2845 3554 prophetiam?
2874 3479 3025 3536 Absit
3058 3495 3070 3531 :
3097 3475 3191 3532 sed
3238 3476 3355 3545 ejus
3378 3488 3600 3529 morem

2001 3580 2143 3635 hunc
2169 3592 2311 3647 saepe
2338 3591 2479 3643 esse,
2502 3585 2562 3630 ut
2585 3590 2645 3630 ea
2674 3589 2793 3644 tum
2827 3581 2951 3627 sunt
2990 3571 3110 3625 aliis
3153 3577 3433 3634 eventura,
3465 3566 3602 3620 aliis

2001 3671 2244 3743 personis
2272 3669 2573 3734 adscribat,
2606 3679 2655 3723 et
2688 3667 2790 3720 alia
2824 3680 2919 3735 pro
2942 3664 3061 3718 aliis
3089 3660 3395 3717 nominibus
3423 3674 3601 3713 usur-

2004 3774 2093 3834 pet
2125 3780 2140 3819 :
2174 3763 2226 3818 id
2256 3760 2397 3833 quod
2434 3762 2594 3817 etiam
2626 3760 2677 3814 in
2720 3758 3007 3814 Chanaano
3046 3758 3242 3811 factum
3274 3762 3376 3808 est.
3405 3749 3606 3820 Neque

2003 3857 2147 3913 enim
2178 3855 2423 3912 videmus
2450 3853 2598 3908 illum
2632 3850 2917 3906 servivisse
2949 3847 3200 3904 fratribus
3235 3845 3365 3909 suis,
3413 3858 3607 3912 neque

2003 3949 2166 4004 etiam
2192 3944 2617 4001 maledictionem
2638 3941 2935 4007 excidisse,
2966 3939 3061 3995 sed
3088 3940 3139 3993 in
3169 3936 3477 3993 Gabaonitis
3527 3950 3610 3989 ex

2005 4039 2293 4095 Chanaano
2321 4035 2455 4092 ortis
2480 4036 2636 4091 linem
2661 4033 2951 4103 accepisse.
2985 4030 3117 4086 Nam
3138 4028 3189 4085 id
3216 4027 3356 4100 quod
3376 4027 3610 4083 diccba-

2008 4141 2095 4187 tur
2122 4128 2398 4200 prophetia
2426 4134 2570 4191 erat,
2600 4122 2991 4181 maledictionis
3029 4121 3197 4177 forma
3225 4120 3447 4190 prolata.

2078 4224 2135 4278 2.
2176 4223 2309 4277 Cum
2338 4231 2414 4275 tot
2433 4234 2560 4288 ergo
2586 4219 2815 4287 taliaque
2847 4216 3134 4270 habeamus
3161 4210 3404 4280 exempla
3426 4251 3441 4275 ,
3472 4210 3613 4277 qui-

2012 4317 2110 4371 bus
2139 4316 2410 4384 pmbatur,
2444 4311 2607 4366 multa
2636 4324 2755 4380 qua:
2773 4308 3022 4363 dicuntur
3047 4306 3114 4360 de
3134 4304 3253 4359 aliis
3281 4300 3531 4372 proferri,
3550 4309 3617 4354 et

2013 4410 2065 4463 in
2094 4409 2212 4463 aliis
2240 4404 2484 4461 accidere
2505 4445 2519 4469 ,
2548 4412 2601 4457 et
2626 4401 2927 4457 nominibus
2962 4398 3039 4452 sic
3069 4409 3193 4452 usos
3218 4408 3338 4451 esse
3366 4393 3618 4463 prophe-

2014 4511 2117 4567 tas,
2147 4498 2272 4570 quid
2293 4499 2487 4553 mirum
2530 4496 2574 4551 si
2611 4509 2751 4550 nunc
2773 4508 2963 4549 nomen
2994 4490 3191 4547 Judzeae
3215 4497 3272 4543 et
3300 4486 3619 4543 Jerusalem

2016 4595 2271 4665 propheta
2297 4604 2581 4659 usurpans,
2612 4588 2679 4644 de
2702 4588 2937 4643 Ecclesia
2955 4581 3311 4639 vaticinatur?
3330 4579 3461 4635 Nam
3478 4580 3622 4647 quia

2019 4685 2242 4756 ingratis
2297 4682 2638 4753 loquebatur,
2688 4679 2977 4750 pr0phetas
3017 4672 3399 4738 occidentibus,
3435 4669 3627 4724 libros

2017 4775 2472 4839 comburentibus,
2491 4786 2612 4828 aras
2632 4770 3055 4831 suffodientibus,
3071 4768 3190 4836 jure
3213 4764 3453 4819 velamen
3476 4761 3631 4831 ipsis

2021 4867 2326 4938 impositum
2357 4873 2471 4920 erat
2511 4864 2561 4917 in
2610 4862 2839 4917 lectione
2881 4858 3089 4913 Veteris
3115 4851 3477 4915 Testamenti,
3515 4866 3630 4906 εει

2022 4960 2252 5017 cundum
2295 4958 2505 5012 beatum
2551 4954 2765 5008 Paulum
2799 4952 2884 5019 (ἓ.
2917 4949 3035 5005 Cor.
3078 4949 3131 5004 ‘5.
3179 4947 3307 5017 M).
3357 4943 3635 5011 Alioquin

2025 5054 2187 5107 libros
2203 5049 2560 5110 sustulissent,
2586 5047 2629 5099 si
2651 5044 2940 5114 prophetia:
2966 5038 3256 5096 deChristo
3271 5037 3379 5092 vim
3396 5036 3637 5090 intelle-

2026 5143 2388 5202 xissent.Cum
2399 5141 2541 5196 enim
2557 5147 2876 5208 prmsentem
2890 5136 3061 5205 ipsum
3074 5130 3325 5187 miracula
3339 5127 3608 5185 edentem
3619 5172 3641 5196 ,

2028 5236 2423 5308 perfectamque
2435 5229 2687 5301 potentiae
2706 5243 2817 5285 suae
2833 5235 2884 5282 et
2899 5237 3194 5282 consensus
3208 5218 3645 5291 concordiaeque

2028 5343 2151 5385 cum
2192 5326 2350 5382 Patre
2376 5319 2888 5379 demonstrationem
2918 5315 3290 5380 exhibentem,
3318 5327 3425 5368 non
3456 5325 3646 5367 reve-

2031 5421 2119 5476 riti
2153 5418 2288 5483 sint,
2320 5429 2494 5486 neque
2518 5412 2823 5485 quieverint
2857 5409 3030 5465 donec
3053 5422 3176 5464 eum
3206 5404 3646 5467 cruciﬁxissent,

2033 5515 2119 5570 vix
2149 5509 2511 5583 pepercissent
2533 5507 2619 5573 iis,
2657 5505 2747 5575 qui
2775 5504 2843 5559 de
2874 5503 2990 5574 ipso
3017 5499 3218 5571 loquuti
3246 5504 3459 5559 essent,
3488 5510 3646 5565 quos

2038 5602 2381 5661 nihilominus
2415 5600 2717 5668 frequenter
2756 5593 3078 5664 lapidabant.
3120 5589 3246 5645 Ideo
3294 5586 3528 5658 propriis
3588 5598 3646 5643 ct

2043 5698 2182 5757 uotis
2223 5695 2323 5752 sibi
2362 5691 2665 5751 nominibus
2712 5688 2941 5747 libenter
2974 5691 3206 5751 utentes,
3255 5680 3354 5735 hac
3395 5690 3646 5753 persona
