3712 6274
102 263 154 318 ‘2?
1430 275 1493 331 IN
1533 275 1568 330 ιε

2038 277 2091 330 ,1.
3436 286 3504 337 9.8

96 397 305 465 ἐπασιάι
335 394 545 450 αὐτῶν
587 394 667 461 ὡς
692 392 959 462 σπινθὴρ
989 391 1198 460 πυρός.
1230 391 1495 446 Ἐνταῦθα
1518 391 1723 444 δείκνυ-

99 508 156 541 cn
176 488 238 539 ίτι
266 483 478 536 οίκοθεν
527 483 603 536 τὰ
657 483 828 551 κακά,
865 483 959 535 καὶ
1007 480 1161 535 αὐτοί⁵
1214 481 1312 552 τὴν
1352 480 1724 551 αἰχμαλωσίαν

94 579 243 637 Ezzxw,
272 573 362 625 καὶ
394 571 500 641 τὴν
534 572 769 641 κάμινον
798 570 1029 642 ἀνῆψαν.
1050 569 1264 640 Ὠσπερ
1292 568 1400 640 γὰρ
1428 568 1725 638 σπινθῆρες

93 660 394 729 ἐρέττοντες
438 657 563 728 πῦρ
611 656 1004 728 ἀνεγείρουσιν,
1049 653 1193 708 οῦτω
1244 654 1313 707 τὰ
1356 654 1729 725 ἁμαρτήματα

90 752 243 799 τούτων
297 746 649 815 συναχθέντα
690 744 785 797 τοῦ
833 743 968 797 Θεοῦ
1020 743 1120 814 τὴν
1170 741 1341 814 ὀργὴν
1384 742 1577 812 ἀνῆψε.
1612 739 1727 794 Καὶ

102 832 621 897 ισταιαυθήσονται
658 834 713 886 οί
768 830 979 899 ἄνομοι
1012 829 1112 883 καί
1148 831 1202 884 οὶ
1223 829 1558 899 ἀμαρτωλοί
1586 828 1725 898 ἅμα,

96 922 260 974 alain
283 921 459 973 ἔσται
481 924 519 973 ό
545 919 807 973 σϐἐσων.
839 918 1008 973 Πάλιν
1048 916 1382 989 ἀπαγορεύει
1407 916 1506 988 τὴν
1551 932 1726 987 σωτη-

92 1012 176 1075 ρίαν
214 1006 292 1061 διὰ
336 1008 439 1078 τὴν
473 1008 656 1079 αὐτὴν
701 1007 862 1061 πάλιν
897 1006 1106 1072 αἰτίαν,
1146 1006 1245 1077 οὐχ
1280 1005 1369 1060 ἵνα
1393 1004 1722 1073 ἀπογνῶσιν,

88 1096 267 1148 ἶνα
311 1096 493 1166 ταύτῃ
540 1096 678 1163 γοῦν
725 1096 1045 1166 ἀκμάζοντα
1092 1094 1184 1147 τὸν
1217 1093 1381 1162 φόϐον
1419 1092 1721 1163 δεξάμενοι,

88 1182 153 1247 τὴν
172 1181 354 1250 πολλὴν
383 1182 836 1245 ἀποτινάξωνται
868 1180 1159 1253 ρᾳθυμίαν.
1213 1180 1323 1233 Kal
1367 1179 1550 1251 ἕτερον
1582 1178 1639 1232 δέ
1670 1196 1723 1231 τι

85 1267 265 1322 ἐνταῦθα
293 1268 633 1331 αἰνίττεται,
657 1268 719 1321 τὸ
736 1269 948 1338 ἄμαχον
973 1266 1136 1321 αὐτοῦ
1158 1266 1260 1336 τῆς
1294 1264 1597 1334 δυνάμεως,
1628 1265 1723 1317 καὶ

84 1359 137 1408 ὅτι
159 1354 469 1422 κολάζοντος
504 1356 705 1423 αὐτοῦ,
734 1357 832 1412 καὶ
884 1354 1318 1427 τιμωρουμένου,
1362 1352 1535 1417 οὐδεὶς
1572 1354 1720 1407 ἀντι-

86 1444 226 1514 τιῆνιιι
254 1443 349 1497 καὶ
372 1443 707 1499 καταλῦσαι
729 1444 1018 1514 δυνήσεται
1049 1441 1118 1497 τὰ
1139 1440 1306 1496 δεινά.

703 1546 956 1601 ΚΕΦΛΔ.
998 1546 1074 1600 Βί.

85 1649 304 1718 ὀλόγος
330 1651 367 1704 ὁ
404 1651 751 1721 γενόμενος
788 1649 937 1719 πρὸς
973 1647 1223 1704 Ἡσαΐαν
1259 1647 1401 1702 υἱὸν
1433 1646 1649 1718 Ἀμμώς
1670 1660 1717 1703 ει.

122 1760 176 1807 α’.
199 1754 482 1807 Ἐντεῦθεν
505 1755 677 1825 δῆλον
699 1754 774 1819 ὡς
800 1754 861 1808 οὐ
888 1754 1065 1817 πάσας
1082 1754 1169 1821 ὐφ’
1188 1754 1246 1808 ἒν
1266 1753 1364 1818 τὰς
1389 1754 1723 1826 προφητείας

76 1843 331 1910 εἰρήκασιν,
352 1842 503 1897 ἀλλά
540 1844 692 1895 κατά
734 1842 1021 1915 διαφόρους
1059 1843 1420 1914 ἐμπνεόμενοι
1473 1842 1719 1911 καιροὺς,

77 1930 327 1996 ερικοπάς
378 1946 549 1993 τινας
597 1930 964 2000 ἀπήγγελλον,
994 1930 1050 1983 αἶ
1105 1930 1440 1984 συντεθεῖσαι
1494 1930 1721 1999 ὕστερον

76 2018 134 2083 ὑφ’
169 2016 238 2079 ἐν,
286 2017 607 2089 ὁλόκληρον
662 2018 866 2087 βιϐλίον
919 2020 1202 2090 ἐποίησαν.
1260 2018 1352 2077 Διὸ
1401 2018 1494 2073 καὶ
1548 2016 1721 2082 οὐτως

73 2104 267 2171 instat.
301 2104 426 2157 Οὐκ
465 2105 732 2159 ἐντεῦθεν
768 2106 826 2160 δέ
867 2107 1025 2177 μόνον
1050 2104 1209 2160 τοῦτο
1250 2105 1408 2181 δῆλον
1433 2105 1583 2159 ἔσται
1629 2107 1722 2159 καὶ

76 2194 196 2258 σαφὲς
218 2194 371 2262 ήμῖν.
410 2195 541 2248 ἀλλ’
570 2195 631 2262 ἐξ
660 2188 735 2249 ὧν
766 2198 971 2267 προῖὼν
994 2196 1088 2250 καὶ
1114 2198 1241 2258 τούς
1275 2196 1499 2267 καιροὺς
1523 2196 1720 2265 ἐπιση-

72 2279 294 2344 ρίνεται,
343 2279 450 2333 νῦν
497 2281 610 2351 μὲν
646 2280 842 2350 λέγων,
890 2281 1002 2336 Τοῦ
1035 2281 1332 2347 ἐνιαυτοῦ,
1368 2276 1441 2337 οὗ
1474 2279 1720 2349 εἰσῆλθε

70 2366 226 2418 Νάθαν
250 2369 340 2433 είς
387 2366 697 2429 Ἀζωτονθ
741 2369 835 2423 νῦν
863 2369 920 2422 δέ
963 2369 1136 2438 λέγων
1154 2385 1166 2399 '
1198 2368 1309 2423 Καὶ
1347 2368 1582 2438 ἐγένετο
1614 2369 1720 2423 τοῦ

66 2454 315 2519 ὺωυτοῦ,
347 2450 429 2511 οὗ
461 2455 780 2510 ἀπέθανεν
809 2456 991 2521 Ὀζῖας
1018 2458 1051 2510 ό
1077 2455 1399 2521 βασιλεὺς,
1422 2456 1585 2509 εἶδον
1612 2456 1720 2510 τὸν

67 2543 237 2606 Κύριον
268 2542 641 2613 καθήμενον
677 2543 775 2596 ἐπὶ
804 2544 1019 2611 θρόνου
1052 2543 1299 2613 ὑψηλοῦ
1332 2543 1430 2596 καὶ
1461 2542 1718 2613 ἐπηρμέ-

64 2644 156 2680 rw.
188 2629 259 2681 οὐ
314 2628 435 2701 γὰρ
470 2629 678 2701 ὥσπερ
728 2632 785 2683 αἱ
816 2630 1127 2684 Ἐπιστολαὶ
1170 2632 1225 2684 al
1272 2631 1486 2683 Παύλου
1522 2630 1616 2684 καὶ
1652 2630 1719 2685 τά

62 2718 328 2785 Emam.
358 2720 462 2788 ὐφ’
492 2720 561 2774 ἒν
595 2719 981 2791 συνετέθησαν,
1003 2719 1145 2775 οῦτω
1167 2720 1229 2793 δὴ
1259 2722 1353 2775 καὶ
1371 2724 1716 2794 προφητεῖαι,

56 2803 140 2853 ἀλλ’
163 2805 296 2876 ὅπερ
330 2806 522 2877 ἔφθην
563 2806 773 2872 είπὼνν
795 2809 853 2861 ἐν
872 2808 1148 2879 διαφόροις
1176 2811 1405 2880 καιροῖς.
1436 2809 1600 2863 Ὅθεν
1624 2810 1719 2863 καὶ

54 2894 122 2941 ἐπ’
152 2895 319 2964 ἀρχῆς
362 2895 581 2965 ἐτέρας
620 2895 850 2966 ἄρχεται
882 2895 976 2949 τοῦ
1008 2896 1275 2967 παρόντος
1297 2897 1474 2966 λόγου.
1516 2897 1625 2951 Kal
1655 2897 1716 2950 οὐ

135 2980 282 3032 τοῦτο
324 2982 499 3052 μόνον
521 3024 545 3049 ,μ
569 2982 709 3035 ἀλλὰ
740 2982 836 3035 καὶ
866 2982 956 3036 διὰ
984 2983 1046 3037 τὸ
1072 2982 1170 3055 τὴν
1194 2983 1467 3050 ὑπόθεσιν,
1501 2984 1629 3056 περὶ
1648 2979 1718 3058 ἦς

55 3066 201 3132 μελλει
228 3068 626 3137 διαλέγεσθαι,
671 3069 878 3141 σφόδρα
923 3070 1269 3141 ἀπηρτῆσθαι
1318 3070 1426 3125 τῶν
1459 3088 1718 3143 προειρη-

54 3155 216 3219 μένων,
244 3157 343 3209 καὶ
380 3156 741 3228 ὑψηλοτέραν
774 3152 935 3211 εἶναι.
971 3158 1106 3229 Περὶ
1134 3157 1240 3229 γὰρ
1266 3158 1364 3229 τῆς
1407 3158 1513 3212 τῶν
1549 3158 1716 3212 ἐθνῶν

52 3244 277 3313 κλήσεως.
305 3248 410 3299 καὶ⁵
435 3247 547 3315 τῆς
575 3244 668 3299 τοῦ
696 3245 1049 3316 κηρύγματος
1076 3247 1458 3317 περιφανείας,
1486 3247 1579 3301 καὶ
1615 3247 1717 3317 τῆς

50 3332 289 3402 πανταχοῦ
318 3335 432 3404 τῆς
457 3333 800 3404 οἰκουμένης
833 3333 1154 3404 ἐκταθείς-ης
1177 3333 1432 3402 γνώσεως
1450 3372 1467 3398 ,
1494 3334 1589 3387 xal
1617 3335 1715 3405 τῆς

48 3418 487 3491 αταληψομὲνης
520 3419 625 3491 τὴν
662 3420 769 3491 γῆν
787 3420 1008 3491 εἰρήνης
1039 3421 1169 3491 ήμῖν
1193 3421 1520 3489 διαλέγεται.
1560 3422 1624 3475 El
1656 3422 1714 3476 δέ

52 3506 223 3571 μέλλων
255 3508 539 3561 τοιούτων
567 3507 840 3563 ἅπτεσθαι
870 3508 1175 3579 δογμάτων,
1218 3507 1473 3571 Ἰουδαίας
1503 3508 1712 3581 μέμνη-

46 3610 113 3646 :1:
139 3597 229 3649 καὶ
266 3596 689 3667 Ἰερουσαλὴμ,
726 3595 876 3661 ξένον
915 3597 1088 3650 οὐδέν.
1129 3596 1439 3668 Προφητεία
1489 3596 1596 3666 γὰρ
1645 3592 1714 3668 ἦν

48 3684 91 3735 τὸ
122 3685 449 3755 λεγόμενον,
490 3684 931 3757 συνεσκιασμένη
965 3686 1105 3747 τέως
1152 3687 1268 3747 ταῖς
1296 3685 1404 3737 τῶν
1437 3684 1714 3754 ὀνομάτων

44 3774 425 3844 προσηγορίαις
463 3773 516 3827 1³.
577 3773 733 3826 Ἐπεὶ
792 3772 889 3826 καὶ
940 3772 1032 3826 τὸν
1085 3772 1299 3843 ψαλμὸν
1360 3772 1451 3826 τὸν
1494 3773 1714 3844 ἑϐδομη-

42 3861 201 3912 an?»
230 3860 471 3931 πρῶτον
522 3863 553 3914 ὁ
581 3859 743 3914 Δαυῖδ
783 3858 1085 3915 συντιθέναι
1124 3860 1350 3930 μέλλων,
1406 3860 1713 3932 ἐπέγραψεν

232 3949 320 4019 τῷ
382 3948 729 4018 Σολομῶντι,
775 3948 870 4001 καὶ
920 3946 1125 4017 προῖὼν
1164 3948 1345 4018 πολλῷ
1363 3948 1581 4018 μείζονα
1615 3950 1712 4019 τῆς

35 4032 363 4102 Σελομῶνιος
402 4033 592 4100 ἀξίας,
629 4034 829 4105 μᾶλλον
856 4033 913 4087 δὲ
942 4035 1036 4088 καὶ
1075 4034 1174 4104 τῆς
1218 4035 1470 4088 ἁπάντων
1499 4034 1706 4106 ἀνθρώ-

32 4121 377 4189 πωνφύσως
426 4120 607 4177 ῐδενο.
658 4122 731 4174 T6
761 4121 890 4192 γὰρ,
922 4122 1041 4189 Πρὸ
1086 4121 1185 4176 τοῦ
1234 4121 1415 4189 ήλίου
1451 4121 1711 4192 διαμένει

29 4208 83 4259 τὸ
128 4208 323 4279 ὄνομα
369 4208 598 4272 αὑτοῦ,
656 4207 772 4273 καὶ,
825 4208 942 4276 Πρὸ
979 4208 1090 4277 τῆς
1135 4208 1403 4280 σελήνης
1433 4212 1466 4264 ό
1503 4211 1712 4278 θρόνος

23 4296 219 4359 αὑτοῦ,
280 4297 390 4349 καὶ
432 4296 539 4349 ὅσα
587 4295 832 4360 τοιαῦτα,
884 4296 1058 4361 οὐδεὶς
1104 4297 1169 4351 ἂν
1209 4297 1330 4351 οὐδέ
1372 4297 1476 4351 τῶν
1509 4298 1712 4369 σφόδρα

22 4383 251 4454 ἀνοήτων
296 4383 451 4455 περὶ
491 4383 840 4455 ἀνθρωπίνης
869 4385 1010 4438 εἴποι
1040 4385 1290 4455 λέγεσθαι
1328 4385 1560 4455 φύσεως.
1602 4387 1711 4439 Καὶ

20 4470 43 4519 6
72 4470 268 4524 Ἰακὼϐ
303 4472 394 4535 δὲ,
441 4471 607 4541 ήνίκα
632 4470 826 4536 ταῦτα,
862 4472 898 4526 ἃ.
939 4473 1119 4543 μέλλει
1147 4472 1242 4528 νῦν
1266 4475 1295 4528 6
1332 4472 1445 4546 [l9]
1485 4474 1711 4538 Ἡσαΐας

22 4554 257 4624 λέγεινῆ
301 4558 413 4612 καὶ
470 4557 692 4612 πλείονα
737 4559 940 4613 τούτων
990 4561 1380 4630 προανεφώνει·
1424 4561 1564 4631 μετά
1602 4561 1712 4632 γάρ

20 4644 105 4711 τῆς
128 4645 245 4698 τῶν
272 4643 468 4697 ἐθνῶν
493 4644 740 4715 κλήσεως
774 4646 987 4699 καὶτὸν
1038 4646 1265 4700 θάνατον
1314 4642 1434 4699 εἷπε
1473 4648 1568 4700 καὶ
1612 4647 1711 4719 τὴν

20 4732 340 4797 ἀνάστασιν,
398 4731 500 4785 καὶ
524 4732 615 4785 τὸν
648 4732 839 4805 καιρὸν
872 4733 993 4787 καθ’
1020 4733 1077 4788 ὃν
1114 4733 1305 4804 ἔμελλε
1334 4734 1670 4804 παρέσεσθαι
1695 4751 1709 4766 ο

19 4820 121 4874 ικΒᾶ
168 4824 402 4885 ἐκεῖνος
460 4820 867 4891 ἀπογυμνώσας
920 4823 1059 4876 αὐτὰ
1111 4821 1388 4887 τέθεικεν,
1441 4823 1577 4876 ἀλλά
1631 4824 1710 4894 τῷ

20 4908 355 4979 προσωπείῳ
392 4919 420 4947 ε
463 4908 565 4979 τῆς
617 4910 984 4981 προσηγορίας
1050 4911 1147 4963 τοῦ
1217 4911 1346 4963 Υίοῦ
1401 4912 1612 4983 κρύψας
1673 4913 1710 4967 ά

19 4996 228 5062 ἔμελλεν
256 4996 449 5065 ἐρεῖν,
479 4995 654 5059 οῦτως
686 4997 823 5051 αὐτά
851 4998 1295 5070 προανεφώνησε,
1315 5002 1392 5073 τῷ
1416 5003 1515 5073 μὲν
1534 5001 1709 5056 δοκεῖν

20 5084 72 5133 τὰ
131 5084 553 5155 συμϐησόμενα
592 5084 672 5156 τῷ
713 5084 881 5157 Ἰούδᾳ
922 5085 1127 5155 λέγων’
1170 5088 1352 5152 καθὼς
1396 5089 1454 5141 δέ
1491 5088 1551 5142 τὸ
1602 5089 1707 5143 τῶν

22 5177 369 5248 πραγμάτων
418 5177 693 5248 μαρτυρεῖ
732 5176 906 5243 τέλος,
944 5176 1088 5249 άπερ
1130 5177 1324 5249 ἔμελλε
1359 5179 1653 5250 κατορθοῦν
1680 5182 1709 5233 6

73 5319 96 5383 _‘
117 5319 195 5383 St:
216 5319 277 5368 In
299 5316 549 5383 omnibug
568 5318 931 5383 exemplaribus
952 5331 1044 5381 pro
1067 5319 1250 5383 λ’Λμώς.

72 5380 96 5416 ³
122 5381 250 5446 Reg:
277 5382 497 5446 tigrim
530 5378 776 5446 ὀνομάτων
813 5378 1156 5446 ϊξροσὴγορίιιιςξΔ
1192 5382 1402 5433 Alienus
1442 5382 1707 5446 legendum

24 5447 146 5506 puga!
156 5442 278 5506 ταῖς
301 5442 612 5506 τοιςντωνρτῶν
633 5442 878 5506 ὀνομάτων
894 5442 1246 5506 προσηγορίαις.

76 5504 95 5530 ⁸
130 5503 319 5568 κοί-ει.
344 5501 725 5568 165v._Sav.Ael_6¢'
750 5523 762 5551 :
790 5504 869 5568 hi_c
892 5501 1130 5568 adtem’id
1155 5506 1376 5568 margine
1407 5509 1542 5568 notat
1566 5504 1707 5568 forte

24 5562 283 5669 figendum
306 5576 431 5613 esse
457 5562 577 5612 εἷπε.
600 5563 809 5613 Allenus
845 5564 1112 5629 legendum
1134 5562 1285 5629 putat'
1298 5567 1402 5630 ᾖδε,
1424 5580 1490 5618 εει

24 5639 47 5652 ⁸
92 5644 171 5669 ιω.

239 5578 283 5614 ιο
306 5576 431 5613 esse
457 5562 577 5612 εἷπε.
600 5563 809 5613 Allenus
845 5564 1112 5629 legendum
1134 5562 1285 5629 putat'
1298 5567 1402 5630 ᾖδε,
1424 5565 1613 5629 cecinit,
1645 5567 1705 5617 ab

24 5639 150 5672 εειοω

44 5660 250 5753 ἷῖιξς.
282 5683 679 5753 ςιβινίιξιιᾳὶλδ
708 5687 882 5737 Ἰακὼϐ
914 5690 985 5753 ξι,
1004 5689 1146 5753 ἡνίκα
1167 5692 1224 5739 ἂν
1257 5693 1285 5740 6
1314 5689 1514 5746 Ἡσαΐας
1549 5691 1705 5753 μέλλει

25 5748 90 5791 r‘n
112 5748 274 5796 ταῦτα
302 5750 482 5803 λέγειν.
518 5749 704 5798 Boisius
728 5752 829 5799 vult
872 5748 977 5800 οΙὶο
991 5751 1135 5800 modo
1159 5755 1372 5803 restitui.
1416 5753 1516 5801 Sed
1551 5748 1705 5802 'Ieclio

28 5806 333 5918 mbos:
358 5806 610 5861 Edilionis
650 5811 779 5861 bene
824 5812 1011 5862 habere
1038 5814 1251 5875 videtur,
1292 5822 1345 5865 et
1385 5813 1449 5879 in_
1477 5815 1704 5865 Bavarico

54 5888 61 5889 ί
198 5885 247 5918 r.

76 5933 92 5953 ⁸
125 5933 255 5995 Reg.
287 5939 342 5984 cl
367 5934 480 5983 Sav.
512 5934 567 5983 τὸ
593 5936 916 5999 προσωπεῖον,
941 5938 1104 5988 minus
1126 5944 1279 5990 recte.

1833 391 2069 462 Χριστὸς
2128 393 2548 464 προαναφωνῶν.
2620 395 2754 449 Οῦτε
2817 400 2923 469 γὰρ
2985 400 3278 468 προσδοκία
3337 399 3506 453 ἐθνῶν

1844 480 2042 544 Ἰούδας
2068 482 2311 550 γέγονεν,
2346 482 2469 536 οὐτε
2500 484 2618 537 τότε
2639 484 2875 556 ἔλαμψεν
2897 488 2929 556 ὴ
2964 488 3125 557 φυλὴ,
3152 489 3237 541 ὅτε
3260 488 3505 555 ἐξέλιπεν

1831 568 2066 639 αὐτῶνή
2120 570 2362 623 πολιτεία
2383 588 2397 603 ο
2428 571 2563 624 ἀλλά
2597 571 2767 626 ταῦτα
2811 573 3017 638 πάντα,
3067 578 3153 628 ὅτε
3189 579 3218 630 6
3272 579 3506 648 Χριστὸς

1829 655 2182 725 παρεγένετο,
2210 657 2452 726 γέγονεν.
3272 670 3287 679 "

1898 741 1961 794 Εί
1989 742 2046 795 δέ
2076 744 2479 813 ἀναισχυντοῖειν
2518 746 2757 800 Ἰουδαῖοι
2803 746 2990 801 τοῦτον
3036 751 3502 820 παρακρουόμενοι

1827 826 1927 896 τῆς
1967 831 2303 900 προφητείας
2351 831 2444 885 τὸν
2494 832 2677 903 νόμον,
2710 834 2942 903 μάλιστα
2997 834 3096 904 μὲν
3156 831 3249 889 οὖν
3298 838 3394 891 καί
3439 838 3499 905 ἐξ

1826 915 2005 969 αὐτῶν
2033 916 2139 971 τῶν
2170 917 2471 987 εἰρημένων
2507 918 2701 991 ῥᾳδίως
2738 919 3116 991 διελεγχθεῖεν,
3148 923 3202 975 εἰ
3236 939 3321 986 τις
3362 924 3502 993 μετά

1825 1002 2112 1073 ἀκριϐείας
2156 1005 2257 1070 τὰς
2304 1007 2641 1079 προφητείας
2706 1007 3023 1076 ἐξαπλώσας
3059 1009 3118 1078 ί,
3169 1012 3264 1065 καὶ
3317 1015 3500 1068 πᾶσαν

1826 1092 1988 1163 ῥῆσιν
2036 1093 2175 1163 μετά
2234 1096 2333 1165 τῆς
2403 1096 2787 1167 προσηκούσης
2848 1096 3118 1163 ἐξετάζων
3171 1101 3449 1170 προσοχῆς
3476 1139 3497 1168 ,

1825 1177 2055 1249 ἁρμόζοι
2078 1180 2145 1234 τά
2177 1181 2441 1253 εἰρημένα
2475 1185 2586 1247 τοῖς
2611 1186 3015 1255 γεγενημένοις.
3042 1187 3203 1239 Ὥστε
3227 1188 3283 1241 δὲ
3313 1190 3405 1243 καὶ
3433 1191 3498 1243 ἐκ

1826 1267 2145 1337 περιουσίας
2172 1270 2348 1323 αὐτῶν
2388 1272 2703 1343 ἀπορράψαι
2734 1274 2804 1326 τά
2834 1274 3095 1344 στόματα,
3132 1276 3231 1328 οὐκ
3256 1276 3362 1329 ἀπὸ
3388 1276 3495 1331 τῶν

1824 1356 1904 1418 εἰς
1942 1355 2031 1409 τὸν
2061 1357 2293 1427 Χριστὸν
2308 1359 2633 1430 εἰρημένων,
2656 1360 2771 1414 ἀλλ’
2797 1361 2905 1414 ἀπὸ
2925 1362 3031 1415 τῶν
3056 1365 3135 1426 εἰς
3160 1365 3285 1427 τούς
3315 1364 3493 1416 αὐτῶν

1826 1442 2167 1513 πατριάρχας
2192 1445 2693 1516 προφητευθέντων,
2717 1447 2875 1501 τοῦτο
2911 1450 3241 1520 πειράσομαι
3268 1452 3492 1522 ποιῆσαι

1824 1529 2303 1600 φανερὸν,δεικνὺς
2323 1533 2481 1587 ὅτιαί
2516 1534 2707 1588 πολλαὶ
2737 1535 2845 1588 τῶν
2874 1536 3216 1606 προφητειῶν
3246 1536 3491 1609 εἴρηνται

1826 1616 1926 1687 μὲν
1946 1619 2023 1682 εἰς
2038 1619 2163 1682 τοὺς
2193 1619 2519 1691 φυλάρχους,
2545 1620 2807 1692 ἐξέϐησαν
2822 1622 2878 1675 δέ
2907 1624 2986 1685 εἰς
3005 1626 3131 1687 τοὺς
3159 1621 3217 1688 ἐξ
3245 1626 3488 1678 ἐκείνων.

1824 1704 1933 1757 Kal
1976 1705 2415 1778 παραδείγματος
2442 1708 2626 1762 ’ἑνεκεν
2658 1709 2785 1779 μίαν
2815 1711 2846 1778 ἢ
2889 1711 2981 1764 καὶ
3030 1710 3289 1782 δευτέραν
3323 1711 3490 1765 εἰπὼν

1825 1790 2086 1861 ἱστορίαν,
2120 1790 2325 1862 ἅψομαι
2380 1794 2489 1847 τῶν
2538 1797 2935 1867 προκειμένων.
2969 1797 3078 1849 Kal
3129 1799 3238 1869 γάρ
3277 1800 3364 1852 ὅτε
3399 1799 3490 1852 τὸν

1824 1876 2047 1948 Συμεὼν
2066 1879 2160 1933 καὶ
2187 1880 2279 1932 τὸν
2304 1880 2434 1933 Λευὶ
2458 1881 2690 1944 καλέσας
2712 1884 2740 1936 6
2779 1882 2992 1947 Ἰακὼϐ,
3024 1888 3403 1955 προαναφωνεῖ
3422 1887 3489 1939 τὰ

1824 1966 2213 2038 συμϐησόμενα
2242 1970 2443 2034 αὐτοῖς,
2487 1968 2657 2035 οῦτως
2699 1971 2884 2041 ἐλεγε’
2929 1973 3172 2041 Συμεὼν
3201 1974 3299 2027 καὶ
3348 1975 3488 2030 Λευί

1821 2054 2089 2124 ἀδελφοὶ,
2115 2057 2211 2110 καὶ
2240 2059 2619 2129 κατηγορήσας
2648 2059 2827 2113 αὐτῶν
2854 2061 2953 2132 τῆς
2979 2062 3349 2133 παρανομίας,
3394 2065 3488 2116 καὶ

1820 2142 1920 2213 τῆς
1944 2142 2129 2196 ἀδίκου
2162 2144 2376 2214 σφαγῆς
2400 2146 2495 2217 τῆς
2517 2147 2597 2210 εἰς
2624 2148 2749 2211 τοὺς
2772 2148 3068 2218 Σικημίτας
3097 2151 3486 2221 γεγενημένης,

1822 2231 2027 2303 προϊών
2059 2250 2227 2303 φησι·
2271 2233 2549 2304 Διαμεριῶ
2600 2235 2822 2302 αὐτοὺς
2864 2236 2933 2289 ἐν
2978 2238 3204 2302 Ἰακὼϐ,
3238 2240 3335 2292 καὶ
3365 2239 3489 2293 δια-

1801 2318 2021 2388 ςσπερῶ
2045 2320 2265 2387 αὐτοὺς
2285 2321 2354 2374 ἐν
2396 2321 2654 2390 Ἰσραήλ.
2698 2321 2868 2375 Τοῦτο
2898 2322 2953 2375 δέ
2981 2325 3070 2377 énl
3102 2323 3194 2377 τοῦ
3225 2324 3353 2379 Λευὶ
3396 2327 3490 2379 καὶ

1820 2404 1915 2459 τοῦ
1954 2405 2176 2477 Συμεὼν
2224 2407 2393 2471 οὐδεὶς
2430 2408 2496 2462 ἂν
2532 2408 2629 2461 ῖδοι
2685 2409 3067 2480 γεγενημένον,
3093 2411 3206 2464 ἀλλ’
3245 2413 3339 2465 ἐπὶ
3375 2413 3485 2465 τῶν

1821 2491 2000 2560 φυλῶν
2020 2491 2126 2545 τῶν
2157 2493 2217 2558 ἐξ
2242 2493 2440 2549 αὐτῶν.
2480 2494 2589 2548 Καὶ
2615 2494 2723 2565 γὰρ
2750 2497 2783 2565 ή
2805 2494 2899 2548 τοῦ
2937 2493 3067 2549 Λευῒ
3099 2495 3235 2568 φυλὴ
3262 2498 3487 2552 διεσπά-

1824 2596 1913 2649 ρη.
1957 2580 2019 2632 τὸ
2047 2580 2273 2634 δέκατον
2324 2582 2485 2653 μέρος
2532 2582 2701 2652 αὐτῆς
2743 2583 2983 2653 ἑκάστης
3021 2584 3191 2654 φυλῆς
3223 2584 3485 2656 ἐχούσης·

1818 2667 1853 2735 ἥ
1885 2682 1944 2719 τε
1991 2664 2084 2720 τοῦ
2122 2666 2366 2738 Συμεὼν,
2412 2669 2533 2738 ἥτις
2580 2668 2641 2721 τὸ
2680 2669 2811 2722 αὐτὸ
2839 2670 3025 2740 σχεδὸν
3063 2670 3251 2736 ἔπαθε,
3286 2672 3489 2735 πάσαις

1819 2757 2007 2821 αὐταῖς
2051 2757 2455 2828 παρεκταθεῖσα
2512 2758 2651 2811 κατά
2702 2759 2792 2811 τὸν
2848 2759 3071 2828 κλῆρον,
3118 2760 3212 2813 καὶ
3265 2760 3384 2830 οὐχ,
3413 2760 3490 2824 ὼς

1818 2844 2023 2916 ἐκάστη
2056 2844 2164 2898 τῶν
2212 2843 2407 2908 ἀλλων,
2440 2845 2790 2917 συνημμένην
2817 2845 2979 2899 ἔλαϐε
3017 2847 3113 2917 τὴν
3138 2846 3485 2918 κληρουχίαν.

1818 2932 1913 2986 καὶ
1939 2931 2076 3003 πρὸς
2102 2931 2298 3003 ἑαυτὴν
2332 2932 2869 3005 συγκεκροτημένην.
2894 2935 3003 2988 Kal
3034 2936 3062 2988 6
3103 2934 3302 2989 Ἰακὼϐ
3331 2934 3491 3000 δεξά-

1818 3037 1980 3091 μενος
2010 3020 2257 3089 εὐλογίας
2294 3020 2448 3092 παρά
2478 3020 2571 3074 τοῦ
2607 3022 2808 3092 πατρὸς
2841 3022 3096 3092 οὐδεμιᾶς
3141 3023 3319 3077 αὐτῶν
3378 3025 3487 3077 ἀπ-

1817 3108 2049 3180 ήλαυσεν
2073 3108 2253 3174 αὐτός.
2272 3109 2329 3162 '0
2353 3108 2452 3180 μὲν
2474 3109 2582 3177 γάρ
2608 3109 2788 3181 πατὴρ
2805 3108 2968 3163 αὐτοῦ
2983 3108 3279 3180 προύλεγεν
3302 3110 3488 3183 εὐετη-

1818 3199 1941 3270 ρίαν
1973 3199 2193 3271 πολλὴν,
2222 3200 2315 3254 καὶ
2352 3199 2569 3271 διηνεκῆ
2598 3198 2913 3253 δεσποτείαν
2948 3198 3042 3252 τοῦ
3092 3199 3265 3253 Ἠσαῦ
3288 3216 3302 3231 ο
3334 3195 3488 3265 οὗτος

1814 3286 1873 3341 δέ
1908 3287 2002 3341 καὶ
2033 3270 2141 3340 τῶν
2169 3270 2485 3355 ἀναγκαίων
2519 3286 2735 3357 ἠπόρει,
2771 3285 2865 3339 καὶ
2922 3284 3162 3355 θητεύων
3206 3287 3485 3357 ἐτρέφετο,

1815 3373 1911 3427 καὶ
1933 3372 2185 3426 τοσοῦτον
2211 3372 2416 3442 ἀπέσχε
2450 3371 2719 3443 κρατῆσαι
2747 3371 3031 3439 τάδελφοῦ,
3048 3373 3129 3426 ὅτι
3157 3372 3222 3443 δή
3250 3373 3487 3445 καὶπερὶ

1814 3462 1993 3516 αὐτῶν
2020 3460 2321 3516 ἐκινδύνευε
2357 3460 2465 3515 τῶν
2504 3462 2745 3532 ἐσχάτων
2764 3501 2779 3526 ,
2807 3459 2899 3515 καὶ
2929 3460 3076 3526 ἅπαξ
3106 3460 3252 3533 αὐτῷ
3292 3479 3487 3515 συντυ-

1814 3551 1925 3621 χὼν
1981 3550 2140 3621 μόνον
2199 3550 2337 3621 μετά
2367 3550 2561 3604 πολλοῦ
2608 3549 2701 3605 τοῦ
2730 3550 2915 3614 δέους,
2952 3550 3205 3621 ἠγάπησε
3238 3550 3298 3605 τὸ
3328 3552 3487 3622 δυνη-

1815 3636 1973 3708 θῆναι
1992 3637 2266 3707 διαφυγὼν
2294 3638 2455 3692 αὐτὸν
2494 3638 2588 3692 καὶ
2621 3638 2877 3709 σωθῆναι.
2905 3638 2971 3692 Tl
2999 3635 3091 3693 οὖν
3132 3638 3198 3693 ἂν
3238 3639 3487 3710 εἴποιμεν

1814 3725 1950 3795 πρὸς
1985 3724 2189 3790 ταῦτα;
2215 3725 2295 3778 ὅτι
2318 3724 2508 3795 ψεῦδος
2538 3725 2572 3796 ἡ
2604 3726 2942 3797 προφητείας
2978 3727 3223 3790 ’Δπαγεο
3257 3727 3370 3781 ἀλλ’
3401 3729 3483 3781 ὅτι

1812 3813 2050 3868 τοιοῦτον
2074 3812 2244 3882 αὐτῆς
2263 3810 2529 3882 πολλαχοῦ
2563 3812 2623 3866 τὸ
2660 3812 2798 3877 ἔθος,
2832 3812 2899 3865 τὰ
2928 3812 3014 3881 ἐφ’
3047 3813 3246 3883 ἐτέρων
3264 3822 3290 3860 8
3320 3812 3485 3883 ἐκϐη-

1816 3902 2016 3971 σόμενα
2069 3901 2270 3973 ἐτέρων
2331 3900 2703 3971 ὑποκειμένων
2760 3902 3069 3971 προσώπων
3121 3901 3320 3968 λέγειν,
3389 3905 3484 3956 καὶ

1814 3989 2217 4061 ἀποκεχρῆσθαι
2246 3988 2502 4059 ὀνόμασιν
2545 3987 2726 4051 ἄλλοις
2772 3988 2888 4041 ἀνθ’
2919 3988 3155 4059 ἐτέρων⁹
3191 3988 3219 4040 ὃ
3252 3989 3345 4041 καὶ
3391 3990 3484 4041 ἐπὶ⁹

1812 4065 1906 4130 τοῦ
1936 4076 2152 4130 Χαναὰν
2184 4075 2423 4143 γέγονεν.
2456 4074 2589 4127 Οὐδὲ
2635 4073 2745 4145 γὰρ
2771 4076 2986 4144 ὁρῶμεν
3027 4077 3230 4129 ἐκεῖνον
3268 4075 3484 4129 δουλεύ-

1816 4180 1982 4218 σαντα
2008 4165 2120 4225 τοῖς
2147 4162 2412 4231 ἀδελφοῖς,
2428 4162 2489 4214 οὐ
2522 4161 2628 4231 μὴν
2655 4161 2774 4213 οὐδὲ
2794 4161 2891 4232 τὴν
2926 4160 3063 4231 ἀρὰν
3096 4161 3479 4228 διαπεσοῦσαν,

1813 4249 1927 4305 ἀλλ’
1962 4250 2053 4303 ἐπὶ
2078 4248 2187 4303 τῶν
2204 4248 2569 4302 Γαϐαιονιτῶν
2593 4247 2862 4303 λαϐοῦσαν
2894 4249 2954 4302 τὸ
2977 4248 3128 4313 τέλος
3148 4249 3257 4303 τῶν
3278 4251 3341 4303 ἐκ
3382 4249 3479 4305 τοῦ

1813 4337 2031 4392 Χαναὰν
2085 4336 2401 4407 γεγονότων.
2435 4337 2541 4390 Kal
2582 4336 2689 4406 γὰρ
2718 4336 2775 4389 ἐν
2820 4335 2969 4404 τάξει
2998 4338 3137 4407 ἀράς
3174 4339 3481 4408 προφητεία

1812 4426 1875 4478 τὸ
1896 4424 2185 4496 λεγόμενον
2208 4420 2297 4495 ἦν.

1886 4530 2000 4605 [20]
2041 4530 2107 4601 β’.
2148 4529 2426 4584 Τοσούτων
2462 4531 2638 4584 τοίνυν
2676 4531 2769 4585 καὶ
2800 4530 3052 4583 τοιούτων
3088 4530 3257 4583 ὅντων
3298 4546 3479 4603 παρα-

1811 4618 2121 4691 δειγμάτων
2163 4618 2271 4672 τῶν
2313 4617 2744 4672 ἀποδεικνύντων
2776 4620 2906 4688 ἡμῖν
2931 4658 2945 4682 ,
3004 4618 3086 4670 ὅτι
3147 4617 3317 4670 πολλά
3371 4619 3479 4672 τῶν

1811 4708 2115 4780 εἰρημένων
2165 4706 2378 4776 λέγεται
2440 4705 2539 4776 μὲν
2602 4706 2687 4776 ἐφ’
2743 4705 2963 4776 ἐτέρων,
3000 4705 3241 4758 ἐκϐαίνει
3290 4705 3347 4759 δέ
3390 4706 3477 4758 ἐπ’

1811 4796 2004 4860 ἄλλων,
2065 4794 2158 4847 καὶ
2204 4794 2460 4864 ὀνόμασιν
2517 4792 2917 4863 άποκέχρηνται
2965 4792 3013 4844 οἰ
3064 4792 3372 4862 προφῆται,
3424 4793 3479 4845 τί

1812 4882 2120 4953 θαυμαστὸν
2151 4883 2199 4933 εί
2229 4880 2320 4934 καὶ
2372 4879 2465 4933 νῦν
2505 4879 2564 4932 τὸ
2601 4879 2697 4949 τῆς
2740 4877 2995 4941 Ἰουδαίας
3024 4878 3116 4930 καὶ
3148 4881 3245 4948 τῆς
3282 4878 3478 4949 Ἰερου-

1812 4970 1992 5040 σαλὴμ
2021 4969 2241 5039 προθεὶς
2261 4969 2429 5037 δνομα
2460 4970 2487 5021 6
2512 4967 2821 5037 προφήτης,
2860 4967 2988 5036 περὶ
3018 4968 3115 5036 τῆς
3154 4965 3479 5043 Ἐκκλησίας

1810 5059 2219 5129 προαναφωνεῖ;
2253 5056 2363 5109 Kal
2394 5056 2502 5126 γὰρ
2535 5055 2719 5125 ἐπειδὴ
2753 5054 2887 5123 πρὸς
2921 5052 3238 5123 ἀγνώμονας
3268 5057 3296 5107 6
3323 5054 3476 5123 λόγος

1782 5141 1874 5217 ’ἦν
1910 5144 2076 5216 αὐτῷ,
2106 5145 2385 5214 προφήτας
2418 5140 2791 5213 ἀναιροῦντας,
2815 5142 2881 5195 τά
2904 5140 3081 5211 βιϐλία
3111 5141 3380 5206 καίοντας,
3406 5141 3474 5193 τά

1809 5232 2169 5305 θυσιαστήρια
2221 5230 2705 5294 κατασκάπτοντας
2736 5268 2752 5295 ,
2820 5230 3043 5295 είκότως
3090 5230 3152 5283 τὸ
3215 5228 3472 5298 κάλυμμα

1807 5321 1984 5375 ἐκειτο
2021 5320 2115 5374 ἐπὶ
2156 5322 2225 5392 τῇ
2272 5317 2572 5388 ἀναγνώσει
2613 5319 2711 5389 τῆς
2742 5318 2977 5383 παλαιᾶς
3008 5317 3301 5388 Διαθήκης,
3333 5316 3473 5370 κατά

1806 5409 1898 5462 τὸν
1949 5408 2215 5480 μακάριον
2284 5406 2513 5461 Παῦλον.
2572 5402 2649 5461 Ἦ
2704 5408 2811 5479 γὰρ
2860 5408 2925 5462 ἂν
2968 5408 3061 5460 καὶ
3096 5407 3365 5477 ἠφάνισαν
3407 5406 3476 5458 τὰ

1810 5496 2011 5569 βιϐλία,
2049 5497 2098 5549 εἰ
2156 5496 2396 5567 συνῆκαν
2446 5497 2544 5568 τῆς
2595 5496 2930 5567 προφητείας
2968 5495 3066 5566 τὴν
3108 5496 3339 5566 δύναμιν
3373 5495 3472 5563 τῆς,

1810 5587 1938 5658 περ)⁵
1968 5584 2062 5639 τοῦ
2091 5585 2348 5657 Χριστοῦ.
2384 5586 2555 5640 Ὅπου
2582 5585 2689 5656 γὰρ
2720 5584 2960 5656 παρόντα
2994 5585 3176 5649 αὐτὸν,
3226 5584 3319 5636 καὶ
3344 5583 3472 5635 θαυο

1811 5672 2238 5746 ματουργοῦντα,
2270 5675 2362 5728 καὶ
2390 5674 2575 5745 ἐντελῆ
2605 5673 2702 5740 τῆς
2726 5672 2928 5737 οίκείας
2956 5672 3235 5743 δυνάμεως
3258 5671 3349 5725 καὶ
3374 5669 3472 5739 τῆς

1874 5819 1892 5857 ί
1926 5819 2073 5868 Savil.
2101 5822 2150 5866 el
2174 5818 2296 5881 Reg.
2321 5817 2401 5872 τὰς
2423 5817 2704 5878 προφητείας
2722 5817 3083 5880 ἀναπληρώσας,
3105 5815 3248 5865 male.
3276 5810 3471 5864 navari-

1808 5896 1891 5931 cus
1915 5883 2037 5929 utin
2065 5887 2219 5927 textu.

1871 5945 1894 5983 α
1938 5943 2037 6002 'bp’
2057 5943 2225 6005 ἐτέρων
2244 5942 2384 5991 deest
2404 5942 2454 5990 in
2477 5940 2623 5990 Savill
2656 5946 2705 6014 gl
2731 5940 2853 6004 Reg.
