3712 6274
240 332 313 395 29
1017 340 1076 398 S.
1117 339 1403 400 JOANNIS
1434 338 1921 401 CHRYSOSTOMI
1961 340 2281 406 ARCIIIEP.
2322 344 2871 410 CONSTANTINOP.
3622 354 3692 411 ὅθ

240 449 380 519 πρὸς
426 447 517 501 τὸν
565 446 781 520 Πατέρα
822 451 1138 519 συμφωνίας
1178 471 1236 508 τε
1269 454 1363 507 καὶ
1389 454 1640 525 ὁμονοίας
1677 453 1910 524 παρεχό-

242 551 402 604 μενον
440 532 541 603 τὴν
588 533 859 599 ἀπόδειξιν
891 536 989 589 οὐκ
1038 538 1375 608 ᾐδέσθησαν,
1424 540 1544 592 οὐδὲ
1597 540 1909 609 ἀπέστησαν

236 624 343 685 ἕως
372 622 741 695 ἐσταύρωσαν.
780 625 940 696 σχολῇ
972 642 1035 694 γε
1073 626 1140 679 ἃν
1168 627 1276 681 τῶν
1302 638 1331 669 ι
1373 629 1502 699 περὶ
1530 627 1693 682 αὐτοῦ
1718 627 1906 695 λεγόν-

236 726 345 763 των
392 710 694 779 ἐφείσαντο,
737 710 831 774 οὓς
859 712 953 766 καὶ
985 713 1153 784 χωρὶς
1199 714 1385 768 τούτου
1434 715 1721 769 κατέλευον
1791 733 1912 767 συν-

236 799 393 868 εχῶς.
418 799 514 853 Διά
542 798 699 852 τοῦτο
719 802 827 863 τοῖς
848 800 1065 864 οἰκείοις
1096 801 1189 855 καὶ
1214 802 1509 873 γνωρίμοις
1538 802 1719 865 αὐτοῖς
1748 804 1908 871 ἐμφι-

235 884 599 956 λοχωροῦντες
644 886 889 956 ὀνόμασι,
938 886 1036 949 τάς
1071 888 1404 958 προφητείας
1459 886 1633 957 τούτῳ
1694 889 1912 941 συσκιά-

237 972 389 1035 ζουσι
418 972 495 1043 τῷ
522 972 816 1044 προσώπῳ.
842 974 965 1027 Ὅτι
994 973 1101 1045 γάρ
1132 974 1192 1026 ού
1223 974 1350 1046 περί
1388 974 1490 1044 τῆς
1524 973 1781 1039 Ἰουδαίας
1815 975 1907 1028 καὶ

248 1059 602 1131 Ἰερουσαλὴμ
646 1062 676 1113 6
716 1060 905 1129 λόγος,
950 1061 1186 1132 ἑκάστην
1237 1061 1572 1133 παράγοντες
1620 1061 1764 1127 λέξιν
1829 1064 1911 1121 εἰς

240 1147 403 1215 μέσον
435 1147 571 1218 μετὰ
600 1148 886 1220 ἀκριϐείας
917 1148 1172 1220 εἰσόμεθα
1205 1150 1275 1203 τά
1300 1150 1581 1221 εἰρημένα.
1894 1158 1897 1159 ⁷

310 1303 437 1359 Ὀτι
487 1306 659 1365 ἔσται
699 1307 769 1360 ἐν
798 1306 927 1373 ταῖς
953 1306 1241 1376 ἐσχάταις
1280 1307 1527 1377 ἡμέραις
1548 1306 1811 1376 ἐμφανὲς
1843 1308 1907 1361 τὸ

237 1392 375 1460 ὄρος
403 1396 643 1461 Κυρίου.
672 1395 815 1466 Ὅρα
834 1394 1115 1465 ἀκρίϐειαν
1144 1395 1444 1465 προφήτου,
1470 1394 1531 1447 ού
1549 1394 1617 1447 τά
1644 1396 1907 1466 πράγμα-

236 1496 303 1532 τα
347 1480 593 1549 λέγοντος
637 1482 816 1552 μόνον,
856 1482 991 1535 ἀλλά
1028 1484 1121 1536 καὶ
1155 1482 1247 1535 τὸν
1304 1482 1493 1553 χρόνον
1549 1482 1904 1552 ἐπισημαινο-

238 1566 421 1635 μένου.
454 1567 630 1638 Ὅπερ
660 1570 770 1639 γάρ
810 1586 975 1640 φησιν
1008 1570 1037 1622 6
1087 1568 1324 1634 Παῦλος,
1359 1569 1497 1622 Ὅτε
1528 1567 1597 1621 δὲ
1646 1564 1792 1638 ἦλθε
1839 1569 1907 1623 τὸ

235 1652 524 1722 πλήρωμα
572 1653 693 1707 τῶν
723 1655 963 1723 καιρῶν,
997 1656 1091 1709 καὶ
1134 1655 1360 1725 ἑτέρωθι
1405 1655 1588 1719 πάλιν,
1632 1658 1733 1721 Εἰς
1756 1656 1909 1709 οἰκο-

233 1740 451 1807 νομίαν
480 1739 586 1792 τοῦ
632 1741 1025 1810 πληρώματος
1084 1742 1203 1795 τῶν
1245 1740 1484 1811 καιρῶν,
1508 1741 1665 1795 τοῦτο
1691 1742 1721 1795 6
1776 1759 1908 1813 προ-

235 1827 414 1896 φήτης
454 1829 638 1897 φησὶν,
687 1830 789 1882 Ἐν
832 1829 960 1895 ταῖς
999 1828 1292 1899 ἐσχάταις
1337 1829 1601 1898 ἡμέραις.
1650 1830 1812 1901 Ὄρος
1848 1829 1905 1881 δέ

232 1913 335 1981 τήν
381 1913 701 1983 Ἐκκλησίαν
754 1915 847 1967 καὶ
891 1915 951 1967 τὸ
987 1914 1096 1967 τῶν
1134 1915 1416 1985 δογμάτων
1461 1914 1905 1984 άκαταγώνιστον

234 1998 406 2053 καλεῖ.
432 1999 700 2072 Καθάπερ
723 2000 829 2073 γὰρ
852 2000 1002 2069 δρεσι
1049 2002 1153 2055 κᾶν
1184 2002 1354 2073 μυρία
1384 2002 1696 2076 προσϐάλλῃ
1738 2019 1905 2075 στρα-

231 2086 450 2150 τόπεδα,
476 2087 605 2155 τόξα
630 2088 894 2154 τείνοντα,
929 2090 1021 2142 καὶ
1040 2089 1238 2159 δόρατα
1262 2090 1509 2160 ἀφιέντα,
1538 2090 1905 2161 μηχανήματα

234 2176 599 2244 προσάγοντα,
645 2179 827 2229 ἐκεῖνα
858 2178 957 2245 μὲν
1000 2178 1121 2230 οὐδὲ
1175 2179 1526 2248 παραϐλάψαι
1562 2179 1902 2249 δυνήσονται,

232 2265 330 2333 τὴν
357 2266 414 2318 δὲ
441 2267 643 2319 οἰκείαν
669 2267 1093 2321 καταλύσανταδ
1121 2268 1273 2339 ἰσχὺν
1305 2268 1693 2321 ἀπελεύσονται
1715 2286 1728 2300 ·
1761 2267 1904 2321 οὕτω

231 2349 297 2419 δὴ
327 2353 419 2405 καὶ
447 2355 494 2405 οἱ
527 2355 591 2423 τῇ
637 2353 929 2425 Ἐκκλησία
963 2353 1365 2425 πολεμήσαντες
1398 2356 1664 2421 ἅπαντες,
1702 2355 1903 2425 ταύτην

236 2438 337 2506 μὲν
375 2440 475 2493 οὐκ
527 2440 761 2502 ἔσεισαν,
808 2443 906 2511 τὴν
936 2442 992 2494 δὲ
1018 2442 1222 2494 οἰκείαν
1275 2441 1634 2505 ἀπολέσαντες
1678 2442 1905 2513 δύναμιν

233 2526 705 2598 κατῃσχύνθησαν,
746 2530 802 2582 ἐν
858 2528 936 2599 τῷ
980 2530 1161 2581 παίειν
1188 2527 1546 2599 διαλυόμενοι,
1590 2529 1683 2581 καὶ
1720 2530 1777 2582 ἐν
1826 2528 1904 2600 τῷ

236 2612 450 2682 βάλλειν
479 2615 848 2681 ἀσθενοῦντες,
873 2615 966 2668 καὶ
991 2617 1045 2668 ἐν
1074 2616 1151 2685 τῷ
1192 2618 1362 2668 ποιεῖν
1390 2616 1497 2669 ὑπὸ
1531 2616 1641 2669 τῶν
1670 2617 1903 2687 πασχόν-

232 2716 341 2753 των
367 2700 682 2771 νικώμενοι·
713 2703 847 2774 ὅπερ
886 2704 980 2757 καὶ
1013 2702 1311 2774 παράδοξος
1337 2704 1491 2775 νίκης
1532 2704 1731 2775 τρόπος
1763 2706 1898 2768 ἐστὶ,

233 2786 330 2840 καὶ
356 2789 455 2840 οὐκ
506 2789 830 2858 ἀνθρώποις,
865 2790 998 2844 ἀλλά
1030 2791 1146 2861 Θεῷ
1200 2791 1357 2860 μόνον
1384 2790 1622 2855 δυνατός.
1680 2792 1754 2845 Τὸ
1790 2792 1901 2863 γὰρ

234 2870 547 2941 θαυμαστὸν
593 2874 688 2943 τῆς
731 2874 1082 2946 Ἑκκλησίας,
1109 2876 1206 2945 ούχ
1238 2873 1320 2927 ὅτι
1364 2876 1634 2945 ἐνίκησεν,
1668 2875 1780 2929 ἀλλ’
1818 2877 1901 2929 ὅτι

234 2960 329 3011 καὶ
353 2960 523 3023 οὓτως
551 2962 820 3032 ἐνίκησεν.
865 2962 1226 3033 Ἐλαυνομένη
1253 2962 1390 3033 γὰρ,
1432 2962 1769 3034 διωκομένη,
1804 2982 1903 3033 μυ-

237 3047 371 3117 ρίοις
395 3052 842 3123 κατακοπτομένη
868 3051 1109 3122 τρόποις,
1127 3052 1187 3104 ού
1215 3052 1373 3122 μόνον
1401 3052 1499 3104 οὐκ
1527 3051 1901 3121 ήλαττονοῦτο,

232 3133 369 3187 ἀλλά
412 3137 507 3189 καὶ
554 3136 754 3206 μείζων
806 3137 1035 3205 ἐγίνετο,
1067 3138 1159 3190 καὶ
1203 3139 1328 3199 τοὺς
1370 3138 1544 3191 ταῦτα
1582 3140 1752 3191 ποιεῖν
1785 3139 1906 3190 ἐπι-

234 3223 551 3293 χειροῦντας
615 3223 744 3276 αὐτὸ
800 3224 860 3276 τὸ
909 3225 1137 3294 πάσχειν
1201 3224 1359 3295 μόνον
1401 3226 1690 3279 κατέλυενυ
1766 3227 1903 3296 ὅπερ

230 3311 443 3379 ἀδάμας
472 3312 614 3363 ποιεῖ
641 3311 768 3381 περὶ
799 3311 889 3364 τὸν
924 3312 1159 3382 σίδηρον,
1204 3312 1281 3383 τῷ
1319 3313 1574 3366 παίεσθαι
1600 3313 1759 3385 μόνον
1788 3313 1904 3367 δια-

231 3392 371 3445 λύων
420 3394 513 3446 τοῦ
571 3394 821 3456 πταίοντος
872 3395 969 3465 τήν
1011 3395 1190 3465 ἰσχύν·
1236 3396 1331 3448 καὶ
1373 3395 1572 3466 κέντρα
1614 3396 1750 3467 πρὸς
1778 3396 1905 3457 τοὺς

229 3480 601 3544 λακτίζοντας,
654 3481 795 3534 αύτά
828 3482 925 3551 μὲν
955 3481 1109 3535 οὐδὲν
1137 3481 1451 3553 ἀμϐλύτερα
1484 3483 1729 3538 ἐντεῦθεν
1751 3484 1900 3553 γινό-

233 3587 390 3637 μενα,
436 3571 561 3632 τοὺς
609 3568 667 3622 δὲ
720 3568 1068 3633 λακτίζοντας
1121 3570 1460 3641 αἰμάσσοντα
1494 3571 1681 3631 πόδας.
1705 3571 1805 3625 Διά
1834 3572 1898 3646 δὴ

229 3660 390 3712 τοῦτο
423 3659 547 3730 ὅρος
572 3658 847 3713 ἐκάλεσεν.
886 3660 946 3711 Εἰ
968 3658 1025 3712 δὲ
1047 3659 1145 3712 οὐκ
1170 3661 1420 3730 ἀνέχεται
1470 3662 1569 3732 τῆς
1590 3664 1900 3733 μεταφορᾶς

229 3752 259 3802 6
303 3750 573 3813 Ἰουδαῖος,
593 3749 801 3803 οἴκοθεν
840 3750 1003 3803 πάλιν
1029 3749 1263 3821 δεχέσθω
1324 3750 1416 3803 τὸν
1456 3750 1694 3821 ἔλεγχον.
1728 3751 1900 3817 Αὐτὸς

230 3839 340 3908 γὰρ
377 3831 530 3902 οὗτος
571 3838 601 3891 6
650 3839 933 3908 προφήτης
992 3837 1186 3901 λύκους
1237 3838 1331 3891 καὶ
1381 3838 1551 3908 ἄρνας
1595 3838 1764 3910 ἔφησε
1801 3840 1899 3910 τῆς

229 3925 400 3995 αὐτῆς
431 3924 601 3996 νομῆς
625 3926 995 3995 κοινωνήσειν,
1027 3925 1121 3978 καὶ
1156 3924 1341 3995 μυίαις
1395 3926 1486 3979 τὸν
1521 3925 1651 3979 Θεὸν
1694 3927 1900 3997 συριεῖν

227 4014 324 4068 καὶ
352 4016 471 4077 ταῖς
502 4013 802 4084 μελίσσαις,
841 4014 937 4066 καὶ
984 4013 1225 4083 ποταμὸν
1255 4014 1476 4082 ἀνάγειν
1520 4014 1773 4084 ῥαγδαῖον
1807 4015 1900 4069 ἐπὶ

228 4106 356 4169 τοὺς
406 4104 715 4167 Ἰουδαίους,
740 4104 827 4157 διά
865 4104 925 4157 τὸ
968 4104 1043 4175 μὴ
1067 4102 1349 4174 βούλεσθαι
1377 4102 1491 4175 [21]
1525 4103 1719 4167 αὐτοὺς
1757 4104 1899 4173 ἐχειν

226 4193 288 4245 τὸ
343 4193 485 4263 ῦδωρ
536 4193 628 4247 τοῦ
689 4192 929 4263 Σιλωάμ.
973 4194 1151 4264 ’Λπερ
1203 4190 1259 4244 εῐ
1308 4209 1391 4255 τις
1425 4191 1518 4245 ἐπὶΙ
1562 4192 1670 4247 τῶν
1702 4192 1899 4257 λέξεων

228 4280 470 4344 ἐκλάϐοι,
500 4280 634 4334 πολὺ
668 4281 730 4333 τὸ
758 4281 1110 4352 ἀπερινόητον
1133 4280 1276 4351 ἔχει·
1314 4280 1450 4333 ἀλλά
1472 4281 1556 4333 δεῖ
1583 4280 1652 4334 τά
1682 4281 1746 4334 ἐκ
1777 4281 1900 4334 τού-

226 4384 338 4418 των
369 4367 746 4436 σημαινόμενα
776 4368 1099 4437 δεχομένους
1130 4367 1272 4420 οὕτω
1313 4367 1607 4420 ποικίλλειν
1636 4369 1745 4420 τῶν
1777 4386 1899 4437 νοη-

232 4452 416 4523 μάτων
441 4454 538 4525 τὴν
568 4454 905 4507 ἀκολουθίαν.
942 4455 1006 4507 Τί
1029 4451 1121 4508 οὖν
1142 4455 1257 4507 ἐστι
1282 4455 1351 4507 τά
1371 4457 1435 4508 ἐκ
1467 4455 1670 4507 τούτων
1701 4472 1901 4526 σημαι-

227 4541 462 4612 νόμενα;
491 4542 590 4595 Διά
638 4540 738 4612 μὲν
791 4542 901 4594 τῶν
953 4542 1132 4595 λύκων
1173 4544 1265 4596 καὶ
1306 4543 1415 4595 τῶν
1462 4543 1661 4614 ἀρνῶν,
1709 4544 1758 4595 οἱ
1786 4544 1899 4598 τῶν

228 4627 534 4698 ἀνθρώπων
568 4628 758 4698 τρόποι
795 4629 844 4681 οἰ
870 4628 1155 4700 θηριώδεις
1200 4630 1292 4683 καὶ
1324 4630 1520 4700 ἥμεροι
1542 4646 1555 4660 ο
1584 4629 1672 4683 διὰ
1701 4630 1757 4683 δὲ
1790 4630 1899 4684 τῶν

231 4716 447 4785 μυιῶν,
490 4715 552 4769 τὸ
596 4716 950 4786 ἀναίσχυντον
1006 4716 1115 4770 τῶν
1164 4717 1507 4785 Αἰγυπτίων
1553 4717 1641 4771 διὰ
1692 4718 1750 4771 δὲ
1804 4720 1898 4771 τοῦ

229 4804 498 4875 ποταμοῦ,
532 4804 592 4858 τὸ
620 4804 849 4877 σφοδρὸν
890 4804 990 4874 τῆς
1024 4805 1309 4876 στρατείας
1338 4804 1431 4858 τοῦ
1463 4805 1738 4878 βαρϐάρου
1758 4822 1772 4837 ο
1809 4806 1900 4860 διὰ

226 4890 283 4943 δέ
312 4891 405 4943 τοῦ
436 4892 674 4963 Σιλωάμ,
691 4894 751 4946 τὸ
772 4895 945 4964 πρᾶον
968 4895 1063 4946 xal
1079 4895 1316 4957 ἐπιεικὲς
1345 4894 1437 4948 τοῦ
1468 4896 1589 4948 τότε
1614 4895 1895 4967 ἄρχοντος,

223 4978 321 5032 τοῦ
366 4978 476 5032 τῶν
533 4980 798 5034 Ἰουδαίων
825 4981 1108 5052 βασιλέως.
1143 4983 1249 5034 Καὶ
1279 4983 1451 5038 οὐδεὶς
1479 4982 1599 5036 ούδέ
1628 4984 1735 5036 τῶν
1771 4984 1899 5053 σφό-

223 5064 325 5137 δρα
351 5066 591 5137 ἀνοήτων
619 5068 753 5139 πρὸς
773 5069 943 5122 ταῦτα
971 5071 1104 5140 ἡμῖν
1136 5071 1368 5141 ἀντερεῖ.
1400 5071 1612 5141 Ὥσπερ
1652 5072 1760 5143 γάρ
1805 5067 1898 5124 οὖν

225 5154 410 5208 ἐκεῖνα
457 5154 662 5226 ἑτέροις
703 5156 926 5227 ὀνόμασι
981 5157 1334 5230 παρεδηλώθη
1361 5200 1375 5223 ,
1437 5156 1580 5210 οὕτω
1640 5160 1732 5211 καὶ
1798 5159 1901 5229 τῆς

236 5242 562 5313 Ἐκκλησίας
604 5244 666 5297 τὸ
704 5246 948 5318 στερρὸν,
992 5246 1050 5299 τὸ
1096 5247 1351 5317 ἀκίνητον
1378 5256 1425 5312 ο,
1456 5245 1517 5298 τὸ
1573 5245 1796 5315 ὑψηλὸν,
1837 5249 1899 5299 τὸ

222 5332 520 5405 ἀχείρωτον
542 5334 634 5388 διά
656 5335 755 5406 τῆς
790 5334 882 5389 τοῦ
915 5336 1076 5409 ὅρους
1104 5338 1321 5408 ᾐνίξατο
1354 5337 1745 5409 προσηγορίας.
1788 5338 1900 5392 Καὶ

286 5535 303 5557 ⁸
326 5536 448 5609 ng.
476 5538 739 5609 σχο-λῇγὰρ
757 5540 1045 5609 τῶιδανὶἰ.
1072 5544 1225 5609 σχολῇ
1250 5561 1318 5609 ,γε
1339 5548 1449 5595 τῶν.
1496 5547 1703 5598 Praestat
1746 5547 1897 5598 lectio

223 5597 814 5660 Morglliauéﬁdil’io'nis,
841 5608 895 5650 et
914 5609 992 5651 est
1014 5606 1062 5652 in
1089 5597 1339 5657 ﬁaviric'o.

288 5659 316 5699 b
341 5659 464 5720 Reg.
493 5668 545 5709 el
562 5661 725 5732 SavilA.‘
739 5664 1018 5732 τείνοντες...
1057 5666 1320 5732 ἀφιέντες...
1356 5671 1668 5732 προσάγοντες
1692 5709 1723 5720 ..
1750 5690 1894 5722 κατα·

222 5723 466 5789 λύσαντες,
512 5735 624 5789 quap
659 5726 806 5789 etiam
832 5729 977 5775 lectio
1003 5723 1225 5789 quadrat,
1268 5738 1321 5778 et
1362 5723 1894 5783 irinum'eris‘ﬂrmalur

108 5841 117 5849 .
222 5786 496 5851 exempiis;
520 5785 609 5833 sed
630 5798 738 5833 cum
766 5786 932 5851 Μάγοι.
983 5785 1131 5837 eiiam
1154 5785 1304 5840 leélio
1336 5791 1466 5841 bene
1489 5796 1684 5851 habeat,
1713 5797 1892 5844 τείνονο

366 5846 559 5954 ἀφιέἴτα
585 5854 705 5908 etc.,
731 5855 784 5897 cl
820 5848 936 5899 Cod.
978 5851 1207 5901 Bavarico
1244 5854 1487 5914 ﬁrmetur,
1527 5869 1635 5905 eam
1668 5846 1889 5907 ietinere

277 5920 382 5952 sum
408 5919 463 5953 es
493 5944 501 5953 .

277 5920 382 5952 sum
408 5919 501 5953 ρει.

286 5969 310 5999 ε
334 5965 407 6016 lla
428 5968 548 6030 Reg.
578 5976 627 6021 et
653 5973 799 6023 Savil.
826 5970 881 6023 In
927 5974 1097 6024 Morel.
1136 5976 1187 6022 τὸ
1212 5976 1429 6034 ἀκίνητον
1450 5977 1635 6027 deerat.

2017 458 2125 528 γάρ
2151 460 2335 529 ἕτερος
2364 463 2649 533 προφήτης
2673 466 2799 528 τοὺς
2821 463 3148 525 πεποιθότας
3180 462 3271 518 ἐπὶ
3295 465 3387 519 τὸν
3418 465 3548 521 Θεὸν
3572 468 3691 539 ὅρεη

2017 547 2387 616 παραϐάλλει,
2445 550 2505 603 τὸ
2545 550 2982 618 ἀκαταγώνιστον
3034 550 3216 605 αὐτῶν
3262 554 3691 625 ἐνδεικνύμενος

2029 632 2342 702 Ἐμεεανές.
2366 635 2536 690 Τοῦτο
2562 638 2682 690 ούδέ
2711 638 2809 707 τῆς
2835 638 2941 694 ἀπὸ
2975 638 3068 691 τοῦ
3102 639 3262 708 λόγου
3300 638 3482 693 λοιπὸν
3516 643 3582 712 ἐρ
3590 659 3692 711 μηε

2014 723 2163 785 νείας
2190 723 2379 778 δεῖται.
2411 724 2598 788 Οὕτως
2627 724 2765 795 αὑτὴ
2798 725 2905 778 τῶν
2928 728 3271 798 πραγμάτων
3300 728 3333 799 ἡ
3358 728 3519 798 φύσις
3558 730 3692 783 σάλε

2014 826 2210 877 πιγγος
2257 811 2643 883 λαμπροτέραν
2701 811 2884 884 φωνὴν
2954 814 3193 885 ἀφίησι,
3269 817 3331 870 τὸ
3390 820 3692 888 περιφανὲς

2012 896 2393 969 ἐνδεικνυμένη
2456 898 2556 969 τῆς
2605 899 2946 969 Ἐκκλησίας.
3012 903 3086 954 υύ
3142 902 3251 973 γάρ
3304 904 3479 969 οὕτως
3536 904 3692 975 ἥλιος

2013 983 2200 1049 φανὸς,
2232 984 2350 1037 οὐδὲ
2386 984 2447 1037 τὸ
2476 986 2540 1038 ἐκ
2595 984 2785 1039 τούτου
2837 987 2971 1055 φῶς,
3016 988 3091 1051 ὡς
3126 990 3224 1060 τῆς
3261 991 3594 1064 Ἐκκλησίας
3626 992 3692 1046 τὸ

2011 1069 2330 1139 πράγματα.
2355 1071 2466 1125 Kal
2503 1070 2612 1142 γὰρ
2639 1076 2671 1127 ό
2703 1070 2868 1139 οἶκος
2899 1075 3005 1129 τοῦ
3042 1076 3189 1130 Θεοῦ
3216 1078 3307 1131 ἐπ’
3333 1078 3532 1148 ἄκρων
3565 1080 3692 1135 τῶν

2010 1154 2216 1223 ὀρέων.

2080 1302 2149 1364 γ’.
2191 1297 2314 1361 Πῶς
2342 1298 2409 1352 ἂν
2445 1298 2601 1353 τοῦτο
2630 1300 3013 1371 ἐρμηνεύσειεν
3041 1303 3069 1354 6
3114 1303 3392 1370 Ἰουδαῖοςς
3425 1305 3692 1379 Οὐδαμοῦ

2009 1382 2118 1455 γὰρ
2154 1383 2241 1436 ἐπ’
2271 1386 2455 1453 ἄκρων
2482 1385 2589 1439 τῶν
2615 1386 2785 1455 ὁρέων
2823 1389 2852 1441 6
2883 1387 3010 1451 ναός
3050 1390 3228 1441 ἐστιν·
3274 1393 3307 1460 ή
3354 1393 3535 1462 μέντοι
3581 1395 3691 1465 τῆς

2023 1471 2346 1542 Ἐκκλησίας
2385 1472 2614 1544 δύναμις
2668 1474 2850 1528 αὐτῶν
2903 1476 3078 1546 ἥψατο
3118 1477 3227 1530 τῶν
3269 1479 3536 1549 οὐρανῶν.
3575 1483 3691 1537 Kal

2008 1556 2210 1611 ὠσανεί
2242 1553 2389 1624 οἶκος
2432 1560 2572 1631 ὑπὲρ
2604 1562 2850 1632 κορυφῆς
2887 1562 3030 1632 ὀρῶν
3074 1564 3323 1633 κείμενος
3365 1568 3531 1621 πᾶσίν
3563 1570 3689 1624 ἐστι

2009 1644 2326 1715 κατάδηλος,
2354 1644 2498 1699 οὕτω
2529 1647 2623 1700 καὶ
2656 1647 2835 1718 πολλῷ
2870 1648 3031 1702 πλέον
3070 1651 3209 1722 αὑτὴ
3239 1654 3543 1724 περιφανὴς
3576 1658 3691 1709 πᾶα

2010 1748 2095 1784 σιν
2128 1731 2434 1803 ἀνθρώποις
2461 1733 2673 1803 γέγονε.
2704 1736 2814 1788 Καὶ
2842 1736 3225 1804 ὑψωθήσεται
3256 1740 3533 1809 ὑπεράνω
3564 1741 3690 1795 τῶν

2002 1819 2267 1883 βουνῶν.
2290 1820 2363 1874 T6
2380 1822 2511 1875 αύτὸ
2536 1822 2692 1876 τοῦτο
2716 1822 2876 1877 πάλιν
2904 1824 3267 1895 ήρμήνευσεν,
3290 1827 3424 1899 ὅπερ
3453 1827 3551 1881 ἐπὶ
3585 1830 3685 1883 τοῦ

2007 1904 2136 1959 ναοῦ
2168 1905 2421 1959 οὐδέποτε
2454 1906 2673 1979 συνέϐη,
2702 1907 2823 1961 οὐδὲ
2849 1908 3009 1979 ήνίκα
3034 1910 3229 1980 ἄριστα
3262 1912 3524 1983 πράττειν
3560 1914 3684 1967 ἐδό-

2007 2011 2112 2047 κει.
2162 1995 2286 2059 Πῶς
2322 1996 2451 2067 γάρ,
2485 1996 2619 2050 ὅπου
2654 2013 2718 2065 γε
2763 1996 2858 2050 καὶ
2899 1997 2990 2051 ὑπ’
3033 1998 3212 2053 αὐτῶν
3253 2000 3360 2054 τῶν
3408 1999 3685 2056 Ἰουδαίων

2006 2082 2263 2146 πολλάκις
2289 2083 2604 2155 ήτιμάζετο,
2626 2086 2719 2139 καί
2743 2084 2847 2138 ὑπὸ
2873 2084 3221 2158 βαρϐαρικῶν
3246 2088 3540 2157 ήφανίζετο
3566 2108 3684 2160 χει-

2007 2169 2116 2241 ρῶν
2138 2187 2151 2234 ;
2181 2171 2245 2224 ’Π
2265 2172 2321 2224 δὲ
2344 2172 2444 2242 τῆς
2470 2173 2796 2245 Ἐκκλησίας
2828 2175 2979 2244 ἰσχὺς
3011 2175 3320 2247 ἐπολεμήθη
3343 2177 3439 2247 μὲν
3460 2179 3680 2231 ἐκείνου

2005 2256 2381 2329 χαλεπώτερον
2415 2260 2506 2312 καὶ
2540 2260 2731 2313 πλέον*
2761 2258 2871 2325 εἶξε
2904 2261 2958 2314 δὲ
2989 2262 3244 2315 οὐδέποτε
3272 2267 3393 2327 ταῖς
3423 2264 3534 2317 τῶν
3575 2282 3683 2317 τεο-

2005 2343 2314 2414 λεμούντων
2345 2347 2529 2417 χερσὶν
2553 2388 2568 2414 ,
2603 2347 2717 2402 ἀλλ’
2750 2348 3056 2421 ὑψηλοτέρα
3093 2351 3186 2403 καὶ
3237 2354 3680 2423 περιφανεστέρα

2008 2433 2241 2503 μάλιστα
2264 2435 2368 2488 ὑπὸ
2393 2435 2501 2490 τῶν
2523 2437 2796 2508 πολεμίων
2828 2439 3052 2508 ἐγίνετο.
3078 2441 3208 2495 Τότε
3232 2442 3359 2510 γοῦν
3387 2443 3497 2496 τῶν
3536 2462 3681 2515 μαρο

2003 2520 2183 2590 τύρων
2215 2522 2265 2573 οἱ
2297 2521 2456 2592 δῆμοι
2476 2563 2491 2583 ,
2524 2525 2643 2577 τότε
2686 2527 2795 2578 τῶν
2823 2527 3169 2598 ὁμολογητῶν
3205 2530 3272 2581 τά
3318 2529 3518 2601 πλήθη,
3550 2532 3677 2584 τότε

2006 2612 2059 2664 αἱ
2103 2611 2318 2682 σιδήρου
2360 2614 2711 2685 στερῤότεραι
2752 2616 3137 2669 ἀπεδείκνυντο
3182 2617 3387 2687 ψυχαὶ,
3431 2621 3529 2671 καὶ
3565 2620 3678 2671 τῶν

2006 2700 2250 2769 ἀστέρων
2280 2700 2459 2753 αὐτῶν
2488 2702 2877 2773 ἀκριϐέστερον
2905 2703 3167 2773 ἔλαμπον,
3201 2705 3310 2758 τῶν
3344 2706 3441 2774 μὲν
3482 2709 3675 2778 σωμά-

2005 2805 2111 2839 των
2146 2788 2325 2851 αύτοῖς
2368 2789 2881 2859 κατακοπτομένων,
2922 2790 3020 2860 τῆς
3052 2790 3274 2863 γνώμης
3306 2793 3360 2845 δὲ
3409 2794 3469 2845 ού
3505 2813 3674 2848 νικω-

2008 2876 2195 2945 μένης,
2219 2875 2355 2930 ἀλλά
2382 2876 2690 2947 κρατούσης
2719 2878 2811 2930 καὶ
2842 2878 3295 2949 στεφανουμένης.
3318 2880 3410 2943 Τίς
3435 2876 3570 2944 εἶδε,
3593 2884 3678 2947 τίς

2003 2965 2204 3036 ήκουσε
2233 2966 2391 3035 φόνον
2419 2966 2678 3035 στέφανον
2702 2966 2953 3037 φέροντα,
2976 2968 3071 3020 καὶ
3101 2970 3312 3038 σφαγὴν
3338 2968 3490 3038 νίκην
3513 2972 3675 3041 ἐργα-

2004 3052 2260 3122 ζομένην,
2284 3054 2379 3106 καὶ
2410 3054 2530 3107 τότε
2556 3054 2617 3106 τὸ
2651 3053 3010 3125 στρατόπεδον
3041 3053 3418 3126 λαμπρότερον
3449 3058 3675 3128 γινόμε-

2002 3157 2112 3201 νον,
2158 3142 2246 3193 ὅτε
2300 3141 2515 3205 πλείους
2547 3143 2597 3195 οί
2645 3141 3001 3213 σφαττόμενοι
3050 3141 3201 3213 παρά
3244 3142 3350 3196 τῶν
3391 3142 3674 3216 πολεμίων

2003 3229 2282 3298 ἐφαίνοντο
2301 3247 2315 3296 ;

2073 3368 2180 3422 Kal
2225 3368 2484 3436 ἥξουσιν
2524 3368 2617 3422 ἐπ’
2667 3365 2827 3434 αὑτῷ
2875 3367 3071 3422 πάντα
3110 3368 3182 3423 τὰ
3230 3368 3396 3437 ἔθνη.
3454 3371 3675 3441 Προϊὼν

2005 3457 2332 3527 σαφέστερος
2369 3457 2397 3509 6
2431 3457 2716 3528 προφήτης
2760 3456 2987 3525 γίνεται,
3026 3457 3120 3511 καὶ
3161 3456 3359 3528 μᾶλλον
3394 3457 3673 3512 ἀνακαλύ-

2002 3560 2124 3596 πτει
2173 3543 2264 3596 τὸν
2308 3544 2485 3611 λόγον,
2529 3544 2624 3598 καὶ
2672 3543 2993 3615 τρανότερον
3038 3543 3277 3597 δείκνυσι
3314 3544 3414 3615 τήν
3457 3562 3675 3616 προφη-

2000 3631 2171 3697 τείαν,
2208 3631 2302 3684 καὶ
2336 3630 2720 3703 ἀκριϐέστερον
2758 3631 3100 3702 ἀπορῤάπτει
3144 3631 3251 3684 τῶν
3300 3630 3567 3685 Ἰουδαίων
3606 3633 3674 3685 τά

2002 3720 2265 3791 στόματα.
2298 3721 2467 3774 Τοῦτο
2499 3721 2642 3792 γάρ,
2683 3722 2777 3774 καὶ
2818 3722 2867 3773 εἰ
2907 3720 3113 3791 σφόδρα
3144 3719 3576 3790 ἀναισχυντοῖεν,
3611 3720 3672 3772 ού

2000 3807 2317 3879 δυνήσονται
2358 3808 2436 3879 τῷ
2464 3809 2641 3862 αὑτῶν
2670 3808 2782 3879 ναῷ
2811 3808 3050 3879 ἁρμόσαι
3075 3805 3125 3860 ά.
3159 3807 3267 3859 Kal
3301 3807 3407 3877 γάρ
3436 3808 3532 3859 καὶ
3563 3808 3673 3860 ἀπ-

2001 3892 2283 3961 ηγόρευτο,
2332 3892 2425 3944 καὶ
2470 3890 2587 3961 μεθ’
2637 3888 2944 3961 ὑπερϐολῆς
2990 3886 3263 3941 κεκώλυτο
3299 3887 3423 3958 ἔθνη
3462 3890 3549 3951 είς
3582 3888 3672 3941 τὸν

2000 3979 2125 4032 ναὸν
2155 3979 2399 4032 εἰσιέναι.
2434 3978 2546 4030 Καὶ
2587 3976 2640 4029 τί
2681 3976 2825 4044 λέγω
2858 3978 2937 4039 εἰς
2964 3975 3056 4029 τὸν
3088 3974 3212 4029 ναδν
3248 3974 3493 4035 εἰσιέναι,
3536 3976 3672 4028 ὅπου

2000 4082 2063 4134 γε
2109 4065 2202 4119 καὶ
2240 4066 2421 4129 αὐτοῖς
2463 4066 2601 4136 μετά
2646 4065 2846 4134 πολλῆς
2893 4065 2991 4135 τῆς
3024 4062 3251 4132 ἀπειλῆς
3294 4060 3405 4134 [2‘3]
3443 4063 3471 4115 6
3506 4064 3673 4132 νόμος

2000 4154 2310 4225 ἀπηγόρευε
2344 4153 2441 4217 τὰς
2465 4153 2575 4206 τῶν
2616 4152 2783 4207 ἐθνῶν
2823 4151 3138 4223 ἐπιμιξίας,
3171 4152 3264 4207 καὶ
3303 4152 3402 4222 τήν
3441 4150 3672 4221 ἔσχατον

2001 4241 2141 4312 ὑπὲρ
2162 4241 2368 4294 τούτων
2398 4240 2593 4312 ἀπῄτει
2620 4240 2809 4310 δίκην;
2855 4240 2912 4292 '0
2938 4237 3066 4307 γοῦν
3097 4238 3377 4309 προφήτης
3414 4236 3672 4305 Ἀγγαῖος

2001 4327 2217 4382 ἃπασαν
2238 4331 2317 4392 εἰς
2346 4328 2505 4381 τοῦτο
2532 4329 2878 4400 κατηνάλωσε
2897 4326 2995 4397 τὴν
3015 4325 3367 4397 προφητείαν,
3394 4322 3668 4391 ἐγκαλῶν,

2000 4415 2261 4480 ἀπειλῶν,
2283 4415 2511 4478 εὐθύνας
2530 4416 2776 4469 ἀπαιτῶν
2801 4415 2897 4484 τῆς
2925 4414 2986 4466 ού
3018 4411 3397 4483 προσηκούσης
3429 4410 3669 4477 ἐπιγαμ-

2001 4499 2181 4570 ϐρίας.
2217 4500 2355 4552 Ἀλλ’
2393 4501 2455 4553 οὐ
2493 4501 2561 4553 τά
2596 4502 2837 4571 ἡμέτερα
2864 4497 3111 4560 τοιαῦτα,
3146 4498 3282 4550 ἀλλά
3318 4494 3454 4564 μετά
3481 4492 3669 4556 ἀδείας

2003 4586 2221 4656 ἀπάσης
2251 4588 2638 4642 ἀναπετάσασα
2659 4588 2786 4650 τοῦς
2808 4586 3035 4649 κόλπους
3068 4587 3101 4655 ή
3138 4582 3448 4652 Ἐκκλησία,
3478 4579 3667 4652 χερσὶν

2001 4674 2222 4739 ὑπτίαις
2254 4675 2469 4729 ἅπαντα
2493 4674 2561 4728 τά
2581 4676 2677 4746 τῆς
2708 4673 3031 4744 οἰκουμένης
3049 4670 3166 4725 καθ’
3189 4670 3421 4738 ἑκάστην
3452 4668 3665 4738 ἡμέραν

2002 4763 2320 4834 ὑποδέχεται
2353 4763 2504 4834 ἔθνη.
2538 4764 2708 4816 Τοῦτο
2745 4762 2851 4833 γάρ
2885 4762 2977 4813 καὶ
3012 4762 3060 4812 οἰ
3092 4758 3296 4828 πρῶτοι
3328 4756 3434 4808 τῶν
3460 4754 3663 4825 δογμά-

2000 4870 2106 4906 των
2149 4852 2455 4905 διδάσκαλοι
2506 4852 2655 4924 παρά
2702 4849 2794 4904 τοῦ
2848 4848 3178 4915 Μονογενοῦς
3232 4843 3663 4913 ἐκελεύσθησαν,

1999 4941 2199 5011 ταύτην
2224 4941 2425 5004 εὐθέως
2449 4940 2777 5000 ἀκούσαντες
2799 4937 2894 5007 τὴν
2920 4939 3121 5006 φωνήν·
3147 4931 3540 5001 Πορευθέντες
3561 4945 3661 4999 μα·

2001 5028 2328 5093 θητεύσατε
2355 5025 2551 5079 πάντα
2588 5026 2659 5078 τὰ
2685 5024 2848 5089 ἔθνη.
2887 5022 3084 5074 Σκόπει
3115 5022 3172 5074 δέ
3205 5036 3293 5089 μοι
3321 5018 3437 5081 πῶς
3466 5018 3527 5070 ού
3566 5016 3659 5085 τὴν

2002 5116 2192 5184 κλῆσιν
2216 5114 2324 5167 τῶν
2352 5112 2518 5166 ἐθνῶν
2548 5111 2765 5182 ᾐνίξατο
2801 5112 2958 5181 μόνον
2996 5112 3023 5163 6
3063 5109 3368 5180 προφήτης,
3404 5105 3539 5157 ἀλλά
3569 5100 3659 5155 καὶ

2000 5205 2098 5271 τήν
2154 5202 2291 5272 μετὰ
2334 5200 2639 5271 προθυμίας
2679 5197 2857 5252 αὐτῶν
2906 5197 3171 5266 ὑπακοήν.
3209 5194 3283 5246 Οὐ
3329 5192 3437 5263 γὰρ
3486 5186 3657 5253 εἶπεν,

2000 5289 2356 5359 ἀχθήσονται,
2405 5288 2571 5350 ἀλλὰ,
2606 5286 2925 5347 Ἡξουσιν·
2962 5284 3099 5353 ὅπερ
3148 5281 3331 5351 ἕτερος
3377 5279 3655 5350 προφήτης

2002 5373 2329 5444 σαφέστερον
2360 5370 2765 5441 ἐνδεικνύμενος
2786 5369 2937 5437 ἔλεγε
2961 5385 2974 5398 ·
3001 5367 3106 5422 Καὶ
3129 5368 3201 5421 οὐ
3223 5365 3309 5435 μὴ
3337 5362 3656 5417 διδάξωσιν

1998 5454 2249 5526 ἕκαστος
2284 5462 2385 5513 τὸν
2410 5460 2668 5525 πολίτην
2694 5456 2902 5520 αὐτοῦ,
2939 5455 3037 5508 καὶ
3069 5454 3323 5519 ἕκαστος
3350 5451 3456 5505 τὸν
3481 5450 3653 5504 ἀδελ-

1995 5549 2113 5617 φὸν
2153 5548 2356 5611 αὑτοῦ,
2395 5547 2609 5617 λέγων,
2655 5543 2846 5600 Γνῶθι
2894 5545 2999 5597 τὸν
3028 5543 3264 5611 Κύριον,
3311 5541 3399 5594 ὅτι
3440 5538 3652 5603 πάντες

1995 5636 2313 5701 εἰδήσουσί
2338 5652 2413 5705 με
2450 5635 2565 5687 ἀπὸ
2594 5631 2812 5702 μικροῦ
2842 5630 2949 5696 ἕως
2972 5629 3241 5699 μειράκιον
3276 5626 3489 5681 αὐτῶν.
3535 5622 3652 5677 Ἐπὶ

1999 5725 2096 5794 μὲν
2127 5726 2234 5794 γὰρ
2264 5724 2371 5776 τῶν
2403 5722 2673 5775 Ἰουδαίων
2701 5721 2792 5772 καὶ
2822 5722 2855 5790 ή
2886 5720 3056 5781 κτίσις
3088 5714 3535 5786 ἀνεστοιχειοῦτο,
3566 5709 3650 5787 καί

2051 5913 2076 5951 d
2101 5915 2217 5974 ﬂag.
2247 5914 2300 5959 οε)
2323 5910 2598 5969 δυνήσονται
2620 5910 2714 5974 τῶν
2738 5906 2893 5974 αὐτῶν
2928 5906 3182 5974 ,Ἰουδαίων
3211 5909 3439 5974 ἁρμόσαι,
3474 5915 3646 5970 ρρτροη

1992 5990 2109 6024 mm.
2141 5970 2287 6024 δζιγὶε.
2318 5976 2382 6037 τῷ
2407 5975 2503 6036 ναῷ
2526 5974 2621 6019 τῶν
2657 5969 2896 6019 Ἰουδαίων
2919 5970 3140 6030 ⁴Ξιρμοσαι.
