3674 6276
158 204 215 260 39
1470 198 1532 253 IN
1565 197 1609 253 ιε

1985 204 2010 249 ⁵.
2056 197 2119 250 ll.
3369 204 3436 258 50

155 323 451 392 prophetiae
506 321 917 376 adnntbrabant.
965 317 1115 386 Quod
1145 316 1287 373 enim
1325 330 1428 369 non
1456 314 1526 370 de
1553 311 1735 367 Judtea

152 415 275 470 etde
296 414 610 470 Jerusalem
636 428 815 468 sermo
841 420 997 474 esset,
1032 409 1235 480 singula
1266 408 1401 463 dicta
1429 406 1480 461 in
1509 402 1739 459 medium

150 508 500 571 adducentes,
535 516 782 561 accurate
806 503 1313 560 demonstrabimus.

212 598 348 664 Quid
376 598 672 668 signiﬁcent
702 597 866 658 verba,
900 614 919 646 ‹
947 596 998 648 in
1021 593 1301 648 novissimis
1322 591 1493 644 diebus
1517 608 1561 642 ι.
1593 588 1744 643 Mons

162 689 355 742 Domini
402 688 649 743 Ecclesia
691 700 796 753 est;
843 686 1075 741 Ecclesia
1116 696 1293 739 vexata
1343 683 1458 737 vicit
1503 692 1548 736 et
1594 692 1743 734 aucta

151 793 230 832 (τι.
260 807 336 818 -
380 778 436 832 2.
494 778 609 832 Erit
652 781 702 832 in
748 778 1029 832 novissimis
1064 776 1236 830 diebus
1266 775 1558 844 manifestus
1601 790 1743 827 mons

156 871 372 923 Domini.
402 870 544 925 Vide
570 871 840 940 propheta:
868 869 1286 931 accurationem,
1316 867 1405 936 qui
1439 882 1545 919 non
1571 865 1743 920 solum

154 981 250 1019 rem
279 965 457 1028 dicit,
513 964 607 1019 sed
652 975 857 1033 tempus
895 963 1053 1019 etiam
1095 961 1374 1032 signiﬁcat.
1422 959 1573 1029 Quod
1602 960 1742 1015 enim

150 1058 267 1111 dicit
312 1057 559 1119 Paulus,
605 1058 732 1111 Cum
774 1066 941 1108 autem
984 1054 1114 1108 venit
1159 1052 1417 1123 plenitudo
1461 1060 1744 1121 temporum

151 1150 282 1215 (Gel.
325 1150 386 1203 4.
433 1151 525 1215 4),
550 1158 604 1203 et
631 1149 751 1203 alibi
798 1162 1030 1211 rursum,
1062 1144 1128 1198 In
1175 1142 1602 1213 dispensationem
1629 1141 1742 1211 ple-

150 1242 388 1294 nitudinis
418 1251 706 1310 temporum
748 1238 964 1307 (Ephes.
996 1239 1047 1293 1.
1078 1235 1206 1307 10),
1258 1235 1361 1290 hoc
1387 1235 1465 1290 sic
1490 1234 1741 1305 exprimit

151 1331 439 1398 propheta,
491 1329 559 1383 In
584 1330 864 1383 novissimis
894 1328 1087 1382 diebus.
1118 1327 1349 1382 Montem
1388 1335 1564 1380 autem
1592 1334 1747 1380 vocat

153 1421 445 1475 lieelesiam
476 1464 492 1485 ,
539 1431 591 1475 et
620 1419 1045 1489 inexpugnabilia
1071 1418 1337 1489 dogmata.
1388 1415 1746 1485 Quemadmo-

149 1512 266 1564 dum
292 1511 447 1566 enim
474 1512 519 1563 si
548 1512 665 1581 quis
680 1511 933 1565 adversus
956 1518 1162 1565 montes
1192 1509 1499 1563 innumeros
1530 1508 1745 1578 ohjiciat

150 1603 413 1657 exercitus
436 1643 453 1667 ,
485 1618 645 1657 arcus
675 1602 971 1666 tendentes,
1003 1602 1181 1657 hastas
1210 1602 1478 1655 vibrantes
1498 1640 1513 1666 ,
1546 1601 1746 1653 machi-

152 1711 236 1748 nas
264 1694 632 1750 admoventes
654 1735 670 1760 ,
716 1694 833 1749 illos
878 1694 1090 1763 quidem
1131 1692 1276 1747 nullo
1305 1692 1499 1747 damno
1528 1691 1745 1746 afﬁcere

152 1797 415 1856 iuuerunt,
450 1789 549 1841 sed
572 1798 883 1856 consmnpta
912 1787 1124 1857 propria
1143 1785 1445 1841 fortitudine
1463 1785 1740 1841 recedent:

150 1882 219 1932 sic
264 1890 322 1933 et
374 1879 706 1949 quicumque
751 1880 1039 1933 Ecclesiam
1086 1879 1558 1949 impugnaveruut,
1608 1878 1745 1933 hanc

150 1969 357 2035 quidem
409 1986 525 2022 non
569 1969 861 2034 laeserunt,
904 1967 999 2024 sed
1044 1984 1137 2023 sua
1165 1968 1357 2023 amissa
1387 1970 1619 2039 potentia
1649 1985 1744 2039 pu-

149 2064 176 2113 d
196 2076 269 2115 ire
292 2069 428 2115 sunt
456 2059 656 2125 affecti,
687 2059 810 2114 dum
843 2060 1063 2114 ferirent
1089 2059 1283 2125 soluti,
1334 2059 1460 2114 dum
1503 2060 1619 2115 telis
1643 2060 1744 2115 im-

151 2163 391 2218 peterent
420 2152 702 2219 inﬁrmati,
726 2152 849 2205 dum
876 2164 1092 2222 agerent
1114 2168 1142 2205 a
1175 2152 1494 2223 patientibus
1514 2153 1741 2208 devicti:

150 2246 225 2312 qui
261 2253 351 2298 est
396 2259 537 2299 sane
582 2244 885 2312 itioninatus
930 2244 1163 2298 victoria:
1192 2245 1416 2309 modus,
1448 2261 1606 2316 quem
1634 2260 1740 2301 non

152 2338 392 2392 homines
418 2338 659 2407 assequi,
682 2337 775 2393 sed
810 2338 947 2391 Deus
976 2337 1118 2392 solus
1140 2346 1330 2408 potest.
1358 2338 1489 2393 Nam
1516 2350 1660 2394 certe
1691 2340 1742 2394 in

153 2430 387 2485 Ecclesia
415 2430 666 2485 mirabile
692 2440 809 2496 est,
844 2446 948 2485 non
976 2430 1116 2500 quod
1148 2431 1351 2495 vicerit,
1383 2431 1477 2486 sed
1502 2431 1643 2502 quod
1672 2431 1742 2486 ita

150 2524 352 2576 deerit.
400 2522 638 2593 lmpulsa
678 2522 854 2585 enim,
904 2532 1112 2589 vexata,
1169 2523 1458 2578 innumeris
1486 2538 1743 2578 concussa

151 2614 338 2678 modis,
374 2628 486 2666 non
518 2613 677 2666 modo
706 2628 808 2666 non
842 2612 1197 2679 minuebatur,
1221 2614 1312 2668 sed
1349 2614 1521 2684 major
1545 2613 1741 2669 evade-

152 2706 251 2771 bal,
298 2714 358 2759 et
400 2720 502 2759 eos
531 2706 623 2775 qui
657 2704 711 2759 id
737 2704 911 2759 facere
939 2707 1209 2760 tentabant
1252 2706 1499 2777 patiendo
1540 2715 1741 2761 tantum

151 2796 505 2864 proﬂigabat;
540 2794 593 2850 id
616 2795 759 2864 quod
777 2795 988 2849 adamas
1017 2796 1156 2850 ferro
1182 2796 1447 2865 impetitus
1462 2795 1739 2860 facit,dum

150 2900 437 2955 μιτειιεευδ
468 2895 677 2939 tantum
707 2885 864 2938 solvit
906 2886 1247 2953 percutientis
1276 2886 1467 2951 robur;
1511 2886 1741 2940 stimuli-

152 2996 245 3044 que
273 2978 691 3031 calcitrantibus
733 2977 957 3046 objecti,
1004 2993 1108 3031 non
1138 2978 1439 3033 obtusiores
1470 2978 1592 3033 inde
1617 2978 1741 3033 red.

150 3073 361 3135 enititur,
392 3069 493 3123 sed
525 3069 915 3124 calcitrantium
948 3071 1107 3139 pedes
1133 3081 1431 3126 cruentant.
1462 3072 1585 3128 ldeo
1613 3088 1744 3129 sane

150 3173 386 3216 tnuntem
413 3160 651 3214 vocavit.
697 3160 850 3227 Quod
890 3162 932 3215 si
971 3162 1337 3233 metaphoram
1368 3180 1472 3218 non
1500 3165 1744 3220 admittat

151 3254 393 3318 Judzeus,
448 3253 802 3307 domesticam
852 3253 1072 3323 accipiat
1129 3256 1568 3311 confutationem.
1627 3257 1744 3327 Ipse

153 3346 401 3415 propheta
430 3345 567 3399 dicit
593 3345 746 3414 lupos
775 3354 830 3398 et
853 3360 1017 3416 agnos
1042 3348 1345 3402 communia
1377 3364 1569 3418 pascua
1594 3348 1744 3405 habi-

153 3450 288 3491 ttros
312 3481 329 3503 ,
375 3447 433 3493 et
483 3438 685 3491 muscis
724 3437 1018 3509 opibusque
1043 3439 1209 3494 Deum
1238 3441 1574 3497 sibilaturum
1596 3485 1610 3509 ,
1639 3442 1741 3498 llu-

152 3533 392 3601 tiumque
414 3532 796 3587 vehementem
812 3530 911 3585 add
921 3541 1159 3586 ucturum
1190 3533 1239 3588 in
1260 3532 1492 3600 Judaros,
1520 3550 1585 3591 eo
1601 3536 1743 3606 quod

154 3623 238 3687 ipsi
288 3621 503 3676 habere
545 3620 815 3675 noluerint
852 3636 1045 3692 aquam
1071 3622 1272 3678 Siloam
1316 3622 1468 3696 (Isai.
1497 3627 1585 3682 11.
1614 3627 1668 3682 6.
1695 3638 1741 3683 et

152 3716 228 3768 [ιδ.
257 3714 373 3778 25;
405 3714 461 3767 7.
503 3713 607 3784 18;
638 3713 690 3768 8.
722 3713 775 3768 6.
804 3714 879 3784 7).
930 3713 1060 3782 Quae
1088 3716 1134 3770 si
1161 3716 1279 3785 quis
1316 3716 1381 3771 ad
1408 3717 1627 3774 verbum
1655 3734 1745 3775 ac-

150 3810 343 3876 ceperit
363 3849 377 3869 ,
407 3823 546 3862 sane
576 3807 925 3878 intelligihilia
956 3825 1060 3864 non
1104 3820 1231 3865 sunt
1262 3829 1275 3865 :
1307 3827 1492 3867 verum
1534 3824 1755 3884 oportet

149 3916 203 3967 ea
222 3915 343 3966 qua:
366 3899 453 3952 his
474 3898 847 3970 signiﬁcantur
863 3901 1125 3971 accipere,
1154 3903 1335 3974 sicque
1359 3907 1740 3962 sententiarum

150 3995 334 4047 seriem
369 3994 526 4047 varie
570 3992 887 4063 intelligere.
934 3994 1188 4061 Qutenam
1234 3996 1393 4066 igitur
1431 3997 1514 4054 his
1540 4000 1745 4071 signiti-

155 4097 331 4137 cantur
355 4085 381 4136 ?
429 4083 541 4138 Per
585 4083 739 4152 lupos
765 4095 819 4139 et
854 4100 1053 4156 agnos,
1100 4085 1374 4144 hominum
1410 4106 1591 4147 mores
1619 4108 1740 4149 cum

156 4176 342 4228 Latinos
382 4184 505 4229 tum
539 4184 849 4231 mansuetos
878 4177 1111 4245 indicat;
1163 4195 1257 4250 per
1294 4197 1539 4249 muscas,
1569 4184 1743 4255 impu-

152 4264 376 4319 dentiam
395 4264 823 4337 Egyptiorum;
854 4283 947 4338 per
972 4269 1210 4339 fluvium,
1241 4272 1544 4329 violentiam
1577 4291 1743 4332 exer-

150 4361 279 4415 a'tus
306 4362 563 4425 barbari;
612 4378 707 4432 per
734 4363 967 4429 Siloam,
1000 4366 1456 4423 mansuetudinem
1488 4370 1740 4425 modera-

153 4454 456 4517 lienemque
484 4452 625 4522 ejus,
651 4454 739 4523 qui
764 4463 888 4510 tunc
913 4456 1227 4526 imperabat,
1256 4460 1394 4530 regis
1411 4460 1739 4517 .ludmorum.

150 4541 419 4613 hiemeque
442 4545 528 4598 vel
548 4560 615 4599 ex
645 4545 1095 4616 insipientioribus
1116 4551 1253 4606 circa
1285 4554 1399 4608 haec
1429 4555 1583 4611 nobis
1607 4571 1740 4611 eon-

152 4634 389 4687 tradiret.
416 4627 881 4703 Quemadmodum
913 4640 1072 4710 igitur
1100 4642 1185 4696 illa
1202 4642 1319 4700 aliis
1340 4655 1462 4700 sunt
1491 4664 1741 4717 expressa

156 4726 479 4792 nominibus,
511 4728 592 4782 sic
621 4728 711 4783 ille
742 4730 996 4786 Ecclesia:
1026 4733 1328 4790 ﬁrmitatem
1348 4777 1365 4801 ,
1396 4737 1741 4795 immobilita-

156 4825 299 4881 tern,
348 4818 771 4888 sublimitatem,
828 4822 1234 4895 inexpugnabile
1288 4829 1490 4895 robur,
1546 4834 1744 4889 montis

159 4908 367 4962 nomine
393 4909 769 4965 subindicavit.
800 4912 867 4966 Et
891 4914 1026 4969 alius
1056 4916 1317 4987 propheta
1348 4920 1468 4977 illos
1495 4923 1583 4993 qui
1607 4939 1737 4979 con-

163 4998 323 5054 ﬁdunt
364 5003 415 5055 in
462 5003 689 5059 Domino
734 5007 899 5061 monti
926 5021 1233 5080 comparat,
1278 5013 1524 5069 invictam
1555 5032 1741 5073 eorum

164 5090 517 5149 fortitudinem
537 5096 829 5152 ostendens
860 5098 1028 5170 (Psal.
1063 5101 1183 5157 121.
1217 5104 1292 5175 1).
1328 5105 1651 5178 Manifestus.
1688 5109 1743 5165 ld

167 5183 296 5235 nulla
322 5182 574 5255 deinceps
602 5186 1041 5257 interpretatione
1060 5190 1276 5264 indiget.
1309 5194 1397 5252 Sic
1422 5198 1533 5268 ipsa
1564 5215 1741 5256 rerqu

169 5284 338 5327 natura
383 5277 508 5331 tuba
551 5279 837 5335 clariorem
885 5282 1080 5338 emittit
1129 5300 1347 5353 vocem,
1401 5289 1739 5357 Splendorem

170 5370 436 5424 madens
477 5370 755 5429 Ecclesiae.
808 5373 1021 5431 Etenim
1051 5392 1225 5448 neque
1265 5380 1344 5435 sol
1388 5381 1458 5435 ita
1502 5384 1741 5452 splendi-

172 5454 255 5509 dus
276 5500 292 5521 ,
319 5476 487 5531 neque
514 5463 631 5533 ejus
656 5466 748 5520 lux
792 5465 865 5520 ita
891 5466 1030 5521 clara
1055 5477 1169 5532 est,
1197 5479 1254 5524 ut
1280 5480 1405 5526 sunt
1434 5488 1519 5528 res
1544 5475 1610 5530 ad
1642 5477 1743 5530 Ec-

173 5546 364 5605 desiam
402 5565 733 5624 spectantes.
780 5556 924 5612 Nam
950 5558 1144 5615 Domus
1173 5560 1269 5617 Dei
1315 5580 1471 5635 supra
1512 5568 1742 5624 verticem

175 5652 405 5701 ωιτωπι.

1921 312 1971 365 3.
1996 310 2273 379 Quomodo
2292 309 2407 368 hzcc
2426 309 2805 384 interpretatus
2825 313 2981 371 fuerit
3004 316 3254 374 Judmus?
3279 322 3442 377 Tetti-

1849 404 1994 474 plum
2037 404 2180 459 enim
2221 420 2326 459 non
2367 415 2450 461 est
2494 421 2655 477 supra
2701 410 2951 464 verticeni
2994 414 3252 468 montium
3286 433 3300 470 :
3333 416 3442 471 Ec-

1849 498 2024 553 clesia:
2053 508 2229 553 autem
2263 507 2495 568 potestas
2536 501 2678 570 ipsos
2714 503 2923 572 attingit
2958 506 3140 562 cmlns.
3182 508 3249 563 Et
3290 514 3440 580 quasi

1848 589 2040 644 domus
2077 604 2235 659 supra
2279 591 2531 646 verticem
2578 592 2836 647 montium
2880 596 3047 663 posita
3088 597 3336 653 omnibus
3362 611 3444 655 est

1851 679 2150 746 manifesta,
2182 681 2259 736 sic
2287 690 2340 736 et
2369 683 2537 738 multo
2566 684 2732 753 magis
2760 685 3008 741 omnibus
3036 690 3318 759 consliicua
3348 690 3442 745 ho-

1849 772 2080 827 minibus
2119 772 2206 827 illa
2248 775 2435 829 evasit.
2481 774 2548 829 Et
2586 777 2890 831 exaltabitur
2927 795 3078 847 super
3113 782 3287 838 colles.
3333 785 3444 840 lloc

1850 864 2020 934 ipsum
2050 880 2234 920 rursus
2262 866 2639 937 interpretatus
2659 878 2760 937 est,
2792 871 2929 940 quod
2957 874 3151 944 templo
3174 875 3262 930 illo
3288 893 3444 932 num-

1848 956 2007 1024 quam
2038 955 2293 1027 contigit,
2323 972 2497 1029 neque
2523 974 2644 1015 cum
2672 962 2902 1017 maxime
2933 962 3124 1020 ﬂorere
3149 966 3435 1024 videretur.

1848 1046 2129 1111 Quomodo
2150 1048 2293 1103 enim
2319 1048 2387 1104 de
2410 1051 2608 1122 templ’o
2632 1052 3035 1125 intelligeretur,
3057 1058 3199 1128 qttod
3221 1059 3288 1115 ab
3314 1061 3441 1130 ipsis

1849 1135 2049 1191 Judaets
2077 1152 2221 1207 saepe
2248 1138 2690 1211 inhonorabatur,
2718 1143 3171 1219 barbarorumque
3199 1152 3443 1209 manibus

1849 1230 2199 1287 diruebatur?
2246 1233 2499 1290 Ecclesia:
2548 1244 2724 1292 autem
2774 1238 3030 1295 fortitudo
3075 1242 3442 1301 vehementius

1849 1324 2149 1395 saepiusque
2177 1341 2334 1395 quam
2366 1329 2619 1398 templum
2651 1329 2952 1402 impugnata
2984 1334 3079 1389 fuit
3110 1352 3123 1389 :
3154 1352 3439 1409 numquam

1849 1431 1977 1470 vero
2011 1417 2172 1472 cessit
2210 1433 2269 1474 se
2310 1421 2727 1490 oppugnantium
2756 1424 3029 1493 manibus,
3059 1427 3153 1482 sed
3182 1430 3445 1486 excelsior

1849 1509 2211 1580 illustriorque
2238 1512 2473 1566 maxime
2494 1512 2562 1567 ab
2584 1512 2822 1571 hostibus
2848 1515 2983 1573 facta
3005 1526 3107 1574 est.
3131 1520 3283 1577 Tunc
3303 1537 3445 1577 mar-

1852 1609 2026 1672 tyrum
2058 1610 2251 1669 coetus,
2277 1611 2401 1658 tunc
2425 1605 2789 1662 eonfessorum
2817 1608 3122 1680 multitudo,
3150 1621 3275 1668 tunc
3300 1614 3443 1672 ferro

1850 1694 2113 1749 firmiores
2134 1694 2325 1750 anima:
2347 1696 2787 1767 ostendebantur,
2818 1700 3049 1773 ipsisque
3071 1704 3237 1761 stellis
3261 1708 3441 1776 splen.

1849 1786 2085 1843 didiores
2125 1798 2309 1853 erant,
2345 1789 2577 1845 concisis
2613 1792 2956 1862 corporibus,
2990 1795 3182 1851 animis
3222 1798 3441 1855 minime

1849 1878 2033 1945 victis,
2065 1878 2159 1933 sed
2197 1879 2530 1935 vincentibus
2569 1891 2624 1937 et
2658 1885 2944 1940 coronatis.
2973 1884 3104 1953 Quis
3129 1888 3289 1957 vidit,
3320 1891 3441 1961 quis

1848 1969 2051 2025 audivit
2077 1970 2276 2026 eaedem
2307 1979 2518 2043 gestare
2551 1988 2825 2042 coronam,
2852 1975 3238 2048 jugulationem
3269 1982 3438 2038 victo-

1849 2063 1982 2118 riam
2015 2073 2406 2134 reportantem,
2438 2075 2669 2139 tuncque
2697 2072 2984 2126 exercitum
3024 2075 3437 2144 splendidiorem

1848 2155 2117 2222 effectum,
2149 2173 2270 2212 cum
2301 2158 2483 2228 plures
2512 2158 2607 2214 visi
2634 2169 2759 2216 sunt
2780 2161 2848 2216 ab
2874 2162 3115 2221 hostibus
3137 2166 3404 2239 jugulari?

1929 2246 2169 2302 Validam
2193 2258 2371 2304 contra
2398 2249 2607 2306 Judwos
2638 2252 2810 2319 telum.
2834 2285 2905 2294 —
2928 2255 2991 2309 Et
3016 2258 3211 2312 venient
3234 2261 3303 2314 ad
3328 2278 3439 2315 eam

1849 2357 2019 2395 omnes
2065 2352 2255 2412 gentes.
2297 2341 2589 2414 Progressu
2633 2345 2830 2401 clarior
2873 2346 3100 2403 efﬁcitur
3138 2352 3435 2422 propheta,

1849 2450 2152 2490 sermonem
2205 2435 2374 2506 magis
2422 2437 2651 2509 retegit,
2700 2438 3177 2512 dilucidioremque
3223 2444 3441 2502 exhibet

1851 2527 2220 2597 prophetiam,
2262 2529 2667 2600 accuratiusque
2713 2530 3019 2588 Judaeorum
3062 2536 3273 2591 censuit
3320 2552 3435 2592 ora.

1849 2619 1961 2675 lloc
1991 2620 2163 2686 enim,
2205 2621 2413 2676 etiamsi
2452 2621 2738 2679 admodum
2782 2626 3116 2696 impudentes
3149 2630 3289 2698 sint,
3330 2647 3436 2687 non

1851 2720 2097 2779 poterunt
2123 2710 2189 2767 ad
2220 2714 2472 2783 templum
2499 2730 2651 2769 suum
2680 2717 2900 2774 referre.
2933 2722 3001 2774 At
3029 2722 3170 2776 enim
3201 2723 3437 2793 prohibi-

1852 2814 1959 2857 tum
1983 2814 2115 2869 erat,
2143 2803 2301 2875 idque
2320 2806 2718 2863 accuratissime
2739 2809 3138 2877 observabatur,
3163 2829 3229 2869 ne
3252 2825 3438 2885 gentes

1849 2894 1902 2949 in
1941 2896 2196 2966 templum
2230 2897 2529 2953 introirent.
2574 2899 2775 2971 Ecquid
2816 2901 2936 2959 dico
2973 2904 3025 2959 iu
3063 2907 3316 2978 templum
3352 2908 3437 2965 iu-

1850 2989 2012 3043 troire
2038 3030 2054 3054 ,
2098 2991 2311 3060 quando
2352 2992 2482 3063 ipsis
2528 2992 2611 3047 lex
2655 3000 2781 3049 cum”
2824 2998 2969 3066 gravi
3010 2997 3439 3059 interminatione

1850 3080 2165 3149 prohibebat
2202 3098 2268 3138 ne
2297 3099 2418 3137 cum
2448 3084 2696 3155 gentibus
2733 3088 3239 3161 commiscerentur,
3267 3106 3319 3149 et
3344 3112 3440 3150 cx-

1851 3182 2048 3227 tremas
2075 3173 2255 3229 dehis
2294 3174 2539 3246 exigebat
2577 3179 2796 3247 poenas?
2829 3177 2988 3237 Certe
3028 3183 3284 3253 propheta
3329 3188 3439 3257 Ag-

1847 3282 1993 3337 gams
2022 3276 2185 3322 totam
2222 3267 2322 3323 hac
2357 3270 2409 3323 in
2442 3284 2501 3324 re
2536 3285 2685 3325 suam
2716 3275 3045 3344 consumpsit
3074 3278 3439 3347 prophetiam,

1850 3360 2120 3426 incusans,
2150 3360 2502 3425 comminans,
2537 3375 2721 3430 pmuas
2751 3372 2996 3432 repetens
3021 3365 3089 3420 de
3120 3367 3441 3436 illicitaafti-

1850 3451 2035 3506 nitate.
2080 3454 2150 3506 At
2196 3458 2374 3508 nostra
2422 3452 2544 3507 talia
2592 3469 2697 3509 non
2736 3465 2890 3521 sunt,
2919 3457 3014 3513 sed
3052 3459 3289 3517 Ecclesia
3319 3478 3440 3519 cum

1849 3548 1993 3603 omni
2023 3547 2272 3605 facilitate
2299 3549 2476 3605 sinum
2515 3564 2673 3606 suum
2711 3552 3048 3622 expandens,
3080 3553 3285 3625 supinis
3323 3573 3439 3610 ma~

1851 3640 2006 3695 nibus
2027 3655 2216 3696 omnes
2236 3641 2382 3697 orbis
2409 3643 2568 3697 totius
2591 3651 2776 3715 gentes
2802 3644 3038 3714 quotidie
3063 3648 3301 3721 suscipit.
3329 3648 3440 3705 llnc

1848 3736 1990 3790 enim
2016 3736 2169 3806 primi
2196 3736 2270 3793 illi
2297 3736 2604 3809 dogmatum
2626 3737 2870 3795 doctores
2895 3741 2963 3795 ab
2983 3739 3265 3812 Unigenito
3290 3758 3439 3795 nian-

1848 3829 2030 3885 datnm
2069 3840 2427 3901 acceperunt,
2463 3831 2562 3886 hac
2602 3832 2782 3887 statim
2823 3833 2999 3887 audita
3040 3848 3170 3890 voce
3204 3851 3215 3886 :
3250 3834 3439 3889 Eimtes

1849 3924 2019 3976 docete
2048 3939 2217 3976 omnes
2254 3933 2423 3994 gentes
2453 3922 2684 3993 (Matth.
2723 3923 2815 3979 28.
2846 3923 2970 3997 19).
3004 3925 3237 3982 Adverte
3262 3935 3439 3981 autem

1848 4015 2118 4086 quomodo
2148 4031 2251 4072 non
2284 4024 2484 4072 tantum
2512 4017 2844 4071 vocationem
2874 4017 3108 4086 gentimn
3142 4016 3441 4072 snbindica-

1848 4112 1924 4164 vit
1962 4110 2217 4181 propheta
2236 4153 2249 4174 ,
2280 4110 2374 4166 sed
2403 4111 2560 4165 etiam
2588 4125 2770 4164 earum
2803 4119 3101 4180 promptam
3128 4118 3183 4165 et
3207 4109 3439 4165 alacretu

1849 4203 2274 4272 obsequentiam.
2302 4202 2415 4256 Non
2444 4202 2586 4257 enim
2614 4200 2765 4268 dixit,
2796 4200 3158 4266 Addueentur,
3188 4202 3304 4269 sed,
3343 4201 3441 4256 Ve-

1848 4295 1985 4348 nient
2012 4309 2031 4347 :
2058 4294 2107 4349 id
2148 4293 2289 4363 quod
2328 4293 2465 4348 alius
2504 4291 2759 4363 propheta
2797 4291 2992 4346 clarius
3028 4292 3318 4348 ostendens
3356 4294 3440 4347 di-

1847 4389 2004 4444 cebat
2026 4406 2038 4442 :
2064 4387 2133 4441 Et
2163 4403 2262 4442 non
2290 4386 2533 4441 docebunt
2558 4385 2897 4455 unusquisque
2921 4384 3173 4439 concivem
3203 4402 3370 4448 suum,
3394 4396 3439 4439 et

1848 4483 2185 4554 unusquisque
2212 4482 2421 4551 fratrem
2449 4497 2593 4535 suum
2622 4479 2676 4532 di
2684 4498 2823 4545 rens,
2851 4478 3106 4550 Cognosce
3130 4478 3436 4545 Dominum,

1848 4579 1967 4649 quia
1982 4594 2165 4655 omnes
2199 4577 2354 4631 scient
2387 4590 2467 4630 me
2498 4592 2529 4629 a
2563 4591 2716 4643 paruo
2746 4589 2902 4645 usque
2925 4574 2995 4627 ad
3023 4590 3259 4644 magnum
3286 4573 3435 4643 (Jer.

1849 4671 1937 4727 5|.
1977 4669 2106 4741 54).
2139 4668 2290 4737 Quod
2328 4667 2394 4722 ad
2432 4666 2647 4723 Iudaeos
2687 4667 2829 4721 enim
2870 4666 3144 4737 spectabat
3179 4677 3440 4721 creatura:

1848 4762 2088 4818 ordinem
2128 4774 2279 4815 suum
2318 4759 2593 4814 mutabant
2622 4759 2720 4831 (a),
2749 4758 2971 4812 aderant
2999 4756 3309 4827 frequentes
3337 4758 3437 4811 nti-

1850 4872 1955 4921 nte,
1985 4854 2244 4926 supplicia
2268 4852 2506 4919 assidua,
2533 4851 2721 4906 crebra
2751 4849 3023 4913 miracula,
3058 4848 3435 4919 prophetarum

1849 4949 2153 5011 discursus,
2186 4944 2505 5017 legislatoris
2544 4944 2735 5009 timor,
2769 4941 3228 4999 interminationes
3263 4941 3438 4998 bello-

1913 5110 1985 5172 (a)
2022 5108 2077 5158 In
2099 5113 2279 5172 Graeco,
2300 5116 2602 5172 ἀνιστοηιιιοῡτυτ
2630 5103 2839 5172 obscura
2862 5102 2994 5172 vocis
3015 5100 3320 5172 _8tgui_ﬁcatio.
3342 5102 3439 5172 Til-

1848 5162 2051 5223 ma‘nnus
2074 5162 2275 5237 vertit}
2287 5162 2513 5237 creatura
2536 5164 2683 5215 etiam
2719 5167 2826 5237 ipsa
2860 5163 2912 5237 in
3206 5162 3439 5237 elementa

1848 5235 2055 5297 resoluta
2078 5237 2164 5297 est.
2190 5231 2272 5297 Hic
2293 5236 2457 5278 autern
2472 5240 2635 5297 sermo
2659 5226 2817 5277 estde
2833 5226 3440 5297 signis,_castigauonibtts,

1849 5296 2054 5359 aliisque
2077 5293 2134 5342 ad
2154 5292 2343 5359 Judgeos
2361 5292 2753 5352 praevaricatores
2768 5288 3243 5359 perterrefacieudos
3265 5288 3439 5359 immis-

1847 5362 1945 5419 sis;
1973 5348 2042 5416 itt,
2057 5353 2271 5462 exempli
2288 5348 2449 5410 causa,
2467 5364 2577 5401 eum
2599 5359 2747 5401 terra:
2768 5348 2901 5399 hiatu
2925 5350 3049 5401 Core
3074 5356 3124 5398 et
3140 5348 3344 5419 asseclag
3360 5349 3440 5420 ah-

1848 5420 1998 5462 mrmi
2023 5423 2150 5462 sunt.
2177 5430 2203 5462 a
2227 5417 2357 5462 iioue
2381 5416 2498 5462 iane
2521 5415 2778 5462 absumpti.
2802 5426 2910 5461 cum
2927 5416 3189 5462 serpentes
3219 5422 3438 5462 immissa.

1848 5415 1999 5482 sorpti
2023 5415 2357 5482 sunt,_aliique_
2381 5416 2498 5477 igne
2521 5415 2778 5476 absumpti,
2802 5426 2910 5482 cu_m
2927 5416 3189 5482 serpentes
3219 5415 3438 5482 immissi,

1848 5472 1958 5533 cum
1981 5472 2201 5530 samuele
2225 5472 2540 5525 co'ncioﬁante
2564 5472 2712 5525 voces
2736 5483 2785 5524 et
2828 5473 2999 5537 plurim
3014 5472 3148 5522 data:
3173 5480 3303 5537 sunt,
3328 5484 3437 5534 qua:

1850 5543 2077 5608 ponulum
2108 5545 2487 5608 exterruerttnt;
2528 5551 2625 5587 uno
2640 5537 2798 5608 _verbo
2830 5534 2938 5608 cum
2973 5542 3158 5585 natura:
3193 5534 3436 5582 elementa

1850 5599 2069 5657 ordinem
2091 5615 2233 5651 suum
2255 5601 2528 5659 mutabant;
2555 5608 2607 5649 et
2638 5600 2729 5648 hoc
2760 5599 2899 5648 modo
2924 5612 3109 5659 vocem,
3131 5609 3443 5658 ἀνιστοιιυοεηο,

1856 5668 2148 5719 reddendam
2174 5675 2287 5715 esse
2312 5664 2467 5713 visum
2490 5662 2631 5714 nobis
2653 5668 2745 5713 est.
