3674 6276
211 233 271 289 Si
943 226 996 283 S.
1032 224 1310 283 JOANNlS
1348 212 1821 281 CllRYSOSTUMl
1860 222 2175 280 ARCIIIEP.
2217 225 2744 284 CONSTANTINOP.
3417 220 3487 276 '52

206 363 320 401 ιιιιη
341 342 731 414 ,barbarﬁrum
760 343 1089 397 incursiones
1107 385 1122 409 ,
1152 358 1179 396 a
1210 342 1318 398 Deo
1345 342 1595 396 immissa:
1622 337 1791 393 vindi-

204 450 324 504 σωκ,
353 436 727 507 castigationes
753 452 817 490 cx
845 435 989 490 ozelis
1020 436 1243 489 invecta:
1267 450 1280 487 ε
1306 431 1695 502 manebantque
1716 429 1790 484 illi

202 532 335 584 dura
363 531 570 584 cervice
599 536 653 583 et
694 527 1072 592 incircumcisi,
1099 534 1156 580 ut
1190 525 1263 579 ait
1300 523 1624 594 Stephanus,
1654 536 1791 592 prm-

206 626 355 681 t’racti
377 667 391 688 ,
418 634 472 679 et
497 623 714 678 difficile
751 619 1172 689 cedentes(Act.
1197 620 1250 674 7.
1276 619 1410 687 51);
1448 616 1515 671 ad
1555 615 1790 686 gentium

207 733 337 773 vero
363 712 742 789 [vocationem]
772 713 901 770 satis
926 712 1023 768 fuit
1048 712 1257 766 unicum
1286 718 1547 779 tenucque
1569 706 1791 763 verbum

202 811 487 874 audivisse,
516 818 572 865 et
597 822 785 864 omnes
810 805 1089 862 confestim
1110 812 1473 861 accurrerunt.
1495 800 1647 871 Quod
1666 800 1792 856 sub-

204 905 442 959 indicans
474 903 636 957 David
665 901 875 957 dicebat
908 918 921 954 :
954 898 1216 969 Papulas,
1244 913 1391 967 quem
1419 912 1521 950 non
1550 893 1789 966 cognovi,

200 997 397 1050 servivit
438 995 563 1049 mihi
591 995 610 1064 (_
634 992 778 1047 Psal.
816 992 905 1047 17.
946 990 1082 1061 45);
1122 1000 1177 1045 et
1220 986 1435 1043 modum
1474 985 1792 1043 obedientia:

201 1089 469 1141 admirans
511 1086 823 1154 subjiciebat
853 1102 866 1138 :
898 1083 965 1137 In
1004 1084 1179 1137 auditu
1221 1082 1360 1135 auris
1395 1082 1609 1135 obedivit
1642 1080 1787 1133 mihi.

162 1179 183 1193 ”’
204 1180 314 1235 lloc
346 1181 514 1249 ipsum
547 1189 600 1234 et
625 1178 791 1233 Jacob
827 1177 1161 1248 zenigmatico
1189 1191 1338 1231 morc
1372 1175 1650 1230 declarans
1678 1175 1788 1228 aie-

202 1272 291 1325 bat
319 1289 333 1326 :
362 1270 550 1342 Ligans
578 1270 646 1323 ad
684 1271 877 1324 vincam
920 1268 1118 1339 pullum
1150 1284 1297 1322 suum
1316 1308 1331 1333 ,
1366 1276 1411 1320 et
1437 1267 1505 1320 ad
1528 1265 1790 1319 surculum

203 1362 400 1433 pullum
430 1363 589 1417 asina:
615 1378 721 1417 sua:
750 1360 901 1434 (Gen.
932 1361 1021 1416 49.
1055 1361 1167 1430 11).
1197 1362 1265 1414 At
1290 1359 1409 1429 quis
1434 1359 1560 1413 vidit
1587 1359 1788 1428 pullum

201 1454 367 1510 asina:
409 1454 625 1509 surculo
661 1454 935 1524 alligatum
966 1464 1019 1507 et
1048 1452 1217 1507 vinea:
1242 1452 1538 1506 adstantem
1558 1493 1573 1517 ,
1601 1461 1654 1505 et
1682 1452 1791 1506 {ru-

203 1555 345 1599 ctum
377 1560 481 1599 non
522 1544 999 1613 pessumdantem?
1027 1544 1081 1598 lu
1114 1544 1281 1598 brutis
1307 1542 1519 1613 quidem
1551 1542 1785 1609 minime,

202 1638 255 1690 in
284 1636 585 1691 hominibus
610 1644 787 1692 autem
814 1636 865 1691 id
890 1652 1012 1691 vere
1037 1645 1091 1692 et
1116 1638 1289 1705 reipsa
1317 1635 1593 1705 contingit.
1623 1634 1789 1691 Judmi

204 1744 432 1798 namque
463 1730 761 1785 innumeris
799 1730 1030 1800 colligati
1070 1727 1291 1783 vinculis
1313 1770 1328 1793 ,
1364 1728 1548 1799 jugum
1573 1728 1785 1785 confre-

200 1830 426 1888 gerunt,
455 1822 723 1877 vinculum
753 1821 1095 1890 disruperunt
1116 1861 1132 1886 ,
1164 1832 1222 1875 ut
1253 1821 1327 1875 ait
1360 1820 1615 1891 propheta
1644 1819 1786 1893 (Jer.

200 1913 255 1966 5.
278 1913 367 1982 5);
393 1923 579 1983 gentes
606 1921 782 1968 autem
810 1913 954 1968 nulla
980 1914 1140 1967 simili
1162 1913 1421 1982 colligata:
1447 1914 1785 1981 necessitate,

201 2014 445 2073 prompte
483 2003 827 2069 obcdierunt,
860 2003 1009 2074 quasi
1046 2004 1223 2074 pullus
1259 2005 1473 2059 surculo
1500 2004 1745 2074 alligatus
1768 2049 1784 2074 ,

199 2104 251 2149 et
277 2112 341 2149 ex
370 2095 647 2164 praeceptis
673 2096 801 2150 nihil
831 2095 1327 2165 pessutndederuut,
1352 2096 1444 2151 sed
1470 2096 1787 2154 adsuteruut

199 2188 419 2241 inultam
460 2187 774 2243 exhibentes
811 2187 1234 2257 obsequentium.
1268 2188 1320 2243 '5.
1351 2187 1414 2241 Et
1444 2188 1583 2242 ibunt
1612 2189 1787 2258 populi

198 2280 365 2346 multi,
392 2290 441 2334 et
468 2281 633 2334 dicent
657 2296 677 2334 :
708 2278 899 2346 Venite,
923 2290 968 2333 et
993 2280 1324 2333 ascendamus
1344 2280 1413 2333 ad
1439 2290 1654 2335 montem
1679 2281 1784 2336 Do-

198 2373 354 2439 mini,
383 2381 433 2426 et
456 2373 523 2426 ad
552 2373 757 2427 domum
782 2372 877 2427 Dei
911 2372 1091 2428 Iacob.
1123 2373 1257 2429 Vide
1285 2373 1509 2430 choreas
1531 2384 1747 2447 agentes
1766 2419 1782 2446 ,

197 2473 251 2517 et
277 2462 408 2518 festa
440 2463 775 2520 celebrantes
792 2504 807 2527 ,
834 2472 888 2519 et
915 2464 1049 2518 alter
1071 2464 1296 2519 alterum
1328 2465 1601 2521 hortantes
1623 2507 1642 2533 ,
1667 2482 1781 2522 om-

199 2570 398 2625 nosque
423 2556 474 2609 in
502 2554 751 2611 doctores
772 2570 1061 2611 conversos
1087 2572 1100 2609 :
1128 2571 1299 2626 neque
1322 2570 1501 2622 uuam,
1524 2557 1609 2612 vel
1628 2557 1781 2623 duas,

200 2646 279 2702 vel
329 2656 475 2714 tres,
515 2646 609 2703 sed
650 2646 843 2702 multas
881 2657 1069 2717 gentes
1105 2657 1507 2703 concurrentes.
1556 2648 1784 2705 Venient

196 2740 369 2804 enim,
403 2739 603 2810 inquit,
638 2739 816 2810 populi
843 2740 993 2794 multi
1019 2748 1072 2794 et
1100 2755 1167 2794 ex
1195 2739 1418 2795 diversis
1447 2739 1611 2806 locis,
1642 2741 1782 2812 quod

197 2830 335 2901 apud
360 2830 573 2886 Iudaeos
599 2847 886 2901 numquam
914 2832 1139 2901 contigit
1165 2849 1177 2885 :
1206 2831 1300 2887 sed
1338 2832 1383 2886 si
1422 2832 1510 2902 qui
1545 2847 1785 2890 accesse-

197 2932 351 2989 runt,
378 2922 431 2978 hi
477 2924 626 2991 pauci
663 2930 818 2979 erant
861 2924 1112 2996 preselyti
1134 2965 1151 2990 ,
1178 2933 1231 2979 et
1258 2923 1311 2979 hi
1339 2939 1458 2979 cum
1490 2925 1658 2979 multo
1686 2938 1781 2982 ne-

195 3015 359 3085 gotio,
391 3025 445 3069 et
482 3030 771 3086 numquam
796 3024 981 3086 gentes
1012 3016 1182 3071 vocati
1212 3023 1356 3082 sunt,
1385 3016 1480 3072 sed
1508 3018 1780 3090 proselyti.

196 3106 451 3179 Proselyti
477 3109 626 3164 enim
645 3109 713 3162 ad
738 3118 783 3163 te
808 3110 1107 3176 transibunt,
1130 3118 1176 3164 et
1201 3118 1346 3164 erunt
1366 3110 1454 3164 tibi
1475 3113 1606 3166 servi
1628 3110 1779 3183 (lsai.

194 3201 284 3255 51.
316 3201 437 3269 15),
465 3200 654 3271 inquit.
685 3201 834 3268 Quod
861 3202 907 3256 si
938 3202 989 3255 in
1022 3202 1331 3271 metaphora
1370 3202 1619 3271 persistat
1657 3220 1783 3274 pro-

195 3290 351 3360 pheta
373 3332 388 3355 ,
420 3303 654 3346 montem
685 3292 958 3361 appellans
998 3299 1053 3347 et
1091 3292 1307 3347 domum
1348 3293 1441 3349 Dei
1483 3293 1684 3361 Jacob,
1715 3310 1783 3351 ne

194 3383 423 3437 mireris.
451 3381 602 3451 Quod
628 3384 768 3438 enim
790 3384 899 3454 jam
927 3384 1057 3449 dixi,
1088 3384 1244 3439 modo
1271 3384 1381 3441 fere
1405 3386 1594 3457 aperit,
1624 3388 1783 3443 modo

194 3473 474 3530 adumbrat
515 3475 845 3545 pr0phetiam
873 3493 887 3542 ;
916 3476 1044 3532 illud
1070 3476 1283 3548 quidem
1304 3517 1318 3540 ,
1346 3493 1451 3548 quo
1479 3478 1784 3547 prudentio-

196 3566 342 3625 ribus
370 3568 703 3623 oecasionem
750 3568 1019 3638 prmbeat,
1056 3578 1116 3625 ut
1151 3585 1269 3641 quae
1307 3568 1557 3625 dicuntur
1584 3571 1782 3626 intelli-

195 3666 355 3724 gant;
386 3657 487 3712 hoc
509 3667 720 3725 autem,
751 3669 809 3714 ut
844 3659 1171 3730 ingratorum
1199 3662 1582 3717 tmnultuosum
1610 3661 1783 3733 impe-

199 3758 311 3803 tum
338 3758 583 3805 coerceat
610 3766 623 3804 :
653 3760 707 3805 et
735 3751 929 3822 ubique
963 3767 1265 3808 sermonem
1296 3753 1485 3807 variat.

268 3842 325 3896 4.
354 3840 410 3896 Si
438 3850 616 3898 autem
656 3842 807 3910 dixit,
840 3844 1061 3900 Domum
1098 3845 1200 3901 Dei
1226 3844 1406 3912 Iacob,
1436 3862 1503 3903 ne
1533 3849 1780 3915 turbaris,

198 3932 429 3989 dilecte:
460 3936 655 3990 etenim
679 3939 982 4008 unigenitus
1011 3938 1105 3994 Dei
1133 3938 1270 3994 ﬁlius
1292 3941 1432 3996 Deus
1457 3941 1624 3999 Jacob
1646 3953 1781 3999 erat.

198 4027 215 4081 Ι
224 4041 317 4095 pse
342 4028 484 4082 enim
507 4038 561 4084 et
589 4029 761 4101 legem
783 4030 950 4096 dedit,
973 4040 1027 4088 et
1053 4033 1229 4088 omnia
1249 4034 1389 4103 apud
1412 4050 1504 4090 eos
1531 4037 1783 4093 miracula

199 4118 391 4174 edidit:
416 4119 467 4174 id
489 4123 633 4191 quod
660 4136 724 4178 ex
741 4123 857 4193 ipso
885 4125 1114 4182 maxime
1138 4124 1317 4181 Veteri
1340 4127 1679 4185 Testamento
1706 4129 1786 4184 vi-

198 4214 326 4269 dere
348 4223 430 4270 est
455 4233 470 4269 :
493 4215 621 4271 Novi
648 4218 844 4288 quippe
868 4219 1193 4275 Testamenti
1220 4221 1360 4275 nulla
1382 4222 1519 4277 ratio
1540 4232 1621 4278 est
1645 4223 1785 4293 apud

199 4304 432 4359 .‘udmos.
464 4306 724 4362 Jeremias
770 4310 933 4378 igitur
974 4311 1049 4363 ait
1081 4328 1095 4365 :
1128 4309 1409 4380 Disponam
1454 4313 1590 4367 vobis
1637 4325 1787 4369 testa-

198 4407 422 4450 mentum
450 4414 651 4462 novum,
678 4415 777 4452 non
818 4401 1093 4454 secundum
1119 4410 1487 4470 testamentum,
1515 4407 1649 4474 quod
1678 4407 1785 4461 dis-

199 4487 348 4555 ;osui
372 4488 595 4556 patribus
641 4492 813 4545 vestris
857 4489 1009 4559 (Jer.
1039 4493 1129 4548 51.
1177 4494 1265 4549 Si.
1313 4494 1450 4567 3‘2);
1496 4497 1788 4554 ostendens

200 4580 375 4643 ipsum
397 4594 517 4635 esse
557 4581 831 4652 utriusque
858 4583 1235 4653 legislatorem.
1265 4584 1396 4652 Quia
1427 4601 1553 4642 vero
1583 4588 1695 4658 ipse
1721 4604 1788 4645 ex

201 4668 433 4740 JEgyplo
459 4670 579 4726 illos
607 4672 821 4742 eripuit,
848 4672 1052 4729 addidit
1079 4692 1093 4728 :
1123 4674 1190 4728 In
1230 4675 1312 4729 die
1343 4693 1445 4743 qua
1477 4679 1788 4747 apprehendi

198 4777 406 4815 maimm
446 4778 636 4829 eorum,
671 4773 724 4817 ut
750 4764 1009 4819 educerem
1043 4782 1125 4819 eos
1158 4765 1221 4820 de
1247 4776 1378 4819 terra
1409 4766 1627 4839 zEgypti
1656 4768 1785 4836 (lbi-

202 4853 369 4925 item).
421 4854 573 4922 Quod
600 4856 645 4910 si
679 4856 791 4926 ipse
818 4856 1019 4923 eduxit,
1070 4858 1230 4913 etiam
1263 4860 1376 4925 ipse
1407 4859 1493 4912 illa
1528 4861 1703 4914 omnia
1734 4862 1787 4915 in

204 4949 439 5021 x’Egypto
459 4958 512 5004 et
536 4950 589 5004 in
615 4949 832 5006 deserto
857 4952 1112 5007 miracula
1142 4953 1387 5023 patravit.
1420 4951 1489 5006 Et
1516 4955 1790 5008 annuntia-

204 5042 271 5095 lit
308 5042 450 5097 nobis
470 5042 602 5097 viam
637 5060 812 5109 suam,
840 5054 886 5098 et
914 5044 1279 5101 ambulabimus
1304 5047 1358 5099 in
1386 5063 1463 5100 ea.
1494 5046 1695 5103 Viden'
1732 5056 1792 5103 ut

204 5134 361 5187 aliam
403 5133 682 5203 requirunt
725 5135 936 5205 legem?
966 5136 1115 5192 Viam
1158 5140 1299 5193 enim
1330 5138 1600 5208 Scriptura
1648 5155 1789 5210 pra:-

203 5235 356 5293 repta
388 5225 481 5279 Dei
511 5225 646 5279 solet
683 5226 984 5295 appellare;
1036 5228 1080 5282 si
1110 5228 1176 5283 de
1223 5229 1401 5298 priore
1446 5229 1792 5285 Testamento

204 5316 533 5384 loqueretur,
554 5332 662 5371 non
685 5316 927 5385 dixisset,
946 5318 1275 5374 Annuntiabit
1299 5321 1441 5375 nobis
1458 5337 1476 5374 :
1499 5322 1627 5376 illud
1648 5322 1791 5377 enim

206 5416 322 5461 erat
353 5408 600 5463 omnibus
629 5409 1211 5479 nianifeStmn,planum
1240 5422 1294 5467 et
1321 5422 1526 5467 notum.

277 5496 434 5551 Aliud
460 5498 659 5569 insigne
695 5510 871 5554 contra
909 5499 1121 5556 Judwos
1146 5514 1517 5573 argumentum.
1545 5535 1617 5545 —
1641 5505 1792 5572 Quod

208 5600 389 5645 autem
416 5591 531 5646 lucc
559 5609 661 5646 non
694 5596 929 5663 captiose
955 5595 1216 5661 dicamus,
1246 5612 1364 5667 qua:
1392 5596 1531 5651 dicta
1562 5606 1683 5652 sunt
1711 5598 1793 5653 vel

208 5680 340 5758 imp:
358 5686 690 5743 dentioribus
712 5686 869 5744 iidem
889 5687 1064 5745 facere
1085 5698 1325 5761 possunt.
1341 5690 1472 5759 Quia
1492 5692 1634 5746 enim
1656 5692 1795 5747 viam

1900 352 2101 397 tantum
2131 345 2463 410 uicinoravit,
2490 345 2617 402 dicit
2643 360 2885 415 qua-nam
2919 343 3001 398 illa
3028 342 3096 397 sit
3126 341 3228 402 via,
3260 339 3485 409 ejusque

1897 436 2060 489 multa
2101 438 2252 504 ponit
2282 438 2526 507 insignia.
2560 437 2841 507 Subjuugit
2868 451 2995 505 ergo
3027 453 3039 488 :
3077 432 3212 486 Nam
3252 433 3313 484 de
3357 431 3486 486 Sion

1898 526 2048 580 exibit
2076 527 2176 594 lex,
2209 538 2255 581 et
2300 528 2500 582 verbum
2542 528 2751 583 Domini
2795 528 2857 581 de
2885 525 3189 580 Jerusalem.
3242 522 3320 577 Ad
3371 522 3486 574 haec

1895 617 2065 672 Judaei
2092 633 2252 690 supra
2298 622 2513 675 modum
2561 620 2896 691 impudentes
2927 634 2993 675 ne
3037 619 3243 673 hiscere
3268 614 3484 687 quidem

1898 720 2166 781 poterunt.
2194 713 2346 781 Quod
2377 714 2521 769 enim
2553 713 2669 769 haec
2693 713 2759 768 de
2785 712 2931 768 Novo
2961 711 3306 767 Testamento
3343 708 3485 763 dicta

1896 802 2023 870 sint,
2049 813 2103 859 et
2136 820 2201 859 ex
2230 805 2368 872 loco,
2401 815 2454 861 et
2480 821 2544 860 ex
2582 814 2843 876 tempore,
2890 814 2941 859 ct
2986 820 3049 859 ex
3083 804 3148 858 iis
3176 802 3266 872 qui
3310 800 3481 870 legem

1897 905 2237 966 receperunt,
2269 906 2324 953 et
2349 912 2415 953 ex
2438 898 2603 969 gestis
2625 908 2744 968 post
2768 896 2963 967 legem,
2990 903 3045 952 et
3067 911 3132 950 ex
3160 893 3304 948 omni
3333 900 3482 961 parte

1895 988 2109 1044 demum
2156 989 2343 1044 videre
2385 998 2485 1044 est.
2525 990 2705 1045 Primo
2733 1004 2798 1044 ex
2837 987 2977 1053 loco,
3021 1003 3085 1043 ex
3129 993 3307 1040 monte
3352 982 3479 1036 Sion

1896 1097 2109 1153 nempe.
2142 1081 2250 1137 Lex
2278 1083 2422 1138 enim
2468 1098 2561 1152 per
2600 1082 2835 1152 Moysem
2874 1081 2978 1136 lata
3027 1080 3079 1134 in
3127 1088 3306 1133 monte
3335 1073 3481 1131 Sinai

1895 1173 2190 1243 majoribus
2218 1174 2455 1244 ipsorum
2484 1173 2607 1228 data
2650 1173 2770 1227 fuit.
2797 1172 2904 1228 Cur
2930 1184 3059 1240 ergo
3089 1169 3175 1224 hic
3213 1165 3361 1230 dicit,
3403 1163 3483 1217 De

1897 1263 2067 1319 Sion?
2095 1264 2278 1336 Neque
2305 1265 2407 1320 hoc
2438 1266 2566 1320 satis
2596 1264 2800 1330 habuit,
2832 1261 2926 1318 sed
2954 1262 3111 1317 etiam
3143 1269 3352 1327 tempus
3380 1254 3480 1309 ad-

1889 1357 2040 1428 jecit.
2067 1358 2181 1412 Non
2213 1359 2356 1413 enim
2382 1358 2534 1422 dixit,
2559 1356 2730 1411 Exivit
2754 1355 2862 1419 lex,
2889 1353 3004 1417 sed,
3025 1350 3194 1405 Exibit
3217 1351 3317 1412 lex,
3337 1347 3479 1417 quod

1894 1458 1975 1503 est
2026 1448 2187 1503 futuri
2238 1450 2519 1519 temporis,
2544 1450 2621 1505 rei
2645 1447 2877 1502 nondum
2924 1452 3104 1516 gestze.
3137 1442 3271 1496 Cum
3302 1448 3480 1494 antem

1895 1540 2012 1596 haec
2037 1542 2295 1611 propheta
2325 1540 2548 1605 diceret,
2577 1554 2606 1592 a
2648 1539 2827 1593 multis
2863 1538 2973 1607 jam
3022 1535 3177 1590 annis
3223 1533 3310 1588 lex
3355 1531 3477 1586 data

1894 1631 2102 1690 fuerat;
2130 1631 2260 1687 Novi
2282 1648 2411 1688 vero
2429 1632 2753 1687 Testamenti
2782 1631 2863 1685 lex
2890 1640 3007 1699 post
3035 1627 3289 1698 plurimos
3309 1638 3479 1678 annos

1894 1724 2067 1781 danda
2098 1734 2232 1780 erat.
2262 1726 2387 1781 Ideo
2418 1742 2521 1779 non
2548 1725 2702 1789 dixit,
2735 1723 2931 1788 Exivit,
2958 1721 3075 1787 sed,
3104 1717 3294 1783 Exibit,
3320 1715 3372 1770 id
3395 1727 3481 1770 est

1893 1824 2098 1886 postea.
2125 1818 2202 1873 Ac
2228 1832 2437 1872 rursum
2466 1816 2533 1872 ad
2561 1818 2734 1871 locum
2774 1816 2948 1884 ipsum
2991 1810 3229 1881 confugit
3256 1808 3475 1863 dicens:

1892 1909 1962 1963 Et
2004 1911 2207 1964 verbum
2247 1908 2454 1963 Domini
2482 1910 2545 1963 de
2565 1907 2872 1962 Jerusalem.
2919 1909 3180 1961 Accurate
3211 1900 3364 1957 nobis
3391 1898 3481 1952 hic

1891 2001 2025 2057 Novi
2057 2001 2387 2058 Testamenti
2412 2002 2620 2072 insigne
2646 1998 2814 2070 ponit.
2844 1997 2974 2053 Nam
3003 1994 3162 2051 modo
3201 1994 3254 2047 iu
3298 1999 3480 2046 monte

1891 2095 2107 2162 sedens,
2132 2094 2379 2149 sublimia
2415 2102 2473 2149 et
2513 2093 2659 2148 ca-lis
2693 2090 2852 2161 digna
2883 2096 3146 2159 praecepta
3192 2086 3308 2153 lege
3346 2098 3478 2137 san—

1890 2187 2083 2255 ciebat,
2113 2187 2273 2242 modo
2303 2187 2355 2241 in
2397 2186 2695 2242 Jerusalem
2739 2198 2963 2239 versans
2993 2181 3217 2252 idipsum
3262 2177 3476 2248 agebat.

1889 2280 2023 2336 Cum
2063 2280 2288 2337 dixisset
2313 2296 2442 2351 ergo
2467 2289 2523 2335 et
2543 2280 2719 2339 locqu
2758 2290 2812 2333 et
2835 2287 3065 2348 tempus,
3097 2274 3276 2343 adjicit
3305 2281 3358 2326 et
3380 2285 3479 2326 eos

1889 2372 1981 2442 qui
2029 2372 2174 2426 illam
2205 2370 2475 2441 accepturi
2504 2378 2658 2426 erant
2690 2370 2858 2438 legem
2879 2409 2893 2434 ,
2928 2366 3159 2435 undique
3204 2360 3478 2418 contradi-

1888 2466 2124 2521 centiqu
2152 2480 2244 2520 ora
2269 2479 2553 2519 consuens.
2579 2464 2805 2530 Quinam
2837 2475 2963 2530 ergo
3002 2459 3145 2512 illum
3177 2453 3478 2525 suscepturi
3512 2524 3517 2529 _

1888 2556 2080 2611 erant?
2109 2572 2234 2610 num
2279 2555 2623 2611 llebrmorum
2673 2552 2849 2622 potius
2897 2548 3124 2621 pupulus
3166 2556 3221 2602 et
3261 2543 3479 2602 Judaei?

1888 2648 2235 2718 Nequaquam
2257 2688 2272 2713 ,
2303 2646 2397 2702 sed
2419 2646 2508 2716 qui
2539 2661 2606 2701 ex
2639 2643 2907 2715 gentibus.
2937 2641 3060 2696 Ideo
3087 2637 3291 2694 intulit:
3320 2638 3372 2691 4.
3400 2632 3477 2688 Et

1880 2739 2134 2811 judicabit
2182 2740 2312 2794 inter
2359 2749 2547 2810 gentes.
2602 2735 2732 2791 Illud
2763 2734 2906 2790 enim
2938 2731 3169 2787 maxime
3207 2730 3273 2784 ad
3304 2730 3475 2800 legem

1888 2833 2172 2904 pertinet‘,
2191 2833 2431 2903 judicare
2447 2831 2514 2886 de
2536 2830 2640 2885 illis
2659 2829 2748 2900 qui
2778 2829 2944 2898 ipsam
2968 2826 3296 2895 impugnant.
3319 2821 3477 2889 Quod

1887 2937 2064 2982 autem
2097 2926 2182 2981 hic
2223 2942 2329 2981 non
2359 2939 2540 2980 sermo
2583 2923 2655 2978 sit
2698 2921 2766 2977 de
2793 2920 2967 2975 Veteri
2997 2917 3358 2981 Testamento,
3405 2930 3477 2970 cx

1886 3020 2018 3090 ipsis
2045 3020 2204 3075 rebus
2234 3018 2406 3089 palam
2434 3026 2533 3073 est.
2579 3015 2694 3070 Non
2722 3015 2863 3069 enim
2893 3011 3169 3067 sabbatum
3209 3009 3475 3064 observa-

1888 3130 2029 3181 mus,
2060 3112 2523 3170 circumcisionem
2556 3124 2659 3164 non
2691 3107 3024 3169 admisimus,
3054 3122 3160 3159 non
3193 3103 3324 3157 festa
3358 3102 3476 3155 illo-

1887 3222 2030 3273 rum,
2063 3221 2168 3260 non
2198 3203 2342 3259 aliud
2387 3202 2655 3274 quidpiam
2704 3215 2771 3255 ex
2820 3197 3109 3253 veteribus.
3158 3194 3479 3250 Audivimus

1887 3303 2030 3358 enim
2058 3300 2281 3355 Paulum
2310 3297 2575 3353 dicentem
2611 3313 2624 3350 :
2670 3294 2731 3350 Si
2758 3290 3211 3354 circumcidamini,
3244 3288 3479 3343 Christus

1886 3395 2024 3449 vobis
2054 3392 2183 3447 nihil
2216 3390 2435 3462 proderit
2468 3387 2608 3461 (Gal.
2637 3388 2689 3444 5.
2716 3386 2772 3457 2)
2798 3404 2811 3441 :
2843 3396 2917 3451 et,
2964 3385 3082 3439 Dies
3110 3380 3399 3447 observatis,
3427 3391 3479 3435 et

1887 3503 2101 3552 menses,
2131 3496 2180 3540 et
2205 3494 2451 3557 tempora,
2480 3492 2525 3538 et
2555 3482 2754 3536 annos?
2801 3479 2973 3534 Timeo
3012 3495 3075 3532 ne
3113 3482 3243 3549 forte
3282 3479 3479 3547 frustra

1887 3579 2222 3635 laboraverim
2270 3578 2326 3631 in
2362 3576 2500 3631 vobis
2528 3573 2670 3646 (Gal.
2697 3575 2749 3629 4.
2781 3572 2892 3642 10).
2943 3571 3090 3627 Unde
3143 3570 3305 3639 liquet
3334 3570 3480 3622 hunc

1888 3685 2193 3726 sermonem
2234 3668 2301 3724 de
2329 3667 2477 3723 Novo
2523 3681 2665 3731 esse,
2707 3666 2828 3734 quia
2871 3668 3007 3718 inter
3048 3672 3232 3733 gentes
3271 3661 3484 3730 judica-

1887 3763 1965 3817 vit
1985 3762 2082 3833 (a),
2113 3758 2563 3831 quemadmodum
2596 3767 2649 3813 et
2678 3756 2873 3811 Paulus
2897 3756 2967 3808 ait
2997 3771 3011 3807 :
3042 3754 3107 3808 In
3148 3754 3227 3805 die
3271 3752 3480 3825 quando

1880 3852 2130 3925 judicabit
2149 3850 2283 3905 Deus
2303 3849 2496 3903 occulta
2518 3848 2776 3902 hominum
2799 3846 2970 3914 (Rom.
2992 3845 3046 3899 Ξ.
3074 3843 3175 3916 16).
3197 3844 3482 3910 Quomodo

1886 3945 2184 4016 judieibit?
2214 3943 2300 3998 dic
2343 3942 2588 4009 mihi,an
2632 3940 2923 3996 secundum
2951 3938 3114 3993 Vetus
3158 3936 3481 3992 Testamené

1892 4041 2041 4095 tutu?
2086 4039 2242 4094 Nullo
2272 4036 2451 4104 modo,
2483 4035 2577 4092 sed
2605 4034 2896 4090 Secundum
2932 4032 3265 4103 Evangelium
3290 4047 3478 4085 meum.

1890 4132 2086 4188 Viden‘
2117 4131 2277 4187 verba
2310 4129 2539 4194 diversa,
2573 4126 2864 4183 sententias
2889 4135 3067 4179 autem
3099 4124 3236 4178 inter
3260 4138 3318 4177 se
3342 4137 3482 4177 con-

1892 4224 2220 4280 sentientes?
2258 4222 2416 4277 Isaias
2445 4220 2574 4275 dicit
2602 4236 2614 4272 :
2643 4218 2902 4271 Judicabit
2935 4218 3064 4271 inter
3088 4226 3294 4287 gentes;
3339 4214 3482 4267 Pau-

1895 4318 1979 4372 lus
2028 4316 2124 4383 ait,
2172 4313 2435 4369 Judicabit
2482 4312 2757 4366 secundum
2810 4307 3140 4379 Evangelium
3189 4322 3369 4359 nteant.
3413 4304 3484 4359 Et

1892 4418 2070 4479 arguet
2101 4407 2345 4478 populum
2376 4405 2626 4467 multum;
2652 4394 2787 4458 bella
2814 4410 3060 4472 gerentes
3085 4407 3138 4453 et
3177 4407 3481 4467 transgres-

1892 4512 2064 4555 sores.
2114 4498 2182 4552 Et
2219 4495 2322 4551 hoc
2347 4495 2625 4550 declarans
2649 4494 2894 4549 Christus
2941 4491 3152 4547 dicebat
3182 4508 3195 4544 :
3228 4488 3347 4542 Non
3387 4505 3486 4558 ego

1890 4592 2129 4663 iudicabo
2156 4607 2262 4654 vos,
2290 4589 2377 4645 sed
2405 4606 2588 4655 sermo,
2628 4605 2775 4661 quem
2818 4588 3050 4655 loquutus
3089 4602 3221 4650 sum,
3258 4583 3364 4651 ipse
3393 4599 3487 4637 vos

1886 4684 2159 4756 judicabit.
2188 4682 2250 4736 Et
2273 4682 2535 4736 concident
2562 4680 2762 4752 gladios
2780 4695 2897 4732 suos
2919 4679 2970 4730 in
2993 4689 3185 4739 aratra,
3206 4685 3251 4729 et
3278 4674 3489 4727 lanceas

1894 4794 2012 4831 suas
2056 4777 2107 4830 in
2153 4777 2328 4847 falces.
2384 4774 2450 4827 Et
2498 4790 2597 4827 non
2643 4773 2853 4842 accipiet
2898 4787 3018 4841 gens
3062 4779 3237 4822 contra
3284 4776 3491 4838 gentem

1894 4872 2143 4941 gladium,
2177 4880 2222 4923 et
2250 4887 2352 4924 non
2382 4870 2517 4923 ultra
2559 4869 2750 4921 discent
2776 4865 3002 4937 prtvlt'ari
3034 4864 3211 4934 (Joan.
3242 4862 3328 4918 12.
3363 4862 3489 4929 «18).

1895 4962 2013 5017 Non
2042 4963 2171 5017 satis
2196 4960 2343 5015 fuere
2371 4959 2643 5031 prophetae
2675 4958 2850 5028 priora
2895 4956 3068 5026 signa.
3097 4954 3257 5008 Multa
3288 4953 3497 5023 quippe

1897 5064 1983 5110 est
2008 5054 2246 5109 veritatis
2292 5053 2535 5108 facultas.
2563 5051 2686 5106 ldeo
2714 5049 2854 5104 aliud
2902 5047 3077 5117 posuit
3119 5046 3249 5100 Novi
3294 5044 3494 5099 Testa-

1896 5147 2061 5203 menti
2092 5146 2344 5201 indicium
2372 5161 2467 5214 per
2494 5154 2661 5199 totum
2687 5142 2873 5197 orbem
2900 5139 3186 5210 refulgens.
3207 5135 3496 5206 Quodnam

1964 5328 1979 5356 ι
2016 5329 2158 5390 Juxta
2178 5320 2417 5390 savilium,
2443 5319 2618 5390 melius
2656 5315 2991 5390 l_egetur,_.ad'
3013 5307 3500 5390 judicem‘gcfliﬁff.

1898 5399 2063 5449 quam,
2090 5386 2154 5449 (ζα
2179 5384 2332 5449 legem
2354 5372 2574 5449 pertinet,
2599 5380 2687 5430 sed
2707 5372 2762 5428 in
2788 5377 2932 5427 uullis
2954 5372 3061 5427 sive
3092 5383 3200 5424 Mss.
3236 5372 3343 5423 sive
3366 5372 3500 5423 adit.

1899 5445 2030 5512 prior
2053 5445 2440 5512 adertttrltwtio.
2573 5503 2585 5512 _
2742 5502 2754 5512 _
2957 5500 2967 5510 ,
3027 5499 3039 5509 _
3078 5506 3088 5512 _
3137 5511 3141 5512 ί

1961 5496 2035 5572 (a)
2071 5511 2155 5557 Hic
2179 5508 2303 5556 forte
2331 5507 2549 5555 videatur
2573 5502 2857 5566 legendum,
2884 5500 2997 5565 quia
3020 5499 3151 5572 inter
3166 5503 3325 5559 gentes

1961 5571 2025 5606 Iu'r
2050 5584 2062 5596 -
2086 5585 2193 5606 nnnl
2217 5582 2326 5606 ηιιςι»
2350 5575 2621 5606 ςιιηιιηιιιιιιο
2644 5566 2702 5606 ,τι
2728 5566 2897 5606 lmrum
2927 5562 3302 5606 σιῐιιιισίὶιιοηρῐῐι
3326 5571 3353 5606 a
3377 5558 3503 5606 lata.

1900 5558 2031 5622 cabit'
2046 5584 2062 5630 ;
2086 5585 2193 5619 nam
2217 5582 2326 5631 qum
2350 5558 2702 5631 sequuntur‘ad
2727 5558 2907 5631 horum"
2927 5558 3302 5631 explicatiOuem
3326 5558 3503 5631 allata,

1901 5625 2115 5683 futurum
2159 5625 2350 5691 tempus
2388 5625 2626 5688 iudicant;
2652 5627 2741 5677 sed
2783 5629 2891 5677 sine
2924 5625 3209 5676 auctoritate
3231 5626 3502 5685 exempla-

1905 5696 2032 5743 rium
2053 5693 2173 5742 nillil
2190 5702 2375 5744 mutare
2398 5691 2650 5741 audemus.
