3674 6276
362 226 435 285 33
1133 227 1191 284 S.
1229 226 1509 285 JOANNIS
1538 225 2023 284 CHRYSOSTOMI
2058 228 2371 285 ARCHIEP.
2419 226 2955 285 CONSTA‘NTINUP.

363 360 532 414 ρεσις.
554 342 720 396 Ὅταν
746 335 852 413 γάρ
876 340 1045 397 ταῦτα
1072 341 1311 414 γένηται,
1339 343 1493 414 φησὶ,
1520 343 1751 411 τοσαύτη
1785 340 2009 412 λήψεται

361 429 585 498 εὐνομία
615 429 712 499 τὴν
730 429 1069 499 οἰκουμένην,
1096 428 1171 491 ὡς
1204 430 1295 481 καὶ
1330 430 1468 481 αὺτά
1493 427 1560 480 τά
1589 428 1727 480 ὅπλα
1760 427 1827 479 τά
1857 428 2009 478 πολε-

362 515 498 585 μικά
542 516 620 578 είς
651 515 927 585 γεωργικά
961 515 1314 584 χαλκεύεσθαι
1343 514 1575 584 δργαναο
1615 514 1749 583 ὅπερ
1778 514 1868 565 ἐπὶ
1897 512 2004 565 τῶν

360 601 567 672 καιρῶν
595 602 702 655 τῶν
730 601 995 655 Ἰουδαίων
1026 601 1125 653 οὐκ
1141 600 1206 654 ἀν
1232 616 1313 662 τις
1340 600 1436 653 ίδοι
1466 599 1844 669 γεγενημένον,
1873 596 2005 651 ἀλλά

358 688 661 741 τούναντίον
683 688 845 742 ἅπαν.
867 687 940 743 Οὐ
962 688 1069 759 γάρ
1087 687 1349 740 διέλειπον
1369 686 1582 740 ἅπαντα
1610 685 1709 753 τῆς
1738 684 2005 747 πολιτείας

360 774 536 826 αὐτῶν
569 775 659 827 τὸν
696 774 883 845 καιρὸν
927 773 1283 844 πολεμοῦντες
1326 774 1420 826 καὶ
1451 770 1868 841 πολεμούμενοι,
1908 772 2002 823 καὶ

356 859 442 911 διά
476 859 685 931 μακροῦ
717 860 810 913 καὶ
847 860 914 921 δι’
953 859 1129 928 ὀλίγου
1160 859 1268 913 τῶν
1300 857 1569 928 πολεμίων
1604 857 1783 919 αὐτοῖς
1820 856 1999 908 ἐπιόνο

356 963 484 999 των.
522 947 629 999 Καὶ
664 947 771 1016 γάρ
808 948 856 999 οί
887 947 945 1000 ἐν
976 946 1112 1017 αὐτῇ
1146 946 1210 1016 τῆ
1254 943 1583 1016 Παλαιστίνῃ
1610 940 1819 1013 χαλεπά
1856 942 1998 1013 πρά-

354 1050 539 1103 γματα
561 1032 830 1105 παρέσχον
850 1034 1030 1095 αὐτοῖς
1053 1031 1329 1096 πολλάκις,
1358 1030 1599 1100 καὶπερὶ
1625 1028 1732 1105 τῶν
1762 1028 1999 1097 ἐσχάτων

364 1119 748 1189 ἐπεκρέμασαν
774 1118 1012 1173 κίνδυνον
1034 1129 1083 1173 ι.

420 1281 485 1328 ε’.
518 1275 628 1328 Kal
652 1273 822 1327 ταῦτα
853 1273 1003 1344 δηλοῖ
1033 1273 1132 1343 μὲν
1163 1272 1198 1344 ή
1216 1271 1323 1325 τῶν
1354 1269 1637 1341 βασιλειῶν
1663 1268 1867 1339 ἱστορία
1900 1284 1993 1322 σσ-

351 1360 489 1430 φῶς.
516 1362 609 1431 ὅλη
640 1361 708 1415 δι’
747 1361 875 1430 δλης
908 1362 973 1413 ἐκ
1013 1359 1261 1429 πολέμων
1296 1358 1625 1428 ὑφαινομένη
1650 1375 1664 1389 ·
1693 1356 1908 1425 δηλοῦσι
1939 1355 1996 1408 δέ

349 1447 399 1500 οί
428 1447 701 1517 προφῆται
730 1446 948 1509 πάντες,
972 1444 1042 1497 τά
1062 1444 1323 1515 γενόμενα
1348 1443 1773 1511 ἀπαγγέλλοντες
1802 1440 1993 1503 ταῦτα,

350 1533 441 1589 καὶ
475 1534 603 1603 πρὶν
630 1533 663 1602 ἢ
686 1531 933 1600 γενέσθαι
956 1530 1461 1601 προαναφωνοῦντες
1478 1546 1493 1561 ·
1517 1528 1694 1595 καὶηέξ
1718 1528 1904 1596 αὐτῆς,
1920 1528 1994 1590 ὡς

349 1622 541 1682 είπείν,
569 1620 667 1690 τῆς
694 1619 919 1690 ἡμέρας,
942 1612 1009 1690 ἧς
1040 1616 1427 1687 ἀπηλλάγησαν
1450 1615 1550 1685 τῆς
1572 1615 1880 1683 Αἰγυπτίων
1905 1632 1990 1666 τυ-

349 1706 698 1777 ραννίδοςιέν
738 1703 988 1775 πολέμοις
1018 1703 1107 1756 τὸν
1134 1702 1349 1756 ἅπαντα
1376 1700 1566 1771 χρόνον
1596 1700 1851 1755 ἐϐίωσαν.

430 1859 567 1912 Ἀλλ’
604 1858 721 1928 οὐχὶ
749 1856 841 1909 νῦν
878 1855 1065 1919 οὕτως,
1097 1854 1231 1909 ἀλλά
1258 1852 1421 1924 πολλὴ
1445 1852 1585 1906 κατὰ
1613 1852 1711 1922 τὴν
1737 1854 1992 1923 οίκουμέ-

344 1963 444 2016 νην
469 1945 676 2014 εἰρήνη.
695 1945 754 1996 El
773 1943 828 1996 δέ
847 1959 989 2005 τινες
1016 1940 1254 2010 γίνονται
1275 1940 1517 2010 πόλεμοι,
1534 1938 1648 1991 ἀλλ’
1671 1939 1768 2007 οὐχ
1796 1940 1994 2008 ὁμοίως

345 2031 423 2093 ὡς
444 2031 727 2109 πρότερον.
743 2029 875 2082 Τότε
904 2029 999 2099 μὲν
1022 2026 1130 2097 γάρ
1155 2026 1249 2081 καὶ
1268 2025 1451 2088 πόλεις
1474 2025 1678 2089 πόλεσι,
1702 2026 1795 2077 καὶ
1820 2024 1991 2095 χῶραι

345 2119 569 2188 χώραις,
600 2118 694 2170 καὶ
726 2115 887 2184 δῆμοι
931 2115 1359 2185 συνερρήγνυντο
1389 2113 1600 2183 δήμοις,
1630 2113 1724 2164 καὶ
1754 2112 1902 2173 ἔθνος
1934 2112 1992 2164 ἐν

345 2206 425 2267 είς
455 2202 624 2256 πολλὰ
653 2201 957 2271 διετέμνετο
985 2201 1139 2270 μέρη.
1182 2198 1297 2270 [‘25]
1340 2198 1449 2251 Kal
1486 2197 1579 2250 τοῦ
1614 2197 1786 2267 Ἰησοῦ
1820 2197 1882 2250 τὸ
1913 2197 1991 2266 βι-

345 2290 488 2342 ϐλίον
512 2307 596 2353 τις
629 2288 892 2355 ἀναγνοὺς
930 2289 1025 2340 καὶ
1062 2286 1171 2339 τῶν
1217 2284 1451 2355 Κριτῶν,
1485 2283 1685 2337 εἴσεται
1723 2284 1918 2346 πόσους
1954 2284 1987 2353 ή

345 2375 669 2444 Παλαιστίνη
694 2376 753 2426 ἐν
783 2374 974 2444 βραχεῖ
994 2372 1258 2442 πολέμους
1284 2370 1405 2424 τότε
1434 2370 1646 2435 ἐδέξατο
1668 2369 1860 2440 καιρῷ.
1883 2370 1991 2422 Kal

343 2465 406 2518 οὐ
434 2462 590 2516 τοῦτο
617 2462 774 2531 μόνον
791 2456 859 2530 ῆν
885 2458 946 2512 τδ
977 2458 1230 2529 χαλεπὸν,
1254 2457 1366 2510 ἀλλ’
1391 2457 1474 2509 ὅτι
1511 2457 1716 2519 πάντας
1745 2456 1882 2509 ὅπλα
1910 2456 1991 2508 τί-

343 2549 571 2603 θεσθαιι)
591 2549 620 2602 6
645 2547 805 2616 νόμος
833 2544 1103 2608 ἐκέλευσε,
1132 2544 1227 2596 καὶ
1254 2542 1426 2604 οὐδεὶς
1452 2540 1646 2611 ἀτελὴς
1664 2540 1863 2610 ταύτης
1889 2542 1988 2610 τῆς

340 2635 677 2707 λειτουργίας
710 2628 798 2707 ἦν.
836 2632 945 2687 Καὶ
972 2631 1032 2686 ού
1060 2630 1210 2702 παρά
1254 2628 1521 2693 Ἰουδαίοις
1571 2626 1727 2699 μόνον
1771 2623 1922 2693 οὗτος
1958 2631 1986 2684 6

339 2724 502 2793 νόμος
531 2723 768 2793 ἐκράτει,
789 2719 922 2775 ἀλλά
940 2720 1034 2773 καὶ
1055 2716 1327 2786 πανταχοῦ
1348 2719 1446 2787 τῆς
1472 2717 1620 2769 οίκου
1627 2715 1793 2787 μένης
1813 2734 1827 2747 ο
1853 2717 1984 2771 ὅπου

339 2828 403 2879 γε
425 2811 518 2863 καὶ
546 2810 773 2879 ῥήτορες
796 2806 887 2860 καὶ
911 2804 1181 2875 φιλόσοφοι
1204 2803 1460 2873 ἐξωμίδος
1481 2802 1641 2856 πλέον
1667 2802 1816 2855 οὐδὲν
1842 2803 1987 2872 ἔχον-

336 2914 448 2960 τες,
478 2896 711 2965 πολέμου
740 2892 1046 2956 καλοῦντος,
1074 2891 1167 2945 καὶ
1194 2889 1391 2944 ἀσπίδα
1418 2890 1865 2961 μετεχειρίζοντο,
1890 2890 1984 2942 xal

336 2984 427 3037 ἐπὶ
455 2980 807 3053 παρατάξεως
839 2981 1071 3033 ἵσταντο.
1107 2977 1167 3031 ’0
1211 2975 1340 3046 γοῦν
1378 2976 1506 3047 παρ’
1545 2976 1842 3047 ’Δθηναίοις
1876 2977 1982 3046 μά-

335 3068 493 3124 λιστα
515 3068 733 3139 λάμψας
757 3062 1181 3137 ἀπραγμοσύνης
1202 3063 1384 3115 ἔνεκεν
1408 3063 1502 3116 καὶ
1536 3062 1844 3134 φιλοσοφίας
1873 3064 1983 3116 Σω-

335 3156 543 3227 κράτης
560 3157 589 3209 6
605 3153 977 3223 Σωφρονίσκου
1010 3150 1102 3204 καὶ
1125 3149 1269 3215 άπαξ
1300 3148 1394 3202 καὶ
1418 3149 1499 3211 δὶς
1514 3148 1607 3202 ἐπὶ
1628 3149 1983 3219 παρατάξεως

331 3242 481 3313 ἔστη.
514 3241 623 3294 Kal
653 3240 761 3293 τῶν
808 3237 1050 3308 ρητόρων
1079 3235 1189 3288 τῶν
1235 3235 1360 3304 παρ’
1390 3235 1571 3298 αὐτοῖς
1597 3234 1659 3287 τὸ
1694 3235 1983 3303 κεφάλαιον

332 3328 681 3400 Δημοσθένης
728 3325 835 3380 ἀπὸ
876 3323 970 3377 τοῦ
1024 3322 1265 3394 βήματος
1294 3322 1387 3374 ἐπὶ
1426 3321 1517 3375 τὸν
1559 3321 1790 3392 πόλεμον
1837 3321 1981 3394 ἐξῄει

331 3415 609 3477 πολλάκις.
641 3415 703 3466 El
727 3412 784 3465 δέ
818 3411 1052 3483 ῥήτορας
1081 3410 1176 3463 xal
1209 3408 1526 3477 φιλοσόφους
1552 3408 1725 3472 οὐδεὶς
1752 3408 1981 3481 ἐξῄρητο

330 3503 493 3572 νόμος
517 3500 610 3554 τοῦ
642 3499 912 3568 πολεμεῖν,
942 3495 1102 3566 σχολῇ
1132 3512 1195 3563 γε
1220 3495 1405 3565 ἕτερός
1429 3511 1512 3558 τις
1536 3493 1629 3547 τοῦ
1652 3494 1822 3565 δήμου
1847 3491 1981 3549 ταύὲ

329 3606 431 3659 της
459 3587 740 3657 ἀπήλαυσε
768 3586 866 3655 τῆς
891 3582 1157 3646 ἀτελείας.
1187 3581 1322 3635 Ἀλλ’
1342 3582 1459 3652 οὐχὶ
1484 3581 1687 3635 τούτων
1709 3583 1858 3637 οὐδὲν
1885 3584 1979 3638 νῦν

330 3677 609 3747 γινόμενον
664 3674 762 3726 ίδοι
799 3688 883 3735 τις
910 3672 996 3727 ἀν.
1037 3669 1255 3747 Ἐπειδὴ
1293 3669 1399 3737 γὰρ
1432 3671 1462 3723 6
1502 3672 1601 3740 τῆς
1638 3670 1978 3741 δικαιοσύνης

329 3763 567 3833 ἔλαμψεν
605 3760 773 3831 ήλιος,
816 3759 909 3812 καὶ
945 3756 1127 3820 πόλεις
1170 3756 1265 3810 καὶ
1307 3757 1467 3826 δῆμοι
1509 3755 1601 3809 καὶ
1634 3756 1758 3827 ἔθνη
1802 3758 1979 3814 πάντα

330 3848 579 3903 τοσοῦτον
620 3845 880 3914 ἀπέχουσι
918 3841 1013 3896 τοῦ
1048 3842 1146 3912 ζῇν
1189 3844 1246 3895 ἐν
1288 3841 1549 3904 κινδύνοις
1587 3841 1867 3905 τοιούτοις,
1896 3844 1977 3897 ὃτι

328 3935 449 3989 οὐδὲ
473 3929 941 4002 μεταχειρίζεσθαί
964 3946 1016 3982 τι
1039 3928 1146 3981 τῶν
1171 3928 1476 3997 πολεμικῶν
1500 3928 1695 3991 ἴσασιν,
1716 3928 1829 3981 ἀλλ’
1848 3929 1977 3982 εἴσω

330 4022 537 4076 πόλεων
565 4019 656 4072 καὶ
683 4017 875 4087 τειχῶν
902 4012 1229 4085 καθήμενοι,
1260 4014 1447 4085 πόρρω
1474 4013 1541 4066 τὰ
1578 4014 1687 4065 τῶν
1726 4013 1977 4083 πολέμων

331 4107 657 4180 μανθάνουσι
686 4105 1001 4175 πράγματα,
1022 4101 1117 4155 καὶ
1141 4101 1307 4171 δῆμος
1335 4101 1478 4163 ἀπας
1501 4101 1557 4153 ἐν
1583 4100 1859 4172 ἐλευθερίᾳ
1886 4100 1973 4171 ζῇ,

328 4200 421 4252 καὶ
458 4197 673 4268 ἀτελείᾳ
712 4197 809 4263 τῆς
848 4194 1175 4266 πικροτάτης
1210 4192 1412 4261 ταύτης
1438 4192 1796 4262 λειτουργίας.
1828 4194 1889 4245 El
1919 4192 1975 4245 δέ

329 4301 431 4338 που
462 4284 553 4336 καὶ
579 4281 671 4334 νῦν
703 4282 976 4349 γίγνονται
1005 4280 1247 4349 πόλεμοι,
1278 4279 1464 4349 πόρρω
1494 4296 1593 4332 που
1632 4280 1725 4332 καὶ
1756 4280 1887 4350 πρὸς
1909 4280 1975 4333 τά

328 4370 528 4441 ἔσχατα
550 4372 649 4439 τῆς
677 4367 958 4437 Ῥωμαίων
985 4367 1178 4437 ἀρχῆς,
1204 4366 1265 4418 ού
1299 4366 1438 4418 κατά
1471 4366 1621 4419 πόλιν
1648 4365 1740 4418 καὶ
1772 4367 1971 4437 χώραν,

326 4459 402 4521 ὡς
435 4455 754 4526 ἔμπροσθεν.
792 4454 923 4506 Τότε
956 4453 1051 4522 μὲν
1084 4452 1211 4522 γὰρ,
1251 4450 1324 4514 ὡς
1351 4450 1518 4521 ἔφθην
1563 4450 1752 4514 είπὼν,
1797 4456 1889 4505 καὶ
1918 4456 1973 4505 ἐν

328 4544 409 4597 ἐνὶ
443 4541 582 4594 ἔθνει
619 4538 804 4610 μυρίαι
841 4537 1076 4607 συνεχῶς
1110 4538 1501 4600 ἐπαναστάσεις
1538 4538 1840 4606 ἐγίγνοντο,
1881 4541 1973 4593 καὶ

327 4628 738 4699 πολυπρόσωποι
771 4625 1020 4695 πόλεμοι·
1057 4624 1172 4676 νυνὶ
1209 4623 1265 4675 δὲ
1292 4624 1421 4694 ὅσην
1471 4623 1619 4693 ἥλιος
1670 4627 1839 4697 ἐφορᾷ
1874 4629 1973 4697 γῆν

324 4716 433 4771 ἀπὸ
467 4715 560 4769 τοῦ
598 4712 859 4786 Τίγρητος
891 4711 983 4765 ἐπὶ
1026 4710 1124 4774 τάς
1173 4710 1532 4781 Βρεττανικὰς
1576 4712 1787 4781 νήσους,
1836 4713 1971 4784 αὐτὴ

326 4801 491 4861 πᾶσα,
512 4797 603 4851 καὶ
630 4795 766 4867 μετά
784 4794 983 4864 ταύτης
1007 4793 1199 4863 Λιϐύη,
1222 4794 1314 4846 καὶ
1341 4794 1630 4862 Αἴγυπτος,
1661 4794 1752 4847 καὶ
1777 4795 1973 4847 Παλαι-

325 4886 519 4940 στινῶν
564 4884 741 4949 ἔθνος,
781 4882 977 4953 μᾶλλον
1024 4881 1080 4934 δὲ
1125 4881 1267 4934 ἀπαν
1309 4880 1370 4933 τὸ
1408 4880 1511 4934 ὑπὸ
1554 4880 1650 4951 τὴν
1692 4881 1972 4950 Ῥωμαίων

325 4971 496 5043 ἀρχὴν
539 4970 826 5040 κείμενονε
851 4984 865 4999 ³
907 4968 1019 5020 ίστε
1049 4968 1107 5021 δέ
1142 4967 1216 5030 ὡς
1262 4960 1417 5020 αῦται
1464 4969 1520 5021 αἱ
1564 4967 1744 5031 πόλεις
1789 4969 1969 5032 ἀδείας

327 5059 653 5116 ἀπολαύουσι
691 5059 868 5122 πάσης
891 5097 905 5121 ,
950 5059 1086 5129 ἀκοῇ
1135 5058 1259 5121 τοὺς
1305 5058 1569 5126 πολέμους
1613 5060 1970 5130 μανθάνουσαι

385 5298 415 5330 ⁸
440 5295 559 5358 Reg.
593 5293 697 5358 περὶ
725 5294 809 5343 τὸν
847 5294 1062 5358 ἔσχατον,
1084 5294 1403 5358 ἐπεκρέμασαν
1427 5294 1664 5358 *κίνδυνοι
1688 5295 1853 5358 Lectio
1875 5310 1967 5345 non

322 5355 616 5421 aperneﬁda.
647 5355 745 5421 Sgd
782 5355 935 5421 sum
965 5357 1178 5421 Δι’(ειίηεξιή
1201 5355 1401 5415 ’ροιιξειι⁸
1426 5355 1576 5421 Paulo
1613 5366 1719 5416 post
1746 5356 1893 5421 Savil.
1917 5360 1970 5406 ἐκ

323 5416 577 5481 πολεμίων,
620 5418 708 5465 sed
745 5416 923 5466 melius
960 5416 1013 5463 ἐκ
1055 5416 1291 5477 πολέμων,
1363 5422 1417 5464 ut
1461 5418 1568 5478 ipse
1595 5423 1728 5465 notat
1751 5419 1799 5466 in
1847 5433 1971 5467 mar-

322 5482 459 5543 gine.

384 5538 412 5578 δ
434 5539 597 5588 Ὅπλα
617 5539 817 5586 τίθεσθαι
841 5538 1032 5587 videtur
1072 5534 1365 5605 gigpiﬂcare,
1407 5550 1545 5587 arma
1565 5550 1738 5605 ponere
1760 5545 1851 5605 ;_at
1891 5539 1971 5587 hic

323 5605 419 5677 ait:
444 5611 580 5677 aqua
602 5612 805 5677 inmersa.
830 5610 943 5677 Auge
963 5602 1113 5648 armis
1145 5602 1408 5677 ἐπείνωνή
1442 5606 1495 5646 ut
1520 5612 1581 5677 εὶι
1624 5602 1755 5649 serie
1796 5602 1967 5661 liquet.

352 5661 534 5768 Εξωῐμίς
558 5660 675 5735 inn?
699 5667 774 5707 est
794 5658 950 5743 abolla
973 5670 1060 5728 squ
1090 5657 1289 5730 pallium
1311 5657 1714 5734 ρὴἰιοεορὴοζκηι.
1847 5657 1863 5661 “
1922 5722 1932 5732 _

357 5782 367 5789 .
424 5782 451 5789 ﬂ
482 5727 557 5767 ost
578 5736 785 5789 κείμενον
806 5721 947 5768 deest
969 5718 1169 5789 aliquid,
1194 5726 1247 5789 iul
1270 5722 1317 5767 έν
1339 5722 1503 5789 εἰρηνῃ
1542 5720 1706 5783 διαγει,
1739 5722 1813 5771 vel
1851 5734 1966 5782 quia

329 5782 506 5842 simile,
530 5783 655 5843 quod
681 5796 765 5830 nos
786 5785 1112 5836 expressimus
1136 5781 1524 5843 interpretando.

2051 390 2063 401 ,
2112 343 2289 411 μόνον.
2328 344 2581 397 Ὶῐδύνατο
2634 344 2730 414 μέν
2762 343 2870 413 γάρ
2917 340 3011 394 καὶ
3042 342 3109 395 τά
3156 343 3385 412 λείψανα
3433 345 3653 398 καθελεῖ

2107 429 2356 496 Χριστὸς,
2400 430 2511 482 ἀλλ’
2541 430 2716 497 ἀφῆκε
2766 429 3136 500 σωφρονισμοῦ
3169 447 3308 493 τινος
3340 431 3592 483 ὑπόθεσιν
3639 450 3654 479 -.

2106 516 2422 585 ῥᾳθυμοῦσι,
2444 518 2536 569 καὶ
2565 517 2666 569 ὑπὸ
2690 517 2786 585 τῆς
2809 517 3026 587 είρήνης
3058 510 3391 585 χαυνοτέροις
3418 520 3654 587 γινομένη

2102 604 2209 652 τῶν
2236 602 2518 673 βαρϐάρων
2550 597 2684 654 εἶναι
2714 602 2810 663 τὰς
2844 602 3156 672 ἐπιδρομάς.
3188 604 3292 654 Kal
3321 604 3349 652 6
3378 608 3654 673 προφήτης

2102 689 2211 749 τοῖς
2253 688 2563 757 δυναμένοις
2604 688 2841 759 ἀκριϐῶς
2895 688 3119 740 συνιδεῖν
3152 689 3282 739 αὐτὸ
3312 689 3464 742 τοῦτο
3504 692 3654 761 ᾑνίξο

2105 773 2239 843 ὅπερ
2261 774 2428 844 ἔφθην
2472 773 2658 838 εἰπὼν,
2689 775 2747 825 τὸ
2804 774 2994 843 μηκέτι
3024 773 3121 836 τάς
3158 774 3221 826 δι’
3252 775 3427 841 ὀλίγου
3463 778 3654 843 γίγνεσ

2103 861 2509 924 ἐπαναστάσεις.
2540 860 2613 912 Ού
2642 859 2748 929 γάρ
2785 854 2954 918 εἶπεν.
2975 861 3089 915 Οὐκ
3111 859 3258 912 ἔσται
3285 861 3513 929 πόλεμος
3538 880 3654 914 παν

2100 946 2227 1009 λῶς,
2259 947 2392 1000 ἀλλά
2409 947 2461 999 τί
2480 964 2494 1012 ;
2526 950 2607 1001 Οὐ
2625 944 2710 1015 μὴ
2731 946 2843 1014 ἄρῃ
2863 947 3034 1010 ἔθνος
3058 946 3146 998 ἐπ’
3178 947 3349 1012 ἔθνος
3373 949 3654 1016 μάχαιραι

2098 1034 2191 1086 καὶ
2221 1033 2317 1103 τὴν
2349 1034 2455 1087 τῶν
2480 1034 2663 1103 δήμων
2696 1033 2999 1104 ἐλευθερίαν
3030 1033 3403 1103 προστέθεικεν
3432 1037 3625 1099 είπὼν,

2092 1118 2177 1187 μὴ
2200 1119 2471 1187 μάθωσιν
2495 1120 2580 1172 ἔτι
2610 1120 2890 1187 πολεμεῖν
2908 1159 2921 1181 ,
2958 1118 3091 1188 πλὴν
3121 1120 3310 1186 ὀλίγων
3347 1120 3452 1171 τῶν
3478 1124 3557 1185 είς
3587 1140 3652 1173 το

2094 1207 2435 1274 τεταγμένων
2481 1208 2842 1277 στρατιωτῶν.
2881 1206 2989 1259 Kal
3038 1208 3153 1260 νῦν
3202 1207 3319 1269 σὺ,
3357 1210 3389 1260 ὁ
3420 1204 3585 1273 οἷκος
3642 1228 3654 1261 ι

2107 1291 2314 1347 Ἰακὼό
2330 1336 2342 1357 ,
2382 1292 2552 1345 δεῦτε
2566 1335 2580 1359 ,
2629 1293 2726 1345 καὶ
2773 1293 3148 1361 πορευθῶμεν
3159 1292 3228 1349 ἐν
3246 1290 3327 1358 τῷ
3338 1296 3484 1369 φωτὶ
3497 1298 3651 1363 Kvp/

2107 1378 2319 1443 Ἀνῆκε
2350 1378 2457 1447 γὰρ
2486 1378 2590 1431 τὸν
2614 1378 2766 1432 λαὸν
2801 1380 2983 1432 αὐτοῦ
3004 1419 3019 1442 ,
3048 1380 3154 1434 τὸν
3184 1377 3349 1433 οἶκον
3378 1382 3481 1435 τοῦ
3511 1384 3653 1436 ἰαχι

2106 1463 2433 1533 Ἀπαρτίσας
2456 1465 2552 1534 τὴν
2584 1466 2825 1535 περὶτῆς
2855 1466 3175 1535 Ἐκκλησίας
3201 1468 3551 1537 προφητείαν,
3577 1471 3653 1519 πά

2092 1551 2184 1603 ἐπὶ
2220 1551 2317 1619 τὴν
2346 1552 2582 1620 ἱστορίαν
2609 1552 2938 1621 μεταϐαίνει,
2970 1552 3043 1615 ὡς
3061 1553 3123 1624 δὴ
3152 1552 3258 1605 τῶν
3286 1553 3397 1625 [ἳϐ]
3432 1554 3649 1607 ἀκολούν

2094 1637 2347 1706 ἐχόμενος
2387 1638 2663 1707 ῥημάτων.
2712 1639 2961 1692 Τοιοῦτον
2995 1640 3101 1711 γὰρ
3137 1640 3254 1703 ἔθος
3294 1641 3505 1703 αὐτοῖς,
3562 1642 3644 1710 μὴ

2093 1724 2197 1776 τῶν
2217 1724 2515 1794 είρημένων
2544 1725 2809 1797 ἀσφαλείᾳ
2833 1738 2856 1764 θ
2881 1727 3056 1796 μόνον,
3090 1727 3222 1779 ἀλλά
3257 1728 3349 1780 καὶ
3381 1728 3455 1797 τῷ
3495 1730 3653 1797 σχήμ

2091 1810 2190 1878 τῆς
2220 1809 2532 1873 ἀκολουθίας
2557 1811 2865 1875 συσκιάζειν
2897 1810 2992 1881 τὴν
3016 1812 3366 1882 προφητείαν.
3398 1814 3598 1882 Διόπερ
3626 1834 3653 1865 ο

2093 1894 2491 1964 ἀπηρτισμένον
2522 1898 2663 1947 ποιεῖ
2687 1896 2774 1948 τὸν
2802 1896 2975 1963 λόγον,
3015 1898 3146 1950 ἀλλά
3174 1898 3247 1961 ὡς
3275 1899 3401 1968 μίαν
3419 1901 3537 1952 τινὰ
3563 1901 3654 1951 ελ)

2093 1978 2297 2049 σειρὰν,
2339 1979 2482 2033 οῦτω
2507 1981 2641 2051 πρὸς
2686 1982 2783 2053 τὴν
2819 1981 2926 2034 τῶν
2967 1983 3226 2035 Ἰουδαίων
3262 1984 3535 2037 νουθεσίαν
3572 2003 3653 2053 με

2091 2064 2261 2117 ϐαίνει
2277 2065 2456 2127 πάλιν,
2470 2066 2561 2118 καί
2581 2084 2710 2136 φησι
2726 2084 2739 2097 ο
2759 2067 2865 2121 Καί
2889 2068 3004 2121 νῦν
3026 2068 3127 2130 σὺ,
3145 2072 3177 2122 ὁ
3196 2070 3359 2135 οἶκος
3372 2070 3475 2123 τοῦ
3508 2073 3653 2124 ἰακι

2088 2150 2279 2213 δεῦτε,
2308 2152 2405 2205 καί
2437 2153 2809 2222 πορευθῶμεν
2831 2155 2900 2207 ἐν
2926 2154 3005 2220 τῷ
3035 2156 3175 2223 φωτί
3199 2157 3443 2223 Κυρίου⁶
3468 2158 3653 2209 τουτέε

2088 2240 2205 2300 ταῖς
2246 2239 2483 2302 ἐντολαῖς
2522 2239 2704 2303 αὐτοῦ,
2741 2240 2817 2311 τῷ
2847 2243 2993 2310 νόμῳ
3020 2242 3212 2295 αὐτοῦ’
3239 2244 3471 2311 Λύχνος
3502 2245 3617 2314 γὰρ
3650 2281 3653 2291 ι

2088 2323 2236 2391 τολὴ
2266 2327 2472 2392 νόμου,
2499 2326 2593 2378 καὶ
2620 2325 2745 2393 φῶς
2779 2326 2875 2379 καί
2899 2326 3028 2395 ζωὴ,
3060 2328 3157 2381 καί
3180 2328 3425 2397 ἐλεγχος
3468 2332 3567 2382 καὶ
3609 2349 3653 2380 π

2088 2410 2243 2463 δεία·
2281 2412 2413 2464 καὶὸ
2445 2411 2607 2465 Δαυῒδ
2642 2412 2800 2465 πάλιν
2833 2413 3020 2482 φησίν·
3059 2414 3119 2469 Ἡ
3145 2415 3359 2482 ἐντολὴ
3388 2418 3613 2482 Kvplov
3652 2440 3653 2443 η

2090 2495 2339 2565 λαυγὴς,
2378 2497 2707 2565 φωτίζουσα
2752 2499 3123 2567 ὀφθαλμούς·
3164 2501 3275 2564 καὶ,
3324 2503 3561 2569 Λύχνος
3622 2520 3651 2553 τ

2086 2583 2234 2637 ποσί
2266 2600 2383 2653 μου
2427 2585 2461 2638 ὁ
2506 2584 2687 2653 νόμος
2720 2600 2857 2649 σου,
2897 2586 2994 2639 καὶ
3027 2583 3151 2655 φῶς
3182 2586 3308 2650 ταῖς
3336 2588 3554 2653 τρέσοις
3595 2606 3653 2655 με

2085 2671 2194 2724 Καὶ
2214 2669 2485 2739 πανταχοῦ
2511 2670 2651 2723 οὕτω
2671 2671 2760 2724 τὸν
2788 2672 2947 2741 νόμον
2970 2671 3294 2741 καλούμενον
3315 2672 3513 2725 κατίδοι
3537 2690 3595 2723 τι
3610 2691 3631 2733 ;

2084 2756 2239 2811 Οῦτω
2266 2757 2359 2809 καὶ
2384 2756 2591 2820 Παῦλός
2618 2775 2748 2826 φησι
2771 2776 2783 2788 ·
2817 2756 3108 2822 Πέποιθάς
3129 2775 3189 2810 τε
3224 2758 3481 2811 σεαυτὸν
3508 2758 3654 2825 ὀδτη

2083 2839 2233 2896 εἶναι
2264 2841 2526 2910 τυφλῶν,
2565 2842 2688 2911 φῶς
2713 2843 2829 2897 τῶν
2854 2844 2923 2896 ἐν
2946 2846 3165 2905 σκότει,
3198 2844 3521 2910 παιδευτὴν
3560 2846 3653 2907 ἀφ

2082 2949 2220 2985 νων.
2246 2934 2319 2984 Ού
2352 2930 2457 3000 γὰρ
2489 2930 2659 2993 οὕτως
2692 2932 2746 2983 αἱ
2776 2930 2868 2984 τοῦ
2895 2932 3040 3001 ήλίου
3070 2932 3280 2995 ἀκτῖνες
3305 2931 3653 3001 χειραγωγοῦ

2082 3018 2237 3088 ήμῶν
2267 3017 2360 3071 τοῦ
2393 3017 2640 3087 σώματος
2682 3018 2806 3080 τοὺς
2838 3016 3172 3085 ὀφθαλμοὺς,
3220 3018 3292 3079 ὡς
3325 3018 3379 3069 al
3424 3016 3517 3069 τοῦ
3565 3019 3654 3087 νόε

2081 3107 2289 3161 ἐντολαὶ
2316 3106 2713 3176 ηταυγάζουσι
2741 3106 2808 3159 τὰ
2841 3107 2937 3176 τῆς
2968 3106 3140 3176 ψυχῆς
3170 3106 3406 3175 δμματα.

2151 3261 2224 3329 ς’.
2262 3264 2483 3327 Δεικνὺς
2508 3263 2683 3316 τοίνυν
2708 3264 2736 3316 6
2771 3262 3067 3335 προφήτης,
3106 3262 3186 3314 ὅτι
3218 3262 3311 3314 καὶ
3337 3260 3438 3332 πρὸ
3467 3260 3576 3329 τῆς
3600 3264 3650 3314 ἀι

2077 3349 2292 3414 δόσεως,
2331 3350 2423 3403 καὶ
2454 3349 2559 3420 πρὸ
2588 3350 2687 3419 τῆς
2718 3348 2964 3419 ἀμοιϐῆς,
3004 3350 3061 3401 ἐν
3088 3346 3234 3415 αύτῷ
3265 3346 3341 3416 τῷ
3385 3346 3650 3415 πληροῦσ

2078 3436 2175 3507 τὴν
2224 3436 2456 3506 ἀμοιϐήν
2501 3435 2825 3505 παρέχουσιν
2856 3436 2989 3503 ήμῖν
3028 3433 3084 3486 al
3129 3431 3355 3494 ἐντολαὶ,
3397 3431 3511 3499 φῶς
3564 3435 3641 3485 αὑ

2078 3522 2351 3576 ἐκάλεσεν.
2376 3522 2585 3592 Ὥσπερ
2620 3522 2724 3591 γάρ
2744 3518 3013 3589 ὀφθαλμὸς
3034 3520 3091 3571 ἐν
3119 3518 3265 3588 αὐτῷ
3292 3516 3368 3588 τῷ
3397 3518 3648 3586 φωτίζεσ

2077 3609 2363 3680 κερδαίνει,
2394 3608 2536 3662 οὕτω
2572 3609 2665 3662 καὶ
2700 3607 2842 3677 ψυχὴ
2895 3609 2952 3659 ἐν
2994 3605 3142 3676 αύτῷ
3191 3604 3266 3675 τῷ
3315 3604 3608 3657 πείθεσθαι

2077 3697 2222 3764 νόμῳ
2254 3695 2321 3747 τά
2356 3693 2584 3764 μέγιστα
2636 3693 2958 3765 καρποῦται,
2989 3691 3438 3762 ἐκκαθαιρομένη.
3482 3693 3587 3744 καὶ
3640 3713 3643 3743 τ

2078 3783 2199 3845 κίας
2248 3782 2709 3851 ἀπαλλαττομένη,
2759 3781 2853 3835 καὶ
2901 3781 3033 3851 πρὸς
3084 3779 3251 3849 αὐτὴν
3315 3778 3571 3831 ἀναϐᾶσα

2077 3870 2275 3939 ἀρετήν
2299 3885 2312 3897 θ
2364 3869 2548 3938 ῶσπερ
2582 3864 2674 3921 οῦν
2726 3868 3031 3921 τούναντίον
3065 3867 3113 3919 οί
3162 3864 3602 3936 παραϐαίνοντες

2076 3956 2181 4025 πρὸ
2228 3956 2322 4024 τῆς
2352 3955 2620 4016 κολάσεως
2651 3955 2708 4006 ἐν
2745 3952 2895 4023 αὐτῷ.
2920 3952 2998 4023 τῷ
3029 3951 3384 4023 παραϐαίνειν
3436 3951 3609 4022 δίκην

2074 4041 2243 4104 δόασι,
2272 4041 2379 4093 τῶν
2422 4042 2479 4093 ἐν
2520 4040 2695 4093 σκότει
2726 4039 3043 4110 καθημένων
3081 4037 3402 4107 ἀθλιώτερον
3438 4038 3635 4090 διακεί

2074 4145 2175 4191 νοι,
2199 4128 2360 4197 φόϐου
2390 4129 2481 4181 καὶ
2504 4128 2700 4199 τρόμου
2733 4127 2825 4180 καὶ
2853 4126 3086 4196 πονηροῦ
3110 4126 3369 4195 γέμοντες
3396 4126 3638 4177 συνειδό-

2076 4216 2170 4269 καὶ
2202 4217 2259 4267 ἐν
2282 4215 2593 4286 μεσημϐρίᾳ
2623 4214 2761 4287 μέσῃ
2793 4213 3085 4276 δεδοικότες
3117 4213 3209 4265 καὶ
3231 4212 3522 4282 τρέμοντες
3558 4214 3638 4265 ἆπ

2074 4319 2190 4365 τας,
2214 4304 2336 4363 τοὺς
2369 4301 2687 4362 συνειδότας,
2704 4300 2827 4361 τοὺς
2848 4300 2996 4351 οὐδὲν
3018 4299 3338 4359 συνειδότας.
3372 4297 3595 4365 ’Δνῆκε

2074 4388 2180 4440 τόν
2228 4388 2381 4441 λαὸν
2428 4386 2634 4448 αὑτοῦ,
2675 4386 2780 4438 τὸν
2814 4381 2980 4438 οἷκον
3005 4384 3111 4438 τοῦ
3160 4382 3355 4438 Ἰακώϐ
3374 4400 3386 4413 ⁸
3418 4387 3635 4437 τουτέσ-

2074 4472 2272 4534 είασεν,
2308 4473 2502 4542 ἀφῆκε,
2535 4472 2775 4542 παρεῖδε,
2808 4471 2904 4541 τῆς
2926 4470 3088 4523 αὑτοῦ
3111 4471 3357 4541 προνοίας
3380 4469 3633 4539 ἐγύμνωτ

2074 4555 2204 4628 Εἶτα
2230 4559 2485 4628 φοϐήσας,
2517 4558 2672 4628 λέγει,
2714 4558 2804 4611 καὶ
2846 4556 2941 4628 τὴν
2974 4556 3168 4628 αἰτίαν.
3197 4556 3332 4628 ὥστε
3362 4557 3567 4628 αύτοίις
3600 4560 3631 4611 δ

2074 4621 2252 4679 θῶσαι
2292 4621 2364 4679 τίί
2409 4621 2763 4697 γεγενημένα.
2805 4621 2910 4687 Τίς
2945 4621 3035 4679 οὖν
3084 4628 3229 4678 ἐστιν
3272 4627 3303 4694 ἡ
3358 4625 3543 4691 αίτίας
3605 4628 3631 4645 "

2070 4713 2410 4779 ἐνεπλήσθη
2436 4716 2472 4781 ἡ
2507 4714 2661 4781 χώρα
2700 4711 2895 4767 αὐτῶν
2926 4709 3361 4779 κληδονίσμῶν.
3406 4712 3487 4776 ὡς
3529 4714 3573 4777 ἢ
3624 4735 3629 4745 ⁴

2070 4800 2449 4868 ἀλλοφύλων,
2479 4800 2819 4869 Ἐμπροσθεν
2843 4799 2937 4869 μὲν
2970 4800 3075 4868 γάρ
3099 4798 3397 4865 καπηλείαν
3418 4798 3625 4862 αὐτοῖς

2072 4886 2431 4957 φιλαργυρίαν
2459 4888 2551 4939 καὶ
2583 4887 2689 4939 τῶν
2730 4886 2910 4957 χηρῶν
2959 4886 3255 4954 ὑπεροψίαν
3294 4885 3545 4938 ἐνεκάλει
3576 4905 3593 4917 ο

2071 4973 2317 5027 ταῦθαδὲ
2344 4974 2436 5026 καὶ
2482 4973 2722 5042 δόγματα
2761 4970 2989 5041 πονηρὰ,
3038 4972 3128 5022 κσὲι
3168 4970 3415 5032 ἀσεϐείας
3468 4970 3628 5041 λείψι

2070 5060 2209 5113 κατά
2255 5059 2444 5130 μικρὸν
2482 5059 2674 5122 αὐτοὺς
2707 5057 3040 5125 ὑποσύροντα
3074 5056 3207 5127 πρὸς
3247 5056 3341 5124 τὴν
3383 5056 3493 5107 τῶν
3534 5059 3626 5111 δαι

2069 5164 2173 5198 νων
2218 5146 2440 5214 πλάνην.
2468 5140 2597 5197 Εἶτα
2627 5142 3043 5212 καθικνούμενος
3070 5142 3268 5203 αὐτῶν,
3313 5142 3409 5192 ούκ
3450 5137 3624 5196 εἶπεν

2071 5232 2462 5304 κλῃδονίζονται
2511 5230 2710 5293 ἁπλῶς,
2767 5229 2876 5282 ἀλλ’
2926 5230 3004 5281 ὅτι
3065 5226 3436 5292 Ἐνεπλήσθη
3482 5230 3527 5295 ἡ
3574 5248 3624 5298 χι

2068 5320 2282 5373 αὐτῶν.
2330 5319 2483 5371 Μετά
2511 5317 2706 5387 πολλῆς
2731 5316 3031 5387 ὑπερϐολῆς
3064 5315 3096 5385 ἡ
3137 5313 3297 5366 κακία
3327 5313 3514 5365 αὐτῶν
3572 5334 3621 5369 π

2069 5406 2279 5477 ηὔξετο,
2312 5406 2492 5475 φησίν.
2519 5405 2727 5474 Ὥσπερ
2753 5402 3004 5472 ἀνωτέρω
3029 5401 3201 5468 ἔλεγε,
3221 5399 3378 5463 Λαὸς,
3403 5399 3507 5469 οὐχ
3541 5403 3622 5455 ἀπ

2130 5661 2156 5700 τι
2187 5662 2307 5721 Reg.
2344 5665 2395 5721 el
2433 5660 2578 5708 Savil.
2621 5659 2710 5721 ἄρῃ
2749 5658 2872 5721 ἔθνος
2909 5658 2981 5704 ἐπ’
3006 5657 3128 5712 ἔθνος
3165 5654 3414 5719 μάχαιραν,
3456 5666 3618 5706 recte

2070 5725 2237 5773 Morel.
2267 5720 2488 5769 Editione
2510 5722 2581 5767 ἐπ’
2602 5721 2724 5773 ἔθνος
2745 5720 2929 5765 deerat.

2130 5787 2147 5805 ‘
2169 5788 2375 5833 Adetius
2400 5783 2656 5839 tvgvudmn
2680 5787 2815 5841 pulal
2839 5778 3056 5839 ἀσαφεῖᾳ,
