3674 6276
2260 188 2289 200 ,-

140 249 182 305 εις
378 205 409 213 ’⁷
480 227 493 233 ’
960 198 973 202 ’ί
1357 240 1421 298 IN
1448 238 1635 297 lSAlAl

1803 240 1889 302 ιιι.
1927 244 1992 304 ΙΙ.
2576 270 2581 275 ’
2852 314 2853 317 η
3263 256 3332 315 54

134 365 341 425 Μαίαςιῖ
387 362 499 419 Pax
549 373 607 420 et
647 362 908 420 bellorum
939 362 1232 435 abrogatio.
1261 360 1486 431 Quando
1532 360 1647 415 lucc

132 460 401 527 mtingent,
431 456 644 527 inquit,
687 466 833 511 tanta
879 456 1064 510 orbem
1115 455 1343 524 excipiet
1387 454 1646 525 tranquil-

132 556 223 614 lius,
260 559 311 604 ut
348 549 511 602 etiam
550 549 742 604 bellica
784 563 931 602 arma
977 548 1028 602 in
1070 546 1407 617 agricultura;
1452 546 1649 599 instru—

130 652 251 695 uetita
272 639 563 694 cudantur:
594 639 733 709 quod
765 639 817 694 in
856 638 1161 694 Judzeorum
1205 636 1533 706 temporibus
1554 649 1647 690 ac-

128 736 261 788 nzlisse
285 746 381 785 non
408 731 716 800 comperies
745 751 758 785 :
792 730 902 784 imo
925 744 1011 785 res
1038 729 1089 783 in
1129 728 1456 783 contrarium
1495 726 1644 780 abiit.

129 827 202 879 Non
219 830 473 877 cessarunt
491 822 641 876 enim
670 836 762 890 per
785 830 949 875 totum
974 820 1276 889 reipublicae
1296 833 1408 873 suae
1438 827 1647 886 tempus

130 918 216 971 Μὴ
253 914 433 969 inferre
486 922 546 968 et
593 914 748 969 bellis
799 913 1003 982 impoti,
1035 911 1280 966 hostibus
1327 911 1446 965 illos
1484 910 1646 964 modo

126 1008 279 1069 diutius,
302 1007 455 1060 modo
495 1007 779 1061 remissius
824 1004 1214 1059 invadentibus.
1259 1002 1471 1057 Etenim
1500 1002 1589 1071 qui
1614 1015 1645 1056 e

127 1102 245 1157 vian
269 1098 593 1164 habitabant,
615 1100 723 1153 imo
750 1100 907 1152 etiam
933 1097 1019 1168 qui
1046 1097 1101 1151 in
1133 1096 1437 1162 Palaestina,
1464 1094 1643 1166 gravia

126 1195 208 1259 ipsis
245 1206 371 1259 sape
413 1190 634 1262 negotia
681 1189 1033 1257 lacessebant,
1073 1190 1145 1245 ita
1194 1197 1253 1243 ut
1296 1187 1363 1243 de
1392 1187 1644 1243 extremis

127 1283 495 1356 periclitareutur.

166 1378 202 1428 5.
234 1375 288 1427 Et
313 1373 423 1427 hrcc
453 1372 740 1442 perspicue
768 1370 1003 1427 declarat
1036 1370 1341 1440 Regnorum
1369 1369 1588 1424 historia
1619 1409 1637 1437 ,

127 1478 191 1519 tata
212 1465 340 1518 bellis
364 1472 663 1518 contexta:
687 1462 972 1519 ostendunt
991 1462 1115 1516 item
1140 1462 1411 1531 propheta:
1431 1476 1638 1527 omnes,

126 1558 443 1624 {gniheegesta
482 1555 807 1621 narrabant,
854 1562 908 1609 et
954 1561 1237 1624 antequam
1284 1552 1472 1607 ﬁerent
1501 1567 1640 1622 praz-
1677 1620 1681 1625 ’

127 1649 360 1703 nuntiabant
389 1666 403 1701 :
437 1659 493 1703 et
518 1664 593 1703 ex
626 1649 742 1713 illa,
794 1658 847 1703 ut
880 1649 950 1702 ita
976 1648 1148 1703 dicam
1173 1690 1189 1712 ,
1232 1648 1319 1703 die
1343 1663 1443 1717 qua
1471 1648 1640 1716 erepti

127 1753 201 1795 sint
215 1757 266 1795 ex
290 1741 500 1812 Egypti
532 1740 837 1812 tyrannide,
856 1750 1019 1796 totam
1036 1741 1199 1794 vitam
1220 1739 1271 1795 in
1294 1739 1446 1795 bellis
1467 1748 1641 1794 trans-

123 1842 293 1901 ῳτιιηι.

167 1927 332 1995 lupa-ii
345 1938 508 1980 status
529 1943 650 1980 cum
676 1925 1058 1998 Chrysostomus
1079 1926 1380 1997 loqueretur.
1406 1925 1486 1980 De
1509 1926 1638 1981 bello

125 2021 211 2088 apud
240 2019 439 2086 populos
484 2020 824 2090 antiquiores.
852 2051 923 2060 —-
946 2020 1138 2074 Verum
1178 2036 1317 2075 nunc
1344 2035 1449 2074 non
1480 2020 1551 2074 ita
1578 2035 1638 2075 se

129 2129 177 2166 res
208 2112 384 2166 habet:
417 2111 515 2166 sed
564 2127 756 2181 magna
797 2128 897 2181 pax
939 2128 1034 2182 per
1073 2113 1278 2167 orhent.
1308 2112 1375 2167 Et
1416 2113 1459 2166 si
1499 2111 1636 2168 bella

128 2203 294 2271 qudam
320 2205 570 2257 oriuntur
592 2245 610 2269 ,
641 2218 746 2258 non
773 2204 994 2274 perinde
1023 2212 1077 2258 ut
1112 2206 1279 2273 prius.
1321 2204 1468 2259 Tunc
1492 2206 1635 2259 enim

127 2297 295 2350 civitates
322 2304 504 2349 contra
534 2297 780 2351 civitates
804 2338 820 2361 ,
866 2297 1107 2366 regiones
1132 2308 1314 2351 contra
1354 2298 1630 2368 regiones,

127 2389 241 2455 μημιιί
263 2398 434 2442 contra
458 2388 691 2457 populos
713 2389 1064 2457 conﬂigebant
1094 2406 1108 2441 :
1137 2405 1265 2459 gens
1293 2405 1398 2443 una
1418 2391 1469 2443 in
1496 2391 1634 2444 mul-

128 2493 172 2533 ιδ
190 2488 336 2549 partes
356 2480 725 2535 scindebatur.
750 2483 827 2533 Ac
849 2482 891 2535 si
915 2482 1035 2550 quis
1063 2482 1256 2536 librum
1277 2482 1438 2538 Josue
1463 2493 1514 2540 et
1538 2484 1632 2540 Ju-

126 2572 449 2639 tieumlegerit,
484 2571 626 2624 sciet
650 2580 780 2641 quot
808 2572 941 2625 bella
981 2572 1260 2627 Palmstina
1305 2573 1450 2629 brevi
1498 2584 1634 2631 tem-

127 2676 207 2729 pore
226 2663 519 2732 susceperit.
547 2661 733 2732 Neque
757 2662 807 2715 id
834 2663 1003 2716 solum
1032 2664 1351 2719 incommodi
1375 2676 1510 2735 erat,
1541 2669 1633 2722 sed

126 2753 213 2820 quod
230 2753 298 2806 lex
325 2768 509 2807 omnes
536 2767 687 2806 arma
714 2768 926 2808 sumere
949 2752 1161 2823 juberet
1181 2796 1196 2818 ,
1238 2772 1502 2827 nemoque
1533 2758 1634 2812 im-

127 2844 243 2897 annis
262 2853 389 2898 esset
416 2859 445 2897 a
474 2843 569 2896 tali
595 2842 791 2897 ol'licio.
819 2842 1000 2914 Neque
1026 2854 1228 2899 tantum
1254 2849 1394 2916 apud
1420 2848 1634 2904 Juda'os

128 2937 198 2988 hac
217 2936 281 2990 lex
305 2937 623 3000 invaluerat,
651 2935 747 2991 sed
773 2948 827 2990 et
850 2938 1042 3007 ubique
1073 2947 1333 2994 terrarum
1357 2958 1369 2993 :
1396 2942 1636 3011 quando-

130 3025 271 3091 quidem
300 3036 350 3084 et
389 3028 640 3083 rhetores
684 3035 738 3082 et
776 3027 1110 3098 philoSOphi,
1154 3033 1243 3100 qui
1285 3033 1413 3087 nihil
1442 3043 1636 3102 prmter

130 3119 283 3172 abollam
308 3120 602 3187 habebant,
641 3121 707 3175 ad
736 3121 927 3176 bellum
958 3124 1223 3189 accersiti,
1250 3126 1493 3194 clypeum
1523 3137 1633 3181 tra-

132 3211 298 3276 ctabant,
322 3222 372 3267 et
396 3214 447 3266 in
478 3214 601 3268 acie
624 3214 855 3268 stabant.
886 3214 1016 3269 Nam
1059 3215 1313 3272 Socrates
1338 3219 1634 3288 Sophronio

132 3304 175 3353 sei
193 3303 317 3368 ﬁlius,
344 3303 427 3373 qui
454 3304 529 3358 ob
544 3304 673 3358 vitae
701 3305 1133 3375 tranquillitatem
1159 3317 1215 3362 et
1243 3309 1631 3398 philosophiam

134 3395 217 3460 apud
249 3397 591 3452 Athenienses
630 3398 859 3454 maxime
902 3398 1161 3465 florebat,
1191 3403 1357 3456 semel
1387 3415 1440 3458 et
1459 3395 1551 3459 bis
1579 3406 1631 3461 in

135 3488 201 3540 ade
224 3491 340 3543 stetit
366 3490 384 3560 (
400 3491 487 3561 α).
539 3486 613 3544 Et'
642 3490 913 3545 rhetorum
943 3490 1079 3561 apud
1107 3492 1227 3547 illos
1253 3493 1499 3565 princeps
1530 3499 1633 3552 De-

136 3580 356 3635 mstltenes
376 3598 437 3637 ex
465 3591 726 3654 suggestu
754 3583 819 3637 ad
851 3583 1046 3638 bellum
1071 3598 1214 3654 Stepe
1238 3587 1450 3655 prodiit.
1479 3589 1631 3658 Quod

136 3669 368 3727 sirhetores
386 3684 437 3726 et
462 3674 817 3745 philosophos
845 3675 985 3729 nulla
1012 3676 1094 3730 lex
1122 3677 1388 3734 eximebat
1411 3695 1441 3735 a
1469 3683 1630 3750 bello,

136 3762 182 3814 vix
202 3764 290 3833 quis
315 3767 438 3820 alius
466 3782 497 3821 e
527 3767 728 3837 populo
752 3767 842 3821 tali
871 3766 1199 3824 immunitate
1240 3772 1520 3840 gaudebat.
1565 3777 1634 3828 At

137 3854 218 3908 nhil
252 3856 415 3911 horum
439 3858 555 3927 jam
586 3859 897 3928 conspicere
934 3868 1035 3914 est.
1076 3859 1339 3928 Quoniam
1378 3864 1520 3919 enim
1549 3866 1631 3921 sol

135 3946 276 4012 iutilia:
296 3951 506 4016 refulsit,
539 3966 607 4005 ac
634 3952 894 4017 civitates,
930 3953 1105 4022 populi
1134 3964 1185 4009 et
1210 3965 1397 4033 gentes
1423 3974 1629 4025 omnes,

138 4048 271 4093 tantum
304 4044 440 4097 abest
480 4053 541 4097 ut
571 4044 622 4097 in
653 4042 846 4097 talibus
870 4044 1117 4113 periculis
1143 4046 1344 4111 vivant,
1373 4058 1430 4103 ut
1459 4065 1634 4120 neque

138 4131 261 4185 bellica
276 4149 401 4187 arma
433 4143 667 4190 tractare
688 4135 878 4199 sciant,
901 4136 994 4190 sed
1014 4136 1148 4190 intra
1180 4138 1340 4192 urbes
1365 4148 1420 4194 et
1450 4156 1631 4197 muros

139 4227 327 4291 sedatius,
353 4228 482 4283 bella
506 4229 697 4298 procul
723 4239 873 4298 gesta
898 4230 1115 4283 audiant
1142 4234 1345 4286 narrari
1375 4232 1628 4301 (Maloch.

137 4318 168 4366 t.
188 4316 254 4383 2);
277 4329 497 4388 totusque
520 4321 754 4390 populus
779 4320 832 4374 iit
864 4321 1109 4376 libertate
1135 4324 1292 4390 vivat,
1325 4335 1378 4380 et
1405 4326 1456 4380 in
1483 4343 1633 4382 acer-

137 4407 169 4460 lii
190 4409 305 4479 hujus
328 4412 598 4466 ministerii
631 4412 979 4467 immunitate.
1013 4414 1167 4482 Quod
1192 4416 1236 4468 si
1267 4417 1460 4472 alicubi
1492 4435 1632 4475 nunc

141 4499 227 4552 bella
246 4512 492 4568 gerantur,
521 4517 583 4557 ca
613 4502 799 4572 procul
824 4512 947 4556 sunt
974 4512 1030 4559 et
1057 4504 1107 4557 in
1130 4509 1388 4561 extremis
1424 4510 1631 4578 imperii

141 4589 294 4648 Βοωιυί
316 4595 573 4661 limitibus,
599 4611 708 4649 non
730 4610 824 4664 per
849 4596 1083 4667 singulas
1104 4599 1263 4654 urbes
1284 4610 1337 4655 et
1363 4604 1628 4673 regiones,

143 4686 299 4739 nolim.
340 4689 477 4743 Tunc
504 4690 649 4745 enim
674 4730 689 4755 ,
740 4698 798 4743 ut
820 4689 931 4759 jam
975 4690 1092 4745 disi
1113 4731 1128 4756 ,
1160 4693 1241 4747 vel
1272 4696 1321 4749 iu
1351 4711 1451 4749 una
1472 4708 1631 4767 gente

144 4778 353 4834 mnumerze
370 4795 504 4850 saepe
534 4780 828 4836 seditiones
851 4781 1179 4851 oriebantur,
1201 4795 1255 4839 et
1282 4785 1490 4841 diversa
1518 4790 1631 4843 bel-

145 4870 169 4916 la
188 4886 197 4918 :
216 4886 324 4925 nunc
343 4883 505 4927 autem
530 4883 787 4941 quantum
820 4882 976 4927 terra:
1000 4876 1225 4944 spatium
1252 4878 1331 4931 sol
1361 4881 1575 4948 reSpicit
1600 4895 1631 4936 a

144 4959 287 5029 Tigride
309 4980 457 5034 usque
481 4967 546 5020 ad
578 4965 913 5020 Britannicas
948 4966 1181 5036 insulas,
1228 4970 1337 5039 ipsa
1388 4981 1497 5027 tota
1519 5013 1535 5038 ,
1577 4983 1632 5029 et

147 5070 220 5104 mm
243 5057 311 5110 illa
333 5058 513 5122 Africa,
544 5059 811 5129 Egyptus
837 5069 892 5114 et
919 5074 1049 5130 gens
1072 5061 1493 5129 Palarstinnrum,
1523 5066 1632 5121 imo

150 5147 425 5220 quotcumque
443 5151 686 5206 Romano
708 5152 938 5223 imperio
958 5153 1216 5224 subjacet,
1244 5156 1294 5210 in
1312 5172 1442 5226 pace
1462 5159 1628 5230 degit.

186 5322 349 5379 MM
369 5321 441 5372 hic
459 5323 635 5374 dicitur
651 5322 717 5372 de
738 5330 932 5375 Socrate
949 5327 1006 5375 ad
1031 5326 1215 5377 bellum
1237 5335 1454 5378 exeunte
1479 5328 1634 5379 habes
1662 5352 1673 5363 -

153 5383 228 5437 apud
253 5384 513 5434 Plutarchum
556 5388 607 5435 iu
646 5384 931 5448 Alcibiade;
974 5390 1192 5453 ubiuille
1238 5390 1630 5453 philosophorum

156 5454 498 5515 tenuerant-euut;
517 5460 766 5515 pugnasse
789 5458 1028 5515 narratur.
1055 5451 1177 5515 Vide
1203 5453 1318 5501 item
1346 5454 1391 5501 in
1417 5451 1632 5515 Diogene

156 5506 370 5577 facta),
386 5509 430 5562 2,
448 5506 536 5577 ubi
553 5506 609 5558 et
630 5508 904 5577 Amphipoli
925 5522 978 5561 et
1002 5514 1220 5562 Potidaea:
1242 5528 1482 5577 pugnasse
1501 5506 1632 5564 Ilici-

158 5570 587 5637 lutteitemosthene
629 5570 883 5637 etiaiufut
910 5587 1007 5637 non
1038 5576 1094 5623 ad
1131 5570 1336 5637 pugnari)
1375 5578 1632 5627 admodum

316 5634 619 5704 tegumonium
641 5633 879 5683 Plutarchi
905 5636 953 5685 in
973 5638 1075 5699 ejus
1093 5631 1388 5701 Vita‘habcs,
1408 5642 1454 5688 in
1475 5653 1633 5704 pugna

158 5688 281 5738 silicet
292 5691 343 5739 ad
354 5691 675 5744 Chaonum

1752 358 1915 416 Scitis
1951 371 2128 420 autem
2161 379 2349 421 omnes
2388 367 2550 426 urbes
2593 370 2747 441 plena
2782 372 2885 430 frui
2919 376 3335 449 tranquillitate.

1753 454 1868 507 solo
1894 454 2075 510 auditu
2102 457 2239 512 bella
2265 458 2516 515 scientes.
2540 461 2756 517 Poterat
2779 473 2926 521 certe
2950 464 3191 524 Christus
3218 470 3333 526 bel-

1754 544 1924 599 lorum
1951 547 2200 618 reliquias
2232 550 2439 619 tollere,
2461 552 2553 608 sed
2583 554 2824 622 permisit
2846 557 2912 611 ad
2935 559 3334 631 castigationem

1754 635 2068 704 ignavorum
2092 680 2106 705 ,
2142 640 2230 710 qui
2260 642 2405 710 pacis
2430 644 2710 700 occasione
2735 646 3009 716 segniores
3037 653 3324 719 evaserint,

1752 738 1811 782 ut
1826 726 2170 785 barbarorum
2188 732 2360 788 adhuc
2379 734 2708 791 incursiones
2725 746 2923 793 essent.
2947 740 3208 810 Propheta
3226 758 3341 798 cer-

1751 827 1805 873 te
1830 820 1895 875 iis
1923 822 2011 891 qui
2034 824 2199 893 probe
2226 825 2524 897 intelligere
2554 837 2772 896 possent
2796 828 2848 884 id
2873 830 3249 898 subindicavit,
3279 844 3332 888 ut

1751 910 1878 977 dixi,
1913 928 2018 967 non
2051 913 2188 968 ultra
2220 916 2333 970 fore
2360 916 2476 971 illas
2516 916 2820 988 frequentes
2844 919 2946 989 (a)
2988 921 3331 992 irruptiones.

1748 1002 1863 1057 Non
1889 1004 2030 1059 enim
2058 1005 2229 1073 dixit,
2264 1007 2381 1062 Non
2411 1010 2513 1064 erit
2538 1011 2756 1066 omnino
2782 1012 3013 1077 bellum;
3048 1014 3142 1068 sed
3169 1016 3292 1085 quid
3310 1017 3338 1069 ἲ

1750 1092 1872 1147 Non
1900 1097 2110 1166 accipiet
2132 1115 2254 1168 gens
2281 1109 2457 1153 contra
2480 1110 2675 1171 gentem
2702 1103 2966 1173 gladium;
3009 1115 3063 1159 et
3108 1108 3334 1176 pupulu-

1747 1201 1863 1239 rum
1888 1186 2187 1242 libertatem
2213 1189 2409 1258 adjecit
2447 1191 2663 1259 dicens,
2710 1192 2834 1248 Non
2876 1195 3066 1250 discent
3112 1198 3334 1268 amplius

1746 1280 1969 1349 prteliari
1994 1320 2013 1344 ,
2049 1280 2363 1350 quibusdam
2394 1284 2632 1355 exceptis
2657 1285 2914 1342 militibus
2939 1287 3007 1343 ad
3031 1288 3133 1344 hoc
3161 1290 3332 1345 desti-

1745 1371 1905 1424 natis.
1935 1371 1991 1426 5.
2016 1371 2083 1424 Et
2107 1388 2242 1426 nunc
2262 1382 2337 1440 tu,
2378 1375 2557 1430 domus
2579 1375 2739 1431 Jacob
2758 1417 2773 1443 ,
2804 1380 2995 1444 uenite,
3028 1389 3075 1435 et
3104 1382 3332 1436 ambule-

1744 1476 1855 1513 mus
1875 1461 1927 1513 in
1956 1460 2146 1515 lumine
2162 1460 2389 1519 Domini.
2415 1465 2470 1521 6.
2496 1466 2701 1521 Dimisit
2718 1468 2850 1521 enim
2879 1472 3126 1541 populum
3153 1489 3324 1540 suum,

1744 1550 1949 1605 domum
1986 1551 2171 1608 Iacob.
2220 1555 2506 1627 Prophetia
2542 1558 2611 1615 de
2642 1559 2882 1616 Ecclesia
2904 1563 3015 1631 jam
3044 1563 3287 1621 absoluta
3313 1608 3329 1632 ,

1743 1656 1927 1698 rursus
1950 1642 2017 1698 ad
2046 1643 2322 1702 historiam
2348 1650 2537 1703 transit
2559 1690 2576 1717 ,
2630 1652 2779 1720 quasi
2815 1652 3100 1709 verborum
3137 1656 3330 1711 seriem

1742 1748 2040 1791 resumens.
2090 1735 2239 1793 Talis
2258 1739 2401 1794 enim
2433 1740 2536 1796 illis
2562 1756 2680 1796 mos
2716 1751 2871 1809 erat,
2918 1760 3026 1798 non
3065 1746 3333 1802 dictorum

1741 1828 1993 1897 ﬁrmitate
2019 1831 2099 1902 (b)
2127 1842 2350 1900 tantum,
2379 1834 2473 1890 sed
2493 1836 2655 1890 etiam
2686 1836 2843 1892 seriei
2866 1838 3073 1893 ratione
3101 1839 3333 1909 prophe-

1740 1922 1868 1975 tiam
1905 1922 2247 1980 adumbrare.
2288 1926 2622 1997 Quapropter
2661 1943 2767 1983 non
2807 1928 3110 1984 asbolutum
3143 1933 3326 2001 explet

1739 2027 2063 2081 sermonem,
2091 2014 2186 2069 sed
2215 2017 2364 2085 quasi
2386 2017 2615 2086 aliquam
2644 2019 2819 2073 trahat
2847 2029 3090 2075 catenam
3108 2063 3124 2090 ,
3155 2023 3233 2078 sic
3256 2022 3323 2077 ad

1741 2103 2048 2183 Judaaorum
2076 2107 2490 2163 admonitionem
2532 2126 2740 2166 rursum
2780 2115 3004 2182 transit,
3034 2125 3089 2170 et
3117 2117 3192 2170 ait
3219 2136 3231 2172 :
3260 2117 3329 2171 Et

1739 2212 1873 2249 nunc
1898 2205 1972 2263 tu,
2002 2202 2181 2250 domus
2200 2195 2361 2252 Jacob
2381 2242 2395 2262 ,
2424 2201 2615 2267 venite,
2641 2211 2688 2254 et
2716 2203 3023 2257 ambulemus
3049 2205 3101 2258 in
3141 2206 3330 2260 lumine

1738 2285 1989 2351 Domini;
2017 2287 2068 2341 id
2098 2297 2201 2357 est,
2235 2290 2285 2343 in
2312 2291 2592 2359 praaceptis
2622 2292 2759 2362 ejus,
2788 2293 2842 2347 in
2874 2293 2990 2364 lege
3010 2297 3124 2364 ejus
3158 2315 3171 2351 :
3201 2313 3323 2352 nam

1739 2376 2059 2447 Praeceptum
2090 2378 2213 2450 legis
2240 2392 2313 2435 est
2342 2380 2568 2449 lucerna,
2591 2393 2638 2436 et
2664 2384 2755 2437 luo:
2781 2393 2828 2438 et
2854 2386 2977 2452 vita,
3005 2389 3328 2457 reprehensio

1737 2480 1784 2523 et
1811 2470 2083 2541 disciplina
2127 2470 2320 2541 (Prov.
2366 2474 2420 2527 6.
2463 2473 2603 2546 25);
2653 2475 2924 2547 Davidque
2967 2471 3177 2534 rursu‘m
3206 2481 3325 2536 ait:

1742 2560 2059 2633 Prteceptum
2088 2562 2297 2619 Domini
2332 2565 2557 2620 lucidum
2579 2607 2596 2635 ,
2627 2567 2923 2626 illuminans
2950 2572 3122 2626 oculos
3142 2573 3160 2643 (
3181 2572 3326 2629 Psal.

1739 2654 1827 2709 18.
1850 2651 1920 2723 9)
1946 2670 1962 2719 ;
1993 2663 2083 2723 et,
2113 2654 2342 2710 Lucerna
2363 2658 2571 2728 pedibus
2597 2661 2717 2714 meis
2741 2660 2823 2714 lea:
2850 2671 2963 2730 tua,
2985 2672 3031 2716 et
3057 2664 3225 2718 lunten
3245 2681 3323 2718 se-

1738 2747 1871 2801 mitis
1899 2748 2022 2802 meis
2061 2747 2242 2820 (Psal.
2275 2749 2396 2804 118.
2432 2750 2587 2822 105).
2621 2750 2688 2805 Et
2717 2752 2907 2822 ubique
2936 2753 3104 2824 legem
3134 2756 3203 2809 ita
3228 2771 3324 2809 vo-

1737 2838 1844 2892 cari
1890 2839 2200 2909 perspicias.
2243 2840 2332 2895 Sic
2365 2851 2421 2895 et
2462 2841 2654 2895 Paulus
2692 2843 2768 2896 ait
2803 2841 3072 2911 :Conﬁdis
3111 2845 3326 2913 teipsum

1735 2947 1843 2984 esse
1867 2931 2041 2984 ducem
2068 2947 2337 2998 caecorum,
2366 2931 2534 2985 lumen
2558 2948 2731 2986 eorum
2759 2932 2847 3001 qui
2871 2934 2924 2987 in
2950 2933 3162 2987 tenebris
3185 2946 3323 2999 sunt,

1737 3023 2039 3077 eruditorem
2074 3023 2415 3093 insipientium
2444 3024 2462 3093 (
2487 3021 2638 3076 Rom.
2671 3022 2726 3077 2.
2758 3022 2843 3077 19.
2866 3022 2998 3094 20).
3035 3023 3152 3078 Non
3181 3026 3323 3080 enim

1736 3116 1806 3170 ita
1839 3116 2043 3171 solares
2071 3116 2205 3171 radii
2235 3130 2523 3186 corporeus
2552 3125 2765 3171 nostros
2787 3117 2973 3171 oculos
2997 3129 3187 3188 regunt
3206 3159 3222 3187 ,
3269 3130 3321 3175 ut

1737 3219 2001 3278 praecepta
2029 3208 2162 3279 legis
2184 3208 2375 3263 animae
2401 3207 2584 3263 oculos
2614 3207 2898 3263 illustrant.

1806 3301 1859 3357 6.
1877 3299 2141 3371 Propheta
2168 3300 2326 3370 igitur
2342 3308 2399 3354 ut
2412 3299 2662 3355 ostendat
2677 3299 2837 3354 etiam
2863 3308 2986 3355 ante
3008 3300 3313 3370 prmmium,

1736 3404 1791 3451 et
1829 3403 1958 3450 ante
1988 3393 2312 3460 mercedem,
2341 3400 2629 3463 praecepta,
2658 3390 2786 3447 dum
2824 3392 3133 3462 implentur,
3163 3407 3318 3448 suam

1734 3486 1928 3542 all‘erre
1958 3486 2283 3553 mercedem,
2317 3485 2496 3540 lumen
2528 3485 2643 3555 ipsa
2681 3485 2915 3540 vocavit.
2965 3484 3323 3553 Quemadmo-

1736 3581 1862 3636 dum
1880 3580 2023 3635 euim
2038 3580 2244 3646 oculus,
2267 3578 2393 3633 dum
2418 3578 2768 3645 illuminatur,
2792 3578 2999 3632 lucrum
3026 3577 3223 3632 refert:
3242 3578 3322 3633 sic

1735 3682 1791 3729 et
1819 3672 2019 3739 anima,
2047 3687 2170 3727 cum
2215 3670 2317 3740 legi
2364 3669 2733 3740 obtemperat,
2761 3668 3052 3723 maximum
3092 3669 3319 3723 fructum

1736 3766 1949 3837 accipit,
1983 3774 2275 3835 expurgata
2297 3772 2352 3819 et
2373 3778 2404 3818 a
2429 3761 2665 3833 nequitia
2688 3761 2933 3829 liberata,
2964 3770 3021 3816 et
3048 3760 3114 3815 ad
3150 3761 3321 3830 ipsam

1736 3860 2035 3916 ascendens
2096 3859 2346 3914 virtutem
2397 3874 2412 3912 :
2465 3855 2916 3927 quemadmodum
2972 3869 3005 3909 e
3050 3853 3320 3909 contrario

1737 3953 2175 4023 praevaricatores
2194 3960 2319 4005 ante
2336 3949 2653 4019 supplicium
2686 3949 2737 4000 in
2766 3948 2876 4017 ipsa
2898 3944 3321 4016 transgressione

1738 4061 1924 4116 pinnas
1953 4044 2082 4098 dant
2104 4085 2119 4109 ,
2150 4040 2542 4111 miserioreque
2569 4037 2880 4094 conditione
2909 4047 3065 4101 sunt,
3093 4052 3250 4106 quam
3284 4034 3319 4087 ii

1735 4142 1823 4211 qui
1848 4139 2039 4194 sedent
2060 4139 2111 4192 iu
2144 4136 2402 4201 tenebris,
2433 4136 2646 4197 timore,
2675 4141 2908 4185 tremore
2928 4138 2983 4184 et
3010 4127 3146 4181 mala
3190 4142 3321 4181 one-

1735 4233 1836 4286 rati
1864 4230 2224 4293 conscientia,
2258 4227 2310 4282 in
2359 4224 2586 4282 meridie
2611 4224 2772 4279 etiam
2822 4220 2891 4276 ab
2926 4218 3175 4275 omnibus
3204 4234 3319 4273 me-

1736 4334 1947 4381 tuentes
1993 4334 2049 4380 et
2093 4332 2408 4388 trementes,
2450 4321 2564 4374 sive
2606 4317 2839 4373 consciis
2883 4314 3015 4379 sibi,
3052 4313 3167 4369 sive
3211 4329 3318 4369 non

1735 4419 1986 4476 consciis.
2017 4415 2221 4471 Dimisit
2251 4417 2384 4469 enim
2423 4413 2667 4484 populum
2696 4428 2864 4474 suum,
2892 4409 3098 4463 domum
3134 4407 3317 4474 Jacob,

1736 4514 1786 4567 id
1810 4521 1911 4577 est,
1944 4512 2101 4579 sivit,
2134 4509 2358 4576 dimisit,
2387 4506 2730 4576 contempsit,
2758 4519 2959 4575 suaque
2988 4502 3318 4573 providentia

1735 4605 2011 4676 spoliavit.
2040 4603 2241 4660 Deinde
2271 4603 2336 4656 iis
2366 4598 2780 4671 perterrefactis,
2814 4611 3029 4652 causam
3061 4595 3235 4658 all'ert,
3263 4604 3320 4647 ut

1736 4698 1811 4752 illi
1840 4709 1990 4769 gesta
2019 4710 2117 4769 sua
2156 4693 2465 4751 emendent.
2496 4691 2627 4759 Qua:
2663 4690 2825 4760 igitur
2848 4702 3007 4744 causa
3036 4687 3157 4743 est?
3187 4686 3321 4753 Quia

1734 4767 1940 4862 impleta
1967 4798 2041 4845 est
2078 4767 2208 4843 terra
2236 4800 2410 4841 eorum
2437 4782 2696 4853 auguriis,
2733 4791 2785 4834 ut
2838 4790 2972 4834 terra
3011 4778 3320 4847 alienigena-

1735 4901 1869 4938 rum.
1903 4883 2056 4939 Prius
2108 4881 2231 4935 illos
2279 4876 2349 4933 de
2391 4873 2738 4946 cauponaria,
2770 4870 2839 4925 de
2881 4867 3107 4926 avaritia
3152 4876 3207 4922 et
3252 4867 3321 4922 de

1734 4977 2013 5031 viduarum
2058 4977 2371 5041 contemptu
2413 4965 2700 5024 accusabat
2729 4983 2742 5019 :
2773 4961 2862 5017 hic
2889 4977 3019 5018 vero
3067 4958 3197 5031 ipsis
3227 4974 3321 5014 cx-

1797 5136 1869 5198 (a)
1890 5133 1944 5198 lu
1962 5137 2139 5198 ϐρέξας),
2157 5134 2207 5177 δι’
2230 5129 2526 5198 ὀλίγοι,ΡοΨο
2550 5119 2683 5180 illud,
2699 5126 2748 5170 δι’
2761 5113 3321 5198 superiacta:

1734 5180 1877 5249 modi)
1897 5180 2117 5253 intelligi
2132 5180 2138 5185 ⁷
2155 5180 2314 5250 posse,
2357 5193 2408 5235 δι’
2423 5196 2565 5254 eum
2596 5197 2736 5254 χρόνον,
2756 5193 2854 5254 ρξε’.
2871 5180 3032 5254 brevia
3053 5184 3319 5254 temporum

1733 5241 2011 5321 suasua
2034 5241 2336 5316 [τῖιιάεηιενς
2358 5247 2458 5321 vel,
2475 5241 2524 5296 δέ
2545 5241 3321 5321 ἀλέξειτέμίβιεεεξμεξςχ,ρεξξςςιέδ

1734 5299 2169 5375 ῖιὶἲὲοἶήἷῆὶᾶὶοὶέε.
2187 5323 2275 5375 uel:
2299 5299 2569 5375 άνῡεδὲρετ
2591 5299 2781 5375 ﬁrm"!
2815 5299 3053 5375 Ῑαῐέίοηξέ
3080 5299 3320 5375 ditem"

1737 5368 1953 5447 ὖῐῖἶῷἒε
1976 5368 2115 5447 δίκίέ
2139 5368 2390 5423 “aluimus
2411 5368 2620 5447 Ρνίδτθιη
2637 5368 3318 5447 ξθίέυέἑείξιέἓίξιίεέξῖξ;.9ὶ¹²2ἶῑ

1736 5424 2216 5512 aiterol‘orte.
2231 5446 2381 5483 sensu
2412 5424 2520 5481 haec
2542 5424 2731 5512 possini
2749 5442 2810 5479 ex
2819 5427 3001 5492 plicari.
3029 5424 3213 5476 Verum
3236 5437 3321 5474 res

1739 5500 1816 5562 ἀει
1838 5500 2238 5572 parvimomenti.
2304 5557 2316 5572 '
2371 5570 2394 5572 ﬂ

1806 5548 2113 5634 ἰῦἵλίιὶἑίίμε
2138 5557 2593 5634 Iesendemttmh
2607 5548 3317 5634 ﬂift’i’ﬂfz.ﬂ°z.ﬁf’lt'.‘ﬂ‘ﬁ

1739 5635 1790 5687 Id
1807 5613 2149 5683 ‘Eérie‘iiwnus
2168 5613 2281 5673 esse
2304 5613 2516 5673 videtur.
2539 5613 2631 5668 sed
2646 5618 2752 5667 sine
2777 5613 3003 5665 Codicum
3030 5613 3322 5664 auctoritate

1739 5696 1858 5748 nihil
1880 5700 2138 5744 mtttatnuS.
