3674 6276
319 256 389 315 35
1083 253 1141 310 S.
1172 252 1448 308 ιωΝΝις
1484 248 1962 308 CIIRYSOSTOMI
2003 250 2320 307 ARCIUEI‘.
2358 250 2894 308 CONSTANTINOP.

316 371 533 437 promat
558 383 719 440 prava
750 367 1021 438 dogmata,
1048 376 1105 422 et
1131 368 1421 437 impietatis
1459 366 1745 436 reliquias,
1776 380 1898 435 quae

317 460 569 529 paulatim
602 460 749 529 ipsos
776 460 843 513 ad
869 459 1176 513 daemonum
1204 474 1492 515 erroneum
1535 459 1738 514 cultum
1777 474 1901 529 per-

316 551 620 605 trabebant.
652 550 769 605 Mox
818 550 940 605 illos
969 550 1273 615 incessens,
1299 564 1405 604 mn
1443 549 1605 604 modo
1632 549 1765 604 dicit
1804 564 1901 603 eos

315 644 551 714 auguriis
571 658 792 714 operam
824 642 987 709 dare,
1018 641 1114 697 sed
1144 642 1406 711 repletam
1430 642 1498 696 iis
1537 656 1658 696 esse
1701 650 1897 695 terram

314 750 499 791 eorum
528 734 682 804 (Isui.
718 735 765 787 ί.
795 735 871 804 4).
906 733 1080 802 Supra
1136 733 1353 788 modum
1376 775 1392 801 ,
1434 733 1637 804 inquit,
1668 734 1902 787 accrevit

316 827 547 896 nequitia
588 842 795 881 eorum.
828 825 1289 892 Quemadmodum
1319 840 1481 895 supra
1527 824 1741 880 dicebat
1762 864 1778 889 ,
1807 839 1902 893 po-

318 919 539 988 pulum,
593 934 701 973 non
754 927 1045 988 utcumque
1096 926 1469 987 peccatorem,
1516 916 1609 971 sed
1686 916 1901 985 plenum

318 1011 582 1079 peccatis;
604 1012 687 1064 sic
712 1020 767 1064 ct
793 1010 895 1063 hoc
925 1010 1045 1064 loco
1071 1050 1087 1075 ,
1121 1008 1339 1079 Repleta
1364 1017 1454 1063 est.
1484 1006 1691 1063 Exinde
1715 1022 1903 1063 rursus

232 1114 233 1117 ‘
318 1103 577 1172 probrum
623 1101 955 1170 antplilieans
1010 1100 1253 1165 addidit,
1287 1099 1431 1155 Sicut
1477 1116 1511 1153 a
1556 1100 1827 1170 principio.
1858 1100 1903 1153 A

317 1198 569 1267 principio
588 1236 602 1259 ,
632 1195 1011 1266 quandonam?
1036 1194 1259 1260 Quando
1282 1193 1450 1248 Deum
1478 1192 1716 1248 nondum
1741 1207 1906 1248 nove-

321 1299 472 1352 rant,
504 1290 717 1359 quando
762 1288 933 1357 legem
986 1286 1223 1342 nondum
1277 1296 1599 1354 acceperant
1627 1327 1642 1351 ,
1689 1284 1905 1354 quando

321 1384 702 1437 beneﬁciorum
728 1382 845 1451 ejus
873 1379 1257 1450 experientiam
1312 1378 1543 1432 nondum
1595 1376 1903 1445 habebant,

318 1478 530 1546 quando
543 1492 664 1530 cum
691 1476 940 1547 gentibus
957 1475 1225 1541 vivebant,
1243 1473 1385 1543 quod
1407 1482 1665 1528 extrema:
1683 1472 1907 1526 damna-

320 1569 483 1624 tionis
516 1578 655 1632 erat,
682 1567 823 1637 quod
856 1583 961 1621 non
991 1566 1182 1620 melius
1210 1575 1337 1620 tunc
1364 1580 1424 1620 se
1459 1564 1753 1632 haberent,
1787 1572 1908 1634 post

319 1671 519 1716 tantam
540 1661 927 1731 providentiam
957 1671 1011 1715 et
1040 1669 1238 1714 tantam
1267 1658 1712 1723 sollicitudinem,
1744 1673 1906 1728 quam

320 1755 363 1808 ii-
403 1755 491 1823 qui
536 1754 667 1809 nihil
694 1769 882 1808 eorum
920 1754 1236 1824 consequuti
1281 1763 1455 1808 crant.
1510 1752 1617 1809 Sed
1661 1767 1767 1807 non
1821 1753 1910 1807 hic

320 1847 678 1909 stetit,verum
705 1845 882 1899 denuo
904 1844 1347 1914 perterrefacicns
1370 1860 1477 1899 eos
1492 1844 1690 1915 adjecit
1712 1863 1725 1898 :
1748 1844 1915 1909 Quasi

319 1947 459 1989 terra
498 1936 942 2006 alienigenarum:
990 1935 1089 1989 hae
1132 1936 1536 2006 comparatione
1606 1935 1909 2004 graviorem

320 2027 717 2082 accusationem
772 2041 987 2096 parans.
1038 2027 1189 2094 Quod
1243 2036 1298 2081 et
1354 2026 1550 2082 Paulus
1603 2027 1911 2097 {reﬂuenter

322 2119 501 2174 facere
548 2119 721 2183 solet;
753 2130 809 2174 ut
854 2128 909 2174 et
956 2119 1172 2190 quando
1220 2119 1385 2175 dicit:
1425 2119 1503 2174 De
1552 2119 1911 2174 dormientibus

319 2226 486 2269 autem
513 2213 629 2268 nolo
656 2229 741 2267 vos
765 2215 1035 2284 ignorare,
1066 2214 1271 2281 fratres,
1303 2223 1359 2266 ut
1388 2230 1487 2267 non
1521 2212 1907 2279 contristemini,

320 2308 450 2360 sicut
474 2316 520 2359 et
546 2306 713 2360 ceteri
738 2307 823 2374 qui
862 2320 1003 2374 spem
1049 2321 1150 2358 non
1184 2305 1365 2358 habent
1386 2304 1463 2377 (ι.
1495 2304 1672 2361 Thess.
1699 2306 1754 2361 4.
1780 2304 1907 2376 12);

322 2415 385 2452 ac
417 2414 629 2451 rursum
662 2416 675 2451 :
713 2397 782 2452 Ut
824 2399 953 2450 sciat
998 2398 1339 2467 unusquisque
1381 2406 1597 2452 vestrum
1648 2414 1735 2451 vas
1763 2413 1912 2450 suum

321 2493 579 2565 possidere
602 2495 652 2544 in
684 2492 1080 2560 sanctiﬁcatione
1107 2502 1153 2545 et
1191 2491 1412 2557 honore,
1442 2508 1544 2545 non
1583 2493 1635 2544 in
1677 2491 1913 2560 passione

324 2585 561 2639 desiderii
590 2583 751 2648 (Ibid.
779 2599 826 2636 υ.
851 2585 925 2653 4).
960 2584 1143 2653 Neque
1186 2582 1287 2637 hoc
1337 2590 1621 2636 contentus
1650 2582 1780 2647 luit,
1816 2581 1911 2638 sed

322 2676 552 2746 adjecit:
576 2675 1014 2739 Quemadmodum
1042 2685 1089 2729 et
1118 2674 1326 2745 reliqua:
1346 2684 1516 2744 gentes
1540 2691 1652 2744 quia
1673 2676 1912 2745 ignorant

326 2768 492 2822 Deam
514 2766 677 2837 (Ibid.
706 2783 752 2819 υ.
781 2766 861 2837 ὸ).
892 2766 989 2821 Hic
1016 2765 1215 2835 quippe
1246 2766 1439 2820 modus
1468 2767 1735 2821 sermonis
1762 2781 1910 2821 mor-

325 2861 454 2915 dere
481 2861 618 2915 solet
646 2861 813 2915 etiam
844 2874 938 2913 eos
964 2859 1052 2929 qui
1090 2857 1379 2912 admodum
1410 2859 1543 2930 lapsi
1577 2869 1722 2913 sunt.
1756 2858 1909 2926 Quod

322 2954 369 3008 si
415 2951 582 3007 Judmi
621 2951 690 3007 de
743 2952 936 3006 talibus
977 2960 1319 3014 accusantur,
1350 2966 1509 3020 quam
1562 2966 1660 3006 nos
1696 2952 1910 3006 veniam

323 3061 738 3115 consequemur,
761 3060 919 3115 quam
964 3043 1355 3111 defensionem,
1389 3044 1480 3114 qui
1532 3053 1653 3114 post
1707 3052 1912 3099 tantam

323 3138 549 3208 gratiam
579 3144 636 3191 et
665 3135 989 3191 ineffabilem
1022 3134 1305 3199 honorem,
1335 3150 1595 3205 spemque
1628 3137 1910 3191 immorta-

328 3232 429 3285 lem
456 3271 471 3296 ,
521 3231 572 3284 iu
627 3244 838 3299 parem,
895 3244 1053 3297 quam
1104 3228 1200 3291 illi,
1242 3226 1543 3283 decidimus
1585 3228 1911 3299 inopiam‘?

324 3323 467 3378 Mulli
493 3337 720 3392 namque
741 3320 851 3391 jam
879 3331 1002 3375 sunt
1022 3362 1037 3386 ,
1066 3321 1154 3389 qui
1188 3321 1290 3375 hoc
1315 3322 1503 3375 morbo
1531 3320 1795 3388 laborant,
1821 3323 1911 3393 qui

329 3415 493 3469 vitam
544 3428 695 3467 suam
747 3413 1099 3477 labefauaut,
1131 3411 1219 3482 qui
1268 3427 1527 3481 augurum
1581 3412 1804 3468 insania:
1852 3428 1915 3469 se

324 3507 549 3570 dedunt,
572 3505 846 3574 Deumque
866 3502 1163 3568 oﬂ'endunt,
1180 3513 1235 3556 et
1259 3504 1561 3574 superﬂuos
1581 3504 1795 3558 dolores
1810 3504 1911 3557 sibi

329 3600 622 3661 lucrautur,
639 3604 801 3666 atque
826 3598 878 3650 in
907 3596 1180 3651 laboribus
1210 3612 1307 3666 pro
1331 3601 1530 3651 virtute
1552 3597 1911 3666 suscipiendis

323 3690 711 3745 dissolvuntur.
742 3687 855 3742 Hoc
895 3687 1040 3742 enim
1085 3689 1304 3742 omnino
1344 3698 1499 3743 curat
1553 3688 1822 3754 diabolus,
1853 3696 1914 3742 ut

327 3782 784 3855 insipientioribus
812 3781 1069 3845 suadeat,
1099 3797 1205 3836 non
1240 3797 1405 3852 penes
1437 3796 1496 3837 se
1527 3796 1648 3837 esse
1684 3791 1775 3836 aut
1806 3782 1911 3835 vir-

327 3887 495 3933 tutcm
545 3886 636 3930 aut
683 3874 1081 3944 improbitatem
1132 3873 1319 3939 adire,
1349 3888 1522 3944 neque
1563 3888 1624 3928 se
1668 3873 1913 3928 libertate

327 3968 559 4038 quadam
587 3966 794 4021 arbitrii
827 3966 1121 4020 honoratos
1148 3980 1291 4029 esse,
1318 3964 1433 4019 lucc
1461 3964 1569 4018 duo
1604 3964 1911 4034 turpissima

328 4062 588 4132 perﬁcere
618 4060 834 4126 volens,
858 4069 919 4113 ut
947 4059 1162 4114 labores
1191 4073 1289 4128 pro
1320 4058 1514 4112 virtute
1540 4058 1913 4127 suscipiendos

329 4154 535 4222 solvat,
566 4162 621 4208 et
646 4154 935 4208 maximum
979 4152 1108 4207 illud
1147 4152 1409 4207 libertatis
1433 4150 1635 4206 donum
1679 4151 1908 4206 auferat.

330 4247 440 4301 Iloc
470 4261 566 4316 per
596 4246 840 4317 auguria,
872 4246 973 4301 hoc
1001 4261 1096 4316 per
1115 4245 1298 4299 omina
1327 4242 1404 4316 (ο)
1425 4283 1440 4307 ,
1474 4244 1575 4299 hoc
1600 4259 1697 4314 per
1722 4243 1912 4299 obser-

328 4339 598 4393 vatiouem
624 4338 854 4404 dierum,
887 4338 987 4392 hoc
1017 4353 1112 4407 per
1144 4354 1364 4407 pravum
1395 4338 1485 4392 lati
1513 4337 1706 4409 dogma
1725 4378 1742 4404 ,
1769 4338 1913 4394 hunc

330 4447 548 4501 gravem
588 4432 833 4485 morbum
883 4445 979 4501 per
1015 4432 1121 4486 alia
1167 4431 1333 4485 multa
1365 4433 1419 4486 in
1465 4432 1628 4487 vitam
1673 4433 1909 4499 invexit,

394 4615 409 4642 ¹
439 4610 491 4659 Ill
509 4619 689 4666 Cl'iBCO.
709 4622 795 4672 πρὸς
818 4623 882 4669 τήν
904 4622 1015 4670 αὖτὴν
1046 4623 1187 4667 luti-rate
1221 4622 1501 4667 ωτακὶπτοντις
1523 4623 1658 4661 πινίαν.
1681 4616 1819 4672 Putat
1832 4609 1914 4658 Ᾱιο

329 4675 473 4724 leuus
495 4670 759 4735 legendum
784 4686 901 4743 esse
920 4672 1398 4743 «metanju'qaitiam,
1416 4686 1511 4743 non
1527 4686 1661 4743 uultur,
1682 4670 1911 4743 inopiam.

328 4743 380 4785 Iit
424 4733 744 4797 vere—smptu
775 4737 970 4797 omnino
1011 4733 1279 4797 desiderari
1306 4733 1535 4797 _videtur.
1579 4741 1690 4782 Nam
1729 4733 1808 4782 hic
1846 4736 1915 4786 ait

328 4792 692 4865 Cbrysostomus
716 4810 727 4845 :
763 4796 895 4857 Quod
920 4795 963 4845 si
983 4794 1148 4845 ,ιιιόωὶ
1168 4797 1230 4865 de
1253 4792 1423 4865 talibus
1444 4802 1747 4865 accusarunt,
1767 4808 1915 4865 quam

326 4874 411 4910 nos
426 4856 619 4911 neniam
642 4856 999 4921 consequemur,
1023 4870 1169 4921 quam
1191 4856 1529 4920 defensionem,
1552 4856 1635 4921 qui
1670 4856 1791 4921 post'
1805 4861 1915 4921 tan-

326 4930 426 4973 tam
446 4921 654 4983 gratiam
676 4928 721 4969 et
743 4917 1046 4983 ine/Tabilent'
1059 4917 1303 4983 honorent,
1325 4931 1550 4983 spemque
1566 4917 1910 4983 ‘imn'tortalem,

326 4983 377 5046 in
419 4979 588 5046 parem
620 4994 762 5043 quam
805 4979 881 5046 illi
925 4980 1194 5031 decidimus
1228 4979 1359 5046 εινιιί
1383 4979 1481 5030 sive
1511 4982 1720 5046 me»?
1751 4981 1813 5046 Id
1838 4990 1915 5033 est

326 5041 554 5103 inopiam,
568 5041 651 5091 aut
672 5042 948 5103 nequitiam.
963 5049 1071 5091 Utra
1096 5057 1214 5105 vero
1236 5041 1381 5105 lectio
1402 5041 1783 5105 magisquadrct
1802 5043 1915 5094 hinc

328 5102 671 5167 petispicietur,
694 5102 753 5153 si
776 5105 1085 5167 advertamus
1123 5104 1202 5153 hic
1243 5104 1337 5167 sibi
1364 5102 1503 5167 velle
1524 5102 1913 5166 Chrysostomum

327 5164 416 5216 nos
438 5164 486 5216 in
510 5179 675 5228 parem
697 5175 846 5228 atque
868 5165 1037 5228 ,Judazi
1068 5173 1243 5215 statum
1264 5164 1515 5228 decidere.
1533 5164 1788 5228 Quis_vero
1827 5167 1914 5217 ille

328 5226 612 5291 statusest?
638 5227 729 5277 Ille
752 5226 879 5291 haud
909 5227 1058 5276 dubie
1081 5228 1127 5275 in
1151 5241 1299 5290 quem
1321 5240 1465 5291 supra
1486 5227 1610 5276 dixit
1639 5226 1915 5291 Cbrysosto-

327 5303 437 5339 mus
471 5290 699 5353 delapws
728 5290 917 5341 Judaeos
941 5301 1071 5353 esse,
1105 5291 1153 5338 in
1172 5289 1520 5353 ’cauponariam
1544 5289 1916 5353 nempe,'avari-

330 5353 463 5415 tiam,
484 5352 764 5414 degit-natum
805 5352 1194 5415 perversitatem,
1237 5352 1545 5415 praestigias:
1583 5352 1761 5412 quibus
1792 5366 1915 5415 prae-

331 5414 493 5461 missis
514 5413 635 5463 sane
660 5414 849 5463 videtur
875 5426 1025 5475 πονηρία
1046 5414 1201 5474 magis
1230 5413 1487 5475 quadrare,
1511 5424 1655 5475 quam
1678 5413 1805 5464 τινιιξ
1831 5414 1916 5465 Λι-

331 5482 489 5539 tamen
514 5475 865 5537 exemplarium
887 5473 1102 5539 emnium
1124 5473 1410 5524 auctoritate
1432 5473 1563 5534 uicti,
1587 5473 1711 5525 hanc
1734 5484 1917 5539 postre-

330 5548 457 5599 mam
477 5535 736 5586 lectionem
758 5538 953 5599 sequuti
974 5548 1156 5599 sumus.

395 5597 469 5658 ta)
499 5600 618 5655 Quid
642 5600 739 5648 siut
780 5596 860 5648 illa
882 5599 1060 5657 omina,
1097 5596 1314 5659 pluribus
1350 5596 1435 5647 ille
1463 5596 1675 5659 explicat
1698 5599 1747 5648 in
1777 5599 1914 5651 Cate-

330 5658 473 5721 chesi
505 5660 719 5709 secunda
760 5661 820 5709 ad
845 5658 1195 5721 illuminandos,
1226 5668 1360 5711 Tom.
1387 5659 1450 5709 ll.
1493 5658 1576 5710 Ubi
1614 5668 1745 5713 totus
1782 5662 1917 5714 lows

328 5731 439 5769 etuti
464 5720 552 5771 hoc
574 5721 896 5772 andereudus
918 5730 1010 5772 est.

3502 260 3600 316 '56

2009 364 2310 419 nullamad
2342 365 2443 420 hoc
2470 381 2577 420 non
2619 366 2919 422 machinam
2962 382 3202 424 movens.
3232 370 3596 438 Quamobrem

2007 455 2264 523 propheta
2320 456 2665 512 vehementer
2710 458 2875 512 instat
2921 460 3210 529 incusans,
3239 472 3297 522 ut
3345 468 3598 520 morbum

2006 545 2260 603 radicitus
2281 547 2493 602 evellat.
2525 547 2587 601 Et
2614 549 2712 616 filii
2737 550 2883 604 multi
2909 552 3205 623 alienigena
3228 556 3333 609 nati
3358 567 3475 611 sunt
3501 560 3597 612 eis.

2078 639 2130 692 7.
2173 637 2310 704 Quid
2347 649 2448 703 est,
2478 637 2601 692 Filii
2626 641 2968 712 alienigene?
2998 642 3104 698 Lex
3151 644 3257 700 illis
3300 656 3419 712 et
3462 648 3599 704 olim

2089 663 2130 692 ι.
2173 663 2310 704 ull!“
2347 663 2448 703 cst,
2478 663 2600 692 ruu
2626 663 2966 712 attemgmte.’
2998 663 3104 698 Lex
3151 663 3257 700 nus
3300 663 3333 701 e
3397 663 3419 702 ι.
3462 663 3599 704 οιιιη

2008 731 2111 785 lata
2162 741 2386 800 propter
2428 732 2593 787 animi
2639 732 3013 803 fragilitatem,
3044 747 3099 792 et
3138 663 3601 799 mentetﬁfraudi

2008 831 2397 891 opportunam,
2457 832 2513 877 ut
2560 839 2681 878 cum
2737 827 2885 881 nullo
2936 828 3262 899 reliquorum
3315 831 3601 889 hominum

2008 912 2322 968 afﬁnitatem
2371 914 2791 982 contraherent,
2833 934 2900 974 ne
2956 919 3262 989 lmjusmodi
3305 924 3601 981 afﬁnitates

2010 1000 2299 1072 impietatis
2332 1003 2463 1072 ipsis
2487 1006 2701 1061 occasio
2729 1018 2930 1063 essent.
2960 1010 3093 1079 Quia
3121 1013 3263 1068 enim
3295 1030 3399 1070 non
3430 1016 3602 1071 modo

2010 1094 2144 1147 alios
2168 1094 2442 1164 corrigere
2464 1112 2568 1151 non
2601 1106 2872 1167 poterant,
2897 1102 2989 1155 sed
3014 1118 3189 1173 neque
3204 1104 3596 1162 detrimentum

2009 1187 2078 1240 ab
2117 1188 2272 1255 aliis,
2301 1189 2625 1260 quicumque
2668 1202 2888 1257 essent,
2934 1194 3034 1248 sibi
3096 1195 3440 1266 importataet
3498 1201 3602 1255 de-

2013 1279 2245 1347 pellere,
2270 1280 2385 1350 lege
2414 1280 2558 1351 ipsos
2596 1282 2820 1349 vallaus,
2850 1292 2907 1339 et
2942 1286 3010 1338 ab
3039 1286 3300 1344 alliuitate
3324 1304 3446 1347 cum
3473 1293 3603 1348 aliis

2011 1372 2317 1439 abducens,
2350 1374 2581 1429 seorsim
2619 1375 2741 1430 illos
2788 1376 3105 1434 ell‘ormabat
3134 1390 3187 1435 ct
3236 1384 3554 1440 instituebat
3582 1404 3595 1439 :

2011 1464 2246 1533 optabile
2274 1466 2422 1521 enim
2447 1466 2773 1538 difﬁcileque
2803 1480 2921 1525 erat
2948 1480 3008 1527 ut
3034 1473 3117 1527 vel
3143 1473 3221 1529 sic
3247 1473 3390 1530 ducti
3413 1517 3431 1543 ,
3466 1494 3598 1547 pos-

2012 1566 2130 1611 sent
2177 1572 2397 1614 servare
2438 1559 2771 1631 disciplinam
2806 1577 2835 1617 a
2868 1564 2978 1619 Deo
3026 1564 3125 1621 sibi
3173 1568 3442 1624 traditam.
3488 1572 3600 1626 Sed

2012 1649 2461 1718 quemadmodum
2488 1653 2591 1707 alia
2624 1666 2891 1724 praecepta
2918 1660 3239 1729 transgressi
3266 1671 3411 1728 sunt,
3436 1663 3515 1718 sic
3541 1675 3605 1719 et

2014 1738 2117 1795 hoc
2140 1752 2471 1813 contempto,
2498 1746 2828 1801 transierunt
2858 1748 2924 1802 ad
2956 1748 3274 1807 afﬁnitatem
3311 1768 3431 1809 cum
3461 1755 3601 1809 vici-

2013 1832 2097 1887 nis
2126 1835 2547 1891 contrahendam
2571 1879 2586 1904 ,
2615 1846 2671 1892 et
2696 1840 2951 1895 uxoribus
2981 1842 3107 1897 inde
3132 1842 3308 1899 dnctis
3332 1886 3346 1909 ,
3380 1861 3409 1900 a
3451 1846 3605 1901 Moa-

2014 1922 2142 1979 bitis
2172 1925 2440 1993 videlicet,
2468 1928 2538 1983 ab
2564 1931 2907 1997 Ammonitis,
2936 1941 2999 1986 et
3022 1932 3090 1987 ab
3116 1934 3235 1989 aliis
3261 1922 3441 2006 impiis
3469 1955 3605 2008 gen-

2016 2016 2186 2081 tibus,
2211 2018 2449 2089 aliasque
2478 2023 2827 2092 cognationes
2848 2024 3110 2094 amplexi,
3134 2026 3606 2099 doctores-nequi-

2018 2111 2104 2165 tia:
2133 2113 2487 2178 admiserunt,
2508 2124 2564 2169 et
2586 2116 2882 2172 nobilitatis
2905 2118 3155 2173 decorem
3187 2119 3601 2177 labefactaruut.

2018 2204 2129 2258 lloc
2160 2205 2336 2275 itaque
2380 2222 2500 2262 cum
2546 2208 2668 2262 aliis
2719 2210 2978 2278 propheta
3019 2210 3223 2267 crimen
3265 2213 3514 2267 intentat.
3547 2214 3600 2266 7.

2016 2293 2238 2364 lmplcta
2261 2308 2335 2350 est
2374 2300 2507 2351 enim
2532 2299 2670 2369 regio
2696 2316 2891 2366 eorum,
2922 2302 3351 2374 inquit,argento
3378 2315 3422 2358 et
3447 2321 3604 2367 auro,

2014 2397 2063 2441 et
2094 2404 2193 2441 non
2222 2398 2327 2441 erat
2353 2405 2589 2443 numeras
2619 2390 2967 2446 thesaurorum
2997 2410 3187 2447 eorum.
3220 2395 3277 2451 8.
3305 2393 3372 2447 Et
3396 2396 3609 2465 impleta

2015 2485 2086 2533 est
2125 2488 2261 2532 terra
2289 2495 2461 2533 eorum
2492 2481 2662 2550 equis,
2700 2492 2747 2536 et
2790 2499 2889 2536 non
2932 2494 3038 2537 erat
3078 2502 3314 2540 numerus
3360 2502 3607 2540 curruum

2016 2587 2210 2625 eorum.
2241 2571 2459 2642 Ecquod
2499 2573 2703 2629 crimen
2740 2574 2876 2642 hoc,
2904 2575 3101 2631 dixerit
3131 2578 3267 2634 forte
3295 2580 3560 2649 quispiam
3585 2620 3604 2646 ,

2016 2663 2230 2718 divitias
2274 2663 2494 2731 habere,
2521 2675 2575 2721 et
2612 2681 2781 2737 equos
2821 2670 3126 2738 possidere,
3152 2688 3215 2728 ea
3265 2673 3608 2742 potissimum

2018 2764 2197 2823 a-tate,
2219 2757 2432 2826 quando
2455 2773 2560 2812 non
2585 2768 2788 2815 tantum
2812 2771 2927 2817 erat
2956 2762 3307 2833 philosophias
3329 2765 3606 2821 studium?

2015 2848 2154 2916 Quid
2174 2866 2302 2918 ergo
2324 2850 2656 2907 dixerimus?
2684 2853 2900 2908 Scilicet
2925 2871 3033 2911 non
3065 2872 3216 2911 nsum
3244 2858 3605 2927 improbabat,

2017 2941 2111 2997 sed
2136 2943 2369 2998 animum
2400 2960 2507 2999 non
2540 2945 2602 2999 iis
2644 2953 2702 2999 ut
2727 2946 3014 3015 oportebat
3045 2958 3306 3004 utentem.
3336 2952 3609 3019 Quemad-

2021 3035 2237 3089 modum
2273 3036 2417 3090 enim
2449 3052 2572 3091 cum
2613 3038 2777 3104 dicit,
2825 3038 2911 3093 Va:
2936 3040 3020 3108 qui
3050 3050 3273 3109 potentes
3298 3044 3414 3096 estis
3441 3042 3603 3113 (Isai.

2021 3128 2072 3182 l.
2099 3127 2214 3197 2t),
2242 3142 2350 3181 non
2392 3130 2577 3198 utique
2626 3131 2921 3198 potentiam
2950 3132 3040 3185 dat
3083 3133 3333 3199 crimini,
3367 3134 3461 3189 scd
3512 3152 3611 3191 eos

2016 3219 2106 3288 qui
2165 3219 2403 3288 potentia
2455 3222 2594 3275 male
2627 3230 2851 3277 utuntur
2886 3244 2900 3278 :
2934 3224 3013 3278 sic
3043 3232 3097 3279 et
3142 3224 3247 3280 hoc
3290 3227 3448 3292 loco,
3496 3245 3607 3283 non

2016 3310 2157 3380 quod
2202 3313 2456 3381 pecunias
2508 3314 2880 3382 possiderent,
2913 3316 3004 3370 sed
3046 3317 3188 3385 quod
3233 3333 3355 3372 cum
3403 3319 3606 3389 ingenti

2016 3406 2167 3473 Copia
2190 3446 2204 3471 ,
2237 3416 2289 3459 et
2320 3406 2454 3459 ultra
2502 3408 2875 3462 necessitatem
2907 3407 3027 3462 illas
3064 3421 3433 3479 congererent.
3483 3410 3610 3465 Non

2016 3510 2152 3560 erat,
2190 3500 2378 3569 inquit,
2409 3516 2645 3553 numerus
2672 3500 3021 3555 thesaurorum
3050 3519 3245 3557 eorum.
3275 3503 3459 3574 Neque
3503 3505 3607 3560 hoc

2016 3592 2188 3645 Solum
2212 3634 2226 3657 ,
2258 3591 2352 3647 sed
2380 3593 2521 3662 quod
2554 3592 2621 3647 de
2649 3592 2848 3649 divitiis
2873 3604 2928 3649 et
2955 3593 3024 3649 de
3050 3611 3308 3665 equorum
3332 3598 3483 3666 copia
3520 3599 3603 3651 in-

2018 3684 2130 3739 llati
2150 3727 2165 3751 ,
2196 3687 2446 3754 paulatim
2475 3704 2503 3741 a
2531 3702 2627 3757 spe
2671 3686 2724 3743 in
2768 3688 2935 3743 Deum
2974 3689 3430 3755 abstrahercntur,
3461 3692 3606 3761 quod

2019 3776 2146 3845 ipsis
2170 3776 2331 3832 etiam
2361 3778 2485 3832 alibi
2516 3778 2769 3848 propheta
2810 3779 3022 3835 dicebat
3050 3797 3064 3834 :
3103 3779 3190 3835 Ve
3216 3781 3301 3851 qui
3339 3783 3606 3851 conﬁdunt

2016 3868 2070 3921 in
2118 3868 2299 3923 virtute
2333 3886 2426 3923 sua
2452 3910 2467 3934 ,
2511 3881 2557 3925 et
2598 3872 2653 3925 in
2703 3872 3024 3928 multitudine
3074 3873 3363 3929 divitiarum
3398 3891 3606 3930 suarum

2017 3962 2300 4031 gloriantur
2326 3961 2497 4033 (Paul.
2531 3965 2620 4018 48.
2654 3965 2731 4033 7).
2760 3966 2837 4020 Ac
2865 3981 3074 4021 rursum
3104 3966 3266 4029 alibi:
3288 3966 3408 4020 Non
3429 3970 3601 4021 salva-

2019 4064 2103 4106 tur
2125 4070 2215 4108 rea:
2244 4071 2333 4123 per
2362 4054 2571 4108 multant
2596 4056 2847 4122 virtutem,
2872 4068 2918 4111 et
2944 4058 3085 4127 gigas
3120 4074 3220 4111 non
3248 4058 3524 4111 salvabitur
3554 4060 3604 4112 in

2017 4146 2339 4202 multitudine
2381 4148 2578 4201 virtutis
2614 4148 2909 4218 suteU’sal.
2936 4151 3024 4205 52.
3056 4150 3170 4220 lli).
3207 4151 3507 4221 ltertunque
3552 4154 3601 4205 in

2016 4240 2123 4293 alio
2152 4240 2361 4295 Psalmo
2390 4257 2405 4295 :
2442 4240 2561 4295 Non
2588 4243 2640 4295 in
2666 4242 2961 4313 fortitudine
2980 4244 3092 4314 equi
3122 4244 3426 4297 voluntatem
3454 4245 3604 4297 habe-

2017 4329 2123 4397 bit,
2155 4347 2243 4384 nec
2271 4332 2323 4385 in
2348 4332 2480 4386 tibiis
2506 4332 2599 4385 viri
2622 4332 2987 4402 beneplacitum
3012 4334 3104 4388 erit
3129 4336 3191 4388 ei.
3220 4334 3601 4404 Beneplucitmn

2017 4432 2089 4476 est
2128 4421 2347 4477 Domino
2390 4440 2541 4493 super
2574 4424 2800 4479 timentes
2842 4442 2975 4479 eum.
3017 4425 3081 4481 Et
3119 4426 3326 4497 impleta
3358 4438 3430 4481 est
3471 4436 3603 4481 terra

2018 4516 2468 4571 abominationibus
2497 4534 2704 4584 operum
2735 4504 2977 4572 manuum
3002 4536 3209 4573 suarum
3228 4561 3243 4585 ,
3271 4529 3317 4572 et
3350 4521 3602 4575 adorave-

2017 4617 2133 4661 runt
2158 4624 2270 4678 quae
2290 4611 2513 4679 fecerunt
2541 4610 2688 4679 digiti
2718 4626 2891 4664 eorunt
2917 4609 3088 4682 (Psal.
3115 4610 3235 4666 140.
3263 4611 3374 4679 10).
3404 4611 3473 4667 Ut
3516 4627 3603 4665 sa-

2020 4701 2170 4769 piens
2197 4701 2453 4766 medicus,
2484 4701 2740 4770 propheta
2769 4702 2936 4757 morbi
2963 4717 3179 4757 causam
3207 4703 3353 4765 dicit,
3382 4718 3439 4759 et
3486 4705 3602 4757 foti—

2021 4799 2125 4845 tem
2153 4791 2343 4845 morbi.
2362 4792 2493 4846 Cum
2525 4794 2665 4846 enim
2694 4808 2880 4848 eorum
2909 4792 3231 4863 impietatem
3260 4804 3604 4849 accusaturos

2019 4893 2184 4951 esset,
2213 4885 2522 4941 occasiones
2546 4884 2715 4940 morbi
2746 4887 2891 4955 prius
2917 4884 3069 4952 dixit,
3101 4886 3415 4953 avaritiam,
3448 4902 3605 4941 arro-

2018 4976 2252 5045 gantiam
2274 5016 2290 5042 ,
2318 4977 2703 5033 conuubiorum
2732 4976 3019 5033 afﬁnitates
3044 4992 3150 5033 non
3190 4978 3357 5033 licitas
3376 5019 3390 5038 .
3420 4978 3603 5034 decla-

2021 5083 2145 5124 rans
2165 5084 2259 5124 eos
2280 5069 2403 5125 hinc
2428 5070 2678 5140 paulatim
2704 5071 3074 5140 supplantatos
3100 5071 3151 5125 in
3169 5068 3435 5138 perniciei
3455 5073 3606 5127 bara-

2022 5160 2198 5215 thrum
2241 5162 2541 5226 corruisse,
2573 5170 2628 5217 et
2667 5161 2809 5216 idola
2847 5161 3119 5217 adorasse.
3154 5161 3355 5217 Deinde
3393 5162 3603 5217 illorum

2021 5254 2218 5309 cultum
2247 5254 2549 5321 traducens,
2566 5254 2840 5324 subjuugit
2862 5295 2877 5320 ,
2909 5253 3130 5325 Operam
3152 5271 3390 5307 manuum
3411 5270 3601 5308 eorum.

2021 5345 2157 5414 Quid
2184 5346 2325 5401 enim
2371 5346 2479 5400 risu
2516 5345 2731 5417 dignius
2778 5345 2939 5401 fuerit
2982 5359 3139 5416 quam
3177 5359 3297 5399 cum
3324 5344 3489 5400 homo
3516 5344 3599 5399 dei

2020 5446 2231 5493 creator
2258 5437 2526 5493 efﬁcitur?
2554 5438 3017 5493 Abominationem
3043 5452 3170 5491 vero
3198 5436 3469 5506 Scriptura
3507 5451 3601 5488 vo-

2021 5543 2145 5584 care
2199 5529 2338 5585 solet
2384 5529 2568 5584 idola:
2613 5529 2842 5600 indeque
2891 5528 3214 5585 abominatio
3263 5526 3605 5583 desolationis

2024 5631 2242 5677 vocatur
2268 5631 2443 5678 statua
2481 5623 2535 5678 in
2564 5623 2761 5692 templo
2786 5632 2983 5677 erecta.
3016 5620 3142 5675 Cum
3182 5622 3314 5674 enim
3343 5618 3563 5671 videritis
3582 5651 3600 5680 .

2030 5714 2231 5784 inquit,
2285 5715 2703 5770 abominationem
2750 5713 3070 5768 desolationis
3120 5720 3343 5767 stantem
3383 5711 3437 5764 in
3481 5709 3587 5763 loco
