3674 6276
39 277 75 325 37
1324 268 1389 324 IN
1449 266 1695 335 ISAIAM,
1725 267 1878 325 CAP.
1924 270 1986 326 ll.
3228 275 3299 330 38

42 398 179 448 σξςίιιη
204 384 300 452 qui
333 384 464 454 legit
485 427 503 450 ,
534 385 789 457 intelligat
820 383 1032 457 (Matth.
1064 383 1154 437 24.
1190 384 1299 453 l5).
1325 383 1589 454 Quoniam

36 482 121 534 uim
137 478 275 543 ipsos
296 476 619 531 abduxerat
637 492 704 530 ne
724 476 937 530 sensilia
968 473 1381 539 admirarentur,
1412 472 1593 544 prohi-

36 573 97 625 toit
112 569 222 637 ipsis
239 584 313 622 ne
334 571 603 639 quamvis
623 570 909 640 imaginem
932 569 1197 630 lacerent;
1216 567 1448 638 illudque
1469 568 1594 622 abo-

35 663 322 715 minationiem
352 663 606 726 vocavit,
635 663 819 732 procul
850 662 969 716 illos
993 676 1222 716 avocans
1249 662 1316 715 ab
1347 671 1592 729 impieta-

34 752 276 822 amomi).
300 753 434 823 27).
469 753 610 807 Nam
643 754 940 808 abominari
969 767 1130 822 supra
1165 751 1381 806 modum
1410 750 1590 804 odisse

30 860 96 912 est,
135 846 283 915 quasi
335 847 663 917 impurum,
709 846 858 918 quasi
911 844 1319 900 exsecrandum.
1366 842 1589 897 Abomi-

28 939 145 991 subite
168 937 359 1005 igitur,
411 954 673 1006 perosum
703 949 757 992 et
784 939 1061 992 aversione
1098 936 1315 1004 dignum
1353 935 1404 988 in
1448 934 1590 989 Scri-

29 1044 123 1097 ὲνιιιη
148 1028 373 1082 dicitur.
414 1032 635 1084 Idolqu
666 1040 842 1085 autem
872 1028 1094 1100 quodvis
1137 1026 1441 1097 lmjusmodi
1482 1035 1585 1080 est.

27 1122 63 1171 Et
84 1120 411 1174 admoverunt
439 1138 563 1191 qua,
589 1127 813 1189 fecerunt
840 1122 983 1191 digiti
1004 1137 1198 1175 eorum.
1228 1119 1282 1174 9.
1306 1119 1375 1173 Et
1412 1119 1589 1172 incur-

24 1216 104 1264 sat:
140 1230 188 1265 se
226 1213 395 1266 homo
416 1255 434 1276 ,
468 1225 519 1267 et
561 1216 859 1268 humiliatus
888 1223 961 1268 est
1000 1216 1095 1269 vir.
1128 1211 1586 1282 Quemadmodum

28 1308 111 1357 enim
135 1305 391 1359 adoratio
422 1307 525 1361 Dei
554 1308 825 1361 hominem
854 1308 904 1359 in
932 1307 1095 1361 altum
1125 1304 1327 1371 evehit,
1370 1305 1446 1358 sic
1490 1303 1587 1357 ad-

34 1398 131 1447 nzin
158 1412 358 1450 eorum
390 1398 660 1469 deprimit
690 1399 988 1469 dejieitque.
1009 1396 1145 1466 Quid
1168 1398 1308 1451 enim
1331 1395 1589 1465 abjectius

28 1490 209 1549 smine,
242 1488 343 1557 qui
393 1504 426 1542 a
454 1492 635 1544 salute
662 1490 879 1555 decidit,
913 1491 1389 1558 universorumque
1421 1488 1585 1542 Deum

26 1582 230 1631 micam
260 1580 378 1633 sibi
418 1580 703 1646 reddidit,
736 1581 825 1651 qui
856 1581 1161 1634 inanimatis
1196 1595 1253 1632 se
1294 1578 1576 1641 submittit,

28 1684 49 1722 εί
70 1670 242 1737 lapides
270 1672 457 1725 colit?
485 1673 633 1727 Deus
650 1674 847 1743 quippe
879 1676 929 1727 in
961 1680 1161 1726 tantum
1195 1687 1292 1724 nos
1325 1670 1583 1725 honorem

24 1762 169 1825 uexit,
193 1772 254 1815 ut
280 1764 449 1817 caelis
479 1766 646 1819 etiam
677 1779 774 1818 nos
800 1764 1138 1819 sublimiores
1163 1762 1444 1827 redderet;
1466 1762 1573 1816 dia-

26 1856 224 1908 inimcos
256 1856 359 1925 qui
396 1856 511 1910 sibi
542 1856 977 1926 obsequebantur
1007 1855 1059 1909 in
1092 1863 1293 1909 tantam
1324 1853 1582 1907 vilitatem

28 1948 191 2012 ἐξύυιὴ,
222 1957 286 2002 ut
320 1950 691 2004 insensilibus
716 1949 1079 2003 insensiliores
1111 1947 1333 2001 faceret.
1361 1946 1486 2001 Ideo
1510 1946 1583 2000 ait

24 2040 208 2105 eum:
243 2057 258 2091 :
296 2038 641 2094 Humiliatus
678 2050 749 2094 est
789 2040 881 2093 vir.
928 2023 1242 2095 Sufliciebat
1279 2045 1424 2091 certe
1468 2036 1582 2090 lucc

23 2135 219 2186 amatio
251 2143 319 2187 ut
364 2144 562 2189 mente
594 2134 873 2203 praeditum
904 2132 970 2187 ab
1000 2132 1101 2191 hoc
1129 2130 1319 2185 πιοτὺο
1345 2130 1579 2185 abduce-

25 2224 288 2279 't.\'erum
343 2226 483 2296 quia
529 2226 771 2296 plerique
800 2224 1044 2279 homines
1071 2238 1177 2277 non
1208 2232 1313 2277 tam
1364 2235 1579 2293 peccata

30 2334 119 2383 eam
146 2318 424 2385 supplicia
483 2315 797 2380 formidant,
829 2315 917 2370 ille
952 2314 1268 2384 supplicium
1315 2312 1576 2381 adjunxit,

32 2422 141 2460 Utrm
172 2425 185 2459 :
238 2406 377 2461 Non
425 2408 688 2461 dimittam
718 2424 822 2462 eos.
854 2406 967 2462 Non
1010 2404 1349 2471 condonabo,
1382 2404 1575 2474 inquit,

34 2516 79 2549 se
100 2499 398 2565 dimittam,
425 2514 541 2554 non
584 2499 869 2569 negligam,
894 2497 989 2554 sed
1014 2497 1253 2552 rationes
1286 2511 1580 2567 pinnasque

26 2604 195 2645 iit-tam
243 2593 562 2647 scelerum.
594 2592 682 2647 10.
718 2590 784 2645 Et
811 2608 944 2647 nunc
968 2590 1173 2645 introite
1219 2590 1273 2644 in
1306 2599 1499 2660 petras,
1531 2597 1578 2641 et

30 2687 331 2739 .aosdimini
357 2688 417 2739 in
445 2695 588 2739 terra
612 2703 643 2738 a
672 2687 801 2757 facie
819 2685 1011 2739 timoris
1028 2683 1258 2739 Domini.
1289 2684 1575 2753 Postquam

34 2786 168 2831 iam
187 2779 706 2849 insipientiam,qui
736 2778 871 2833 idola
899 2778 1144 2843 adorant,
1172 2779 1303 2833 satis
1321 2776 1574 2841 traduxit,

26 2888 39 2917 τ
64 2885 82 2920 ε
102 2869 255 2923 ωούο
284 2870 606 2924 fabricandi
634 2886 816 2925 eorum
851 2870 1136 2925 amentiam
1166 2868 1423 2927 ostendit.
1448 2885 1573 2923 nce-

22 2978 79 3012 με
101 2962 364 3016 imbrum
393 2962 857 3027 imbecillitatem;
878 2976 1064 3016 rursus
1086 2961 1261 3016 verbis
1278 2970 1573 3029 concertat,

24 3054 298 3110 sectorum
336 3056 756 3124 inquisitionem
777 3070 957 3110 rerum
985 3055 1328 3123 experientia:
1351 3054 1573 3124 permit-

88 3150 252 3219 aitque
284 3167 300 3202 :
330 3147 664 3204 Sulliciebat
686 3146 812 3201 mibi
843 3162 937 3217 per
958 3146 1058 3200 hoc
1088 3146 1259 3215 ipsum
1288 3145 1427 3216 quod
1460 3144 1575 3199 h:rc

26 3240 107 3292 ista
134 3249 255 3295 sunt
283 3241 357 3295 ab
389 3240 723 3304 hominibus,
757 3254 943 3293 eorum
971 3238 1059 3308 qui
1092 3237 1303 3307 decepti
1334 3246 1458 3291 sunt
1490 3238 1573 3291 in-

26 3333 263 3385 aséatiam
289 3333 611 3387 ostendisse
636 3349 648 3383 :
674 3332 793 3402 quia
822 3345 948 3385 vero
970 3330 1241 3400 impietate
1268 3346 1366 3385 ceu
1399 3331 1575 3385 ebrie-

32 3438 89 3475 ἃ
110 3425 331 3493 quadam
358 3425 667 3494 aggravati,
700 3424 839 3491 circa
872 3438 956 3477 res
983 3424 1156 3478 claras
1180 3431 1233 3477 et
1264 3422 1575 3476 manifestas

32 3519 287 3581 meum,
319 3517 465 3570 tales
499 3519 685 3569 urbem
716 3516 981 3584 excipient
1008 3514 1360 3577 calamitates,
1395 3526 1450 3568 ut
1492 3516 1571 3569 vel

62 3634 83 3655 δ
114 3610 195 3677 qui
237 3608 541 3663 admodum
590 3608 786 3677 stupidi
831 3619 953 3662 sunt
1001 3607 1251 3673 doceant,
1279 3617 1474 3679 quanta
1508 3610 1577 3664 sit

38 3700 184 3750 7mm
212 3699 584 3761 imbecillitas,
613 3706 667 3751 et
701 3706 897 3766 quanta
926 3697 1019 3752 Dei
1047 3698 1306 3768 potentia.

76 3790 93 3839 ἐ
146 3790 340 3845 Idcirco
371 3802 663 3860 antequam
690 3790 757 3844 de
782 3790 921 3844 bello
948 3789 1216 3860 loquatur,
1246 3805 1365 3860 quae
1390 3805 1457 3844 ex
1482 3791 1577 3845 illo

44 3893 364 3951 'eepmtnra
397 3883 509 3936 sint
535 3883 726 3951 aperit,
758 3882 1073 3952 praecipiens
1096 3890 1153 3937 ut
1181 3882 1233 3936 in
1276 3893 1455 3952 petras
1490 3883 1574 3937 in-

38 3977 298 4037 ;aéaatur,
346 3984 408 4029 et
442 3974 549 4028 sub
584 3973 698 4043 ipsa
742 3982 881 4027 terra
922 3973 1261 4038 delitescant,
1299 3988 1405 4027 non
1438 3982 1495 4027 ut
1523 3973 1573 4028 id

54 4078 165 4129 net,
186 4067 271 4121 sed
294 4077 355 4120 ut
386 4066 514 4120 hinc
536 4066 793 4131 ediscant,
831 4081 987 4136 quam
1018 4066 1345 4121 intoleranda
1389 4068 1460 4122 sit
1497 4066 1575 4121 ira

66 4160 93 4207 5i
124 4170 229 4211 tunc
254 4159 381 4212 illos
426 4159 701 4214 invasura.
787 4156 919 4211 Nam
946 4158 1021 4211 ait
1053 4175 1067 4211 :
1109 4157 1488 4211 Abscondimini
1523 4174 1577 4211 ιη

161 4266 189 4299 a
217 4251 341 4319 facie
380 4249 583 4302 timoris
628 4246 855 4314 Domini,
888 4258 933 4301 et
978 4266 1010 4302 a
1053 4248 1219 4320 gloria
1264 4248 1578 4320 fortitudinis

157 4362 255 4396 cm
277 4343 564 4398 surrexerit
582 4352 843 4412 percutere
872 4351 1075 4395 terram.
1106 4340 1223 4396 Non
1249 4343 1320 4396 ait
1345 4349 1575 4406 tantum,

40 4448 61 4482 λ
86 4436 362 4491 Sxtitudine
401 4438 555 4503 ejus,
593 4435 711 4499 sed,
753 4434 799 4487 A
842 4434 1006 4505 gloria
1049 4435 1380 4505 fortitudinis.
1428 4433 1577 4489 Talia

40 4546 218 4597 Isque
240 4539 363 4582 sum
391 4530 510 4595 ejus
544 4527 797 4596 prazelara
827 4536 996 4596 gesta,
1028 4527 1151 4581 talia
1180 4536 1401 4597 tropaaa,
1440 4527 1576 4581 mul-

58 4636 117 4667 ια
146 4621 493 4687 splendorem,
521 4621 745 4673 multam
771 4618 1082 4688 dignitatem
1111 4634 1221 4689 prae
1249 4634 1308 4674 se
1335 4619 1575 4674 ferentia.

44 4712 109 4765 c
137 4716 239 4769 mihi
264 4717 475 4770 videtur
508 4715 781 4769 victoriam
813 4714 952 4768 illam
996 4714 1295 4784 signiﬁcare
1335 4730 1453 4785 qua:
1481 4715 1580 4768 sub

46 4804 214 4858 ire-cii:
239 4807 481 4875 contigit,
510 4815 708 4860 terram
742 4820 938 4859 vocans
980 4806 1369 4861 multitudinem
1403 4806 1576 4859 homi-

50 4917 154 4961 ιω.
176 4914 220 4954 et
253 4902 660 4971 percussionem
692 4899 902 4952 illorum
947 4900 1175 4965 ruinam,
1221 4900 1575 4954 resurrectio-

70 5009 137 5041 ita
159 5010 259 5048 vero
284 4994 404 5063 ejus
429 5008 708 5062 egressum
736 4991 801 5043 ad
827 4990 1205 5044 auxdiandum.
1236 4991 1580 5057 Quandoqui—

156 5096 195 5138 εί
220 5087 379 5139 David
404 5086 539 5139 dicit
566 5101 579 5136 :
616 5082 871 5153 Exsurgat
897 5081 1053 5146 Dens,
1078 5092 1124 5135 et
1152 5085 1459 5152 dissipentur
1484 5083 1583 5135 ini-

62 5178 139 5221 u:
160 5180 241 5244 ejus
266 5177 439 5247 (Psal.
474 5177 566 5229 67.
594 5174 693 5244 2;;
724 5190 785 5228 ac
815 5188 1000 5228 rursus
1032 5192 1045 5229 :
1079 5174 1263 5246 Surge,
1306 5174 1462 5235 Deus,
1490 5175 1583 5241 jn-

70 5276 307 5318 “.513:er
335 5266 517 5338 (Psal.
559 5266 650 5320 81.
682 5264 773 5334 8);
806 5265 873 5318 ab
906 5264 1150 5319 humanis
1177 5265 1342 5335 gestis
1378 5274 1434 5319 et
1465 5283 1581 5317 ηιθ-

112 5358 193 5407 ῖῗξὲ
216 5359 550 5426 operationes
572 5357 904 5425 exprimens.
934 5355 1021 5411 11.
1050 5355 1200 5409 Oculi
1222 5358 1352 5410 enim
1376 5356 1584 5411 Domini

78 5450 243 5512 mina,
274 5454 426 5505 homo
468 5461 645 5503 autem
689 5449 917 5502 humilis.
968 5448 1167 5505 Deinde
1210 5467 1276 5505 ne
1318 5450 1581 5520 quispiam

78 5546 308 5599 7aetatium
331 5544 491 5600 dictis
522 5552 747 5613 negaret
771 5542 926 5596 tidem
972 5540 1173 5615 (multis
1212 5544 1353 5597 enim
1395 5555 1583 5599 contra

84 5648 222 5691 Wet
243 5641 705 5709 exspectationem
736 5648 852 5691 erat
881 5637 931 5690 id
972 5637 1110 5706 quod
1142 5648 1456 5693 eventurum
1497 5637 1582 5692 di-

92 5728 533 5805 cmfugicbat
554 5728 623 5784 ad
655 5729 947 5799 potentiam
965 5728 1199 5796 Opiticis,
1230 5741 1279 5785 et
1307 5732 1578 5786 adrerum

1702 400 1791 453 qm
1816 384 2153 453 patiebantur
2182 386 2616 443 imbecillitatem.
2648 387 2831 460 Neque
2856 390 3020 457 enim,
3048 392 3142 455 ait,
3177 392 3288 447 Deo

1699 476 2071 546 estquidpiam
2099 477 2400 542 sublimius,
2434 496 2604 548 neque
2649 482 2952 538 hominibus
2992 484 3168 539 vilius.
3205 483 3285 539 Ne

1700 580 1829 636 ergo
1855 565 2085 632 dubites,
2119 582 2244 622 num
2272 570 2437 638 possit
2467 570 2555 623 ille
2583 586 2804 639 magnus
2829 580 2883 626 et
2909 570 3062 627 fortis
3116 575 3286 628 imbe-

1698 661 1850 716 cillos
1867 662 1943 715 sic
1963 664 2241 717 confestim
2261 664 2579 733 deprimere.
2606 667 2672 720 Et
2695 669 2935 737 apposite
2954 670 3104 730 dixit.
3134 671 3294 724 Oculi

1699 749 1903 804 Domini
1931 752 2186 807 sublimes.
2215 753 2328 808 Non
2358 755 2508 822 dixit,
2540 757 2802 823 Potentia,
2830 759 2946 824 sed,
2993 758 3143 813 Oculi
3170 759 3281 814 Do-

1695 842 1840 905 mini,
1869 844 2018 912 quasi
2048 844 2192 897 solus
2218 858 2463 914 aspectus
2487 848 2652 915 possit
2678 850 2854 902 omnia
2885 850 2986 904 sibi
3015 853 3281 905 reluctan-

1698 934 1766 987 tia
1798 942 2138 1002 prosternere
2166 954 2179 989 :
2211 936 2259 990 id
2286 938 2424 1006 quod
2455 941 2614 992 etiam
2656 940 2817 999 David
2859 941 2981 994 alibi
3024 942 3229 996 dicebat
3267 962 3280 996 :

1699 1025 1799 1090 Qui
1823 1027 2025 1096 respicit
2056 1039 2259 1092 terram,
2303 1040 2347 1082 et
2392 1032 2513 1101 facit
2554 1048 2664 1083 eam
2702 1042 2909 1086 tremere
2949 1032 3119 1105 (Psal.
3160 1035 3280 1091 105.

1693 1115 1819 1184 52);
1852 1127 1901 1170 et
1929 1117 2065 1170 alius
2095 1117 2287 1172 iterum
2316 1121 2568 1188 propheta
2605 1138 2618 1175 :
2650 1121 2936 1192 [inspiciam
2979 1124 3046 1176 ad
3074 1141 3206 1191 eum,
3236 1137 3283 1178 et

1696 1209 1975 1276 prwvalcbo
2024 1210 2089 1263 ci.
2143 1209 2210 1262 Et
2257 1210 2607 1265 humiliabitur
2655 1212 2869 1266 altitudo
2912 1215 3191 1283 hominum,
3238 1230 3285 1270 et

1692 1302 1996 1354 exaltabitur
2040 1301 2288 1356 Dominus
2331 1305 2468 1357 solus
2504 1306 2557 1358 in
2610 1306 2693 1359 die
2734 1307 2824 1360 illa
2874 1308 3026 1379 (Osce
3072 1311 3154 1364 ΙΙ.
3200 1313 3279 1381 4).

1691 1392 1984 1461 Conspecta
2015 1396 2157 1448 enim
2202 1395 2284 1448 illa
2319 1397 2584 1467 inopinata
2620 1399 2862 1465 victoria,
2910 1401 3118 1473 illisque
3151 1420 3280 1459 con-

1692 1483 1888 1552 spicuis
1910 1485 2343 1556 admirandisque
2369 1488 2601 1556 tropmis,
2626 1489 2896 1545 daemones
2918 1492 3110 1548 devicti
3132 1508 3277 1564 sunt,

1693 1574 1831 1627 idola
1856 1574 2123 1630 dedecore
2149 1577 2357 1643 aﬂ‘ecta,
2392 1580 2971 1651 pseudoprophetarum
3000 1602 3089 1639 ora
3117 1588 3278 1640 obtu-

1691 1676 1825 1732 rata,
1859 1665 2203 1721 barbarorum
2236 1670 2473 1739 tyrannis
2502 1672 2692 1737 soluta,
2745 1684 2796 1727 et
2832 1688 2893 1728 os
2924 1690 3103 1741 onme,
3134 1679 3275 1748 quod

1694 1758 1801 1811 Deo
1828 1760 2193 1825 aversabatur,
2226 1763 2560 1818 obstructum
2589 1774 2689 1819 est.
2734 1766 2858 1821 Ideo
2884 1771 2976 1834 ait,
3012 1769 3279 1826 Exallabi-

1690 1858 1771 1901 tur
1796 1848 2047 1905 Dominus
2071 1854 2230 1906 solus.
2263 1853 2449 1908 Nullus
2476 1856 2580 1908 erit
2603 1856 2856 1925 deinceps
2892 1861 2978 1929 qui
3005 1865 3273 1917 contradi-

1688 1949 1792 2004 cat,
1817 1956 1915 1995 nec
1938 1945 2024 2012 qui
2049 1944 2117 1999 de
2142 1946 2232 1999 Dei
2263 1947 2494 2013 potentia
2514 1946 2738 2009 dubitet,
2761 1964 2880 2003 cum
2906 1967 3083 2007 rerum
3100 1966 3278 2024 gesta-

1690 2049 1804 2087 rum
1820 2034 2205 2091 demonstratio
2226 2038 2621 2093 evidentiSsima
2646 2039 2821 2095 fuerit.
2840 2042 3051 2098 Natura:
3078 2046 3274 2116 quippe

1685 2123 1879 2179 divinae
1904 2127 2163 2181 celsitudo
2195 2139 2444 2198 perpetua
2473 2139 2572 2191 est.
2620 2146 2683 2186 ac
2715 2148 3000 2203 numquam
3031 2135 3270 2206 incmpiI,

1685 2217 1780 2271 sed
1804 2232 2018 2288 semper
2042 2230 2153 2285 est;
2186 2221 2410 2275 exaltari
2436 2232 2616 2276 autem
2652 2222 2846 2277 dicitur
2876 2225 2925 2277 in
2972 2237 3147 2280 mente
3177 2228 3273 2280 ho-

1686 2313 1909 2377 minum,
1942 2314 2153 2384 quando
2182 2316 2215 2368 ii
2247 2316 2335 2385 qui
2363 2315 2799 2370 contradicebant
2842 2327 2896 2371 et
2940 2319 3272 2374 reluctaban-

1688 2414 1792 2469 tur,
1822 2404 1934 2474 ipsa
1967 2421 2147 2460 rerum
2172 2406 2628 2461 demonstratione
2650 2408 2929 2472 suadente,
2962 2409 3179 2477 cedunt,
3209 2427 3271 2465 ac

1682 2504 2070 2563 competentem
2110 2496 2531 2552 benedictionem
2563 2497 2819 2552 referunt.
2852 2498 2937 2552 l2.
2980 2498 3100 2555 Dies
3137 2503 3269 2554 enim

1684 2585 1888 2640 Domini
1919 2586 2145 2641 Sabaoth
2172 2589 2370 2643 aduenit
2392 2606 2544 2659 super
2564 2605 2758 2642 omnem
2784 2591 3197 2645 contumeliosum
3219 2603 3267 2645 et

1680 2680 1972 2748 superbum,
1994 2691 2040 2733 et
2067 2697 2216 2752 super
2240 2698 2435 2734 onmem
2454 2682 2704 2735 excelsum
2728 2691 2774 2735 et
2799 2682 3079 2751 sublimem,
3101 2694 3148 2738 et
3175 2685 3272 2737 lm-

1683 2771 2028 2826 miliabuntur.
2056 2773 2143 2827 15.
2174 2771 2244 2826 Et
2272 2791 2426 2842 super
2446 2790 2643 2827 onmem
2668 2775 2875 2828 cedrum
2904 2774 3085 2829 Libani
3112 2780 3271 2831 each-

1680 2879 1789 2915 sam
1818 2873 1864 2915 et
1890 2863 2174 2930 sublimem,
2207 2874 2252 2917 et
2275 2881 2426 2934 super
2448 2881 2643 2917 onmem
2675 2864 2903 2919 arborem
2932 2866 3135 2937 glandis
3159 2866 3267 2921 Ba-

1680 2970 1771 3008 san
1800 2954 1899 3025 (a).
1926 2955 2014 3010 M.
2045 2955 2110 3009 Et
2135 2972 2287 3027 super
2312 2973 2511 3011 onmem
2538 2967 2757 3011 montem
2800 2958 3071 3026 excelsum,
3101 2970 3148 3013 et
3184 2977 3268 3013 su-

1679 3064 1771 3115 per
1791 3065 1987 3103 onmem
2016 3066 2215 3102 nun-um
2240 3050 2523 3104 sublimem.
2557 3050 2647 3105 15.
2670 3048 2738 3103 Ει
2766 3066 2920 3121 super
2942 3067 3138 3105 omnem
3161 3063 3268 3104 tur-

1680 3141 1776 3193 rim
1804 3141 2083 3194 sublimem.
2120 3143 2206 3195 16.
2250 3140 2318 3195 Et
2343 3158 2494 3211 super
2520 3158 2665 3195 omne
2702 3143 2956 3213 navigium
3000 3144 3176 3206 maris,
3219 3154 3269 3198 et

1678 3250 1829 3302 super
1854 3250 2049 3287 onmem
2079 3244 2334 3302 aspectum
2378 3232 2767 3304 pulchritudinis
2802 3235 3023 3288 navium.
3066 3236 3152 3289 17.
3204 3236 3268 3289 Et

1680 3325 2034 3379 humiliubitur
2072 3326 2287 3377 altitudo
2332 3326 2616 3389 liorninwn,
2659 3334 2704 3379 et
2748 3324 3052 3379 exaltabitur
3094 3324 3267 3379 Domi-

1680 3431 1774 3468 nus
1812 3416 1951 3469 solus
1992 3417 2044 3469 in
2085 3417 2167 3468 die
2204 3418 2316 3469 illa.
2365 3416 2569 3469 Murum
2614 3415 2720 3480 hic,
2766 3415 3006 3483 Codrum,
3051 3417 3265 3484 collem,

1678 3523 1934 3577 quercum
1980 3518 2222 3578 potentes
2264 3509 2509 3563 homines
2555 3516 2730 3574 vocat,
2783 3508 3059 3563 altitudine
3089 3508 3270 3579 hujus-

1679 3599 1823 3653 modi
1849 3586 2101 3654 arborum
2129 3614 2315 3654 eorum
2347 3600 2640 3670 potentiam
2668 3599 3031 3669 metaphorice
3067 3600 3268 3670 signiti-

1679 3705 1849 3745 cans:
1878 3706 1942 3745 ac
1970 3706 2091 3745 cum
2123 3690 2387 3760 navigium
2418 3701 2470 3744 et
2506 3700 2779 3759 aspectum
2823 3690 3264 3759 pulchritudinisl

1680 3783 1891 3837 navium
1919 3782 2067 3849 dicit,
2094 3796 2189 3837 eos
2218 3781 2537 3845 subindicat,
2565 3782 2653 3851 qui
2676 3791 2800 3835 sunt
2827 3781 3209 3851 opulentiores.

1750 3877 1806 3932 9.
1849 3876 1959 3930 lloc
1979 3888 2159 3931 autem
2182 3876 2293 3929 vult
2312 3876 2632 3945 signiﬁcare,
2660 3889 2850 3943 nempe
2873 3873 3064 3929 fortem
3082 3889 3270 3945 quem-

1680 3969 1829 4035 libet,
1871 3979 2168 4039 potentem,
2208 3967 2398 4023 ducem
2437 3968 2723 4032 exercitus,
2764 3981 3031 4035 quemque
3072 3967 3271 4023 divitiis

1681 4062 2160 4127 circumﬂuentem,
2209 4070 2504 4130 totumque,
2551 4071 2606 4114 ut
2651 4064 2719 4114 ita
2760 4059 2956 4126 dicam,
2992 4059 3267 4113 hominum

1682 4155 1929 4209 decorem
1971 4168 2033 4207 ac
2086 4163 2248 4206 totam
2298 4151 2698 4217 fortitudinem,
2745 4161 2869 4205 tunc
2910 4151 3171 4205 abituram
3216 4160 3268 4205 et

1681 4245 1991 4301 solvendam
2018 4260 2175 4309 esse;
2206 4243 2444 4312 nihilque
2478 4242 2757 4311 patrocinii
2788 4242 3117 4311 profuturum
3147 4257 3268 4297 esse

1682 4338 1748 4393 ad
1780 4336 2131 4408 elfugiendam
2159 4337 2290 4391 iram
2319 4335 2434 4401 Dei,
2466 4351 2569 4389 non
2601 4335 2847 4388 virtutem
2877 4337 3136 4404 corporis,
3163 4349 3267 4389 non

1683 4430 2067 4500 experientiam
2099 4430 2245 4494 belli,
2281 4445 2382 4484 non
2415 4428 2756 4498 pecuniarum
2782 4428 3011 4497 copiam,
3042 4444 3146 4482 non
3179 4444 3270 4498 po-

1685 4524 1863 4579 tentia:
1887 4524 2209 4589 clientelam,
2238 4540 2342 4577 non
2384 4523 2654 4577 exercitus
2693 4521 3131 4591 magnitudinem,
3162 4537 3267 4575 non

1684 4617 1827 4673 aliud
1848 4616 2119 4687 quidpiam
2160 4616 2351 4671 simile.
2389 4613 2593 4669 Cedros
2627 4625 2809 4669 autem
2851 4613 3036 4667 Libani
3071 4630 3272 4668 luctuo-

1685 4725 1788 4780 rat,
1819 4712 1941 4783 quia
1978 4711 2047 4765 ibi
2093 4712 2321 4765 maxime
2370 4710 2605 4762 nascitur
2654 4709 2767 4762 haec
2809 4707 2988 4770 arbor,
3037 4707 3119 4762 vel
3150 4708 3271 4777 quia

1687 4820 1774 4858 res
1794 4804 1901 4874 jam
1926 4804 2184 4874 proximm
2214 4810 2337 4855 sunt
2364 4802 2474 4870 (ir);
2503 4810 2775 4870 aspectum
2800 4815 2925 4854 vero
2949 4801 3021 4854 ait
3044 4800 3273 4867 pulchri.

1690 4896 1886 4952 tudinis
1924 4897 2157 4959 navium,
2186 4894 2431 4948 decorem
2466 4892 2657 4946 ducum
2687 4892 2972 4952 exercitus.
3011 4891 3100 4961 qui
3131 4891 3273 4944 divi-

1691 4991 1797 5056 tiis,
1814 4989 1978 5043 armis
1995 4999 2048 5043 et
2067 4986 2382 5042 satellitibus
2400 4984 2627 5054 stipandi
2648 4983 2838 5039 forent.
2862 4983 3079 5039 Videtur
3096 4994 3276 5039 autem

1752 5126 1768 5157 ¹
1802 5131 1945 5174 Juxta
1967 5121 2187 5185 saviLet
2210 5120 2385 5185 Μοιέει.Δ
2418 5122 2684 5185 legendum
2702 5128 2965 5185 Aesset:....
2986 5134 3152 5172 eorum
3192 5135 3279 5185 po-

1688 5186 1886 5238 tentium
1907 5191 1953 5235 et
1993 5184 2185 5248 divitias
2207 5182 2528 5248 metaphoricc
2558 5182 2875 5247 signiﬁcans;
2918 5190 2962 5234 et
2994 5197 3106 5234 cum
3145 5182 3277 5242 aspc-

1688 5256 1817 5299 ctum
1840 5247 2229 5312 pulchritudinis,
2257 5247 2376 5307 etc.;
2404 5249 2562 5312 minus
2582 5254 2738 5295 recte.

1754 5331 1828 5394 (a)
1840 5305 2103 5381 ttebraicus
2121 5305 2290 5380 textus
2308 5305 2459 5413 pum
2480 5305 2640 5383 urbe.

1755 5423 1829 5534 (b3
1846 5431 1939 5473 Non
1962 5424 2082 5472 satis
2103 5422 2341 5485 perspicio
2363 5420 2478 5484 quid
2501 5422 2591 5469 sibi
2618 5419 2738 5469 velit
2760 5418 3145 5483 Chrysostomus,
3172 5432 3280 5468 cum

1755 5526 1757 5532 ,
1780 5490 1793 5534 i
1830 5500 1891 5534 eo
1913 5485 2089 5534 cedros
2109 5484 2269 5533 Libani
2292 5484 2373 5532 bic
2394 5483 2673 5534 memorari.
2699 5486 2811 5534 quia
2835 5496 2935 5534 res.
2969 5495 3149 5534 nempe
3173 5495 3280 5534 qua:

1690 5483 1891 5537 ait‘ideo
1913 5485 2089 5535 cedros
2105 5483 2269 5533 Libani
2292 5483 2673 5541 bic’memorari,
2699 5486 2811 5545 quia
2835 5496 2935 5540 res,
2969 5495 3149 5543 nempe
3173 5495 3281 5543 qua:

1691 5548 2097 5611 praedicebantur,
2118 5547 2215 5608 jam
2239 5545 2471 5611 proxima:
2488 5553 2647 5611 erant.
2674 5544 2746 5611 Au
2766 5545 2878 5606 quia
2898 5545 3141 5605 proximus
3178 5550 3282 5594 erat

1690 5607 1869 5660 ludatur
1891 5607 2227 5671 Libauus,’per
2249 5608 2424 5671 cedros
2453 5607 2616 5671 Libani
2639 5607 2830 5671 excisas
2867 5618 3016 5667 prore
3039 5618 3166 5671 esse
3199 5615 3283 5653 res

1692 5676 2037 5738 prmnuntiatas
2072 5666 2286 5719 dixerit?
2322 5676 2389 5719 Ne
2435 5671 2504 5719 sic
2540 5668 2739 5731 quidem
2776 5666 2883 5718 haec
2926 5666 3168 5733 quadrare
3210 5677 3275 5714 vs-

1699 5742 1893 5785 deulut‘.
