3674 6276
404 224 474 280 39
1187 212 1245 270 S.
1282 209 1562 270 JOANNIS
1596 202 2069 264 CIIBYSOSTOMI
2106 201 2427 259 ARCIIIEP.
2470 203 3003 261 CONSTANTINOP.

403 334 533 392 mihi
559 328 899 388 subiudicat‘e
934 327 1275 398 longinquam
1306 323 1656 380 barbarorum
1689 318 1981 390 expeditio-

401 440 546 481 nem.
575 423 655 479 18.
687 419 754 475 Et
775 422 1069 490 manufacta
1096 416 1266 472 omnia
1286 414 1611 478 abscondent,
1640 414 1726 468 l9.
1756 412 1991 475 [aferen-

401 528 474 572 tes
496 533 555 571 ea
589 516 644 570 in
685 529 927 569 cavernas
968 527 1031 565 ac
1068 509 1316 564 scissuras
1347 520 1633 579 petrarum,
1664 513 1711 559 et
1736 503 1791 556 in
1821 506 1989 571 foveas

402 624 570 674 terra),
600 626 633 662 a
663 607 791 680 facie
817 605 1011 659 timoris
1042 600 1268 665 Domini,
1311 609 1361 654 et
1409 615 1440 651 a
1482 597 1646 669 gloria
1674 592 1989 664 fortitudinis

398 708 528 772 ejus,
558 717 671 755 cum
711 696 982 751 surrexerit
1008 694 1076 748 ad
1102 691 1476 764 percutiendum
1500 697 1703 742 terram.
1738 685 1986 751 Tantum,

402 793 592 863 inquit,
622 790 813 856 aberit,
842 798 899 842 ut
926 799 1111 841 eorum
1138 782 1210 837 dii
1240 780 1434 849 aliquid
1473 777 1592 847 Opis
1626 775 1818 829 afferre
1860 788 1987 844 pos-

401 888 526 947 sint,
560 892 613 935 ut
646 881 717 935 illi
752 881 1022 935 hominum
1048 874 1247 929 auxilio
1272 886 1405 943 opus
1431 869 1661 925 habituri
1700 867 1826 931 sint,
1857 880 1987 922 nec-

404 992 508 1030 nuu
536 974 774 1028 locorum
797 971 981 1036 tutela,
1011 978 1070 1022 ut
1101 981 1167 1021 ue
1205 963 1497 1032 capiantur,
1544 958 1589 1013 Α
1622 958 1751 1031 facie
1794 956 1989 1011 timoris

403 1067 630 1129 Domini,
662 1074 709 1117 et
747 1080 779 1115 a
817 1062 985 1133 gloria
1028 1056 1339 1131 fortitudinis
1382 1056 1511 1125 ejus,
1561 1069 1673 1105 cum
1717 1050 1989 1105 surrexerit

392 1169 664 1229 percutere
687 1166 891 1209 terram.
920 1150 996 1206 Ne
1024 1149 1143 1219 quis
1166 1147 1308 1203 enim
1333 1146 1676 1199 barbarorum
1704 1139 1986 1210 irruptioni

402 1251 516 1305 bace
546 1254 787 1317 imputet,
820 1258 952 1300 neve
981 1242 1250 1297 existimet
1295 1238 1541 1291 timorem
1579 1248 1645 1289 ex
1675 1247 1861 1289 eorum
1888 1246 1987 1302 po-

403 1346 566 1401 tentia
598 1341 898 1412 provenire,
951 1348 1256 1392 sermonem
1306 1329 1469 1385 refl-rt
1505 1327 1571 1383 ad
1620 1327 1988 1380 universorum

403 1439 592 1502 Deum,
623 1435 830 1498 dicens,
855 1446 976 1486 eum
1009 1425 1129 1482 belli
1174 1424 1397 1494 hujusce
1423 1420 1611 1475 ducem
1647 1417 1904 1478 futurum,
1934 1423 1989 1469 et

402 1531 471 1583 ab
513 1544 578 1584 eo
619 1534 932 1597 potestatem
965 1536 1084 1578 esse
1127 1521 1179 1573 iu
1218 1526 1367 1572 tanto
1414 1513 1648 1584 periculo
1684 1508 1988 1566 vindicandi

398 1621 602 1675 scelera
628 1620 739 1688 jam
779 1614 1030 1669 admissa.
1060 1611 1149 1665 20.
1193 1608 1293 1663 Die
1326 1608 1457 1661 enim
1500 1605 1591 1658 illa
1637 1602 1799 1674 ejiciet
1840 1600 1988 1655 homo

401 1710 797 1766 abominationes
821 1722 938 1759 suas
980 1712 1240 1773 argenteas
1278 1710 1328 1752 et
1364 1712 1566 1758 aureas,
1611 1710 1737 1763 quas
1766 1696 1989 1763 fecerunt

402 1806 491 1859 sibi
519 1803 642 1873 ipsis
670 1811 723 1853 ut
749 1799 1020 1852 adorarent
1059 1793 1231 1849 inania
1263 1807 1358 1845 sua
1396 1801 1443 1844 et
1472 1787 1865 1857 vespertiliones,
1893 1783 1985 1838 21.

402 1896 472 1949 ad
495 1890 877 1963 ingrediendum
907 1889 960 1940 in
988 1887 1177 1941 solidas
1198 1893 1386 1953 petras,
1416 1890 1464 1936 et
1482 1881 1535 1934 in
1555 1880 1802 1933 scissuras
1824 1884 1991 1945 petra-

399 2003 514 2041 runt
540 2004 570 2039 a
603 1985 732 2055 facie
753 1982 945 2036 timoris
974 1977 1198 2038 Domini,
1228 1987 1271 2030 et
1292 1992 1323 2028 a
1340 1974 1502 2046 gloria
1524 1968 1837 2041 fortitudinis
1858 1967 1985 2037 ejus,

400 2096 515 2132 cum
543 2077 869 2130 resurrexerit
911 2072 980 2125 ad
1027 2069 1397 2139 percutiendum
1445 2074 1650 2119 terram.
1698 2062 1838 2117 Satis
1883 2070 1991 2115 tra-

403 2172 553 2226 duxit
579 2185 693 2234 eos,
723 2167 1013 2223 ostendens
1036 2164 1180 2234 ipsos
1206 2177 1327 2216 cum
1358 2159 1459 2213 diis
1483 2160 1595 2213 suis
1618 2156 1912 2219 delituisse,
1935 2162 1991 2210 et

404 2268 455 2320 in
488 2274 683 2319 terram
728 2276 786 2316 se
814 2260 1102 2320 abdidisse,
1153 2272 1324 2325 neque
1362 2252 1602 2307 materize
1631 2250 1858 2322 pretium
1886 2249 1988 2304 ali-

403 2356 527 2427 quid
574 2353 693 2423 opis
739 2352 983 2405 conferre
1027 2347 1262 2418 potuisse
1311 2344 1620 2400 imminente
1662 2340 1986 2396 calamitate.

405 2451 545 2505 ldola
576 2462 735 2518 porro
760 2443 1164 2515 vespertiliones
1194 2439 1419 2501 vocavit,
1448 2437 1562 2492 sive
1598 2434 1668 2490 ob
1712 2433 1992 2489 imbecilli-

404 2551 592 2606 tatem,
621 2539 736 2594 sive
764 2537 833 2593 ob
858 2533 1062 2592 erroris
1087 2531 1353 2592 tenebras,
1380 2538 1436 2584 et
1458 2528 1581 2599 quia
1609 2526 1785 2582 omnia
1815 2540 1845 2579 a
1874 2523 1987 2579 ἀωο

402 2633 648 2689 monibus
692 2631 831 2684 clam
877 2634 1153 2698 geruntur.
1201 2617 1660 2691 Quemadmodum
1704 2617 1847 2674 enim
1891 2629 1986 2670 ve-

399 2722 799 2795 spertilionibus
823 2719 902 2774 sol
930 2718 1173 2773 inimicus
1197 2723 1277 2769 est
1304 2720 1360 2768 et
1385 2712 1473 2766 lux
1500 2723 1731 2781 quoque,
1759 2722 1864 2762 nox
1889 2721 1988 2761 au-

404 2826 507 2868 tum
536 2824 591 2869 et
614 2813 848 2867 tenebrm
868 2809 1052 2863 amicm
1072 2816 1196 2860 sunt
1223 2823 1236 2859 :
1267 2806 1341 2858 sic
1378 2812 1433 2858 et
1464 2801 1818 2867 d:emouibus,
1846 2808 1898 2854 et
1923 2799 1990 2855 iis

401 2924 536 2979 quos
562 2909 613 2961 in
638 2917 875 2960 errorem
896 2899 1249 2962 deduxerunt,
1276 2895 1506 2965 nequitia
1533 2903 1587 2949 et
1614 2893 1788 2962 iniqua
1809 2891 1987 2944 omnia

404 3000 678 3057 familiaria
709 3005 831 3053 sunt
857 3005 909 3050 et
933 2994 1125 3058 amica,
1158 2990 1324 3045 virtus
1350 2996 1531 3043 autem
1572 2995 1626 3040 et
1663 2997 1827 3053 opera
1855 2983 1988 3037 lucis

403 3094 614 3150 inimica
643 3100 789 3155 sunt,
823 3089 990 3159 iisque
1011 3083 1434 3156 splendentibus,
1464 3082 1642 3136 statim
1670 3080 1743 3134 illi
1770 3078 1987 3135 obtene-

403 3189 646 3251 brautur,
664 3198 786 3239 cum
808 3189 994 3237 contra
1022 3178 1177 3248 isqui
1199 3178 1394 3231 virtute
1413 3173 1669 3246 praeditus
1694 3172 1823 3227 vivit
1844 3172 1989 3227 nullo

401 3282 583 3335 labore
627 3278 709 3331 vel
751 3274 944 3329 sudore
972 3280 1145 3343 egeat.
1180 3269 1392 3326 Sufﬁcit
1424 3269 1566 3322 enim
1604 3278 1664 3320 ut
1708 3266 1793 3320 ille
1822 3279 1988 3334 appa-

403 3381 537 3431 rcat,
568 3371 851 3437 omniaque
890 3365 979 3420 illa
1017 3364 1397 3418 dissolvuntur.
1436 3359 1528 3413 22.
1565 3358 1815 3423 Quiescite
1852 3357 1988 3411 vobis

400 3465 461 3516 ab
490 3463 709 3522 homine,
737 3461 883 3531 cujus
909 3469 981 3513 est
1011 3456 1276 3527 respiratio
1301 3455 1354 3508 in
1378 3453 1583 3507 naribus
1605 3453 1715 3523 eius
1747 3469 1764 3505 :
1793 3452 1911 3519 quia
1936 3452 1987 3504 in

403 3572 503 3623 quo
528 3554 652 3623 ipsis
675 3560 935 3621 reputatus
960 3558 1031 3603 est
1052 3549 1133 3601 hic
1149 3548 1175 3601 .9
1203 3546 1298 3601 llic
1320 3546 1447 3600 mihi
1477 3545 1684 3600 videtur
1706 3543 1988 3605 Ezechiam

401 3644 757 3704 subindicare.
787 3641 875 3710 qui
909 3655 1016 3709 prae
1043 3640 1235 3693 timore
1264 3646 1319 3692 et
1356 3651 1559 3706 angore
1596 3645 1865 3693 extremos
1891 3635 1987 3690 ba-

401 3740 528 3793 litus
554 3734 786 3788 alllabat.
826 3732 957 3799 Quia
988 3731 1145 3799 igitur
1185 3729 1392 3783 barbari
1428 3744 1551 3784 eum
1596 3728 1746 3798 quasi
1790 3728 1990 3783 retibus

403 3830 753 3895 interceptum
802 3824 1077 3888 habentes,
1129 3830 1364 3890 paratam
1394 3820 1495 3874 sibi
1526 3819 1759 3889 prwdam
1806 3828 1990 3873 tenere

403 3922 677 3991 putabant,
707 3932 876 3987 neque
902 3915 1001 3969 sibi
1037 3915 1215 3968 labore
1245 3928 1380 3982 Opus
1410 3927 1528 3966 esse
1556 3912 1624 3966 ad
1669 3911 1852 3967 urbem
1895 3927 1988 3966 ca-

404 4014 670 4086 piendam,
712 4020 910 4065 etcum
937 4010 1201 4078 captivum
1237 4005 1627 4070 abducendum,
1660 4005 1986 4059 contrarium

402 4105 642 4161 barbaris
666 4103 877 4158 accidit.
912 4101 1034 4155 Ideo
1061 4100 1156 4161 ait,
1198 4099 1449 4166 Quiescite
1484 4098 1545 4150 ab
1581 4099 1802 4163 homine,
1843 4097 1990 4167 cujus

400 4209 472 4253 est
496 4197 765 4266 respiratio
788 4196 838 4248 in
866 4192 1074 4247 naribus
1103 4192 1211 4263 ejus
1238 4207 1257 4245 :
1281 4192 1401 4262 quia
1426 4191 1475 4243 in
1494 4206 1599 4261 quo
1626 4191 1748 4260 ipsis
1787 4200 1992 4260 repulu-

401 4300 482 4343 tus
531 4300 603 4344 est
644 4288 764 4342 hic?
801 4286 855 4341 ld
889 4295 992 4351 est,
1022 4285 1075 4340 in
1122 4284 1277 4338 nullo
1321 4291 1591 4352 reputatus
1639 4290 1737 4336 est.
1778 4281 1988 4337 Etenim

404 4383 554 4453 quasi
587 4397 681 4450 per
706 4380 1077 4435 excursionem
1107 4390 1165 4431 se
1193 4376 1368 4430 omnia
1395 4375 1698 4429 sublaturos
1718 4388 1839 4429 esse
1864 4389 1983 4444 spe-

409 4473 633 4537 rabant;
665 4470 757 4525 sed
783 4468 1112 4523 contrarium
1143 4481 1361 4535 prorsus
1389 4465 1620 4530 accidit;
1652 4473 1713 4518 et
1731 4463 1823 4532 qui
1850 4480 1880 4517 a
1903 4479 1993 4517 vo-

410 4568 493 4620 bis
523 4580 616 4633 pro
658 4563 825 4618 nihilo
854 4561 1195 4633 reputabatur
1221 4569 1637 4629 expugnatuque
1667 4559 1856 4622 facilis,
1898 4558 1991 4613 Dei

408 4658 608 4713 auxilio
636 4660 820 4723 frctus,
852 4656 1090 4710 omnium
1111 4653 1578 4723 splendidissimus
1602 4652 1898 4723 apparebit.

1032 4788 1258 4844 CAPUT
1295 4788 1383 4843 lll.

412 4915 457 4963 l.
493 4908 624 4961 Ecce
653 4906 951 4959 Domiuator
982 4903 1229 4957 Dominus
1260 4903 1483 4958 Sabaoth
1506 4906 1700 4975 auferet
1729 4904 1792 4957 de
1808 4902 1996 4957 Judtea

693 5009 737 5051 et
765 4998 826 5050 de
849 4995 1135 5050 Jerusalem
1156 4995 1375 5048 validum
1402 5005 1447 5047 et
1468 4994 1708 5047 validam.

483 5113 532 5165 l.
578 5108 1035 5176 Quemadmodum
1063 5108 1293 5177 optinms
1340 5107 1597 5172 medicus,
1627 5106 1789 5161 modo
1810 5122 1993 5173 urens,

414 5205 575 5259 unedo
599 5216 808 5267 secans,
839 5201 997 5254 modo
1026 5215 1203 5253 amara
1247 5198 1478 5253 offerens
1498 5198 1754 5260 remedia,
1779 5206 1999 5267 mgroto-

412 5313 528 5351 rum
581 5295 795 5350 sanitati
843 5302 958 5348 arte
988 5293 1377 5363 prOSpicit;sic
1419 5302 1474 5345 ct
1526 5291 1784 5361 benignus
1833 5291 1995 5357 Deus,

415 5390 576 5447 variis
606 5397 660 5444 et
684 5386 910 5442 diversis
931 5385 1223 5455 suppliciis,
1253 5385 1394 5455 quod
1417 5384 1694 5440 diffluebat
1713 5394 1769 5440 et
1790 5383 1994 5454 lapsum

408 5487 524 5533 erat
547 5480 688 5548 apud
736 5479 951 5537 Iudaeos
987 5479 1378 5548 ecastriugeus,
1440 5478 1600 5533 modo
1649 5478 1998 5534 barbarorum

410 5571 715 5629 incursione
764 5575 1001 5643 ingratos
1062 5572 1349 5637 terrefaeit,
1398 5572 1559 5627 modo
1607 5582 1733 5626 ante
1787 5572 1998 5627 illorum

416 5667 743 5724 invasionem
768 5669 884 5725 aliis
914 5666 1037 5725 illos
1062 5668 1580 5725 interminatitmilms
1608 5667 1869 5737 reprimit,
1894 5667 1999 5721 mi-

2098 332 2288 372 narum
2313 319 2571 374 varietate
2601 320 2898 375 imminenti
2948 318 3231 375 formidine
3256 320 3516 377 continuo
3567 336 3643 392 pc‘

2096 411 2322 467 cellens.
2350 412 2500 468 Nunc
2530 414 2709 483 itaque
2738 416 3102 469 infirmitatem
3131 414 3260 484 ipsis
3283 415 3644 471 interminato

2096 513 2150 559 et
2176 503 2369 559 famem
2391 514 2445 560 et
2465 504 2782 569 siccitatem,
2818 521 2923 561 non
2968 505 3185 576 quidem
3204 521 3383 563 rerum
3432 523 3644 564 necess:

2095 597 2318 661 riarum,
2351 596 2445 652 sed
2472 612 2654 652 earum
2685 613 2804 669 qua:
2842 612 2948 652 non
2978 597 3154 652 minus
3180 606 3316 668 aptae
3339 608 3465 654 sunt
3500 599 3568 652 ad
3622 616 3644 651 ν

2098 699 2203 743 tam
2256 688 2701 745 conservandam.
2732 688 2850 744 Non
2882 690 3025 744 enim
3076 689 3242 745 fames
3284 689 3457 744 solum
3516 706 3644 761 grav

2094 789 2198 848 est,
2221 780 2315 836 sed
2335 795 2496 852 grave
2521 781 2679 836 etiam
2707 790 2788 837 est
2815 796 2937 835 cum
2956 780 3134 835 nullus
3161 780 3314 836 adest
3333 782 3423 852 qui
3471 797 3644 849 remp!

2094 871 2286 928 blicam
2311 872 2674 937 administret;
2706 873 2756 926 id
2783 872 2923 942 quod
2953 888 3133 927 rerum
3152 871 3360 942 copiam
3392 872 3532 927 fame
3576 890 3644 925 ml

2095 966 2367 1022 lestiorem
2394 967 2620 1022 reddere
2644 966 2802 1021 solet.
2834 965 2970 1033 Quid
3001 966 3144 1021 enim
3173 966 3415 1020 utilitatis
3436 974 3520 1020 est
3571 982 3641 1018 cn

2093 1076 2192 1117 ceu
2212 1077 2278 1117 ex
2304 1060 2536 1116 fontibus
2554 1061 2733 1115 omnia
2760 1059 2933 1115 fluunt
2953 1102 2968 1124 ,
2990 1059 3036 1115 si
3064 1060 3236 1114 civilia
3261 1059 3398 1115 bella
3420 1061 3643 1113 oriantn

2092 1162 2147 1208 et
2174 1167 2320 1208 mare
2348 1153 2681 1217 intumescat,
2715 1152 3211 1219 insanientibusque
3239 1150 3486 1205 lluctilms
3514 1168 3639 1219 nqu

2092 1246 2435 1315 gubernator,
2466 1261 2639 1316 neque
2700 1245 2765 1299 ad
2811 1260 3021 1314 proram
3062 1246 3275 1312 sedens,
3333 1261 3509 1316 neque
3550 1246 3644 1298 alii

2094 1339 2355 1408 quispiam
2405 1337 2543 1393 adsit
2590 1338 2677 1408 qui
2722 1336 2891 1408 possit
2934 1337 3266 1407 negotiorum
3313 1346 3643 1406 tempestate

2094 1429 2345 1500 dirigere,
2366 1438 2421 1484 et
2475 1429 2909 1498 tranquillitatem
2939 1426 3271 1483 conciliare?
3306 1426 3531 1495 Quando
3592 1442 3644 1481 at

2096 1531 2200 1577 tem
2230 1520 2467 1577 cumbis
2506 1520 2672 1575 fames
2720 1521 2881 1575 etiam
2928 1520 3117 1584 adest,
3164 1519 3333 1591 cogita
3382 1529 3582 1589 quanta
3633 1532 3644 1571 ε

2094 1614 2354 1668 malorum
2374 1610 2565 1668 moles.
2605 1613 2729 1666 llzcc
2751 1614 2925 1681 itaque
2939 1615 3113 1666 omnia
3137 1611 3495 1665 comminatur
3516 1611 3644 1663 Dein

2094 1706 2431 1776 primumque
2454 1712 2540 1761 est
2556 1704 2792 1759 omnium
2820 1704 3218 1773 gravissimum.
3246 1700 3378 1755 Ecce
3406 1703 3577 1767 enim,
3616 1704 3644 1757 il

2093 1800 2227 1867 quit,
2282 1796 2581 1850 Dominator
2610 1794 2855 1850 Dominus
2901 1794 3147 1848 Sabaoth.
3184 1793 3291 1847 llac
3338 1808 3487 1859 voce,
3542 1792 3644 1845 Ecr

2092 1903 2237 1958 saepe
2262 1888 2532 1958 prophetze
2556 1897 2791 1944 utuntur.
2824 1885 3038 1957 quando
3067 1885 3366 1939 auditorem
3397 1885 3465 1939 de
3522 1884 3639 1937 reb:

2094 1996 2211 2050 qum
2238 1980 2441 2044 dicunt,
2472 1980 2755 2034 certiorem
2780 1978 2950 2033 facere
2966 1977 3169 2031 volunt.
3201 1975 3315 2031 Non
3344 1975 3430 2030 hic
3454 1984 3644 2029 tantum

2093 2075 2185 2129 sed
2213 2074 2371 2129 etiam
2413 2073 2658 2143 superius
2683 2082 2736 2125 ct
2762 2088 2789 2123 a
2823 2070 3078 2142 principio
3109 2069 3289 2123 videre
3320 2078 3422 2133 est,
3465 2084 3637 2138 pccca

2094 2182 2407 2237 corpoream
2463 2167 2821 2227 inﬁrmitatem
2878 2179 3020 2234 saepe
3084 2162 3445 2233 praecessisse,
3526 2171 3586 2215 ut

2094 2259 2224 2315 Cain
2260 2277 2275 2313 :
2304 2260 2428 2330 quia
2453 2260 2593 2314 enim
2618 2258 2810 2312 robore
2835 2255 3075 2324 corporis
3104 2268 3210 2309 non
3236 2263 3384 2308 recte
3413 2269 3549 2307 usus
3592 2268 3644 2309 es

2087 2349 2208 2419 jure
2231 2350 2284 2404 in
2316 2349 2601 2420 paralysim
2655 2347 2858 2403 incidit.
2889 2347 2978 2403 Sic
3002 2347 3159 2399 etiam
3185 2348 3233 2401 ei
3271 2345 3359 2415 qui
3407 2344 3475 2399 ad
3535 2346 3644 2415 piso

2094 2458 2216 2497 nam
2243 2441 2502 2497 sedebat:
2527 2441 2648 2511 quia
2689 2440 2948 2512 paralysis
2974 2439 3125 2509 origo
3158 2448 3369 2506 peccata
3401 2448 3583 2500 erant,
3629 2452 3644 2489 ε

2092 2537 2338 2592 Christus
2364 2533 2542 2590 :Ecce
2564 2551 2717 2589 sanus
2743 2538 2909 2613 factus
2949 2549 3021 2597 es,
3074 2532 3181 2586 noli
3226 2532 3446 2600 amplius
3480 2548 3643 2599 pct'Ctt

2093 2628 2287 2699 (Joan.
2312 2629 2368 2685 5.
2397 2629 2461 2683 14
2483 2626 2524 2701 ).
2551 2627 2744 2682 Paulus
2765 2640 2973 2696 quoque
2997 2625 3108 2680 ait:
3137 2622 3264 2677 Ideo
3281 2623 3418 2694 apud
3441 2639 3529 2677 vos
3556 2639 3644 2674 mu

2092 2724 2128 2776 ti
2150 2722 2379 2793 inﬁrmi(
2398 2723 2448 2776 1.
2483 2721 2601 2776 Cor.
2634 2721 2718 2775 ll.
2747 2720 2817 2775 30
2843 2719 3026 2790 );quia
3056 2716 3369 2788 peccabaut,
3390 2716 3537 2786 quod
3584 2734 3635 2767 ιι(

2093 2830 2222 2886 pura
2253 2814 2577 2873 conscientia
2608 2813 2981 2885 mysteriorum
3011 2808 3296 2879 participes
3318 2816 3522 2861 essent.
3559 2806 3641 2859 Fo

2093 2908 2353 2962 uicarium
2382 2921 2593 2977 quoque
2639 2903 2929 2960 infirmitati
2982 2902 3223 2973 corporis
3253 2901 3449 2966 tradit,
3482 2900 3585 2953 has
3634 2920 3644 2954 ‹

2093 3002 2327 3070 peccatis
2374 3014 2557 3069 poenas
2603 3006 2873 3067 repetens.
2901 2994 3082 3065 Neque
3101 3002 3275 3048 tamen
3302 3007 3517 3062 semper
3540 2992 3639 3045 inii

2093 3093 2251 3148 milas
2285 3102 2367 3148 est
2413 3100 2747 3161 peccatorum
2796 3090 2960 3153 ultio,
3004 3087 3098 3143 sed
3148 3085 3432 3158 aliquando
3470 3100 3644 3140 cornu

2095 3185 2316 3240 materia
2334 3194 2435 3250 est,
2471 3192 2529 3238 ut
2572 3184 2623 3238 in
2657 3183 2858 3237 Lazaro
2908 3180 3041 3235 etin
3075 3177 3230 3233 Jobo.
3303 3176 3411 3232 Nec
3457 3176 3644 3230 infirm

2093 3286 2230 3332 tates
2258 3286 2482 3341 tantum,
2513 3274 2605 3330 sed
2633 3285 2688 3329 et
2715 3274 2818 3328 alia
2847 3271 3088 3342 corporis
3133 3267 3467 3324 incommoda
3497 3283 3529 3321 a
3566 3285 3643 3337 pe

2092 3372 2225 3424 catis
2274 3377 2394 3423 orta
2442 3378 2587 3433 sunt,
2614 3375 2672 3421 ut
2701 3364 2843 3421 Oziae
2891 3364 3057 3432 lepra,
3107 3362 3177 3416 ob
3215 3361 3375 3414 animi
3405 3358 3643 3430 itnpude

2095 3464 2221 3518 tiam
2243 3502 2259 3529 ,
2293 3470 2351 3516 ut
2379 3458 2681 3517 Jeroboami
2713 3457 2853 3529 regis
2879 3469 3067 3511 manus
3091 3452 3391 3515 ariditatem
3432 3465 3644 3520 perpcs

2093 3567 2215 3624 est,
2269 3555 2340 3617 ob
2408 3555 2761 3625 arrogantiam
2810 3559 2866 3606 et
2926 3546 3231 3619 superbiam
3293 3545 3430 3614 ejus.
3485 3543 3644 3614 Ling:

2095 3665 2308 3722 quoque
2359 3648 2631 3704 Zacharizc
2677 3660 2783 3701 non
2834 3639 3047 3696 aliunde
3076 3639 3234 3709 ligata
3260 3637 3398 3703 est‘,
3427 3650 3601 3706 quam
3636 3655 3644 3686 ς

2090 3746 2285 3803 anima:
2322 3751 2629 3813 peccatum.
2674 3738 2932 3805 Quoniam
2965 3734 3120 3803 igitur
3153 3730 3353 3787 ludatis
3378 3730 3520 3785 bona
3547 3729 3639 3782 val

2092 3837 2224 3892 tudo
2273 3844 2331 3890 et
2374 3835 2541 3890 robur
2592 3831 2853 3901 corporis,
2909 3840 3102 3896 resque
3156 3837 3469 3893 prosperaz,
3542 3836 3644 3876 arr

2093 3931 2285 4001 gantize
2336 3929 2548 3983 occasio
2594 3925 2824 3988 fuerant,
2869 3918 3185 3990 arrogantia:
3210 3915 3444 3971 radicem
3478 3916 3644 3969 subtr

2095 4030 2172 4079 xit
2226 4025 2399 4086 Deus,
2450 4016 2933 4075 commonefaciens
2995 4014 3114 4067 illos
3166 4020 3221 4066 et
3270 4009 3333 4064 ad
3404 4010 3643 4062 meliore

2095 4117 2297 4185 frugem
2327 4113 2607 4174 reducens,
2629 4110 2937 4180 majoraque
2962 4106 3115 4171 dans,
3146 4116 3303 4172 quam
3357 4100 3489 4171 ipsis
3539 4098 3644 4154 auf

2096 4209 2264 4263 rebat.
2287 4205 2425 4271 Quid
2460 4204 2602 4259 enim
2647 4198 2957 4257 detrimenti
2986 4203 3103 4252 erat
3127 4207 3352 4262 corpore
3396 4202 3644 4260 mgrotar

2095 4300 2139 4354 si
2169 4297 2293 4352 hinc
2321 4295 2687 4351 institueretur
2741 4288 2959 4343 anima?
2993 4286 3188 4341 Deinde
3220 4298 3285 4338 ne
3331 4290 3591 4351 putarent
3642 4300 3643 4303 η

2093 4408 2161 4447 ex
2184 4398 2391 4447 natura:
2420 4385 2727 4442 infirmitate
2758 4381 3070 4453 procedere,
3100 4378 3149 4431 id
3192 4385 3509 4431 eventurum
3568 4391 3644 4442 Pri

2096 4478 2553 4553 phetaprzedixit,
2599 4490 2771 4547 neque
2821 4475 2964 4531 \iros
3003 4480 3203 4526 tantum
3258 4468 3416 4522 minis
3474 4469 3643 4522 terrui

2099 4574 2189 4629 Sed
2219 4587 2428 4642 pmuam
2458 4568 2774 4625 mulieribus
2803 4579 3011 4636 quoque
3039 4561 3350 4624 transmisit,
3382 4560 3508 4628 quia
3553 4569 3644 4614 ulc

2095 4679 2201 4735 que
2231 4677 2391 4718 sexus
2416 4670 2697 4731 corruptus
2735 4666 2868 4723 erat,
2898 4654 3033 4711 etin
3087 4666 3370 4723 progressu
3422 4650 3492 4704 ad
3555 4650 3644 4720 ips

2100 4758 2351 4812 umlieres
2377 4769 2678 4812 sermonem
2705 4752 2903 4822 dirigit,
2930 4757 3003 4813 et,
3031 4748 3098 4801 ob
3124 4744 3351 4800 absurda
3395 4742 3644 4800 admodu

2097 4859 2263 4921 gesta,
2296 4848 2518 4904 crimina
2545 4846 2674 4917 ipsis
2696 4844 2869 4909 offert,
2898 4856 3017 4912 qua:
3044 4839 3227 4895 urbem
3250 4841 3419 4912 ipsam
3438 4851 3470 4892 a
3495 4836 3639 4901 fund

2100 4943 2293 4997 mentis
2341 4941 2639 4994 diruerunt.
2675 4934 2797 4995 Ideo
2826 4934 2943 4989 illas
2986 4931 3281 5002 pestilentia
3318 4927 3511 4998 afﬂigit
3542 4948 3557 4984 :
3616 4945 3644 5001 ῃ

2101 5035 2389 5090 stilentiam
2417 5032 2558 5087 enim
2601 5028 2729 5082 mihi
2761 5024 3096 5082 subindicare
3125 5022 3331 5076 videtur
3355 5036 3480 5075 cum
3527 5022 3643 5077 dici

2102 5126 2342 5195 Auferam
2366 5121 2623 5177 robustum
2646 5128 2692 5173 et
2711 5119 3001 5180 robustam;
3027 5115 3110 5170 vel
3158 5115 3320 5167 alium
3368 5127 3644 5181 corporeo

2104 5216 2347 5271 morbum
2376 5213 2701 5268 medicorum
2727 5210 2825 5264 arti
2869 5222 2973 5262 non
3002 5204 3300 5261 cedentem.
3334 5203 3499 5257 Tales
3554 5206 3644 5259 cui

2102 5319 2228 5364 sunt
2277 5307 2368 5361 Dei
2400 5306 2585 5376 plagae.
2621 5302 2793 5357 Robur
2819 5302 2963 5370 panis
2998 5307 3045 5352 et
3082 5298 3235 5351 robur
3256 5310 3422 5364 aqute.
3473 5294 3644 5349 Gravi

2105 5403 2237 5457 sima
2281 5400 2395 5453 bare
2436 5396 2666 5452 vindicta
2695 5403 2797 5459 est,
2824 5391 3035 5463 quando
3068 5406 3173 5445 non
3206 5390 3371 5458 ipsam
3400 5386 3545 5441 tollit
3575 5405 3643 5440 su

2104 5496 2374 5559 stantiam,
2404 5490 2498 5547 sed
2520 5489 2624 5544 vim
2654 5504 2718 5543 ex
2744 5503 2804 5542 ea
2838 5486 3010 5540 aufert
3039 5485 3292 5546 innatam,
3323 5480 3393 5535 ita
3425 5490 3488 5535 ut
3517 5482 3607 5536 vel
3638 5502 3644 5529 l

2163 5675 2179 5704 ¹
2205 5671 2352 5722 Juxta
2378 5671 2504 5732 lleg.
2530 5670 2583 5715 et
2602 5668 2712 5716 Sav.
2742 5662 2941 5727 legitur,
2967 5660 3134 5711 cdorta
3169 5660 3258 5712 est,
3286 5669 3392 5718 pro,
3419 5652 3578 5716 ligula
3600 5668 3644 5703 et
