  <div class='ocr_page' id='page_1' title='image "/cluster/home/n/w/nwhite01/storage/ocr_20150623/56/hvd.32044019304435/044.png"; bbox 0 0 3712 6274; ppageno 0'>
   <div class='ocr_carea' id='block_1_1' title="bbox 84 292 1592 365">
    <p class='ocr_par' dir='ltr' id='par_1_1' title="bbox 84 292 1592 365">
     <span class='ocr_line' id='line_1_1' title="bbox 84 292 1592 365; baseline 0 -18"><span class='ocrx_word' id='word_1_1' title='bbox 84 313 115 365; x_wconf 77' lang='grc' dir='ltr'><strong>ι,</strong></span> <span class='ocrx_word' id='word_1_2' title='bbox 1278 292 1340 348; x_wconf 86' lang='lat' dir='ltr'><strong>IN</strong></span> <span class='ocrx_word' id='word_1_3' title='bbox 1380 292 1592 348; x_wconf 69' lang='lat' dir='ltr'><strong>ISAIAM</strong></span> 
     </span>
    </p>
   </div>
   <div class='ocr_carea' id='block_1_2' title="bbox 1775 292 3285 365">
    <p class='ocr_par' dir='ltr' id='par_1_2' title="bbox 1775 292 3285 354">
     <span class='ocr_line' id='line_1_2' title="bbox 1775 292 3285 354; baseline 0.002 -6"><span class='ocrx_word' id='word_1_4' title='bbox 1775 292 1814 348; x_wconf 53' lang='grc' dir='ltr'><strong>ἓ.</strong></span> <span class='ocrx_word' id='word_1_5' title='bbox 1855 292 1944 352; x_wconf 85' lang='lat' dir='ltr'><strong>ill.</strong></span> <span class='ocrx_word' id='word_1_6' title='bbox 3211 295 3285 354; x_wconf 61' lang='grc' dir='ltr'><strong>ιτα.</strong></span> 
     </span>
    </p>
   </div>
   <div class='ocr_carea' id='block_1_3' title="bbox 78 398 1583 493">
    <p class='ocr_par' dir='ltr' id='par_1_3' title="bbox 78 398 1583 493">
     <span class='ocr_line' id='line_1_3' title="bbox 78 398 1583 493; baseline -0.009 -17"><span class='ocrx_word' id='word_1_7' title='bbox 78 440 147 493; x_wconf 64' lang='lat' dir='ltr'><strong>gso</strong></span> <span class='ocrx_word' id='word_1_8' title='bbox 166 429 359 490; x_wconf 78' lang='lat' dir='ltr'><strong>aspectu</strong></span> <span class='ocrx_word' id='word_1_9' title='bbox 379 418 695 474; x_wconf 81' lang='lat' dir='ltr'><strong>crucientur</strong></span> <span class='ocrx_word' id='word_1_10' title='bbox 720 398 1006 481; x_wconf 77' lang='lat' dir='ltr'><strong>numquam</strong></span> <span class='ocrx_word' id='word_1_11' title='bbox 1033 409 1229 477; x_wconf 73' lang='lat' dir='ltr'><strong>satiati,</strong></span> <span class='ocrx_word' id='word_1_12' title='bbox 1276 418 1329 463; x_wconf 91' lang='lat' dir='ltr'><strong>et</strong></span> <span class='ocrx_word' id='word_1_13' title='bbox 1353 408 1475 463; x_wconf 92' lang='lat' dir='ltr'><strong>hinc</strong></span> <span class='ocrx_word' id='word_1_14' title='bbox 1501 410 1583 463; x_wconf 82' lang='lat' dir='ltr'><strong>in-</strong></span> 
     </span>
    </p>
   </div>
   <div class='ocr_carea' id='block_1_4' title="bbox 76 501 1589 583">
    <p class='ocr_par' dir='ltr' id='par_1_4' title="bbox 76 501 1589 583">
     <span class='ocr_line' id='line_1_4' title="bbox 76 501 1589 583; baseline -0.01 -15"><span class='ocrx_word' id='word_1_15' title='bbox 76 516 285 583; x_wconf 68' lang='lat' dir='ltr'><strong>alligatus</strong></span> <span class='ocrx_word' id='word_1_16' title='bbox 316 511 428 565; x_wconf 85' lang='lat' dir='ltr'><strong>Deo</strong></span> <span class='ocrx_word' id='word_1_17' title='bbox 463 510 755 564; x_wconf 76' lang='lat' dir='ltr'><strong>immissum</strong></span> <span class='ocrx_word' id='word_1_18' title='bbox 782 506 946 559; x_wconf 88' lang='lat' dir='ltr'><strong>fuisse</strong></span> <span class='ocrx_word' id='word_1_19' title='bbox 973 505 1123 557; x_wconf 90' lang='lat' dir='ltr'><strong>iram.</strong></span> <span class='ocrx_word' id='word_1_20' title='bbox 1153 503 1207 555; x_wconf 78' lang='lat'><strong>‘2.</strong></span> <span class='ocrx_word' id='word_1_21' title='bbox 1243 501 1505 572; x_wconf 71' lang='lat' dir='ltr'><strong>Giganlem</strong></span> <span class='ocrx_word' id='word_1_22' title='bbox 1544 511 1589 553; x_wconf 73' lang='lat' dir='ltr'><strong>et</strong></span> 
     </span>
    </p>
   </div>
   <div class='ocr_carea' id='block_1_5' title="bbox 72 594 1590 673">
    <p class='ocr_par' dir='ltr' id='par_1_5' title="bbox 72 594 1590 673">
     <span class='ocr_line' id='line_1_5' title="bbox 72 594 1590 673; baseline -0.007 -14"><span class='ocrx_word' id='word_1_23' title='bbox 72 617 271 671; x_wconf 59' lang='lat' dir='ltr'><strong>iam.</strong></span> <span class='ocrx_word' id='word_1_24' title='bbox 304 602 593 673; x_wconf 81' lang='lat' dir='ltr'><strong>Gigantem</strong></span> <span class='ocrx_word' id='word_1_25' title='bbox 642 614 853 669; x_wconf 83' lang='lat' dir='ltr'><strong>semper</strong></span> <span class='ocrx_word' id='word_1_26' title='bbox 904 598 1176 666; x_wconf 73' lang='lat' dir='ltr'><strong>Scriptum</strong></span> <span class='ocrx_word' id='word_1_27' title='bbox 1229 595 1417 649; x_wconf 90' lang='lat' dir='ltr'><strong>fortem</strong></span> <span class='ocrx_word' id='word_1_28' title='bbox 1454 594 1590 648; x_wconf 88' lang='lat' dir='ltr'><strong>solet</strong></span> 
     </span>
    </p>
   </div>
   <div class='ocr_carea' id='block_1_6' title="bbox 71 684 1590 759">
    <p class='ocr_par' dir='ltr' id='par_1_6' title="bbox 71 684 1590 759">
     <span class='ocr_line' id='line_1_6' title="bbox 71 684 1590 759; baseline -0.007 -10"><span class='ocrx_word' id='word_1_29' title='bbox 71 710 219 756; x_wconf 62' lang='lat' dir='ltr'><strong>mare,</strong></span> <span class='ocrx_word' id='word_1_30' title='bbox 241 694 322 748; x_wconf 88' lang='lat' dir='ltr'><strong>vel</strong></span> <span class='ocrx_word' id='word_1_31' title='bbox 350 708 479 747; x_wconf 88' lang='lat' dir='ltr'><strong>eum</strong></span> <span class='ocrx_word' id='word_1_32' title='bbox 507 691 597 759; x_wconf 91' lang='lat' dir='ltr'><strong>qui</strong></span> <span class='ocrx_word' id='word_1_33' title='bbox 624 688 967 759; x_wconf 88' lang='lat' dir='ltr'><strong>proportione</strong></span> <span class='ocrx_word' id='word_1_34' title='bbox 1008 685 1365 739; x_wconf 81' lang='lat' dir='ltr'><strong>membrorum</strong></span> <span class='ocrx_word' id='word_1_35' title='bbox 1409 684 1590 738; x_wconf 90' lang='lat' dir='ltr'><strong>multis</strong></span> 
     </span>
    </p>
   </div>
   <div class='ocr_carea' id='block_1_7' title="bbox 70 773 1592 840">
    <p class='ocr_par' dir='ltr' id='par_1_7' title="bbox 70 773 1592 840">
     <span class='ocr_line' id='line_1_7' title="bbox 70 773 1592 840; baseline -0.009 -1"><span class='ocrx_word' id='word_1_36' title='bbox 70 784 303 839; x_wconf 68' lang='lat' dir='ltr'><strong>ntecellat.</strong></span> <span class='ocrx_word' id='word_1_37' title='bbox 335 781 553 837; x_wconf 86' lang='lat' dir='ltr'><strong>Etenim</strong></span> <span class='ocrx_word' id='word_1_38' title='bbox 582 781 636 834; x_wconf 91' lang='lat' dir='ltr'><strong>in</strong></span> <span class='ocrx_word' id='word_1_39' title='bbox 678 779 967 840; x_wconf 89' lang='lat' dir='ltr'><strong>creatione,</strong></span> <span class='ocrx_word' id='word_1_40' title='bbox 992 790 1113 829; x_wconf 90' lang='lat' dir='ltr'><strong>cum</strong></span> <span class='ocrx_word' id='word_1_41' title='bbox 1140 774 1288 839; x_wconf 90' lang='lat' dir='ltr'><strong>dicit,</strong></span> <span class='ocrx_word' id='word_1_42' title='bbox 1339 773 1409 827; x_wconf 83' lang='lat' dir='ltr'><strong>Hi</strong></span> <span class='ocrx_word' id='word_1_43' title='bbox 1449 782 1592 827; x_wconf 78' lang='lat' dir='ltr'><strong>erant</strong></span> 
     </span>
    </p>
   </div>
   <div class='ocr_carea' id='block_1_8' title="bbox 66 863 1589 947">
    <p class='ocr_par' dir='ltr' id='par_1_8' title="bbox 66 863 1589 947">
     <span class='ocr_line' id='line_1_8' title="bbox 66 863 1589 947; baseline -0.01 -16"><span class='ocrx_word' id='word_1_44' title='bbox 66 882 253 947; x_wconf 47' lang='lat' dir='ltr'><strong>psum,</strong></span> <span class='ocrx_word' id='word_1_45' title='bbox 300 875 529 929; x_wconf 78' lang='lat' dir='ltr'><strong>homines</strong></span> <span class='ocrx_word' id='word_1_46' title='bbox 593 870 837 925; x_wconf 79' lang='lat' dir='ltr'><strong>nominati</strong></span> <span class='ocrx_word' id='word_1_47' title='bbox 878 866 1045 940; x_wconf 86' lang='lat' dir='ltr'><strong>(Gen.</strong></span> <span class='ocrx_word' id='word_1_48' title='bbox 1078 864 1247 935; x_wconf 67' lang='lat'><strong>6.4),</strong></span> <span class='ocrx_word' id='word_1_49' title='bbox 1303 880 1407 918; x_wconf 92' lang='lat' dir='ltr'><strong>non</strong></span> <span class='ocrx_word' id='word_1_50' title='bbox 1448 863 1589 917; x_wconf 81' lang='lat' dir='ltr'><strong>aliud</strong></span> 
     </span>
    </p>
   </div>
   <div class='ocr_carea' id='block_1_9' title="bbox 63 959 1591 1039">
    <p class='ocr_par' dir='ltr' id='par_1_9' title="bbox 63 959 1591 1039">
     <span class='ocr_line' id='line_1_9' title="bbox 63 959 1591 1039; baseline -0.01 -15"><span class='ocrx_word' id='word_1_51' title='bbox 63 984 184 1039; x_wconf 71' lang='lat' dir='ltr'><strong>genus</strong></span> <span class='ocrx_word' id='word_1_52' title='bbox 216 967 369 1022; x_wconf 83' lang='lat' dir='ltr'><strong>fuisse</strong></span> <span class='ocrx_word' id='word_1_53' title='bbox 419 966 572 1028; x_wconf 92' lang='lat' dir='ltr'><strong>dicit,</strong></span> <span class='ocrx_word' id='word_1_54' title='bbox 601 962 696 1018; x_wconf 90' lang='lat' dir='ltr'><strong>sed</strong></span> <span class='ocrx_word' id='word_1_55' title='bbox 740 960 924 1022; x_wconf 77' lang='lat' dir='ltr'><strong>fortes,</strong></span> <span class='ocrx_word' id='word_1_56' title='bbox 956 959 1224 1020; x_wconf 88' lang='lat' dir='ltr'><strong>robustos,</strong></span> <span class='ocrx_word' id='word_1_57' title='bbox 1268 963 1326 1012; x_wconf 88' lang='lat' dir='ltr'><strong>et</strong></span> <span class='ocrx_word' id='word_1_58' title='bbox 1375 965 1591 1021; x_wconf 77' lang='lat' dir='ltr'><strong>vegetos</strong></span> 
     </span>
    </p>
   </div>
   <div class='ocr_carea' id='block_1_10' title="bbox 62 1046 1586 1117">
    <p class='ocr_par' dir='ltr' id='par_1_10' title="bbox 62 1046 1586 1117">
     <span class='ocr_line' id='line_1_10' title="bbox 62 1046 1586 1117; baseline -0.01 -4"><span class='ocrx_word' id='word_1_59' title='bbox 62 1060 172 1112; x_wconf 54' lang='lat' dir='ltr'><strong>multis</strong></span> <span class='ocrx_word' id='word_1_60' title='bbox 192 1056 503 1111; x_wconf 82' lang='lat' dir='ltr'><strong>subindicat.</strong></span> <span class='ocrx_word' id='word_1_61' title='bbox 532 1052 601 1106; x_wconf 82' lang='lat' dir='ltr'><strong>Et</strong></span> <span class='ocrx_word' id='word_1_62' title='bbox 626 1052 877 1106; x_wconf 85' lang='lat' dir='ltr'><strong>hominem</strong></span> <span class='ocrx_word' id='word_1_63' title='bbox 914 1048 1209 1103; x_wconf 77' lang='lat' dir='ltr'><strong>bellatorem</strong></span> <span class='ocrx_word' id='word_1_64' title='bbox 1250 1056 1297 1099; x_wconf 87' lang='lat' dir='ltr'><strong>et</strong></span> <span class='ocrx_word' id='word_1_65' title='bbox 1340 1046 1586 1117; x_wconf 87' lang='lat' dir='ltr'><strong>judicem.</strong></span> 
     </span>
    </p>
   </div>
   <div class='ocr_carea' id='block_1_11' title="bbox 60 1137 1594 1214">
    <p class='ocr_par' dir='ltr' id='par_1_11' title="bbox 60 1137 1594 1214">
     <span class='ocr_line' id='line_1_11' title="bbox 60 1137 1594 1214; baseline -0.009 -11"><span class='ocrx_word' id='word_1_66' title='bbox 60 1146 341 1204; x_wconf 66' lang='lat' dir='ltr'><strong>hiolcrabile</strong></span> <span class='ocrx_word' id='word_1_67' title='bbox 364 1143 709 1214; x_wconf 84' lang='lat' dir='ltr'><strong>supplicium,</strong></span> <span class='ocrx_word' id='word_1_68' title='bbox 739 1152 793 1197; x_wconf 90' lang='lat' dir='ltr'><strong>et</strong></span> <span class='ocrx_word' id='word_1_69' title='bbox 820 1140 904 1195; x_wconf 90' lang='lat' dir='ltr'><strong>illa</strong></span> <span class='ocrx_word' id='word_1_70' title='bbox 934 1153 1052 1209; x_wconf 73' lang='lat' dir='ltr'><strong>quae</strong></span> <span class='ocrx_word' id='word_1_71' title='bbox 1078 1137 1217 1192; x_wconf 92' lang='lat' dir='ltr'><strong>dicta</strong></span> <span class='ocrx_word' id='word_1_72' title='bbox 1252 1145 1377 1191; x_wconf 90' lang='lat' dir='ltr'><strong>sunt</strong></span> <span class='ocrx_word' id='word_1_73' title='bbox 1417 1146 1594 1190; x_wconf 81' lang='lat' dir='ltr'><strong>extre-</strong></span> 
     </span>
    </p>
   </div>
   <div class='ocr_carea' id='block_1_12' title="bbox 62 1227 1595 1308">
    <p class='ocr_par' dir='ltr' id='par_1_12' title="bbox 62 1227 1595 1308">
     <span class='ocr_line' id='line_1_12' title="bbox 62 1227 1595 1308; baseline -0.01 -14"><span class='ocrx_word' id='word_1_74' title='bbox 62 1256 127 1294; x_wconf 69' lang='lat' dir='ltr'><strong>ae</strong></span> <span class='ocrx_word' id='word_1_75' title='bbox 150 1238 385 1308; x_wconf 82' lang='lat' dir='ltr'><strong>perniciei</strong></span> <span class='ocrx_word' id='word_1_76' title='bbox 405 1245 533 1291; x_wconf 89' lang='lat' dir='ltr'><strong>sunt</strong></span> <span class='ocrx_word' id='word_1_77' title='bbox 564 1240 932 1304; x_wconf 81' lang='lat' dir='ltr'><strong>argumentum</strong></span> <span class='ocrx_word' id='word_1_78' title='bbox 953 1270 969 1298; x_wconf 89' lang='lat'><strong>,</strong></span> <span class='ocrx_word' id='word_1_79' title='bbox 997 1245 1136 1300; x_wconf 72' lang='lat' dir='ltr'><strong>qum,</strong></span> <span class='ocrx_word' id='word_1_80' title='bbox 1168 1227 1429 1283; x_wconf 89' lang='lat' dir='ltr'><strong>stantibus</strong></span> <span class='ocrx_word' id='word_1_81' title='bbox 1480 1243 1595 1281; x_wconf 91' lang='lat' dir='ltr'><strong>mn-</strong></span> 
     </span>
    </p>
   </div>
   <div class='ocr_carea' id='block_1_13' title="bbox 62 1320 1592 1394">
    <p class='ocr_par' dir='ltr' id='par_1_13' title="bbox 62 1320 1592 1394">
     <span class='ocr_line' id='line_1_13' title="bbox 62 1320 1592 1394; baseline -0.005 -12"><span class='ocrx_word' id='word_1_82' title='bbox 62 1328 443 1391; x_wconf 65' lang='lat' dir='ltr'><strong>rsettnrribus,</strong></span> <span class='ocrx_word' id='word_1_83' title='bbox 480 1326 668 1382; x_wconf 84' lang='lat' dir='ltr'><strong>urbem</strong></span> <span class='ocrx_word' id='word_1_84' title='bbox 717 1325 924 1394; x_wconf 87' lang='lat' dir='ltr'><strong>possint</strong></span> <span class='ocrx_word' id='word_1_85' title='bbox 950 1337 1069 1376; x_wconf 88' lang='lat' dir='ltr'><strong>cum</strong></span> <span class='ocrx_word' id='word_1_86' title='bbox 1112 1321 1314 1376; x_wconf 84' lang='lat' dir='ltr'><strong>civibus</strong></span> <span class='ocrx_word' id='word_1_87' title='bbox 1363 1320 1592 1374; x_wconf 87' lang='lat' dir='ltr'><strong>inimicis</strong></span> 
     </span>
    </p>
   </div>
   <div class='ocr_carea' id='block_1_14' title="bbox 62 1406 1595 1485">
    <p class='ocr_par' dir='ltr' id='par_1_14' title="bbox 62 1406 1595 1485">
     <span class='ocr_line' id='line_1_14' title="bbox 62 1406 1595 1485; baseline -0.007 -11"><span class='ocrx_word' id='word_1_88' title='bbox 62 1418 498 1474; x_wconf 65' lang='lat' dir='ltr'><strong>telae&#39;l‘utamen</strong></span> <span class='ocrx_word' id='word_1_89' title='bbox 514 1414 712 1485; x_wconf 87' lang='lat' dir='ltr'><strong>quippe</strong></span> <span class='ocrx_word' id='word_1_90' title='bbox 728 1413 935 1469; x_wconf 89' lang='lat' dir='ltr'><strong>urbium</strong></span> <span class='ocrx_word' id='word_1_91' title='bbox 956 1428 1059 1469; x_wconf 91' lang='lat' dir='ltr'><strong>non</strong></span> <span class='ocrx_word' id='word_1_92' title='bbox 1078 1412 1128 1467; x_wconf 91' lang='lat' dir='ltr'><strong>in</strong></span> <span class='ocrx_word' id='word_1_93' title='bbox 1144 1406 1595 1483; x_wconf 85' lang='lat' dir='ltr'><strong>lapidibus,lignis</strong></span> 
     </span>
    </p>
   </div>
   <div class='ocr_carea' id='block_1_15' title="bbox 61 1498 1594 1578">
    <p class='ocr_par' dir='ltr' id='par_1_15' title="bbox 61 1498 1594 1578">
     <span class='ocr_line' id='line_1_15' title="bbox 61 1498 1594 1578; baseline -0.008 -14"><span class='ocrx_word' id='word_1_94' title='bbox 61 1511 246 1578; x_wconf 78' lang='lat' dir='ltr'><strong>etseptis</strong></span> <span class='ocrx_word' id='word_1_95' title='bbox 277 1510 439 1563; x_wconf 87' lang='lat' dir='ltr'><strong>situm</strong></span> <span class='ocrx_word' id='word_1_96' title='bbox 474 1517 578 1571; x_wconf 89' lang='lat' dir='ltr'><strong>est,</strong></span> <span class='ocrx_word' id='word_1_97' title='bbox 601 1505 694 1561; x_wconf 87' lang='lat' dir='ltr'><strong>sed</strong></span> <span class='ocrx_word' id='word_1_98' title='bbox 724 1504 776 1557; x_wconf 92' lang='lat' dir='ltr'><strong>in</strong></span> <span class='ocrx_word' id='word_1_99' title='bbox 818 1501 1094 1572; x_wconf 81' lang='lat' dir='ltr'><strong>prudentia</strong></span> <span class='ocrx_word' id='word_1_100' title='bbox 1121 1499 1336 1564; x_wconf 88' lang='lat' dir='ltr'><strong>civium,</strong></span> <span class='ocrx_word' id='word_1_101' title='bbox 1360 1498 1594 1568; x_wconf 89' lang='lat' dir='ltr'><strong>quicum</strong></span> 
     </span>
    </p>
   </div>
   <div class='ocr_carea' id='block_1_16' title="bbox 62 1592 1595 1666">
    <p class='ocr_par' dir='ltr' id='par_1_16' title="bbox 62 1592 1595 1666">
     <span class='ocr_line' id='line_1_16' title="bbox 62 1592 1595 1666; baseline -0.008 -10"><span class='ocrx_word' id='word_1_102' title='bbox 62 1605 153 1657; x_wconf 71' lang='lat' dir='ltr'><strong>ales</strong></span> <span class='ocrx_word' id='word_1_103' title='bbox 169 1600 375 1665; x_wconf 81' lang='lat' dir='ltr'><strong>adsunt,</strong></span> <span class='ocrx_word' id='word_1_104' title='bbox 408 1598 570 1653; x_wconf 89' lang='lat' dir='ltr'><strong>etiam</strong></span> <span class='ocrx_word' id='word_1_105' title='bbox 593 1602 855 1666; x_wconf 75' lang='lat' dir='ltr'><strong>praesente</strong></span> <span class='ocrx_word' id='word_1_106' title='bbox 880 1595 1053 1661; x_wconf 89' lang='lat' dir='ltr'><strong>hoste,</strong></span> <span class='ocrx_word' id='word_1_107' title='bbox 1104 1592 1268 1647; x_wconf 87' lang='lat' dir='ltr'><strong>tutius</strong></span> <span class='ocrx_word' id='word_1_108' title='bbox 1307 1607 1465 1660; x_wconf 90' lang='lat' dir='ltr'><strong>quam</strong></span> <span class='ocrx_word' id='word_1_109' title='bbox 1491 1605 1595 1645; x_wconf 61' lang='lat' dir='ltr'><strong>ca:-</strong></span> 
     </span>
    </p>
   </div>
   <div class='ocr_carea' id='block_1_17' title="bbox 60 1683 1593 1759">
    <p class='ocr_par' dir='ltr' id='par_1_17' title="bbox 60 1683 1593 1759">
     <span class='ocr_line' id='line_1_17' title="bbox 60 1683 1593 1759; baseline -0.008 -12"><span class='ocrx_word' id='word_1_110' title='bbox 60 1705 134 1747; x_wconf 59' lang='grc' dir='ltr'>ω</span> <span class='ocrx_word' id='word_1_111' title='bbox 177 1692 349 1746; x_wconf 86' lang='lat' dir='ltr'><strong>omnia</strong></span> <span class='ocrx_word' id='word_1_112' title='bbox 407 1691 579 1759; x_wconf 84' lang='lat' dir='ltr'><strong>ipsam</strong></span> <span class='ocrx_word' id='word_1_113' title='bbox 631 1687 874 1741; x_wconf 90' lang='lat' dir='ltr'><strong>muniunt</strong></span> <span class='ocrx_word' id='word_1_114' title='bbox 905 1703 918 1739; x_wconf 89' lang='lat'><strong>:</strong></span> <span class='ocrx_word' id='word_1_115' title='bbox 947 1696 1070 1741; x_wconf 88' lang='lat' dir='ltr'><strong>cum</strong></span> <span class='ocrx_word' id='word_1_116' title='bbox 1095 1694 1273 1739; x_wconf 89' lang='lat' dir='ltr'><strong>autem</strong></span> <span class='ocrx_word' id='word_1_117' title='bbox 1309 1685 1343 1739; x_wconf 89' lang='lat' dir='ltr'><strong>ii</strong></span> <span class='ocrx_word' id='word_1_118' title='bbox 1382 1683 1593 1747; x_wconf 91' lang='lat' dir='ltr'><strong>absunt,</strong></span> 
     </span>
    </p>
   </div>
   <div class='ocr_carea' id='block_1_18' title="bbox 58 1775 1591 1849">
    <p class='ocr_par' dir='ltr' id='par_1_18' title="bbox 58 1775 1591 1849">
     <span class='ocr_line' id='line_1_18' title="bbox 58 1775 1591 1849; baseline -0.008 -10"><span class='ocrx_word' id='word_1_119' title='bbox 58 1789 172 1839; x_wconf 65' lang='lat' dir='ltr'><strong>eam</strong></span> <span class='ocrx_word' id='word_1_120' title='bbox 202 1782 415 1838; x_wconf 83' lang='lat' dir='ltr'><strong>nemine</strong></span> <span class='ocrx_word' id='word_1_121' title='bbox 462 1788 708 1849; x_wconf 79' lang='lat' dir='ltr'><strong>urgente,</strong></span> <span class='ocrx_word' id='word_1_122' title='bbox 749 1777 1081 1832; x_wconf 89' lang='lat' dir='ltr'><strong>miseriorem</strong></span> <span class='ocrx_word' id='word_1_123' title='bbox 1126 1775 1270 1830; x_wconf 87' lang='lat' dir='ltr'><strong>illam</strong></span> <span class='ocrx_word' id='word_1_124' title='bbox 1335 1776 1591 1833; x_wconf 78' lang='lat' dir='ltr'><strong>exhibent</strong></span> 
     </span>
    </p>
   </div>
   <div class='ocr_carea' id='block_1_19' title="bbox 57 1872 626 1941">
    <p class='ocr_par' dir='ltr' id='par_1_19' title="bbox 57 1872 626 1941">
     <span class='ocr_line' id='line_1_19' title="bbox 57 1872 626 1941; baseline -0.007 -15"><span class='ocrx_word' id='word_1_125' title='bbox 57 1889 171 1941; x_wconf 61' lang='lat' dir='ltr'><strong>qua:</strong></span> <span class='ocrx_word' id='word_1_126' title='bbox 196 1873 240 1925; x_wconf 88' lang='lat' dir='ltr'><strong>si</strong></span> <span class='ocrx_word' id='word_1_127' title='bbox 265 1872 626 1926; x_wconf 88' lang='lat' dir='ltr'><strong>obsideretur.</strong></span> 
     </span>
    </p>
   </div>
   <div class='ocr_carea' id='block_1_20' title="bbox 99 1958 1598 2032">
    <p class='ocr_par' dir='ltr' id='par_1_20' title="bbox 99 1958 1598 2032">
     <span class='ocr_line' id='line_1_20' title="bbox 99 1958 1598 2032; baseline -0.004 -16"><span class='ocrx_word' id='word_1_128' title='bbox 99 1964 141 2016; x_wconf 72' lang='grc' dir='ltr'><strong>Ξ.</strong></span> <span class='ocrx_word' id='word_1_129' title='bbox 178 1963 356 2032; x_wconf 80' lang='lat' dir='ltr'><strong>itaque</strong></span> <span class='ocrx_word' id='word_1_130' title='bbox 394 1971 451 2017; x_wconf 90' lang='lat' dir='ltr'><strong>et</strong></span> <span class='ocrx_word' id='word_1_131' title='bbox 495 1961 615 2016; x_wconf 92' lang='lat' dir='ltr'><strong>illos</strong></span> <span class='ocrx_word' id='word_1_132' title='bbox 660 1968 715 2014; x_wconf 89' lang='lat' dir='ltr'><strong>et</strong></span> <span class='ocrx_word' id='word_1_133' title='bbox 755 1958 1023 2014; x_wconf 87' lang='lat' dir='ltr'><strong>auditores</strong></span> <span class='ocrx_word' id='word_1_134' title='bbox 1061 1971 1249 2014; x_wconf 88' lang='lat' dir='ltr'><strong>omnes</strong></span> <span class='ocrx_word' id='word_1_135' title='bbox 1292 1971 1397 2012; x_wconf 92' lang='lat' dir='ltr'><strong>non</strong></span> <span class='ocrx_word' id='word_1_136' title='bbox 1436 1970 1598 2025; x_wconf 82' lang='lat' dir='ltr'><strong>parvo</strong></span> 
     </span>
    </p>
   </div>
   <div class='ocr_carea' id='block_1_21' title="bbox 56 2051 1599 2126">
    <p class='ocr_par' dir='ltr' id='par_1_21' title="bbox 56 2051 1599 2126">
     <span class='ocr_line' id='line_1_21' title="bbox 56 2051 1599 2126; baseline -0.001 -19"><span class='ocrx_word' id='word_1_137' title='bbox 56 2057 363 2126; x_wconf 62' lang='lat' dir='ltr'><strong>paihssophia:</strong></span> <span class='ocrx_word' id='word_1_138' title='bbox 404 2056 729 2110; x_wconf 87' lang='lat' dir='ltr'><strong>documento</strong></span> <span class='ocrx_word' id='word_1_139' title='bbox 767 2053 953 2107; x_wconf 87' lang='lat' dir='ltr'><strong>imbuit</strong></span> <span class='ocrx_word' id='word_1_140' title='bbox 980 2052 1258 2122; x_wconf 81' lang='lat' dir='ltr'><strong>propheta,</strong></span> <span class='ocrx_word' id='word_1_141' title='bbox 1286 2051 1515 2107; x_wconf 87' lang='lat' dir='ltr'><strong>suadens</strong></span> <span class='ocrx_word' id='word_1_142' title='bbox 1542 2060 1599 2106; x_wconf 92' lang='lat' dir='ltr'><strong>ut</strong></span> 
     </span>
    </p>
   </div>
   <div class='ocr_carea' id='block_1_22' title="bbox 56 2141 1590 2217">
    <p class='ocr_par' dir='ltr' id='par_1_22' title="bbox 56 2141 1590 2217">
     <span class='ocr_line' id='line_1_22' title="bbox 56 2141 1590 2217; baseline -0.003 -17"><span class='ocrx_word' id='word_1_143' title='bbox 56 2164 98 2201; x_wconf 72' lang='lat' dir='ltr'><strong>ne</strong></span> <span class='ocrx_word' id='word_1_144' title='bbox 127 2162 365 2217; x_wconf 82' lang='lat' dir='ltr'><strong>umquam</strong></span> <span class='ocrx_word' id='word_1_145' title='bbox 412 2147 468 2199; x_wconf 89' lang='lat' dir='ltr'><strong>in</strong></span> <span class='ocrx_word' id='word_1_146' title='bbox 519 2143 882 2215; x_wconf 79' lang='lat' dir='ltr'><strong>magnitudine</strong></span> <span class='ocrx_word' id='word_1_147' title='bbox 952 2141 1102 2199; x_wconf 85' lang='lat' dir='ltr'><strong>urbis</strong></span> <span class='ocrx_word' id='word_1_148' title='bbox 1174 2156 1323 2211; x_wconf 83' lang='lat' dir='ltr'><strong>Spem</strong></span> <span class='ocrx_word' id='word_1_149' title='bbox 1367 2151 1590 2212; x_wconf 88' lang='lat' dir='ltr'><strong>ponant,</strong></span> 
     </span>
    </p>
   </div>
   <div class='ocr_carea' id='block_1_23' title="bbox 56 2231 1599 2301">
    <p class='ocr_par' dir='ltr' id='par_1_23' title="bbox 56 2231 1599 2301">
     <span class='ocr_line' id='line_1_23' title="bbox 56 2231 1599 2301; baseline -0.002 -11"><span class='ocrx_word' id='word_1_150' title='bbox 56 2252 121 2290; x_wconf 70' lang='lat' dir='ltr'><strong>nec</strong></span> <span class='ocrx_word' id='word_1_151' title='bbox 154 2238 199 2291; x_wconf 88' lang='lat' dir='ltr'><strong>in</strong></span> <span class='ocrx_word' id='word_1_152' title='bbox 245 2235 403 2289; x_wconf 80' lang='lat' dir='ltr'><strong>vallis</strong></span> <span class='ocrx_word' id='word_1_153' title='bbox 432 2243 491 2289; x_wconf 90' lang='lat' dir='ltr'><strong>ct</strong></span> <span class='ocrx_word' id='word_1_154' title='bbox 513 2233 774 2289; x_wconf 77' lang='lat' dir='ltr'><strong>machinis</strong></span> <span class='ocrx_word' id='word_1_155' title='bbox 794 2274 811 2298; x_wconf 90' lang='lat'><strong>,</strong></span> <span class='ocrx_word' id='word_1_156' title='bbox 854 2232 949 2287; x_wconf 89' lang='lat' dir='ltr'><strong>sed</strong></span> <span class='ocrx_word' id='word_1_157' title='bbox 976 2232 1027 2285; x_wconf 89' lang='lat' dir='ltr'><strong>in</strong></span> <span class='ocrx_word' id='word_1_158' title='bbox 1056 2231 1188 2301; x_wconf 81' lang='lat' dir='ltr'><strong>frugi</strong></span> <span class='ocrx_word' id='word_1_159' title='bbox 1219 2233 1455 2288; x_wconf 86' lang='lat' dir='ltr'><strong>virorum</strong></span> <span class='ocrx_word' id='word_1_160' title='bbox 1492 2234 1599 2287; x_wconf 84' lang='lat' dir='ltr'><strong>vir-</strong></span> 
     </span>
    </p>
   </div>
   <div class='ocr_carea' id='block_1_24' title="bbox 54 2323 1599 2395">
    <p class='ocr_par' dir='ltr' id='par_1_24' title="bbox 54 2323 1599 2395">
     <span class='ocr_line' id='line_1_24' title="bbox 54 2323 1599 2395; baseline -0.001 -17"><span class='ocrx_word' id='word_1_161' title='bbox 54 2336 143 2379; x_wconf 74' lang='lat' dir='ltr'><strong>nte.</strong></span> <span class='ocrx_word' id='word_1_162' title='bbox 169 2326 285 2380; x_wconf 81' lang='lat' dir='ltr'><strong>illos</strong></span> <span class='ocrx_word' id='word_1_163' title='bbox 330 2326 497 2395; x_wconf 86' lang='lat' dir='ltr'><strong>igitur</strong></span> <span class='ocrx_word' id='word_1_164' title='bbox 529 2325 777 2378; x_wconf 85' lang='lat' dir='ltr'><strong>territans</strong></span> <span class='ocrx_word' id='word_1_165' title='bbox 799 2323 892 2385; x_wconf 85' lang='lat' dir='ltr'><strong>ait,</strong></span> <span class='ocrx_word' id='word_1_166' title='bbox 924 2323 1096 2391; x_wconf 90' lang='lat' dir='ltr'><strong>ipsum</strong></span> <span class='ocrx_word' id='word_1_167' title='bbox 1122 2337 1241 2376; x_wconf 90' lang='lat' dir='ltr'><strong>eam</strong></span> <span class='ocrx_word' id='word_1_168' title='bbox 1273 2323 1434 2378; x_wconf 88' lang='lat' dir='ltr'><strong>tutela</strong></span> <span class='ocrx_word' id='word_1_169' title='bbox 1452 2324 1599 2377; x_wconf 92' lang='lat' dir='ltr'><strong>omni</strong></span> 
     </span>
    </p>
   </div>
   <div class='ocr_carea' id='block_1_25' title="bbox 52 2411 1597 2483">
    <p class='ocr_par' dir='ltr' id='par_1_25' title="bbox 52 2411 1597 2483">
     <span class='ocr_line' id='line_1_25' title="bbox 52 2411 1597 2483; baseline 0 -16"><span class='ocrx_word' id='word_1_170' title='bbox 52 2417 385 2469; x_wconf 43' lang='lat' dir='ltr'><strong>mutaturum</strong></span> <span class='ocrx_word' id='word_1_171' title='bbox 430 2426 574 2476; x_wconf 86' lang='lat' dir='ltr'><strong>esse,</strong></span> <span class='ocrx_word' id='word_1_172' title='bbox 620 2427 724 2466; x_wconf 90' lang='lat' dir='ltr'><strong>non</strong></span> <span class='ocrx_word' id='word_1_173' title='bbox 751 2411 909 2466; x_wconf 91' lang='lat' dir='ltr'><strong>modo</strong></span> <span class='ocrx_word' id='word_1_174' title='bbox 936 2411 1145 2467; x_wconf 81' lang='lat' dir='ltr'><strong>bellicae</strong></span> <span class='ocrx_word' id='word_1_175' title='bbox 1170 2412 1246 2467; x_wconf 89' lang='lat' dir='ltr'><strong>rei</strong></span> <span class='ocrx_word' id='word_1_176' title='bbox 1276 2412 1477 2483; x_wconf 90' lang='lat' dir='ltr'><strong>peritos</strong></span> <span class='ocrx_word' id='word_1_177' title='bbox 1500 2427 1597 2467; x_wconf 88' lang='lat' dir='ltr'><strong>au-</strong></span> 
     </span>
    </p>
   </div>
   <div class='ocr_carea' id='block_1_26' title="bbox 51 2502 1600 2574">
    <p class='ocr_par' dir='ltr' id='par_1_26' title="bbox 51 2502 1600 2574">
     <span class='ocr_line' id='line_1_26' title="bbox 51 2502 1600 2574; baseline -0.001 -13"><span class='ocrx_word' id='word_1_178' title='bbox 51 2508 243 2573; x_wconf 69' lang='lat' dir='ltr'><strong>iti-endo,</strong></span> <span class='ocrx_word' id='word_1_179' title='bbox 272 2505 372 2561; x_wconf 86' lang='lat' dir='ltr'><strong>sed</strong></span> <span class='ocrx_word' id='word_1_180' title='bbox 398 2506 565 2560; x_wconf 90' lang='lat' dir='ltr'><strong>etiam</strong></span> <span class='ocrx_word' id='word_1_181' title='bbox 589 2504 829 2573; x_wconf 72' lang='lat' dir='ltr'><strong>iudices,</strong></span> <span class='ocrx_word' id='word_1_182' title='bbox 858 2503 947 2573; x_wconf 90' lang='lat' dir='ltr'><strong>qui</strong></span> <span class='ocrx_word' id='word_1_183' title='bbox 977 2516 1083 2558; x_wconf 91' lang='lat' dir='ltr'><strong>non</strong></span> <span class='ocrx_word' id='word_1_184' title='bbox 1112 2502 1284 2558; x_wconf 89' lang='lat' dir='ltr'><strong>minus</strong></span> <span class='ocrx_word' id='word_1_185' title='bbox 1303 2504 1493 2574; x_wconf 79' lang='lat' dir='ltr'><strong>juvant</strong></span> <span class='ocrx_word' id='word_1_186' title='bbox 1520 2504 1600 2559; x_wconf 92' lang='lat' dir='ltr'><strong>ci-</strong></span> 
     </span>
    </p>
   </div>
   <div class='ocr_carea' id='block_1_27' title="bbox 54 2593 1601 2667">
    <p class='ocr_par' dir='ltr' id='par_1_27' title="bbox 54 2593 1601 2667">
     <span class='ocr_line' id='line_1_27' title="bbox 54 2593 1601 2667; baseline 0.002 -20"><span class='ocrx_word' id='word_1_187' title='bbox 54 2608 195 2653; x_wconf 66' lang='lat' dir='ltr'><strong>ntstes</strong></span> <span class='ocrx_word' id='word_1_188' title='bbox 235 2612 398 2667; x_wconf 88' lang='lat' dir='ltr'><strong>quam</strong></span> <span class='ocrx_word' id='word_1_189' title='bbox 444 2596 769 2660; x_wconf 88' lang='lat' dir='ltr'><strong>bellatores,</strong></span> <span class='ocrx_word' id='word_1_190' title='bbox 815 2593 941 2650; x_wconf 88' lang='lat' dir='ltr'><strong>dum</strong></span> <span class='ocrx_word' id='word_1_191' title='bbox 986 2609 1171 2665; x_wconf 86' lang='lat' dir='ltr'><strong>pacem</strong></span> <span class='ocrx_word' id='word_1_192' title='bbox 1225 2604 1447 2663; x_wconf 90' lang='lat' dir='ltr'><strong>curant,</strong></span> <span class='ocrx_word' id='word_1_193' title='bbox 1493 2597 1601 2651; x_wconf 91' lang='lat' dir='ltr'><strong>imo</strong></span> 
     </span>
    </p>
   </div>
   <div class='ocr_carea' id='block_1_28' title="bbox 47 2685 1598 2757">
    <p class='ocr_par' dir='ltr' id='par_1_28' title="bbox 47 2685 1598 2757">
     <span class='ocr_line' id='line_1_28' title="bbox 47 2685 1598 2757; baseline -0.001 -16"><span class='ocrx_word' id='word_1_194' title='bbox 47 2706 151 2757; x_wconf 71' lang='lat' dir='ltr'><strong>srpe</strong></span> <span class='ocrx_word' id='word_1_195' title='bbox 195 2686 533 2742; x_wconf 88' lang='lat' dir='ltr'><strong>imminentia</strong></span> <span class='ocrx_word' id='word_1_196' title='bbox 580 2685 718 2740; x_wconf 88' lang='lat' dir='ltr'><strong>bella</strong></span> <span class='ocrx_word' id='word_1_197' title='bbox 750 2686 766 2717; x_wconf 81' lang='grc'>¹</span> <span class='ocrx_word' id='word_1_198' title='bbox 795 2685 1122 2754; x_wconf 87' lang='lat' dir='ltr'><strong>propulsant.</strong></span> <span class='ocrx_word' id='word_1_199' title='bbox 1177 2685 1240 2740; x_wconf 85' lang='lat' dir='ltr'><strong>lli</strong></span> <span class='ocrx_word' id='word_1_200' title='bbox 1288 2686 1429 2740; x_wconf 90' lang='lat' dir='ltr'><strong>enim</strong></span> <span class='ocrx_word' id='word_1_201' title='bbox 1478 2701 1598 2740; x_wconf 89' lang='lat' dir='ltr'><strong>enm</strong></span> 
     </span>
    </p>
   </div>
   <div class='ocr_carea' id='block_1_29' title="bbox 48 2777 1603 2848">
    <p class='ocr_par' dir='ltr' id='par_1_29' title="bbox 48 2777 1603 2848">
     <span class='ocr_line' id='line_1_29' title="bbox 48 2777 1603 2848; baseline 0.001 -18"><span class='ocrx_word' id='word_1_202' title='bbox 48 2780 306 2848; x_wconf 55' lang='lat' dir='ltr'><strong>innuenter</strong></span> <span class='ocrx_word' id='word_1_203' title='bbox 338 2794 374 2833; x_wconf 87' lang='lat' dir='ltr'><strong>a</strong></span> <span class='ocrx_word' id='word_1_204' title='bbox 403 2778 590 2833; x_wconf 86' lang='lat' dir='ltr'><strong>radice</strong></span> <span class='ocrx_word' id='word_1_205' title='bbox 618 2787 955 2848; x_wconf 86' lang='lat' dir='ltr'><strong>peccatorum</strong></span> <span class='ocrx_word' id='word_1_206' title='bbox 984 2777 1245 2843; x_wconf 88' lang='lat' dir='ltr'><strong>oriantur,</strong></span> <span class='ocrx_word' id='word_1_207' title='bbox 1290 2778 1399 2833; x_wconf 86' lang='lat' dir='ltr'><strong>lieri</strong></span> <span class='ocrx_word' id='word_1_208' title='bbox 1428 2786 1603 2848; x_wconf 83' lang='lat' dir='ltr'><strong>potest</strong></span> 
     </span>
    </p>
   </div>
   <div class='ocr_carea' id='block_1_30' title="bbox 49 2869 1601 2943">
    <p class='ocr_par' dir='ltr' id='par_1_30' title="bbox 49 2869 1601 2943">
     <span class='ocr_line' id='line_1_30' title="bbox 49 2869 1601 2943; baseline -0.004 -14"><span class='ocrx_word' id='word_1_209' title='bbox 49 2888 87 2929; x_wconf 72' lang='lat' dir='ltr'><strong>at</strong></span> <span class='ocrx_word' id='word_1_210' title='bbox 104 2876 258 2943; x_wconf 71' lang='lat' dir='ltr'><strong>legum</strong></span> <span class='ocrx_word' id='word_1_211' title='bbox 271 2871 555 2936; x_wconf 88' lang='lat' dir='ltr'><strong>custodes,</strong></span> <span class='ocrx_word' id='word_1_212' title='bbox 583 2884 783 2940; x_wconf 89' lang='lat' dir='ltr'><strong>eosque</strong></span> <span class='ocrx_word' id='word_1_213' title='bbox 806 2870 894 2939; x_wconf 89' lang='lat' dir='ltr'><strong>qui</strong></span> <span class='ocrx_word' id='word_1_214' title='bbox 913 2869 1019 2939; x_wconf 89' lang='lat' dir='ltr'><strong>juri</strong></span> <span class='ocrx_word' id='word_1_215' title='bbox 1045 2869 1275 2924; x_wconf 91' lang='lat' dir='ltr'><strong>dicundo</strong></span> <span class='ocrx_word' id='word_1_216' title='bbox 1293 2885 1415 2925; x_wconf 87' lang='lat' dir='ltr'><strong>cum</strong></span> <span class='ocrx_word' id='word_1_217' title='bbox 1437 2871 1601 2941; x_wconf 75' lang='lat' dir='ltr'><strong>tequi-</strong></span> 
     </span>
    </p>
   </div>
   <div class='ocr_carea' id='block_1_31' title="bbox 50 2961 1596 3034">
    <p class='ocr_par' dir='ltr' id='par_1_31' title="bbox 50 2961 1596 3034">
     <span class='ocr_line' id='line_1_31' title="bbox 50 2961 1596 3034; baseline -0.001 -15"><span class='ocrx_word' id='word_1_218' title='bbox 50 2979 123 3022; x_wconf 70' lang='lat' dir='ltr'><strong>ute</strong></span> <span class='ocrx_word' id='word_1_219' title='bbox 159 2964 475 3034; x_wconf 76' lang='lat' dir='ltr'><strong>przesidcnt,</strong></span> <span class='ocrx_word' id='word_1_220' title='bbox 518 2964 742 3032; x_wconf 85' lang='lat' dir='ltr'><strong>plurima</strong></span> <span class='ocrx_word' id='word_1_221' title='bbox 786 2973 1002 3032; x_wconf 88' lang='lat' dir='ltr'><strong>peccata</strong></span> <span class='ocrx_word' id='word_1_222' title='bbox 1041 2962 1427 3030; x_wconf 80' lang='lat' dir='ltr'><strong>reprimentes,</strong></span> <span class='ocrx_word' id='word_1_223' title='bbox 1474 2961 1596 3017; x_wconf 88' lang='lat' dir='ltr'><strong>belli</strong></span> 
     </span>
    </p>
   </div>
   <div class='ocr_carea' id='block_1_32' title="bbox 52 3052 1600 3124">
    <p class='ocr_par' dir='ltr' id='par_1_32' title="bbox 52 3052 1600 3124">
     <span class='ocr_line' id='line_1_32' title="bbox 52 3052 1600 3124; baseline 0.001 -19"><span class='ocrx_word' id='word_1_224' title='bbox 52 3072 217 3109; x_wconf 64' lang='lat' dir='ltr'><strong>rasam</strong></span> <span class='ocrx_word' id='word_1_225' title='bbox 257 3055 537 3109; x_wconf 80' lang='lat' dir='ltr'><strong>auferant.</strong></span> <span class='ocrx_word' id='word_1_226' title='bbox 584 3053 693 3108; x_wconf 89' lang='lat' dir='ltr'><strong>Cur</strong></span> <span class='ocrx_word' id='word_1_227' title='bbox 730 3067 859 3124; x_wconf 90' lang='lat' dir='ltr'><strong>ergo</strong></span> <span class='ocrx_word' id='word_1_228' title='bbox 899 3052 1039 3108; x_wconf 88' lang='lat' dir='ltr'><strong>Deus</strong></span> <span class='ocrx_word' id='word_1_229' title='bbox 1075 3067 1169 3108; x_wconf 88' lang='lat' dir='ltr'><strong>eos</strong></span> <span class='ocrx_word' id='word_1_230' title='bbox 1198 3055 1445 3108; x_wconf 79' lang='lat' dir='ltr'><strong>amovet?</strong></span> <span class='ocrx_word' id='word_1_231' title='bbox 1469 3052 1600 3119; x_wconf 87' lang='lat' dir='ltr'><strong>Quia</strong></span> 
     </span>
    </p>
   </div>
   <div class='ocr_carea' id='block_1_33' title="bbox 50 3141 1600 3216">
    <p class='ocr_par' dir='ltr' id='par_1_33' title="bbox 50 3141 1600 3216">
     <span class='ocr_line' id='line_1_33' title="bbox 50 3141 1600 3216; baseline -0.001 -19"><span class='ocrx_word' id='word_1_232' title='bbox 50 3146 119 3199; x_wconf 64' lang='lat' dir='ltr'><strong>ms</strong></span> <span class='ocrx_word' id='word_1_233' title='bbox 154 3143 512 3216; x_wconf 77' lang='lat' dir='ltr'><strong>przesentibns</strong></span> <span class='ocrx_word' id='word_1_234' title='bbox 554 3156 664 3197; x_wconf 87' lang='lat' dir='ltr'><strong>non</strong></span> <span class='ocrx_word' id='word_1_235' title='bbox 710 3150 770 3198; x_wconf 90' lang='lat' dir='ltr'><strong>ut</strong></span> <span class='ocrx_word' id='word_1_236' title='bbox 811 3141 1089 3212; x_wconf 87' lang='lat' dir='ltr'><strong>oportebat</strong></span> <span class='ocrx_word' id='word_1_237' title='bbox 1116 3143 1195 3197; x_wconf 93' lang='lat' dir='ltr'><strong>usi</strong></span> <span class='ocrx_word' id='word_1_238' title='bbox 1226 3142 1600 3212; x_wconf 38' lang='lat' dir='ltr'><strong>sunt..Quem-</strong></span> 
     </span>
    </p>
   </div>
   <div class='ocr_carea' id='block_1_34' title="bbox 46 3234 1603 3305">
    <p class='ocr_par' dir='ltr' id='par_1_34' title="bbox 46 3234 1603 3305">
     <span class='ocr_line' id='line_1_34' title="bbox 46 3234 1603 3305; baseline 0.003 -18"><span class='ocrx_word' id='word_1_239' title='bbox 46 3238 288 3292; x_wconf 67' lang='lat' dir='ltr'><strong>atmodum</strong></span> <span class='ocrx_word' id='word_1_240' title='bbox 330 3236 486 3292; x_wconf 89' lang='lat' dir='ltr'><strong>enim</strong></span> <span class='ocrx_word' id='word_1_241' title='bbox 527 3235 778 3291; x_wconf 89' lang='lat' dir='ltr'><strong>salutaria</strong></span> <span class='ocrx_word' id='word_1_242' title='bbox 805 3235 919 3305; x_wconf 84' lang='lat' dir='ltr'><strong>ejus</strong></span> <span class='ocrx_word' id='word_1_243' title='bbox 948 3234 1194 3305; x_wconf 86' lang='lat' dir='ltr'><strong>dogmata</strong></span> <span class='ocrx_word' id='word_1_244' title='bbox 1231 3234 1452 3289; x_wconf 87' lang='lat' dir='ltr'><strong>multam</strong></span> <span class='ocrx_word' id='word_1_245' title='bbox 1475 3234 1603 3291; x_wconf 71' lang='lat' dir='ltr'><strong>alic-</strong></span> 
     </span>
    </p>
   </div>
   <div class='ocr_carea' id='block_1_35' title="bbox 43 3325 1597 3393">
    <p class='ocr_par' dir='ltr' id='par_1_35' title="bbox 43 3325 1597 3393">
     <span class='ocr_line' id='line_1_35' title="bbox 43 3325 1597 3393; baseline -0.004 -10"><span class='ocrx_word' id='word_1_246' title='bbox 43 3330 191 3383; x_wconf 67' lang='lat' dir='ltr'><strong>telum</strong></span> <span class='ocrx_word' id='word_1_247' title='bbox 218 3329 564 3385; x_wconf 82' lang='lat' dir='ltr'><strong>audientibus</strong></span> <span class='ocrx_word' id='word_1_248' title='bbox 595 3327 903 3393; x_wconf 88' lang='lat' dir='ltr'><strong>utilitatem,</strong></span> <span class='ocrx_word' id='word_1_249' title='bbox 949 3325 1147 3382; x_wconf 66' lang='lat' dir='ltr'><strong>Judmis</strong></span> <span class='ocrx_word' id='word_1_250' title='bbox 1174 3335 1350 3381; x_wconf 90' lang='lat' dir='ltr'><strong>autem</strong></span> <span class='ocrx_word' id='word_1_251' title='bbox 1382 3326 1597 3381; x_wconf 86' lang='lat' dir='ltr'><strong>concio-</strong></span> 
     </span>
    </p>
   </div>
   <div class='ocr_carea' id='block_1_36' title="bbox 42 3418 1598 3489">
    <p class='ocr_par' dir='ltr' id='par_1_36' title="bbox 42 3418 1598 3489">
     <span class='ocr_line' id='line_1_36' title="bbox 42 3418 1598 3489; baseline -0.003 -12"><span class='ocrx_word' id='word_1_252' title='bbox 42 3438 164 3487; x_wconf 67' lang='grc' dir='ltr'><strong>πίας,</strong></span> <span class='ocrx_word' id='word_1_253' title='bbox 189 3425 332 3480; x_wconf 84' lang='lat' dir='ltr'><strong>dicta</strong></span> <span class='ocrx_word' id='word_1_254' title='bbox 360 3438 460 3479; x_wconf 86' lang='lat' dir='ltr'><strong>sua</strong></span> <span class='ocrx_word' id='word_1_255' title='bbox 484 3421 809 3478; x_wconf 88' lang='lat' dir='ltr'><strong>obscuritate</strong></span> <span class='ocrx_word' id='word_1_256' title='bbox 831 3420 993 3475; x_wconf 87' lang='lat' dir='ltr'><strong>multa</strong></span> <span class='ocrx_word' id='word_1_257' title='bbox 1020 3419 1343 3485; x_wconf 87' lang='lat' dir='ltr'><strong>involvebat,</strong></span> <span class='ocrx_word' id='word_1_258' title='bbox 1375 3418 1494 3489; x_wconf 90' lang='lat' dir='ltr'><strong>quia</strong></span> <span class='ocrx_word' id='word_1_259' title='bbox 1527 3419 1598 3473; x_wconf 88' lang='lat' dir='ltr'><strong>illi</strong></span> 
     </span>
    </p>
   </div>
   <div class='ocr_carea' id='block_1_37' title="bbox 38 3510 1601 3581">
    <p class='ocr_par' dir='ltr' id='par_1_37' title="bbox 38 3510 1601 3581">
     <span class='ocr_line' id='line_1_37' title="bbox 38 3510 1601 3581; baseline -0.002 -14"><span class='ocrx_word' id='word_1_260' title='bbox 38 3516 164 3570; x_wconf 62' lang='lat' dir='ltr'><strong>dictis</strong></span> <span class='ocrx_word' id='word_1_261' title='bbox 180 3533 284 3570; x_wconf 89' lang='lat' dir='ltr'><strong>non</strong></span> <span class='ocrx_word' id='word_1_262' title='bbox 308 3514 667 3571; x_wconf 87' lang='lat' dir='ltr'><strong>attendebant</strong></span> <span class='ocrx_word' id='word_1_263' title='bbox 694 3530 708 3567; x_wconf 92' lang='lat'>:</span> <span class='ocrx_word' id='word_1_264' title='bbox 740 3512 808 3566; x_wconf 89' lang='lat' dir='ltr'><strong>ita</strong></span> <span class='ocrx_word' id='word_1_265' title='bbox 834 3511 949 3566; x_wconf 66' lang='lat' dir='ltr'><strong>hare</strong></span> <span class='ocrx_word' id='word_1_266' title='bbox 972 3510 1110 3565; x_wconf 87' lang='lat' dir='ltr'><strong>dona</strong></span> <span class='ocrx_word' id='word_1_267' title='bbox 1133 3526 1228 3565; x_wconf 89' lang='lat' dir='ltr'><strong>sua</strong></span> <span class='ocrx_word' id='word_1_268' title='bbox 1260 3524 1468 3581; x_wconf 85' lang='lat' dir='ltr'><strong>magna,</strong></span> <span class='ocrx_word' id='word_1_269' title='bbox 1484 3526 1601 3580; x_wconf 78' lang='lat' dir='ltr'><strong>qua:</strong></span> 
     </span>
    </p>
   </div>
   <div class='ocr_carea' id='block_1_38' title="bbox 36 3602 1600 3673">
    <p class='ocr_par' dir='ltr' id='par_1_38' title="bbox 36 3602 1600 3673">
     <span class='ocr_line' id='line_1_38' title="bbox 36 3602 1600 3673; baseline 0.001 -15"><span class='ocrx_word' id='word_1_270' title='bbox 36 3608 224 3662; x_wconf 72' lang='lat' dir='ltr'><strong>imitata</strong></span> <span class='ocrx_word' id='word_1_271' title='bbox 250 3607 410 3662; x_wconf 87' lang='lat' dir='ltr'><strong>nobis</strong></span> <span class='ocrx_word' id='word_1_272' title='bbox 441 3607 671 3661; x_wconf 91' lang='lat' dir='ltr'><strong>salutem</strong></span> <span class='ocrx_word' id='word_1_273' title='bbox 696 3602 998 3665; x_wconf 89' lang='lat' dir='ltr'><strong>conferunt,</strong></span> <span class='ocrx_word' id='word_1_274' title='bbox 1025 3602 1092 3656; x_wconf 91' lang='lat' dir='ltr'><strong>de</strong></span> <span class='ocrx_word' id='word_1_275' title='bbox 1120 3602 1297 3658; x_wconf 90' lang='lat' dir='ltr'><strong>medio</strong></span> <span class='ocrx_word' id='word_1_276' title='bbox 1323 3617 1465 3673; x_wconf 74' lang='lat' dir='ltr'><strong>saepe</strong></span> <span class='ocrx_word' id='word_1_277' title='bbox 1496 3602 1600 3659; x_wconf 85' lang='lat' dir='ltr'><strong>tol-</strong></span> 
     </span>
    </p>
   </div>
   <div class='ocr_carea' id='block_1_39' title="bbox 32 3692 1601 3768">
    <p class='ocr_par' dir='ltr' id='par_1_39' title="bbox 32 3692 1601 3768">
     <span class='ocr_line' id='line_1_39' title="bbox 32 3692 1601 3768; baseline 0.001 -19"><span class='ocrx_word' id='word_1_278' title='bbox 32 3699 115 3760; x_wconf 80' lang='lat' dir='ltr'><strong>lit,</strong></span> <span class='ocrx_word' id='word_1_279' title='bbox 149 3715 265 3754; x_wconf 85' lang='lat' dir='ltr'><strong>cum</strong></span> <span class='ocrx_word' id='word_1_280' title='bbox 296 3700 331 3753; x_wconf 91' lang='lat' dir='ltr'><strong>ii</strong></span> <span class='ocrx_word' id='word_1_281' title='bbox 364 3698 459 3768; x_wconf 91' lang='lat' dir='ltr'><strong>qui</strong></span> <span class='ocrx_word' id='word_1_282' title='bbox 491 3696 759 3766; x_wconf 87' lang='lat' dir='ltr'><strong>accipiunt</strong></span> <span class='ocrx_word' id='word_1_283' title='bbox 785 3694 915 3748; x_wconf 91' lang='lat' dir='ltr'><strong>nihil</strong></span> <span class='ocrx_word' id='word_1_284' title='bbox 946 3694 1071 3748; x_wconf 91' lang='lat' dir='ltr'><strong>hinc</strong></span> <span class='ocrx_word' id='word_1_285' title='bbox 1101 3692 1301 3748; x_wconf 89' lang='lat' dir='ltr'><strong>fructus</strong></span> <span class='ocrx_word' id='word_1_286' title='bbox 1327 3694 1601 3763; x_wconf 87' lang='lat' dir='ltr'><strong>percipere</strong></span> 
     </span>
    </p>
   </div>
   <div class='ocr_carea' id='block_1_40' title="bbox 28 3784 1602 3859">
    <p class='ocr_par' dir='ltr' id='par_1_40' title="bbox 28 3784 1602 3859">
     <span class='ocr_line' id='line_1_40' title="bbox 28 3784 1602 3859; baseline 0 -20"><span class='ocrx_word' id='word_1_287' title='bbox 28 3792 205 3844; x_wconf 74' lang='lat' dir='ltr'><strong>volunt.</strong></span> <span class='ocrx_word' id='word_1_288' title='bbox 238 3791 307 3845; x_wconf 83' lang='lat' dir='ltr'><strong>Et</strong></span> <span class='ocrx_word' id='word_1_289' title='bbox 338 3788 643 3859; x_wconf 79' lang='lat' dir='ltr'><strong>praphetam</strong></span> <span class='ocrx_word' id='word_1_290' title='bbox 666 3796 716 3841; x_wconf 85' lang='lat' dir='ltr'><strong>et</strong></span> <span class='ocrx_word' id='word_1_291' title='bbox 739 3787 1087 3857; x_wconf 84' lang='lat' dir='ltr'><strong>conjectorent.</strong></span> <span class='ocrx_word' id='word_1_292' title='bbox 1120 3784 1236 3840; x_wconf 85' lang='lat' dir='ltr'><strong>Non</strong></span> <span class='ocrx_word' id='word_1_293' title='bbox 1263 3800 1482 3854; x_wconf 88' lang='lat' dir='ltr'><strong>parvum</strong></span> <span class='ocrx_word' id='word_1_294' title='bbox 1507 3800 1602 3839; x_wconf 89' lang='lat' dir='ltr'><strong>au-</strong></span> 
     </span>
    </p>
   </div>
   <div class='ocr_carea' id='block_1_41' title="bbox 30 3876 1602 3952">
    <p class='ocr_par' dir='ltr' id='par_1_41' title="bbox 30 3876 1602 3952">
     <span class='ocr_line' id='line_1_41' title="bbox 30 3876 1602 3952; baseline 0.001 -21"><span class='ocrx_word' id='word_1_295' title='bbox 30 3891 120 3933; x_wconf 70' lang='lat' dir='ltr'><strong>lem</strong></span> <span class='ocrx_word' id='word_1_296' title='bbox 145 3884 233 3935; x_wconf 71' lang='lat' dir='ltr'><strong>ira:</strong></span> <span class='ocrx_word' id='word_1_297' title='bbox 257 3895 437 3952; x_wconf 90' lang='lat' dir='ltr'><strong>genus</strong></span> <span class='ocrx_word' id='word_1_298' title='bbox 463 3888 550 3935; x_wconf 90' lang='lat' dir='ltr'><strong>est</strong></span> <span class='ocrx_word' id='word_1_299' title='bbox 576 3893 697 3934; x_wconf 91' lang='lat' dir='ltr'><strong>cum</strong></span> <span class='ocrx_word' id='word_1_300' title='bbox 728 3878 1019 3949; x_wconf 67' lang='lat' dir='ltr'><strong>prophetiae</strong></span> <span class='ocrx_word' id='word_1_301' title='bbox 1058 3876 1329 3932; x_wconf 75' lang='lat' dir='ltr'><strong>deficiunt.</strong></span> <span class='ocrx_word' id='word_1_302' title='bbox 1378 3876 1602 3945; x_wconf 82' lang='lat' dir='ltr'><strong>Quando</strong></span> 
     </span>
    </p>
   </div>
   <div class='ocr_carea' id='block_1_42' title="bbox 26 3969 1599 4040">
    <p class='ocr_par' dir='ltr' id='par_1_42' title="bbox 26 3969 1599 4040">
     <span class='ocr_line' id='line_1_42' title="bbox 26 3969 1599 4040; baseline 0.003 -19"><span class='ocrx_word' id='word_1_303' title='bbox 26 3972 163 4038; x_wconf 78' lang='lat' dir='ltr'><strong>igitur</strong></span> <span class='ocrx_word' id='word_1_304' title='bbox 206 3972 497 4026; x_wconf 72' lang='lat' dir='ltr'><strong>Iudaicum</strong></span> <span class='ocrx_word' id='word_1_305' title='bbox 538 3969 790 4040; x_wconf 86' lang='lat' dir='ltr'><strong>populum</strong></span> <span class='ocrx_word' id='word_1_306' title='bbox 841 3970 981 4024; x_wconf 88' lang='lat' dir='ltr'><strong>Deus</strong></span> <span class='ocrx_word' id='word_1_307' title='bbox 1015 3969 1084 4023; x_wconf 92' lang='lat' dir='ltr'><strong>ob</strong></span> <span class='ocrx_word' id='word_1_308' title='bbox 1126 3977 1340 4037; x_wconf 88' lang='lat' dir='ltr'><strong>peccata</strong></span> <span class='ocrx_word' id='word_1_309' title='bbox 1371 3969 1599 4025; x_wconf 84' lang='lat' dir='ltr'><strong>ﬁliorum</strong></span> 
     </span>
    </p>
   </div>
   <div class='ocr_carea' id='block_1_43' title="bbox 26 4059 1597 4131">
    <p class='ocr_par' dir='ltr' id='par_1_43' title="bbox 26 4059 1597 4131">
     <span class='ocr_line' id='line_1_43' title="bbox 26 4059 1597 4131; baseline 0.001 -19"><span class='ocrx_word' id='word_1_310' title='bbox 26 4063 124 4116; x_wconf 73' lang='lat' dir='ltr'><strong>lleli</strong></span> <span class='ocrx_word' id='word_1_311' title='bbox 177 4072 465 4120; x_wconf 81' lang='lat' dir='ltr'><strong>aversatus</strong></span> <span class='ocrx_word' id='word_1_312' title='bbox 516 4071 621 4128; x_wconf 87' lang='lat' dir='ltr'><strong>est,</strong></span> <span class='ocrx_word' id='word_1_313' title='bbox 664 4060 838 4131; x_wconf 89' lang='lat' dir='ltr'><strong>obque</strong></span> <span class='ocrx_word' id='word_1_314' title='bbox 891 4059 1243 4115; x_wconf 86' lang='lat' dir='ltr'><strong>multitudinis</strong></span> <span class='ocrx_word' id='word_1_315' title='bbox 1286 4060 1597 4130; x_wconf 86' lang='lat' dir='ltr'><strong>nequitiam,</strong></span> 
     </span>
    </p>
   </div>
   <div class='ocr_carea' id='block_1_44' title="bbox 26 4152 1601 4226">
    <p class='ocr_par' dir='ltr' id='par_1_44' title="bbox 26 4152 1601 4226">
     <span class='ocr_line' id='line_1_44' title="bbox 26 4152 1601 4226; baseline -0.002 -18"><span class='ocrx_word' id='word_1_316' title='bbox 26 4155 197 4211; x_wconf 68' lang='lat' dir='ltr'><strong>ict&#39;edt</strong></span> <span class='ocrx_word' id='word_1_317' title='bbox 240 4155 530 4226; x_wconf 86' lang='lat' dir='ltr'><strong>prophetia</strong></span> <span class='ocrx_word' id='word_1_318' title='bbox 562 4172 577 4209; x_wconf 91' lang='lat'>:</span> <span class='ocrx_word' id='word_1_319' title='bbox 617 4153 835 4207; x_wconf 81' lang='lat' dir='ltr'><strong>Verbum</strong></span> <span class='ocrx_word' id='word_1_320' title='bbox 858 4153 1003 4209; x_wconf 86' lang='lat' dir='ltr'><strong>enim</strong></span> <span class='ocrx_word' id='word_1_321' title='bbox 1029 4194 1044 4218; x_wconf 93' lang='lat'><strong>,</strong></span> <span class='ocrx_word' id='word_1_322' title='bbox 1086 4152 1273 4223; x_wconf 83' lang='lat' dir='ltr'><strong>inquit,</strong></span> <span class='ocrx_word' id='word_1_323' title='bbox 1330 4153 1601 4223; x_wconf 85' lang='lat' dir='ltr'><strong>pretiosum</strong></span> 
     </span>
    </p>
   </div>
   <div class='ocr_carea' id='block_1_45' title="bbox 26 4244 1601 4318">
    <p class='ocr_par' dir='ltr' id='par_1_45' title="bbox 26 4244 1601 4318">
     <span class='ocr_line' id='line_1_45' title="bbox 26 4244 1601 4318; baseline -0.001 -17"><span class='ocrx_word' id='word_1_324' title='bbox 26 4260 124 4313; x_wconf 74' lang='lat' dir='ltr'><strong>tm,</strong></span> <span class='ocrx_word' id='word_1_325' title='bbox 165 4262 215 4303; x_wconf 86' lang='lat' dir='ltr'><strong>et</strong></span> <span class='ocrx_word' id='word_1_326' title='bbox 242 4267 350 4304; x_wconf 84' lang='lat' dir='ltr'><strong>non</strong></span> <span class='ocrx_word' id='word_1_327' title='bbox 382 4257 490 4303; x_wconf 85' lang='lat' dir='ltr'><strong>erat</strong></span> <span class='ocrx_word' id='word_1_328' title='bbox 518 4249 644 4303; x_wconf 81' lang='lat' dir='ltr'><strong>visio</strong></span> <span class='ocrx_word' id='word_1_329' title='bbox 666 4247 977 4317; x_wconf 73' lang='lat' dir='ltr'><strong>distinguens</strong></span> <span class='ocrx_word' id='word_1_330' title='bbox 1015 4246 1094 4318; x_wconf 80' lang='lat' dir='ltr'><strong>(l.</strong></span> <span class='ocrx_word' id='word_1_331' title='bbox 1126 4244 1250 4314; x_wconf 76' lang='lat' dir='ltr'><strong>Reg.</strong></span> <span class='ocrx_word' id='word_1_332' title='bbox 1275 4246 1329 4300; x_wconf 80' lang='lat'><strong>5.</strong></span> <span class='ocrx_word' id='word_1_333' title='bbox 1356 4245 1431 4317; x_wconf 84' lang='lat' dir='ltr'><strong>l).</strong></span> <span class='ocrx_word' id='word_1_334' title='bbox 1475 4244 1601 4300; x_wconf 87' lang='lat' dir='ltr'><strong>Pre-</strong></span> 
     </span>
    </p>
   </div>
   <div class='ocr_carea' id='block_1_46' title="bbox 26 4335 1598 4405">
    <p class='ocr_par' dir='ltr' id='par_1_46' title="bbox 26 4335 1598 4405">
     <span class='ocr_line' id='line_1_46' title="bbox 26 4335 1598 4405; baseline -0.001 -14"><span class='ocrx_word' id='word_1_335' title='bbox 26 4342 205 4405; x_wconf 75' lang='lat' dir='ltr'><strong>iomn,</strong></span> <span class='ocrx_word' id='word_1_336' title='bbox 257 4341 311 4395; x_wconf 91' lang='lat' dir='ltr'><strong>id</strong></span> <span class='ocrx_word' id='word_1_337' title='bbox 362 4349 483 4404; x_wconf 87' lang='lat' dir='ltr'><strong>est,</strong></span> <span class='ocrx_word' id='word_1_338' title='bbox 534 4352 714 4392; x_wconf 91' lang='lat' dir='ltr'><strong>rarum</strong></span> <span class='ocrx_word' id='word_1_339' title='bbox 756 4346 894 4393; x_wconf 88' lang='lat' dir='ltr'><strong>erat.</strong></span> <span class='ocrx_word' id='word_1_340' title='bbox 948 4336 1015 4391; x_wconf 87' lang='lat' dir='ltr'><strong>Et</strong></span> <span class='ocrx_word' id='word_1_341' title='bbox 1059 4336 1159 4391; x_wconf 90' lang='lat' dir='ltr'><strong>sub</strong></span> <span class='ocrx_word' id='word_1_342' title='bbox 1194 4335 1319 4391; x_wconf 82' lang='lat' dir='ltr'><strong>Ozia</strong></span> <span class='ocrx_word' id='word_1_343' title='bbox 1372 4336 1598 4405; x_wconf 90' lang='lat' dir='ltr'><strong>idipsum</strong></span> 
     </span>
    </p>
   </div>
   <div class='ocr_carea' id='block_1_47' title="bbox 26 4426 1597 4499">
    <p class='ocr_par' dir='ltr' id='par_1_47' title="bbox 26 4426 1597 4499">
     <span class='ocr_line' id='line_1_47' title="bbox 26 4426 1597 4499; baseline 0.001 -20"><span class='ocrx_word' id='word_1_344' title='bbox 26 4432 188 4484; x_wconf 64' lang='lat' dir='ltr'><strong>mctdit</strong></span> <span class='ocrx_word' id='word_1_345' title='bbox 218 4448 235 4486; x_wconf 92' lang='lat'>:</span> <span class='ocrx_word' id='word_1_346' title='bbox 263 4445 450 4499; x_wconf 85' lang='lat' dir='ltr'><strong>neque</strong></span> <span class='ocrx_word' id='word_1_347' title='bbox 478 4429 622 4484; x_wconf 88' lang='lat' dir='ltr'><strong>enim</strong></span> <span class='ocrx_word' id='word_1_348' title='bbox 650 4429 771 4483; x_wconf 88' lang='lat' dir='ltr'><strong>hinc</strong></span> <span class='ocrx_word' id='word_1_349' title='bbox 791 4431 1037 4498; x_wconf 79' lang='lat' dir='ltr'><strong>exiguum</strong></span> <span class='ocrx_word' id='word_1_350' title='bbox 1065 4426 1290 4481; x_wconf 82' lang='lat' dir='ltr'><strong>fructum</strong></span> <span class='ocrx_word' id='word_1_351' title='bbox 1313 4428 1597 4496; x_wconf 86' lang='lat' dir='ltr'><strong>cepissent,</strong></span> 
     </span>
    </p>
   </div>
   <div class='ocr_carea' id='block_1_48' title="bbox 26 4517 1599 4584">
    <p class='ocr_par' dir='ltr' id='par_1_48' title="bbox 26 4517 1599 4584">
     <span class='ocr_line' id='line_1_48' title="bbox 26 4517 1599 4584; baseline 0.002 -13"><span class='ocrx_word' id='word_1_352' title='bbox 26 4522 53 4571; x_wconf 81' lang='lat' dir='ltr'><strong>.i</strong></span> <span class='ocrx_word' id='word_1_353' title='bbox 77 4523 401 4577; x_wconf 78' lang='lat' dir='ltr'><strong>voluissent.</strong></span> <span class='ocrx_word' id='word_1_354' title='bbox 431 4521 566 4575; x_wconf 82' lang='lat' dir='ltr'><strong>Nam</strong></span> <span class='ocrx_word' id='word_1_355' title='bbox 597 4520 777 4574; x_wconf 89' lang='lat' dir='ltr'><strong>divina</strong></span> <span class='ocrx_word' id='word_1_356' title='bbox 804 4519 1061 4584; x_wconf 87' lang='lat' dir='ltr'><strong>ediscere,</strong></span> <span class='ocrx_word' id='word_1_357' title='bbox 1087 4526 1143 4573; x_wconf 90' lang='lat' dir='ltr'><strong>et</strong></span> <span class='ocrx_word' id='word_1_358' title='bbox 1162 4519 1229 4573; x_wconf 90' lang='lat' dir='ltr'><strong>ad</strong></span> <span class='ocrx_word' id='word_1_359' title='bbox 1261 4517 1435 4573; x_wconf 89' lang='lat' dir='ltr'><strong>futura</strong></span> <span class='ocrx_word' id='word_1_360' title='bbox 1464 4522 1599 4575; x_wconf 90' lang='lat' dir='ltr'><strong>mala</strong></span> 
     </span>
    </p>
   </div>
   <div class='ocr_carea' id='block_1_49' title="bbox 26 4612 1602 4682">
    <p class='ocr_par' dir='ltr' id='par_1_49' title="bbox 26 4612 1602 4682">
     <span class='ocr_line' id='line_1_49' title="bbox 26 4612 1602 4682; baseline -0.001 -13"><span class='ocrx_word' id='word_1_361' title='bbox 26 4615 313 4681; x_wconf 55' lang='lat' dir='ltr'><strong>preparari,</strong></span> <span class='ocrx_word' id='word_1_362' title='bbox 345 4614 419 4668; x_wconf 89' lang='lat' dir='ltr'><strong>de</strong></span> <span class='ocrx_word' id='word_1_363' title='bbox 446 4614 666 4667; x_wconf 88' lang='lat' dir='ltr'><strong>incertis</strong></span> <span class='ocrx_word' id='word_1_364' title='bbox 689 4612 850 4668; x_wconf 89' lang='lat' dir='ltr'><strong>rebus</strong></span> <span class='ocrx_word' id='word_1_365' title='bbox 876 4626 1129 4682; x_wconf 88' lang='lat' dir='ltr'><strong>responsa</strong></span> <span class='ocrx_word' id='word_1_366' title='bbox 1153 4614 1414 4682; x_wconf 89' lang='lat' dir='ltr'><strong>accipere,</strong></span> <span class='ocrx_word' id='word_1_367' title='bbox 1433 4627 1602 4682; x_wconf 84' lang='lat' dir='ltr'><strong>quan-</strong></span> 
     </span>
    </p>
   </div>
   <div class='ocr_carea' id='block_1_50' title="bbox 26 4702 1598 4773">
    <p class='ocr_par' dir='ltr' id='par_1_50' title="bbox 26 4702 1598 4773">
     <span class='ocr_line' id='line_1_50' title="bbox 26 4702 1598 4773; baseline 0.001 -17"><span class='ocrx_word' id='word_1_368' title='bbox 26 4703 192 4758; x_wconf 70' lang='lat' dir='ltr'><strong>domm</strong></span> <span class='ocrx_word' id='word_1_369' title='bbox 218 4703 745 4759; x_wconf 86' lang='lat' dir='ltr'><strong>inimicosinvadcrc</strong></span> <span class='ocrx_word' id='word_1_370' title='bbox 771 4712 1034 4771; x_wconf 84' lang='lat' dir='ltr'><strong>oporteat,</strong></span> <span class='ocrx_word' id='word_1_371' title='bbox 1063 4702 1275 4773; x_wconf 88' lang='lat' dir='ltr'><strong>quando</strong></span> <span class='ocrx_word' id='word_1_372' title='bbox 1304 4704 1598 4773; x_wconf 86' lang='lat' dir='ltr'><strong>quiescere,</strong></span> 
     </span>
    </p>
   </div>
   <div class='ocr_carea' id='block_1_51' title="bbox 26 4794 1599 4865">
    <p class='ocr_par' dir='ltr' id='par_1_51' title="bbox 26 4794 1599 4865">
     <span class='ocr_line' id='line_1_51' title="bbox 26 4794 1599 4865; baseline 0.001 -17"><span class='ocrx_word' id='word_1_373' title='bbox 26 4795 273 4861; x_wconf 69' lang='lat' dir='ltr'><strong>quomodo</strong></span> <span class='ocrx_word' id='word_1_374' title='bbox 324 4796 503 4849; x_wconf 86' lang='lat' dir='ltr'><strong>tristia</strong></span> <span class='ocrx_word' id='word_1_375' title='bbox 550 4794 730 4849; x_wconf 86' lang='lat' dir='ltr'><strong>omnia</strong></span> <span class='ocrx_word' id='word_1_376' title='bbox 777 4794 1065 4864; x_wconf 84' lang='lat' dir='ltr'><strong>depellere,</strong></span> <span class='ocrx_word' id='word_1_377' title='bbox 1107 4795 1327 4848; x_wconf 88' lang='lat' dir='ltr'><strong>multam</strong></span> <span class='ocrx_word' id='word_1_378' title='bbox 1370 4795 1500 4865; x_wconf 88' lang='lat' dir='ltr'><strong>ipsis</strong></span> <span class='ocrx_word' id='word_1_379' title='bbox 1534 4794 1599 4849; x_wconf 89' lang='lat' dir='ltr'><strong>ad</strong></span> 
     </span>
    </p>
   </div>
   <div class='ocr_carea' id='block_1_52' title="bbox 26 4887 1600 4957">
    <p class='ocr_par' dir='ltr' id='par_1_52' title="bbox 26 4887 1600 4957">
     <span class='ocr_line' id='line_1_52' title="bbox 26 4887 1600 4957; baseline 0.001 -18"><span class='ocrx_word' id='word_1_380' title='bbox 26 4890 226 4944; x_wconf 50' lang='lat' dir='ltr'><strong>salutem</strong></span> <span class='ocrx_word' id='word_1_381' title='bbox 258 4889 530 4945; x_wconf 75' lang='lat' dir='ltr'><strong>alTerebat</strong></span> <span class='ocrx_word' id='word_1_382' title='bbox 557 4888 893 4943; x_wconf 80' lang='lat' dir='ltr'><strong>facilitatem.</strong></span> <span class='ocrx_word' id='word_1_383' title='bbox 940 4888 1137 4943; x_wconf 83' lang='lat' dir='ltr'><strong>Verum</strong></span> <span class='ocrx_word' id='word_1_384' title='bbox 1172 4888 1293 4957; x_wconf 90' lang='lat' dir='ltr'><strong>quia</strong></span> <span class='ocrx_word' id='word_1_385' title='bbox 1323 4903 1440 4957; x_wconf 70' lang='lat' dir='ltr'><strong>qum</strong></span> <span class='ocrx_word' id='word_1_386' title='bbox 1462 4887 1600 4941; x_wconf 82' lang='lat' dir='ltr'><strong>didi-</strong></span> 
     </span>
    </p>
   </div>
   <div class='ocr_carea' id='block_1_53' title="bbox 26 4979 1601 5051">
    <p class='ocr_par' dir='ltr' id='par_1_53' title="bbox 26 4979 1601 5051">
     <span class='ocr_line' id='line_1_53' title="bbox 26 4979 1601 5051; baseline 0.003 -22"><span class='ocrx_word' id='word_1_387' title='bbox 26 4992 181 5035; x_wconf 55' lang='lat' dir='ltr'><strong>errant</strong></span> <span class='ocrx_word' id='word_1_388' title='bbox 221 4998 334 5037; x_wconf 89' lang='lat' dir='ltr'><strong>non</strong></span> <span class='ocrx_word' id='word_1_389' title='bbox 375 4980 703 5051; x_wconf 79' lang='lat' dir='ltr'><strong>explebant,</strong></span> <span class='ocrx_word' id='word_1_390' title='bbox 747 4979 869 5033; x_wconf 89' lang='lat' dir='ltr'><strong>ideo</strong></span> <span class='ocrx_word' id='word_1_391' title='bbox 909 4979 1243 5048; x_wconf 89' lang='lat' dir='ltr'><strong>disciplinam</strong></span> <span class='ocrx_word' id='word_1_392' title='bbox 1287 4979 1423 5035; x_wconf 88' lang='lat' dir='ltr'><strong>hanc</strong></span> <span class='ocrx_word' id='word_1_393' title='bbox 1473 4980 1601 5049; x_wconf 89' lang='lat' dir='ltr'><strong>ipsis</strong></span> 
     </span>
    </p>
   </div>
   <div class='ocr_carea' id='block_1_54' title="bbox 26 5071 1598 5144">
    <p class='ocr_par' dir='ltr' id='par_1_54' title="bbox 26 5071 1598 5144">
     <span class='ocr_line' id='line_1_54' title="bbox 26 5071 1598 5144; baseline 0.003 -21"><span class='ocrx_word' id='word_1_394' title='bbox 26 5074 195 5128; x_wconf 62' lang='grc' dir='ltr'><strong>ιιιειυίι</strong></span> <span class='ocrx_word' id='word_1_395' title='bbox 226 5092 242 5127; x_wconf 89' lang='lat'>:</span> <span class='ocrx_word' id='word_1_396' title='bbox 275 5074 429 5144; x_wconf 88' lang='lat' dir='ltr'><strong>quod</strong></span> <span class='ocrx_word' id='word_1_397' title='bbox 459 5083 574 5127; x_wconf 84' lang='lat' dir='ltr'><strong>erat</strong></span> <span class='ocrx_word' id='word_1_398' title='bbox 606 5072 833 5141; x_wconf 71' lang='lat' dir='ltr'><strong>iungentis</strong></span> <span class='ocrx_word' id='word_1_399' title='bbox 862 5071 958 5126; x_wconf 85' lang='lat' dir='ltr'><strong>Dei</strong></span> <span class='ocrx_word' id='word_1_400' title='bbox 985 5071 1281 5126; x_wconf 75' lang='lat' dir='ltr'><strong>clementia:</strong></span> <span class='ocrx_word' id='word_1_401' title='bbox 1314 5086 1598 5142; x_wconf 88' lang='lat' dir='ltr'><strong>argumen-</strong></span> 
     </span>
    </p>
   </div>
   <div class='ocr_carea' id='block_1_55' title="bbox 26 5160 1598 5233">
    <p class='ocr_par' dir='ltr' id='par_1_55' title="bbox 26 5160 1598 5233">
     <span class='ocr_line' id='line_1_55' title="bbox 26 5160 1598 5233; baseline 0.006 -27"><span class='ocrx_word' id='word_1_402' title='bbox 26 5171 136 5226; x_wconf 82' lang='lat' dir='ltr'><strong>tum,</strong></span> <span class='ocrx_word' id='word_1_403' title='bbox 162 5165 307 5233; x_wconf 85' lang='lat' dir='ltr'><strong>quod</strong></span> <span class='ocrx_word' id='word_1_404' title='bbox 337 5178 468 5218; x_wconf 87' lang='lat' dir='ltr'><strong>eum</strong></span> <span class='ocrx_word' id='word_1_405' title='bbox 500 5160 673 5215; x_wconf 86' lang='lat' dir='ltr'><strong>futura</strong></span> <span class='ocrx_word' id='word_1_406' title='bbox 706 5161 1038 5231; x_wconf 83' lang='lat' dir='ltr'><strong>praevideret,</strong></span> <span class='ocrx_word' id='word_1_407' title='bbox 1085 5161 1351 5229; x_wconf 90' lang='lat' dir='ltr'><strong>sciretque</strong></span> <span class='ocrx_word' id='word_1_408' title='bbox 1377 5175 1469 5215; x_wconf 87' lang='lat' dir='ltr'><strong>cos</strong></span> <span class='ocrx_word' id='word_1_409' title='bbox 1495 5176 1598 5215; x_wconf 92' lang='lat' dir='ltr'><strong>non</strong></span> 
     </span>
    </p>
   </div>
   <div class='ocr_carea' id='block_1_56' title="bbox 26 5252 1600 5321">
    <p class='ocr_par' dir='ltr' id='par_1_56' title="bbox 26 5252 1600 5321">
     <span class='ocr_line' id='line_1_56' title="bbox 26 5252 1600 5321; baseline 0.001 -17"><span class='ocrx_word' id='word_1_410' title='bbox 26 5263 144 5304; x_wconf 70' lang='lat' dir='ltr'><strong>ncte</strong></span> <span class='ocrx_word' id='word_1_411' title='bbox 178 5254 344 5308; x_wconf 85' lang='lat' dir='ltr'><strong>donis</strong></span> <span class='ocrx_word' id='word_1_412' title='bbox 372 5267 571 5308; x_wconf 86' lang='lat' dir='ltr'><strong>usuros</strong></span> <span class='ocrx_word' id='word_1_413' title='bbox 590 5294 607 5317; x_wconf 94' lang='lat'><strong>,</strong></span> <span class='ocrx_word' id='word_1_414' title='bbox 659 5261 835 5307; x_wconf 87' lang='lat' dir='ltr'><strong>tamen</strong></span> <span class='ocrx_word' id='word_1_415' title='bbox 862 5266 980 5321; x_wconf 65' lang='lat' dir='ltr'><strong>qua:</strong></span> <span class='ocrx_word' id='word_1_416' title='bbox 1006 5265 1100 5305; x_wconf 89' lang='lat' dir='ltr'><strong>sua</strong></span> <span class='ocrx_word' id='word_1_417' title='bbox 1129 5259 1282 5305; x_wconf 87' lang='lat' dir='ltr'><strong>erant</strong></span> <span class='ocrx_word' id='word_1_418' title='bbox 1307 5252 1479 5305; x_wconf 88' lang='lat' dir='ltr'><strong>omnia</strong></span> <span class='ocrx_word' id='word_1_419' title='bbox 1508 5266 1600 5305; x_wconf 78' lang='lat' dir='ltr'><strong>ex-</strong></span> 
     </span>
    </p>
   </div>
   <div class='ocr_carea' id='block_1_57' title="bbox 26 5340 1602 5412">
    <p class='ocr_par' dir='ltr' id='par_1_57' title="bbox 26 5340 1602 5412">
     <span class='ocr_line' id='line_1_57' title="bbox 26 5340 1602 5412; baseline 0.005 -25"><span class='ocrx_word' id='word_1_420' title='bbox 26 5342 228 5396; x_wconf 63' lang='lat' dir='ltr'><strong>lateret.</strong></span> <span class='ocrx_word' id='word_1_421' title='bbox 302 5344 445 5399; x_wconf 85' lang='lat' dir='ltr'><strong>Cum</strong></span> <span class='ocrx_word' id='word_1_422' title='bbox 495 5342 755 5412; x_wconf 84' lang='lat' dir='ltr'><strong>propheta</strong></span> <span class='ocrx_word' id='word_1_423' title='bbox 796 5355 925 5397; x_wconf 87' lang='lat' dir='ltr'><strong>vero</strong></span> <span class='ocrx_word' id='word_1_424' title='bbox 974 5340 1329 5410; x_wconf 89' lang='lat' dir='ltr'><strong>conjectorem</strong></span> <span class='ocrx_word' id='word_1_425' title='bbox 1372 5356 1431 5396; x_wconf 90' lang='lat' dir='ltr'><strong>se</strong></span> <span class='ocrx_word' id='word_1_426' title='bbox 1473 5340 1602 5396; x_wconf 86' lang='lat' dir='ltr'><strong>dicit</strong></span> 
     </span>
    </p>
   </div>
   <div class='ocr_carea' id='block_1_58' title="bbox 26 5432 504 5491">
    <p class='ocr_par' dir='ltr' id='par_1_58' title="bbox 26 5432 504 5491">
     <span class='ocr_line' id='line_1_58' title="bbox 26 5432 504 5491; baseline 0.017 -8"><span class='ocrx_word' id='word_1_427' title='bbox 26 5432 299 5490; x_wconf 67' lang='lat' dir='ltr'><strong>ablaturum</strong></span> <span class='ocrx_word' id='word_1_428' title='bbox 350 5450 504 5491; x_wconf 86' lang='lat' dir='ltr'><strong>esse.</strong></span> 
     </span>
    </p>
   </div>
   <div class='ocr_carea' id='block_1_59' title="bbox 84 5524 1601 5599">
    <p class='ocr_par' dir='ltr' id='par_1_59' title="bbox 84 5524 1601 5599">
     <span class='ocr_line' id='line_1_59' title="bbox 84 5524 1601 5599; baseline 0.001 -22"><span class='ocrx_word' id='word_1_429' title='bbox 84 5526 344 5596; x_wconf 73' lang='lat' dir='ltr'><strong>Conjeetor</strong></span> <span class='ocrx_word' id='word_1_430' title='bbox 364 5530 483 5599; x_wconf 83' lang='lat' dir='ltr'><strong>quis</strong></span> <span class='ocrx_word' id='word_1_431' title='bbox 512 5528 596 5580; x_wconf 86' lang='lat' dir='ltr'><strong>sit.</strong></span> <span class='ocrx_word' id='word_1_432' title='bbox 622 5556 695 5566; x_wconf 95' lang='lat'><strong>—</strong></span> <span class='ocrx_word' id='word_1_433' title='bbox 724 5524 1089 5594; x_wconf 82' lang='lat' dir='ltr'><strong>Conjectorem</strong></span> <span class='ocrx_word' id='word_1_434' title='bbox 1122 5524 1207 5579; x_wconf 90' lang='lat' dir='ltr'><strong>hic</strong></span> <span class='ocrx_word' id='word_1_435' title='bbox 1231 5525 1357 5578; x_wconf 90' lang='lat' dir='ltr'><strong>mihi</strong></span> <span class='ocrx_word' id='word_1_436' title='bbox 1389 5524 1601 5580; x_wconf 89' lang='lat' dir='ltr'><strong>videtur</strong></span> 
     </span>
    </p>
   </div>
   <div class='ocr_carea' id='block_1_60' title="bbox 34 5660 1598 5726">
    <p class='ocr_par' dir='ltr' id='par_1_60' title="bbox 34 5660 1598 5726">
     <span class='ocr_line' id='line_1_60' title="bbox 34 5660 1598 5726; baseline 0.001 -17"><span class='ocrx_word' id='word_1_437' title='bbox 34 5718 41 5723; x_wconf 40' lang='grc'><em>,</em></span> <span class='ocrx_word' id='word_1_438' title='bbox 80 5662 93 5687; x_wconf 90' lang='grc'>¹</span> <span class='ocrx_word' id='word_1_439' title='bbox 124 5669 236 5726; x_wconf 53' lang='lat' dir='ltr'><strong>pag.</strong></span> <span class='ocrx_word' id='word_1_440' title='bbox 264 5672 320 5716; x_wconf 73' lang='lat' dir='ltr'><strong>et</strong></span> <span class='ocrx_word' id='word_1_441' title='bbox 366 5663 513 5712; x_wconf 78' lang='lat' dir='ltr'><strong>savii.</strong></span> <span class='ocrx_word' id='word_1_442' title='bbox 545 5661 939 5726; x_wconf 80' lang='lat' dir='ltr'><strong>habent,_hostes</strong></span> <span class='ocrx_word' id='word_1_443' title='bbox 978 5662 1291 5726; x_wconf 73' lang='lat' dir='ltr'><strong>imminentes,</strong></span> <span class='ocrx_word' id='word_1_444' title='bbox 1331 5675 1434 5724; x_wconf 86' lang='lat' dir='ltr'><strong>pro,</strong></span> <span class='ocrx_word' id='word_1_445' title='bbox 1453 5660 1598 5726; x_wconf 78' lang='lat' dir='ltr'><strong>_bella</strong></span> 
     </span>
    </p>
   </div>
   <div class='ocr_carea' id='block_1_61' title="bbox 25 5722 1596 5787">
    <p class='ocr_par' dir='ltr' id='par_1_61' title="bbox 25 5722 1596 5787">
     <span class='ocr_line' id='line_1_61' title="bbox 25 5722 1596 5787; baseline -0.001 -15"><span class='ocrx_word' id='word_1_446' title='bbox 25 5722 65 5765; x_wconf 64' lang='lat' dir='ltr'><strong>rh</strong></span> <span class='ocrx_word' id='word_1_447' title='bbox 346 5735 467 5786; x_wconf 75' lang='lat' dir='ltr'><strong>Quae</strong></span> <span class='ocrx_word' id='word_1_448' title='bbox 492 5735 741 5787; x_wconf 84' lang='lat' dir='ltr'><strong>postrema</strong></span> <span class='ocrx_word' id='word_1_449' title='bbox 766 5723 911 5773; x_wconf 86' lang='lat' dir='ltr'><strong>lectio</strong></span> <span class='ocrx_word' id='word_1_450' title='bbox 933 5722 1109 5773; x_wconf 81' lang='lat' dir='ltr'><strong>melius</strong></span> <span class='ocrx_word' id='word_1_451' title='bbox 1130 5722 1365 5786; x_wconf 79' lang='lat' dir='ltr'><strong>quadrare</strong></span> <span class='ocrx_word' id='word_1_452' title='bbox 1388 5724 1596 5773; x_wconf 88' lang='lat' dir='ltr'><strong>videtur.</strong></span> 
     </span>
    </p>
   </div>
   <div class='ocr_carea' id='block_1_62' title="bbox 1698 407 3279 480">
    <p class='ocr_par' dir='ltr' id='par_1_62' title="bbox 1698 407 3279 480">
     <span class='ocr_line' id='line_1_62' title="bbox 1698 407 3279 480; baseline 0.002 -18"><span class='ocrx_word' id='word_1_453' title='bbox 1698 407 1877 465; x_wconf 87' lang='lat' dir='ltr'><strong>dicere</strong></span> <span class='ocrx_word' id='word_1_454' title='bbox 1900 423 2042 475; x_wconf 84' lang='lat' dir='ltr'><strong>eum,</strong></span> <span class='ocrx_word' id='word_1_455' title='bbox 2070 408 2157 480; x_wconf 89' lang='lat' dir='ltr'><strong>qui</strong></span> <span class='ocrx_word' id='word_1_456' title='bbox 2185 423 2246 463; x_wconf 79' lang='lat' dir='ltr'><strong>ex</strong></span> <span class='ocrx_word' id='word_1_457' title='bbox 2280 407 2444 463; x_wconf 90' lang='lat' dir='ltr'><strong>multa</strong></span> <span class='ocrx_word' id='word_1_458' title='bbox 2471 408 2812 479; x_wconf 75' lang='lat' dir='ltr'><strong>intelligentia</strong></span> <span class='ocrx_word' id='word_1_459' title='bbox 2832 451 2844 473; x_wconf 91' lang='lat'><strong>,</strong></span> <span class='ocrx_word' id='word_1_460' title='bbox 2884 416 2938 464; x_wconf 88' lang='lat' dir='ltr'><strong>et</strong></span> <span class='ocrx_word' id='word_1_461' title='bbox 2967 424 3031 464; x_wconf 73' lang='lat' dir='ltr'><strong>ex</strong></span> <span class='ocrx_word' id='word_1_462' title='bbox 3058 408 3169 480; x_wconf 83' lang='lat' dir='ltr'><strong>ipsa</strong></span> <span class='ocrx_word' id='word_1_463' title='bbox 3194 427 3279 466; x_wconf 83' lang='lat' dir='ltr'><strong>re-</strong></span> 
     </span>
    </p>
   </div>
   <div class='ocr_carea' id='block_1_63' title="bbox 1695 499 3268 570">
    <p class='ocr_par' dir='ltr' id='par_1_63' title="bbox 1695 499 3268 570">
     <span class='ocr_line' id='line_1_63' title="bbox 1695 499 3268 570; baseline 0.001 -17"><span class='ocrx_word' id='word_1_464' title='bbox 1695 516 1810 554; x_wconf 90' lang='lat' dir='ltr'><strong>rum</strong></span> <span class='ocrx_word' id='word_1_465' title='bbox 1839 499 2167 570; x_wconf 77' lang='lat' dir='ltr'><strong>experientia</strong></span> <span class='ocrx_word' id='word_1_466' title='bbox 2198 501 2368 555; x_wconf 85' lang='lat' dir='ltr'><strong>futura</strong></span> <span class='ocrx_word' id='word_1_467' title='bbox 2396 500 2661 569; x_wconf 84' lang='lat' dir='ltr'><strong>conjicere</strong></span> <span class='ocrx_word' id='word_1_468' title='bbox 2689 509 2912 569; x_wconf 88' lang='lat' dir='ltr'><strong>poterat.</strong></span> <span class='ocrx_word' id='word_1_469' title='bbox 2930 500 3087 555; x_wconf 77' lang='lat' dir='ltr'><strong>Aliud</strong></span> <span class='ocrx_word' id='word_1_470' title='bbox 3126 502 3268 556; x_wconf 90' lang='lat' dir='ltr'><strong>enim</strong></span> 
     </span>
    </p>
   </div>
   <div class='ocr_carea' id='block_1_64' title="bbox 1695 588 3274 659">
    <p class='ocr_par' dir='ltr' id='par_1_64' title="bbox 1695 588 3274 659">
     <span class='ocr_line' id='line_1_64' title="bbox 1695 588 3274 659; baseline 0.001 -16"><span class='ocrx_word' id='word_1_471' title='bbox 1695 598 1778 643; x_wconf 89' lang='lat' dir='ltr'><strong>est</strong></span> <span class='ocrx_word' id='word_1_472' title='bbox 1812 589 2138 658; x_wconf 84' lang='lat' dir='ltr'><strong>conjectura,</strong></span> <span class='ocrx_word' id='word_1_473' title='bbox 2170 589 2312 643; x_wconf 91' lang='lat' dir='ltr'><strong>aliud</strong></span> <span class='ocrx_word' id='word_1_474' title='bbox 2356 588 2633 659; x_wconf 87' lang='lat' dir='ltr'><strong>prophetia</strong></span> <span class='ocrx_word' id='word_1_475' title='bbox 2683 607 2697 643; x_wconf 92' lang='lat'><strong>:</strong></span> <span class='ocrx_word' id='word_1_476' title='bbox 2744 590 3002 659; x_wconf 88' lang='lat' dir='ltr'><strong>propheta</strong></span> <span class='ocrx_word' id='word_1_477' title='bbox 3028 591 3170 645; x_wconf 89' lang='lat' dir='ltr'><strong>enim</strong></span> <span class='ocrx_word' id='word_1_478' title='bbox 3207 607 3274 644; x_wconf 75' lang='lat' dir='ltr'><strong>ex</strong></span> 
     </span>
    </p>
   </div>
   <div class='ocr_carea' id='block_1_65' title="bbox 1695 679 3277 751">
    <p class='ocr_par' dir='ltr' id='par_1_65' title="bbox 1695 679 3277 751">
     <span class='ocr_line' id='line_1_65' title="bbox 1695 679 3277 751; baseline -0.001 -15"><span class='ocrx_word' id='word_1_479' title='bbox 1695 679 1875 736; x_wconf 82' lang='lat' dir='ltr'><strong>divino</strong></span> <span class='ocrx_word' id='word_1_480' title='bbox 1892 681 2087 751; x_wconf 88' lang='lat' dir='ltr'><strong>Spiritu</strong></span> <span class='ocrx_word' id='word_1_481' title='bbox 2116 682 2368 751; x_wconf 88' lang='lat' dir='ltr'><strong>loquitur,</strong></span> <span class='ocrx_word' id='word_1_482' title='bbox 2400 696 2463 736; x_wconf 66' lang='lat' dir='ltr'><strong>et</strong></span> <span class='ocrx_word' id='word_1_483' title='bbox 2487 694 2545 735; x_wconf 89' lang='lat' dir='ltr'><strong>se</strong></span> <span class='ocrx_word' id='word_1_484' title='bbox 2573 680 2701 734; x_wconf 89' lang='lat' dir='ltr'><strong>nihil</strong></span> <span class='ocrx_word' id='word_1_485' title='bbox 2731 679 2996 747; x_wconf 82' lang='lat' dir='ltr'><strong>aﬂ‘erens;</strong></span> <span class='ocrx_word' id='word_1_486' title='bbox 3030 680 3118 736; x_wconf 88' lang='lat' dir='ltr'><strong>ille</strong></span> <span class='ocrx_word' id='word_1_487' title='bbox 3148 696 3277 736; x_wconf 76' lang='lat' dir='ltr'><strong>vero</strong></span> 
     </span>
    </p>
   </div>
   <div class='ocr_carea' id='block_1_66' title="bbox 1694 772 3273 844">
    <p class='ocr_par' dir='ltr' id='par_1_66' title="bbox 1694 772 3273 844">
     <span class='ocr_line' id='line_1_66' title="bbox 1694 772 3273 844; baseline 0.001 -17"><span class='ocrx_word' id='word_1_488' title='bbox 1694 772 1973 829; x_wconf 81' lang='lat' dir='ltr'><strong>occasione</strong></span> <span class='ocrx_word' id='word_1_489' title='bbox 2000 782 2151 843; x_wconf 90' lang='lat' dir='ltr'><strong>capta</strong></span> <span class='ocrx_word' id='word_1_490' title='bbox 2179 788 2243 828; x_wconf 76' lang='lat' dir='ltr'><strong>ex</strong></span> <span class='ocrx_word' id='word_1_491' title='bbox 2275 772 2339 827; x_wconf 90' lang='lat' dir='ltr'><strong>iis</strong></span> <span class='ocrx_word' id='word_1_492' title='bbox 2359 787 2485 843; x_wconf 53' lang='lat' dir='ltr'><strong>quas</strong></span> <span class='ocrx_word' id='word_1_493' title='bbox 2515 774 2626 842; x_wconf 85' lang='lat' dir='ltr'><strong>jam</strong></span> <span class='ocrx_word' id='word_1_494' title='bbox 2665 775 3024 844; x_wconf 87' lang='lat' dir='ltr'><strong>contigerunt,</strong></span> <span class='ocrx_word' id='word_1_495' title='bbox 3078 775 3273 830; x_wconf 86' lang='lat' dir='ltr'><strong>intelli-</strong></span> 
     </span>
    </p>
   </div>
   <div class='ocr_carea' id='block_1_67' title="bbox 1694 862 3273 934">
    <p class='ocr_par' dir='ltr' id='par_1_67' title="bbox 1694 862 3273 934">
     <span class='ocr_line' id='line_1_67' title="bbox 1694 862 3273 934; baseline 0.001 -17"><span class='ocrx_word' id='word_1_496' title='bbox 1694 862 1926 931; x_wconf 79' lang='lat' dir='ltr'><strong>gentiam</strong></span> <span class='ocrx_word' id='word_1_497' title='bbox 1953 877 2210 919; x_wconf 77' lang='lat' dir='ltr'><strong>exercens</strong></span> <span class='ocrx_word' id='word_1_498' title='bbox 2238 878 2385 917; x_wconf 90' lang='lat' dir='ltr'><strong>suam</strong></span> <span class='ocrx_word' id='word_1_499' title='bbox 2404 902 2422 928; x_wconf 93' lang='lat'><strong>,</strong></span> <span class='ocrx_word' id='word_1_500' title='bbox 2468 866 2759 918; x_wconf 86' lang='lat' dir='ltr'><strong>futurorum</strong></span> <span class='ocrx_word' id='word_1_501' title='bbox 2791 865 2956 919; x_wconf 90' lang='lat' dir='ltr'><strong>multa</strong></span> <span class='ocrx_word' id='word_1_502' title='bbox 2985 865 3273 934; x_wconf 89' lang='lat' dir='ltr'><strong>prospicit.</strong></span> 
     </span>
    </p>
   </div>
   <div class='ocr_carea' id='block_1_68' title="bbox 1698 954 3275 1026">
    <p class='ocr_par' dir='ltr' id='par_1_68' title="bbox 1698 954 3275 1026">
     <span class='ocr_line' id='line_1_68' title="bbox 1698 954 3275 1026; baseline 0.003 -20"><span class='ocrx_word' id='word_1_503' title='bbox 1698 962 1753 1007; x_wconf 91' lang='lat' dir='ltr'><strong>ut</strong></span> <span class='ocrx_word' id='word_1_504' title='bbox 1785 968 1879 1023; x_wconf 89' lang='lat' dir='ltr'><strong>par</strong></span> <span class='ocrx_word' id='word_1_505' title='bbox 1902 963 1983 1009; x_wconf 92' lang='lat' dir='ltr'><strong>est</strong></span> <span class='ocrx_word' id='word_1_506' title='bbox 2016 954 2183 1009; x_wconf 88' lang='lat' dir='ltr'><strong>virum</strong></span> <span class='ocrx_word' id='word_1_507' title='bbox 2212 956 2522 1024; x_wconf 81' lang='lat' dir='ltr'><strong>prudentem</strong></span> <span class='ocrx_word' id='word_1_508' title='bbox 2559 956 2885 1026; x_wconf 89' lang='lat' dir='ltr'><strong>prospicere.</strong></span> <span class='ocrx_word' id='word_1_509' title='bbox 2943 958 3011 1011; x_wconf 82' lang='lat' dir='ltr'><strong>At</strong></span> <span class='ocrx_word' id='word_1_510' title='bbox 3053 957 3275 1011; x_wconf 89' lang='lat' dir='ltr'><strong>multum</strong></span> 
     </span>
    </p>
   </div>
   <div class='ocr_carea' id='block_1_69' title="bbox 1700 1044 3273 1118">
    <p class='ocr_par' dir='ltr' id='par_1_69' title="bbox 1700 1044 3273 1118">
     <span class='ocr_line' id='line_1_69' title="bbox 1700 1044 3273 1118; baseline 0.002 -20"><span class='ocrx_word' id='word_1_511' title='bbox 1700 1044 1839 1099; x_wconf 90' lang='lat' dir='ltr'><strong>hunc</strong></span> <span class='ocrx_word' id='word_1_512' title='bbox 1863 1044 2001 1100; x_wconf 92' lang='lat' dir='ltr'><strong>inter</strong></span> <span class='ocrx_word' id='word_1_513' title='bbox 2026 1055 2080 1100; x_wconf 91' lang='lat' dir='ltr'><strong>et</strong></span> <span class='ocrx_word' id='word_1_514' title='bbox 2106 1046 2252 1100; x_wconf 92' lang='lat' dir='ltr'><strong>illum</strong></span> <span class='ocrx_word' id='word_1_515' title='bbox 2283 1046 2566 1101; x_wconf 88' lang='lat' dir='ltr'><strong>discrimen</strong></span> <span class='ocrx_word' id='word_1_516' title='bbox 2590 1064 2606 1112; x_wconf 88' lang='lat'><strong>;</strong></span> <span class='ocrx_word' id='word_1_517' title='bbox 2660 1055 2990 1118; x_wconf 89' lang='lat' dir='ltr'><strong>tantumque,</strong></span> <span class='ocrx_word' id='word_1_518' title='bbox 3019 1058 3273 1118; x_wconf 88' lang='lat' dir='ltr'><strong>quantum</strong></span> 
     </span>
    </p>
   </div>
   <div class='ocr_carea' id='block_1_70' title="bbox 1697 1138 3279 1209">
    <p class='ocr_par' dir='ltr' id='par_1_70' title="bbox 1697 1138 3279 1209">
     <span class='ocr_line' id='line_1_70' title="bbox 1697 1138 3279 1209; baseline 0.001 -16"><span class='ocrx_word' id='word_1_519' title='bbox 1697 1145 1780 1193; x_wconf 88' lang='lat' dir='ltr'><strong>est</strong></span> <span class='ocrx_word' id='word_1_520' title='bbox 1806 1138 2138 1193; x_wconf 87' lang='lat' dir='ltr'><strong>intervallum</strong></span> <span class='ocrx_word' id='word_1_521' title='bbox 2170 1139 2311 1193; x_wconf 89' lang='lat' dir='ltr'><strong>inter</strong></span> <span class='ocrx_word' id='word_1_522' title='bbox 2339 1139 2671 1209; x_wconf 88' lang='lat' dir='ltr'><strong>prudentiam</strong></span> <span class='ocrx_word' id='word_1_523' title='bbox 2715 1139 2999 1194; x_wconf 88' lang='lat' dir='ltr'><strong>humanam</strong></span> <span class='ocrx_word' id='word_1_524' title='bbox 3044 1148 3098 1194; x_wconf 92' lang='lat' dir='ltr'><strong>ct</strong></span> <span class='ocrx_word' id='word_1_525' title='bbox 3141 1140 3279 1194; x_wconf 88' lang='lat' dir='ltr'><strong>divi-</strong></span> 
     </span>
    </p>
   </div>
   <div class='ocr_carea' id='block_1_71' title="bbox 1697 1228 3283 1297">
    <p class='ocr_par' dir='ltr' id='par_1_71' title="bbox 1697 1228 3283 1297">
     <span class='ocr_line' id='line_1_71' title="bbox 1697 1228 3283 1297; baseline 0.001 -16"><span class='ocrx_word' id='word_1_526' title='bbox 1697 1242 1818 1281; x_wconf 88' lang='lat' dir='ltr'><strong>nam</strong></span> <span class='ocrx_word' id='word_1_527' title='bbox 1845 1228 2084 1297; x_wconf 81' lang='lat' dir='ltr'><strong>gratiam.</strong></span> <span class='ocrx_word' id='word_1_528' title='bbox 2119 1228 2189 1283; x_wconf 86' lang='lat' dir='ltr'><strong>Ut</strong></span> <span class='ocrx_word' id='word_1_529' title='bbox 2206 1236 2380 1282; x_wconf 88' lang='lat' dir='ltr'><strong>autem</strong></span> <span class='ocrx_word' id='word_1_530' title='bbox 2409 1228 2652 1297; x_wconf 78' lang='lat' dir='ltr'><strong>exemplo</strong></span> <span class='ocrx_word' id='word_1_531' title='bbox 2675 1241 2976 1284; x_wconf 90' lang='lat' dir='ltr'><strong>sermonem</strong></span> <span class='ocrx_word' id='word_1_532' title='bbox 3002 1228 3283 1284; x_wconf 86' lang='lat' dir='ltr'><strong>dilucidio-</strong></span> 
     </span>
    </p>
   </div>
   <div class='ocr_carea' id='block_1_72' title="bbox 1697 1317 3273 1389">
    <p class='ocr_par' dir='ltr' id='par_1_72' title="bbox 1697 1317 3273 1389">
     <span class='ocr_line' id='line_1_72' title="bbox 1697 1317 3273 1389; baseline 0 -18"><span class='ocrx_word' id='word_1_533' title='bbox 1697 1333 1809 1373; x_wconf 89' lang='lat' dir='ltr'><strong>rcm</strong></span> <span class='ocrx_word' id='word_1_534' title='bbox 1855 1318 2094 1381; x_wconf 88' lang='lat' dir='ltr'><strong>reddam,</strong></span> <span class='ocrx_word' id='word_1_535' title='bbox 2141 1319 2433 1389; x_wconf 88' lang='lat' dir='ltr'><strong>cogitemus</strong></span> <span class='ocrx_word' id='word_1_536' title='bbox 2493 1317 2833 1374; x_wconf 89' lang='lat' dir='ltr'><strong>Salomonem</strong></span> <span class='ocrx_word' id='word_1_537' title='bbox 2876 1327 2933 1373; x_wconf 89' lang='lat' dir='ltr'><strong>et</strong></span> <span class='ocrx_word' id='word_1_538' title='bbox 2975 1318 3223 1373; x_wconf 66' lang='lat' dir='ltr'><strong>Elisaeum</strong></span> <span class='ocrx_word' id='word_1_539' title='bbox 3259 1335 3273 1371; x_wconf 93' lang='lat'>:</span> 
     </span>
    </p>
   </div>
   <div class='ocr_carea' id='block_1_73' title="bbox 1697 1410 3272 1475">
    <p class='ocr_par' dir='ltr' id='par_1_73' title="bbox 1697 1410 3272 1475">
     <span class='ocr_line' id='line_1_73' title="bbox 1697 1410 3272 1475; baseline 0.001 -10"><span class='ocrx_word' id='word_1_540' title='bbox 1697 1410 1856 1465; x_wconf 90' lang='lat' dir='ltr'><strong>ambo</strong></span> <span class='ocrx_word' id='word_1_541' title='bbox 1892 1410 2034 1465; x_wconf 90' lang='lat' dir='ltr'><strong>enim</strong></span> <span class='ocrx_word' id='word_1_542' title='bbox 2060 1425 2146 1465; x_wconf 89' lang='lat' dir='ltr'><strong>res</strong></span> <span class='ocrx_word' id='word_1_543' title='bbox 2174 1411 2411 1465; x_wconf 88' lang='lat' dir='ltr'><strong>occultas</strong></span> <span class='ocrx_word' id='word_1_544' title='bbox 2453 1412 2506 1465; x_wconf 90' lang='lat' dir='ltr'><strong>in</strong></span> <span class='ocrx_word' id='word_1_545' title='bbox 2547 1410 2779 1465; x_wconf 90' lang='lat' dir='ltr'><strong>medium</strong></span> <span class='ocrx_word' id='word_1_546' title='bbox 2820 1410 3172 1475; x_wconf 89' lang='lat' dir='ltr'><strong>adducebant,</strong></span> <span class='ocrx_word' id='word_1_547' title='bbox 3220 1419 3272 1466; x_wconf 89' lang='lat' dir='ltr'><strong>et</strong></span> 
     </span>
    </p>
   </div>
   <div class='ocr_carea' id='block_1_74' title="bbox 1698 1500 3278 1568">
    <p class='ocr_par' dir='ltr' id='par_1_74' title="bbox 1698 1500 3278 1568">
     <span class='ocr_line' id='line_1_74' title="bbox 1698 1500 3278 1568; baseline 0.003 -15"><span class='ocrx_word' id='word_1_548' title='bbox 1698 1500 2005 1555; x_wconf 85' lang='lat' dir='ltr'><strong>abscondita</strong></span> <span class='ocrx_word' id='word_1_549' title='bbox 2038 1500 2343 1555; x_wconf 89' lang='lat' dir='ltr'><strong>revelabant</strong></span> <span class='ocrx_word' id='word_1_550' title='bbox 2371 1518 2386 1555; x_wconf 90' lang='lat'>:</span> <span class='ocrx_word' id='word_1_551' title='bbox 2418 1500 2509 1554; x_wconf 87' lang='lat' dir='ltr'><strong>sed</strong></span> <span class='ocrx_word' id='word_1_552' title='bbox 2536 1517 2640 1555; x_wconf 93' lang='lat' dir='ltr'><strong>non</strong></span> <span class='ocrx_word' id='word_1_553' title='bbox 2663 1502 2820 1555; x_wconf 86' lang='lat' dir='ltr'><strong>ambo</strong></span> <span class='ocrx_word' id='word_1_554' title='bbox 2844 1501 3029 1557; x_wconf 85' lang='lat' dir='ltr'><strong>eadem</strong></span> <span class='ocrx_word' id='word_1_555' title='bbox 3051 1503 3278 1568; x_wconf 88' lang='lat' dir='ltr'><strong>virtute;</strong></span> 
     </span>
    </p>
   </div>
   <div class='ocr_carea' id='block_1_75' title="bbox 1699 1589 3279 1659">
    <p class='ocr_par' dir='ltr' id='par_1_75' title="bbox 1699 1589 3279 1659">
     <span class='ocr_line' id='line_1_75' title="bbox 1699 1589 3279 1659; baseline 0.003 -16"><span class='ocrx_word' id='word_1_556' title='bbox 1699 1590 1792 1645; x_wconf 86' lang='lat' dir='ltr'><strong>sed</strong></span> <span class='ocrx_word' id='word_1_557' title='bbox 1820 1590 1907 1645; x_wconf 89' lang='lat' dir='ltr'><strong>ille</strong></span> <span class='ocrx_word' id='word_1_558' title='bbox 1935 1589 2147 1659; x_wconf 90' lang='lat' dir='ltr'><strong>quidem</strong></span> <span class='ocrx_word' id='word_1_559' title='bbox 2172 1605 2236 1645; x_wconf 84' lang='lat' dir='ltr'><strong>ex</strong></span> <span class='ocrx_word' id='word_1_560' title='bbox 2267 1590 2538 1659; x_wconf 88' lang='lat' dir='ltr'><strong>prudentia</strong></span> <span class='ocrx_word' id='word_1_561' title='bbox 2567 1591 2793 1645; x_wconf 89' lang='lat' dir='ltr'><strong>humana</strong></span> <span class='ocrx_word' id='word_1_562' title='bbox 2814 1632 2829 1655; x_wconf 92' lang='lat'><strong>,</strong></span> <span class='ocrx_word' id='word_1_563' title='bbox 2880 1607 2910 1645; x_wconf 91' lang='lat' dir='ltr'><strong>a</strong></span> <span class='ocrx_word' id='word_1_564' title='bbox 2959 1602 3145 1648; x_wconf 87' lang='lat' dir='ltr'><strong>natura</strong></span> <span class='ocrx_word' id='word_1_565' title='bbox 3193 1608 3279 1647; x_wconf 66' lang='lat' dir='ltr'><strong>scr</strong></span> 
     </span>
    </p>
   </div>
   <div class='ocr_carea' id='block_1_76' title="bbox 1701 1680 3276 1754">
    <p class='ocr_par' dir='ltr' id='par_1_76' title="bbox 1701 1680 3276 1754">
     <span class='ocr_line' id='line_1_76' title="bbox 1701 1680 3276 1754; baseline 0.002 -20"><span class='ocrx_word' id='word_1_566' title='bbox 1701 1694 1853 1734; x_wconf 92' lang='lat' dir='ltr'><strong>mens</strong></span> <span class='ocrx_word' id='word_1_567' title='bbox 1879 1680 2213 1735; x_wconf 84' lang='lat' dir='ltr'><strong>occasionem</strong></span> <span class='ocrx_word' id='word_1_568' title='bbox 2243 1680 2382 1735; x_wconf 90' lang='lat' dir='ltr'><strong>circa</strong></span> <span class='ocrx_word' id='word_1_569' title='bbox 2406 1682 2719 1737; x_wconf 86' lang='lat' dir='ltr'><strong>meretrices</strong></span> <span class='ocrx_word' id='word_1_570' title='bbox 2745 1682 2865 1737; x_wconf 89' lang='lat' dir='ltr'><strong>illas</strong></span> <span class='ocrx_word' id='word_1_571' title='bbox 2886 1684 3136 1739; x_wconf 86' lang='lat' dir='ltr'><strong>mulieres</strong></span> <span class='ocrx_word' id='word_1_572' title='bbox 3165 1684 3276 1754; x_wconf 87' lang='lat' dir='ltr'><strong>(a);</strong></span> 
     </span>
    </p>
   </div>
   <div class='ocr_carea' id='block_1_77' title="bbox 1703 1768 3279 1841">
    <p class='ocr_par' dir='ltr' id='par_1_77' title="bbox 1703 1768 3279 1841">
     <span class='ocr_line' id='line_1_77' title="bbox 1703 1768 3279 1841; baseline 0.004 -19"><span class='ocrx_word' id='word_1_573' title='bbox 1703 1768 1788 1824; x_wconf 91' lang='lat' dir='ltr'><strong>hic</strong></span> <span class='ocrx_word' id='word_1_574' title='bbox 1813 1784 1939 1823; x_wconf 90' lang='lat' dir='ltr'><strong>vero</strong></span> <span class='ocrx_word' id='word_1_575' title='bbox 1958 1769 2238 1824; x_wconf 89' lang='lat' dir='ltr'><strong>ratiocinio</strong></span> <span class='ocrx_word' id='word_1_576' title='bbox 2258 1770 2405 1825; x_wconf 87' lang='lat' dir='ltr'><strong>nullo</strong></span> <span class='ocrx_word' id='word_1_577' title='bbox 2420 1784 2569 1837; x_wconf 89' lang='lat' dir='ltr'><strong>usus,</strong></span> <span class='ocrx_word' id='word_1_578' title='bbox 2589 1771 2749 1841; x_wconf 89' lang='lat' dir='ltr'><strong>(quod</strong></span> <span class='ocrx_word' id='word_1_579' title='bbox 2780 1772 2922 1827; x_wconf 91' lang='lat' dir='ltr'><strong>enim</strong></span> <span class='ocrx_word' id='word_1_580' title='bbox 2946 1773 3279 1829; x_wconf 89' lang='lat' dir='ltr'><strong>ratiocinium</strong></span> 
     </span>
    </p>
   </div>
   <div class='ocr_carea' id='block_1_78' title="bbox 1701 1862 3280 1940">
    <p class='ocr_par' dir='ltr' id='par_1_78' title="bbox 1701 1862 3280 1940">
     <span class='ocr_line' id='line_1_78' title="bbox 1701 1862 3280 1940; baseline 0.004 -24"><span class='ocrx_word' id='word_1_581' title='bbox 1701 1862 1846 1917; x_wconf 84' lang='lat' dir='ltr'><strong>Giezi</strong></span> <span class='ocrx_word' id='word_1_582' title='bbox 1875 1862 2071 1919; x_wconf 88' lang='lat' dir='ltr'><strong>furtum</strong></span> <span class='ocrx_word' id='word_1_583' title='bbox 2095 1865 2331 1920; x_wconf 85' lang='lat' dir='ltr'><strong>revelare</strong></span> <span class='ocrx_word' id='word_1_584' title='bbox 2361 1865 2691 1939; x_wconf 77' lang='lat' dir='ltr'><strong>potuisset?)</strong></span> <span class='ocrx_word' id='word_1_585' title='bbox 2741 1867 2834 1923; x_wconf 90' lang='lat' dir='ltr'><strong>sed</strong></span> <span class='ocrx_word' id='word_1_586' title='bbox 2861 1883 2924 1924; x_wconf 81' lang='lat' dir='ltr'><strong>ex</strong></span> <span class='ocrx_word' id='word_1_587' title='bbox 2954 1868 3131 1923; x_wconf 88' lang='lat' dir='ltr'><strong>divina</strong></span> <span class='ocrx_word' id='word_1_588' title='bbox 3159 1884 3280 1940; x_wconf 83' lang='lat' dir='ltr'><strong>gra-</strong></span> 
     </span>
    </p>
   </div>
   <div class='ocr_carea' id='block_1_79' title="bbox 1703 1954 3277 2028">
    <p class='ocr_par' dir='ltr' id='par_1_79' title="bbox 1703 1954 3277 2028">
     <span class='ocr_line' id='line_1_79' title="bbox 1703 1954 3277 2028; baseline 0.006 -21"><span class='ocrx_word' id='word_1_589' title='bbox 1703 1954 1774 2008; x_wconf 89' lang='lat' dir='ltr'><strong>tia</strong></span> <span class='ocrx_word' id='word_1_590' title='bbox 1801 1969 1861 2009; x_wconf 90' lang='lat' dir='ltr'><strong>ea</strong></span> <span class='ocrx_word' id='word_1_591' title='bbox 1889 1970 2008 2026; x_wconf 63' lang='lat' dir='ltr'><strong>qua:</strong></span> <span class='ocrx_word' id='word_1_592' title='bbox 2036 1958 2216 2027; x_wconf 87' lang='lat' dir='ltr'><strong>procul</strong></span> <span class='ocrx_word' id='word_1_593' title='bbox 2248 1956 2381 2011; x_wconf 84' lang='lat' dir='ltr'><strong>facta</strong></span> <span class='ocrx_word' id='word_1_594' title='bbox 2407 1968 2558 2013; x_wconf 89' lang='lat' dir='ltr'><strong>erant</strong></span> <span class='ocrx_word' id='word_1_595' title='bbox 2586 1959 2842 2027; x_wconf 64' lang='lat' dir='ltr'><strong>praevidit.</strong></span> <span class='ocrx_word' id='word_1_596' title='bbox 2890 1959 2957 2014; x_wconf 86' lang='lat' dir='ltr'><strong>Et</strong></span> <span class='ocrx_word' id='word_1_597' title='bbox 2984 1977 3179 2028; x_wconf 85' lang='lat' dir='ltr'><strong>senem,</strong></span> <span class='ocrx_word' id='word_1_598' title='bbox 3222 1964 3277 2018; x_wconf 78' lang='lat'><strong>3.</strong></span> 
     </span>
    </p>
   </div>
   <div class='ocr_carea' id='block_1_80' title="bbox 1702 2045 3279 2120">
    <p class='ocr_par' dir='ltr' id='par_1_80' title="bbox 1702 2045 3279 2120">
     <span class='ocr_line' id='line_1_80' title="bbox 1702 2045 3279 2120; baseline 0.008 -22"><span class='ocrx_word' id='word_1_599' title='bbox 1702 2053 1748 2099; x_wconf 87' lang='lat' dir='ltr'><strong>et</strong></span> <span class='ocrx_word' id='word_1_600' title='bbox 1773 2045 2049 2117; x_wconf 80' lang='lat' dir='ltr'><strong>principem</strong></span> <span class='ocrx_word' id='word_1_601' title='bbox 2071 2052 2221 2118; x_wconf 78' lang='lat' dir='ltr'><strong>super</strong></span> <span class='ocrx_word' id='word_1_602' title='bbox 2248 2048 2629 2120; x_wconf 79' lang='lat' dir='ltr'><strong>quinquaginta.</strong></span> <span class='ocrx_word' id='word_1_603' title='bbox 2659 2047 2789 2105; x_wconf 89' lang='lat' dir='ltr'><strong>Cum</strong></span> <span class='ocrx_word' id='word_1_604' title='bbox 2818 2051 2882 2105; x_wconf 90' lang='lat' dir='ltr'><strong>iis</strong></span> <span class='ocrx_word' id='word_1_605' title='bbox 2907 2053 3065 2107; x_wconf 88' lang='lat' dir='ltr'><strong>etiam</strong></span> <span class='ocrx_word' id='word_1_606' title='bbox 3097 2067 3279 2109; x_wconf 87' lang='lat' dir='ltr'><strong>senem</strong></span> 
     </span>
    </p>
   </div>
   <div class='ocr_carea' id='block_1_81' title="bbox 1702 2137 3283 2210">
    <p class='ocr_par' dir='ltr' id='par_1_81' title="bbox 1702 2137 3283 2210">
     <span class='ocr_line' id='line_1_81' title="bbox 1702 2137 3283 2210; baseline 0.006 -19"><span class='ocrx_word' id='word_1_607' title='bbox 1702 2144 1758 2191; x_wconf 90' lang='lat' dir='ltr'><strong>et</strong></span> <span class='ocrx_word' id='word_1_608' title='bbox 1787 2137 2075 2208; x_wconf 90' lang='lat' dir='ltr'><strong>principem</strong></span> <span class='ocrx_word' id='word_1_609' title='bbox 2101 2152 2261 2209; x_wconf 90' lang='lat' dir='ltr'><strong>super</strong></span> <span class='ocrx_word' id='word_1_610' title='bbox 2284 2140 2657 2210; x_wconf 83' lang='lat' dir='ltr'><strong>quinquaginta</strong></span> <span class='ocrx_word' id='word_1_611' title='bbox 2686 2156 2745 2197; x_wconf 90' lang='lat' dir='ltr'><strong>se</strong></span> <span class='ocrx_word' id='word_1_612' title='bbox 2786 2141 3117 2199; x_wconf 85' lang='lat' dir='ltr'><strong>sublaturum</strong></span> <span class='ocrx_word' id='word_1_613' title='bbox 3162 2159 3283 2200; x_wconf 88' lang='lat' dir='ltr'><strong>esse</strong></span> 
     </span>
    </p>
   </div>
   <div class='ocr_carea' id='block_1_82' title="bbox 1704 2227 3280 2304">
    <p class='ocr_par' dir='ltr' id='par_1_82' title="bbox 1704 2227 3280 2304">
     <span class='ocr_line' id='line_1_82' title="bbox 1704 2227 3280 2304; baseline 0.005 -22"><span class='ocrx_word' id='word_1_614' title='bbox 1704 2227 1833 2282; x_wconf 89' lang='lat' dir='ltr'><strong>dicit</strong></span> <span class='ocrx_word' id='word_1_615' title='bbox 1880 2244 1894 2284; x_wconf 90' lang='lat'><strong>:</strong></span> <span class='ocrx_word' id='word_1_616' title='bbox 1943 2244 2124 2284; x_wconf 83' lang='lat' dir='ltr'><strong>senem</strong></span> <span class='ocrx_word' id='word_1_617' title='bbox 2156 2244 2261 2285; x_wconf 92' lang='lat' dir='ltr'><strong>non</strong></span> <span class='ocrx_word' id='word_1_618' title='bbox 2287 2231 2601 2301; x_wconf 89' lang='lat' dir='ltr'><strong>simpliciter</strong></span> <span class='ocrx_word' id='word_1_619' title='bbox 2638 2248 2759 2287; x_wconf 90' lang='lat' dir='ltr'><strong>eum</strong></span> <span class='ocrx_word' id='word_1_620' title='bbox 2801 2233 2889 2304; x_wconf 92' lang='lat' dir='ltr'><strong>qui</strong></span> <span class='ocrx_word' id='word_1_621' title='bbox 2939 2236 3280 2290; x_wconf 88' lang='lat' dir='ltr'><strong>consenuerit</strong></span> 
     </span>
    </p>
   </div>
   <div class='ocr_carea' id='block_1_83' title="bbox 1704 2319 3282 2395">
    <p class='ocr_par' dir='ltr' id='par_1_83' title="bbox 1704 2319 3282 2395">
     <span class='ocr_line' id='line_1_83' title="bbox 1704 2319 3282 2395; baseline 0.006 -22"><span class='ocrx_word' id='word_1_622' title='bbox 1704 2319 1851 2383; x_wconf 87' lang='lat' dir='ltr'><strong>dicit,</strong></span> <span class='ocrx_word' id='word_1_623' title='bbox 1881 2320 1976 2375; x_wconf 89' lang='lat' dir='ltr'><strong>sed</strong></span> <span class='ocrx_word' id='word_1_624' title='bbox 2013 2336 2138 2376; x_wconf 91' lang='lat' dir='ltr'><strong>eum</strong></span> <span class='ocrx_word' id='word_1_625' title='bbox 2176 2322 2267 2391; x_wconf 91' lang='lat' dir='ltr'><strong>qui</strong></span> <span class='ocrx_word' id='word_1_626' title='bbox 2305 2338 2424 2378; x_wconf 91' lang='lat' dir='ltr'><strong>cum</strong></span> <span class='ocrx_word' id='word_1_627' title='bbox 2469 2323 2667 2379; x_wconf 88' lang='lat' dir='ltr'><strong>canitie</strong></span> <span class='ocrx_word' id='word_1_628' title='bbox 2706 2325 3041 2395; x_wconf 90' lang='lat' dir='ltr'><strong>prudentiam</strong></span> <span class='ocrx_word' id='word_1_629' title='bbox 3070 2328 3282 2384; x_wconf 83' lang='lat' dir='ltr'><strong>canitiei</strong></span> 
     </span>
    </p>
   </div>
   <div class='ocr_carea' id='block_1_84' title="bbox 1705 2411 3285 2487">
    <p class='ocr_par' dir='ltr' id='par_1_84' title="bbox 1705 2411 3285 2487">
     <span class='ocr_line' id='line_1_84' title="bbox 1705 2411 3285 2487; baseline 0.006 -23"><span class='ocrx_word' id='word_1_630' title='bbox 1705 2416 2113 2465; x_wconf 87' lang='lat' dir='ltr'><strong>consentaneam</strong></span> <span class='ocrx_word' id='word_1_631' title='bbox 2137 2422 2331 2467; x_wconf 89' lang='lat' dir='ltr'><strong>servat.</strong></span> <span class='ocrx_word' id='word_1_632' title='bbox 2362 2411 2491 2467; x_wconf 88' lang='lat' dir='ltr'><strong>Cum</strong></span> <span class='ocrx_word' id='word_1_633' title='bbox 2513 2428 2639 2469; x_wconf 91' lang='lat' dir='ltr'><strong>vero</strong></span> <span class='ocrx_word' id='word_1_634' title='bbox 2663 2414 2793 2471; x_wconf 89' lang='lat' dir='ltr'><strong>dicit</strong></span> <span class='ocrx_word' id='word_1_635' title='bbox 2812 2416 3101 2487; x_wconf 88' lang='lat' dir='ltr'><strong>principem</strong></span> <span class='ocrx_word' id='word_1_636' title='bbox 3123 2433 3285 2487; x_wconf 86' lang='lat' dir='ltr'><strong>super</strong></span> 
     </span>
    </p>
   </div>
   <div class='ocr_carea' id='block_1_85' title="bbox 1705 2502 3283 2583">
    <p class='ocr_par' dir='ltr' id='par_1_85' title="bbox 1705 2502 3283 2583">
     <span class='ocr_line' id='line_1_85' title="bbox 1705 2502 3283 2583; baseline 0.009 -29"><span class='ocrx_word' id='word_1_637' title='bbox 1705 2502 2114 2573; x_wconf 83' lang='lat' dir='ltr'><strong>quinquaginta,</strong></span> <span class='ocrx_word' id='word_1_638' title='bbox 2160 2521 2264 2560; x_wconf 91' lang='lat' dir='ltr'><strong>non</strong></span> <span class='ocrx_word' id='word_1_639' title='bbox 2310 2509 2608 2577; x_wconf 88' lang='lat' dir='ltr'><strong>quempiam</strong></span> <span class='ocrx_word' id='word_1_640' title='bbox 2645 2508 2944 2579; x_wconf 88' lang='lat' dir='ltr'><strong>hujusmodi</strong></span> <span class='ocrx_word' id='word_1_641' title='bbox 2993 2512 3283 2583; x_wconf 90' lang='lat' dir='ltr'><strong>principem</strong></span> 
     </span>
    </p>
   </div>
   <div class='ocr_carea' id='block_1_86' title="bbox 1706 2595 3284 2671">
    <p class='ocr_par' dir='ltr' id='par_1_86' title="bbox 1706 2595 3284 2671">
     <span class='ocr_line' id='line_1_86' title="bbox 1706 2595 3284 2671; baseline 0.009 -25"><span class='ocrx_word' id='word_1_642' title='bbox 1706 2604 1987 2660; x_wconf 88' lang='lat' dir='ltr'><strong>memorat,</strong></span> <span class='ocrx_word' id='word_1_643' title='bbox 2036 2595 2129 2652; x_wconf 88' lang='lat' dir='ltr'><strong>sed</strong></span> <span class='ocrx_word' id='word_1_644' title='bbox 2170 2595 2273 2652; x_wconf 90' lang='lat' dir='ltr'><strong>hoc</strong></span> <span class='ocrx_word' id='word_1_645' title='bbox 2300 2598 2515 2655; x_wconf 90' lang='lat' dir='ltr'><strong>nomine</strong></span> <span class='ocrx_word' id='word_1_646' title='bbox 2542 2601 2805 2671; x_wconf 86' lang='lat' dir='ltr'><strong>principes</strong></span> <span class='ocrx_word' id='word_1_647' title='bbox 2836 2617 3022 2659; x_wconf 91' lang='lat' dir='ltr'><strong>omnes</strong></span> <span class='ocrx_word' id='word_1_648' title='bbox 3043 2605 3284 2660; x_wconf 79' lang='lat' dir='ltr'><strong>subindi-</strong></span> 
     </span>
    </p>
   </div>
   <div class='ocr_carea' id='block_1_87' title="bbox 1706 2683 3285 2765">
    <p class='ocr_par' dir='ltr' id='par_1_87' title="bbox 1706 2683 3285 2765">
     <span class='ocr_line' id='line_1_87' title="bbox 1706 2683 3285 2765; baseline 0.007 -27"><span class='ocrx_word' id='word_1_649' title='bbox 1706 2691 1811 2738; x_wconf 84' lang='lat' dir='ltr'><strong>cat.</strong></span> <span class='ocrx_word' id='word_1_650' title='bbox 1855 2683 1995 2740; x_wconf 89' lang='lat' dir='ltr'><strong>Nihil</strong></span> <span class='ocrx_word' id='word_1_651' title='bbox 2022 2686 2185 2754; x_wconf 89' lang='lat' dir='ltr'><strong>enim,</strong></span> <span class='ocrx_word' id='word_1_652' title='bbox 2216 2688 2345 2743; x_wconf 92' lang='lat' dir='ltr'><strong>nihil</strong></span> <span class='ocrx_word' id='word_1_653' title='bbox 2371 2698 2518 2745; x_wconf 88' lang='lat' dir='ltr'><strong>certe</strong></span> <span class='ocrx_word' id='word_1_654' title='bbox 2550 2691 2923 2760; x_wconf 85' lang='lat' dir='ltr'><strong>miserabilius,</strong></span> <span class='ocrx_word' id='word_1_655' title='bbox 2950 2709 3105 2765; x_wconf 88' lang='lat' dir='ltr'><strong>quam</strong></span> <span class='ocrx_word' id='word_1_656' title='bbox 3139 2696 3285 2751; x_wconf 89' lang='lat' dir='ltr'><strong>nullo</strong></span> 
     </span>
    </p>
   </div>
   <div class='ocr_carea' id='block_1_88' title="bbox 1708 2775 3285 2849">
    <p class='ocr_par' dir='ltr' id='par_1_88' title="bbox 1708 2775 3285 2849">
     <span class='ocr_line' id='line_1_88' title="bbox 1708 2775 3285 2849; baseline 0.009 -21"><span class='ocrx_word' id='word_1_657' title='bbox 1708 2775 2014 2845; x_wconf 88' lang='lat' dir='ltr'><strong>magistratu</strong></span> <span class='ocrx_word' id='word_1_658' title='bbox 2045 2778 2187 2848; x_wconf 87' lang='lat' dir='ltr'><strong>regi,</strong></span> <span class='ocrx_word' id='word_1_659' title='bbox 2234 2787 2289 2835; x_wconf 91' lang='lat' dir='ltr'><strong>ut</strong></span> <span class='ocrx_word' id='word_1_660' title='bbox 2317 2780 2445 2835; x_wconf 89' lang='lat' dir='ltr'><strong>nihil</strong></span> <span class='ocrx_word' id='word_1_661' title='bbox 2473 2782 2823 2849; x_wconf 65' lang='lat' dir='ltr'><strong>periculosius</strong></span> <span class='ocrx_word' id='word_1_662' title='bbox 2849 2785 2966 2838; x_wconf 89' lang='lat' dir='ltr'><strong>navi</strong></span> <span class='ocrx_word' id='word_1_663' title='bbox 2992 2799 3090 2841; x_wconf 90' lang='lat' dir='ltr'><strong>suo</strong></span> <span class='ocrx_word' id='word_1_664' title='bbox 3117 2786 3285 2842; x_wconf 87' lang='lat' dir='ltr'><strong>desti-</strong></span> 
     </span>
    </p>
   </div>
   <div class='ocr_carea' id='block_1_89' title="bbox 1709 2868 3286 2943">
    <p class='ocr_par' dir='ltr' id='par_1_89' title="bbox 1709 2868 3286 2943">
     <span class='ocr_line' id='line_1_89' title="bbox 1709 2868 3286 2943; baseline 0.007 -23"><span class='ocrx_word' id='word_1_665' title='bbox 1709 2875 1817 2921; x_wconf 89' lang='lat' dir='ltr'><strong>tuta</strong></span> <span class='ocrx_word' id='word_1_666' title='bbox 1864 2868 2242 2938; x_wconf 85' lang='lat' dir='ltr'><strong>gubernatore.</strong></span> <span class='ocrx_word' id='word_1_667' title='bbox 2294 2870 2477 2941; x_wconf 84' lang='lat' dir='ltr'><strong>Neque</strong></span> <span class='ocrx_word' id='word_1_668' title='bbox 2523 2872 2608 2928; x_wconf 90' lang='lat' dir='ltr'><strong>hic</strong></span> <span class='ocrx_word' id='word_1_669' title='bbox 2644 2875 2864 2943; x_wconf 85' lang='lat' dir='ltr'><strong>gradum</strong></span> <span class='ocrx_word' id='word_1_670' title='bbox 2906 2876 3063 2943; x_wconf 91' lang='lat' dir='ltr'><strong>sistit,</strong></span> <span class='ocrx_word' id='word_1_671' title='bbox 3095 2878 3188 2933; x_wconf 89' lang='lat' dir='ltr'><strong>sed</strong></span> <span class='ocrx_word' id='word_1_672' title='bbox 3228 2887 3286 2933; x_wconf 84' lang='lat' dir='ltr'><strong>et</strong></span> 
     </span>
    </p>
   </div>
   <div class='ocr_carea' id='block_1_90' title="bbox 1706 2957 3287 3036">
    <p class='ocr_par' dir='ltr' id='par_1_90' title="bbox 1706 2957 3287 3036">
     <span class='ocr_line' id='line_1_90' title="bbox 1706 2957 3287 3036; baseline 0.009 -26"><span class='ocrx_word' id='word_1_673' title='bbox 1706 2957 1864 3012; x_wconf 84' lang='lat' dir='ltr'><strong>aliam</strong></span> <span class='ocrx_word' id='word_1_674' title='bbox 1895 2974 2138 3030; x_wconf 88' lang='lat' dir='ltr'><strong>magnam</strong></span> <span class='ocrx_word' id='word_1_675' title='bbox 2162 2961 2376 3016; x_wconf 88' lang='lat' dir='ltr'><strong>tutelam</strong></span> <span class='ocrx_word' id='word_1_676' title='bbox 2398 2978 2456 3019; x_wconf 86' lang='lat' dir='ltr'><strong>se</strong></span> <span class='ocrx_word' id='word_1_677' title='bbox 2475 2963 2773 3020; x_wconf 90' lang='lat' dir='ltr'><strong>ablaturum</strong></span> <span class='ocrx_word' id='word_1_678' title='bbox 2794 2969 3166 3036; x_wconf 88' lang='lat' dir='ltr'><strong>comminatur,</strong></span> <span class='ocrx_word' id='word_1_679' title='bbox 3190 2985 3287 3025; x_wconf 77' lang='lat' dir='ltr'><strong>eos</strong></span> 
     </span>
    </p>
   </div>
   <div class='ocr_carea' id='block_1_91' title="bbox 1707 3047 3281 3129">
    <p class='ocr_par' dir='ltr' id='par_1_91' title="bbox 1707 3047 3281 3129">
     <span class='ocr_line' id='line_1_91' title="bbox 1707 3047 3281 3129; baseline 0.01 -28"><span class='ocrx_word' id='word_1_680' title='bbox 1707 3047 1797 3116; x_wconf 88' lang='lat' dir='ltr'><strong>qui</strong></span> <span class='ocrx_word' id='word_1_681' title='bbox 1824 3047 1961 3103; x_wconf 87' lang='lat' dir='ltr'><strong>bona</strong></span> <span class='ocrx_word' id='word_1_682' title='bbox 1985 3048 2115 3105; x_wconf 90' lang='lat' dir='ltr'><strong>dare</strong></span> <span class='ocrx_word' id='word_1_683' title='bbox 2138 3051 2358 3106; x_wconf 88' lang='lat' dir='ltr'><strong>consilia</strong></span> <span class='ocrx_word' id='word_1_684' title='bbox 2387 3054 2612 3121; x_wconf 84' lang='lat' dir='ltr'><strong>possint,</strong></span> <span class='ocrx_word' id='word_1_685' title='bbox 2652 3054 2744 3125; x_wconf 92' lang='lat' dir='ltr'><strong>qui</strong></span> <span class='ocrx_word' id='word_1_686' title='bbox 2784 3071 2889 3112; x_wconf 91' lang='lat' dir='ltr'><strong>non</strong></span> <span class='ocrx_word' id='word_1_687' title='bbox 2920 3059 3096 3113; x_wconf 88' lang='lat' dir='ltr'><strong>minus</strong></span> <span class='ocrx_word' id='word_1_688' title='bbox 3122 3068 3281 3129; x_wconf 87' lang='lat' dir='ltr'><strong>quam</strong></span> 
     </span>
    </p>
   </div>
   <div class='ocr_carea' id='block_1_92' title="bbox 1706 3140 3284 3221">
    <p class='ocr_par' dir='ltr' id='par_1_92' title="bbox 1706 3140 3284 3221">
     <span class='ocr_line' id='line_1_92' title="bbox 1706 3140 3284 3221; baseline 0.008 -28"><span class='ocrx_word' id='word_1_689' title='bbox 1706 3154 1853 3195; x_wconf 89' lang='lat' dir='ltr'><strong>arma</strong></span> <span class='ocrx_word' id='word_1_690' title='bbox 1875 3140 2175 3197; x_wconf 87' lang='lat' dir='ltr'><strong>civitatibus</strong></span> <span class='ocrx_word' id='word_1_691' title='bbox 2197 3143 2422 3199; x_wconf 83' lang='lat' dir='ltr'><strong>aﬂ&#39;eruut</strong></span> <span class='ocrx_word' id='word_1_692' title='bbox 2449 3145 2721 3202; x_wconf 79' lang='lat' dir='ltr'><strong>auxilium.</strong></span> <span class='ocrx_word' id='word_1_693' title='bbox 2750 3147 2881 3203; x_wconf 89' lang='lat' dir='ltr'><strong>Nam</strong></span> <span class='ocrx_word' id='word_1_694' title='bbox 2910 3151 2984 3203; x_wconf 88' lang='lat' dir='ltr'><strong>ait</strong></span> <span class='ocrx_word' id='word_1_695' title='bbox 3006 3167 3019 3203; x_wconf 91' lang='lat'><strong>:</strong></span> <span class='ocrx_word' id='word_1_696' title='bbox 3041 3152 3284 3221; x_wconf 78' lang='lat' dir='ltr'><strong>Auferam</strong></span> 
     </span>
    </p>
   </div>
   <div class='ocr_carea' id='block_1_93' title="bbox 1706 3233 3282 3305">
    <p class='ocr_par' dir='ltr' id='par_1_93' title="bbox 1706 3233 3282 3305">
     <span class='ocr_line' id='line_1_93' title="bbox 1706 3233 3282 3305; baseline 0.006 -20"><span class='ocrx_word' id='word_1_697' title='bbox 1706 3233 2054 3289; x_wconf 80' lang='lat' dir='ltr'><strong>admirabilem</strong></span> <span class='ocrx_word' id='word_1_698' title='bbox 2086 3235 2432 3290; x_wconf 74' lang='lat' dir='ltr'><strong>consiliarium</strong></span> <span class='ocrx_word' id='word_1_699' title='bbox 2452 3277 2467 3303; x_wconf 91' lang='lat'><strong>,</strong></span> <span class='ocrx_word' id='word_1_700' title='bbox 2512 3246 2559 3291; x_wconf 86' lang='lat' dir='ltr'><strong>et</strong></span> <span class='ocrx_word' id='word_1_701' title='bbox 2599 3239 2875 3305; x_wconf 82' lang='lat' dir='ltr'><strong>sapientem</strong></span> <span class='ocrx_word' id='word_1_702' title='bbox 2914 3241 3282 3305; x_wconf 80' lang='lat' dir='ltr'><strong>architectum;</strong></span> 
     </span>
    </p>
   </div>
   <div class='ocr_carea' id='block_1_94' title="bbox 1708 3326 3280 3402">
    <p class='ocr_par' dir='ltr' id='par_1_94' title="bbox 1708 3326 3280 3402">
     <span class='ocr_line' id='line_1_94' title="bbox 1708 3326 3280 3402; baseline 0.006 -24"><span class='ocrx_word' id='word_1_703' title='bbox 1708 3339 1813 3378; x_wconf 92' lang='lat' dir='ltr'><strong>non</strong></span> <span class='ocrx_word' id='word_1_704' title='bbox 1871 3334 2188 3382; x_wconf 88' lang='lat' dir='ltr'><strong>structorem</strong></span> <span class='ocrx_word' id='word_1_705' title='bbox 2241 3326 2451 3394; x_wconf 88' lang='lat' dir='ltr'><strong>dicens,</strong></span> <span class='ocrx_word' id='word_1_706' title='bbox 2505 3328 2599 3383; x_wconf 90' lang='lat' dir='ltr'><strong>sed</strong></span> <span class='ocrx_word' id='word_1_707' title='bbox 2644 3329 2696 3384; x_wconf 90' lang='lat' dir='ltr'><strong>in</strong></span> <span class='ocrx_word' id='word_1_708' title='bbox 2750 3332 2974 3401; x_wconf 83' lang='lat' dir='ltr'><strong>negotiis</strong></span> <span class='ocrx_word' id='word_1_709' title='bbox 3016 3334 3280 3402; x_wconf 87' lang='lat' dir='ltr'><strong>peritum,</strong></span> 
     </span>
    </p>
   </div>
   <div class='ocr_carea' id='block_1_95' title="bbox 1709 3416 3283 3490">
    <p class='ocr_par' dir='ltr' id='par_1_95' title="bbox 1709 3416 3283 3490">
     <span class='ocr_line' id='line_1_95' title="bbox 1709 3416 3283 3490; baseline 0.008 -21"><span class='ocrx_word' id='word_1_710' title='bbox 1709 3416 1871 3471; x_wconf 88' lang='lat' dir='ltr'><strong>multa</strong></span> <span class='ocrx_word' id='word_1_711' title='bbox 1922 3416 2174 3485; x_wconf 90' lang='lat' dir='ltr'><strong>doctum,</strong></span> <span class='ocrx_word' id='word_1_712' title='bbox 2217 3428 2275 3474; x_wconf 91' lang='lat' dir='ltr'><strong>et</strong></span> <span class='ocrx_word' id='word_1_713' title='bbox 2313 3434 2436 3475; x_wconf 89' lang='lat' dir='ltr'><strong>cum</strong></span> <span class='ocrx_word' id='word_1_714' title='bbox 2481 3421 2758 3490; x_wconf 86' lang='lat' dir='ltr'><strong>prudentia</strong></span> <span class='ocrx_word' id='word_1_715' title='bbox 2824 3425 3001 3480; x_wconf 90' lang='lat' dir='ltr'><strong>omnia</strong></span> <span class='ocrx_word' id='word_1_716' title='bbox 3053 3425 3283 3481; x_wconf 85' lang='lat' dir='ltr'><strong>civitatis</strong></span> 
     </span>
    </p>
   </div>
   <div class='ocr_carea' id='block_1_96' title="bbox 1708 3507 2643 3577">
    <p class='ocr_par' dir='ltr' id='par_1_96' title="bbox 1708 3507 2643 3577">
     <span class='ocr_line' id='line_1_96' title="bbox 1708 3507 2643 3577; baseline 0.006 -17"><span class='ocrx_word' id='word_1_717' title='bbox 1708 3508 1916 3577; x_wconf 82' lang='lat' dir='ltr'><strong>negotia</strong></span> <span class='ocrx_word' id='word_1_718' title='bbox 1953 3507 2326 3566; x_wconf 87' lang='lat' dir='ltr'><strong>administrare</strong></span> <span class='ocrx_word' id='word_1_719' title='bbox 2366 3511 2643 3568; x_wconf 86' lang='lat' dir='ltr'><strong>scientem.</strong></span> 
     </span>
    </p>
   </div>
   <div class='ocr_carea' id='block_1_97' title="bbox 1777 3599 3283 3673">
    <p class='ocr_par' dir='ltr' id='par_1_97' title="bbox 1777 3599 3283 3673">
     <span class='ocr_line' id='line_1_97' title="bbox 1777 3599 3283 3673; baseline 0.009 -19"><span class='ocrx_word' id='word_1_720' title='bbox 1777 3600 1831 3654; x_wconf 74' lang='grc' dir='ltr'><strong>ὅ.</strong></span> <span class='ocrx_word' id='word_1_721' title='bbox 1869 3599 1999 3655; x_wconf 86' lang='lat' dir='ltr'><strong>Cum</strong></span> <span class='ocrx_word' id='word_1_722' title='bbox 2050 3600 2134 3657; x_wconf 89' lang='lat' dir='ltr'><strong>his</strong></span> <span class='ocrx_word' id='word_1_723' title='bbox 2177 3603 2371 3669; x_wconf 89' lang='lat' dir='ltr'><strong>etiam,</strong></span> <span class='ocrx_word' id='word_1_724' title='bbox 2420 3604 2488 3658; x_wconf 88' lang='lat' dir='ltr'><strong>Et</strong></span> <span class='ocrx_word' id='word_1_725' title='bbox 2531 3605 2825 3673; x_wconf 83' lang='lat' dir='ltr'><strong>prudentem</strong></span> <span class='ocrx_word' id='word_1_726' title='bbox 2875 3609 3173 3669; x_wconf 81' lang='lat' dir='ltr'><strong>auditorem.</strong></span> <span class='ocrx_word' id='word_1_727' title='bbox 3226 3612 3283 3668; x_wconf 81' lang='lat' dir='ltr'><strong>Si</strong></span> 
     </span>
    </p>
   </div>
   <div class='ocr_carea' id='block_1_98' title="bbox 1707 3691 3283 3767">
    <p class='ocr_par' dir='ltr' id='par_1_98' title="bbox 1707 3691 3283 3767">
     <span class='ocr_line' id='line_1_98' title="bbox 1707 3691 3283 3767; baseline 0.006 -21"><span class='ocrx_word' id='word_1_728' title='bbox 1707 3693 1847 3746; x_wconf 89' lang='lat' dir='ltr'><strong>enim</strong></span> <span class='ocrx_word' id='word_1_729' title='bbox 1892 3691 1993 3747; x_wconf 89' lang='lat' dir='ltr'><strong>hoc</strong></span> <span class='ocrx_word' id='word_1_730' title='bbox 2036 3693 2300 3759; x_wconf 88' lang='lat' dir='ltr'><strong>abfuerit,</strong></span> <span class='ocrx_word' id='word_1_731' title='bbox 2336 3696 2436 3750; x_wconf 89' lang='lat' dir='ltr'><strong>etsi</strong></span> <span class='ocrx_word' id='word_1_732' title='bbox 2478 3697 2579 3751; x_wconf 88' lang='lat' dir='ltr'><strong>alia</strong></span> <span class='ocrx_word' id='word_1_733' title='bbox 2618 3698 2797 3752; x_wconf 88' lang='lat' dir='ltr'><strong>omnia</strong></span> <span class='ocrx_word' id='word_1_734' title='bbox 2844 3699 3061 3767; x_wconf 86' lang='lat' dir='ltr'><strong>adsint,</strong></span> <span class='ocrx_word' id='word_1_735' title='bbox 3114 3703 3283 3757; x_wconf 87' lang='lat' dir='ltr'><strong>nihilo</strong></span> 
     </span>
    </p>
   </div>
   <div class='ocr_carea' id='block_1_99' title="bbox 1709 3784 3284 3860">
    <p class='ocr_par' dir='ltr' id='par_1_99' title="bbox 1709 3784 3284 3860">
     <span class='ocr_line' id='line_1_99' title="bbox 1709 3784 3284 3860; baseline 0.009 -24"><span class='ocrx_word' id='word_1_736' title='bbox 1709 3784 1828 3854; x_wconf 90' lang='lat' dir='ltr'><strong>plus</strong></span> <span class='ocrx_word' id='word_1_737' title='bbox 1871 3785 2073 3843; x_wconf 86' lang='lat' dir='ltr'><strong>accedit</strong></span> <span class='ocrx_word' id='word_1_738' title='bbox 2116 3787 2448 3853; x_wconf 85' lang='lat' dir='ltr'><strong>civitatibus,</strong></span> <span class='ocrx_word' id='word_1_739' title='bbox 2500 3789 2599 3844; x_wconf 90' lang='lat' dir='ltr'><strong>etsi</strong></span> <span class='ocrx_word' id='word_1_740' title='bbox 2649 3790 2943 3860; x_wconf 61' lang='lat' dir='ltr'><strong>prophetaa,</strong></span> <span class='ocrx_word' id='word_1_741' title='bbox 2976 3795 3074 3849; x_wconf 90' lang='lat' dir='ltr'><strong>etsi</strong></span> <span class='ocrx_word' id='word_1_742' title='bbox 3104 3796 3284 3850; x_wconf 86' lang='lat' dir='ltr'><strong>consi-</strong></span> 
     </span>
    </p>
   </div>
   <div class='ocr_carea' id='block_1_100' title="bbox 1709 3875 3280 3955">
    <p class='ocr_par' dir='ltr' id='par_1_100' title="bbox 1709 3875 3280 3955">
     <span class='ocr_line' id='line_1_100' title="bbox 1709 3875 3280 3955; baseline 0.008 -27"><span class='ocrx_word' id='word_1_743' title='bbox 1709 3875 1866 3939; x_wconf 89' lang='lat' dir='ltr'><strong>liarii,</strong></span> <span class='ocrx_word' id='word_1_744' title='bbox 1897 3878 1998 3931; x_wconf 89' lang='lat' dir='ltr'><strong>etsi</strong></span> <span class='ocrx_word' id='word_1_745' title='bbox 2026 3878 2365 3947; x_wconf 86' lang='lat' dir='ltr'><strong>magistratus</strong></span> <span class='ocrx_word' id='word_1_746' title='bbox 2390 3877 2585 3945; x_wconf 89' lang='lat' dir='ltr'><strong>adsint,</strong></span> <span class='ocrx_word' id='word_1_747' title='bbox 2608 3880 2651 3933; x_wconf 91' lang='lat' dir='ltr'><strong>si</strong></span> <span class='ocrx_word' id='word_1_748' title='bbox 2678 3882 2854 3936; x_wconf 91' lang='lat' dir='ltr'><strong>nullus</strong></span> <span class='ocrx_word' id='word_1_749' title='bbox 2878 3884 2947 3937; x_wconf 90' lang='lat' dir='ltr'><strong>sit</strong></span> <span class='ocrx_word' id='word_1_750' title='bbox 2972 3885 3062 3955; x_wconf 90' lang='lat' dir='ltr'><strong>qui</strong></span> <span class='ocrx_word' id='word_1_751' title='bbox 3082 3888 3280 3951; x_wconf 90' lang='lat' dir='ltr'><strong>audiat,</strong></span> 
     </span>
    </p>
   </div>
   <div class='ocr_carea' id='block_1_101' title="bbox 1707 3966 3279 4033">
    <p class='ocr_par' dir='ltr' id='par_1_101' title="bbox 1707 3966 3279 4033">
     <span class='ocr_line' id='line_1_101' title="bbox 1707 3966 3279 4033; baseline 0.007 -12"><span class='ocrx_word' id='word_1_752' title='bbox 1707 3967 1884 4021; x_wconf 88' lang='lat' dir='ltr'><strong>omnia</strong></span> <span class='ocrx_word' id='word_1_753' title='bbox 1926 3966 2119 4023; x_wconf 72' lang='lat' dir='ltr'><strong>frustra</strong></span> <span class='ocrx_word' id='word_1_754' title='bbox 2159 3978 2214 4024; x_wconf 90' lang='lat' dir='ltr'><strong>et</strong></span> <span class='ocrx_word' id='word_1_755' title='bbox 2243 3969 2293 4023; x_wconf 91' lang='lat' dir='ltr'><strong>in</strong></span> <span class='ocrx_word' id='word_1_756' title='bbox 2325 3969 2544 4024; x_wconf 90' lang='lat' dir='ltr'><strong>nihilum</strong></span> <span class='ocrx_word' id='word_1_757' title='bbox 2585 3970 2800 4027; x_wconf 87' lang='lat' dir='ltr'><strong>abeunt.</strong></span> <span class='ocrx_word' id='word_1_758' title='bbox 2847 3973 3064 4031; x_wconf 85' lang='lat' dir='ltr'><strong>Videtur</strong></span> <span class='ocrx_word' id='word_1_759' title='bbox 3105 3989 3279 4033; x_wconf 88' lang='lat' dir='ltr'><strong>autem</strong></span> 
     </span>
    </p>
   </div>
   <div class='ocr_carea' id='block_1_102' title="bbox 1708 4057 3283 4139">
    <p class='ocr_par' dir='ltr' id='par_1_102' title="bbox 1708 4057 3283 4139">
     <span class='ocr_line' id='line_1_102' title="bbox 1708 4057 3283 4139; baseline 0.008 -27"><span class='ocrx_word' id='word_1_760' title='bbox 1708 4057 1833 4113; x_wconf 90' lang='lat' dir='ltr'><strong>tnihi</strong></span> <span class='ocrx_word' id='word_1_761' title='bbox 1858 4058 1942 4115; x_wconf 88' lang='lat' dir='ltr'><strong>hic</strong></span> <span class='ocrx_word' id='word_1_762' title='bbox 1966 4060 2205 4131; x_wconf 81' lang='lat' dir='ltr'><strong>Auferam</strong></span> <span class='ocrx_word' id='word_1_763' title='bbox 2223 4061 2346 4126; x_wconf 88' lang='lat' dir='ltr'><strong>dici,</strong></span> <span class='ocrx_word' id='word_1_764' title='bbox 2363 4062 2510 4131; x_wconf 89' lang='lat' dir='ltr'><strong>quasi</strong></span> <span class='ocrx_word' id='word_1_765' title='bbox 2529 4062 2730 4127; x_wconf 88' lang='lat' dir='ltr'><strong>Sinam,</strong></span> <span class='ocrx_word' id='word_1_766' title='bbox 2753 4064 3081 4134; x_wconf 85' lang='lat' dir='ltr'><strong>Permittam,</strong></span> <span class='ocrx_word' id='word_1_767' title='bbox 3100 4085 3283 4139; x_wconf 91' lang='lat' dir='ltr'><strong>quem-</strong></span> 
     </span>
    </p>
   </div>
   <div class='ocr_carea' id='block_1_103' title="bbox 1707 4149 3285 4226">
    <p class='ocr_par' dir='ltr' id='par_1_103' title="bbox 1707 4149 3285 4226">
     <span class='ocr_line' id='line_1_103' title="bbox 1707 4149 3285 4226; baseline 0.007 -24"><span class='ocrx_word' id='word_1_768' title='bbox 1707 4149 1990 4205; x_wconf 87' lang='lat' dir='ltr'><strong>admodum</strong></span> <span class='ocrx_word' id='word_1_769' title='bbox 2017 4149 2211 4205; x_wconf 84' lang='lat' dir='ltr'><strong>Paulus</strong></span> <span class='ocrx_word' id='word_1_770' title='bbox 2236 4152 2311 4205; x_wconf 90' lang='lat' dir='ltr'><strong>ait</strong></span> <span class='ocrx_word' id='word_1_771' title='bbox 2357 4169 2371 4204; x_wconf 92' lang='lat'><strong>:</strong></span> <span class='ocrx_word' id='word_1_772' title='bbox 2415 4150 2645 4205; x_wconf 87' lang='lat' dir='ltr'><strong>Tradidit</strong></span> <span class='ocrx_word' id='word_1_773' title='bbox 2676 4169 2761 4207; x_wconf 84' lang='lat' dir='ltr'><strong>eos</strong></span> <span class='ocrx_word' id='word_1_774' title='bbox 2788 4155 2840 4208; x_wconf 88' lang='lat' dir='ltr'><strong>in</strong></span> <span class='ocrx_word' id='word_1_775' title='bbox 2869 4157 3137 4226; x_wconf 87' lang='lat' dir='ltr'><strong>reprobum</strong></span> <span class='ocrx_word' id='word_1_776' title='bbox 3165 4176 3253 4213; x_wconf 79' lang='lat' dir='ltr'><strong>seu</strong></span> <span class='ocrx_word' id='word_1_777' title='bbox 3276 4189 3285 4200; x_wconf 75' lang='grc' dir='ltr'><strong>ο</strong></span> 
     </span>
    </p>
   </div>
   <div class='ocr_carea' id='block_1_104' title="bbox 1706 4240 3286 4316">
    <p class='ocr_par' dir='ltr' id='par_1_104' title="bbox 1706 4240 3286 4316">
     <span class='ocr_line' id='line_1_104' title="bbox 1706 4240 3286 4316; baseline 0.006 -21"><span class='ocrx_word' id='word_1_778' title='bbox 1706 4258 1817 4295; x_wconf 86' lang='lat' dir='ltr'><strong>sum</strong></span> <span class='ocrx_word' id='word_1_779' title='bbox 1860 4240 2031 4314; x_wconf 82' lang='lat' dir='ltr'><strong>(Rom.</strong></span> <span class='ocrx_word' id='word_1_780' title='bbox 2070 4242 2120 4296; x_wconf 86' lang='lat' dir='ltr'><strong>l.</strong></span> <span class='ocrx_word' id='word_1_781' title='bbox 2149 4240 2277 4314; x_wconf 69' lang='lat'><strong>28);</strong></span> <span class='ocrx_word' id='word_1_782' title='bbox 2328 4255 2431 4296; x_wconf 92' lang='lat' dir='ltr'><strong>non</strong></span> <span class='ocrx_word' id='word_1_783' title='bbox 2479 4241 2581 4298; x_wconf 91' lang='lat' dir='ltr'><strong>hoc</strong></span> <span class='ocrx_word' id='word_1_784' title='bbox 2622 4258 2804 4310; x_wconf 89' lang='lat' dir='ltr'><strong>sensu,</strong></span> <span class='ocrx_word' id='word_1_785' title='bbox 2835 4246 2987 4316; x_wconf 88' lang='lat' dir='ltr'><strong>quasi</strong></span> <span class='ocrx_word' id='word_1_786' title='bbox 3018 4249 3071 4303; x_wconf 94' lang='lat' dir='ltr'><strong>in</strong></span> <span class='ocrx_word' id='word_1_787' title='bbox 3100 4263 3286 4305; x_wconf 90' lang='lat' dir='ltr'><strong>amen-</strong></span> 
     </span>
    </p>
   </div>
   <div class='ocr_carea' id='block_1_105' title="bbox 1709 4333 3280 4409">
    <p class='ocr_par' dir='ltr' id='par_1_105' title="bbox 1709 4333 3280 4409">
     <span class='ocr_line' id='line_1_105' title="bbox 1709 4333 3280 4409; baseline 0.006 -21"><span class='ocrx_word' id='word_1_788' title='bbox 1709 4335 1832 4388; x_wconf 90' lang='lat' dir='ltr'><strong>tiam</strong></span> <span class='ocrx_word' id='word_1_789' title='bbox 1861 4335 2004 4405; x_wconf 90' lang='lat' dir='ltr'><strong>ipsos</strong></span> <span class='ocrx_word' id='word_1_790' title='bbox 2026 4334 2335 4405; x_wconf 70' lang='lat' dir='ltr'><strong>coniecerit,</strong></span> <span class='ocrx_word' id='word_1_791' title='bbox 2357 4333 2451 4390; x_wconf 90' lang='lat' dir='ltr'><strong>sed</strong></span> <span class='ocrx_word' id='word_1_792' title='bbox 2470 4335 2593 4405; x_wconf 90' lang='lat' dir='ltr'><strong>quia</strong></span> <span class='ocrx_word' id='word_1_793' title='bbox 2610 4336 2921 4407; x_wconf 87' lang='lat' dir='ltr'><strong>insipientes</strong></span> <span class='ocrx_word' id='word_1_794' title='bbox 2937 4352 3057 4394; x_wconf 86' lang='lat' dir='ltr'><strong>cum</strong></span> <span class='ocrx_word' id='word_1_795' title='bbox 3078 4350 3280 4409; x_wconf 89' lang='lat' dir='ltr'><strong>essent,</strong></span> 
     </span>
    </p>
   </div>
   <div class='ocr_carea' id='block_1_106' title="bbox 1710 4428 2417 4499">
    <p class='ocr_par' dir='ltr' id='par_1_106' title="bbox 1710 4428 2417 4499">
     <span class='ocr_line' id='line_1_106' title="bbox 1710 4428 2417 4499; baseline 0 -16"><span class='ocrx_word' id='word_1_796' title='bbox 1710 4428 1851 4498; x_wconf 85' lang='lat' dir='ltr'><strong>ipsos</strong></span> <span class='ocrx_word' id='word_1_797' title='bbox 1875 4428 2073 4483; x_wconf 91' lang='lat' dir='ltr'><strong>dimisit</strong></span> <span class='ocrx_word' id='word_1_798' title='bbox 2101 4438 2155 4484; x_wconf 90' lang='lat' dir='ltr'><strong>et</strong></span> <span class='ocrx_word' id='word_1_799' title='bbox 2184 4429 2417 4499; x_wconf 88' lang='lat' dir='ltr'><strong>reliquit.</strong></span> 
     </span>
    </p>
   </div>
   <div class='ocr_carea' id='block_1_107' title="bbox 1781 4519 3294 4591">
    <p class='ocr_par' dir='ltr' id='par_1_107' title="bbox 1781 4519 3294 4591">
     <span class='ocr_line' id='line_1_107' title="bbox 1781 4519 3294 4591; baseline 0.007 -18"><span class='ocrx_word' id='word_1_800' title='bbox 1781 4519 1999 4575; x_wconf 77' lang='lat' dir='ltr'><strong>Prwstat</strong></span> <span class='ocrx_word' id='word_1_801' title='bbox 2028 4521 2223 4575; x_wconf 85' lang='lat' dir='ltr'><strong>nullum</strong></span> <span class='ocrx_word' id='word_1_802' title='bbox 2251 4538 2401 4591; x_wconf 85' lang='lat' dir='ltr'><strong>quam</strong></span> <span class='ocrx_word' id='word_1_803' title='bbox 2428 4523 2615 4575; x_wconf 83' lang='lat' dir='ltr'><strong>malum</strong></span> <span class='ocrx_word' id='word_1_804' title='bbox 2639 4523 2813 4578; x_wconf 86' lang='lat' dir='ltr'><strong>ducem</strong></span> <span class='ocrx_word' id='word_1_805' title='bbox 2839 4525 3036 4580; x_wconf 85' lang='lat' dir='ltr'><strong>habere.</strong></span> <span class='ocrx_word' id='word_1_806' title='bbox 3057 4528 3190 4583; x_wconf 75' lang='grc'><strong>-4.</strong></span> <span class='ocrx_word' id='word_1_807' title='bbox 3225 4528 3294 4583; x_wconf 82' lang='lat' dir='ltr'><strong>Et</strong></span> 
     </span>
    </p>
   </div>
   <div class='ocr_carea' id='block_1_108' title="bbox 1706 4611 3283 4682">
    <p class='ocr_par' dir='ltr' id='par_1_108' title="bbox 1706 4611 3283 4682">
     <span class='ocr_line' id='line_1_108' title="bbox 1706 4611 3283 4682; baseline 0.008 -19"><span class='ocrx_word' id='word_1_808' title='bbox 1706 4612 1964 4665; x_wconf 83' lang='lat' dir='ltr'><strong>instituant</strong></span> <span class='ocrx_word' id='word_1_809' title='bbox 1989 4611 2380 4665; x_wconf 77' lang='lat' dir='ltr'><strong>adolescentulos</strong></span> <span class='ocrx_word' id='word_1_810' title='bbox 2406 4613 2654 4682; x_wconf 85' lang='lat' dir='ltr'><strong>principes</strong></span> <span class='ocrx_word' id='word_1_811' title='bbox 2678 4630 2868 4668; x_wconf 85' lang='lat' dir='ltr'><strong>eorum.</strong></span> <span class='ocrx_word' id='word_1_812' title='bbox 2926 4615 3040 4672; x_wconf 80' lang='lat' dir='ltr'><strong>Hoc</strong></span> <span class='ocrx_word' id='word_1_813' title='bbox 3075 4617 3283 4675; x_wconf 87' lang='lat' dir='ltr'><strong>defectu</strong></span> 
     </span>
    </p>
   </div>
   <div class='ocr_carea' id='block_1_109' title="bbox 1709 4701 3281 4774">
    <p class='ocr_par' dir='ltr' id='par_1_109' title="bbox 1709 4701 3281 4774">
     <span class='ocr_line' id='line_1_109' title="bbox 1709 4701 3281 4774; baseline 0.003 -17"><span class='ocrx_word' id='word_1_814' title='bbox 1709 4704 1866 4757; x_wconf 88' lang='lat' dir='ltr'><strong>etiam</strong></span> <span class='ocrx_word' id='word_1_815' title='bbox 1894 4701 2291 4774; x_wconf 84' lang='lat' dir='ltr'><strong>magistratuum</strong></span> <span class='ocrx_word' id='word_1_816' title='bbox 2322 4702 2471 4771; x_wconf 82' lang='lat' dir='ltr'><strong>pejus</strong></span> <span class='ocrx_word' id='word_1_817' title='bbox 2509 4711 2563 4757; x_wconf 90' lang='lat' dir='ltr'><strong>et</strong></span> <span class='ocrx_word' id='word_1_818' title='bbox 2592 4703 2758 4757; x_wconf 90' lang='lat' dir='ltr'><strong>multo</strong></span> <span class='ocrx_word' id='word_1_819' title='bbox 2782 4706 2993 4774; x_wconf 84' lang='lat' dir='ltr'><strong>gravius</strong></span> <span class='ocrx_word' id='word_1_820' title='bbox 3016 4715 3116 4761; x_wconf 88' lang='lat' dir='ltr'><strong>est.</strong></span> <span class='ocrx_word' id='word_1_821' title='bbox 3151 4708 3281 4761; x_wconf 88' lang='lat' dir='ltr'><strong>Nam</strong></span> 
     </span>
    </p>
   </div>
   <div class='ocr_carea' id='block_1_110' title="bbox 1709 4792 3282 4868">
    <p class='ocr_par' dir='ltr' id='par_1_110' title="bbox 1709 4792 3282 4868">
     <span class='ocr_line' id='line_1_110' title="bbox 1709 4792 3282 4868; baseline 0.006 -23"><span class='ocrx_word' id='word_1_822' title='bbox 1709 4797 1796 4864; x_wconf 88' lang='lat' dir='ltr'><strong>qui</strong></span> <span class='ocrx_word' id='word_1_823' title='bbox 1828 4795 2119 4864; x_wconf 87' lang='lat' dir='ltr'><strong>principem</strong></span> <span class='ocrx_word' id='word_1_824' title='bbox 2155 4808 2259 4847; x_wconf 89' lang='lat' dir='ltr'><strong>non</strong></span> <span class='ocrx_word' id='word_1_825' title='bbox 2302 4792 2479 4859; x_wconf 89' lang='lat' dir='ltr'><strong>habet,</strong></span> <span class='ocrx_word' id='word_1_826' title='bbox 2520 4793 2653 4849; x_wconf 89' lang='lat' dir='ltr'><strong>duce</strong></span> <span class='ocrx_word' id='word_1_827' title='bbox 2702 4796 2969 4863; x_wconf 86' lang='lat' dir='ltr'><strong>privatur;</strong></span> <span class='ocrx_word' id='word_1_828' title='bbox 3023 4800 3111 4868; x_wconf 87' lang='lat' dir='ltr'><strong>qui</strong></span> <span class='ocrx_word' id='word_1_829' title='bbox 3155 4816 3282 4854; x_wconf 83' lang='lat' dir='ltr'><strong>vero</strong></span> 
     </span>
    </p>
   </div>
   <div class='ocr_carea' id='block_1_111' title="bbox 1708 4886 3283 4963">
    <p class='ocr_par' dir='ltr' id='par_1_111' title="bbox 1708 4886 3283 4963">
     <span class='ocr_line' id='line_1_111' title="bbox 1708 4886 3283 4963; baseline 0.005 -22"><span class='ocrx_word' id='word_1_830' title='bbox 1708 4889 1905 4943; x_wconf 88' lang='lat' dir='ltr'><strong>malum</strong></span> <span class='ocrx_word' id='word_1_831' title='bbox 1931 4896 2117 4942; x_wconf 91' lang='lat' dir='ltr'><strong>nactus</strong></span> <span class='ocrx_word' id='word_1_832' title='bbox 2145 4898 2230 4941; x_wconf 88' lang='lat' dir='ltr'><strong>est</strong></span> <span class='ocrx_word' id='word_1_833' title='bbox 2254 4886 2442 4941; x_wconf 86' lang='lat' dir='ltr'><strong>ducem</strong></span> <span class='ocrx_word' id='word_1_834' title='bbox 2462 4928 2475 4949; x_wconf 88' lang='lat'><strong>,</strong></span> <span class='ocrx_word' id='word_1_835' title='bbox 2521 4886 2678 4942; x_wconf 90' lang='lat' dir='ltr'><strong>habet</strong></span> <span class='ocrx_word' id='word_1_836' title='bbox 2704 4891 2795 4958; x_wconf 87' lang='lat' dir='ltr'><strong>qui</strong></span> <span class='ocrx_word' id='word_1_837' title='bbox 2824 4904 2883 4945; x_wconf 89' lang='lat' dir='ltr'><strong>se</strong></span> <span class='ocrx_word' id='word_1_838' title='bbox 2911 4892 2961 4945; x_wconf 91' lang='lat' dir='ltr'><strong>in</strong></span> <span class='ocrx_word' id='word_1_839' title='bbox 2994 4893 3283 4963; x_wconf 71' lang='lat' dir='ltr'><strong>prtecipitia</strong></span> 
     </span>
    </p>
   </div>
   <div class='ocr_carea' id='block_1_112' title="bbox 1708 4978 3279 5049">
    <p class='ocr_par' dir='ltr' id='par_1_112' title="bbox 1708 4978 3279 5049">
     <span class='ocr_line' id='line_1_112' title="bbox 1708 4978 3279 5049; baseline 0.005 -16"><span class='ocrx_word' id='word_1_840' title='bbox 1708 4979 1977 5049; x_wconf 84' lang='lat' dir='ltr'><strong>conjiciat.</strong></span> <span class='ocrx_word' id='word_1_841' title='bbox 2010 4978 2448 5034; x_wconf 86' lang='lat' dir='ltr'><strong>Adolescentulos</strong></span> <span class='ocrx_word' id='word_1_842' title='bbox 2473 4990 2649 5034; x_wconf 88' lang='lat' dir='ltr'><strong>autem</strong></span> <span class='ocrx_word' id='word_1_843' title='bbox 2682 4978 2767 5034; x_wconf 89' lang='lat' dir='ltr'><strong>hic</strong></span> <span class='ocrx_word' id='word_1_844' title='bbox 2794 4993 3054 5039; x_wconf 89' lang='lat' dir='ltr'><strong>memorat</strong></span> <span class='ocrx_word' id='word_1_845' title='bbox 3080 5001 3188 5041; x_wconf 90' lang='lat' dir='ltr'><strong>non</strong></span> <span class='ocrx_word' id='word_1_846' title='bbox 3228 4998 3279 5041; x_wconf 90' lang='lat' dir='ltr'><strong>ut</strong></span> 
     </span>
    </p>
   </div>
   <div class='ocr_carea' id='block_1_113' title="bbox 1769 5157 3280 5268">
    <p class='ocr_par' dir='ltr' id='par_1_113' title="bbox 1769 5157 3280 5268">
     <span class='ocr_line' id='line_1_113' title="bbox 1769 5157 3280 5268; baseline -0.001 -56"><span class='ocrx_word' id='word_1_847' title='bbox 1769 5164 1842 5225; x_wconf 78' lang='grc' dir='ltr'><strong>(η)</strong></span> <span class='ocrx_word' id='word_1_848' title='bbox 1874 5170 1985 5211; x_wconf 70' lang='lat' dir='ltr'><strong>ltzec</strong></span> <span class='ocrx_word' id='word_1_849' title='bbox 2020 5160 2287 5222; x_wconf 89' lang='lat' dir='ltr'><strong>respiciunt</strong></span> <span class='ocrx_word' id='word_1_850' title='bbox 2322 5165 2466 5268; x_wconf 60' lang='lat' dir='ltr'><strong>caput</strong></span> <span class='ocrx_word' id='word_1_851' title='bbox 2507 5159 2727 5221; x_wconf 88' lang='lat' dir='ltr'><strong>quintum</strong></span> <span class='ocrx_word' id='word_1_852' title='bbox 2758 5157 2865 5208; x_wconf 90' lang='lat' dir='ltr'><strong>libri</strong></span> <span class='ocrx_word' id='word_1_853' title='bbox 2898 5164 3280 5220; x_wconf 81' lang='lat' dir='ltr'><strong>Proverbiorum,</strong></span> 
     </span>
     <span class='ocr_line' id='line_1_114' title="bbox 1769 5220 3280 5268; baseline 0 0"><span class='ocrx_word' id='word_1_854' title='bbox 1769 5228 1789 5268; x_wconf 77' lang='lat' dir='ltr'><strong>li</strong></span> <span class='ocrx_word' id='word_1_855' title='bbox 1814 5231 1979 5268; x_wconf 78' lang='lat' dir='ltr'><strong>contra</strong></span> <span class='ocrx_word' id='word_1_856' title='bbox 2001 5223 2312 5268; x_wconf 86' lang='lat' dir='ltr'><strong>meretricum</strong></span> <span class='ocrx_word' id='word_1_857' title='bbox 2339 5221 2369 5268; x_wconf 92' lang='lat' dir='ltr'><strong>il</strong></span> <span class='ocrx_word' id='word_1_858' title='bbox 2393 5221 2595 5268; x_wconf 87' lang='lat' dir='ltr'><strong>ecebras</strong></span> <span class='ocrx_word' id='word_1_859' title='bbox 2618 5220 2922 5268; x_wconf 71' lang='lat' dir='ltr'><strong>fallaciasque</strong></span> <span class='ocrx_word' id='word_1_860' title='bbox 2944 5223 3280 5268; x_wconf 71' lang='lat' dir='ltr'><strong>adolescentes</strong></span> 
     </span>
    </p>
   </div>
   <div class='ocr_carea' id='block_1_114' title="bbox 1708 5220 3287 5284">
    <p class='ocr_par' dir='ltr' id='par_1_114' title="bbox 1708 5220 3287 5284">
     <span class='ocr_line' id='line_1_115' title="bbox 1708 5220 3287 5284; baseline 0.003 -13"><span class='ocrx_word' id='word_1_861' title='bbox 1708 5220 1790 5273; x_wconf 85' lang='lat' dir='ltr'><strong>ubi</strong></span> <span class='ocrx_word' id='word_1_862' title='bbox 1814 5220 1980 5275; x_wconf 74' lang='lat' dir='ltr'><strong>contra</strong></span> <span class='ocrx_word' id='word_1_863' title='bbox 2001 5220 2312 5272; x_wconf 75' lang='lat' dir='ltr'><strong>meretricum</strong></span> <span class='ocrx_word' id='word_1_864' title='bbox 2339 5220 2595 5270; x_wconf 80' lang='lat' dir='ltr'><strong>illecebras</strong></span> <span class='ocrx_word' id='word_1_865' title='bbox 2618 5220 2922 5284; x_wconf 77' lang='lat' dir='ltr'><strong>fallaciasque</strong></span> <span class='ocrx_word' id='word_1_866' title='bbox 2944 5223 3287 5275; x_wconf 80' lang='lat' dir='ltr'><strong>adolescentes</strong></span> 
     </span>
    </p>
   </div>
   <div class='ocr_carea' id='block_1_115' title="bbox 1707 5283 3285 5343">
    <p class='ocr_par' dir='ltr' id='par_1_115' title="bbox 1707 5283 3285 5343">
     <span class='ocr_line' id='line_1_116' title="bbox 1707 5283 3285 5343; baseline 0 -8"><span class='ocrx_word' id='word_1_867' title='bbox 1707 5288 1982 5336; x_wconf 82' lang='lat' dir='ltr'><strong>communit.</strong></span> <span class='ocrx_word' id='word_1_868' title='bbox 2003 5283 2132 5343; x_wconf 87' lang='lat' dir='ltr'><strong>Quod</strong></span> <span class='ocrx_word' id='word_1_869' title='bbox 2155 5291 2317 5332; x_wconf 87' lang='lat' dir='ltr'><strong>autem</strong></span> <span class='ocrx_word' id='word_1_870' title='bbox 2340 5284 2419 5331; x_wconf 89' lang='lat' dir='ltr'><strong>hic</strong></span> <span class='ocrx_word' id='word_1_871' title='bbox 2437 5284 2503 5331; x_wconf 88' lang='lat' dir='ltr'><strong>ait</strong></span> <span class='ocrx_word' id='word_1_872' title='bbox 2526 5283 3157 5343; x_wconf 84' lang='lat' dir='ltr'><strong>comparandoSalomonem</strong></span> <span class='ocrx_word' id='word_1_873' title='bbox 3176 5300 3285 5335; x_wconf 86' lang='lat' dir='ltr'><strong>cum</strong></span> 
     </span>
    </p>
   </div>
   <div class='ocr_carea' id='block_1_116' title="bbox 1707 5345 3282 5407">
    <p class='ocr_par' dir='ltr' id='par_1_116' title="bbox 1707 5345 3282 5407">
     <span class='ocr_line' id='line_1_117' title="bbox 1707 5345 3282 5407; baseline 0 -12"><span class='ocrx_word' id='word_1_874' title='bbox 1707 5348 1892 5407; x_wconf 66' lang='lat' dir='ltr'><strong>Elisazo,</strong></span> <span class='ocrx_word' id='word_1_875' title='bbox 1918 5347 2049 5396; x_wconf 90' lang='lat' dir='ltr'><strong>illum</strong></span> <span class='ocrx_word' id='word_1_876' title='bbox 2076 5360 2139 5395; x_wconf 78' lang='lat' dir='ltr'><strong>ex</strong></span> <span class='ocrx_word' id='word_1_877' title='bbox 2166 5346 2417 5407; x_wconf 77' lang='lat' dir='ltr'><strong>prudentia</strong></span> <span class='ocrx_word' id='word_1_878' title='bbox 2460 5346 2664 5407; x_wconf 81' lang='lat' dir='ltr'><strong>humana</strong></span> <span class='ocrx_word' id='word_1_879' title='bbox 2705 5345 2952 5407; x_wconf 82' lang='lat' dir='ltr'><strong>quuutum</strong></span> <span class='ocrx_word' id='word_1_880' title='bbox 2990 5359 3119 5401; x_wconf 83' lang='lat' dir='ltr'><strong>esse,</strong></span> <span class='ocrx_word' id='word_1_881' title='bbox 3154 5346 3282 5397; x_wconf 88' lang='lat' dir='ltr'><strong>hunc</strong></span> 
     </span>
    </p>
   </div>
   <div class='ocr_carea' id='block_1_117' title="bbox 1709 5360 3279 5471">
    <p class='ocr_par' dir='ltr' id='par_1_117' title="bbox 1709 5360 3279 5471">
     <span class='ocr_line' id='line_1_118' title="bbox 1709 5360 3279 5407; baseline 0 -12"><span class='ocrx_word' id='word_1_882' title='bbox 1709 5360 1892 5407; x_wconf 71' lang='lat' dir='ltr'><strong>Etismo,</strong></span> <span class='ocrx_word' id='word_1_883' title='bbox 1918 5360 2049 5396; x_wconf 87' lang='lat' dir='ltr'><strong>mum</strong></span> <span class='ocrx_word' id='word_1_884' title='bbox 2076 5360 2139 5395; x_wconf 80' lang='lat' dir='ltr'><strong>ex</strong></span> <span class='ocrx_word' id='word_1_885' title='bbox 2182 5360 2417 5394; x_wconf 60' lang='lat' dir='ltr'><strong>truuenua</strong></span> <span class='ocrx_word' id='word_1_886' title='bbox 2460 5360 2664 5393; x_wconf 87' lang='lat' dir='ltr'><strong>numana</strong></span> <span class='ocrx_word' id='word_1_887' title='bbox 2705 5360 2952 5407; x_wconf 78' lang='lat' dir='ltr'><strong>loquutum</strong></span> <span class='ocrx_word' id='word_1_888' title='bbox 2990 5360 3119 5401; x_wconf 83' lang='lat' dir='ltr'><strong>esse,</strong></span> <span class='ocrx_word' id='word_1_889' title='bbox 3154 5360 3279 5397; x_wconf 88' lang='lat' dir='ltr'><strong>nttnc</strong></span> 
     </span>
     <span class='ocr_line' id='line_1_119' title="bbox 1709 5360 3279 5471; baseline 0 -14"><span class='ocrx_word' id='word_1_890' title='bbox 1709 5425 1828 5459; x_wconf 82' lang='lat' dir='ltr'><strong>vero</strong></span> <span class='ocrx_word' id='word_1_891' title='bbox 1853 5425 1913 5459; x_wconf 77' lang='lat' dir='ltr'><strong>ex</strong></span> <span class='ocrx_word' id='word_1_892' title='bbox 1960 5410 2112 5471; x_wconf 82' lang='lat' dir='ltr'><strong>gratia</strong></span> <span class='ocrx_word' id='word_1_893' title='bbox 2147 5360 2323 5471; x_wconf 74' lang='lat' dir='ltr'><strong>Jivina,</strong></span> <span class='ocrx_word' id='word_1_894' title='bbox 2359 5408 2428 5455; x_wconf 92' lang='lat' dir='ltr'><strong>sic</strong></span> <span class='ocrx_word' id='word_1_895' title='bbox 2452 5406 2711 5471; x_wconf 76' lang='lat' dir='ltr'><strong>intelligas,</strong></span> <span class='ocrx_word' id='word_1_896' title='bbox 2738 5421 2832 5454; x_wconf 88' lang='lat' dir='ltr'><strong>non</strong></span> <span class='ocrx_word' id='word_1_897' title='bbox 2871 5409 3007 5471; x_wconf 85' lang='lat' dir='ltr'><strong>quasi</strong></span> <span class='ocrx_word' id='word_1_898' title='bbox 3044 5408 3279 5471; x_wconf 79' lang='lat' dir='ltr'><strong>Salomon.</strong></span> 
     </span>
    </p>
   </div>
   <div class='ocr_carea' id='block_1_118' title="bbox 1708 5468 3284 5530">
    <p class='ocr_par' dir='ltr' id='par_1_118' title="bbox 1708 5468 3284 5530">
     <span class='ocr_line' id='line_1_120' title="bbox 1708 5468 3284 5530; baseline 0.001 -11"><span class='ocrx_word' id='word_1_899' title='bbox 1708 5472 1821 5520; x_wconf 90' lang='lat' dir='ltr'><strong>dum</strong></span> <span class='ocrx_word' id='word_1_900' title='bbox 1845 5468 2210 5521; x_wconf 75' lang='lat' dir='ltr'><strong>Proverbiorum</strong></span> <span class='ocrx_word' id='word_1_901' title='bbox 2232 5468 2405 5518; x_wconf 91' lang='lat' dir='ltr'><strong>librum</strong></span> <span class='ocrx_word' id='word_1_902' title='bbox 2435 5469 2693 5524; x_wconf 79' lang='lat' dir='ltr'><strong>scriberet,</strong></span> <span class='ocrx_word' id='word_1_903' title='bbox 2719 5471 2869 5530; x_wconf 85' lang='lat' dir='ltr'><strong>gratia</strong></span> <span class='ocrx_word' id='word_1_904' title='bbox 2890 5468 3048 5518; x_wconf 79' lang='lat' dir='ltr'><strong>divina</strong></span> <span class='ocrx_word' id='word_1_905' title='bbox 3075 5468 3284 5519; x_wconf 51' lang='lat' dir='ltr'><strong>destitit-</strong></span> 
     </span>
    </p>
   </div>
   <div class='ocr_carea' id='block_1_119' title="bbox 1710 5530 3285 5594">
    <p class='ocr_par' dir='ltr' id='par_1_119' title="bbox 1710 5530 3285 5594">
     <span class='ocr_line' id='line_1_121' title="bbox 1710 5530 3285 5594; baseline -0.001 -11"><span class='ocrx_word' id='word_1_906' title='bbox 1710 5541 1787 5583; x_wconf 88' lang='lat' dir='ltr'><strong>tus</strong></span> <span class='ocrx_word' id='word_1_907' title='bbox 1811 5541 1973 5592; x_wconf 82' lang='lat' dir='ltr'><strong>esset;</strong></span> <span class='ocrx_word' id='word_1_908' title='bbox 1998 5533 2085 5581; x_wconf 84' lang='lat' dir='ltr'><strong>sed</strong></span> <span class='ocrx_word' id='word_1_909' title='bbox 2110 5530 2234 5594; x_wconf 88' lang='lat' dir='ltr'><strong>quod</strong></span> <span class='ocrx_word' id='word_1_910' title='bbox 2262 5543 2336 5589; x_wconf 83' lang='lat' dir='ltr'><strong>ea,</strong></span> <span class='ocrx_word' id='word_1_911' title='bbox 2369 5542 2477 5592; x_wconf 63' lang='lat' dir='ltr'><strong>qua:</strong></span> <span class='ocrx_word' id='word_1_912' title='bbox 2502 5533 2809 5594; x_wconf 78' lang='lat' dir='ltr'><strong>experientia</strong></span> <span class='ocrx_word' id='word_1_913' title='bbox 2843 5537 2894 5580; x_wconf 91' lang='lat' dir='ltr'><strong>ct</strong></span> <span class='ocrx_word' id='word_1_914' title='bbox 2914 5531 3175 5594; x_wconf 73' lang='lat' dir='ltr'><strong>sagacitate</strong></span> <span class='ocrx_word' id='word_1_915' title='bbox 3196 5545 3285 5581; x_wconf 85' lang='lat' dir='ltr'><strong>sua</strong></span> 
     </span>
    </p>
   </div>
   <div class='ocr_carea' id='block_1_120' title="bbox 1711 5591 3283 5656">
    <p class='ocr_par' dir='ltr' id='par_1_120' title="bbox 1711 5591 3283 5656">
     <span class='ocr_line' id='line_1_122' title="bbox 1711 5591 3283 5656; baseline -0.001 -12"><span class='ocrx_word' id='word_1_916' title='bbox 1711 5605 1927 5651; x_wconf 84' lang='lat' dir='ltr'><strong>noverat,</strong></span> <span class='ocrx_word' id='word_1_917' title='bbox 1966 5591 2212 5656; x_wconf 74' lang='lat' dir='ltr'><strong>dirigente</strong></span> <span class='ocrx_word' id='word_1_918' title='bbox 2244 5591 2415 5653; x_wconf 83' lang='lat' dir='ltr'><strong>Spiritu</strong></span> <span class='ocrx_word' id='word_1_919' title='bbox 2454 5600 2635 5651; x_wconf 59' lang='lat' dir='ltr'><strong>sancto,</strong></span> <span class='ocrx_word' id='word_1_920' title='bbox 2664 5593 2818 5641; x_wconf 79' lang='lat' dir='ltr'><strong>literis</strong></span> <span class='ocrx_word' id='word_1_921' title='bbox 2862 5591 3135 5656; x_wconf 74' lang='lat' dir='ltr'><strong>mandaret;</strong></span> <span class='ocrx_word' id='word_1_922' title='bbox 3176 5608 3283 5643; x_wconf 84' lang='lat' dir='ltr'><strong>cum</strong></span> 
     </span>
    </p>
   </div>
   <div class='ocr_carea' id='block_1_121' title="bbox 1710 5654 3285 5717">
    <p class='ocr_par' dir='ltr' id='par_1_121' title="bbox 1710 5654 3285 5717">
     <span class='ocr_line' id='line_1_123' title="bbox 1710 5654 3285 5717; baseline 0.001 -14"><span class='ocrx_word' id='word_1_923' title='bbox 1710 5670 1873 5705; x_wconf 79' lang='lat' dir='ltr'><strong>contra</strong></span> <span class='ocrx_word' id='word_1_924' title='bbox 1898 5654 2087 5706; x_wconf 75' lang='lat' dir='ltr'><strong>Elisrcus</strong></span> <span class='ocrx_word' id='word_1_925' title='bbox 2116 5655 2194 5704; x_wconf 86' lang='lat' dir='ltr'><strong>illa</strong></span> <span class='ocrx_word' id='word_1_926' title='bbox 2227 5660 2411 5705; x_wconf 81' lang='lat' dir='ltr'><strong>tantum</strong></span> <span class='ocrx_word' id='word_1_927' title='bbox 2445 5655 2701 5714; x_wconf 76' lang='lat' dir='ltr'><strong>scriberet,</strong></span> <span class='ocrx_word' id='word_1_928' title='bbox 2726 5668 2835 5717; x_wconf 73' lang='lat' dir='ltr'><strong>qua:</strong></span> <span class='ocrx_word' id='word_1_929' title='bbox 2874 5654 3063 5704; x_wconf 82' lang='lat' dir='ltr'><strong>aﬂlaute</strong></span> <span class='ocrx_word' id='word_1_930' title='bbox 3087 5658 3285 5705; x_wconf 63' lang='lat' dir='ltr'><strong>sumine</strong></span> 
     </span>
    </p>
   </div>
   <div class='ocr_carea' id='block_1_122' title="bbox 1709 5720 1942 5770">
    <p class='ocr_par' dir='ltr' id='par_1_122' title="bbox 1709 5720 1942 5770">
     <span class='ocr_line' id='line_1_124' title="bbox 1709 5720 1942 5770; baseline 0.013 -3"><span class='ocrx_word' id='word_1_931' title='bbox 1709 5720 1942 5770; x_wconf 87' lang='lat' dir='ltr'><strong>discebat.</strong></span> 
     </span>
    </p>
   </div>
  </div>
