  <div class='ocr_page' id='page_1' title='image "/cluster/home/n/w/nwhite01/storage/ocr_20150623/56/hvd.32044019304435/045.png"; bbox 0 0 3674 6276; ppageno 0'>
   <div class='ocr_carea' id='block_1_1' title="bbox 412 357 483 414">
    <p class='ocr_par' dir='ltr' id='par_1_1' title="bbox 412 357 483 414">
     <span class='ocr_line' id='line_1_1' title="bbox 412 357 483 414; baseline -0.028 0"><span class='ocrx_word' id='word_1_1' title='bbox 412 357 483 414; x_wconf 61' lang='grc'><strong>6⁸5</strong></span> 
     </span>
    </p>
   </div>
   <div class='ocr_carea' id='block_1_2' title="bbox 421 452 2004 541">
    <p class='ocr_par' dir='ltr' id='par_1_2' title="bbox 421 452 2004 541">
     <span class='ocr_line' id='line_1_2' title="bbox 421 452 2004 541; baseline -0.017 -10"><span class='ocrx_word' id='word_1_2' title='bbox 421 484 630 531; x_wconf 81' lang='lat' dir='ltr'><strong>aetatem</strong></span> <span class='ocrx_word' id='word_1_3' title='bbox 673 470 885 541; x_wconf 86' lang='lat' dir='ltr'><strong>culpet,</strong></span> <span class='ocrx_word' id='word_1_4' title='bbox 929 465 1026 522; x_wconf 87' lang='lat' dir='ltr'><strong>sed</strong></span> <span class='ocrx_word' id='word_1_5' title='bbox 1073 472 1131 519; x_wconf 91' lang='lat' dir='ltr'><strong>ut</strong></span> <span class='ocrx_word' id='word_1_6' title='bbox 1170 464 1381 517; x_wconf 85' lang='lat' dir='ltr'><strong>illorum</strong></span> <span class='ocrx_word' id='word_1_7' title='bbox 1423 457 1778 527; x_wconf 73' lang='lat' dir='ltr'><strong>insipientiam</strong></span> <span class='ocrx_word' id='word_1_8' title='bbox 1831 452 2004 523; x_wconf 77' lang='lat' dir='ltr'><strong>aptius</strong></span> 
     </span>
    </p>
   </div>
   <div class='ocr_carea' id='block_1_3' title="bbox 421 546 2010 629">
    <p class='ocr_par' dir='ltr' id='par_1_3' title="bbox 421 546 2010 629">
     <span class='ocr_line' id='line_1_3' title="bbox 421 546 2010 629; baseline -0.017 -7"><span class='ocrx_word' id='word_1_9' title='bbox 421 565 690 622; x_wconf 87' lang='lat' dir='ltr'><strong>ostendat.</strong></span> <span class='ocrx_word' id='word_1_10' title='bbox 721 560 990 629; x_wconf 82' lang='lat' dir='ltr'><strong>Contingit</strong></span> <span class='ocrx_word' id='word_1_11' title='bbox 1009 557 1150 613; x_wconf 92' lang='lat' dir='ltr'><strong>enim</strong></span> <span class='ocrx_word' id='word_1_12' title='bbox 1185 555 1412 623; x_wconf 81' lang='lat' dir='ltr'><strong>juvenes</strong></span> <span class='ocrx_word' id='word_1_13' title='bbox 1439 564 1561 604; x_wconf 89' lang='lat' dir='ltr'><strong>esse</strong></span> <span class='ocrx_word' id='word_1_14' title='bbox 1587 546 1874 618; x_wconf 76' lang='lat' dir='ltr'><strong>prudentes</strong></span> <span class='ocrx_word' id='word_1_15' title='bbox 1893 584 1908 610; x_wconf 95' lang='lat'><strong>,</strong></span> <span class='ocrx_word' id='word_1_16' title='bbox 1955 551 2010 596; x_wconf 90' lang='lat' dir='ltr'><strong>et</strong></span> 
     </span>
    </p>
   </div>
   <div class='ocr_carea' id='block_1_4' title="bbox 422 635 2010 724">
    <p class='ocr_par' dir='ltr' id='par_1_4' title="bbox 422 635 2010 724">
     <span class='ocr_line' id='line_1_4' title="bbox 422 635 2010 724; baseline -0.014 -13"><span class='ocrx_word' id='word_1_17' title='bbox 422 672 582 713; x_wconf 86' lang='lat' dir='ltr'><strong>senes</strong></span> <span class='ocrx_word' id='word_1_18' title='bbox 623 657 675 710; x_wconf 91' lang='lat' dir='ltr'><strong>in</strong></span> <span class='ocrx_word' id='word_1_19' title='bbox 724 650 1026 724; x_wconf 77' lang='lat' dir='ltr'><strong>insipientia</strong></span> <span class='ocrx_word' id='word_1_20' title='bbox 1075 647 1273 700; x_wconf 82' lang='lat' dir='ltr'><strong>vixisse</strong></span> <span class='ocrx_word' id='word_1_21' title='bbox 1322 661 1335 697; x_wconf 94' lang='lat'>:</span> <span class='ocrx_word' id='word_1_22' title='bbox 1380 655 1565 697; x_wconf 89' lang='lat' dir='ltr'><strong>verum</strong></span> <span class='ocrx_word' id='word_1_23' title='bbox 1595 639 1716 710; x_wconf 86' lang='lat' dir='ltr'><strong>quia</strong></span> <span class='ocrx_word' id='word_1_24' title='bbox 1757 637 1810 693; x_wconf 93' lang='lat' dir='ltr'><strong>id</strong></span> <span class='ocrx_word' id='word_1_25' title='bbox 1837 635 2010 690; x_wconf 89' lang='lat' dir='ltr'><strong>rarius</strong></span> 
     </span>
    </p>
   </div>
   <div class='ocr_carea' id='block_1_5' title="bbox 421 726 2005 808">
    <p class='ocr_par' dir='ltr' id='par_1_5' title="bbox 421 726 2005 808">
     <span class='ocr_line' id='line_1_5' title="bbox 421 726 2005 808; baseline -0.016 -6"><span class='ocrx_word' id='word_1_26' title='bbox 421 749 666 803; x_wconf 80' lang='lat' dir='ltr'><strong>accidere</strong></span> <span class='ocrx_word' id='word_1_27' title='bbox 696 745 854 808; x_wconf 85' lang='lat' dir='ltr'><strong>solet,</strong></span> <span class='ocrx_word' id='word_1_28' title='bbox 901 741 995 797; x_wconf 90' lang='lat' dir='ltr'><strong>sed</strong></span> <span class='ocrx_word' id='word_1_29' title='bbox 1020 736 1345 793; x_wconf 90' lang='lat' dir='ltr'><strong>contrarium</strong></span> <span class='ocrx_word' id='word_1_30' title='bbox 1373 733 1689 802; x_wconf 87' lang='lat' dir='ltr'><strong>plerumque</strong></span> <span class='ocrx_word' id='word_1_31' title='bbox 1713 726 2005 796; x_wconf 82' lang='lat' dir='ltr'><strong>contingit;</strong></span> 
     </span>
    </p>
   </div>
   <div class='ocr_carea' id='block_1_6' title="bbox 422 816 2009 904">
    <p class='ocr_par' dir='ltr' id='par_1_6' title="bbox 422 816 2009 904">
     <span class='ocr_line' id='line_1_6' title="bbox 422 816 2009 904; baseline -0.015 -11"><span class='ocrx_word' id='word_1_32' title='bbox 422 841 544 893; x_wconf 89' lang='lat' dir='ltr'><strong>ideo</strong></span> <span class='ocrx_word' id='word_1_33' title='bbox 588 838 707 892; x_wconf 92' lang='lat' dir='ltr'><strong>illos</strong></span> <span class='ocrx_word' id='word_1_34' title='bbox 736 834 1048 904; x_wconf 91' lang='lat' dir='ltr'><strong>insipientes</strong></span> <span class='ocrx_word' id='word_1_35' title='bbox 1077 825 1386 882; x_wconf 84' lang='lat' dir='ltr'><strong>nominavit.</strong></span> <span class='ocrx_word' id='word_1_36' title='bbox 1419 823 1549 877; x_wconf 87' lang='lat' dir='ltr'><strong>Nam</strong></span> <span class='ocrx_word' id='word_1_37' title='bbox 1599 831 1652 875; x_wconf 91' lang='lat' dir='ltr'><strong>et</strong></span> <span class='ocrx_word' id='word_1_38' title='bbox 1697 816 2009 873; x_wconf 87' lang='lat' dir='ltr'><strong>Timotheus</strong></span> 
     </span>
    </p>
   </div>
   <div class='ocr_carea' id='block_1_7' title="bbox 417 906 2008 1003">
    <p class='ocr_par' dir='ltr' id='par_1_7' title="bbox 417 906 2008 1003">
     <span class='ocr_line' id='line_1_7' title="bbox 417 906 2008 1003; baseline -0.018 -17"><span class='ocrx_word' id='word_1_39' title='bbox 417 932 629 1003; x_wconf 88' lang='lat' dir='ltr'><strong>juvenis</strong></span> <span class='ocrx_word' id='word_1_40' title='bbox 655 937 772 984; x_wconf 89' lang='lat' dir='ltr'><strong>erat</strong></span> <span class='ocrx_word' id='word_1_41' title='bbox 802 946 815 980; x_wconf 92' lang='lat'>:</span> <span class='ocrx_word' id='word_1_42' title='bbox 849 928 893 979; x_wconf 89' lang='lat' dir='ltr'><strong>is</strong></span> <span class='ocrx_word' id='word_1_43' title='bbox 939 935 1111 977; x_wconf 86' lang='lat' dir='ltr'><strong>tamen</strong></span> <span class='ocrx_word' id='word_1_44' title='bbox 1159 917 1452 986; x_wconf 81' lang='lat' dir='ltr'><strong>sapientius</strong></span> <span class='ocrx_word' id='word_1_45' title='bbox 1476 956 1490 975; x_wconf 91' lang='lat'><strong>,</strong></span> <span class='ocrx_word' id='word_1_46' title='bbox 1543 926 1700 982; x_wconf 72' lang='lat' dir='ltr'><strong>QULlﬂ]</strong></span> <span class='ocrx_word' id='word_1_47' title='bbox 1749 906 2008 962; x_wconf 87' lang='lat' dir='ltr'><strong>innumeri</strong></span> 
     </span>
    </p>
   </div>
   <div class='ocr_carea' id='block_1_8' title="bbox 420 1003 2012 1086">
    <p class='ocr_par' dir='ltr' id='par_1_8' title="bbox 420 1003 2012 1086">
     <span class='ocr_line' id='line_1_8' title="bbox 420 1003 2012 1086; baseline -0.019 -6"><span class='ocrx_word' id='word_1_48' title='bbox 420 1037 611 1086; x_wconf 84' lang='lat' dir='ltr'><strong>senes,</strong></span> <span class='ocrx_word' id='word_1_49' title='bbox 653 1017 922 1074; x_wconf 78' lang='lat' dir='ltr'><strong>Ecclesias</strong></span> <span class='ocrx_word' id='word_1_50' title='bbox 972 1009 1392 1070; x_wconf 80' lang='lat' dir='ltr'><strong>administravit;</strong></span> <span class='ocrx_word' id='word_1_51' title='bbox 1441 1013 1496 1060; x_wconf 92' lang='lat' dir='ltr'><strong>et</strong></span> <span class='ocrx_word' id='word_1_52' title='bbox 1538 1003 1792 1058; x_wconf 88' lang='lat' dir='ltr'><strong>Salomon</strong></span> <span class='ocrx_word' id='word_1_53' title='bbox 1842 1012 2012 1052; x_wconf 90' lang='lat' dir='ltr'><strong>annos</strong></span> 
     </span>
    </p>
   </div>
   <div class='ocr_carea' id='block_1_9' title="bbox 423 1091 2014 1174">
    <p class='ocr_par' dir='ltr' id='par_1_9' title="bbox 423 1091 2014 1174">
     <span class='ocr_line' id='line_1_9' title="bbox 423 1091 2014 1174; baseline -0.016 -6"><span class='ocrx_word' id='word_1_54' title='bbox 423 1124 578 1168; x_wconf 91' lang='lat' dir='ltr'><strong>natus</strong></span> <span class='ocrx_word' id='word_1_55' title='bbox 603 1108 882 1166; x_wconf 83' lang='lat' dir='ltr'><strong>duodecim</strong></span> <span class='ocrx_word' id='word_1_56' title='bbox 914 1105 987 1174; x_wconf 92' lang='lat' dir='ltr'><strong>(a)</strong></span> <span class='ocrx_word' id='word_1_57' title='bbox 1007 1146 1024 1170; x_wconf 92' lang='lat'><strong>,</strong></span> <span class='ocrx_word' id='word_1_58' title='bbox 1073 1116 1194 1156; x_wconf 89' lang='lat' dir='ltr'><strong>cum</strong></span> <span class='ocrx_word' id='word_1_59' title='bbox 1229 1100 1340 1154; x_wconf 92' lang='lat' dir='ltr'><strong>Deo</strong></span> <span class='ocrx_word' id='word_1_60' title='bbox 1369 1096 1702 1165; x_wconf 83' lang='lat' dir='ltr'><strong>loquebatur,</strong></span> <span class='ocrx_word' id='word_1_61' title='bbox 1741 1091 2014 1158; x_wconf 83' lang='lat' dir='ltr'><strong>multaque</strong></span> 
     </span>
    </p>
   </div>
   <div class='ocr_carea' id='block_1_10' title="bbox 424 1183 2008 1259">
    <p class='ocr_par' dir='ltr' id='par_1_10' title="bbox 424 1183 2008 1259">
     <span class='ocr_line' id='line_1_10' title="bbox 424 1183 2008 1259; baseline -0.02 0"><span class='ocrx_word' id='word_1_62' title='bbox 424 1213 538 1259; x_wconf 88' lang='lat' dir='ltr'><strong>erat</strong></span> <span class='ocrx_word' id='word_1_63' title='bbox 562 1199 773 1256; x_wconf 89' lang='lat' dir='ltr'><strong>dicendi</strong></span> <span class='ocrx_word' id='word_1_64' title='bbox 800 1196 985 1251; x_wconf 87' lang='lat' dir='ltr'><strong>fiducia</strong></span> <span class='ocrx_word' id='word_1_65' title='bbox 1021 1193 1333 1253; x_wconf 83' lang='lat' dir='ltr'><strong>instructus,</strong></span> <span class='ocrx_word' id='word_1_66' title='bbox 1381 1202 1444 1240; x_wconf 90' lang='lat' dir='ltr'><strong>ac</strong></span> <span class='ocrx_word' id='word_1_67' title='bbox 1475 1199 1564 1240; x_wconf 84' lang='lat' dir='ltr'><strong>rex</strong></span> <span class='ocrx_word' id='word_1_68' title='bbox 1594 1183 1893 1238; x_wconf 79' lang='lat' dir='ltr'><strong>declaratus</strong></span> <span class='ocrx_word' id='word_1_69' title='bbox 1917 1194 2008 1235; x_wconf 69' lang='lat' dir='ltr'><strong>cn.</strong></span> 
     </span>
    </p>
   </div>
   <div class='ocr_carea' id='block_1_11' title="bbox 421 1272 2014 1360">
    <p class='ocr_par' dir='ltr' id='par_1_11' title="bbox 421 1272 2014 1360">
     <span class='ocr_line' id='line_1_11' title="bbox 421 1272 2014 1360; baseline -0.015 -12"><span class='ocrx_word' id='word_1_70' title='bbox 421 1303 745 1360; x_wconf 91' lang='lat' dir='ltr'><strong>ronatusque</strong></span> <span class='ocrx_word' id='word_1_71' title='bbox 791 1297 910 1351; x_wconf 84' lang='lat' dir='ltr'><strong>est,</strong></span> <span class='ocrx_word' id='word_1_72' title='bbox 959 1284 1322 1349; x_wconf 83' lang='lat' dir='ltr'><strong>barbarosque</strong></span> <span class='ocrx_word' id='word_1_73' title='bbox 1370 1277 1553 1332; x_wconf 85' lang='lat' dir='ltr'><strong>habuit</strong></span> <span class='ocrx_word' id='word_1_74' title='bbox 1589 1272 1861 1342; x_wconf 72' lang='lat' dir='ltr'><strong>sapientim</strong></span> <span class='ocrx_word' id='word_1_75' title='bbox 1903 1285 2014 1324; x_wconf 66' lang='lat' dir='ltr'><strong>suae</strong></span> 
     </span>
    </p>
   </div>
   <div class='ocr_carea' id='block_1_12' title="bbox 421 1362 2010 1452">
    <p class='ocr_par' dir='ltr' id='par_1_12' title="bbox 421 1362 2010 1452">
     <span class='ocr_line' id='line_1_12' title="bbox 421 1362 2010 1452; baseline -0.016 -14"><span class='ocrx_word' id='word_1_76' title='bbox 421 1391 791 1452; x_wconf 85' lang='lat' dir='ltr'><strong>spectatores;</strong></span> <span class='ocrx_word' id='word_1_77' title='bbox 842 1390 1015 1444; x_wconf 91' lang='lat' dir='ltr'><strong>neque</strong></span> <span class='ocrx_word' id='word_1_78' title='bbox 1056 1373 1156 1427; x_wconf 91' lang='lat' dir='ltr'><strong>viri</strong></span> <span class='ocrx_word' id='word_1_79' title='bbox 1205 1371 1414 1430; x_wconf 90' lang='lat' dir='ltr'><strong>solmn,</strong></span> <span class='ocrx_word' id='word_1_80' title='bbox 1469 1365 1562 1420; x_wconf 90' lang='lat' dir='ltr'><strong>sed</strong></span> <span class='ocrx_word' id='word_1_81' title='bbox 1593 1374 1645 1418; x_wconf 84' lang='lat' dir='ltr'><strong>et</strong></span> <span class='ocrx_word' id='word_1_82' title='bbox 1671 1362 1921 1418; x_wconf 89' lang='lat' dir='ltr'><strong>mulieres</strong></span> <span class='ocrx_word' id='word_1_83' title='bbox 1947 1375 2010 1414; x_wconf 77' lang='lat' dir='ltr'><strong>ex</strong></span> 
     </span>
    </p>
   </div>
   <div class='ocr_carea' id='block_1_13' title="bbox 426 1451 2013 1544">
    <p class='ocr_par' dir='ltr' id='par_1_13' title="bbox 426 1451 2013 1544">
     <span class='ocr_line' id='line_1_13' title="bbox 426 1451 2013 1544; baseline -0.017 -15"><span class='ocrx_word' id='word_1_84' title='bbox 426 1473 727 1544; x_wconf 80' lang='lat' dir='ltr'><strong>longinquis</strong></span> <span class='ocrx_word' id='word_1_85' title='bbox 752 1466 1061 1537; x_wconf 84' lang='lat' dir='ltr'><strong>regionibus</strong></span> <span class='ocrx_word' id='word_1_86' title='bbox 1088 1463 1381 1522; x_wconf 80' lang='lat' dir='ltr'><strong>venientes,</strong></span> <span class='ocrx_word' id='word_1_87' title='bbox 1419 1457 1556 1510; x_wconf 89' lang='lat' dir='ltr'><strong>hanc</strong></span> <span class='ocrx_word' id='word_1_88' title='bbox 1582 1455 1749 1508; x_wconf 90' lang='lat' dir='ltr'><strong>solam</strong></span> <span class='ocrx_word' id='word_1_89' title='bbox 1778 1451 2013 1520; x_wconf 76' lang='lat' dir='ltr'><strong>peregri-</strong></span> 
     </span>
    </p>
   </div>
   <div class='ocr_carea' id='block_1_14' title="bbox 426 1543 2015 1619">
    <p class='ocr_par' dir='ltr' id='par_1_14' title="bbox 426 1543 2015 1619">
     <span class='ocr_line' id='line_1_14' title="bbox 426 1543 2015 1619; baseline -0.017 0"><span class='ocrx_word' id='word_1_90' title='bbox 426 1543 654 1619; x_wconf 84' lang='lat' dir='ltr'><strong>nationis</strong></span> <span class='ocrx_word' id='word_1_91' title='bbox 692 1573 907 1614; x_wconf 87' lang='lat' dir='ltr'><strong>causam</strong></span> <span class='ocrx_word' id='word_1_92' title='bbox 962 1552 1250 1611; x_wconf 85' lang='lat' dir='ltr'><strong>habebant.</strong></span> <span class='ocrx_word' id='word_1_93' title='bbox 1302 1561 1496 1615; x_wconf 89' lang='lat' dir='ltr'><strong>nempe</strong></span> <span class='ocrx_word' id='word_1_94' title='bbox 1536 1553 1597 1598; x_wconf 91' lang='lat' dir='ltr'><strong>ut</strong></span> <span class='ocrx_word' id='word_1_95' title='bbox 1635 1559 1701 1598; x_wconf 86' lang='lat' dir='ltr'><strong>ex</strong></span> <span class='ocrx_word' id='word_1_96' title='bbox 1731 1543 1847 1610; x_wconf 81' lang='lat' dir='ltr'><strong>ejus</strong></span> <span class='ocrx_word' id='word_1_97' title='bbox 1885 1553 2015 1594; x_wconf 86' lang='lat' dir='ltr'><strong>voce</strong></span> 
     </span>
    </p>
   </div>
   <div class='ocr_carea' id='block_1_15' title="bbox 425 1629 2012 1728">
    <p class='ocr_par' dir='ltr' id='par_1_15' title="bbox 425 1629 2012 1728">
     <span class='ocr_line' id='line_1_15' title="bbox 425 1629 2012 1728; baseline -0.018 -18"><span class='ocrx_word' id='word_1_98' title='bbox 425 1656 694 1728; x_wconf 88' lang='lat' dir='ltr'><strong>quidpiam</strong></span> <span class='ocrx_word' id='word_1_99' title='bbox 723 1650 1026 1707; x_wconf 90' lang='lat' dir='ltr'><strong>ediscerent</strong></span> <span class='ocrx_word' id='word_1_100' title='bbox 1051 1652 1106 1698; x_wconf 90' lang='lat' dir='ltr'><strong>et</strong></span> <span class='ocrx_word' id='word_1_101' title='bbox 1129 1641 1372 1704; x_wconf 71' lang='lat' dir='ltr'><strong>audirent</strong></span> <span class='ocrx_word' id='word_1_102' title='bbox 1399 1655 1414 1692; x_wconf 92' lang='lat'>:</span> <span class='ocrx_word' id='word_1_103' title='bbox 1445 1636 1539 1692; x_wconf 88' lang='lat' dir='ltr'><strong>sed</strong></span> <span class='ocrx_word' id='word_1_104' title='bbox 1587 1642 1646 1687; x_wconf 93' lang='lat' dir='ltr'><strong>ut</strong></span> <span class='ocrx_word' id='word_1_105' title='bbox 1691 1631 1755 1686; x_wconf 91' lang='lat' dir='ltr'><strong>ad</strong></span> <span class='ocrx_word' id='word_1_106' title='bbox 1803 1629 2012 1685; x_wconf 90' lang='lat' dir='ltr'><strong>senium</strong></span> 
     </span>
    </p>
   </div>
   <div class='ocr_carea' id='block_1_16' title="bbox 428 1722 2016 1814">
    <p class='ocr_par' dir='ltr' id='par_1_16' title="bbox 428 1722 2016 1814">
     <span class='ocr_line' id='line_1_16' title="bbox 428 1722 2016 1814; baseline -0.017 -17"><span class='ocrx_word' id='word_1_107' title='bbox 428 1722 704 1814; x_wconf 76' lang='lat' dir='ltr'><strong>pervenit,</strong></span> <span class='ocrx_word' id='word_1_108' title='bbox 749 1739 974 1795; x_wconf 89' lang='lat' dir='ltr'><strong>multum</strong></span> <span class='ocrx_word' id='word_1_109' title='bbox 1024 1734 1093 1790; x_wconf 91' lang='lat' dir='ltr'><strong>de</strong></span> <span class='ocrx_word' id='word_1_110' title='bbox 1138 1733 1334 1786; x_wconf 91' lang='lat' dir='ltr'><strong>virtute</strong></span> <span class='ocrx_word' id='word_1_111' title='bbox 1367 1726 1620 1782; x_wconf 78' lang='lat' dir='ltr'><strong>detraxit.</strong></span> <span class='ocrx_word' id='word_1_112' title='bbox 1673 1722 1844 1791; x_wconf 84' lang='lat' dir='ltr'><strong>Hujus</strong></span> <span class='ocrx_word' id='word_1_113' title='bbox 1889 1735 2016 1774; x_wconf 83' lang='lat' dir='ltr'><strong>vero</strong></span> 
     </span>
    </p>
   </div>
   <div class='ocr_carea' id='block_1_17' title="bbox 426 1820 2014 1909">
    <p class='ocr_par' dir='ltr' id='par_1_17' title="bbox 426 1820 2014 1909">
     <span class='ocr_line' id='line_1_17' title="bbox 426 1820 2014 1909; baseline -0.021 -15"><span class='ocrx_word' id='word_1_114' title='bbox 426 1848 578 1909; x_wconf 84' lang='lat' dir='ltr'><strong>pater</strong></span> <span class='ocrx_word' id='word_1_115' title='bbox 620 1835 805 1889; x_wconf 88' lang='lat' dir='ltr'><strong>beatus</strong></span> <span class='ocrx_word' id='word_1_116' title='bbox 844 1826 1010 1884; x_wconf 86' lang='lat' dir='ltr'><strong>David</strong></span> <span class='ocrx_word' id='word_1_117' title='bbox 1058 1838 1222 1895; x_wconf 83' lang='lat' dir='ltr'><strong>grave</strong></span> <span class='ocrx_word' id='word_1_118' title='bbox 1262 1820 1391 1874; x_wconf 89' lang='lat' dir='ltr'><strong>illttd</strong></span> <span class='ocrx_word' id='word_1_119' title='bbox 1437 1825 1709 1886; x_wconf 88' lang='lat' dir='ltr'><strong>peceatum</strong></span> <span class='ocrx_word' id='word_1_120' title='bbox 1746 1827 1854 1866; x_wconf 90' lang='lat' dir='ltr'><strong>non</strong></span> <span class='ocrx_word' id='word_1_121' title='bbox 1891 1823 2014 1864; x_wconf 92' lang='lat' dir='ltr'><strong>cum</strong></span> 
     </span>
    </p>
   </div>
   <div class='ocr_carea' id='block_1_18' title="bbox 424 1911 2016 2000">
    <p class='ocr_par' dir='ltr' id='par_1_18' title="bbox 424 1911 2016 2000">
     <span class='ocr_line' id='line_1_18' title="bbox 424 1911 2016 2000; baseline -0.019 -15"><span class='ocrx_word' id='word_1_122' title='bbox 424 1929 634 2000; x_wconf 83' lang='lat' dir='ltr'><strong>juvenis</strong></span> <span class='ocrx_word' id='word_1_123' title='bbox 659 1935 714 1982; x_wconf 90' lang='lat' dir='ltr'><strong>et</strong></span> <span class='ocrx_word' id='word_1_124' title='bbox 742 1937 873 1993; x_wconf 87' lang='lat' dir='ltr'><strong>puer</strong></span> <span class='ocrx_word' id='word_1_125' title='bbox 900 1928 1078 1984; x_wconf 83' lang='lat' dir='ltr'><strong>esset,</strong></span> <span class='ocrx_word' id='word_1_126' title='bbox 1101 1915 1194 1971; x_wconf 90' lang='lat' dir='ltr'><strong>sed</strong></span> <span class='ocrx_word' id='word_1_127' title='bbox 1235 1927 1358 1968; x_wconf 91' lang='lat' dir='ltr'><strong>cum</strong></span> <span class='ocrx_word' id='word_1_128' title='bbox 1389 1911 1533 1966; x_wconf 84' lang='lat' dir='ltr'><strong>illam</strong></span> <span class='ocrx_word' id='word_1_129' title='bbox 1557 1916 1771 1962; x_wconf 73' lang='lat' dir='ltr'><strong>aitatetn</strong></span> <span class='ocrx_word' id='word_1_130' title='bbox 1793 1911 2016 1974; x_wconf 85' lang='lat' dir='ltr'><strong>praeter-</strong></span> 
     </span>
    </p>
   </div>
   <div class='ocr_carea' id='block_1_19' title="bbox 426 1995 2018 2096">
    <p class='ocr_par' dir='ltr' id='par_1_19' title="bbox 426 1995 2018 2096">
     <span class='ocr_line' id='line_1_19' title="bbox 426 1995 2018 2096; baseline -0.021 -16"><span class='ocrx_word' id='word_1_131' title='bbox 426 2036 642 2096; x_wconf 78' lang='lat' dir='ltr'><strong>gressus</strong></span> <span class='ocrx_word' id='word_1_132' title='bbox 691 2024 859 2074; x_wconf 80' lang='lat' dir='ltr'><strong>esset.</strong></span> <span class='ocrx_word' id='word_1_133' title='bbox 889 2021 1012 2067; x_wconf 87' lang='lat' dir='ltr'><strong>tunc</strong></span> <span class='ocrx_word' id='word_1_134' title='bbox 1055 2005 1310 2080; x_wconf 88' lang='lat' dir='ltr'><strong>peccavit.</strong></span> <span class='ocrx_word' id='word_1_135' title='bbox 1369 2003 1504 2058; x_wconf 85' lang='lat' dir='ltr'><strong>Cum</strong></span> <span class='ocrx_word' id='word_1_136' title='bbox 1548 2008 1726 2053; x_wconf 88' lang='lat' dir='ltr'><strong>autent</strong></span> <span class='ocrx_word' id='word_1_137' title='bbox 1766 1995 2018 2066; x_wconf 88' lang='lat' dir='ltr'><strong>puerulus</strong></span> 
     </span>
    </p>
   </div>
   <div class='ocr_carea' id='block_1_20' title="bbox 428 2087 2014 2180">
    <p class='ocr_par' dir='ltr' id='par_1_20' title="bbox 428 2087 2014 2180">
     <span class='ocr_line' id='line_1_20' title="bbox 428 2087 2014 2180; baseline -0.021 -10"><span class='ocrx_word' id='word_1_138' title='bbox 428 2123 606 2180; x_wconf 89' lang='lat' dir='ltr'><strong>esset,</strong></span> <span class='ocrx_word' id='word_1_139' title='bbox 631 2107 874 2164; x_wconf 85' lang='lat' dir='ltr'><strong>mirabile</strong></span> <span class='ocrx_word' id='word_1_140' title='bbox 902 2112 1159 2173; x_wconf 72' lang='lat' dir='ltr'><strong>tropaeum</strong></span> <span class='ocrx_word' id='word_1_141' title='bbox 1185 2097 1378 2159; x_wconf 78' lang='lat' dir='ltr'><strong>erexit,</strong></span> <span class='ocrx_word' id='word_1_142' title='bbox 1406 2094 1686 2150; x_wconf 78' lang='lat' dir='ltr'><strong>barbarum</strong></span> <span class='ocrx_word' id='word_1_143' title='bbox 1711 2087 2014 2158; x_wconf 80' lang='lat' dir='ltr'><strong>prostravit,</strong></span> 
     </span>
    </p>
   </div>
   <div class='ocr_carea' id='block_1_21' title="bbox 429 2179 2017 2273">
    <p class='ocr_par' dir='ltr' id='par_1_21' title="bbox 429 2179 2017 2273">
     <span class='ocr_line' id='line_1_21' title="bbox 429 2179 2017 2273; baseline -0.02 -11"><span class='ocrx_word' id='word_1_144' title='bbox 429 2179 749 2273; x_wconf 88' lang='lat' dir='ltr'><strong>omnemque</strong></span> <span class='ocrx_word' id='word_1_145' title='bbox 792 2197 1034 2255; x_wconf 78' lang='lat' dir='ltr'><strong>exhibuit</strong></span> <span class='ocrx_word' id='word_1_146' title='bbox 1068 2188 1504 2264; x_wconf 88' lang='lat' dir='ltr'><strong>philosophiam,</strong></span> <span class='ocrx_word' id='word_1_147' title='bbox 1563 2197 1735 2253; x_wconf 89' lang='lat' dir='ltr'><strong>neque</strong></span> <span class='ocrx_word' id='word_1_148' title='bbox 1789 2179 2017 2250; x_wconf 90' lang='lat' dir='ltr'><strong>impedi-</strong></span> 
     </span>
    </p>
   </div>
   <div class='ocr_carea' id='block_1_22' title="bbox 431 2273 2018 2364">
    <p class='ocr_par' dir='ltr' id='par_1_22' title="bbox 431 2273 2018 2364">
     <span class='ocr_line' id='line_1_22' title="bbox 431 2273 2018 2364; baseline -0.019 -12"><span class='ocrx_word' id='word_1_149' title='bbox 431 2307 612 2353; x_wconf 90' lang='lat' dir='ltr'><strong>mento</strong></span> <span class='ocrx_word' id='word_1_150' title='bbox 657 2293 910 2364; x_wconf 86' lang='lat' dir='ltr'><strong>juventus</strong></span> <span class='ocrx_word' id='word_1_151' title='bbox 959 2287 1077 2352; x_wconf 90' lang='lat' dir='ltr'><strong>fuit,</strong></span> <span class='ocrx_word' id='word_1_152' title='bbox 1133 2281 1417 2352; x_wconf 91' lang='lat' dir='ltr'><strong>quominus</strong></span> <span class='ocrx_word' id='word_1_153' title='bbox 1441 2278 1557 2332; x_wconf 65' lang='lat' dir='ltr'><strong>haec</strong></span> <span class='ocrx_word' id='word_1_154' title='bbox 1582 2273 1837 2345; x_wconf 75' lang='lat' dir='ltr'><strong>praeclara</strong></span> <span class='ocrx_word' id='word_1_155' title='bbox 1869 2280 2018 2340; x_wconf 83' lang='lat' dir='ltr'><strong>gesta</strong></span> 
     </span>
    </p>
   </div>
   <div class='ocr_carea' id='block_1_23' title="bbox 429 2361 2018 2449">
    <p class='ocr_par' dir='ltr' id='par_1_23' title="bbox 429 2361 2018 2449">
     <span class='ocr_line' id='line_1_23' title="bbox 429 2361 2018 2449; baseline -0.02 -4"><span class='ocrx_word' id='word_1_156' title='bbox 429 2389 632 2445; x_wconf 82' lang='lat' dir='ltr'><strong>ederet.</strong></span> <span class='ocrx_word' id='word_1_157' title='bbox 659 2361 962 2440; x_wconf 36' lang='lat' dir='ltr'><strong>&#39;Jeremiam</strong></span> <span class='ocrx_word' id='word_1_158' title='bbox 991 2389 1204 2449; x_wconf 89' lang='lat' dir='ltr'><strong>quoque</strong></span> <span class='ocrx_word' id='word_1_159' title='bbox 1229 2372 1317 2443; x_wconf 90' lang='lat' dir='ltr'><strong>qui</strong></span> <span class='ocrx_word' id='word_1_160' title='bbox 1357 2369 1527 2424; x_wconf 71' lang='lat' dir='ltr'><strong>mtatis</strong></span> <span class='ocrx_word' id='word_1_161' title='bbox 1552 2367 1758 2422; x_wconf 91' lang='lat' dir='ltr'><strong>obicem</strong></span> <span class='ocrx_word' id='word_1_162' title='bbox 1797 2361 2018 2432; x_wconf 91' lang='lat' dir='ltr'><strong>objicie-</strong></span> 
     </span>
    </p>
   </div>
   <div class='ocr_carea' id='block_1_24' title="bbox 431 2453 2017 2540">
    <p class='ocr_par' dir='ltr' id='par_1_24' title="bbox 431 2453 2017 2540">
     <span class='ocr_line' id='line_1_24' title="bbox 431 2453 2017 2540; baseline -0.02 -1"><span class='ocrx_word' id='word_1_163' title='bbox 431 2484 526 2539; x_wconf 88' lang='lat' dir='ltr'><strong>bat</strong></span> <span class='ocrx_word' id='word_1_164' title='bbox 571 2489 630 2536; x_wconf 91' lang='lat' dir='ltr'><strong>ut</strong></span> <span class='ocrx_word' id='word_1_165' title='bbox 675 2483 971 2540; x_wconf 82' lang='lat' dir='ltr'><strong>recusaret,</strong></span> <span class='ocrx_word' id='word_1_166' title='bbox 1022 2486 1128 2526; x_wconf 92' lang='lat' dir='ltr'><strong>non</strong></span> <span class='ocrx_word' id='word_1_167' title='bbox 1163 2464 1379 2522; x_wconf 87' lang='lat' dir='ltr'><strong>admisit</strong></span> <span class='ocrx_word' id='word_1_168' title='bbox 1418 2463 1579 2528; x_wconf 89' lang='lat' dir='ltr'><strong>Deus,</strong></span> <span class='ocrx_word' id='word_1_169' title='bbox 1626 2459 1720 2515; x_wconf 92' lang='lat' dir='ltr'><strong>sed</strong></span> <span class='ocrx_word' id='word_1_170' title='bbox 1745 2455 1930 2512; x_wconf 80' lang='lat' dir='ltr'><strong>eduxit</strong></span> <span class='ocrx_word' id='word_1_171' title='bbox 1952 2453 2017 2508; x_wconf 91' lang='lat' dir='ltr'><strong>ad</strong></span> 
     </span>
    </p>
   </div>
   <div class='ocr_carea' id='block_1_25' title="bbox 432 2547 2017 2646">
    <p class='ocr_par' dir='ltr' id='par_1_25' title="bbox 432 2547 2017 2646">
     <span class='ocr_line' id='line_1_25' title="bbox 432 2547 2017 2646; baseline -0.02 -16"><span class='ocrx_word' id='word_1_172' title='bbox 432 2574 685 2646; x_wconf 89' lang='lat' dir='ltr'><strong>populum</strong></span> <span class='ocrx_word' id='word_1_173' title='bbox 713 2567 1018 2630; x_wconf 84' lang='lat' dir='ltr'><strong>Judaieum,</strong></span> <span class='ocrx_word' id='word_1_174' title='bbox 1039 2563 1211 2632; x_wconf 91' lang='lat' dir='ltr'><strong>ipsum</strong></span> <span class='ocrx_word' id='word_1_175' title='bbox 1237 2557 1367 2613; x_wconf 92' lang='lat' dir='ltr'><strong>nihil</strong></span> <span class='ocrx_word' id='word_1_176' title='bbox 1389 2554 1512 2610; x_wconf 90' lang='lat' dir='ltr'><strong>inde</strong></span> <span class='ocrx_word' id='word_1_177' title='bbox 1542 2549 1784 2621; x_wconf 89' lang='lat' dir='ltr'><strong>impediri</strong></span> <span class='ocrx_word' id='word_1_178' title='bbox 1812 2547 2017 2611; x_wconf 90' lang='lat' dir='ltr'><strong>dicens,</strong></span> 
     </span>
    </p>
   </div>
   <div class='ocr_carea' id='block_1_26' title="bbox 431 2638 2019 2728">
    <p class='ocr_par' dir='ltr' id='par_1_26' title="bbox 431 2638 2019 2728">
     <span class='ocr_line' id='line_1_26' title="bbox 431 2638 2019 2728; baseline -0.022 -4"><span class='ocrx_word' id='word_1_179' title='bbox 431 2669 476 2724; x_wconf 85' lang='lat' dir='ltr'><strong>si</strong></span> <span class='ocrx_word' id='word_1_180' title='bbox 504 2673 684 2722; x_wconf 84' lang='lat' dir='ltr'><strong>mente</strong></span> <span class='ocrx_word' id='word_1_181' title='bbox 713 2661 864 2716; x_wconf 87' lang='lat' dir='ltr'><strong>firma</strong></span> <span class='ocrx_word' id='word_1_182' title='bbox 893 2655 1147 2728; x_wconf 68' lang='lat' dir='ltr'><strong>prmditus</strong></span> <span class='ocrx_word' id='word_1_183' title='bbox 1170 2659 1332 2707; x_wconf 87' lang='lat' dir='ltr'><strong>esset.</strong></span> <span class='ocrx_word' id='word_1_184' title='bbox 1387 2647 1517 2713; x_wconf 90' lang='lat' dir='ltr'><strong>llac,</strong></span> <span class='ocrx_word' id='word_1_185' title='bbox 1565 2645 1672 2697; x_wconf 92' lang='lat' dir='ltr'><strong>imo</strong></span> <span class='ocrx_word' id='word_1_186' title='bbox 1717 2639 1887 2695; x_wconf 91' lang='lat' dir='ltr'><strong>multo</strong></span> <span class='ocrx_word' id='word_1_187' title='bbox 1918 2638 2019 2690; x_wconf 88' lang='grc' dir='ltr'>ιιιί-</span> 
     </span>
    </p>
   </div>
   <div class='ocr_carea' id='block_1_27' title="bbox 435 2727 2020 2818">
    <p class='ocr_par' dir='ltr' id='par_1_27' title="bbox 435 2727 2020 2818">
     <span class='ocr_line' id='line_1_27' title="bbox 435 2727 2020 2818; baseline -0.021 -4"><span class='ocrx_word' id='word_1_188' title='bbox 435 2771 566 2814; x_wconf 91' lang='lat' dir='ltr'><strong>nore</strong></span> <span class='ocrx_word' id='word_1_189' title='bbox 591 2761 770 2818; x_wconf 76' lang='lat' dir='ltr'><strong>attate,</strong></span> <span class='ocrx_word' id='word_1_190' title='bbox 797 2727 954 2805; x_wconf 87' lang='lat' dir='ltr'><strong>senes</strong></span> <span class='ocrx_word' id='word_1_191' title='bbox 980 2743 1166 2801; x_wconf 86' lang='lat' dir='ltr'><strong>Daniel</strong></span> <span class='ocrx_word' id='word_1_192' title='bbox 1191 2738 1470 2812; x_wconf 86' lang='lat' dir='ltr'><strong>judicavit.</strong></span> <span class='ocrx_word' id='word_1_193' title='bbox 1519 2737 1584 2790; x_wconf 86' lang='lat' dir='ltr'><strong>Et</strong></span> <span class='ocrx_word' id='word_1_194' title='bbox 1611 2732 1787 2789; x_wconf 83' lang='lat' dir='ltr'><strong>Jesias</strong></span> <span class='ocrx_word' id='word_1_195' title='bbox 1824 2746 1893 2785; x_wconf 92' lang='lat' dir='ltr'><strong>ne</strong></span> <span class='ocrx_word' id='word_1_196' title='bbox 1921 2727 2020 2782; x_wconf 88' lang='lat' dir='ltr'><strong>de-</strong></span> 
     </span>
    </p>
   </div>
   <div class='ocr_carea' id='block_1_28' title="bbox 433 2818 2021 2917">
    <p class='ocr_par' dir='ltr' id='par_1_28' title="bbox 433 2818 2021 2917">
     <span class='ocr_line' id='line_1_28' title="bbox 433 2818 2021 2917; baseline -0.021 -13"><span class='ocrx_word' id='word_1_197' title='bbox 433 2863 550 2906; x_wconf 90' lang='lat' dir='ltr'><strong>cem</strong></span> <span class='ocrx_word' id='word_1_198' title='bbox 581 2843 794 2917; x_wconf 88' lang='lat' dir='ltr'><strong>quidem</strong></span> <span class='ocrx_word' id='word_1_199' title='bbox 839 2853 1008 2894; x_wconf 84' lang='lat' dir='ltr'><strong>annos</strong></span> <span class='ocrx_word' id='word_1_200' title='bbox 1058 2844 1238 2896; x_wconf 91' lang='lat' dir='ltr'><strong>natus,</strong></span> <span class='ocrx_word' id='word_1_201' title='bbox 1274 2833 1324 2885; x_wconf 88' lang='lat' dir='ltr'><strong>iit</strong></span> <span class='ocrx_word' id='word_1_202' title='bbox 1351 2829 1543 2885; x_wconf 85' lang='lat' dir='ltr'><strong>solium</strong></span> <span class='ocrx_word' id='word_1_203' title='bbox 1575 2824 1721 2895; x_wconf 80' lang='lat' dir='ltr'><strong>regni</strong></span> <span class='ocrx_word' id='word_1_204' title='bbox 1748 2818 2021 2882; x_wconf 88' lang='lat' dir='ltr'><strong>ascendit,</strong></span> 
     </span>
    </p>
   </div>
   <div class='ocr_carea' id='block_1_29' title="bbox 436 2911 2026 3008">
    <p class='ocr_par' dir='ltr' id='par_1_29' title="bbox 436 2911 2026 3008">
     <span class='ocr_line' id='line_1_29' title="bbox 436 2911 2026 3008; baseline -0.019 -13"><span class='ocrx_word' id='word_1_205' title='bbox 436 2911 666 3008; x_wconf 76' lang='lat' dir='ltr'><strong>tuncque</strong></span> <span class='ocrx_word' id='word_1_206' title='bbox 692 2931 952 2995; x_wconf 83' lang='lat' dir='ltr'><strong>ﬂorebat;</strong></span> <span class='ocrx_word' id='word_1_207' title='bbox 1005 2925 1100 2982; x_wconf 88' lang='lat' dir='ltr'><strong>sed</strong></span> <span class='ocrx_word' id='word_1_208' title='bbox 1147 2932 1328 2994; x_wconf 87' lang='lat' dir='ltr'><strong>postea</strong></span> <span class='ocrx_word' id='word_1_209' title='bbox 1361 2918 1624 2974; x_wconf 87' lang='lat' dir='ltr'><strong>tantillum</strong></span> <span class='ocrx_word' id='word_1_210' title='bbox 1672 2915 1921 2982; x_wconf 90' lang='lat' dir='ltr'><strong>delapsus</strong></span> <span class='ocrx_word' id='word_1_211' title='bbox 1973 2911 2026 2966; x_wconf 91' lang='lat' dir='ltr'><strong>in</strong></span> 
     </span>
    </p>
   </div>
   <div class='ocr_carea' id='block_1_30' title="bbox 435 2999 2023 3103">
    <p class='ocr_par' dir='ltr' id='par_1_30' title="bbox 435 2999 2023 3103">
     <span class='ocr_line' id='line_1_30' title="bbox 435 2999 2023 3103; baseline -0.021 -15"><span class='ocrx_word' id='word_1_212' title='bbox 435 2999 725 3103; x_wconf 68' lang='lat' dir='ltr'><strong>ignaviain,</strong></span> <span class='ocrx_word' id='word_1_213' title='bbox 761 3024 1013 3079; x_wconf 90' lang='lat' dir='ltr'><strong>virtutem</strong></span> <span class='ocrx_word' id='word_1_214' title='bbox 1041 3016 1202 3073; x_wconf 87' lang='lat' dir='ltr'><strong>animi</strong></span> <span class='ocrx_word' id='word_1_215' title='bbox 1235 3010 1592 3069; x_wconf 81' lang='lat' dir='ltr'><strong>labefactavit.</strong></span> <span class='ocrx_word' id='word_1_216' title='bbox 1621 3005 1758 3075; x_wconf 87' lang='lat' dir='ltr'><strong>Quid</strong></span> <span class='ocrx_word' id='word_1_217' title='bbox 1782 3017 1910 3059; x_wconf 86' lang='lat' dir='ltr'><strong>vero</strong></span> <span class='ocrx_word' id='word_1_218' title='bbox 1930 2999 2023 3057; x_wconf 76' lang='lat' dir='ltr'><strong>lo-</strong></span> 
     </span>
    </p>
   </div>
   <div class='ocr_carea' id='block_1_31' title="bbox 436 3098 2026 3194">
    <p class='ocr_par' dir='ltr' id='par_1_31' title="bbox 436 3098 2026 3194">
     <span class='ocr_line' id='line_1_31' title="bbox 436 3098 2026 3194; baseline -0.021 -14"><span class='ocrx_word' id='word_1_219' title='bbox 436 3098 608 3194; x_wconf 71' lang='lat' dir='ltr'><strong>sepli‘l</strong></span> <span class='ocrx_word' id='word_1_220' title='bbox 657 3120 853 3176; x_wconf 85' lang='lat' dir='ltr'><strong>Annon</strong></span> <span class='ocrx_word' id='word_1_221' title='bbox 893 3111 1125 3185; x_wconf 88' lang='lat' dir='ltr'><strong>juvenis,</strong></span> <span class='ocrx_word' id='word_1_222' title='bbox 1176 3117 1231 3164; x_wconf 91' lang='lat' dir='ltr'><strong>et</strong></span> <span class='ocrx_word' id='word_1_223' title='bbox 1254 3103 1540 3161; x_wconf 87' lang='lat' dir='ltr'><strong>admodum</strong></span> <span class='ocrx_word' id='word_1_224' title='bbox 1565 3098 1816 3172; x_wconf 84' lang='lat' dir='ltr'><strong>juvenis,</strong></span> <span class='ocrx_word' id='word_1_225' title='bbox 1863 3108 2026 3167; x_wconf 77' lang='lat' dir='ltr'><strong>grave</strong></span> 
     </span>
    </p>
   </div>
   <div class='ocr_carea' id='block_1_32' title="bbox 437 3184 2026 3276">
    <p class='ocr_par' dir='ltr' id='par_1_32' title="bbox 437 3184 2026 3276">
     <span class='ocr_line' id='line_1_32' title="bbox 437 3184 2026 3276; baseline -0.023 -3"><span class='ocrx_word' id='word_1_226' title='bbox 437 3184 564 3274; x_wconf 77' lang='lat' dir='ltr'><strong>illud</strong></span> <span class='ocrx_word' id='word_1_227' title='bbox 593 3214 790 3268; x_wconf 90' lang='lat' dir='ltr'><strong>bellum</strong></span> <span class='ocrx_word' id='word_1_228' title='bbox 817 3184 1070 3276; x_wconf 82' lang='lat' dir='ltr'><strong>suscepit,</strong></span> <span class='ocrx_word' id='word_1_229' title='bbox 1094 3217 1198 3258; x_wconf 92' lang='lat' dir='ltr'><strong>non</strong></span> <span class='ocrx_word' id='word_1_230' title='bbox 1223 3199 1481 3255; x_wconf 91' lang='lat' dir='ltr'><strong>adversus</strong></span> <span class='ocrx_word' id='word_1_231' title='bbox 1510 3191 1776 3257; x_wconf 88' lang='lat' dir='ltr'><strong>homines,</strong></span> <span class='ocrx_word' id='word_1_232' title='bbox 1807 3187 1901 3244; x_wconf 91' lang='lat' dir='ltr'><strong>sed</strong></span> <span class='ocrx_word' id='word_1_233' title='bbox 1926 3184 2026 3239; x_wconf 58' lang='lat' dir='ltr'><strong>ad-</strong></span> 
     </span>
    </p>
   </div>
   <div class='ocr_carea' id='block_1_33' title="bbox 437 3288 2028 3377">
    <p class='ocr_par' dir='ltr' id='par_1_33' title="bbox 437 3288 2028 3377">
     <span class='ocr_line' id='line_1_33' title="bbox 437 3288 2028 3377; baseline -0.019 -13"><span class='ocrx_word' id='word_1_234' title='bbox 437 3324 623 3366; x_wconf 88' lang='lat' dir='ltr'><strong>versus</strong></span> <span class='ocrx_word' id='word_1_235' title='bbox 665 3307 832 3377; x_wconf 87' lang='lat' dir='ltr'><strong>ipsam</strong></span> <span class='ocrx_word' id='word_1_236' title='bbox 877 3309 1082 3356; x_wconf 78' lang='lat' dir='ltr'><strong>natura:</strong></span> <span class='ocrx_word' id='word_1_237' title='bbox 1127 3291 1457 3366; x_wconf 85' lang='lat' dir='ltr'><strong>tyrannidem</strong></span> <span class='ocrx_word' id='word_1_238' title='bbox 1498 3288 1819 3348; x_wconf 90' lang='lat' dir='ltr'><strong>decertans,</strong></span> <span class='ocrx_word' id='word_1_239' title='bbox 1865 3289 1921 3336; x_wconf 92' lang='lat' dir='ltr'><strong>et</strong></span> <span class='ocrx_word' id='word_1_240' title='bbox 1961 3294 2028 3333; x_wconf 77' lang='lat' dir='ltr'><strong>ex</strong></span> 
     </span>
    </p>
   </div>
   <div class='ocr_carea' id='block_1_34' title="bbox 439 3372 2030 3459">
    <p class='ocr_par' dir='ltr' id='par_1_34' title="bbox 439 3372 2030 3459">
     <span class='ocr_line' id='line_1_34' title="bbox 439 3372 2030 3459; baseline -0.022 0"><span class='ocrx_word' id='word_1_241' title='bbox 439 3401 612 3459; x_wconf 90' lang='lat' dir='ltr'><strong>media</strong></span> <span class='ocrx_word' id='word_1_242' title='bbox 657 3372 871 3453; x_wconf 81' lang='lat' dir='ltr'><strong>fornace</strong></span> <span class='ocrx_word' id='word_1_243' title='bbox 919 3392 1240 3458; x_wconf 86' lang='lat' dir='ltr'><strong>flammaque</strong></span> <span class='ocrx_word' id='word_1_244' title='bbox 1287 3383 1493 3446; x_wconf 89' lang='lat' dir='ltr'><strong>multo,</strong></span> <span class='ocrx_word' id='word_1_245' title='bbox 1550 3393 1708 3450; x_wconf 89' lang='lat' dir='ltr'><strong>quam</strong></span> <span class='ocrx_word' id='word_1_246' title='bbox 1760 3375 1848 3430; x_wconf 90' lang='lat' dir='ltr'><strong>illa</strong></span> <span class='ocrx_word' id='word_1_247' title='bbox 1902 3372 2030 3427; x_wconf 85' lang='lat' dir='ltr'><strong>Pcr-</strong></span> 
     </span>
    </p>
   </div>
   <div class='ocr_carea' id='block_1_35' title="bbox 438 3469 2029 3564">
    <p class='ocr_par' dir='ltr' id='par_1_35' title="bbox 438 3469 2029 3564">
     <span class='ocr_line' id='line_1_35' title="bbox 438 3469 2029 3564; baseline -0.023 -13"><span class='ocrx_word' id='word_1_248' title='bbox 438 3497 548 3551; x_wconf 86' lang='lat' dir='ltr'><strong>sica</strong></span> <span class='ocrx_word' id='word_1_249' title='bbox 579 3493 676 3564; x_wconf 73' lang='lat' dir='ltr'><strong>(lt),</strong></span> <span class='ocrx_word' id='word_1_250' title='bbox 704 3487 973 3560; x_wconf 81' lang='lat' dir='ltr'><strong>graviore,</strong></span> <span class='ocrx_word' id='word_1_251' title='bbox 1017 3482 1213 3536; x_wconf 68' lang='lat' dir='ltr'><strong>illtesus</strong></span> <span class='ocrx_word' id='word_1_252' title='bbox 1241 3475 1456 3538; x_wconf 67' lang='lat' dir='ltr'><strong>casiliit,</strong></span> <span class='ocrx_word' id='word_1_253' title='bbox 1504 3487 1609 3526; x_wconf 89' lang='lat' dir='ltr'><strong>non</strong></span> <span class='ocrx_word' id='word_1_254' title='bbox 1643 3469 1840 3530; x_wconf 90' lang='lat' dir='ltr'><strong>minus,</strong></span> <span class='ocrx_word' id='word_1_255' title='bbox 1872 3478 2029 3534; x_wconf 89' lang='lat' dir='ltr'><strong>quam</strong></span> 
     </span>
    </p>
   </div>
   <div class='ocr_carea' id='block_1_36' title="bbox 442 3557 2030 3652">
    <p class='ocr_par' dir='ltr' id='par_1_36' title="bbox 442 3557 2030 3652">
     <span class='ocr_line' id='line_1_36' title="bbox 442 3557 2030 3652; baseline -0.021 -10"><span class='ocrx_word' id='word_1_256' title='bbox 442 3599 550 3642; x_wconf 89' lang='lat' dir='ltr'><strong>tres</strong></span> <span class='ocrx_word' id='word_1_257' title='bbox 578 3585 650 3640; x_wconf 90' lang='lat' dir='ltr'><strong>illi</strong></span> <span class='ocrx_word' id='word_1_258' title='bbox 682 3557 852 3652; x_wconf 76' lang='lat' dir='ltr'><strong>pueri,</strong></span> <span class='ocrx_word' id='word_1_259' title='bbox 889 3579 1005 3632; x_wconf 89' lang='lat' dir='ltr'><strong>sine</strong></span> <span class='ocrx_word' id='word_1_260' title='bbox 1049 3574 1246 3629; x_wconf 89' lang='lat' dir='ltr'><strong>damno</strong></span> <span class='ocrx_word' id='word_1_261' title='bbox 1283 3563 1546 3622; x_wconf 87' lang='lat' dir='ltr'><strong>manens?</strong></span> <span class='ocrx_word' id='word_1_262' title='bbox 1573 3557 2030 3630; x_wconf 86' lang='lat' dir='ltr'><strong>Quemadmodum</strong></span> 
     </span>
    </p>
   </div>
   <div class='ocr_carea' id='block_1_37' title="bbox 440 3647 2032 3740">
    <p class='ocr_par' dir='ltr' id='par_1_37' title="bbox 440 3647 2032 3740">
     <span class='ocr_line' id='line_1_37' title="bbox 440 3647 2032 3740; baseline -0.022 -5"><span class='ocrx_word' id='word_1_263' title='bbox 440 3679 582 3735; x_wconf 90' lang='lat' dir='ltr'><strong>enim</strong></span> <span class='ocrx_word' id='word_1_264' title='bbox 610 3675 688 3730; x_wconf 91' lang='lat' dir='ltr'><strong>illi</strong></span> <span class='ocrx_word' id='word_1_265' title='bbox 712 3684 940 3740; x_wconf 85' lang='lat' dir='ltr'><strong>corpora</strong></span> <span class='ocrx_word' id='word_1_266' title='bbox 969 3681 1090 3722; x_wconf 91' lang='lat' dir='ltr'><strong>cum</strong></span> <span class='ocrx_word' id='word_1_267' title='bbox 1110 3663 1238 3734; x_wconf 90' lang='lat' dir='ltr'><strong>ipsis</strong></span> <span class='ocrx_word' id='word_1_268' title='bbox 1258 3658 1466 3729; x_wconf 88' lang='lat' dir='ltr'><strong>capillis</strong></span> <span class='ocrx_word' id='word_1_269' title='bbox 1495 3655 1659 3709; x_wconf 72' lang='lat' dir='ltr'><strong>illaesa</strong></span> <span class='ocrx_word' id='word_1_270' title='bbox 1687 3661 1814 3706; x_wconf 92' lang='lat' dir='ltr'><strong>tunc</strong></span> <span class='ocrx_word' id='word_1_271' title='bbox 1831 3647 2032 3720; x_wconf 77' lang='lat' dir='ltr'><strong>egressi</strong></span> 
     </span>
    </p>
   </div>
   <div class='ocr_carea' id='block_1_38' title="bbox 443 3742 2032 3827">
    <p class='ocr_par' dir='ltr' id='par_1_38' title="bbox 443 3742 2032 3827">
     <span class='ocr_line' id='line_1_38' title="bbox 443 3742 2032 3827; baseline -0.021 0"><span class='ocrx_word' id='word_1_272' title='bbox 443 3767 811 3827; x_wconf 85' lang='lat' dir='ltr'><strong>ostenderunt,</strong></span> <span class='ocrx_word' id='word_1_273' title='bbox 857 3777 925 3817; x_wconf 81' lang='lat' dir='ltr'><strong>ex</strong></span> <span class='ocrx_word' id='word_1_274' title='bbox 975 3759 1118 3813; x_wconf 89' lang='lat' dir='ltr'><strong>fonte</strong></span> <span class='ocrx_word' id='word_1_275' title='bbox 1151 3754 1328 3824; x_wconf 87' lang='lat' dir='ltr'><strong>potius</strong></span> <span class='ocrx_word' id='word_1_276' title='bbox 1362 3762 1521 3820; x_wconf 91' lang='lat' dir='ltr'><strong>quam</strong></span> <span class='ocrx_word' id='word_1_277' title='bbox 1559 3761 1627 3800; x_wconf 81' lang='lat' dir='ltr'><strong>ex</strong></span> <span class='ocrx_word' id='word_1_278' title='bbox 1673 3742 1893 3797; x_wconf 84' lang='lat' dir='ltr'><strong>fornace</strong></span> <span class='ocrx_word' id='word_1_279' title='bbox 1935 3755 2032 3796; x_wconf 80' lang='lat' dir='ltr'><strong>ex-</strong></span> 
     </span>
    </p>
   </div>
   <div class='ocr_carea' id='block_1_39' title="bbox 445 3829 2039 3920">
    <p class='ocr_par' dir='ltr' id='par_1_39' title="bbox 445 3829 2039 3920">
     <span class='ocr_line' id='line_1_39' title="bbox 445 3829 2039 3920; baseline -0.023 -1"><span class='ocrx_word' id='word_1_280' title='bbox 445 3875 635 3920; x_wconf 83' lang='lat' dir='ltr'><strong>euntes</strong></span> <span class='ocrx_word' id='word_1_281' title='bbox 666 3876 680 3913; x_wconf 90' lang='lat'><strong>:</strong></span> <span class='ocrx_word' id='word_1_282' title='bbox 710 3857 789 3912; x_wconf 89' lang='lat' dir='ltr'><strong>sic</strong></span> <span class='ocrx_word' id='word_1_283' title='bbox 817 3862 871 3910; x_wconf 92' lang='lat' dir='ltr'><strong>et</strong></span> <span class='ocrx_word' id='word_1_284' title='bbox 901 3853 1001 3907; x_wconf 90' lang='lat' dir='ltr'><strong>iste</strong></span> <span class='ocrx_word' id='word_1_285' title='bbox 1031 3850 1082 3904; x_wconf 92' lang='lat' dir='ltr'><strong>in</strong></span> <span class='ocrx_word' id='word_1_286' title='bbox 1113 3842 1426 3904; x_wconf 87' lang='lat' dir='ltr'><strong>certamine,</strong></span> <span class='ocrx_word' id='word_1_287' title='bbox 1462 3853 1529 3893; x_wconf 80' lang='lat' dir='ltr'><strong>ex</strong></span> <span class='ocrx_word' id='word_1_288' title='bbox 1554 3835 1819 3907; x_wconf 58' lang='lat' dir='ltr'><strong>{Egyptiae</strong></span> <span class='ocrx_word' id='word_1_289' title='bbox 1862 3829 2039 3886; x_wconf 83' lang='lat' dir='ltr'><strong>mani-</strong></span> 
     </span>
    </p>
   </div>
   <div class='ocr_carea' id='block_1_40' title="bbox 445 3923 2034 4020">
    <p class='ocr_par' dir='ltr' id='par_1_40' title="bbox 445 3923 2034 4020">
     <span class='ocr_line' id='line_1_40' title="bbox 445 3923 2034 4020; baseline -0.023 -8"><span class='ocrx_word' id='word_1_290' title='bbox 445 3959 546 4012; x_wconf 87' lang='lat' dir='ltr'><strong>bus</strong></span> <span class='ocrx_word' id='word_1_291' title='bbox 589 3951 804 4020; x_wconf 88' lang='lat' dir='ltr'><strong>elapsus</strong></span> <span class='ocrx_word' id='word_1_292' title='bbox 834 3946 852 3978; x_wconf 77' lang='grc' dir='ltr'>ί</span> <span class='ocrx_word' id='word_1_293' title='bbox 877 3987 892 4012; x_wconf 90' lang='grc'><em>,</em></span> <span class='ocrx_word' id='word_1_294' title='bbox 933 3941 1082 4005; x_wconf 83' lang='lat' dir='ltr'><strong>exiit,</strong></span> <span class='ocrx_word' id='word_1_295' title='bbox 1113 3951 1286 4006; x_wconf 89' lang='lat' dir='ltr'><strong>neque</strong></span> <span class='ocrx_word' id='word_1_296' title='bbox 1311 3949 1342 3988; x_wconf 88' lang='lat' dir='ltr'><strong>a</strong></span> <span class='ocrx_word' id='word_1_297' title='bbox 1368 3942 1533 3997; x_wconf 88' lang='lat' dir='ltr'><strong>tactu,</strong></span> <span class='ocrx_word' id='word_1_298' title='bbox 1569 3943 1742 3996; x_wconf 87' lang='lat' dir='ltr'><strong>neque</strong></span> <span class='ocrx_word' id='word_1_299' title='bbox 1769 3941 1799 3979; x_wconf 92' lang='lat' dir='ltr'><strong>a</strong></span> <span class='ocrx_word' id='word_1_300' title='bbox 1833 3923 2034 3985; x_wconf 87' lang='lat' dir='ltr'><strong>verbis,</strong></span> 
     </span>
    </p>
   </div>
   <div class='ocr_carea' id='block_1_41' title="bbox 447 4016 2036 4116">
    <p class='ocr_par' dir='ltr' id='par_1_41' title="bbox 447 4016 2036 4116">
     <span class='ocr_line' id='line_1_41' title="bbox 447 4016 2036 4116; baseline -0.022 -13"><span class='ocrx_word' id='word_1_301' title='bbox 447 4058 622 4116; x_wconf 91' lang='lat' dir='ltr'><strong>neque</strong></span> <span class='ocrx_word' id='word_1_302' title='bbox 645 4016 713 4096; x_wconf 86' lang='lat' dir='ltr'><strong>ab</strong></span> <span class='ocrx_word' id='word_1_303' title='bbox 741 4044 981 4109; x_wconf 85' lang='lat' dir='ltr'><strong>aspectu,</strong></span> <span class='ocrx_word' id='word_1_304' title='bbox 1012 4045 1186 4102; x_wconf 84' lang='lat' dir='ltr'><strong>neque</strong></span> <span class='ocrx_word' id='word_1_305' title='bbox 1213 4043 1244 4082; x_wconf 92' lang='lat' dir='ltr'><strong>a</strong></span> <span class='ocrx_word' id='word_1_306' title='bbox 1270 4025 1618 4084; x_wconf 88' lang='lat' dir='ltr'><strong>vestimentis,</strong></span> <span class='ocrx_word' id='word_1_307' title='bbox 1643 4034 1815 4089; x_wconf 90' lang='lat' dir='ltr'><strong>neque</strong></span> <span class='ocrx_word' id='word_1_308' title='bbox 1840 4016 1906 4071; x_wconf 91' lang='lat' dir='ltr'><strong>ab</strong></span> <span class='ocrx_word' id='word_1_309' title='bbox 1937 4030 2036 4069; x_wconf 82' lang='lat' dir='ltr'><strong>un-</strong></span> 
     </span>
    </p>
   </div>
   <div class='ocr_carea' id='block_1_42' title="bbox 448 4107 2043 4209">
    <p class='ocr_par' dir='ltr' id='par_1_42' title="bbox 448 4107 2043 4209">
     <span class='ocr_line' id='line_1_42' title="bbox 448 4107 2043 4209; baseline -0.021 -16"><span class='ocrx_word' id='word_1_310' title='bbox 448 4135 678 4209; x_wconf 74' lang='lat' dir='ltr'><strong>guentis,</strong></span> <span class='ocrx_word' id='word_1_311' title='bbox 709 4107 829 4202; x_wconf 68' lang='lat' dir='ltr'><strong>qua:</strong></span> <span class='ocrx_word' id='word_1_312' title='bbox 872 4123 1160 4184; x_wconf 86' lang='lat' dir='ltr'><strong>sarmentis</strong></span> <span class='ocrx_word' id='word_1_313' title='bbox 1183 4128 1236 4176; x_wconf 90' lang='lat' dir='ltr'><strong>et</strong></span> <span class='ocrx_word' id='word_1_314' title='bbox 1262 4119 1379 4189; x_wconf 87' lang='lat' dir='ltr'><strong>pice</strong></span> <span class='ocrx_word' id='word_1_315' title='bbox 1404 4113 1764 4171; x_wconf 90' lang='lat' dir='ltr'><strong>ardentiorem</strong></span> <span class='ocrx_word' id='word_1_316' title='bbox 1789 4107 2043 4176; x_wconf 81' lang='lat' dir='ltr'><strong>concupi-</strong></span> 
     </span>
    </p>
   </div>
   <div class='ocr_carea' id='block_1_43' title="bbox 450 4200 2042 4287">
    <p class='ocr_par' dir='ltr' id='par_1_43' title="bbox 450 4200 2042 4287">
     <span class='ocr_line' id='line_1_43' title="bbox 450 4200 2042 4287; baseline -0.021 -1"><span class='ocrx_word' id='word_1_317' title='bbox 450 4230 666 4287; x_wconf 70' lang='lat' dir='ltr'><strong>srentiaa</strong></span> <span class='ocrx_word' id='word_1_318' title='bbox 685 4225 955 4280; x_wconf 82' lang='lat' dir='ltr'><strong>flammam</strong></span> <span class='ocrx_word' id='word_1_319' title='bbox 982 4213 1381 4278; x_wconf 89' lang='lat' dir='ltr'><strong>accendebant;</strong></span> <span class='ocrx_word' id='word_1_320' title='bbox 1425 4221 1598 4278; x_wconf 90' lang='lat' dir='ltr'><strong>neque</strong></span> <span class='ocrx_word' id='word_1_321' title='bbox 1621 4206 1689 4261; x_wconf 90' lang='lat' dir='ltr'><strong>ab</strong></span> <span class='ocrx_word' id='word_1_322' title='bbox 1709 4211 1866 4258; x_wconf 79' lang='lat' dir='ltr'><strong>:ctate</strong></span> <span class='ocrx_word' id='word_1_323' title='bbox 1894 4200 2042 4270; x_wconf 87' lang='lat' dir='ltr'><strong>ejus-</strong></span> 
     </span>
    </p>
   </div>
   <div class='ocr_carea' id='block_1_44' title="bbox 453 4297 2043 4390">
    <p class='ocr_par' dir='ltr' id='par_1_44' title="bbox 453 4297 2043 4390">
     <span class='ocr_line' id='line_1_44' title="bbox 453 4297 2043 4390; baseline -0.02 -10"><span class='ocrx_word' id='word_1_324' title='bbox 453 4321 596 4379; x_wconf 88' lang='lat' dir='ltr'><strong>modi</strong></span> <span class='ocrx_word' id='word_1_325' title='bbox 618 4317 890 4390; x_wconf 87' lang='lat' dir='ltr'><strong>quidpiam</strong></span> <span class='ocrx_word' id='word_1_326' title='bbox 926 4325 1116 4383; x_wconf 87' lang='lat' dir='ltr'><strong>passus</strong></span> <span class='ocrx_word' id='word_1_327' title='bbox 1147 4317 1249 4372; x_wconf 89' lang='lat' dir='ltr'><strong>est,</strong></span> <span class='ocrx_word' id='word_1_328' title='bbox 1294 4304 1452 4375; x_wconf 87' lang='lat' dir='ltr'><strong>quale</strong></span> <span class='ocrx_word' id='word_1_329' title='bbox 1483 4311 1540 4356; x_wconf 93' lang='lat' dir='ltr'><strong>ut</strong></span> <span class='ocrx_word' id='word_1_330' title='bbox 1567 4302 1728 4355; x_wconf 90' lang='lat' dir='ltr'><strong>homo</strong></span> <span class='ocrx_word' id='word_1_331' title='bbox 1757 4297 1861 4366; x_wconf 90' lang='lat' dir='ltr'><strong>pati</strong></span> <span class='ocrx_word' id='word_1_332' title='bbox 1885 4309 2043 4365; x_wconf 88' lang='lat' dir='ltr'><strong>posse</strong></span> 
     </span>
    </p>
   </div>
   <div class='ocr_carea' id='block_1_45' title="bbox 455 4389 2044 4469">
    <p class='ocr_par' dir='ltr' id='par_1_45' title="bbox 455 4389 2044 4469">
     <span class='ocr_line' id='line_1_45' title="bbox 455 4389 2044 4469; baseline -0.016 -2"><span class='ocrx_word' id='word_1_333' title='bbox 455 4389 754 4469; x_wconf 85' lang='lat' dir='ltr'><strong>videbatur.</strong></span> <span class='ocrx_word' id='word_1_334' title='bbox 802 4407 880 4462; x_wconf 81' lang='lat' dir='ltr'><strong>Ac</strong></span> <span class='ocrx_word' id='word_1_335' title='bbox 908 4413 1018 4458; x_wconf 90' lang='lat' dir='ltr'><strong>tres</strong></span> <span class='ocrx_word' id='word_1_336' title='bbox 1055 4401 1129 4455; x_wconf 92' lang='lat' dir='ltr'><strong>illi</strong></span> <span class='ocrx_word' id='word_1_337' title='bbox 1159 4397 1330 4469; x_wconf 89' lang='lat' dir='ltr'><strong>pueri,</strong></span> <span class='ocrx_word' id='word_1_338' title='bbox 1371 4397 1424 4450; x_wconf 91' lang='lat' dir='ltr'><strong>in</strong></span> <span class='ocrx_word' id='word_1_339' title='bbox 1452 4395 1568 4464; x_wconf 91' lang='lat' dir='ltr'><strong>ipso</strong></span> <span class='ocrx_word' id='word_1_340' title='bbox 1589 4389 1883 4462; x_wconf 84' lang='lat' dir='ltr'><strong>juventutis</strong></span> <span class='ocrx_word' id='word_1_341' title='bbox 1912 4389 2044 4442; x_wconf 85' lang='lat' dir='ltr'><strong>flore</strong></span> 
     </span>
    </p>
   </div>
   <div class='ocr_carea' id='block_1_46' title="bbox 459 4479 2047 4566">
    <p class='ocr_par' dir='ltr' id='par_1_46' title="bbox 459 4479 2047 4566">
     <span class='ocr_line' id='line_1_46' title="bbox 459 4479 2047 4566; baseline -0.018 -7"><span class='ocrx_word' id='word_1_342' title='bbox 459 4515 514 4560; x_wconf 93' lang='lat' dir='ltr'><strong>et</strong></span> <span class='ocrx_word' id='word_1_343' title='bbox 538 4511 777 4557; x_wconf 91' lang='lat' dir='ltr'><strong>ventrem</strong></span> <span class='ocrx_word' id='word_1_344' title='bbox 807 4499 1163 4566; x_wconf 86' lang='lat' dir='ltr'><strong>superarunt,</strong></span> <span class='ocrx_word' id='word_1_345' title='bbox 1209 4497 1263 4544; x_wconf 84' lang='lat' dir='ltr'><strong>et</strong></span> <span class='ocrx_word' id='word_1_346' title='bbox 1293 4485 1482 4542; x_wconf 91' lang='lat' dir='ltr'><strong>mortis</strong></span> <span class='ocrx_word' id='word_1_347' title='bbox 1508 4482 1851 4538; x_wconf 77' lang='lat' dir='ltr'><strong>formidinem</strong></span> <span class='ocrx_word' id='word_1_348' title='bbox 1874 4479 2047 4534; x_wconf 67' lang='lat' dir='ltr'><strong>calca»</strong></span> 
     </span>
    </p>
   </div>
   <div class='ocr_carea' id='block_1_47' title="bbox 457 4572 2046 4661">
    <p class='ocr_par' dir='ltr' id='par_1_47' title="bbox 457 4572 2046 4661">
     <span class='ocr_line' id='line_1_47' title="bbox 457 4572 2046 4661; baseline -0.017 -10"><span class='ocrx_word' id='word_1_349' title='bbox 457 4604 613 4661; x_wconf 90' lang='lat' dir='ltr'><strong>runt,</strong></span> <span class='ocrx_word' id='word_1_350' title='bbox 663 4598 975 4659; x_wconf 89' lang='lat' dir='ltr'><strong>tantumque</strong></span> <span class='ocrx_word' id='word_1_351' title='bbox 1023 4582 1317 4640; x_wconf 80' lang='lat' dir='ltr'><strong>exercitum</strong></span> <span class='ocrx_word' id='word_1_352' title='bbox 1361 4579 1703 4646; x_wconf 82' lang='lat' dir='ltr'><strong>furoremque</strong></span> <span class='ocrx_word' id='word_1_353' title='bbox 1748 4573 1892 4644; x_wconf 78' lang='lat' dir='ltr'><strong>regis</strong></span> <span class='ocrx_word' id='word_1_354' title='bbox 1934 4572 2046 4641; x_wconf 88' lang='lat' dir='ltr'><strong>ipsa</strong></span> 
     </span>
    </p>
   </div>
   <div class='ocr_carea' id='block_1_48' title="bbox 459 4666 2050 4744">
    <p class='ocr_par' dir='ltr' id='par_1_48' title="bbox 459 4666 2050 4744">
     <span class='ocr_line' id='line_1_48' title="bbox 459 4666 2050 4744; baseline -0.017 -1"><span class='ocrx_word' id='word_1_355' title='bbox 459 4687 678 4744; x_wconf 80' lang='lat' dir='ltr'><strong>fornace</strong></span> <span class='ocrx_word' id='word_1_356' title='bbox 720 4679 1079 4737; x_wconf 87' lang='lat' dir='ltr'><strong>ardentiorem</strong></span> <span class='ocrx_word' id='word_1_357' title='bbox 1129 4674 1393 4734; x_wconf 90' lang='lat' dir='ltr'><strong>vicerunt,</strong></span> <span class='ocrx_word' id='word_1_358' title='bbox 1449 4668 1685 4738; x_wconf 90' lang='lat' dir='ltr'><strong>nihilque</strong></span> <span class='ocrx_word' id='word_1_359' title='bbox 1714 4666 1835 4722; x_wconf 90' lang='lat' dir='ltr'><strong>illos</strong></span> <span class='ocrx_word' id='word_1_360' title='bbox 1871 4671 2050 4720; x_wconf 80' lang='lat' dir='ltr'><strong>exter-</strong></span> 
     </span>
    </p>
   </div>
   <div class='ocr_carea' id='block_1_49' title="bbox 461 4756 2046 4844">
    <p class='ocr_par' dir='ltr' id='par_1_49' title="bbox 461 4756 2046 4844">
     <span class='ocr_line' id='line_1_49' title="bbox 461 4756 2046 4844; baseline -0.017 -10"><span class='ocrx_word' id='word_1_361' title='bbox 461 4786 590 4844; x_wconf 87' lang='lat' dir='ltr'><strong>ruit,</strong></span> <span class='ocrx_word' id='word_1_362' title='bbox 634 4773 732 4832; x_wconf 87' lang='lat' dir='ltr'><strong>sed</strong></span> <span class='ocrx_word' id='word_1_363' title='bbox 775 4777 1088 4828; x_wconf 89' lang='lat' dir='ltr'><strong>constanter</strong></span> <span class='ocrx_word' id='word_1_364' title='bbox 1116 4769 1434 4821; x_wconf 88' lang='lat' dir='ltr'><strong>manserunt</strong></span> <span class='ocrx_word' id='word_1_365' title='bbox 1459 4759 1640 4816; x_wconf 88' lang='lat' dir='ltr'><strong>animo</strong></span> <span class='ocrx_word' id='word_1_366' title='bbox 1678 4756 1898 4812; x_wconf 89' lang='lat' dir='ltr'><strong>minime</strong></span> <span class='ocrx_word' id='word_1_367' title='bbox 1930 4767 2046 4809; x_wconf 88' lang='lat' dir='ltr'><strong>ser-</strong></span> 
     </span>
    </p>
   </div>
   <div class='ocr_carea' id='block_1_50' title="bbox 462 4845 2046 4931">
    <p class='ocr_par' dir='ltr' id='par_1_50' title="bbox 462 4845 2046 4931">
     <span class='ocr_line' id='line_1_50' title="bbox 462 4845 2046 4931; baseline -0.016 -4"><span class='ocrx_word' id='word_1_368' title='bbox 462 4870 555 4926; x_wconf 89' lang='lat' dir='ltr'><strong>vili</strong></span> <span class='ocrx_word' id='word_1_369' title='bbox 585 4865 850 4924; x_wconf 89' lang='lat' dir='ltr'><strong>instructi.</strong></span> <span class='ocrx_word' id='word_1_370' title='bbox 867 4863 986 4919; x_wconf 81' lang='lat' dir='ltr'><strong>Non</strong></span> <span class='ocrx_word' id='word_1_371' title='bbox 1015 4860 1176 4931; x_wconf 77' lang='lat' dir='ltr'><strong>igitur</strong></span> <span class='ocrx_word' id='word_1_372' title='bbox 1201 4865 1414 4912; x_wconf 83' lang='lat' dir='ltr'><strong>aetatem</strong></span> <span class='ocrx_word' id='word_1_373' title='bbox 1441 4852 1727 4909; x_wconf 88' lang='lat' dir='ltr'><strong>traducens</strong></span> <span class='ocrx_word' id='word_1_374' title='bbox 1753 4850 1866 4905; x_wconf 67' lang='lat' dir='ltr'><strong>haec</strong></span> <span class='ocrx_word' id='word_1_375' title='bbox 1891 4845 2046 4904; x_wconf 86' lang='lat' dir='ltr'><strong>dicit:</strong></span> 
     </span>
    </p>
   </div>
   <div class='ocr_carea' id='block_1_51' title="bbox 534 5048 1881 5125">
    <p class='ocr_par' dir='ltr' id='par_1_51' title="bbox 534 5048 1881 5125">
     <span class='ocr_line' id='line_1_51' title="bbox 534 5048 1881 5125; baseline -0.016 -8"><span class='ocrx_word' id='word_1_376' title='bbox 534 5074 552 5102; x_wconf 77' lang='grc' dir='ltr'><strong>ι</strong></span> <span class='ocrx_word' id='word_1_377' title='bbox 589 5067 771 5117; x_wconf 78' lang='lat' dir='ltr'><strong>Boisius</strong></span> <span class='ocrx_word' id='word_1_378' title='bbox 791 5061 936 5125; x_wconf 77' lang='lat' dir='ltr'><strong>legit,</strong></span> <span class='ocrx_word' id='word_1_379' title='bbox 955 5056 1161 5125; x_wconf 78' lang='lat' dir='ltr'><strong>impuris</strong></span> <span class='ocrx_word' id='word_1_380' title='bbox 1177 5052 1412 5125; x_wconf 58' lang='lat' dir='ltr'><strong>Egyptite</strong></span> <span class='ocrx_word' id='word_1_381' title='bbox 1434 5049 1652 5102; x_wconf 83' lang='lat' dir='ltr'><strong>manibus</strong></span> <span class='ocrx_word' id='word_1_382' title='bbox 1674 5048 1881 5125; x_wconf 65' lang='lat' dir='ltr'><strong>elapsus.</strong></span> 
     </span>
    </p>
   </div>
   <div class='ocr_carea' id='block_1_52' title="bbox 528 5107 2058 5192">
    <p class='ocr_par' dir='ltr' id='par_1_52' title="bbox 528 5107 2058 5192">
     <span class='ocr_line' id='line_1_52' title="bbox 528 5107 2058 5192; baseline -0.016 -12"><span class='ocrx_word' id='word_1_383' title='bbox 528 5107 1172 5192; x_wconf 62' lang='lat' dir='ltr'><strong>(a)&quot;i3§_&#39;ési&quot;i{abiaihdam</strong></span> <span class='ocrx_word' id='word_1_384' title='bbox 1203 5107 1607 5192; x_wconf 64' lang='lat' dir='ltr'><strong>cl&#39;t&#39;r&#39;onologorum</strong></span> <span class='ocrx_word' id='word_1_385' title='bbox 1637 5107 1904 5192; x_wconf 58' lang='lat' dir='ltr'><strong>sententia,</strong></span> <span class='ocrx_word' id='word_1_386' title='bbox 1929 5107 2058 5158; x_wconf 78' lang='lat' dir='ltr'><strong>Salo-</strong></span> 
     </span>
    </p>
   </div>
   <div class='ocr_carea' id='block_1_53' title="bbox 473 5173 2056 5245">
    <p class='ocr_par' dir='ltr' id='par_1_53' title="bbox 473 5173 2056 5245">
     <span class='ocr_line' id='line_1_53' title="bbox 473 5173 2056 5245; baseline -0.017 -1"><span class='ocrx_word' id='word_1_387' title='bbox 473 5173 1001 5245; x_wconf 35' lang='lat' dir='ltr'><strong>tndi—temﬁduodetinem</strong></span> <span class='ocrx_word' id='word_1_388' title='bbox 1021 5192 1234 5245; x_wconf 76' lang='lat' dir='ltr'><strong>regnare</strong></span> <span class='ocrx_word' id='word_1_389' title='bbox 1263 5173 1493 5245; x_wconf 55' lang='lat' dir='ltr'><strong>antisse,</strong></span> <span class='ocrx_word' id='word_1_390' title='bbox 1519 5187 1680 5236; x_wconf 90' lang='lat' dir='ltr'><strong>eaque</strong></span> <span class='ocrx_word' id='word_1_391' title='bbox 1703 5173 1954 5245; x_wconf 78' lang='lat' dir='ltr'><strong>sapientia:</strong></span> <span class='ocrx_word' id='word_1_392' title='bbox 1976 5183 2056 5219; x_wconf 87' lang='lat' dir='ltr'><strong>ar-</strong></span> 
     </span>
    </p>
   </div>
   <div class='ocr_carea' id='block_1_54' title="bbox 473 5240 2058 5318">
    <p class='ocr_par' dir='ltr' id='par_1_54' title="bbox 473 5240 2058 5318">
     <span class='ocr_line' id='line_1_54' title="bbox 473 5240 2058 5318; baseline -0.001 2"><span class='ocrx_word' id='word_1_393' title='bbox 473 5240 703 5318; x_wconf 52' lang='lat' dir='ltr'><strong>entem</strong></span> <span class='ocrx_word' id='word_1_394' title='bbox 728 5247 1033 5318; x_wconf 51' lang='lat' dir='ltr'><strong>exhibuisse:</strong></span> <span class='ocrx_word' id='word_1_395' title='bbox 1059 5240 1272 5318; x_wconf 54' lang='lat' dir='ltr'><strong>suae</strong></span> <span class='ocrx_word' id='word_1_396' title='bbox 1295 5240 1861 5318; x_wconf 56' lang='lat' dir='ltr'><strong>saetaeiereaers</strong></span> <span class='ocrx_word' id='word_1_397' title='bbox 1885 5244 2058 5318; x_wconf 64' lang='lat' dir='ltr'><strong>vasae</strong></span> 
     </span>
    </p>
   </div>
   <div class='ocr_carea' id='block_1_55' title="bbox 471 5292 2060 5381">
    <p class='ocr_par' dir='ltr' id='par_1_55' title="bbox 471 5292 2060 5381">
     <span class='ocr_line' id='line_1_55' title="bbox 471 5292 2060 5381; baseline -0.015 -15"><span class='ocrx_word' id='word_1_398' title='bbox 471 5292 1038 5381; x_wconf 58' lang='grc' dir='ltr'><strong>δὲ’ιῖὶῖῳῖέᾷῑῦὄῇὀίῴί</strong></span> <span class='ocrx_word' id='word_1_399' title='bbox 1053 5292 1152 5368; x_wconf 69' lang='lat' dir='ltr'><strong>ja&#39;m</strong></span> <span class='ocrx_word' id='word_1_400' title='bbox 1175 5309 1279 5352; x_wconf 89' lang='lat' dir='ltr'><strong>tum</strong></span> <span class='ocrx_word' id='word_1_401' title='bbox 1295 5292 1458 5353; x_wconf 78' lang='lat' dir='ltr'><strong>virum</strong></span> <span class='ocrx_word' id='word_1_402' title='bbox 1483 5299 1632 5369; x_wconf 79' lang='lat' dir='ltr'><strong>fuisse</strong></span> <span class='ocrx_word' id='word_1_403' title='bbox 1663 5300 1885 5381; x_wconf 63' lang='lat' dir='ltr'><strong>censent.</strong></span> <span class='ocrx_word' id='word_1_404' title='bbox 1911 5292 2060 5362; x_wconf 76' lang='lat' dir='ltr'><strong>Certe</strong></span> 
     </span>
     <span class='ocr_line' id='line_1_56' title="bbox 928 5363 2058 5381; baseline -0.013 15"><span class='ocrx_word' id='word_1_405' title='bbox 928 5379 933 5381; x_wconf 80' lang='grc'><strong>-</strong></span> <span class='ocrx_word' id='word_1_406' title='bbox 1060 5374 1100 5381; x_wconf 58' lang='grc' dir='ltr'><strong>-μ</strong></span> <span class='ocrx_word' id='word_1_407' title='bbox 1133 5377 1228 5381; x_wconf 75' lang='grc'><strong><em>-----</em></strong></span> <span class='ocrx_word' id='word_1_408' title='bbox 1271 5376 1461 5381; x_wconf 39' lang='lat' dir='ltr'><strong>um---</strong></span> <span class='ocrx_word' id='word_1_409' title='bbox 1488 5367 1628 5381; x_wconf 54' lang='grc' dir='ltr'>ηομ...</span> <span class='ocrx_word' id='word_1_410' title='bbox 1677 5365 1720 5381; x_wconf 67' lang='grc' dir='ltr'>η.</span> <span class='ocrx_word' id='word_1_411' title='bbox 1745 5363 2058 5381; x_wconf 66' lang='grc' dir='ltr'><strong>...ηηημι</strong></span> 
     </span>
    </p>
   </div>
   <div class='ocr_carea' id='block_1_56' title="bbox 471 5355 2083 5430">
    <p class='ocr_par' dir='ltr' id='par_1_56' title="bbox 471 5355 2083 5430">
     <span class='ocr_line' id='line_1_57' title="bbox 471 5355 2083 5430; baseline -0.017 0"><span class='ocrx_word' id='word_1_412' title='bbox 471 5355 976 5430; x_wconf 54' lang='grc' dir='ltr'><strong>ξὶνάιίδδθῖῐιῖξδὸίιιηι</strong></span> <span class='ocrx_word' id='word_1_413' title='bbox 987 5355 1106 5417; x_wconf 58' lang='grc' dir='ltr'>ἵδι-Ξιι</span> <span class='ocrx_word' id='word_1_414' title='bbox 1125 5377 1234 5430; x_wconf 77' lang='lat' dir='ltr'><strong>cum</strong></span> <span class='ocrx_word' id='word_1_415' title='bbox 1258 5376 1465 5428; x_wconf 78' lang='lat' dir='ltr'><strong>regnare</strong></span> <span class='ocrx_word' id='word_1_416' title='bbox 1486 5361 1651 5421; x_wconf 70' lang='lat' dir='ltr'><strong>C(Bpit,</strong></span> <span class='ocrx_word' id='word_1_417' title='bbox 1675 5355 2061 5430; x_wconf 63' lang='lat' dir='ltr'><strong>etquadragittta</strong></span> <span class='ocrx_word' id='word_1_418' title='bbox 2081 5415 2083 5418; x_wconf 17' lang='grc'><em>⁴</em></span> 
     </span>
    </p>
   </div>
   <div class='ocr_carea' id='block_1_57' title="bbox 475 5417 2060 5499">
    <p class='ocr_par' dir='ltr' id='par_1_57' title="bbox 475 5417 2060 5499">
     <span class='ocr_line' id='line_1_58' title="bbox 475 5417 2060 5499; baseline -0.018 -9"><span class='ocrx_word' id='word_1_419' title='bbox 475 5417 937 5499; x_wconf 54' lang='lat' dir='ltr'><strong>illiigiééiivein,</strong></span> <span class='ocrx_word' id='word_1_420' title='bbox 954 5437 1008 5479; x_wconf 91' lang='lat' dir='ltr'><strong>ut</strong></span> <span class='ocrx_word' id='word_1_421' title='bbox 1030 5430 1096 5479; x_wconf 88' lang='lat' dir='ltr'><strong>ait</strong></span> <span class='ocrx_word' id='word_1_422' title='bbox 1111 5417 1382 5499; x_wconf 45' lang='lat' dir='ltr'><strong>Scriptura,</strong></span> <span class='ocrx_word' id='word_1_423' title='bbox 1391 5417 1645 5499; x_wconf 63' lang='lat' dir='ltr'><strong>annosque</strong></span> <span class='ocrx_word' id='word_1_424' title='bbox 1665 5417 1806 5491; x_wconf 75' lang='lat' dir='ltr'><strong>natas</strong></span> <span class='ocrx_word' id='word_1_425' title='bbox 1823 5417 2060 5478; x_wconf 87' lang='lat' dir='ltr'><strong>quinqua-</strong></span> 
     </span>
    </p>
   </div>
   <div class='ocr_carea' id='block_1_58' title="bbox 474 5482 2061 5560">
    <p class='ocr_par' dir='ltr' id='par_1_58' title="bbox 474 5482 2061 5560">
     <span class='ocr_line' id='line_1_59' title="bbox 474 5482 2061 5560; baseline -0.015 -13"><span class='ocrx_word' id='word_1_426' title='bbox 474 5482 612 5560; x_wconf 57' lang='lat' dir='ltr'><strong>giliis</strong></span> <span class='ocrx_word' id='word_1_427' title='bbox 630 5482 771 5560; x_wconf 17' lang='lat' dir='ltr'><strong>dogs,</strong></span> <span class='ocrx_word' id='word_1_428' title='bbox 786 5482 980 5560; x_wconf 73' lang='lat' dir='ltr'><strong>abierit,</strong></span> <span class='ocrx_word' id='word_1_429' title='bbox 1001 5482 1242 5557; x_wconf 71' lang='lat' dir='ltr'><strong>quomodo</strong></span> <span class='ocrx_word' id='word_1_430' title='bbox 1264 5486 1409 5535; x_wconf 82' lang='lat' dir='ltr'><strong>stabit</strong></span> <span class='ocrx_word' id='word_1_431' title='bbox 1432 5482 1854 5560; x_wconf 15' lang='lat' dir='ltr'><strong>ilrludi’seripturie,</strong></span> <span class='ocrx_word' id='word_1_432' title='bbox 1876 5485 2061 5560; x_wconf 64' lang='lat' dir='ltr'><strong>iteguia</strong></span> 
     </span>
    </p>
   </div>
   <div class='ocr_carea' id='block_1_59' title="bbox 477 5543 2063 5619">
    <p class='ocr_par' dir='ltr' id='par_1_59' title="bbox 477 5543 2063 5619">
     <span class='ocr_line' id='line_1_60' title="bbox 477 5543 2063 5619; baseline -0.015 -8"><span class='ocrx_word' id='word_1_433' title='bbox 477 5543 749 5619; x_wconf 35' lang='lat' dir='ltr'><strong>filiive—al</strong></span> <span class='ocrx_word' id='word_1_434' title='bbox 758 5543 809 5618; x_wconf 70' lang='lat'><strong>1,</strong></span> <span class='ocrx_word' id='word_1_435' title='bbox 819 5543 866 5607; x_wconf 54' lang='grc' dir='ltr'>ἡ.</span> <span class='ocrx_word' id='word_1_436' title='bbox 883 5555 948 5619; x_wconf 47' lang='grc'><strong>4]</strong></span> <span class='ocrx_word' id='word_1_437' title='bbox 967 5543 1182 5619; x_wconf 62' lang='grc' dir='ltr'>τὼῃᾳιω</span> <span class='ocrx_word' id='word_1_438' title='bbox 1195 5550 1306 5611; x_wconf 86' lang='lat' dir='ltr'><strong>jam</strong></span> <span class='ocrx_word' id='word_1_439' title='bbox 1327 5559 1473 5598; x_wconf 70' lang='lat' dir='ltr'><strong>aenea:</strong></span> <span class='ocrx_word' id='word_1_440' title='bbox 1497 5551 1636 5604; x_wconf 81' lang='lat' dir='ltr'><strong>esset,</strong></span> <span class='ocrx_word' id='word_1_441' title='bbox 1659 5543 1972 5604; x_wconf 79' lang='lat' dir='ltr'><strong>depravatum</strong></span> <span class='ocrx_word' id='word_1_442' title='bbox 1996 5543 2063 5588; x_wconf 85' lang='lat' dir='ltr'><strong>est</strong></span> 
     </span>
    </p>
   </div>
   <div class='ocr_carea' id='block_1_60' title="bbox 483 5615 1089 5684">
    <p class='ocr_par' dir='ltr' id='par_1_60' title="bbox 483 5615 1089 5684">
     <span class='ocr_line' id='line_1_61' title="bbox 483 5615 1089 5684; baseline -0.017 -10"><span class='ocrx_word' id='word_1_443' title='bbox 483 5615 694 5684; x_wconf 84' lang='lat' dir='ltr'><strong>corejus</strong></span> <span class='ocrx_word' id='word_1_444' title='bbox 715 5615 802 5684; x_wconf 83' lang='lat' dir='ltr'><strong>per</strong></span> <span class='ocrx_word' id='word_1_445' title='bbox 825 5615 1089 5684; x_wconf 70' lang='lat' dir='ltr'><strong>mulieres?</strong></span> 
     </span>
    </p>
   </div>
   <div class='ocr_carea' id='block_1_61' title="bbox 544 5666 2064 5746">
    <p class='ocr_par' dir='ltr' id='par_1_61' title="bbox 544 5666 2064 5746">
     <span class='ocr_line' id='line_1_62' title="bbox 544 5666 2064 5746; baseline -0.017 -10"><span class='ocrx_word' id='word_1_446' title='bbox 544 5666 906 5746; x_wconf 50' lang='lat' dir='ltr'><strong>(trebiam...</strong></span> <span class='ocrx_word' id='word_1_447' title='bbox 927 5683 1069 5746; x_wconf 83' lang='lat' dir='ltr'><strong>vocat</strong></span> <span class='ocrx_word' id='word_1_448' title='bbox 1089 5674 1326 5746; x_wconf 80' lang='lat' dir='ltr'><strong>Persicam</strong></span> <span class='ocrx_word' id='word_1_449' title='bbox 1348 5669 1477 5720; x_wconf 87' lang='lat' dir='ltr'><strong>illam</strong></span> <span class='ocrx_word' id='word_1_450' title='bbox 1502 5666 1826 5746; x_wconf 58' lang='lat' dir='ltr'><strong>[iapylonicam</strong></span> <span class='ocrx_word' id='word_1_451' title='bbox 1845 5666 1895 5735; x_wconf 82' lang='lat' dir='ltr'><strong>in</strong></span> <span class='ocrx_word' id='word_1_452' title='bbox 1917 5675 2064 5746; x_wconf 66' lang='lat' dir='ltr'><strong>quant</strong></span> 
     </span>
    </p>
   </div>
   <div class='ocr_carea' id='block_1_62' title="bbox 480 5727 2066 5806">
    <p class='ocr_par' dir='ltr' id='par_1_62' title="bbox 480 5727 2066 5806">
     <span class='ocr_line' id='line_1_63' title="bbox 480 5727 2066 5806; baseline -0.016 -10"><span class='ocrx_word' id='word_1_453' title='bbox 480 5727 977 5806; x_wconf 62' lang='lat' dir='ltr'><strong>in?§’pi.éii&#39;66aj&#39;cct_i</strong></span> <span class='ocrx_word' id='word_1_454' title='bbox 1001 5743 1275 5806; x_wconf 40' lang='lat' dir='ltr'><strong>sunt.‘_Jam</strong></span> <span class='ocrx_word' id='word_1_455' title='bbox 1321 5746 1454 5806; x_wconf 66' lang='lat' dir='ltr'><strong>saape</strong></span> <span class='ocrx_word' id='word_1_456' title='bbox 1494 5727 1714 5802; x_wconf 72' lang='lat' dir='ltr'><strong>vidimus,</strong></span> <span class='ocrx_word' id='word_1_457' title='bbox 1743 5727 1976 5789; x_wconf 67' lang='lat' dir='ltr'><strong>assyrium</strong></span> <span class='ocrx_word' id='word_1_458' title='bbox 2015 5730 2066 5773; x_wconf 87' lang='lat' dir='ltr'><strong>et</strong></span> 
     </span>
    </p>
   </div>
   <div class='ocr_carea' id='block_1_63' title="bbox 481 5793 1654 5870">
    <p class='ocr_par' dir='ltr' id='par_1_63' title="bbox 481 5793 1654 5870">
     <span class='ocr_line' id='line_1_64' title="bbox 481 5793 1654 5870; baseline -0.018 -10"><span class='ocrx_word' id='word_1_459' title='bbox 481 5793 783 5870; x_wconf 78' lang='lat' dir='ltr'><strong>llabyloniant</strong></span> <span class='ocrx_word' id='word_1_460' title='bbox 807 5793 1049 5854; x_wconf 67' lang='lat' dir='ltr'><strong>Persidem</strong></span> <span class='ocrx_word' id='word_1_461' title='bbox 1072 5815 1099 5850; x_wconf 90' lang='lat' dir='ltr'><strong>a</strong></span> <span class='ocrx_word' id='word_1_462' title='bbox 1121 5793 1456 5862; x_wconf 75' lang='lat' dir='ltr'><strong>Chrysostntito</strong></span> <span class='ocrx_word' id='word_1_463' title='bbox 1481 5793 1654 5842; x_wconf 78' lang='lat' dir='ltr'><strong>vocari.</strong></span> 
     </span>
    </p>
   </div>
   <div class='ocr_carea' id='block_1_64' title="bbox 1100 327 2890 402">
    <p class='ocr_par' dir='ltr' id='par_1_64' title="bbox 1100 327 2890 402">
     <span class='ocr_line' id='line_1_65' title="bbox 1100 327 2890 402; baseline -0.009 -1"><span class='ocrx_word' id='word_1_464' title='bbox 1100 346 1156 402; x_wconf 89' lang='lat' dir='ltr'><strong>S.</strong></span> <span class='ocrx_word' id='word_1_465' title='bbox 1197 340 1472 400; x_wconf 75' lang='lat' dir='ltr'><strong>JOANNIS</strong></span> <span class='ocrx_word' id='word_1_466' title='bbox 1506 332 1971 396; x_wconf 69' lang='lat' dir='ltr'><strong>CllllYSOSTOMl</strong></span> <span class='ocrx_word' id='word_1_467' title='bbox 2013 327 2322 386; x_wconf 76' lang='lat' dir='ltr'><strong>ARCIllEP.</strong></span> <span class='ocrx_word' id='word_1_468' title='bbox 2363 329 2890 387; x_wconf 82' lang='lat' dir='ltr'><strong>CONSTANTINOP.</strong></span> 
     </span>
    </p>
   </div>
   <div class='ocr_carea' id='block_1_65' title="bbox 2115 448 3642 520">
    <p class='ocr_par' dir='ltr' id='par_1_65' title="bbox 2115 448 3642 520">
     <span class='ocr_line' id='line_1_66' title="bbox 2115 448 3642 520; baseline -0.002 -18"><span class='ocrx_word' id='word_1_469' title='bbox 2115 449 2543 520; x_wconf 86' lang='lat' dir='ltr'><strong>quandoquidem</strong></span> <span class='ocrx_word' id='word_1_470' title='bbox 2569 459 2622 505; x_wconf 92' lang='lat' dir='ltr'><strong>et</strong></span> <span class='ocrx_word' id='word_1_471' title='bbox 2646 449 2842 505; x_wconf 80' lang='lat' dir='ltr'><strong>Paulus</strong></span> <span class='ocrx_word' id='word_1_472' title='bbox 2868 464 2990 504; x_wconf 90' lang='lat' dir='ltr'><strong>cum</strong></span> <span class='ocrx_word' id='word_1_473' title='bbox 3021 449 3095 503; x_wconf 90' lang='lat' dir='ltr'><strong>ait</strong></span> <span class='ocrx_word' id='word_1_474' title='bbox 3147 468 3159 503; x_wconf 94' lang='lat'><strong>:</strong></span> <span class='ocrx_word' id='word_1_475' title='bbox 3207 448 3327 503; x_wconf 84' lang='lat' dir='ltr'><strong>Non</strong></span> <span class='ocrx_word' id='word_1_476' title='bbox 3369 448 3642 518; x_wconf 75' lang='lat' dir='ltr'><strong>reophytui</strong></span> 
     </span>
    </p>
   </div>
   <div class='ocr_carea' id='block_1_66' title="bbox 2115 539 3642 612">
    <p class='ocr_par' dir='ltr' id='par_1_66' title="bbox 2115 539 3642 612">
     <span class='ocr_line' id='line_1_67' title="bbox 2115 539 3642 612; baseline -0.003 -18"><span class='ocrx_word' id='word_1_477' title='bbox 2115 558 2177 595; x_wconf 89' lang='lat' dir='ltr'><strong>ne</strong></span> <span class='ocrx_word' id='word_1_478' title='bbox 2225 543 2278 595; x_wconf 86' lang='lat' dir='ltr'><strong>in</strong></span> <span class='ocrx_word' id='word_1_479' title='bbox 2328 543 2613 612; x_wconf 79' lang='lat' dir='ltr'><strong>superbiant</strong></span> <span class='ocrx_word' id='word_1_480' title='bbox 2649 542 2830 604; x_wconf 78' lang='lat' dir='ltr'><strong>elatus,</strong></span> <span class='ocrx_word' id='word_1_481' title='bbox 2885 542 2937 594; x_wconf 90' lang='lat' dir='ltr'><strong>in</strong></span> <span class='ocrx_word' id='word_1_482' title='bbox 2971 542 3228 612; x_wconf 80' lang='lat' dir='ltr'><strong>judicium</strong></span> <span class='ocrx_word' id='word_1_483' title='bbox 3274 539 3466 595; x_wconf 85' lang='lat' dir='ltr'><strong>incidat</strong></span> <span class='ocrx_word' id='word_1_484' title='bbox 3511 539 3642 592; x_wconf 66' lang='lat' dir='ltr'><strong>diab.</strong></span> 
     </span>
    </p>
   </div>
   <div class='ocr_carea' id='block_1_67' title="bbox 2116 631 3636 703">
    <p class='ocr_par' dir='ltr' id='par_1_67' title="bbox 2116 631 3636 703">
     <span class='ocr_line' id='line_1_68' title="bbox 2116 631 3636 703; baseline -0.002 -17"><span class='ocrx_word' id='word_1_485' title='bbox 2116 633 2192 702; x_wconf 93' lang='lat'><strong>(-|.</strong></span> <span class='ocrx_word' id='word_1_486' title='bbox 2221 633 2357 687; x_wconf 87' lang='lat' dir='ltr'><strong>Tim.</strong></span> <span class='ocrx_word' id='word_1_487' title='bbox 2390 635 2444 687; x_wconf 82' lang='lat'><strong>5.</strong></span> <span class='ocrx_word' id='word_1_488' title='bbox 2473 632 2554 702; x_wconf 87' lang='lat'><strong>6),</strong></span> <span class='ocrx_word' id='word_1_489' title='bbox 2595 649 2702 688; x_wconf 90' lang='lat' dir='ltr'><strong>non</strong></span> <span class='ocrx_word' id='word_1_490' title='bbox 2733 642 2889 687; x_wconf 56' lang='lat' dir='ltr'><strong>artate</strong></span> <span class='ocrx_word' id='word_1_491' title='bbox 2910 633 3162 703; x_wconf 91' lang='lat' dir='ltr'><strong>juvenem</strong></span> <span class='ocrx_word' id='word_1_492' title='bbox 3192 631 3342 698; x_wconf 83' lang='lat' dir='ltr'><strong>dicit,</strong></span> <span class='ocrx_word' id='word_1_493' title='bbox 3393 631 3486 685; x_wconf 89' lang='lat' dir='ltr'><strong>sed</strong></span> <span class='ocrx_word' id='word_1_494' title='bbox 3512 645 3636 685; x_wconf 90' lang='lat' dir='ltr'><strong>recc</strong></span> 
     </span>
    </p>
   </div>
   <div class='ocr_carea' id='block_1_68' title="bbox 2115 723 3642 796">
    <p class='ocr_par' dir='ltr' id='par_1_68' title="bbox 2115 723 3642 796">
     <span class='ocr_line' id='line_1_69' title="bbox 2115 723 3642 796; baseline -0.003 -17"><span class='ocrx_word' id='word_1_495' title='bbox 2115 727 2429 796; x_wconf 88' lang='lat' dir='ltr'><strong>plantatum,</strong></span> <span class='ocrx_word' id='word_1_496' title='bbox 2459 725 2511 779; x_wconf 94' lang='lat' dir='ltr'><strong>id</strong></span> <span class='ocrx_word' id='word_1_497' title='bbox 2542 736 2644 791; x_wconf 92' lang='lat' dir='ltr'><strong>est,</strong></span> <span class='ocrx_word' id='word_1_498' title='bbox 2687 725 2984 781; x_wconf 91' lang='lat' dir='ltr'><strong>institutum</strong></span> <span class='ocrx_word' id='word_1_499' title='bbox 3018 741 3034 790; x_wconf 87' lang='lat'><strong>;</strong></span> <span class='ocrx_word' id='word_1_500' title='bbox 3065 725 3306 795; x_wconf 89' lang='lat' dir='ltr'><strong>plantare</strong></span> <span class='ocrx_word' id='word_1_501' title='bbox 3330 724 3531 796; x_wconf 81' lang='lat' dir='ltr'><strong>quippe</strong></span> <span class='ocrx_word' id='word_1_502' title='bbox 3573 723 3642 776; x_wconf 69' lang='lat' dir='ltr'><strong>dii</strong></span> 
     </span>
    </p>
   </div>
   <div class='ocr_carea' id='block_1_69' title="bbox 2116 814 3642 884">
    <p class='ocr_par' dir='ltr' id='par_1_69' title="bbox 2116 814 3642 884">
     <span class='ocr_line' id='line_1_70' title="bbox 2116 814 3642 884; baseline -0.003 -10"><span class='ocrx_word' id='word_1_503' title='bbox 2116 820 2382 875; x_wconf 87' lang='lat' dir='ltr'><strong>catcchesi</strong></span> <span class='ocrx_word' id='word_1_504' title='bbox 2432 819 2728 884; x_wconf 84' lang='lat' dir='ltr'><strong>instituere,</strong></span> <span class='ocrx_word' id='word_1_505' title='bbox 2789 829 2843 873; x_wconf 92' lang='lat' dir='ltr'><strong>et</strong></span> <span class='ocrx_word' id='word_1_506' title='bbox 2889 819 3118 883; x_wconf 83' lang='lat' dir='ltr'><strong>docere;</strong></span> <span class='ocrx_word' id='word_1_507' title='bbox 3170 826 3227 873; x_wconf 85' lang='lat' dir='ltr'><strong>ut</strong></span> <span class='ocrx_word' id='word_1_508' title='bbox 3266 833 3385 873; x_wconf 89' lang='lat' dir='ltr'><strong>cum</strong></span> <span class='ocrx_word' id='word_1_509' title='bbox 3418 818 3492 870; x_wconf 90' lang='lat' dir='ltr'><strong>ait</strong></span> <span class='ocrx_word' id='word_1_510' title='bbox 3532 835 3544 870; x_wconf 93' lang='lat'><strong>:</strong></span> <span class='ocrx_word' id='word_1_511' title='bbox 3593 814 3642 868; x_wconf 80' lang='grc' dir='ltr'><strong>Ε</strong></span> 
     </span>
    </p>
   </div>
   <div class='ocr_carea' id='block_1_70' title="bbox 2121 905 3642 982">
    <p class='ocr_par' dir='ltr' id='par_1_70' title="bbox 2121 905 3642 982">
     <span class='ocr_line' id='line_1_71' title="bbox 2121 905 3642 982; baseline -0.005 -17"><span class='ocrx_word' id='word_1_512' title='bbox 2121 913 2366 982; x_wconf 88' lang='lat' dir='ltr'><strong>plantavi,</strong></span> <span class='ocrx_word' id='word_1_513' title='bbox 2403 909 2587 982; x_wconf 82' lang='lat' dir='ltr'><strong>Apollo</strong></span> <span class='ocrx_word' id='word_1_514' title='bbox 2613 911 2792 981; x_wconf 80' lang='lat' dir='ltr'><strong>rigavit</strong></span> <span class='ocrx_word' id='word_1_515' title='bbox 2833 911 2906 980; x_wconf 87' lang='grc'><strong>(1.</strong></span> <span class='ocrx_word' id='word_1_516' title='bbox 2937 908 3055 964; x_wconf 89' lang='lat' dir='ltr'><strong>Cor.</strong></span> <span class='ocrx_word' id='word_1_517' title='bbox 3084 909 3139 964; x_wconf 83' lang='lat'><strong>&#39;5.</strong></span> <span class='ocrx_word' id='word_1_518' title='bbox 3167 908 3249 977; x_wconf 86' lang='grc'><strong>6).</strong></span> <span class='ocrx_word' id='word_1_519' title='bbox 3288 905 3531 964; x_wconf 74' lang='lat' dir='ltr'><strong>Christus</strong></span> <span class='ocrx_word' id='word_1_520' title='bbox 3572 921 3642 975; x_wconf 90' lang='lat' dir='ltr'><strong>qu</strong></span> 
     </span>
    </p>
   </div>
   <div class='ocr_carea' id='block_1_71' title="bbox 2116 995 3642 1072">
    <p class='ocr_par' dir='ltr' id='par_1_71' title="bbox 2116 995 3642 1072">
     <span class='ocr_line' id='line_1_72' title="bbox 2116 995 3642 1072; baseline -0.006 -16"><span class='ocrx_word' id='word_1_521' title='bbox 2116 1017 2220 1072; x_wconf 92' lang='lat' dir='ltr'><strong>que</strong></span> <span class='ocrx_word' id='word_1_522' title='bbox 2251 1001 2303 1056; x_wconf 91' lang='lat' dir='ltr'><strong>id</strong></span> <span class='ocrx_word' id='word_1_523' title='bbox 2335 1001 2712 1070; x_wconf 89' lang='lat' dir='ltr'><strong>plantationem</strong></span> <span class='ocrx_word' id='word_1_524' title='bbox 2740 1008 2890 1054; x_wconf 89' lang='lat' dir='ltr'><strong>vocat</strong></span> <span class='ocrx_word' id='word_1_525' title='bbox 2920 999 3104 1054; x_wconf 88' lang='lat' dir='ltr'><strong>dicens</strong></span> <span class='ocrx_word' id='word_1_526' title='bbox 3154 1015 3168 1052; x_wconf 87' lang='lat'><strong>:</strong></span> <span class='ocrx_word' id='word_1_527' title='bbox 3213 995 3392 1052; x_wconf 86' lang='lat' dir='ltr'><strong>Omnis</strong></span> <span class='ocrx_word' id='word_1_528' title='bbox 3429 997 3642 1068; x_wconf 78' lang='lat' dir='ltr'><strong>plantat:</strong></span> 
     </span>
    </p>
   </div>
   <div class='ocr_carea' id='block_1_72' title="bbox 2116 1085 3642 1160">
    <p class='ocr_par' dir='ltr' id='par_1_72' title="bbox 2116 1085 3642 1160">
     <span class='ocr_line' id='line_1_73' title="bbox 2116 1085 3642 1160; baseline -0.005 -16"><span class='ocrx_word' id='word_1_529' title='bbox 2116 1106 2265 1160; x_wconf 83' lang='lat' dir='ltr'><strong>quam</strong></span> <span class='ocrx_word' id='word_1_530' title='bbox 2304 1107 2404 1144; x_wconf 88' lang='lat' dir='ltr'><strong>non</strong></span> <span class='ocrx_word' id='word_1_531' title='bbox 2440 1090 2684 1159; x_wconf 81' lang='lat' dir='ltr'><strong>plantavit</strong></span> <span class='ocrx_word' id='word_1_532' title='bbox 2725 1089 2884 1144; x_wconf 89' lang='lat' dir='ltr'><strong>Pater</strong></span> <span class='ocrx_word' id='word_1_533' title='bbox 2908 1105 3048 1142; x_wconf 83' lang='lat' dir='ltr'><strong>meus</strong></span> <span class='ocrx_word' id='word_1_534' title='bbox 3073 1087 3318 1152; x_wconf 72' lang='lat' dir='ltr'><strong>rwlcstis,</strong></span> <span class='ocrx_word' id='word_1_535' title='bbox 3361 1085 3642 1140; x_wconf 87' lang='lat' dir='ltr'><strong>eradicabit</strong></span> 
     </span>
    </p>
   </div>
   <div class='ocr_carea' id='block_1_73' title="bbox 2113 1176 3642 1251">
    <p class='ocr_par' dir='ltr' id='par_1_73' title="bbox 2113 1176 3642 1251">
     <span class='ocr_line' id='line_1_74' title="bbox 2113 1176 3642 1251; baseline -0.005 -16"><span class='ocrx_word' id='word_1_536' title='bbox 2113 1182 2332 1251; x_wconf 73' lang='lat' dir='ltr'><strong>(itan/2.</strong></span> <span class='ocrx_word' id='word_1_537' title='bbox 2368 1182 2451 1236; x_wconf 86' lang='grc'><strong>15.</strong></span> <span class='ocrx_word' id='word_1_538' title='bbox 2475 1182 2587 1250; x_wconf 74' lang='grc'>15).</span> <span class='ocrx_word' id='word_1_539' title='bbox 2608 1180 2742 1235; x_wconf 87' lang='lat' dir='ltr'><strong>Nam</strong></span> <span class='ocrx_word' id='word_1_540' title='bbox 2768 1180 2812 1234; x_wconf 91' lang='lat' dir='ltr'><strong>si</strong></span> <span class='ocrx_word' id='word_1_541' title='bbox 2844 1180 3168 1250; x_wconf 80' lang='lat' dir='ltr'><strong>ncephytum</strong></span> <span class='ocrx_word' id='word_1_542' title='bbox 3191 1176 3642 1246; x_wconf 76' lang='lat' dir='ltr'><strong>dixissetjuvene:</strong></span> 
     </span>
    </p>
   </div>
   <div class='ocr_carea' id='block_1_74' title="bbox 2119 1265 3635 1340">
    <p class='ocr_par' dir='ltr' id='par_1_74' title="bbox 2119 1265 3635 1340">
     <span class='ocr_line' id='line_1_75' title="bbox 2119 1265 3635 1340; baseline -0.006 -13"><span class='ocrx_word' id='word_1_543' title='bbox 2119 1271 2456 1328; x_wconf 84' lang='lat' dir='ltr'><strong>Timotheum</strong></span> <span class='ocrx_word' id='word_1_544' title='bbox 2493 1279 2661 1338; x_wconf 86' lang='lat' dir='ltr'><strong>certe,</strong></span> <span class='ocrx_word' id='word_1_545' title='bbox 2715 1269 3040 1340; x_wconf 84' lang='lat' dir='ltr'><strong>quijuvenis</strong></span> <span class='ocrx_word' id='word_1_546' title='bbox 3071 1276 3210 1334; x_wconf 87' lang='lat' dir='ltr'><strong>erat,</strong></span> <span class='ocrx_word' id='word_1_547' title='bbox 3255 1274 3312 1323; x_wconf 87' lang='lat' dir='ltr'><strong>et</strong></span> <span class='ocrx_word' id='word_1_548' title='bbox 3353 1268 3423 1321; x_wconf 88' lang='lat' dir='ltr'><strong>ita</strong></span> <span class='ocrx_word' id='word_1_549' title='bbox 3462 1265 3635 1336; x_wconf 81' lang='lat' dir='ltr'><strong>juven</strong></span> 
     </span>
    </p>
   </div>
   <div class='ocr_carea' id='block_1_75' title="bbox 2121 1361 3642 1431">
    <p class='ocr_par' dir='ltr' id='par_1_75' title="bbox 2121 1361 3642 1431">
     <span class='ocr_line' id='line_1_76' title="bbox 2121 1361 3642 1431; baseline -0.007 -13"><span class='ocrx_word' id='word_1_550' title='bbox 2121 1376 2177 1418; x_wconf 93' lang='lat' dir='ltr'><strong>ut</strong></span> <span class='ocrx_word' id='word_1_551' title='bbox 2231 1363 2320 1418; x_wconf 84' lang='lat' dir='ltr'><strong>ille</strong></span> <span class='ocrx_word' id='word_1_552' title='bbox 2363 1364 2604 1429; x_wconf 88' lang='lat' dir='ltr'><strong>diceret,</strong></span> <span class='ocrx_word' id='word_1_553' title='bbox 2656 1361 2822 1416; x_wconf 86' lang='lat' dir='ltr'><strong>Nemo</strong></span> <span class='ocrx_word' id='word_1_554' title='bbox 2860 1363 3172 1431; x_wconf 81' lang='lat' dir='ltr'><strong>juventutem</strong></span> <span class='ocrx_word' id='word_1_555' title='bbox 3227 1370 3366 1413; x_wconf 81' lang='lat' dir='ltr'><strong>tuam</strong></span> <span class='ocrx_word' id='word_1_556' title='bbox 3421 1369 3642 1412; x_wconf 69' lang='lat' dir='ltr'><strong>contem:</strong></span> 
     </span>
    </p>
   </div>
   <div class='ocr_carea' id='block_1_76' title="bbox 2119 1451 3641 1524">
    <p class='ocr_par' dir='ltr' id='par_1_76' title="bbox 2119 1451 3641 1524">
     <span class='ocr_line' id='line_1_77' title="bbox 2119 1451 3641 1524; baseline -0.005 -14"><span class='ocrx_word' id='word_1_557' title='bbox 2119 1458 2200 1524; x_wconf 91' lang='lat' dir='ltr'><strong>(l.</strong></span> <span class='ocrx_word' id='word_1_558' title='bbox 2246 1455 2380 1509; x_wconf 89' lang='lat' dir='ltr'><strong>Tim.</strong></span> <span class='ocrx_word' id='word_1_559' title='bbox 2411 1455 2464 1510; x_wconf 78' lang='grc'>4.</span> <span class='ocrx_word' id='word_1_560' title='bbox 2499 1454 2587 1518; x_wconf 72' lang='grc'><strong>12)</strong></span> <span class='ocrx_word' id='word_1_561' title='bbox 2612 1495 2625 1518; x_wconf 83' lang='grc'>,</span> <span class='ocrx_word' id='word_1_562' title='bbox 2675 1454 2742 1508; x_wconf 87' lang='lat' dir='ltr'><strong>ad</strong></span> <span class='ocrx_word' id='word_1_563' title='bbox 2783 1462 2984 1507; x_wconf 89' lang='lat' dir='ltr'><strong>tantum</strong></span> <span class='ocrx_word' id='word_1_564' title='bbox 3029 1452 3247 1507; x_wconf 88' lang='lat' dir='ltr'><strong>culntett</strong></span> <span class='ocrx_word' id='word_1_565' title='bbox 3287 1451 3563 1521; x_wconf 83' lang='lat' dir='ltr'><strong>dignitatis</strong></span> <span class='ocrx_word' id='word_1_566' title='bbox 3605 1465 3641 1502; x_wconf 83' lang='grc' dir='ltr'><strong>η</strong></span> 
     </span>
    </p>
   </div>
   <div class='ocr_carea' id='block_1_77' title="bbox 2119 1541 3640 1613">
    <p class='ocr_par' dir='ltr' id='par_1_77' title="bbox 2119 1541 3640 1613">
     <span class='ocr_line' id='line_1_78' title="bbox 2119 1541 3640 1613; baseline -0.007 -11"><span class='ocrx_word' id='word_1_567' title='bbox 2119 1549 2405 1610; x_wconf 86' lang='lat' dir='ltr'><strong>evexisset,</strong></span> <span class='ocrx_word' id='word_1_568' title='bbox 2435 1560 2536 1601; x_wconf 87' lang='lat' dir='ltr'><strong>nec</strong></span> <span class='ocrx_word' id='word_1_569' title='bbox 2566 1555 2643 1600; x_wconf 92' lang='lat' dir='ltr'><strong>tot</strong></span> <span class='ocrx_word' id='word_1_570' title='bbox 2669 1544 3024 1600; x_wconf 86' lang='lat' dir='ltr'><strong>Ecelesiarum</strong></span> <span class='ocrx_word' id='word_1_571' title='bbox 3056 1542 3196 1598; x_wconf 90' lang='lat' dir='ltr'><strong>ferre</strong></span> <span class='ocrx_word' id='word_1_572' title='bbox 3225 1557 3406 1596; x_wconf 89' lang='lat' dir='ltr'><strong>curam</strong></span> <span class='ocrx_word' id='word_1_573' title='bbox 3429 1541 3640 1613; x_wconf 74' lang='lat' dir='ltr'><strong>parmis</strong></span> 
     </span>
    </p>
   </div>
   <div class='ocr_carea' id='block_1_78' title="bbox 2117 1633 3641 1701">
    <p class='ocr_par' dir='ltr' id='par_1_78' title="bbox 2117 1633 3641 1701">
     <span class='ocr_line' id='line_1_79' title="bbox 2117 1633 3641 1701; baseline -0.009 -6"><span class='ocrx_word' id='word_1_574' title='bbox 2117 1649 2221 1695; x_wconf 87' lang='lat' dir='ltr'><strong>set.</strong></span> <span class='ocrx_word' id='word_1_575' title='bbox 2268 1639 2333 1693; x_wconf 83' lang='lat' dir='ltr'><strong>Et</strong></span> <span class='ocrx_word' id='word_1_576' title='bbox 2359 1639 2593 1695; x_wconf 87' lang='lat' dir='ltr'><strong>illusores</strong></span> <span class='ocrx_word' id='word_1_577' title='bbox 2619 1638 3010 1692; x_wconf 86' lang='lat' dir='ltr'><strong>dominabuntur</strong></span> <span class='ocrx_word' id='word_1_578' title='bbox 3033 1635 3124 1689; x_wconf 87' lang='lat' dir='ltr'><strong>eis.</strong></span> <span class='ocrx_word' id='word_1_579' title='bbox 3177 1633 3337 1688; x_wconf 81' lang='lat' dir='ltr'><strong>Vides</strong></span> <span class='ocrx_word' id='word_1_580' title='bbox 3377 1633 3551 1701; x_wconf 88' lang='lat' dir='ltr'><strong>ipsum</strong></span> <span class='ocrx_word' id='word_1_581' title='bbox 3609 1648 3641 1683; x_wconf 91' lang='lat' dir='ltr'><strong>ll</strong></span> 
     </span>
    </p>
   </div>
   <div class='ocr_carea' id='block_1_79' title="bbox 2121 1714 3642 1801">
    <p class='ocr_par' dir='ltr' id='par_1_79' title="bbox 2121 1714 3642 1801">
     <span class='ocr_line' id='line_1_80' title="bbox 2121 1714 3642 1801; baseline -0.006 -17"><span class='ocrx_word' id='word_1_582' title='bbox 2121 1731 2432 1801; x_wconf 87' lang='lat' dir='ltr'><strong>simpliciter</strong></span> <span class='ocrx_word' id='word_1_583' title='bbox 2478 1714 2692 1786; x_wconf 58' lang='lat' dir='ltr'><strong>aetatem</strong></span> <span class='ocrx_word' id='word_1_584' title='bbox 2741 1728 3056 1795; x_wconf 89' lang='lat' dir='ltr'><strong>traducere,</strong></span> <span class='ocrx_word' id='word_1_585' title='bbox 3100 1726 3194 1781; x_wconf 91' lang='lat' dir='ltr'><strong>sed</strong></span> <span class='ocrx_word' id='word_1_586' title='bbox 3236 1733 3544 1794; x_wconf 90' lang='lat' dir='ltr'><strong>corruptum</strong></span> <span class='ocrx_word' id='word_1_587' title='bbox 3597 1738 3642 1776; x_wconf 76' lang='lat' dir='ltr'><strong>at</strong></span> 
     </span>
    </p>
   </div>
   <div class='ocr_carea' id='block_1_80' title="bbox 2122 1811 3642 1879">
    <p class='ocr_par' dir='ltr' id='par_1_80' title="bbox 2122 1811 3642 1879">
     <span class='ocr_line' id='line_1_81' title="bbox 2122 1811 3642 1879; baseline -0.007 0"><span class='ocrx_word' id='word_1_588' title='bbox 2122 1824 2308 1879; x_wconf 86' lang='lat' dir='ltr'><strong>munt?</strong></span> <span class='ocrx_word' id='word_1_589' title='bbox 2351 1824 2458 1878; x_wconf 86' lang='lat' dir='ltr'><strong>Hac</strong></span> <span class='ocrx_word' id='word_1_590' title='bbox 2483 1824 2624 1878; x_wconf 89' lang='lat' dir='ltr'><strong>enim</strong></span> <span class='ocrx_word' id='word_1_591' title='bbox 2652 1822 2920 1876; x_wconf 86' lang='lat' dir='ltr'><strong>additione</strong></span> <span class='ocrx_word' id='word_1_592' title='bbox 2946 1820 2996 1874; x_wconf 92' lang='lat' dir='ltr'><strong>id</strong></span> <span class='ocrx_word' id='word_1_593' title='bbox 3022 1817 3216 1874; x_wconf 88' lang='lat' dir='ltr'><strong>clarius</strong></span> <span class='ocrx_word' id='word_1_594' title='bbox 3240 1811 3422 1873; x_wconf 79' lang='lat' dir='ltr'><strong>efﬁcit.</strong></span> <span class='ocrx_word' id='word_1_595' title='bbox 3459 1817 3642 1870; x_wconf 70' lang='lat' dir='ltr'><strong>llluso:</strong></span> 
     </span>
    </p>
   </div>
   <div class='ocr_carea' id='block_1_81' title="bbox 2122 1907 3642 1982">
    <p class='ocr_par' dir='ltr' id='par_1_81' title="bbox 2122 1907 3642 1982">
     <span class='ocr_line' id='line_1_82' title="bbox 2122 1907 3642 1982; baseline -0.009 -12"><span class='ocrx_word' id='word_1_596' title='bbox 2122 1917 2262 1978; x_wconf 84' lang='lat' dir='ltr'><strong>enim</strong></span> <span class='ocrx_word' id='word_1_597' title='bbox 2291 1914 2374 1968; x_wconf 89' lang='lat' dir='ltr'><strong>hic</strong></span> <span class='ocrx_word' id='word_1_598' title='bbox 2403 1924 2555 1969; x_wconf 88' lang='lat' dir='ltr'><strong>vocat</strong></span> <span class='ocrx_word' id='word_1_599' title='bbox 2578 1914 2913 1982; x_wconf 89' lang='lat' dir='ltr'><strong>deceptores,</strong></span> <span class='ocrx_word' id='word_1_600' title='bbox 2958 1911 3314 1975; x_wconf 88' lang='lat' dir='ltr'><strong>cavillatores,</strong></span> <span class='ocrx_word' id='word_1_601' title='bbox 3363 1907 3642 1964; x_wconf 71' lang='lat' dir='ltr'><strong>adulatorr</strong></span> 
     </span>
    </p>
   </div>
   <div class='ocr_carea' id='block_1_82' title="bbox 2123 1999 3642 2076">
    <p class='ocr_par' dir='ltr' id='par_1_82' title="bbox 2123 1999 3642 2076">
     <span class='ocr_line' id='line_1_83' title="bbox 2123 1999 3642 2076; baseline -0.007 -16"><span class='ocrx_word' id='word_1_602' title='bbox 2123 2020 2215 2060; x_wconf 90' lang='lat' dir='ltr'><strong>eos</strong></span> <span class='ocrx_word' id='word_1_603' title='bbox 2255 2007 2342 2076; x_wconf 88' lang='lat' dir='ltr'><strong>qui</strong></span> <span class='ocrx_word' id='word_1_604' title='bbox 2376 2005 2550 2060; x_wconf 89' lang='lat' dir='ltr'><strong>verbis</strong></span> <span class='ocrx_word' id='word_1_605' title='bbox 2600 2005 2823 2074; x_wconf 81' lang='lat' dir='ltr'><strong>grtiam</strong></span> <span class='ocrx_word' id='word_1_606' title='bbox 2855 2013 3127 2072; x_wconf 86' lang='lat' dir='ltr'><strong>captantes</strong></span> <span class='ocrx_word' id='word_1_607' title='bbox 3157 2002 3302 2071; x_wconf 90' lang='lat' dir='ltr'><strong>ipsos</strong></span> <span class='ocrx_word' id='word_1_608' title='bbox 3329 1999 3543 2053; x_wconf 82' lang='lat' dir='ltr'><strong>diabolo</strong></span> <span class='ocrx_word' id='word_1_609' title='bbox 3598 2014 3642 2067; x_wconf 79' lang='grc' dir='ltr'><strong>ιιι</strong></span> 
     </span>
    </p>
   </div>
   <div class='ocr_carea' id='block_1_83' title="bbox 2124 2091 3642 2169">
    <p class='ocr_par' dir='ltr' id='par_1_83' title="bbox 2124 2091 3642 2169">
     <span class='ocr_line' id='line_1_84' title="bbox 2124 2091 3642 2169; baseline -0.005 -19"><span class='ocrx_word' id='word_1_610' title='bbox 2124 2101 2390 2169; x_wconf 86' lang='lat' dir='ltr'><strong>pinarent.</strong></span> <span class='ocrx_word' id='word_1_611' title='bbox 2441 2100 2493 2152; x_wconf 85' lang='lat'><strong>5.</strong></span> <span class='ocrx_word' id='word_1_612' title='bbox 2548 2097 2610 2150; x_wconf 78' lang='lat' dir='ltr'><strong>Et</strong></span> <span class='ocrx_word' id='word_1_613' title='bbox 2647 2105 2846 2149; x_wconf 82' lang='lat' dir='ltr'><strong>corruet</strong></span> <span class='ocrx_word' id='word_1_614' title='bbox 2877 2095 3112 2165; x_wconf 78' lang='lat' dir='ltr'><strong>papulas,</strong></span> <span class='ocrx_word' id='word_1_615' title='bbox 3147 2097 3296 2145; x_wconf 84' lang='lat' dir='ltr'><strong>homo</strong></span> <span class='ocrx_word' id='word_1_616' title='bbox 3323 2091 3390 2144; x_wconf 89' lang='lat' dir='ltr'><strong>ad</strong></span> <span class='ocrx_word' id='word_1_617' title='bbox 3418 2091 3642 2144; x_wconf 71' lang='lat' dir='ltr'><strong>nominet</strong></span> 
     </span>
    </p>
   </div>
   <div class='ocr_carea' id='block_1_84' title="bbox 2122 2181 3642 2258">
    <p class='ocr_par' dir='ltr' id='par_1_84' title="bbox 2122 2181 3642 2258">
     <span class='ocr_line' id='line_1_85' title="bbox 2122 2181 3642 2258; baseline -0.005 -15"><span class='ocrx_word' id='word_1_618' title='bbox 2122 2199 2169 2243; x_wconf 85' lang='lat' dir='ltr'><strong>et</strong></span> <span class='ocrx_word' id='word_1_619' title='bbox 2215 2191 2363 2244; x_wconf 84' lang='lat' dir='ltr'><strong>homo</strong></span> <span class='ocrx_word' id='word_1_620' title='bbox 2419 2189 2486 2242; x_wconf 87' lang='lat' dir='ltr'><strong>ad</strong></span> <span class='ocrx_word' id='word_1_621' title='bbox 2541 2187 2823 2258; x_wconf 75' lang='lat' dir='ltr'><strong>proximum</strong></span> <span class='ocrx_word' id='word_1_622' title='bbox 2868 2201 3036 2240; x_wconf 89' lang='lat' dir='ltr'><strong>suum.</strong></span> <span class='ocrx_word' id='word_1_623' title='bbox 3086 2181 3542 2252; x_wconf 84' lang='lat' dir='ltr'><strong>Quemadmodum</strong></span> <span class='ocrx_word' id='word_1_624' title='bbox 3577 2196 3642 2236; x_wconf 83' lang='lat' dir='ltr'><strong>en</strong></span> 
     </span>
    </p>
   </div>
   <div class='ocr_carea' id='block_1_85' title="bbox 2124 2273 3642 2352">
    <p class='ocr_par' dir='ltr' id='par_1_85' title="bbox 2124 2273 3642 2352">
     <span class='ocr_line' id='line_1_86' title="bbox 2124 2273 3642 2352; baseline -0.007 -16"><span class='ocrx_word' id='word_1_625' title='bbox 2124 2283 2278 2352; x_wconf 83' lang='lat' dir='ltr'><strong>lignis</strong></span> <span class='ocrx_word' id='word_1_626' title='bbox 2310 2297 2429 2351; x_wconf 66' lang='lat' dir='ltr'><strong>qua:</strong></span> <span class='ocrx_word' id='word_1_627' title='bbox 2469 2279 2692 2335; x_wconf 73' lang='lat' dir='ltr'><strong>tedifieia</strong></span> <span class='ocrx_word' id='word_1_628' title='bbox 2728 2277 3072 2334; x_wconf 81' lang='lat' dir='ltr'><strong>continebant</strong></span> <span class='ocrx_word' id='word_1_629' title='bbox 3098 2275 3384 2345; x_wconf 90' lang='lat' dir='ltr'><strong>corruptis,</strong></span> <span class='ocrx_word' id='word_1_630' title='bbox 3415 2281 3505 2327; x_wconf 90' lang='lat' dir='ltr'><strong>aut</strong></span> <span class='ocrx_word' id='word_1_631' title='bbox 3537 2273 3642 2327; x_wconf 81' lang='lat' dir='ltr'><strong>sub</strong></span> 
     </span>
    </p>
   </div>
   <div class='ocr_carea' id='block_1_86' title="bbox 2125 2365 3642 2442">
    <p class='ocr_par' dir='ltr' id='par_1_86' title="bbox 2125 2365 3642 2442">
     <span class='ocr_line' id='line_1_87' title="bbox 2125 2365 3642 2442; baseline -0.009 -14"><span class='ocrx_word' id='word_1_632' title='bbox 2125 2376 2210 2442; x_wconf 88' lang='lat' dir='ltr'><strong>tis,</strong></span> <span class='ocrx_word' id='word_1_633' title='bbox 2261 2389 2484 2430; x_wconf 89' lang='lat' dir='ltr'><strong>necesse</strong></span> <span class='ocrx_word' id='word_1_634' title='bbox 2512 2381 2594 2428; x_wconf 86' lang='lat' dir='ltr'><strong>est</strong></span> <span class='ocrx_word' id='word_1_635' title='bbox 2620 2371 2780 2427; x_wconf 89' lang='lat' dir='ltr'><strong>etiam</strong></span> <span class='ocrx_word' id='word_1_636' title='bbox 2809 2385 2990 2424; x_wconf 92' lang='lat' dir='ltr'><strong>muros</strong></span> <span class='ocrx_word' id='word_1_637' title='bbox 3034 2368 3326 2439; x_wconf 85' lang='lat' dir='ltr'><strong>perrumpi,</strong></span> <span class='ocrx_word' id='word_1_638' title='bbox 3376 2366 3522 2420; x_wconf 91' lang='lat' dir='ltr'><strong>nullo</strong></span> <span class='ocrx_word' id='word_1_639' title='bbox 3584 2365 3642 2416; x_wconf 89' lang='grc' dir='ltr'>ιιι</span> 
     </span>
    </p>
   </div>
   <div class='ocr_carea' id='block_1_87' title="bbox 2124 2456 3642 2530">
    <p class='ocr_par' dir='ltr' id='par_1_87' title="bbox 2124 2456 3642 2530">
     <span class='ocr_line' id='line_1_88' title="bbox 2124 2456 3642 2530; baseline -0.01 -8"><span class='ocrx_word' id='word_1_640' title='bbox 2124 2467 2387 2522; x_wconf 87' lang='lat' dir='ltr'><strong>retinente</strong></span> <span class='ocrx_word' id='word_1_641' title='bbox 2439 2482 2454 2519; x_wconf 77' lang='grc' dir='ltr'><strong>ε</strong></span> <span class='ocrx_word' id='word_1_642' title='bbox 2505 2463 2584 2519; x_wconf 90' lang='lat' dir='ltr'><strong>sic</strong></span> <span class='ocrx_word' id='word_1_643' title='bbox 2631 2462 2734 2517; x_wconf 90' lang='lat' dir='ltr'><strong>illis</strong></span> <span class='ocrx_word' id='word_1_644' title='bbox 2786 2461 3028 2526; x_wconf 87' lang='lat' dir='ltr'><strong>sublatis,</strong></span> <span class='ocrx_word' id='word_1_645' title='bbox 3054 2459 3145 2530; x_wconf 90' lang='lat' dir='ltr'><strong>qui</strong></span> <span class='ocrx_word' id='word_1_646' title='bbox 3188 2473 3346 2528; x_wconf 90' lang='lat' dir='ltr'><strong>supra</strong></span> <span class='ocrx_word' id='word_1_647' title='bbox 3393 2456 3520 2511; x_wconf 91' lang='lat' dir='ltr'><strong>dicti</strong></span> <span class='ocrx_word' id='word_1_648' title='bbox 3573 2471 3642 2509; x_wconf 89' lang='lat' dir='ltr'><strong>su</strong></span> 
     </span>
    </p>
   </div>
   <div class='ocr_carea' id='block_1_88' title="bbox 2125 2547 3641 2630">
    <p class='ocr_par' dir='ltr' id='par_1_88' title="bbox 2125 2547 3641 2630">
     <span class='ocr_line' id='line_1_89' title="bbox 2125 2547 3641 2630; baseline -0.009 -18"><span class='ocrx_word' id='word_1_649' title='bbox 2125 2558 2471 2630; x_wconf 87' lang='lat' dir='ltr'><strong>principibus,</strong></span> <span class='ocrx_word' id='word_1_650' title='bbox 2525 2553 2863 2617; x_wconf 90' lang='lat' dir='ltr'><strong>consiliariis,</strong></span> <span class='ocrx_word' id='word_1_651' title='bbox 2906 2551 3191 2622; x_wconf 83' lang='lat' dir='ltr'><strong>iudicibus,</strong></span> <span class='ocrx_word' id='word_1_652' title='bbox 3241 2548 3534 2620; x_wconf 85' lang='lat' dir='ltr'><strong>prophetis.</strong></span> <span class='ocrx_word' id='word_1_653' title='bbox 3595 2547 3641 2600; x_wconf 61' lang='grc' dir='ltr'><strong>ιιῙ</strong></span> 
     </span>
    </p>
   </div>
   <div class='ocr_carea' id='block_1_89' title="bbox 2127 2640 3642 2726">
    <p class='ocr_par' dir='ltr' id='par_1_89' title="bbox 2127 2640 3642 2726">
     <span class='ocr_line' id='line_1_90' title="bbox 2127 2640 3642 2726; baseline -0.013 -15"><span class='ocrx_word' id='word_1_654' title='bbox 2127 2653 2463 2726; x_wconf 88' lang='lat' dir='ltr'><strong>prohibebat,</strong></span> <span class='ocrx_word' id='word_1_655' title='bbox 2508 2649 2632 2720; x_wconf 88' lang='lat' dir='ltr'><strong>quin</strong></span> <span class='ocrx_word' id='word_1_656' title='bbox 2683 2646 2910 2718; x_wconf 91' lang='lat' dir='ltr'><strong>populus</strong></span> <span class='ocrx_word' id='word_1_657' title='bbox 2939 2649 2990 2700; x_wconf 88' lang='lat' dir='ltr'><strong>in</strong></span> <span class='ocrx_word' id='word_1_658' title='bbox 3023 2643 3279 2699; x_wconf 88' lang='lat' dir='ltr'><strong>factiones</strong></span> <span class='ocrx_word' id='word_1_659' title='bbox 3308 2658 3366 2697; x_wconf 84' lang='lat' dir='ltr'><strong>se</strong></span> <span class='ocrx_word' id='word_1_660' title='bbox 3403 2640 3642 2695; x_wconf 73' lang='lat' dir='ltr'><strong>scinden</strong></span> 
     </span>
    </p>
   </div>
   <div class='ocr_carea' id='block_1_90' title="bbox 2126 2739 3044 2816">
    <p class='ocr_par' dir='ltr' id='par_1_90' title="bbox 2126 2739 3044 2816">
     <span class='ocr_line' id='line_1_91' title="bbox 2126 2739 3044 2816; baseline -0.016 -11"><span class='ocrx_word' id='word_1_661' title='bbox 2126 2759 2181 2806; x_wconf 91' lang='lat' dir='ltr'><strong>et</strong></span> <span class='ocrx_word' id='word_1_662' title='bbox 2207 2759 2396 2816; x_wconf 80' lang='lat' dir='ltr'><strong>magna</strong></span> <span class='ocrx_word' id='word_1_663' title='bbox 2434 2741 2762 2814; x_wconf 89' lang='lat' dir='ltr'><strong>perturbatio</strong></span> <span class='ocrx_word' id='word_1_664' title='bbox 2792 2739 3044 2793; x_wconf 88' lang='lat' dir='ltr'><strong>oriretur.</strong></span> 
     </span>
    </p>
   </div>
   <div class='ocr_carea' id='block_1_91' title="bbox 2197 2825 3598 2906">
    <p class='ocr_par' dir='ltr' id='par_1_91' title="bbox 2197 2825 3598 2906">
     <span class='ocr_line' id='line_1_92' title="bbox 2197 2825 3598 2906; baseline -0.012 -11"><span class='ocrx_word' id='word_1_665' title='bbox 2197 2842 2254 2896; x_wconf 76' lang='grc'>4.</span> <span class='ocrx_word' id='word_1_666' title='bbox 2285 2837 2452 2892; x_wconf 87' lang='lat' dir='ltr'><strong>Irruet</strong></span> <span class='ocrx_word' id='word_1_667' title='bbox 2493 2835 2733 2906; x_wconf 82' lang='lat' dir='ltr'><strong>puerulus</strong></span> <span class='ocrx_word' id='word_1_668' title='bbox 2777 2831 3016 2885; x_wconf 84' lang='lat' dir='ltr'><strong>adversus</strong></span> <span class='ocrx_word' id='word_1_669' title='bbox 3053 2845 3247 2891; x_wconf 79' lang='lat' dir='ltr'><strong>senem,</strong></span> <span class='ocrx_word' id='word_1_670' title='bbox 3269 2837 3316 2882; x_wconf 88' lang='lat' dir='ltr'><strong>et</strong></span> <span class='ocrx_word' id='word_1_671' title='bbox 3351 2825 3598 2896; x_wconf 84' lang='lat' dir='ltr'><strong>ignobilis</strong></span> 
     </span>
    </p>
   </div>
   <div class='ocr_carea' id='block_1_92' title="bbox 2125 2917 3641 2989">
    <p class='ocr_par' dir='ltr' id='par_1_92' title="bbox 2125 2917 3641 2989">
     <span class='ocr_line' id='line_1_93' title="bbox 2125 2917 3641 2989; baseline -0.011 -2"><span class='ocrx_word' id='word_1_672' title='bbox 2125 2946 2298 2988; x_wconf 83' lang='lat' dir='ltr'><strong>versus</strong></span> <span class='ocrx_word' id='word_1_673' title='bbox 2336 2925 2573 2982; x_wconf 76' lang='lat' dir='ltr'><strong>nobilem.</strong></span> <span class='ocrx_word' id='word_1_674' title='bbox 2622 2919 3036 2987; x_wconf 86' lang='lat' dir='ltr'><strong>Adversabitur,</strong></span> <span class='ocrx_word' id='word_1_675' title='bbox 3074 2919 3242 2989; x_wconf 88' lang='lat' dir='ltr'><strong>inquit</strong></span> <span class='ocrx_word' id='word_1_676' title='bbox 3271 2959 3285 2982; x_wconf 91' lang='lat'><strong>,</strong></span> <span class='ocrx_word' id='word_1_677' title='bbox 3307 2917 3518 2988; x_wconf 87' lang='lat' dir='ltr'><strong>juvenis</strong></span> <span class='ocrx_word' id='word_1_678' title='bbox 3569 2931 3641 2970; x_wconf 86' lang='lat' dir='ltr'><strong>se</strong></span> 
     </span>
    </p>
   </div>
   <div class='ocr_carea' id='block_1_93' title="bbox 2125 3008 3642 3091">
    <p class='ocr_par' dir='ltr' id='par_1_93' title="bbox 2125 3008 3642 3091">
     <span class='ocr_line' id='line_1_94' title="bbox 2125 3008 3642 3091; baseline -0.011 -14"><span class='ocrx_word' id='word_1_679' title='bbox 2125 3020 2426 3091; x_wconf 89' lang='lat' dir='ltr'><strong>despiciet,</strong></span> <span class='ocrx_word' id='word_1_680' title='bbox 2474 3021 2778 3070; x_wconf 90' lang='lat' dir='ltr'><strong>contemnet</strong></span> <span class='ocrx_word' id='word_1_681' title='bbox 2828 3011 2997 3065; x_wconf 91' lang='lat' dir='ltr'><strong>illum.</strong></span> <span class='ocrx_word' id='word_1_682' title='bbox 3051 3009 3176 3063; x_wconf 56' lang='lat' dir='ltr'><strong>Haec</strong></span> <span class='ocrx_word' id='word_1_683' title='bbox 3226 3008 3382 3063; x_wconf 89' lang='lat' dir='ltr'><strong>etiam</strong></span> <span class='ocrx_word' id='word_1_684' title='bbox 3429 3016 3642 3075; x_wconf 89' lang='lat' dir='ltr'><strong>antequ</strong></span> 
     </span>
    </p>
   </div>
   <div class='ocr_carea' id='block_1_94' title="bbox 2130 3097 3642 3174">
    <p class='ocr_par' dir='ltr' id='par_1_94' title="bbox 2130 3097 3642 3174">
     <span class='ocr_line' id='line_1_95' title="bbox 2130 3097 3642 3174; baseline -0.011 -7"><span class='ocrx_word' id='word_1_685' title='bbox 2130 3111 2326 3167; x_wconf 93' lang='lat' dir='ltr'><strong>bellum</strong></span> <span class='ocrx_word' id='word_1_686' title='bbox 2371 3109 2592 3162; x_wconf 86' lang='lat' dir='ltr'><strong>instaret</strong></span> <span class='ocrx_word' id='word_1_687' title='bbox 2631 3101 2819 3174; x_wconf 87' lang='lat' dir='ltr'><strong>quovis</strong></span> <span class='ocrx_word' id='word_1_688' title='bbox 2847 3100 2990 3156; x_wconf 87' lang='lat' dir='ltr'><strong>bello</strong></span> <span class='ocrx_word' id='word_1_689' title='bbox 3028 3099 3266 3169; x_wconf 80' lang='lat' dir='ltr'><strong>graviora</strong></span> <span class='ocrx_word' id='word_1_690' title='bbox 3295 3105 3464 3152; x_wconf 91' lang='lat' dir='ltr'><strong>erant.</strong></span> <span class='ocrx_word' id='word_1_691' title='bbox 3493 3097 3642 3164; x_wconf 88' lang='lat' dir='ltr'><strong>Quat</strong></span> 
     </span>
    </p>
   </div>
   <div class='ocr_carea' id='block_1_95' title="bbox 2129 3189 3642 3266">
    <p class='ocr_par' dir='ltr' id='par_1_95' title="bbox 2129 3189 3642 3266">
     <span class='ocr_line' id='line_1_96' title="bbox 2129 3189 3642 3266; baseline -0.012 -6"><span class='ocrx_word' id='word_1_692' title='bbox 2129 3205 2272 3261; x_wconf 90' lang='lat' dir='ltr'><strong>enim</strong></span> <span class='ocrx_word' id='word_1_693' title='bbox 2308 3207 2556 3257; x_wconf 87' lang='lat' dir='ltr'><strong>senectus</strong></span> <span class='ocrx_word' id='word_1_694' title='bbox 2599 3214 2628 3250; x_wconf 92' lang='lat' dir='ltr'><strong>a</strong></span> <span class='ocrx_word' id='word_1_695' title='bbox 2669 3196 2946 3266; x_wconf 77' lang='lat' dir='ltr'><strong>iuventute</strong></span> <span class='ocrx_word' id='word_1_696' title='bbox 2987 3192 3333 3247; x_wconf 81' lang='lat' dir='ltr'><strong>inhonoratur</strong></span> <span class='ocrx_word' id='word_1_697' title='bbox 3356 3229 3372 3256; x_wconf 94' lang='lat'><strong>,</strong></span> <span class='ocrx_word' id='word_1_698' title='bbox 3399 3189 3642 3257; x_wconf 70' lang='lat' dir='ltr'><strong>vilesqui</strong></span> 
     </span>
    </p>
   </div>
   <div class='ocr_carea' id='block_1_96' title="bbox 2130 3279 3642 3364">
    <p class='ocr_par' dir='ltr' id='par_1_96' title="bbox 2130 3279 3642 3364">
     <span class='ocr_line' id='line_1_97' title="bbox 2130 3279 3642 3364; baseline -0.011 -13"><span class='ocrx_word' id='word_1_699' title='bbox 2130 3293 2324 3364; x_wconf 87' lang='lat' dir='ltr'><strong>abjecti</strong></span> <span class='ocrx_word' id='word_1_700' title='bbox 2353 3289 2596 3346; x_wconf 90' lang='lat' dir='ltr'><strong>homines</strong></span> <span class='ocrx_word' id='word_1_701' title='bbox 2623 3285 2960 3341; x_wconf 88' lang='lat' dir='ltr'><strong>honorabiles</strong></span> <span class='ocrx_word' id='word_1_702' title='bbox 2988 3282 3133 3351; x_wconf 88' lang='lat' dir='ltr'><strong>prius</strong></span> <span class='ocrx_word' id='word_1_703' title='bbox 3166 3281 3308 3335; x_wconf 89' lang='lat' dir='ltr'><strong>viros</strong></span> <span class='ocrx_word' id='word_1_704' title='bbox 3335 3279 3548 3334; x_wconf 89' lang='lat' dir='ltr'><strong>caleant</strong></span> <span class='ocrx_word' id='word_1_705' title='bbox 3575 3320 3593 3342; x_wconf 94' lang='lat'><strong>,</strong></span> <span class='ocrx_word' id='word_1_706' title='bbox 3634 3294 3642 3334; x_wconf 85' lang='grc' dir='ltr'><strong>ι</strong></span> 
     </span>
    </p>
   </div>
   <div class='ocr_carea' id='block_1_97' title="bbox 2133 3370 3642 3443">
    <p class='ocr_par' dir='ltr' id='par_1_97' title="bbox 2133 3370 3642 3443">
     <span class='ocr_line' id='line_1_98' title="bbox 2133 3370 3642 3443; baseline -0.013 -2"><span class='ocrx_word' id='word_1_707' title='bbox 2133 3385 2339 3441; x_wconf 90' lang='lat' dir='ltr'><strong>meliori</strong></span> <span class='ocrx_word' id='word_1_708' title='bbox 2371 3383 2422 3437; x_wconf 91' lang='lat' dir='ltr'><strong>in</strong></span> <span class='ocrx_word' id='word_1_709' title='bbox 2451 3389 2591 3435; x_wconf 90' lang='lat' dir='ltr'><strong>statu</strong></span> <span class='ocrx_word' id='word_1_710' title='bbox 2623 3385 2867 3433; x_wconf 87' lang='lat' dir='ltr'><strong>versatur</strong></span> <span class='ocrx_word' id='word_1_711' title='bbox 2894 3371 3196 3443; x_wconf 87' lang='lat' dir='ltr'><strong>hujusmodi</strong></span> <span class='ocrx_word' id='word_1_712' title='bbox 3236 3370 3421 3425; x_wconf 86' lang='lat' dir='ltr'><strong>civitas</strong></span> <span class='ocrx_word' id='word_1_713' title='bbox 3444 3409 3460 3436; x_wconf 95' lang='lat'><strong>,</strong></span> <span class='ocrx_word' id='word_1_714' title='bbox 3488 3385 3642 3440; x_wconf 82' lang='lat' dir='ltr'><strong>quar</strong></span> 
     </span>
    </p>
   </div>
   <div class='ocr_carea' id='block_1_98' title="bbox 2137 3463 3641 3537">
    <p class='ocr_par' dir='ltr' id='par_1_98' title="bbox 2137 3463 3641 3537">
     <span class='ocr_line' id='line_1_99' title="bbox 2137 3463 3641 3537; baseline -0.013 -2"><span class='ocrx_word' id='word_1_715' title='bbox 2137 3477 2372 3535; x_wconf 86' lang='lat' dir='ltr'><strong>hariolos</strong></span> <span class='ocrx_word' id='word_1_716' title='bbox 2416 3473 2658 3529; x_wconf 82' lang='lat' dir='ltr'><strong>haberet.</strong></span> <span class='ocrx_word' id='word_1_717' title='bbox 2700 3469 2751 3526; x_wconf 88' lang='lat'><strong>6.</strong></span> <span class='ocrx_word' id='word_1_718' title='bbox 2783 3469 2916 3536; x_wconf 85' lang='lat' dir='ltr'><strong>Quia</strong></span> <span class='ocrx_word' id='word_1_719' title='bbox 2943 3465 3282 3537; x_wconf 82' lang='lat' dir='ltr'><strong>appreltcndet</strong></span> <span class='ocrx_word' id='word_1_720' title='bbox 3321 3463 3469 3516; x_wconf 85' lang='lat' dir='ltr'><strong>homo</strong></span> <span class='ocrx_word' id='word_1_721' title='bbox 3513 3465 3641 3533; x_wconf 83' lang='lat' dir='ltr'><strong>frat</strong></span> 
     </span>
    </p>
   </div>
   <div class='ocr_carea' id='block_1_99' title="bbox 2135 3551 3642 3630">
    <p class='ocr_par' dir='ltr' id='par_1_99' title="bbox 2135 3551 3642 3630">
     <span class='ocr_line' id='line_1_100' title="bbox 2135 3551 3642 3630; baseline -0.014 -4"><span class='ocrx_word' id='word_1_722' title='bbox 2135 3587 2282 3626; x_wconf 88' lang='lat' dir='ltr'><strong>suum</strong></span> <span class='ocrx_word' id='word_1_723' title='bbox 2321 3580 2411 3622; x_wconf 88' lang='lat' dir='ltr'><strong>aut</strong></span> <span class='ocrx_word' id='word_1_724' title='bbox 2441 3564 2765 3620; x_wconf 82' lang='lat' dir='ltr'><strong>dotttesticum</strong></span> <span class='ocrx_word' id='word_1_725' title='bbox 2795 3559 2954 3630; x_wconf 81' lang='lat' dir='ltr'><strong>patris</strong></span> <span class='ocrx_word' id='word_1_726' title='bbox 2997 3558 3077 3611; x_wconf 89' lang='lat' dir='ltr'><strong>sui</strong></span> <span class='ocrx_word' id='word_1_727' title='bbox 3115 3556 3286 3608; x_wconf 87' lang='lat' dir='ltr'><strong>dicens</strong></span> <span class='ocrx_word' id='word_1_728' title='bbox 3312 3569 3331 3607; x_wconf 93' lang='lat'><strong><em>:</em></strong></span> <span class='ocrx_word' id='word_1_729' title='bbox 3368 3551 3642 3606; x_wconf 85' lang='lat' dir='ltr'><strong>Vestimen</strong></span> 
     </span>
    </p>
   </div>
   <div class='ocr_carea' id='block_1_100' title="bbox 2139 3644 3638 3728">
    <p class='ocr_par' dir='ltr' id='par_1_100' title="bbox 2139 3644 3638 3728">
     <span class='ocr_line' id='line_1_101' title="bbox 2139 3644 3638 3728; baseline -0.013 -14"><span class='ocrx_word' id='word_1_730' title='bbox 2139 3661 2311 3726; x_wconf 80' lang='lat' dir='ltr'><strong>habes,</strong></span> <span class='ocrx_word' id='word_1_731' title='bbox 2345 3659 2579 3728; x_wconf 76' lang='lat' dir='ltr'><strong>princeps</strong></span> <span class='ocrx_word' id='word_1_732' title='bbox 2604 3661 2768 3706; x_wconf 84' lang='lat' dir='ltr'><strong>noster</strong></span> <span class='ocrx_word' id='word_1_733' title='bbox 2794 3659 2918 3713; x_wconf 88' lang='lat' dir='ltr'><strong>esto,</strong></span> <span class='ocrx_word' id='word_1_734' title='bbox 2948 3657 2997 3703; x_wconf 85' lang='lat' dir='ltr'><strong>et</strong></span> <span class='ocrx_word' id='word_1_735' title='bbox 3025 3646 3162 3701; x_wconf 87' lang='lat' dir='ltr'><strong>cibus</strong></span> <span class='ocrx_word' id='word_1_736' title='bbox 3189 3660 3326 3698; x_wconf 85' lang='lat' dir='ltr'><strong>meus</strong></span> <span class='ocrx_word' id='word_1_737' title='bbox 3353 3644 3445 3696; x_wconf 83' lang='lat' dir='ltr'><strong>sub</strong></span> <span class='ocrx_word' id='word_1_738' title='bbox 3475 3651 3524 3697; x_wconf 88' lang='lat' dir='ltr'><strong>te</strong></span> <span class='ocrx_word' id='word_1_739' title='bbox 3553 3644 3638 3697; x_wconf 89' lang='lat' dir='ltr'><strong>sit</strong></span> 
     </span>
    </p>
   </div>
   <div class='ocr_carea' id='block_1_101' title="bbox 2141 3736 3622 3822">
    <p class='ocr_par' dir='ltr' id='par_1_101' title="bbox 2141 3736 3622 3822">
     <span class='ocr_line' id='line_1_102' title="bbox 2141 3736 3622 3822; baseline -0.014 -14"><span class='ocrx_word' id='word_1_740' title='bbox 2141 3753 2208 3808; x_wconf 83' lang='lat' dir='ltr'><strong>Et</strong></span> <span class='ocrx_word' id='word_1_741' title='bbox 2236 3749 2542 3822; x_wconf 73' lang='lat' dir='ltr'><strong>respondens</strong></span> <span class='ocrx_word' id='word_1_742' title='bbox 2562 3747 2617 3800; x_wconf 87' lang='lat' dir='ltr'><strong>in</strong></span> <span class='ocrx_word' id='word_1_743' title='bbox 2642 3746 2724 3798; x_wconf 85' lang='lat' dir='ltr'><strong>die</strong></span> <span class='ocrx_word' id='word_1_744' title='bbox 2745 3743 2836 3798; x_wconf 87' lang='lat' dir='ltr'><strong>illa</strong></span> <span class='ocrx_word' id='word_1_745' title='bbox 2870 3741 2999 3795; x_wconf 85' lang='lat' dir='ltr'><strong>dicet</strong></span> <span class='ocrx_word' id='word_1_746' title='bbox 3023 3755 3042 3793; x_wconf 92' lang='lat'><em>:</em></span> <span class='ocrx_word' id='word_1_747' title='bbox 3064 3737 3184 3792; x_wconf 86' lang='lat' dir='ltr'><strong>Non</strong></span> <span class='ocrx_word' id='word_1_748' title='bbox 3210 3752 3295 3792; x_wconf 89' lang='lat' dir='ltr'><strong>ero</strong></span> <span class='ocrx_word' id='word_1_749' title='bbox 3325 3736 3566 3806; x_wconf 84' lang='lat' dir='ltr'><strong>princeps</strong></span> <span class='ocrx_word' id='word_1_750' title='bbox 3595 3751 3622 3788; x_wconf 92' lang='lat'><strong><em>:</em></strong></span> 
     </span>
    </p>
   </div>
   <div class='ocr_carea' id='block_1_102' title="bbox 2141 3829 3642 3904">
    <p class='ocr_par' dir='ltr' id='par_1_102' title="bbox 2141 3829 3642 3904">
     <span class='ocr_line' id='line_1_103' title="bbox 2141 3829 3642 3904; baseline -0.016 -3"><span class='ocrx_word' id='word_1_751' title='bbox 2141 3847 2273 3902; x_wconf 84' lang='lat' dir='ltr'><strong>cnim</strong></span> <span class='ocrx_word' id='word_1_752' title='bbox 2298 3853 2372 3898; x_wconf 86' lang='lat' dir='ltr'><strong>est</strong></span> <span class='ocrx_word' id='word_1_753' title='bbox 2411 3843 2465 3895; x_wconf 87' lang='lat' dir='ltr'><strong>in</strong></span> <span class='ocrx_word' id='word_1_754' title='bbox 2504 3842 2652 3893; x_wconf 90' lang='lat' dir='ltr'><strong>domo</strong></span> <span class='ocrx_word' id='word_1_755' title='bbox 2681 3846 2791 3890; x_wconf 82' lang='lat' dir='ltr'><strong>mea</strong></span> <span class='ocrx_word' id='word_1_756' title='bbox 2828 3833 2974 3904; x_wconf 88' lang='lat' dir='ltr'><strong>panis</strong></span> <span class='ocrx_word' id='word_1_757' title='bbox 3004 3847 3162 3901; x_wconf 88' lang='lat' dir='ltr'><strong>neque</strong></span> <span class='ocrx_word' id='word_1_758' title='bbox 3197 3829 3574 3882; x_wconf 81' lang='lat' dir='ltr'><strong>vestimentum.</strong></span> <span class='ocrx_word' id='word_1_759' title='bbox 3632 3863 3642 3880; x_wconf 78' lang='lat'><strong>.</strong></span> 
     </span>
    </p>
   </div>
   <div class='ocr_carea' id='block_1_103' title="bbox 2143 3919 3642 4006">
    <p class='ocr_par' dir='ltr' id='par_1_103' title="bbox 2143 3919 3642 4006">
     <span class='ocr_line' id='line_1_104' title="bbox 2143 3919 3642 4006; baseline -0.015 -14"><span class='ocrx_word' id='word_1_760' title='bbox 2143 3953 2229 3992; x_wconf 81' lang='lat' dir='ltr'><strong>cro</strong></span> <span class='ocrx_word' id='word_1_761' title='bbox 2273 3934 2502 4006; x_wconf 83' lang='lat' dir='ltr'><strong>princeps</strong></span> <span class='ocrx_word' id='word_1_762' title='bbox 2528 3928 2702 4000; x_wconf 86' lang='lat' dir='ltr'><strong>populi</strong></span> <span class='ocrx_word' id='word_1_763' title='bbox 2732 3926 2902 3996; x_wconf 86' lang='lat' dir='ltr'><strong>hujus.</strong></span> <span class='ocrx_word' id='word_1_764' title='bbox 2930 3923 3026 3978; x_wconf 89' lang='lat' dir='ltr'><strong>Hic</strong></span> <span class='ocrx_word' id='word_1_765' title='bbox 3065 3920 3194 3975; x_wconf 89' lang='lat' dir='ltr'><strong>mihi</strong></span> <span class='ocrx_word' id='word_1_766' title='bbox 3223 3919 3431 3973; x_wconf 90' lang='lat' dir='ltr'><strong>videtur</strong></span> <span class='ocrx_word' id='word_1_767' title='bbox 3464 3927 3566 3971; x_wconf 89' lang='lat' dir='ltr'><strong>aut</strong></span> <span class='ocrx_word' id='word_1_768' title='bbox 3603 3933 3642 3970; x_wconf 78' lang='grc' dir='ltr'>(ι</span> 
     </span>
    </p>
   </div>
   <div class='ocr_carea' id='block_1_104' title="bbox 2144 4010 3642 4094">
    <p class='ocr_par' dir='ltr' id='par_1_104' title="bbox 2144 4010 3642 4094">
     <span class='ocr_line' id='line_1_105' title="bbox 2144 4010 3642 4094; baseline -0.015 -10"><span class='ocrx_word' id='word_1_769' title='bbox 2144 4030 2357 4084; x_wconf 90' lang='lat' dir='ltr'><strong>dioncm</strong></span> <span class='ocrx_word' id='word_1_770' title='bbox 2387 4025 2616 4094; x_wconf 88' lang='lat' dir='ltr'><strong>aliquam</strong></span> <span class='ocrx_word' id='word_1_771' title='bbox 2657 4017 3020 4090; x_wconf 79' lang='lat' dir='ltr'><strong>gravissimam</strong></span> <span class='ocrx_word' id='word_1_772' title='bbox 3049 4012 3404 4075; x_wconf 89' lang='lat' dir='ltr'><strong>subindicare,</strong></span> <span class='ocrx_word' id='word_1_773' title='bbox 3433 4024 3563 4080; x_wconf 73' lang='lat' dir='ltr'><strong>qua:</strong></span> <span class='ocrx_word' id='word_1_774' title='bbox 3600 4010 3642 4080; x_wconf 66' lang='lat' dir='ltr'><strong>i1</strong></span> 
     </span>
    </p>
   </div>
   <div class='ocr_carea' id='block_1_105' title="bbox 2145 4099 3642 4178">
    <p class='ocr_par' dir='ltr' id='par_1_105' title="bbox 2145 4099 3642 4178">
     <span class='ocr_line' id='line_1_106' title="bbox 2145 4099 3642 4178; baseline -0.017 0"><span class='ocrx_word' id='word_1_775' title='bbox 2145 4124 2198 4178; x_wconf 93' lang='lat' dir='ltr'><strong>in</strong></span> <span class='ocrx_word' id='word_1_776' title='bbox 2229 4129 2522 4177; x_wconf 79' lang='lat' dir='ltr'><strong>extremam</strong></span> <span class='ocrx_word' id='word_1_777' title='bbox 2567 4112 2937 4169; x_wconf 89' lang='lat' dir='ltr'><strong>necessitatem</strong></span> <span class='ocrx_word' id='word_1_778' title='bbox 2985 4103 3396 4175; x_wconf 79' lang='lat' dir='ltr'><strong>redegerit;aut</strong></span> <span class='ocrx_word' id='word_1_779' title='bbox 3423 4099 3549 4154; x_wconf 90' lang='lat' dir='ltr'><strong>sine</strong></span> <span class='ocrx_word' id='word_1_780' title='bbox 3597 4116 3642 4153; x_wconf 87' lang='grc' dir='ltr'>ο</span> 
     </span>
    </p>
   </div>
   <div class='ocr_carea' id='block_1_106' title="bbox 2147 4191 3642 4275">
    <p class='ocr_par' dir='ltr' id='par_1_106' title="bbox 2147 4191 3642 4275">
     <span class='ocr_line' id='line_1_107' title="bbox 2147 4191 3642 4275; baseline -0.015 -7"><span class='ocrx_word' id='word_1_781' title='bbox 2147 4214 2305 4268; x_wconf 90' lang='lat' dir='ltr'><strong>dione</strong></span> <span class='ocrx_word' id='word_1_782' title='bbox 2333 4211 2526 4264; x_wconf 89' lang='lat' dir='ltr'><strong>famem</strong></span> <span class='ocrx_word' id='word_1_783' title='bbox 2555 4203 2834 4275; x_wconf 87' lang='lat' dir='ltr'><strong>quamdam</strong></span> <span class='ocrx_word' id='word_1_784' title='bbox 2860 4196 3266 4261; x_wconf 89' lang='lat' dir='ltr'><strong>intolerabilem,</strong></span> <span class='ocrx_word' id='word_1_785' title='bbox 3290 4191 3642 4262; x_wconf 86' lang='lat' dir='ltr'><strong>multamque</strong></span> 
     </span>
    </p>
   </div>
   <div class='ocr_carea' id='block_1_107' title="bbox 2148 4287 3642 4364">
    <p class='ocr_par' dir='ltr' id='par_1_107' title="bbox 2148 4287 3642 4364">
     <span class='ocr_line' id='line_1_108' title="bbox 2148 4287 3642 4364; baseline -0.017 -4"><span class='ocrx_word' id='word_1_786' title='bbox 2148 4321 2264 4361; x_wconf 89' lang='lat' dir='ltr'><strong>rum</strong></span> <span class='ocrx_word' id='word_1_787' title='bbox 2279 4298 2698 4358; x_wconf 82' lang='lat' dir='ltr'><strong>necessariarum</strong></span> <span class='ocrx_word' id='word_1_788' title='bbox 2718 4291 3012 4364; x_wconf 88' lang='lat' dir='ltr'><strong>penuriam.</strong></span> <span class='ocrx_word' id='word_1_789' title='bbox 3037 4287 3170 4344; x_wconf 90' lang='lat' dir='ltr'><strong>Usus</strong></span> <span class='ocrx_word' id='word_1_790' title='bbox 3184 4294 3265 4341; x_wconf 91' lang='lat' dir='ltr'><strong>est</strong></span> <span class='ocrx_word' id='word_1_791' title='bbox 3282 4293 3455 4338; x_wconf 87' lang='lat' dir='ltr'><strong>autent</strong></span> <span class='ocrx_word' id='word_1_792' title='bbox 3466 4297 3598 4337; x_wconf 87' lang='lat' dir='ltr'><strong>com</strong></span> <span class='ocrx_word' id='word_1_793' title='bbox 3611 4299 3642 4336; x_wconf 88' lang='lat' dir='ltr'><strong>n</strong></span> 
     </span>
    </p>
   </div>
   <div class='ocr_carea' id='block_1_108' title="bbox 2150 4373 3605 4466">
    <p class='ocr_par' dir='ltr' id='par_1_108' title="bbox 2150 4373 3605 4466">
     <span class='ocr_line' id='line_1_109' title="bbox 2150 4373 3605 4466; baseline -0.018 -15"><span class='ocrx_word' id='word_1_794' title='bbox 2150 4392 2400 4466; x_wconf 88' lang='lat' dir='ltr'><strong>loquendi</strong></span> <span class='ocrx_word' id='word_1_795' title='bbox 2448 4385 2829 4445; x_wconf 89' lang='lat' dir='ltr'><strong>consuetudine</strong></span> <span class='ocrx_word' id='word_1_796' title='bbox 2871 4400 2884 4436; x_wconf 90' lang='lat'>:</span> <span class='ocrx_word' id='word_1_797' title='bbox 2927 4388 2980 4435; x_wconf 90' lang='lat' dir='ltr'><strong>et</strong></span> <span class='ocrx_word' id='word_1_798' title='bbox 3025 4379 3162 4434; x_wconf 91' lang='lat' dir='ltr'><strong>sicut</strong></span> <span class='ocrx_word' id='word_1_799' title='bbox 3209 4374 3356 4429; x_wconf 90' lang='lat' dir='ltr'><strong>multi</strong></span> <span class='ocrx_word' id='word_1_800' title='bbox 3404 4373 3605 4428; x_wconf 90' lang='lat' dir='ltr'><strong>dicunt</strong></span> 
     </span>
    </p>
   </div>
   <div class='ocr_carea' id='block_1_109' title="bbox 2149 4464 3609 4555">
    <p class='ocr_par' dir='ltr' id='par_1_109' title="bbox 2149 4464 3609 4555">
     <span class='ocr_line' id='line_1_110' title="bbox 2149 4464 3609 4555; baseline -0.019 -10"><span class='ocrx_word' id='word_1_801' title='bbox 2149 4464 2480 4555; x_wconf 80' lang='lat' dir='ltr'><strong>contingeret</strong></span> <span class='ocrx_word' id='word_1_802' title='bbox 2509 4479 2692 4536; x_wconf 90' lang='lat' dir='ltr'><strong>urbem</strong></span> <span class='ocrx_word' id='word_1_803' title='bbox 2726 4484 2887 4531; x_wconf 82' lang='lat' dir='ltr'><strong>totam</strong></span> <span class='ocrx_word' id='word_1_804' title='bbox 2915 4471 3075 4528; x_wconf 88' lang='lat' dir='ltr'><strong>obolo</strong></span> <span class='ocrx_word' id='word_1_805' title='bbox 3110 4464 3456 4528; x_wconf 86' lang='lat' dir='ltr'><strong>venumdari,</strong></span> <span class='ocrx_word' id='word_1_806' title='bbox 3485 4479 3609 4518; x_wconf 89' lang='lat' dir='ltr'><strong>non</strong></span> 
     </span>
    </p>
   </div>
   <div class='ocr_carea' id='block_1_110' title="bbox 2152 4563 3642 4636">
    <p class='ocr_par' dir='ltr' id='par_1_110' title="bbox 2152 4563 3642 4636">
     <span class='ocr_line' id='line_1_111' title="bbox 2152 4563 3642 4636; baseline -0.017 0"><span class='ocrx_word' id='word_1_807' title='bbox 2152 4595 2264 4636; x_wconf 89' lang='lat' dir='ltr'><strong>sem</strong></span> <span class='ocrx_word' id='word_1_808' title='bbox 2293 4579 2434 4633; x_wconf 88' lang='lat' dir='ltr'><strong>illam</strong></span> <span class='ocrx_word' id='word_1_809' title='bbox 2473 4586 2652 4629; x_wconf 90' lang='lat' dir='ltr'><strong>emere</strong></span> <span class='ocrx_word' id='word_1_810' title='bbox 2672 4611 2686 4635; x_wconf 89' lang='lat'><strong>,</strong></span> <span class='ocrx_word' id='word_1_811' title='bbox 2715 4577 3009 4624; x_wconf 84' lang='lat' dir='ltr'><strong>extremam</strong></span> <span class='ocrx_word' id='word_1_812' title='bbox 3039 4563 3118 4618; x_wconf 91' lang='lat' dir='ltr'><strong>sic</strong></span> <span class='ocrx_word' id='word_1_813' title='bbox 3146 4564 3512 4631; x_wconf 88' lang='lat' dir='ltr'><strong>paupertatem</strong></span> <span class='ocrx_word' id='word_1_814' title='bbox 3563 4573 3642 4611; x_wconf 85' lang='lat' dir='ltr'><strong>os</strong></span> 
     </span>
    </p>
   </div>
   <div class='ocr_carea' id='block_1_111' title="bbox 2153 4649 3642 4734">
    <p class='ocr_par' dir='ltr' id='par_1_111' title="bbox 2153 4649 3642 4734">
     <span class='ocr_line' id='line_1_112' title="bbox 2153 4649 3642 4734; baseline -0.017 -7"><span class='ocrx_word' id='word_1_815' title='bbox 2153 4672 2288 4727; x_wconf 89' lang='lat' dir='ltr'><strong>dens</strong></span> <span class='ocrx_word' id='word_1_816' title='bbox 2319 4686 2331 4722; x_wconf 88' lang='lat'><strong>:</strong></span> <span class='ocrx_word' id='word_1_817' title='bbox 2359 4668 2437 4723; x_wconf 91' lang='lat' dir='ltr'><strong>sic</strong></span> <span class='ocrx_word' id='word_1_818' title='bbox 2478 4675 2530 4721; x_wconf 91' lang='lat' dir='ltr'><strong>et</strong></span> <span class='ocrx_word' id='word_1_819' title='bbox 2579 4660 2834 4734; x_wconf 89' lang='lat' dir='ltr'><strong>propheta</strong></span> <span class='ocrx_word' id='word_1_820' title='bbox 2873 4656 3002 4711; x_wconf 89' lang='lat' dir='ltr'><strong>dicit</strong></span> <span class='ocrx_word' id='word_1_821' title='bbox 3032 4672 3046 4710; x_wconf 91' lang='lat'><strong>:</strong></span> <span class='ocrx_word' id='word_1_822' title='bbox 3071 4653 3130 4708; x_wconf 91' lang='lat' dir='ltr'><strong>Si</strong></span> <span class='ocrx_word' id='word_1_823' title='bbox 3175 4649 3504 4722; x_wconf 89' lang='lat' dir='ltr'><strong>principatus</strong></span> <span class='ocrx_word' id='word_1_824' title='bbox 3558 4663 3642 4702; x_wconf 83' lang='lat' dir='ltr'><strong>ve</strong></span> 
     </span>
    </p>
   </div>
   <div class='ocr_carea' id='block_1_112' title="bbox 2155 4738 3641 4820">
    <p class='ocr_par' dir='ltr' id='par_1_112' title="bbox 2155 4738 3641 4820">
     <span class='ocr_line' id='line_1_113' title="bbox 2155 4738 3641 4820; baseline -0.018 -2"><span class='ocrx_word' id='word_1_825' title='bbox 2155 4761 2473 4819; x_wconf 88' lang='lat' dir='ltr'><strong>vestimento</strong></span> <span class='ocrx_word' id='word_1_826' title='bbox 2498 4769 2604 4811; x_wconf 94' lang='lat' dir='ltr'><strong>uno</strong></span> <span class='ocrx_word' id='word_1_827' title='bbox 2627 4794 2644 4820; x_wconf 92' lang='lat'><strong>,</strong></span> <span class='ocrx_word' id='word_1_828' title='bbox 2667 4762 2756 4806; x_wconf 91' lang='lat' dir='ltr'><strong>aut</strong></span> <span class='ocrx_word' id='word_1_829' title='bbox 2785 4763 2920 4820; x_wconf 89' lang='lat' dir='ltr'><strong>pane</strong></span> <span class='ocrx_word' id='word_1_830' title='bbox 2941 4746 3056 4800; x_wconf 93' lang='lat' dir='ltr'><strong>solo</strong></span> <span class='ocrx_word' id='word_1_831' title='bbox 3075 4785 3090 4811; x_wconf 92' lang='lat'><strong>,</strong></span> <span class='ocrx_word' id='word_1_832' title='bbox 3116 4756 3274 4799; x_wconf 87' lang='lat' dir='ltr'><strong>nemo</strong></span> <span class='ocrx_word' id='word_1_833' title='bbox 3312 4739 3414 4795; x_wconf 90' lang='lat' dir='ltr'><strong>erit</strong></span> <span class='ocrx_word' id='word_1_834' title='bbox 3441 4738 3537 4807; x_wconf 90' lang='lat' dir='ltr'><strong>qui</strong></span> <span class='ocrx_word' id='word_1_835' title='bbox 3571 4755 3641 4793; x_wconf 80' lang='lat' dir='ltr'><strong>et</strong></span> 
     </span>
    </p>
   </div>
   <div class='ocr_carea' id='block_1_113' title="bbox 2157 4831 3642 4912">
    <p class='ocr_par' dir='ltr' id='par_1_113' title="bbox 2157 4831 3642 4912">
     <span class='ocr_line' id='line_1_114' title="bbox 2157 4831 3642 4912; baseline -0.019 0"><span class='ocrx_word' id='word_1_836' title='bbox 2157 4865 2298 4912; x_wconf 86' lang='lat' dir='ltr'><strong>tanta</strong></span> <span class='ocrx_word' id='word_1_837' title='bbox 2321 4865 2499 4908; x_wconf 88' lang='lat' dir='ltr'><strong>rerum</strong></span> <span class='ocrx_word' id='word_1_838' title='bbox 2518 4843 2935 4903; x_wconf 86' lang='lat' dir='ltr'><strong>necessariarum</strong></span> <span class='ocrx_word' id='word_1_839' title='bbox 2965 4835 3181 4909; x_wconf 87' lang='lat' dir='ltr'><strong>penuria</strong></span> <span class='ocrx_word' id='word_1_840' title='bbox 3205 4833 3326 4890; x_wconf 90' lang='lat' dir='ltr'><strong>erit.</strong></span> <span class='ocrx_word' id='word_1_841' title='bbox 3345 4831 3399 4887; x_wconf 90' lang='lat'><strong>8.</strong></span> <span class='ocrx_word' id='word_1_842' title='bbox 3425 4831 3572 4898; x_wconf 85' lang='lat' dir='ltr'><strong>Quia</strong></span> <span class='ocrx_word' id='word_1_843' title='bbox 3596 4831 3642 4884; x_wconf 75' lang='grc' dir='ltr'>ά</span> 
     </span>
    </p>
   </div>
   <div class='ocr_carea' id='block_1_114' title="bbox 2159 4924 3610 5008">
    <p class='ocr_par' dir='ltr' id='par_1_114' title="bbox 2159 4924 3610 5008">
     <span class='ocr_line' id='line_1_115' title="bbox 2159 4924 3610 5008; baseline -0.021 -1"><span class='ocrx_word' id='word_1_844' title='bbox 2159 4953 2268 5008; x_wconf 88' lang='lat' dir='ltr'><strong>luta</strong></span> <span class='ocrx_word' id='word_1_845' title='bbox 2303 4956 2376 5003; x_wconf 88' lang='lat' dir='ltr'><strong>est</strong></span> <span class='ocrx_word' id='word_1_846' title='bbox 2403 4941 2688 5000; x_wconf 73' lang='lat' dir='ltr'><strong>Jerusalem</strong></span> <span class='ocrx_word' id='word_1_847' title='bbox 2713 4952 2732 4991; x_wconf 90' lang='lat'><strong><em>:</em></strong></span> <span class='ocrx_word' id='word_1_848' title='bbox 2753 4937 2856 4991; x_wconf 91' lang='lat' dir='ltr'><strong>hoc</strong></span> <span class='ocrx_word' id='word_1_849' title='bbox 2882 4941 2987 4998; x_wconf 91' lang='lat' dir='ltr'><strong>est,</strong></span> <span class='ocrx_word' id='word_1_850' title='bbox 3018 4928 3268 4986; x_wconf 90' lang='lat' dir='ltr'><strong>derelicta</strong></span> <span class='ocrx_word' id='word_1_851' title='bbox 3296 4933 3351 4981; x_wconf 90' lang='lat' dir='ltr'><strong>et</strong></span> <span class='ocrx_word' id='word_1_852' title='bbox 3378 4924 3610 4979; x_wconf 88' lang='lat' dir='ltr'><strong>deserta</strong></span> 
     </span>
    </p>
   </div>
   <div class='ocr_carea' id='block_1_115' title="bbox 2162 5015 3642 5112">
    <p class='ocr_par' dir='ltr' id='par_1_115' title="bbox 2162 5015 3642 5112">
     <span class='ocr_line' id='line_1_116' title="bbox 2162 5015 3642 5112; baseline -0.023 -12"><span class='ocrx_word' id='word_1_853' title='bbox 2162 5044 2256 5099; x_wconf 88' lang='lat' dir='ltr'><strong>Dei</strong></span> <span class='ocrx_word' id='word_1_854' title='bbox 2281 5034 2610 5112; x_wconf 87' lang='lat' dir='ltr'><strong>providentia</strong></span> <span class='ocrx_word' id='word_1_855' title='bbox 2643 5027 2931 5086; x_wconf 90' lang='lat' dir='ltr'><strong>denudata.</strong></span> <span class='ocrx_word' id='word_1_856' title='bbox 2963 5022 3032 5078; x_wconf 83' lang='lat' dir='ltr'><strong>Et</strong></span> <span class='ocrx_word' id='word_1_857' title='bbox 3055 5020 3243 5076; x_wconf 69' lang='lat' dir='ltr'><strong>Judaza</strong></span> <span class='ocrx_word' id='word_1_858' title='bbox 3265 5015 3486 5072; x_wconf 71' lang='lat' dir='ltr'><strong>concidit</strong></span> <span class='ocrx_word' id='word_1_859' title='bbox 3511 5031 3534 5069; x_wconf 88' lang='lat'><strong><em>:</em></strong></span> <span class='ocrx_word' id='word_1_860' title='bbox 3559 5031 3642 5085; x_wconf 81' lang='lat' dir='ltr'><strong>pe</strong></span> 
     </span>
    </p>
   </div>
   <div class='ocr_carea' id='block_1_116' title="bbox 2163 5106 3641 5197">
    <p class='ocr_par' dir='ltr' id='par_1_116' title="bbox 2163 5106 3641 5197">
     <span class='ocr_line' id='line_1_117' title="bbox 2163 5106 3641 5197; baseline -0.02 -7"><span class='ocrx_word' id='word_1_861' title='bbox 2163 5106 2396 5193; x_wconf 79' lang='lat' dir='ltr'><strong>batione,</strong></span> <span class='ocrx_word' id='word_1_862' title='bbox 2422 5125 2593 5197; x_wconf 91' lang='lat' dir='ltr'><strong>inquit</strong></span> <span class='ocrx_word' id='word_1_863' title='bbox 2616 5165 2632 5190; x_wconf 95' lang='lat'><strong>,</strong></span> <span class='ocrx_word' id='word_1_864' title='bbox 2654 5129 2709 5177; x_wconf 91' lang='lat' dir='ltr'><strong>et</strong></span> <span class='ocrx_word' id='word_1_865' title='bbox 2735 5116 2960 5174; x_wconf 88' lang='lat' dir='ltr'><strong>tumultu</strong></span> <span class='ocrx_word' id='word_1_866' title='bbox 2985 5112 3187 5182; x_wconf 87' lang='lat' dir='ltr'><strong>repleta</strong></span> <span class='ocrx_word' id='word_1_867' title='bbox 3211 5119 3329 5173; x_wconf 89' lang='lat' dir='ltr'><strong>est,</strong></span> <span class='ocrx_word' id='word_1_868' title='bbox 3361 5106 3641 5162; x_wconf 84' lang='lat' dir='ltr'><strong>confusio</strong></span> 
     </span>
    </p>
   </div>
   <div class='ocr_carea' id='block_1_117' title="bbox 2164 5197 3642 5283">
    <p class='ocr_par' dir='ltr' id='par_1_117' title="bbox 2164 5197 3642 5283">
     <span class='ocr_line' id='line_1_118' title="bbox 2164 5197 3642 5283; baseline -0.022 -2"><span class='ocrx_word' id='word_1_869' title='bbox 2164 5223 2444 5281; x_wconf 89' lang='lat' dir='ltr'><strong>seditione.</strong></span> <span class='ocrx_word' id='word_1_870' title='bbox 2475 5217 2541 5271; x_wconf 84' lang='lat' dir='ltr'><strong>Et</strong></span> <span class='ocrx_word' id='word_1_871' title='bbox 2571 5215 2758 5283; x_wconf 70' lang='lat' dir='ltr'><strong>lingua:</strong></span> <span class='ocrx_word' id='word_1_872' title='bbox 2781 5222 2954 5264; x_wconf 87' lang='lat' dir='ltr'><strong>eorum</strong></span> <span class='ocrx_word' id='word_1_873' title='bbox 2983 5219 3097 5258; x_wconf 87' lang='lat' dir='ltr'><strong>cum</strong></span> <span class='ocrx_word' id='word_1_874' title='bbox 3123 5199 3388 5273; x_wconf 87' lang='lat' dir='ltr'><strong>iniquitate</strong></span> <span class='ocrx_word' id='word_1_875' title='bbox 3413 5197 3495 5251; x_wconf 81' lang='lat' dir='ltr'><strong>bis</strong></span> <span class='ocrx_word' id='word_1_876' title='bbox 3524 5213 3642 5266; x_wconf 79' lang='lat' dir='ltr'><strong>qua</strong></span> 
     </span>
    </p>
   </div>
   <div class='ocr_carea' id='block_1_118' title="bbox 2165 5289 3642 5370">
    <p class='ocr_par' dir='ltr' id='par_1_118' title="bbox 2165 5289 3642 5370">
     <span class='ocr_line' id='line_1_119' title="bbox 2165 5289 3642 5370; baseline -0.022 0"><span class='ocrx_word' id='word_1_877' title='bbox 2165 5314 2289 5370; x_wconf 88' lang='lat' dir='ltr'><strong>mini</strong></span> <span class='ocrx_word' id='word_1_878' title='bbox 2331 5319 2445 5366; x_wconf 89' lang='lat' dir='ltr'><strong>sunt</strong></span> <span class='ocrx_word' id='word_1_879' title='bbox 2493 5323 2594 5361; x_wconf 85' lang='lat' dir='ltr'><strong>non</strong></span> <span class='ocrx_word' id='word_1_880' title='bbox 2635 5304 2997 5370; x_wconf 81' lang='lat' dir='ltr'><strong>obtemperant.</strong></span> <span class='ocrx_word' id='word_1_881' title='bbox 3041 5292 3240 5349; x_wconf 79' lang='lat' dir='ltr'><strong>Deinde</strong></span> <span class='ocrx_word' id='word_1_882' title='bbox 3285 5302 3448 5344; x_wconf 81' lang='lat' dir='ltr'><strong>causa</strong></span> <span class='ocrx_word' id='word_1_883' title='bbox 3493 5289 3642 5342; x_wconf 54' lang='lat' dir='ltr'><strong>mal.</strong></span> 
     </span>
    </p>
   </div>
   <div class='ocr_carea' id='block_1_119' title="bbox 2140 5379 3608 5466">
    <p class='ocr_par' dir='ltr' id='par_1_119' title="bbox 2140 5379 3608 5466">
     <span class='ocr_line' id='line_1_120' title="bbox 2140 5379 3608 5466; baseline -0.02 -2"><span class='ocrx_word' id='word_1_884' title='bbox 2140 5402 2144 5407; x_wconf 76' lang='grc'><em>’</em></span> <span class='ocrx_word' id='word_1_885' title='bbox 2167 5402 2517 5466; x_wconf 89' lang='lat' dir='ltr'><strong>subnectitur,</strong></span> <span class='ocrx_word' id='word_1_886' title='bbox 2539 5399 2730 5465; x_wconf 73' lang='lat' dir='ltr'><strong>lingua:</strong></span> <span class='ocrx_word' id='word_1_887' title='bbox 2751 5385 3176 5460; x_wconf 88' lang='lat' dir='ltr'><strong>intemperantia.</strong></span> <span class='ocrx_word' id='word_1_888' title='bbox 3203 5383 3258 5438; x_wconf 91' lang='lat' dir='ltr'><strong>Id</strong></span> <span class='ocrx_word' id='word_1_889' title='bbox 3286 5379 3429 5452; x_wconf 90' lang='lat' dir='ltr'><strong>quod</strong></span> <span class='ocrx_word' id='word_1_890' title='bbox 3451 5379 3608 5435; x_wconf 80' lang='lat' dir='ltr'><strong>Osce</strong></span> 
     </span>
    </p>
   </div>
   <div class='ocr_carea' id='block_1_120' title="bbox 2168 5472 3642 5572">
    <p class='ocr_par' dir='ltr' id='par_1_120' title="bbox 2168 5472 3642 5572">
     <span class='ocr_line' id='line_1_121' title="bbox 2168 5472 3642 5572; baseline -0.019 -18"><span class='ocrx_word' id='word_1_891' title='bbox 2168 5500 2281 5572; x_wconf 82' lang='lat' dir='ltr'><strong>guit</strong></span> <span class='ocrx_word' id='word_1_892' title='bbox 2320 5497 2538 5551; x_wconf 89' lang='lat' dir='ltr'><strong>dicens:</strong></span> <span class='ocrx_word' id='word_1_893' title='bbox 2565 5484 2814 5558; x_wconf 80' lang='lat' dir='ltr'><strong>Epitraim</strong></span> <span class='ocrx_word' id='word_1_894' title='bbox 2846 5485 2900 5536; x_wconf 90' lang='lat' dir='ltr'><strong>in</strong></span> <span class='ocrx_word' id='word_1_895' title='bbox 2935 5479 3192 5534; x_wconf 81' lang='lat' dir='ltr'><strong>interitum</strong></span> <span class='ocrx_word' id='word_1_896' title='bbox 3227 5475 3460 5528; x_wconf 76' lang='lat' dir='ltr'><strong>abierunt</strong></span> <span class='ocrx_word' id='word_1_897' title='bbox 3503 5472 3564 5525; x_wconf 83' lang='lat' dir='ltr'><strong>in</strong></span> <span class='ocrx_word' id='word_1_898' title='bbox 3611 5491 3642 5526; x_wconf 74' lang='grc' dir='ltr'><strong>ι</strong></span> 
     </span>
    </p>
   </div>
   <div class='ocr_carea' id='block_1_121' title="bbox 2169 5564 3584 5660">
    <p class='ocr_par' dir='ltr' id='par_1_121' title="bbox 2169 5564 3584 5660">
     <span class='ocr_line' id='line_1_122' title="bbox 2169 5564 3584 5660; baseline -0.02 -12"><span class='ocrx_word' id='word_1_899' title='bbox 2169 5564 2578 5660; x_wconf 66' lang='lat' dir='ltr'><strong>radat-gulionis;</strong></span> <span class='ocrx_word' id='word_1_900' title='bbox 2613 5582 2666 5633; x_wconf 86' lang='lat' dir='ltr'><strong>in</strong></span> <span class='ocrx_word' id='word_1_901' title='bbox 2733 5577 2956 5631; x_wconf 80' lang='lat' dir='ltr'><strong>tribubus</strong></span> <span class='ocrx_word' id='word_1_902' title='bbox 3005 5568 3170 5627; x_wconf 83' lang='lat' dir='ltr'><strong>Israel</strong></span> <span class='ocrx_word' id='word_1_903' title='bbox 3218 5565 3416 5622; x_wconf 85' lang='lat' dir='ltr'><strong>ostendi</strong></span> <span class='ocrx_word' id='word_1_904' title='bbox 3467 5564 3584 5633; x_wconf 75' lang='lat' dir='ltr'><strong>fide</strong></span> 
     </span>
    </p>
   </div>
   <div class='ocr_carea' id='block_1_122' title="bbox 2173 5657 3641 5756">
    <p class='ocr_par' dir='ltr' id='par_1_122' title="bbox 2173 5657 3641 5756">
     <span class='ocr_line' id='line_1_123' title="bbox 2173 5657 3641 5756; baseline -0.019 -18"><span class='ocrx_word' id='word_1_905' title='bbox 2173 5657 2404 5756; x_wconf 78' lang='lat' dir='ltr'><strong>(Osee5.</strong></span> <span class='ocrx_word' id='word_1_906' title='bbox 2436 5675 2490 5748; x_wconf 90' lang='lat'><strong>9)</strong></span> <span class='ocrx_word' id='word_1_907' title='bbox 2521 5691 2535 5738; x_wconf 86' lang='lat'><strong>;</strong></span> <span class='ocrx_word' id='word_1_908' title='bbox 2565 5681 2620 5728; x_wconf 92' lang='lat' dir='ltr'><strong>et</strong></span> <span class='ocrx_word' id='word_1_909' title='bbox 2649 5666 2932 5724; x_wconf 83' lang='lat' dir='ltr'><strong>Malachias</strong></span> <span class='ocrx_word' id='word_1_910' title='bbox 2971 5661 3158 5720; x_wconf 86' lang='lat' dir='ltr'><strong>cadent</strong></span> <span class='ocrx_word' id='word_1_911' title='bbox 3198 5659 3394 5714; x_wconf 91' lang='lat' dir='ltr'><strong>iterum</strong></span> <span class='ocrx_word' id='word_1_912' title='bbox 3435 5657 3582 5713; x_wconf 87' lang='lat' dir='ltr'><strong>dicit</strong></span> <span class='ocrx_word' id='word_1_913' title='bbox 3617 5675 3641 5710; x_wconf 90' lang='lat'>:</span> 
     </span>
    </p>
   </div>
   <div class='ocr_carea' id='block_1_123' title="bbox 2177 5746 3616 5847">
    <p class='ocr_par' dir='ltr' id='par_1_123' title="bbox 2177 5746 3616 5847">
     <span class='ocr_line' id='line_1_124' title="bbox 2177 5746 3616 5847; baseline -0.02 -19"><span class='ocrx_word' id='word_1_914' title='bbox 2177 5746 2338 5847; x_wconf 70' lang='lat' dir='ltr'><strong>phetm</strong></span> <span class='ocrx_word' id='word_1_915' title='bbox 2355 5746 2709 5842; x_wconf 69' lang='lat' dir='ltr'><strong>exprobrantes</strong></span> <span class='ocrx_word' id='word_1_916' title='bbox 2735 5759 2795 5812; x_wconf 89' lang='lat' dir='ltr'><strong>iis</strong></span> <span class='ocrx_word' id='word_1_917' title='bbox 2812 5757 2896 5827; x_wconf 86' lang='lat' dir='ltr'><strong>qui</strong></span> <span class='ocrx_word' id='word_1_918' title='bbox 2915 5759 3302 5825; x_wconf 72' lang='lat' dir='ltr'><strong>prouocauerunt</strong></span> <span class='ocrx_word' id='word_1_919' title='bbox 3325 5746 3490 5799; x_wconf 81' lang='lat' dir='ltr'><strong>Deum</strong></span> <span class='ocrx_word' id='word_1_920' title='bbox 3518 5747 3577 5798; x_wconf 86' lang='lat' dir='ltr'><strong>in</strong></span> <span class='ocrx_word' id='word_1_921' title='bbox 3606 5773 3616 5799; x_wconf 90' lang='lat'><strong>.-</strong></span> 
     </span>
    </p>
   </div>
  </div>
