3674 6276
132 256 177 307 n'
1301 233 1304 237 ’
1351 239 1455 301 ἸΝ
1495 244 1745 309 ISAIAM,
1789 230 2068 298 CAR'tn.
3343 231 3408 285 tu

123 370 234 422 nitu
261 367 361 438 (α).
400 367 472 422 Et
511 362 727 422 dixistis
753 383 768 421 :
794 365 856 420 In
887 381 982 435 quo
1026 363 1402 431 provocavimus
1448 376 1559 413 eum
1583 360 1606 412 ἶ)
1634 358 1700 412 In

120 478 160 511 ω
189 460 318 529 quod
362 459 547 514 dicitis
567 475 585 512 :
612 458 793 512 Omnis
832 458 915 527 qui
943 456 1063 528 facit
1093 456 1317 520 malum,
1347 454 1504 507 bonus
1539 459 1612 506 est
1649 449 1702 502 in

116 560 356 620 conspectu
389 550 634 616 Domini,
664 559 712 606 et
748 551 800 603 in
826 551 897 603 eis
938 550 1045 617 ipse
1081 547 1176 600 sibi
1208 547 1328 600 bene
1374 541 1696 612 complacuit.

121 646 164 695 tit
197 644 278 696 ubi
306 653 383 696 est
411 641 565 699 Deus
591 642 812 712 justitiae
835 642 853 711 (
877 639 1006 694 Mal.
1035 637 1090 692 2.
1125 639 1190 694 17
1213 637 1273 706 )‘l
1301 637 1377 691 De
1412 637 1513 689 hoc
1557 643 1704 688 certe

116 750 156 794 et
208 739 321 808 ipse
375 746 609 792 accusat
639 778 655 802 ,
706 726 899 804 duplex
948 732 1224 804 proferens
1267 731 1469 784 crimen
1499 768 1515 795 ,
1559 727 1702 797 quod

118 850 199 886 non
242 832 428 887 solum
474 844 590 885 non
636 829 1006 898 obtemperent
1037 867 1052 892 ,
1081 841 1180 881 nec
1223 826 1396 880 solum
1441 832 1706 891 transgre-

117 927 302 977 dianlul'
330 923 562 992 legem;
591 937 712 976 cum
741 919 968 976 debeant
1006 919 1104 972 hac
1151 917 1218 972 de
1261 931 1318 972 re
1363 915 1562 985 pudore
1589 913 1702 968 suf-

116 1019 238 1074 fundi
282 1026 454 1087 atque
505 1016 862 1080 erubescere,
895 1027 1013 1067 sese
1057 1011 1255 1066 abdere
1285 1018 1338 1064 et
1372 1017 1529 1076 caput
1556 1005 1716 1060 ineli-‘

115 1124 254 1170 nare;
293 1109 375 1162 illi
421 1108 611 1177 priora
659 1105 992 1161 accumulare
1040 1100 1404 1164 contendunt,
1441 1113 1540 1152 nec
1577 1097 1704 1149 satis

113 1203 356 1255 habentes
385 1209 662 1269 przecepta
695 1197 988 1266 transgredi
1016 1237 1031 1262 ,
1064 1209 1292 1252 onerosa
1333 1207 1543 1263 quoque
1583 1206 1704 1260 pro—

110 1295 268 1347 ferunt
293 1292 469 1347 verba
497 1309 513 1346 :
540 1291 686 1347 velut
723 1290 947 1345 famulus
984 1289 1245 1359 quispiam
1287 1287 1558 1356 improbus
1578 1328 1591 1352 ,
1616 1285 1702 1353 qui

111 1382 206 1436 lteri
241 1381 510 1439 mndata
545 1382 956 1450 praitermittens
977 1421 991 1446 ,
1027 1379 1094 1432 ad
1133 1378 1246 1432 hac
1272 1378 1433 1432 etiam
1467 1376 1704 1430 insolen-

111 1491 176 1530 ter
214 1476 350 1544 agit.
383 1475 440 1530 9.
479 1474 689 1528 Idcirco
731 1489 865 1526 nunc
893 1472 1159 1527 humiliora
1184 1482 1254 1525 est
1294 1469 1456 1540 gloria
1479 1470 1589 1540 ejus
1612 1509 1627 1533 ,
1659 1477 1706 1520 et

108 1570 328 1640 confusio
371 1569 535 1639 [aciei
575 1569 686 1638 ejus
730 1566 913 1621 resistit
961 1566 1053 1619 eis.
1086 1565 1286 1619 Rursus
1336 1563 1508 1616 l‘ntura
1556 1561 1703 1631 quasi

110 1665 372 1736 preterita
398 1664 563 1728 dixit,
592 1669 845 1718 consueta
871 1675 996 1716 usus
1027 1655 1320 1730 prophetia:
1351 1658 1491 1727 lege.
1520 1655 1704 1709 llmni-

110 1757 373 1810 iiatiooem
405 1763 594 1807 autem
620 1752 805 1822 gloria:
831 1751 1186 1822 captivitatem
1215 1759 1386 1803 vocat.
1419 1747 1534 1800 Non
1565 1746 1706 1801 enim

109 1849 329 1918 vulgaris
367 1846 615 1900 infamia:
643 1854 755 1900 erat
781 1851 796 1910 ,
826 1859 919 1899 eos
944 1845 1033 1913 qui
1078 1858 1258 1912 regum
1289 1840 1433 1895 orbis
1461 1837 1704 1894 Ordinem

112 1951 367 2002 irruerent,
394 1937 713 1992 hominibus
741 1935 973 2006 profanis
999 1944 1052 1990 et
1079 1934 1316 1989 barbaris
1344 1931 1554 2002 subjici.
1577 1930 1709 1984 Son-

112 2032 370 2086 fusionem
399 2045 538 2084 vero
570 2028 752 2083 vultus
779 2027 864 2081 hic
898 2036 1052 2081 vocat
1084 2039 1200 2079 eam
1227 2066 1242 2091 ,
1271 2039 1389 2093 qua:
1418 2038 1446 2076 a
1479 2023 1708 2093 peccatis

112 2125 286 2177 oritur.
321 2121 481 2176 Talis
522 2121 720 2190 quippe
757 2126 873 2174 erat
909 2132 1092 2172 eorum
1131 2117 1259 2170 vita.
1285 2115 1417 2170 Cmn
1465 2115 1606 2169 enim
1649 2127 1709 2168 se

113 2219 245 2285 prius
267 2214 705 2270 dedecorassent
733 2225 828 2281 per
853 2219 996 2280 gesta
1024 2224 1140 2276 sua,
1173 2208 1293 2264 ideo
1321 2209 1458 2263 Deus
1487 2221 1514 2260 a
1540 2206 1708 2277 gloria

113 2323 194 2361 sua
231 2307 360 2360 illos
394 2304 594 2374 dcjccit
620 2345 636 2366 ,
663 2301 855 2358 leviori
882 2301 1096 2356 tradens
1123 2300 1381 2370 supplicio
1406 2341 1419 2364 ,
1453 2314 1610 2369 quam
1656 2297 1708 2352 id

111 2397 242 2469 quod
276 2397 386 2468 ipsi
416 2397 524 2452 sibi
562 2389 883 2450 indixerant.
913 2393 1026 2448 Non
1055 2392 1194 2447 enim
1228 2392 1298 2446 ita
1331 2389 1709 2460 vituperabiles

112 2499 255 2545 erant
278 2506 410 2544 cum
443 2489 675 2543 alienam
709 2496 903 2542 terram
926 2485 1237 2551 incolerent,
1265 2499 1420 2555 quam
1449 2498 1568 2538 cum
1599 2497 1711 2537 me-

116 2582 358 2651 trnpolim
387 2596 548 2636 suam
578 2579 837 2635 habentes
868 2578 1361 2647 prazvaricarentur.
1389 2576 1537 2631 Tunc
1563 2575 1706 2631 enim

114 2691 290 2731 eorum
319 2673 567 2744 nequitia
596 2671 1048 2742 compriinebatur
1069 2686 1083 2723 :
1108 2669 1162 2724 in
1190 2669 1357 2740 patria
1385 2684 1513 2722 vero
1543 2668 1711 2737 magis

116 2786 170 2824 ac
193 2769 368 2839 magis
395 2766 718 2837 angebatur.
747 2765 988 2835 Magnum
1011 2763 1169 2834 igitur
1198 2763 1299 2818 illis
1325 2761 1582 2833 propheta
1607 2760 1702 2814 do-

117 2871 421 2916 cumentum
456 2859 646 2920 tradit.
681 2858 872 2929 ubique
898 2858 1126 2913 suadens
1151 2865 1208 2912 ut
1235 2865 1357 2912 ante
1395 2855 1710 2931 supplicium

119 2953 405 3022 nequitiam
449 2951 658 3020 fugiant
677 2993 692 3014 ,
722 2965 787 3005 ac
811 2950 1013 3020 pudore
1037 2949 1359 3019 ruboreque-
1382 2954 1665 3002 coerceant
1693 2965 1708 3001 :

120 3064 214 3102 non
242 3055 536 3117 postquam
560 3044 772 3100 barbari
804 3045 922 3098 illos
949 3052 1132 3113 captos
1155 3043 1437 3107 abducent,
1466 3041 1560 3096 sed
1588 3055 1708 3094 cum

121 3138 310 3206 peccati
336 3135 588 3205 tyrannis
611 3135 732 3189 illos
747 3134 984 3203 captivos
1009 3133 1222 3188 tenebit.
1251 3131 1522 3187 Peccatum
1544 3143 1711 3184 autem

119 3246 272 3292 mm,
296 3238 354 3282 ut
380 3229 434 3280 in
459 3226 728 3290 Sodomis,
749 3225 1110 3279 annuntiarunt
1128 3233 1174 3278 et
1194 3223 1536 3277 ostenderunt.
1559 3223 1711 3291 Quod

121 3336 251 3391 srpc
288 3320 404 3375 dixi
432 3362 448 3387 ,
486 3334 630 3374 nunc
672 3319 832 3374 etiam
861 3319 981 3374 dico
1009 3334 1023 3372 :
1050 3317 1192 3388 quod
1235 3317 1493 3388 propheta
1522 3332 1710 3386 nempe

123 3415 205 3467 Dei
237 3412 594 3468 clementiam
626 3410 943 3476 ostendens,
975 3425 1081 3465 non
1109 3424 1170 3464 ea
1202 3425 1318 3479 qua:
1348 3405 1551 3480 passuri
1590 3419 1712 3463 sunt

124 3505 388 3573 prrdieat,
434 3504 536 3558 sed
580 3517 644 3559 ea
695 3517 814 3573 quae
843 3501 985 3571 digni
1025 3502 1234 3557 fuerant
1279 3509 1334 3555 ut
1381 3509 1708 3570 pateremur.

123 3596 332 3650 Peccata
381 3595 588 3666 quippe
626 3594 865 3664 ipsorum
903 3593 1294 3648 Sodomitarum
1327 3593 1709 3663 ﬂagitiis'paria

123 3699 280 3754 eratut,
312 3687 643 3758 supplicium
664 3696 843 3742 autem
870 3687 1056 3741 levius.
1077 3686 1193 3741 Non
1222 3687 1362 3741 enim
1395 3688 1539 3756 ipsos
1571 3686 1712 3739 radi-

123 3783 248 3836 citus
290 3781 531 3846 evulsit,
560 3795 736 3850 neque
779 3795 808 3833 a
852 3779 1211 3834 fundamentis
1255 3780 1438 3836 urbem
1466 3780 1704 3846 diruit',

127 3886 285 3940 neque
309 3870 571 3940 reliquias
597 3871 809 3940 generis
833 3871 1048 3926 delevit.
1083 3869 1216 3925 Illud
1250 3879 1424 3925 autem
1449 3912 1464 3937 ,
1497 3871 1710 3925 Annuu-

127 3963 301 4014 ιῑιτιιιιι
330 3971 380 4014 et
421 3960 786 4028 ostenderunt,
816 3961 1113 4015 humaniori
1156 3974 1306 4017 more
1349 3962 1548 4017 dictum
1591 3964 1706 4019 fuit.

127 4050 296 4119 Neque
323 4051 471 4105 enim
507 4051 644 4105 Deus
669 4065 788 4120 qua:
818 4050 952 4106 facta
979 4059 1105 4105 sunt
1130 4061 1252 4107 tunc
1273 4052 1447 4117 discit,
1471 4069 1590 4108 cum
1623 4055 1708 4108 illa

131 4146 269 4206 tinxit,
313 4141 629 4213 (quomodo
670 4143 834 4210 enim,
872 4158 992 4198 eum
1038 4143 1215 4197 omnia
1259 4144 1389 4198 sciat
1426 4153 1707 4214 antequam

131 4239 332 4308 nant?)
378 4239 476 4294 sed
521 4247 580 4294 ut
616 4238 933 4295 calamitatis
962 4242 1379 4312 magnitudinem
1425 4243 1708 4309 ostendat,

129 4328 191 4380 ita
219 4329 467 4398 loquutus
491 4340 595 4385 est.

189 4421 240 4473 5.
269 4420 732 4488 Quemadmodum
754 4422 895 4477 enim
921 4423 1046 4478 alibi
1076 4423 1229 4479 dicit:
1261 4426 1498 4479 Ascendit
1523 4427 1712 4480 clamor

131 4515 328 4568 azalitic
351 4532 525 4569 eorum
551 4517 620 4569 ad
647 4534 726 4570 me
746 4515 897 4588 (Gen.
925 4517 1012 4572 18.
1041 4518 1161 4588 ΞΟ),
1190 4534 1294 4574 non
1326 4520 1491 4574 Deum
1523 4521 1709 4590 procul

133 4605 444 4661 habitantem
476 4609 841 4674 constituens,
870 4619 924 4664 et
967 4611 1018 4664 in
1061 4611 1194 4666 caelo
1224 4611 1668 4668 circumscribens
1693 4655 1708 4678 ,

130 4700 233 4750 haec
262 4697 389 4754 dicit
416 4741 434 4766 ,
466 4700 562 4755 sed
595 4701 801 4770 peccati
830 4703 1244 4774 magnitudinem
1285 4705 1566 4761 declarans
1594 4725 1606 4759 :
1635 4708 1712 4762 sic

123 4801 170 4842 ct
199 4789 299 4845 hoc
327 4791 448 4846 loco
473 4833 490 4856 ,
520 4793 900 4847 Annuntiarunt
922 4835 937 4858 ,
972 4796 1221 4866 nequitia}
1262 4799 1577 4868 gravitatem
1620 4815 1710 4855 os-

129 4884 342 4942 tendens
370 4883 522 4939 dicit.
557 4884 786 4940 Leviora
817 4886 958 4941 enim
1001 4897 1213 4958 peccata
1246 4889 1410 4944 latere
1446 4900 1708 4959 possunt;

125 4977 427 5045 gravissima
470 4985 654 5031 autem
699 4987 754 5031 et
796 4978 1024 5032 maxima
1053 4981 1301 5035 omnibus
1335 4991 1460 5037 sunt
1490 4992 1613 5038 nota
1657 4992 1712 5038 et

125 5069 400 5137 aruspices
429 5109 447 5135 ,
477 5071 580 5124 etsi
626 5082 787 5123 nemo
827 5080 1039 5124 accuset
1063 5071 1144 5127 vel
1185 5083 1384 5142 arguat.
1413 5073 1528 5143 Ipsa
1569 5075 1709 5130 enim

132 5174 237 5213 sese
263 5159 590 5214 annuntiant
629 5168 686 5214 et
727 5159 1023 5216 declarant.
1052 5160 1256 5218 Valens
1284 5178 1413 5235 ergo
1453 5165 1709 5236 propheta

135 5250 541 5319 magnitudinem
589 5250 850 5306 malorum
883 5253 1164 5308 ostendere
1188 5295 1202 5319 ,
1226 5254 1397 5323 dixit,
1429 5249 1714 5312 Annuntia-

136 5354 233 5395 mt
256 5352 304 5398 et
329 5345 681 5412 declararunt,
713 5345 764 5400 id
788 5353 871 5402 est
889 5388 904 5414 ,
932 5345 1064 5402 Cum
1094 5347 1310 5404 audacia
1332 5390 1346 5417 ,
1379 5364 1497 5405 cum
1529 5365 1715 5421 super-

1538 5439 1553 5473 1

191 5499 316 5568 ille
340 5511 516 5568 voces,
532 5497 1286 5568 nequeafundamentisurbem
1318 5498 1474 5568 ditarit
1493 5538 1505 5559 ,
1531 5505 1707 5552 desunt

141 5572 180 5605 ni
204 5562 316 5621 Reg.
344 5569 402 5610 et
429 5561 721 5618 Savil.,'sed
751 5562 998 5610 habentur
1023 5561 1068 5609 in
1101 5563 1271 5611 Morel.
1299 5570 1351 5611 ct
1384 5565 1550 5612 Bavar.

142 5683 148 5688 .
173 5626 257 5689 in)
290 5625 337 5691 l‘n
366 5623 604 5691 blalacliia
627 5623 811 5682 legitur
831 5637 845 5691 _:
871 5627 914 5690 oi
941 5624 1272 5691 napoidvavra;
1296 5627 1375 5672 τὸν
1395 5628 1519 5691 ’θεὸν
1543 5627 1590 5672 ἐν
1612 5627 1705 5682 τοῖς

143 5686 272 5743 idm;
293 5687 444 5746 ὑμῶν,
471 5686 556 5747 qui
580 5686 927 5745 prcrowvistis
957 5688 1101 5735 Deum
1129 5687 1174 5735 iu
1198 5686 1488 5736 sermonibus
1513 5688 1684 5738 vestris

1813 357 1894 411 bia
1941 369 2126 426 magna
2155 398 2167 423 ,
2201 345 2346 410 mala
2369 349 2745 428 perpetrabant
2790 357 2903 413 sine
2932 341 3042 412 ullo
3072 347 3294 426 pudore‘
3320 352 3400 408 vel

1811 449 2023 513 rubore;
2055 448 2148 503 sed
2180 447 2246 504 de
2275 449 2534 504 industria
2566 449 2853 519 nequitiam
2884 448 3264 518 operabantur.

1880 539 2107 611 [mprobi
2133 541 2306 594 virtuti
2323 551 2441 595 sunt
2465 541 2668 610 infensi,
2697 531 2950 612 ipsiuiilue
2975 541 3052 595 uel
3080 534 3399 611 prtrscnl'iam

1808 647 1940 704 (egre
1971 637 2172 705 ferunt;
2194 634 2412 703 nequitia
2440 634 2493 687 in
2509 634 2672 703 seipsa
2707 632 3013 703 supplicium
3035 633 3202 686 habet.
3220 649 3286 672 -ε
3311 629 3400 683 Va:

1810 727 1993 780 anima:
2021 743 2212 790 eorum,
2235 728 2352 796 quia
2380 711 2614 781 inierunt
2633 725 3400 794 consilium‘malignumcontra

1811 819 2119 889 semetipsos,
2152 817 2370 872 dicentes
2399 833 2417 871 :
2445 819 2530 872 10.
2558 817 2836 887 Alligemus
2852 817 3054 886 justum
3081 814 3198 885 quia
3215 814 3413 868 noxius'

1811 920 1881 964 est
1913 910 2071 965 nobis.
2094 910 2475 980 Exsupcrantia
2495 910 2765 980 nequitiae,
2788 922 2907 962 cum
2938 923 3040 961 non
3072 905 3247 962 solum
3268 918 3398 973 pec.

1811 1012 1933 1059 Cant
1955 1045 1970 1070 ,
2007 1017 2178 1074 neque
2203 1003 2379 1058 solum
2416 1017 2534 1057 cum
2576 1001 2793 1056 audacia
2823 1009 3045 1071 peccant
3072 1040 3084 1062 ,
3114 999 3210 1054 sed
3238 998 3416 1052 etiam‘

1811 1083 1903 1151 eos
1929 1095 2019 1164 qui
2041 1094 2161 1148 talia
2186 1093 2470 1149 emendare
2498 1102 2738 1163 possunt,
2757 1093 3027 1162 rejiciuut.
3052 1088 3401 1157 Quemadmo-

1811 1186 1936 1240 dum
1964 1186 2105 1240 enim
2136 1184 2434 1256 phrenitide
2462 1186 2690 1255 correpti
2718 1199 2862 1254 saepe
2903 1183 3165 1238 medicum
3207 1181 3397 1236 verbe-

1812 1286 2016 1344 rarunt,
2047 1278 2124 1332 sic
2153 1287 2207 1333 et
2238 1278 2290 1332 hi
2321 1277 2626 1332 incurabilis
2654 1276 2823 1330 morbi
2857 1275 3146 1330 maximum
3181 1273 3399 1328 hoe‘ar-

1809 1381 2119 1442 gementum
2161 1370 2520 1434 exhibebant,
2551 1369 2690 1440 quod
2734 1370 2905 1439 justos
2945 1369 3222 1437 cjicercnt.
3257 1365 3400 1420 Talis

1813 1462 2008 1531 quippe
2028 1462 2195 1516 virtus
2219 1471 2302 1516 est
2325 1479 2338 1516 :
2362 1461 2442 1516 vel
2471 1461 2642 1514 solum
2663 1473 2722 1514 se
2742 1468 3068 1523 monstrans,
3093 1458 3143 1512 in
3167 1455 3398 1525 nequitia

1813 1554 2077 1608 viventem
2107 1550 2292 1607 dolore
2320 1549 2508 1606 afﬁcit.
2531 1549 2678 1604 Talis
2707 1559 2793 1604 est
2820 1548 3055 1618 nequitia
3079 1564 3092 1600 :
3115 1561 3184 1602 ne
3212 1554 3410 1615 repre—.

1814 1645 1976 1699 hensa
2023 1634 2236 1713 quidem
2285 1657 2462 1713 smpe,
2489 1642 2573 1697 vel
2616 1642 2955 1712 prmsentiam
2979 1655 3163 1695 eorum
3207 1639 3297 1708 qui
3348 1639 3397 1691 in

1813 1735 2062 1806 aequitate
2105 1734 2288 1789 vivunt
2328 1735 2552 1789 moleste
2591 1732 2714 1787 fert.
2745 1732 2944 1801 Duplex
2971 1738 3149 1786 autem
3190 1728 3279 1784 hic
3319 1741 3400 1784 es:

1813 1833 2099 1894 accusatio,
2123 1837 2178 1883 et
2201 1827 2343 1898 quod
2366 1827 2568 1897 justum
2592 1826 2831 1895 alligent,
2860 1833 2915 1879 et
2933 1823 3077 1893 quod
3103 1837 3224 1878 eum
3250 1821 3398 1891 quasi

1814 1923 2028 1978 noxium
2057 1920 2294 1989 alligent.
2324 1916 2549 1986 Quando
2589 1917 2748 1986 igitur
2775 1916 2895 1985 quis
2933 1914 3077 1968 utilia
3104 1928 3210 1968 non
3241 1913 3400 1966 modo

1814 2031 1920 2069 non
1959 2013 2228 2079 admittit,
2258 2011 2352 2067 sed
2383 2011 2538 2065 noxia
2563 2010 2680 2065 sibi
2700 2018 2881 2079 putat,
2911 2022 3154 2077 quamam
3183 2007 3399 2061 demum

1814 2108 2127 2177 relinquitur
2173 2104 2558 2161 emendationis
2591 2101 2847 2157 occasio?
2875 2100 3234 2167 Quamobrem
3279 2113 3401 2167 pro-

1815 2201 1974 2269 pheta
2003 2199 2189 2252 videns
2214 2212 2308 2251 eos
2338 2196 2403 2250 ad
2433 2205 2670 2249 extrema
2698 2192 3009 2262 prorupisse
3034 2231 3048 2255 ,
3080 2205 3108 2244 a
3141 2190 3400 2245 lamenta-

1816 2290 1959 2344 tione
1992 2289 2184 2342 iterum
2213 2285 2432 2356 incipit,
2460 2299 2564 2338 non
2595 2285 2662 2339 ab
2691 2283 3028 2338 accusatione
3067 2291 3122 2334 et
3146 2280 3402 2348 'inct‘cpa-

1817 2381 1960 2436 tione
1983 2423 1997 2447 ,
2027 2379 2210 2434 dicens
2238 2397 2251 2432 :
2287 2377 2371 2432 Va:
2396 2378 2579 2432 anima:
2603 2391 2776 2430 eorum
2799 2390 2817 2438 ;
2845 2375 2986 2444 quod
3013 2373 3252 2442 sequitur
3279 2388 3402 2424 eum

1816 2473 1980 2529 multa
2012 2471 2287 2542 prudentia
2315 2469 2560 2534 additur,
2595 2469 2728 2536 Quia
2749 2468 2967 2522 inierunt
2993 2465 3268 2526 consilium
3294 2480 3400 2516 iuu-

1818 2568 2009 2638 lignum
2052 2575 2229 2619 contra
2274 2564 2585 2634 semetipsos.
2617 2561 2777 2629 Atqui
2817 2575 2879 2614 ea
2909 2573 3028 2628 qua:
3072 2556 3205 2610 facta
3237 2565 3360 2609 sunt
3383 2595 3400 2619 ,

1817 2657 2062 2712 videntur
2088 2665 2271 2711 contra
2296 2655 2498 2724 justum
2524 2661 2767 2720 suscepta
2795 2663 2914 2705 esse
2939 2665 2952 2702 :
2975 2648 3068 2703 sed
3101 2647 3144 2702 si
3175 2647 3294 2716 quis
3313 2661 3401 2699 ac—

1817 2760 1998 2806 curate
2025 2748 2398 2818 exploraverit,
2418 2761 2525 2800 non
2549 2753 2731 2800 contra
2759 2743 3069 2812 patientem,
3093 2739 3186 2793 sed
3216 2744 3398 2792 contra

1816 2857 1911 2898 eos
1961 2839 2050 2911 qui
2100 2841 2150 2894 id
2192 2838 2633 2910 aggredicbantur
2678 2835 2955 2890 consilium
3005 2833 3249 2886 vertitur.
3308 2829 3403 2882 "lC

1817 2932 2070 2988 discimus
2091 2931 2263 2986 virum
2294 2929 2536 3000 probum,
2564 2927 2664 2982 etsi
2692 2934 2940 2980 sexcenta
2968 2923 3106 2977 mal‘a
3133 2922 3360 2991 patiatur
3386 2962 3400 2984 ,

1818 3025 1870 3080 in
1899 3025 2043 3080 nullo
2068 3024 2136 3078 ab
2162 3023 2224 3078 iis
2249 3022 2337 3092 qui
2363 3037 2423 3078 se
2451 3021 2762 3076 adoriuntur
2788 3017 3084 3072 laedendum
3114 3029 3272 3078 esse;
3305 3013 3402 3068 sed

1818 3131 1911 3171 cos
1941 3115 2028 3185 qui
2058 3115 2156 3184 ipsi
2185 3113 2499 3168 insidiantur
2527 3113 2702 3182 potius
2733 3111 2782 3164 in
2810 3110 3016 3176 seipsos
3043 3105 3274 3178 gladium
3303 3106 3401 3158 im-

1819 3209 2064 3280 pulsuros
2089 3220 2242 3270 sese;
2270 3213 2328 3259 ut
2366 3216 2419 3260 et
2456 3203 2510 3258 hi
2553 3203 2833 3258 faciebant.
2862 3198 3069 3253 Justum
3098 3196 3241 3252 enim
3271 3195 3404 3250 nihil

1818 3302 2100 3365 hedebant,
2119 3316 2236 3355 eum
2255 3299 2547 3368 alligarent,
2561 3295 2654 3350 sed
2673 3295 2876 3363 seipsos
2897 3292 2947 3346 in
2972 3290 3159 3361 majori
3179 3289 3404 3360 caligine

1818 3405 1872 3450 et
1896 3393 2180 3449 Solitudine
2205 3389 2611 3448 constituebant.
2628 3388 2752 3441 dum
2782 3386 3050 3439 lucernam
3069 3383 3135 3436 ab
3151 3397 3210 3436 se
3231 3395 3404 3434 remo-

1817 3493 2024 3541 verem.
2072 3483 2236 3553 Igitur
2265 3485 2458 3552 fructus
2485 3495 2691 3549 operum
2719 3493 2926 3532 suorum
2951 3474 3228 3528 comedent.
3260 3471 3404 3526 Talis

1817 3575 2011 3646 quippe
2031 3583 2113 3628 est
2132 3572 2362 3643 nequitia
2389 3589 2400 3624 :
2427 3573 2477 3624 in
2503 3569 2677 3639 scipsa
2704 3567 3018 3637 supplicium
3046 3565 3224 3618 habet.
3253 3561 3403 3628 Quod

1817 3677 1994 3723 autem
2022 3665 2109 3720 hic
2125 3664 2272 3730 dicit,
2296 3663 2398 3717 hoc
2418 3662 2518 3717 sibi
2539 3660 2678 3715 vult:
2699 3658 2976 3712 Fructibus
2996 3656 3106 3710 suis
3127 3654 3402 3709 donaban-

1819 3767 1926 3823 tur,
1945 3757 1997 3811 in
2016 3755 2203 3825 majori
2223 3769 2281 3809 se
2293 3751 2576 3808 solitudine
2591 3749 3000 3814 constituentes,
3019 3745 3286 3814 multaque
3304 3743 3402 3797 sibi

1821 3850 2109 3920 praecipitia
2136 3847 2485 3903 adornantes.
2507 3846 2594 3899 11.
2630 3843 2714 3898 Va:
2741 3845 2912 3911 iniquo
2937 3856 2956 3895 :
2977 3840 3114 3894 mala
3133 3840 3263 3893 enim
3286 3854 3402 3892 conc

1805 3943 2008 4013 'tingent
2027 3941 2072 3995 ei
2096 3939 2374 3994 secundum
2398 3954 2552 4006 opera
2578 3951 2818 3989 manuum
2846 3935 2974 4004 ejus.
3001 3932 3184 3986 Vidcn‘
3203 3947 3232 3984 a
3254 3931 3404 3985 noliis

1819 4047 2032 4103 seraper
2059 4046 2364 4086 mensuram
2400 4039 2452 4084 et
2480 4029 2628 4082 initia
2656 4027 2899 4097 supplicii
2929 4026 3101 4081 oriri?
3128 4025 3252 4080 Iden
3282 4041 3404 4094 pro-

1821 4124 1975 4194 pheta
2002 4139 2211 4179 rursum
2237 4123 2396 4192 luget.
2419 4122 2735 4176 lamentatur
2753 4134 2980 4189 seseque
3005 4127 3256 4184 macerat,
3282 4118 3403 4186 quia

1817 4216 1986 4272 Judaei
2031 4214 2374 4285 sibimetipsis
2414 4213 2798 4270 insidiabantur
2821 4252 2837 4279 ,
2863 4220 2919 4268 et
2955 4211 3190 4266 atrocius
3241 4226 3402 4280 quam

1817 4307 2038 4380 quilibet
2067 4306 2234 4362 hostis
2261 4306 2481 4361 salutem
2509 4320 2656 4360 suam
2689 4302 3121 4375 pessumdabant,
3144 4317 3250 4372 quo
3279 4303 3403 4372 quid

1820 4397 2172 4453 miserabilius
2220 4396 2414 4452 fuerit?
2445 4395 2532 4452 12.
2564 4395 2762 4465 Popule
2809 4396 2877 4448 mi
2905 4435 2920 4460 ,
2951 4403 3211 4449 exactores
3255 4395 3404 4448 vestri

1819 4492 2072 4546 demetunt
2099 4505 2205 4546 vos.
2237 4490 2431 4560 Optimi
2469 4481 2706 4544 doctoris
2741 4497 2822 4544 est
2842 4529 2855 4554 ,
2886 4488 3150 4544 sermonis
3182 4488 3407 4542 variata,

1821 4596 1925 4642 tem
1966 4585 2157 4640 aﬂ'erre
2180 4626 2193 4650 ,
2228 4599 2399 4654 neque
2439 4597 2758 4655 exasperare
2785 4591 2985 4637 tantum
3009 4623 3021 4647 ,
3051 4597 3222 4650 neque
3243 4581 3408 4636 etiam

1820 4696 2032 4749 semper
2072 4689 2408 4734 mansuetum
2455 4677 2711 4744 reddere;
2739 4676 2830 4731 sed
2882 4690 3022 4730 nunc
3065 4675 3232 4736 illud;
3267 4689 3412 4728 nunc

1817 4771 1960 4826 aliud
2010 4780 2239 4824 tractare
2278 4768 2525 4838 loquendi
2565 4781 2766 4836 genus,
2802 4775 2857 4819 ut
2893 4781 2958 4818 ex
3006 4764 3106 4820 hac
3148 4765 3408 4817 mixtione

1819 4863 1981 4917 multa
2011 4871 2260 4930 exsurgat
2299 4861 2520 4914 utilitas.
2551 4859 2752 4913 Idcirco
2796 4858 3070 4927 propheta
3099 4871 3204 4910 non
3244 4857 3409 4914 modo

1819 4953 2042 5016 incusat,
2073 4951 2167 5006 sed
2194 4952 2349 5005 etiam
2381 4953 2542 5019 luget,
2567 4950 2705 5018 quod
2727 4951 2939 5020 gravius
2965 4958 3046 5004 est
3076 4949 3188 5018 ipsa
3218 4947 3398 5002 crimi-

1819 5043 2052 5104 natione,
2081 5041 2173 5095 sed
2203 5041 2463 5094 minorem
2493 5041 2629 5109 parit
2658 5039 2897 5093 dolorem
2924 5056 2936 5091 :
2960 5039 3210 5110 quodque
3241 5041 3400 5093 mira:-

1818 5135 1925 5190 bile
1950 5143 2032 5190 est
2057 5176 2070 5198 ,
2097 5135 2151 5188 in
2189 5133 2431 5203 graviore
2474 5133 2731 5189 incisione
2766 5133 3091 5189 moderatior
3119 5144 3201 5189 est
3225 5135 3396 5189 dolor.

1818 5225 2000 5297 Neque
2030 5227 2198 5280 solum
2231 5226 2389 5295 luget,
2411 5226 2503 5281 sed
2525 5227 2682 5280 etiam
2709 5235 2878 5290 sanat,
2904 5227 3172 5297 aliumque
3192 5243 3397 5281 rursum

1819 5317 2117 5373 mirabilem
2164 5318 2419 5372 doctrinae
2465 5317 2656 5388 ingerit
2699 5318 2937 5373 modum.
2976 5318 3106 5386 Quis
3147 5318 3236 5372 ille
3279 5320 3404 5373 est?

1797 5411 1968 5478 "Quod
1999 5426 2104 5465 non
2132 5410 2289 5467 simul
2317 5425 2503 5466 omnes
2531 5412 2784 5480 increpet,
2813 5411 2904 5467 sed
2935 5411 3182 5480 pepulnm
3205 5425 3233 5464 a
3261 5414 3404 5481 prin-

1821 5504 2026 5571 cipibus
2049 5501 2279 5568 dividat,
2311 5513 2362 5556 et
2393 5503 2442 5556 in
2490 5503 2700 5557 illorum
2733 5515 2890 5572 caput
2917 5503 3140 5557 crimina
3177 5519 3402 5558 conver-

1823 5603 1914 5648 tat.
1946 5594 2169 5649 Tantnm
2199 5596 2337 5650 enim
2364 5606 2443 5649 est
2476 5597 2525 5649 in
2557 5595 2653 5649 hac
2683 5596 2934 5663 arguendi
2967 5597 3144 5664 specie
3175 5597 3400 5658 Ιιηξεγιιηι,

1831 5698 1881 5740 ut
1915 5686 1962 5739 id
1997 5685 2202 5754 Moyses
2243 5691 2468 5746 maxum:
2497 5690 2857 5761 {t‘Cn'}ll::ill1ii‘il.
2888 5689 2932 5745 is
2961 5689 3099 5744 enim
3128 5707 3247 5745 cum
3277 5705 3395 5748 Olli.-
