3674 6276
269 211 343 266 ιτ
1015 204 1073 260 s.
1111 199 1389 259 sumus
1412 198 1890 261 cuavsosrout
1912 200 2230 263 ARCﬂlEP.
2276 206 2807 270 CONSTANTINO‘P.
3485 225 3550 281 ιδ

268 340 364 383 nes
387 329 568 383 essent
585 318 897 377 criminibus
922 318 1155 384 obnoxii,
1177 318 1244 374 ad
1269 317 1534 391 principes
1554 331 1856 374 sermonem

265 417 463 473 vertit:
489 416 603 486 ipse
631 427 761 468 vero
790 410 1000 482 Moyses
1026 425 1148 466 cum
1176 409 1310 465 vidit
1335 409 1587 480 populum
1621 410 1861 463 maxime

266 504 724 579 praevaricationis
763 501 928 558 luisse
952 509 1224 556 auctorem
1249 540 1266 569 ,
1294 502 1561 555 Aaroncm
1590 513 1718 553 vero
1754 512 1858 553 non

262 610 414 657 tanta
458 597 823 669 increpatione
848 596 1067 667 dignum
1093 608 1215 651 esse
1236 634 1253 661 ,
1281 592 1514 648 dimissis
1558 593 1623 646 iis
1648 592 1737 662 qui
1766 592 1860 645 ad-

266 691 485 749 modum
524 688 602 745 rei
631 696 808 755 erant,
835 685 903 742 ad
932 687 1110 741 minus
1138 699 1291 740 reum
1319 683 1713 738 accusationem
1741 696 1861 736 ver-

267 786 365 853 tit,
391 799 486 856 per
508 782 734 839 crimina
760 780 859 851 ipsi
887 777 1097 848 objecta
1123 775 1464 833 conscientia:
1503 776 1738 845 ipsorum
1769 790 1860 831 re-

266 879 515 948 linquens
538 914 557 942 ,
582 883 639 930 ut
674 887 736 928 se
762 870 966 941 majore
992 868 1255 940 supplicio
1294 867 1485 940 dignos
1517 866 1855 938 iudicarent:

264 968 410 1044 quod
432 969 591 1025 etiam
616 966 815 1022 evenit.
841 962 1022 1033 Neque
1049 962 1192 1018 enim
1212 973 1347 1032 opus
1366 959 1685 1016 habuitaliis
1706 958 1862 1013 dein-

265 1075 394 1132 ccps
427 1058 766 1118 sermonibus
803 1054 1059 1127 populum
1091 1053 1321 1123 alloqui;
1348 1050 1443 1106 sed
1470 1050 1603 1106 satis
1643 1047 1863 1105 fuerunt

265 1169 437 1228 pauca
483 1153 572 1208 illa
618 1149 779 1205 verba
822 1146 1020 1203 Aaroni
1063 1145 1241 1210 dicta,
1270 1152 1328 1198 ut
1374 1151 1455 1199 tot
1480 1142 1676 1209 millia,
1706 1141 1859 1211 quasi

265 1261 432 1305 unum
471 1243 741 1301 hominem
786 1239 1243 1309 comprimerent;
1276 1243 1331 1292 et
1366 1250 1398 1290 a
1443 1233 1533 1290 tali
1581 1230 1861 1290 ferocitate

262 1341 595 1411 audaciaque
622 1339 674 1395 in
698 1349 995 1395 extremum
1025 1336 1274 1392 timorem
1303 1345 1664 1405 angorcmque
1691 1328 1860 1386 dedu-

267 1441 474 1491 cerent.
498 1432 649 1502 Quod
672 1447 794 1489 cum
822 1428 1141 1502 prazvideret
1161 1427 1391 1499 Moyses,
1421 1424 1603 1481 statim
1632 1422 1860 1478 descen-

269 1531 400 1588 d'ns
424 1526 630 1583 tabulas
653 1524 907 1597 proiecit,
930 1531 987 1578 et
1018 1520 1217 1577 Aaroni
1242 1519 1412 1576 dixit:
1440 1516 1578 1583 Quid
1607 1514 1726 1586 fecit
1771 1512 1862 1568 tibi

254 1586 488 1690 βορηίης
514 1618 596 1672 hic
623 1657 639 1686 ,
655 1586 787 1688 .qui'a
816 1586 981 1687 feciin
1005 1629 1117 1668 cum
1144 1610 1393 1684 gaudium
1414 1607 1633 1663 inimicis
1662 1604 1859 1678 (Exod.

271 1712 359 1768 se.
389 1710 518 1783 2|)?

341 1803 396 1858 6.
426 1802 537 1858 Hoc
560 1810 619 1857 et
640 1800 726 1856 hic
746 1798 1003 1870 propheta
1033 1796 1179 1862 facit,
1208 1802 1560 1863 sanctumque
1587 1790 1737 1847 illum
1764 1789 1865 1845 du-

272 1894 395 1964 plici
420 1892 581 1949 modo
604 1892 859 1947 imitatur.
889 1888 1007 1944 Non
1036 1887 1182 1944 enim
1220 1886 1396 1941 solum
1438 1892 1570 1939 tunc
1591 1881 1867 1937 accusavit

272 1987 501 2059 Moyses,
528 1985 635 2039 imo
655 1983 818 2040 etiam
838 1980 1068 2036 dolentis
1091 1991 1378 2050 personam
1404 1973 1729 2045 assumpsit,
1755 1972 1863 2029 sic-

272 2094 375 2150 que
400 2076 789 2131 accusationem
819 2073 1065 2127 instituit.
1095 2070 1168 2125 Ita
1196 2078 1252 2125 et
1272 2068 1357 2123 hic
1379 2078 1663 2136 utrumque
1690 2065 1861 2119 imita-

272 2181 358 2225 tus
387 2176 470 2223 εει
495 2167 679 2221 dit-ens
709 2182 723 2218 :
759 2163 959 2232 Popule
986 2161 1055 2215 mi
1080 2201 1097 2228 ,
1138 2168 1393 2214 exactores
1422 2156 1572 2210 vestri
1612 2155 1867 2209 demetunt

271 2276 377 2314 ras.
415 2256 547 2312 Nam
576 2266 629 2310 ct
661 2255 786 2310 illos
810 2251 1112 2318 incusavit,
1140 2259 1195 2306 et
1216 2248 1366 2320 quasi
1393 2262 1515 2303 cum
1544 2246 1740 2317 populo
1763 2245 1865 2300 do-

274 2351 390 2404 lens
421 2348 535 2403 lucc
569 2346 723 2402 dixit.
770 2346 1057 2400 Exactores
1081 2352 1261 2397 autem
1300 2340 1388 2394 hic
1414 2352 1608 2393 vocare
1636 2337 1865 2403 videtur,

273 2455 369 2497 eos
414 2440 503 2511 qui
548 2447 796 2510 repetunt
826 2454 841 2491 :
871 2450 973 2507 ego
1010 2449 1135 2490 vero
1175 2442 1304 2503 puto
1344 2431 1517 2503 ipsum
1546 2441 1787 2501 raptores
1815 2437 1871 2484 et

274 2550 466 2591 avaros
492 2550 677 2591 eorum
702 2529 1079 2593 subindicare;
1124 2527 1209 2583 sin
1236 2526 1412 2581 minus
1443 2524 1567 2592 hoc,
1595 2531 1743 2579 certe
1770 2521 1867 2576 tri-

278 2632 527 2685 butorum
558 2628 894 2683 collectores.
932 2623 1030 2679 Hic
1066 2620 1183 2692 ejus
1210 2619 1333 2674 vide
1364 2616 1718 2689 prudentiam.
1751 2613 1867 2669 Non

279 2723 424 2779 enim
448 2737 564 2778 rem
587 2720 872 2790 improbat,
893 2717 988 2773 sed
1014 2713 1413 2771 immoderatam
1441 2712 1726 2767 rationem.
1753 2708 1869 2763 Non

280 2815 475 2884 quippe
502 2812 668 2878 dixit,
696 2809 954 2879 Exigunt,
983 2805 1077 2861 scd
1097 2846 1113 2873 ,
1147 2803 1411 2858 Demetunt
1436 2819 1451 2867 ;
1498 2800 1551 2855 id
1579 2809 1681 2867 est,
1712 2799 1818 2871 Vos
1841 2814 1871 2853 a

284 2904 618 2961 facultatibus
650 2901 945 2964 denudant,
985 2892 1274 2953 exactionis
1310 2893 1535 2948 obtentu
1573 2906 1676 2948 vos
1699 2887 1873 2944 omni-

284 2999 384 3052 lms
424 2995 676 3068 Spoliant.
728 2991 841 3047 Hoc
870 2997 1048 3045 autem
1085 2986 1305 3055 protulit
1340 2984 1557 3039 verbum
1588 2998 1655 3037 ex
1698 2990 1872 3037 meta-

284 3092 457 3161 phora
471 3084 872 3143 demetentium.
902 3082 1179 3137 Demetere
1201 3077 1344 3134 enim
1371 3076 1563 3131 dicitur
1589 3083 1717 3144 post
1734 3086 1876 3128 mes-

285 3199 405 3243 sem
431 3184 605 3253 lapsas
628 3194 660 3236 e
685 3178 930 3233 manibus
958 3174 1271 3230 metentium
1299 3169 1473 3240 spicas
1496 3167 1772 3238 colligere,
1819 3174 1874 3221 et

287 3276 419 3332 nihil
448 3273 667 3331 omnino
696 3270 749 3326 in
779 3283 909 3325 arvo
936 3266 1237 3336 relinquere
1264 3278 1281 3320 :
1308 3260 1449 3333 quod
1475 3260 1526 3319 hi
1560 3270 1685 3314 tunc
1706 3257 1868 3312 facie-

288 3369 436 3432 bant,
463 3366 740 3422 universas
765 3361 1039 3418 facultates
1063 3357 1412 3428 abripientes,
1444 3368 1507 3408 ac
1534 3351 1704 3406 nudos
1729 3350 1875 3419 ipsos

290 3460 672 3528 relinquentes.
701 3454 770 3510 Et
794 3462 1049 3508 exactores
1077 3449 1403 3503 dominantur
1422 3444 1591 3499 vestri.
1618 3441 1879 3512 Quodque

291 3548 503 3621 gravius
531 3554 663 3613 erat,
710 3558 886 3613 neque
912 3541 998 3596 hic
1034 3539 1271 3595 avaritiae
1310 3534 1521 3593 termini
1560 3542 1732 3597 erant,
1784 3529 1883 3589 sed

290 3640 628 3713 tyrannidem
648 3638 783 3693 ultra
810 3634 1231 3708 promovebant,
1259 3629 1498 3686 servituti
1537 3626 1880 3696 subjicientes

293 3748 391 3795 eos
407 3732 498 3810 qui
525 3731 677 3791 liberi
706 3737 877 3785 erant.
911 3726 1108 3797 Popule
1134 3724 1204 3778 nti
1224 3763 1238 3786 ,
1264 3722 1350 3794 qui
1380 3736 1467 3775 vos
1491 3719 1669 3777 dicunt
1689 3718 1878 3780 beatos,

295 3805 549 3894 decipiunt
582 3836 687 3877 sos.
729 3818 826 3874 llic
854 3816 985 3873 mihi
1009 3814 1216 3871 videtur
1243 3808 1733 3883 pseudoprophetas
1759 3805 1881 3861 sub-

297 3914 565 3978 iadicare,
607 3910 693 3965 vel
718 3923 812 3966 eos
850 3907 941 3978 qui
979 3905 1047 3963 ad
1089 3903 1317 3975 gratiam.
1344 3901 1474 3971 ipsis
1507 3897 1884 3968 loquebantur,

295 4004 437 4075 quod
449 4011 703 4060 extrema:
722 3998 1042 4069 corruptela:
1066 3996 1261 4066 ubique
1277 4006 1437 4047 causa
1465 4000 1569 4047 est.
1587 3988 1887 4043 Nocumcn-

299 4112 411 4157 tum
437 4099 598 4172 igitur
634 4097 760 4153 inde
795 4092 1119 4165 provcuicns
1154 4100 1213 4145 ut
1238 4086 1537 4143 declararet
1566 4080 1884 4152 subjunxit:

300 4192 369 4247 Et
391 4169 624 4246 semitam
664 4186 850 4259 pedum
893 4194 1169 4239 uestrorum
1209 4177 1410 4233 turbant
1442 4192 1462 4230 :
1494 4176 1595 4229 hoc
1622 4181 1737 4238 est,
1768 4169 1885 4225 Non

297 4285 479 4338 sinunt
504 4288 649 4336 recte
674 4275 942 4349 progredi,
969 4273 1338 4329 subvertentes
1357 4310 1373 4337 ,
1402 4267 1774 4329 dissolventcs,
1803 4277 1888 4317 se-

298 4374 513 4447 gniores
535 4384 633 4425 vos
659 4368 965 4423 reddentes.

371 4464 512 4521 Deus
521 4464 611 4534 jus
637 4461 810 4515 dicens
831 4457 894 4511 ab
921 4454 1062 4510 Isaia
1085 4452 1364 4508 inducitur.
1393 4448 1628 4519 Stupidis
1659 4444 1890 4499 accusari

300 4572 405 4611 non
424 4569 607 4628 grave,
638 4550 789 4618 plecti
817 4547 1053 4604 terribile.
1094 4544 1316 4600 Peccata
1345 4540 1627 4612 principum
1653 4545 1700 4590 et
1728 4536 1893 4588 senio-

300 4629 657 4718 rwnntajora
694 4643 1008 4715 privatorum
1038 4638 1348 4708 peccatis.—
1377 4634 1463 4689 15.
1489 4630 1595 4686 Sed
1619 4645 1752 4683 nunc
1771 4644 1892 4682 con-

302 4740 538 4798 stituetur
563 4738 617 4791 in
634 4735 890 4814 judicium
913 4730 1160 4786 Dominus
1179 4768 1202 4793 λ
1223 4738 1271 4783 et
1291 4735 1468 4781 statuet
1489 4722 1730 4795 papulum
1743 4735 1894 4774 suum

303 4832 371 4886 ad
391 4830 651 4904 judicium.
676 4843 696 4883 .'
722 4827 808 4883 14.
836 4827 943 4897 ipse
968 4823 1216 4879 Dominus
1234 4820 1300 4874 ad
1328 4817 1576 4887 iudicium
1599 4814 1756 4869 veniet
1781 4828 1895 4867 cum

303 4921 584 4978 senioribus
626 4919 840 4991 papuli,
876 4927 922 4972 et
946 4932 1062 4973 cum
1083 4912 1393 4986 principibus
1424 4910 1672 4980 ipsorum.
1705 4904 1896 4960 Adhuc

307 5018 359 5071 in
407 5013 596 5071 eadem
645 5020 846 5083 perstat
892 5008 1239 5071 correctionis
1279 5005 1489 5075 Specie,
1534 5018 1564 5056 a
1590 5001 1787 5073 populo
1826 4998 1892 5053 ad

306 5106 551 5163 seniores
574 5113 630 5160 et
671 5102 738 5157 ad
784 5100 1048 5171 principes
1096 5096 1511 5166 increpationcm
1559 5101 1794 5154 vertens,
1833 5102 1895 5144 ac

312 5212 615 5254 sermonem
647 5193 876 5251 reddens
904 5190 1314 5254 terribiliorem;
1364 5187 1543 5258 ipsum
1574 5198 1699 5240 vero
1726 5182 1901 5236 Deum

314 5292 514 5350 inducit
530 5290 621 5361 jus
636 5290 912 5355 dicentem
923 5297 980 5350 et
996 5286 1442 5351 condemnantem
1472 5294 1564 5346 :ac
1582 5277 1650 5339 de
1663 5276 1898 5348 peccatis

310 5396 495 5443 contra
524 5382 775 5454 populum
796 5374 1117 5451 perpetratis
1142 5381 1477 5429 accusantem
1500 5384 1595 5425 eos
1614 5368 1703 5439 qui
1735 5381 1907 5438 popa-7

313 5480 423 5538 lum
460 5478 724 5535 laedebant
746 5476 787 5530 ⁸.
837 5471 1197 5540 Quamobrem
1237 5468 1487 5532 dicebat:
1521 5464 1587 5521 Et
1616 5480 1747 5519 nunc
1775 5480 1898 5519 can—

382 5640 399 5672 ι
436 5647 524 5688 Pro
548 5635 717 5693 verbo,
741 5629 998 5689 (cedebant,
1024 5626 1240 5693 Savil._i_n
1265 5632 1404 5693 textu
1428 5619 1898 5693 efferuaﬂligebant,

319 5706 367 5763 ip
392 5686 503 5754 nota
546 5686 716 5753 autem
745 5686 997 5760 proﬁtetur
1016 5705 1074 5742 se
1097 5688 1262 5750 malle,
1284 5686 1629 5750 gubernabant.

1970 320 2203 376 stituetur
2227 321 2296 374 ad
2315 324 2569 394 judicium
2606 324 2878 382 Dominus.
2927 327 3060 397 Quia
3085 331 3231 387 enim
3255 341 3552 393 accusando

1968 425 2271 469 sermonem
2294 418 2662 487 consumpsit,
2706 419 2770 474 iis
2797 435 2927 475 vero
2958 421 3053 491 qui
3081 424 3263 480 animo
3287 436 3413 482 sunt
3435 438 3551 483 stu-

1968 504 2093 576 pido
2117 508 2350 563 accusari
2392 525 2498 564 non
2537 510 2826 567 admodum
2862 528 3026 583 grave
3064 524 3182 581 est,
3226 519 3397 587 puniri
3424 535 3550 576 vero

1967 599 2203 655 terribile
2226 641 2240 665 ,
2267 601 2374 667 ait,
2410 602 2515 657 Res
2542 617 2648 657 non
2678 604 2729 657 in
2767 607 3110 661 accusatione
3137 615 3345 663 tantum
3373 612 3552 666 consi-

1965 702 2104 760 stet,
2135 694 2231 750 sed
2271 694 2403 749 ultio
2428 706 2639 765 peccata
2671 707 2946 768 sequetur,
2977 698 3067 753 illo
3093 698 3184 770 qui
3208 699 3553 759 daumaturus

1965 793 2048 839 est
2074 800 2260 855 pinnas
2288 786 2503 842 demum
2528 788 2805 858 exigente,
2838 800 2893 845 et
2931 790 3187 846 adversus
3233 796 3552 862 praevarica-

1966 886 2111 934 tores
2148 878 2235 949 jus
2275 878 2507 937 dicente.
2553 881 2704 949 Quod
2741 892 2888 938 certe
2928 886 3422 955 attemperationem
3462 888 3551 943 Dei

1965 971 2187 1027 multam
2206 972 2474 1040 ostendit,
2502 974 2594 1045 qui
2622 975 2750 1030 velit
2775 974 2939 1030 etiam
2965 990 3088 1031 cum
3120 977 3184 1031 iis
3210 978 3390 1034 subire
3414 978 3555 1049 judi-

1964 1062 2107 1117 cium
2128 1103 2145 1129 ,
2176 1078 2240 1119 ac
2268 1079 2572 1120 sermonem
2610 1066 2770 1122 vertit
2794 1066 2859 1122 ad
2886 1067 3227 1123 excitandum
3272 1069 3551 1140 pudorem,

1966 1152 2019 1209 id
2056 1153 2198 1233 quod
2237 1164 2385 1210 certe
2432 1156 2779 1227 intelligentia
2808 1157 3064 1229 praeditos
3091 1158 3142 1212 in
3168 1173 3435 1214 summum
3456 1176 3553 1216 ano

1963 1259 2148 1314 gorem
2162 1232 2446 1316 'conjicere
2474 1248 2631 1303 solet.
2687 1247 2870 1318 Neque
2898 1248 3074 1303 solum
3111 1249 3182 1304 ob
3211 1264 3328 1305 eam
3350 1289 3367 1317 ,
3396 1266 3557 1321 quant

1964 1348 2125 1406 supra
2149 1335 2278 1401 dixi,
2300 1353 2515 1394 causam
2534 1338 2602 1393 ad
2623 1337 2891 1408 principes
2915 1347 2970 1395 et
2991 1340 3232 1396 seniores
3249 1356 3554 1396 sermonem

1963 1432 2229 1494 eonvu-tit
2256 1447 2271 1485 :
2302 1431 2399 1487 sed
2448 1442 2504 1487 ιιι
2530 1446 2719 1487 omnes
2751 1430 2973 1497 doceat,
3022 1432 3294 1502 graviores
3336 1432 3558 1488 daturos

1966 1535 2086 1576 esse
2112 1535 2298 1592 ptenas
2324 1522 2590 1593 principes
2607 1562 2625 1590 ,
2651 1537 2811 1593 quam
2844 1522 3105 1578 subditos.
3134 1521 3387 1579 Subditns
3411 1522 3556 1578 enim

1968 1625 2065 1681 pro
2093 1626 2154 1668 se
2187 1622 2390 1668 tantum
2412 1654 2429 1680 ,
2471 1614 2719 1685 princeps
2756 1628 2884 1670 vero
2920 1628 3018 1684 pro
3045 1613 3223 1685 sei-ps0
3251 1623 3306 1670 et
3332 1630 3428 1685 pro
3456 1630 3558 1685 po-

1898 1731 1911 1744 ·
1945 1705 2116 1775 .pulo,
2145 1706 2196 1761 in
2222 1721 2382 1777 quem
2412 1707 2511 1777 ipsi
2536 1706 2815 1777 imperium
2844 1707 3094 1762 traditum
3124 1717 3241 1774 est,
3270 1707 3361 1763 dat
3390 1708 3558 1762 ratio-

1969 1812 2091 1852 nem
2129 1814 2144 1853 :
2181 1807 2236 1854 et
2276 1812 2307 1851 a
2350 1798 2650 1853 senioribus
2694 1812 2906 1869 quoque
2947 1813 3054 1853 non
3102 1798 3367 1853 immerito
3414 1807 3560 1852 tanta

1970 1888 2260 1958 requiritur
2284 1889 2575 1960 diligentia.
2630 1889 2785 1956 Quod
2825 1890 2967 1945 enim
3000 1889 3105 1944 illis
3132 1899 3217 1944 est
3254 1890 3560 1959 imperium,

1970 1979 2198 2049 idipsum
2224 1979 2340 2035 istis
2364 1988 2514 2035 tetas.
2550 1980 2749 2050 Dignus
2770 1980 2913 2035 enim
2944 1988 3028 2035 cst
3054 1980 3213 2035 etiam
3230 1980 3411 2051 junior
3434 1994 3561 2034 cor-

1969 2071 2211 2142 reptione
2238 2072 2282 2125 si
2308 2070 2541 2141 graviter
2575 2080 2791 2141 peccet;
2841 2071 2936 2127 sed
2982 2071 3076 2127 ille
3108 2072 3199 2142 qui
3231 2087 3329 2141 per
3348 2080 3562 2126 aetatem

1970 2163 2360 2219 immunitatem
2382 2171 2464 2217 est
2488 2161 2743 2233 adeptus,
2771 2177 2945 2232 neque
2976 2171 3053 2217 tot
3078 2161 3362 2217 allectuum
3384 2162 3563 2217 llucti-

1971 2255 2071 2310 bus
2095 2254 2388 2314 obsidetur.
2417 2254 2502 2308 cui
2534 2262 2825 2324 temperate
2846 2252 3027 2308 vivere
3050 2252 3257 2307 facilius
3283 2262 3385 2315 est,
3418 2262 3475 2307 et
3498 2252 3567 2306 ab

1972 2347 2089 2401 aliis
2127 2345 2472 2401 saecularibus
2520 2344 2682 2400 rebus
2722 2343 2867 2399 nullo
2907 2342 3126 2414 negotio
3171 2341 3439 2397 abstinere
3470 2357 3566 2412 po-

1975 2449 2098 2506 test,
2125 2446 2181 2495 et
2223 2454 2402 2494 rerum
2440 2437 2764 2507 experientia
2793 2434 3051 2504 majorem
3082 2434 3311 2503 adeptus
3333 2433 3568 2503 pruden-

1975 2536 2100 2590 tiam
2122 2551 2136 2601 ;
2159 2534 2280 2604 jure
2304 2535 2503 2601 majore
2526 2546 2685 2602 quam
2702 2530 2789 2583 alii
2810 2543 2998 2584 omnes
3013 2525 3354 2583 damnatione
3372 2526 3568 2595 dignus

1973 2636 2076 2692 est,
2104 2634 2289 2695 utpote
2316 2624 2404 2695 qui
2443 2624 2709 2694 juvcnum
2739 2619 3006 2675 lasciviam
3035 2620 3089 2673 in
3116 2626 3363 2687 provecta
3407 2625 3566 2670 tutata

1974 2717 2295 2775 exhibuerit.
2331 2715 2432 2770 Vos
2459 2724 2629 2769 autem
2653 2729 2743 2767 cur
2780 2711 3072 2766 incendistis
3092 2710 3284 2763 vineam
3307 2724 3489 2772 meam,
3521 2716 3567 2760 ct

1975 2811 2159 2879 rapina
2196 2808 2434 2879 pauperis
2473 2816 2545 2860 est
2588 2805 2642 2859 in
2681 2804 2912 2857 domibus
2954 2800 3173 2856 vestris?
3221 2799 3429 2868 Ubique
3458 2798 3569 2853 Deo

1978 2917 2167 2973 magna
2191 2899 2517 2970 providentia
2540 2906 2622 2953 est
2644 2910 2767 2967 erga
2789 2910 2885 2951 eos
2907 2895 2995 2965 qui
3020 2893 3207 2962 injuria
3230 2892 3565 2946 afﬁciuntur:

1977 3009 2041 3050 ac
2064 3008 2170 3049 non
2196 2993 2371 3047 minus
2392 3032 2406 3056 ,
2436 2991 2544 3044 imo
2569 2987 2852 3059 aliquando
2895 2986 3013 3056 plus
3038 2984 3337 3054 indignatur
3358 2982 3425 3037 de
3445 2997 3573 3053 pec-

1978 3089 2112 3145 catis
2150 3102 2273 3158 erga
2320 3096 2647 3148 conservos,
2693 3095 2855 3152 quam
2895 3077 2963 3135 de
3005 3077 3236 3149 peccatis
3267 3076 3320 3130 in
3368 3075 3569 3143 ipsum.

1983 3178 2190 3234 Etenim
2218 3174 2456 3247 permisit
2478 3182 2533 3228 ut
2558 3173 2603 3229 is
2623 3171 2713 3242 qui
2732 3168 3068 3224 lornicariam
3089 3166 3306 3221 haberet
3324 3180 3571 3227 uxorem,

1980 3256 2125 3324 illam
2155 3266 2448 3336 expelleret
2467 3262 2681 3336 (Matth.
2702 3262 2755 3318 5.
2780 3261 2891 3330 '52),
2923 3258 3171 3330 gentilcm
3188 3271 3316 3313 vero
3341 3270 3576 3311 uxorem

1982 3375 2173 3427 secus;
2210 3360 2335 3414 licet
2366 3358 2468 3412 hoc
2494 3362 2770 3427 peccatum
2802 3362 2986 3407 contra
3016 3351 3187 3421 ipsum
3217 3355 3398 3414 esset,
3425 3346 3577 3400 aliud

1983 3458 2059 3527 (l.
2088 3455 2206 3510 Cor.
2235 3454 2287 3508 7.
2318 3452 2409 3521 η)
2438 3464 2565 3505 vero
2587 3457 2772 3504 contra
2804 3444 3096 3500 hominem.
3140 3441 3208 3496 Et
3233 3440 3403 3494 hostia
3431 3454 3578 3508 pne-

1983 3556 2158 3615 scnte,
2182 3544 2340 3616 jussit
2362 3541 2661 3612 relinquere
2690 3551 2904 3604 munus,
2934 3550 3033 3591 nec
3059 3542 3183 3588 ante
3207 3531 3332 3586 illud
3352 3530 3577 3596 offerre,

1985 3654 2142 3710 quam
2173 3652 2294 3692 cum
2338 3634 2501 3690 fratre
2549 3630 2983 3688 recouciliaretur
3023 3626 3105 3690 is,
3152 3624 3242 3695 qui
3272 3622 3579 3694 proximum

1986 3732 2280 3790 oil‘enderat
2309 3728 2518 3798 (Matth.
2549 3726 2604 3782 5.
2630 3724 2722 3780 25.
2748 3724 2866 3795 24).
2916 3721 2982 3776 Et
3005 3735 3124 3773 cum
3149 3717 3217 3773 de
3257 3717 3347 3771 illo
3370 3713 3582 3786 judica-

1986 3827 2063 3885 vit
2087 3824 2183 3896 qui
2203 3822 2385 3878 decies
2408 3818 2557 3875 mille
2582 3817 2776 3872 talenta
2804 3813 3184 3876 devoraverat,
3202 3822 3325 3863 cum
3352 3805 3417 3861 de
3448 3820 3580 3874 pec-

1987 3918 2121 3973 catis
2144 3923 2328 3969 contra
2357 3926 2414 3966 se
2443 3907 2743 3965 commissis
2774 3904 2922 3960 illum
2951 3909 3248 3966 accusaret,
3279 3897 3582 3965 nonipsum

1992 4021 2219 4078 nequam
2253 4001 2572 4074 appellavit,
2615 3997 2709 4053 sed
2750 3997 2857 4051 cito
2896 4009 3015 4049 cum
3064 3992 3155 4049 illo
3202 3989 3582 4045 reconciliatus

1990 4113 2092 4169 est,
2125 4110 2399 4168 totumque
2422 4094 2662 4151 debitum
2696 4089 2899 4146 dimisit
2926 4087 3009 4153 ei;
3041 4094 3097 4139 at
3124 4099 3242 4140 cum
3272 4082 3338 4138 dc
3358 4091 3581 4136 centum

1991 4192 2225 4252 denariis
2252 4198 2519 4260 ageretur,
2546 4193 2601 4239 ct
2620 4197 2831 4238 servum
2863 4194 3085 4249 nequam
3113 4183 3285 4239 vocat,
3321 4181 3375 4227 et
3403 4182 3578 4227 torto-

1992 4290 2140 4347 ribus
2162 4282 2349 4340 tradit:
2368 4294 2464 4334 nec
2491 4279 2638 4348 prius
2654 4290 2774 4331 eum
2797 4287 2856 4328 se
2877 4271 3218 4327 dimissurum
3241 4264 3394 4331 dixit,
3418 4278 3583 4333 quam

1996 4389 2161 4436 totum
2185 4373 2433 4431 redderet
2456 4369 2700 4425 debitum
2727 4362 2933 4437 (Matth.
2968 4360 3086 4429 25).

2066 4471 2120 4524 '7.
2155 4466 2272 4537 Ipse
2300 4474 2511 4533 quoque
2537 4458 2783 4537 Christus
2822 4468 2944 4509 cum
2984 4448 3223 4520 colaphis
3262 4445 3588 4509 ctedcretur,

1997 4561 2129 4619 nihil
2154 4534 2310 4615 servo
2335 4549 2651 4625 percutienti
2674 4534 2872 4603 malum
2898 4543 3097 4607 retulit,
3130 4538 3223 4595 sed
3250 4539 3409 4593 etiam
3442 4552 3594 4589 man-

1996 4667 2148 4711 sucte
2182 4652 2455 4724 respondit
2487 4668 2500 4705 :
2529 4647 2587 4705 Si
2616 4646 2747 4700 male
2788 4643 3024 4712 loquutus
3061 4653 3202 4699 sum,
3248 4632 3592 4688 testimonium

1999 4748 2201 4819 perhibe
2225 4722 2287 4799 de
2316 4743 2449 4797 malo
2472 4757 2491 4808 ;
2531 4742 2575 4794 si
2601 4748 2769 4792 autem
2793 4735 2944 4799 bene,
2971 4729 3092 4801 quid
3118 4745 3197 4782 me
3223 4726 3373 4780 credis
3404 4722 3592 4793 (Joan.

2001 4813 2090 4896 l8.
2128 4838 2261 4909 25)?
2313 4836 2447 4890 Cum
2485 4840 2663 4888 autem
2706 4826 2990 4883 Jeroboam
3031 4833 3247 4875 manum
3291 4813 3599 4871 extendens

2000 4931 2312 5005 prophetam
2344 4928 2433 4999 qui
2466 4940 2525 4981 se
2564 4933 2689 4979 tunc
2717 4918 2971 4991 arguebat
3000 4910 3402 4985 apprehendere
3428 4922 3599 4962 cona-

2002 4998 2192 5088 batur,
2234 4998 2449 5074 manum
2478 5016 2594 5086 ejus
2620 5012 2825 5069 aridam
2863 5006 3097 5064 reddidit
3123 5005 3197 5076 (5.
3226 5001 3354 5070 Reg.
3390 4998 3481 5053 l5.
3513 4999 3597 5065 4),

2004 5126 2057 5179 te
2086 5114 2336 5172 erudiens
2358 5153 2374 5177 ,
2426 5120 2484 5165 ut
2527 5107 2747 5178 injurias
2777 5102 2869 5158 tibi
2899 5101 3076 5155 illatas
3116 5102 3392 5162 mansuete
3426 5090 3597 5153 feras,

2006 5223 2097 5263 cas
2143 5218 2272 5261 vero
2326 5217 2445 5273 qua:
2495 5198 2725 5254 Domino
2773 5192 3072 5248 inferuntur
3120 5182 3603 5240 vehementissime

2006 5299 2305 5359 ulciscaris.
2347 5295 2472 5349 ldeo
2496 5292 2597 5347 etsi
2621 5304 2749 5347 cum
2771 5287 2941 5356 legem
2972 5280 3169 5345 ferret,
3201 5274 3438 5331 secundo
3481 5273 3607 5326 loco

2008 5391 2245 5463 posuerit
2292 5400 2531 5441 amorem
2576 5396 2701 5451 erga
2746 5376 3045 5448 proximum
3072 5412 3089 5436 ,
3139 5378 3315 5424 tamen
3364 5363 3603 5418 similem

2008 5453 2143 5539 dixit
2168 5478 2331 5552 priori
2358 5494 2372 5530 :
2402 5490 2464 5530 ac
2503 5474 2641 5529 sicut
2669 5470 2815 5524 illum
2846 5461 3246 5521 accuratissime
3288 5454 3493 5524 exigit,
3524 5453 3604 5505 sic

2011 5588 2061 5633 et
2094 5545 2233 5630 hunc.
2259 5584 2489 5641 quoque.
2538 5565 2615 5619 De
2643 5563 2733 5618 illo
2762 5559 2903 5614 enim
2930 5556 3029 5619 ait,
3082 5551 3163 5605 Ex
3183 5559 3283 5603 toto
3309 5545 3461 5599 corde
3493 5553 3607 5605 tuo,

2007 5678 2054 5722 ct
2085 5683 2146 5721 cx
2174 5638 2293 5720 totai
2316 5638 2488 5733 anima
2528 5668 2650 5720 ma;
2696 5653 2765 5711 de
2805 5650 2908 5708 hoc
2945 5655 3160 5711 autem.
3211 5641 3355 5697 Sicut
3387 5638 3610 5703 teipsmu
