  <div class='ocr_page' id='page_1' title='image "/cluster/home/n/w/nwhite01/storage/ocr_20150623/56/hvd.32044019304435/052.png"; bbox 0 0 3674 6276; ppageno 0'>
   <div class='ocr_carea' id='block_1_1' title="bbox 155 167 1550 280">
    <p class='ocr_par' dir='ltr' id='par_1_1' title="bbox 155 202 1550 266">
     <span class='ocr_line' id='line_1_1' title="bbox 155 202 1550 266; baseline 0.004 -8"><span class='ocrx_word' id='word_1_1' title='bbox 155 202 214 258; x_wconf 71' lang='grc'><strong>19</strong></span> <span class='ocrx_word' id='word_1_2' title='bbox 1368 205 1433 262; x_wconf 79' lang='lat' dir='ltr'><strong>IN</strong></span> <span class='ocrx_word' id='word_1_3' title='bbox 1469 205 1550 266; x_wconf 78' lang='lat' dir='ltr'><strong>lSl</strong></span> 
     </span>
    </p>
   </div>
   <div class='ocr_carea' id='block_1_2' title="bbox 1900 167 3431 280">
    <p class='ocr_par' dir='ltr' id='par_1_2' title="bbox 1900 167 3431 280">
     <span class='ocr_line' id='line_1_2' title="bbox 1900 167 3431 280; baseline -0.002 -12"><span class='ocrx_word' id='word_1_4' title='bbox 1900 252 1912 268; x_wconf 94' lang='lat'><strong>.</strong></span> <span class='ocrx_word' id='word_1_5' title='bbox 1953 213 2044 270; x_wconf 86' lang='lat' dir='ltr'><strong>ill.</strong></span> <span class='ocrx_word' id='word_1_6' title='bbox 2338 167 2345 175; x_wconf 31' lang='lat'><strong>.</strong></span> <span class='ocrx_word' id='word_1_7' title='bbox 2403 182 2412 194; x_wconf 42' lang='grc'>’</span> <span class='ocrx_word' id='word_1_8' title='bbox 3360 223 3431 280; x_wconf 78' lang='grc' dir='ltr'><strong>ιςο</strong></span> 
     </span>
    </p>
   </div>
   <div class='ocr_carea' id='block_1_3' title="bbox 150 315 1730 392">
    <p class='ocr_par' dir='ltr' id='par_1_3' title="bbox 150 315 1730 392">
     <span class='ocr_line' id='line_1_3' title="bbox 150 315 1730 392; baseline 0.004 -21"><span class='ocrx_word' id='word_1_9' title='bbox 150 315 343 386; x_wconf 74' lang='lat' dir='ltr'><strong>(lattlt.</strong></span> <span class='ocrx_word' id='word_1_10' title='bbox 366 317 464 372; x_wconf 71' lang='lat'><strong>22.</strong></span> <span class='ocrx_word' id='word_1_11' title='bbox 499 320 591 376; x_wconf 78' lang='lat'><strong>&#39;57.</strong></span> <span class='ocrx_word' id='word_1_12' title='bbox 622 320 735 391; x_wconf 77' lang='lat'><strong>39).</strong></span> <span class='ocrx_word' id='word_1_13' title='bbox 771 321 837 376; x_wconf 86' lang='lat' dir='ltr'><strong>Et</strong></span> <span class='ocrx_word' id='word_1_14' title='bbox 855 321 977 377; x_wconf 91' lang='lat' dir='ltr'><strong>alibi</strong></span> <span class='ocrx_word' id='word_1_15' title='bbox 990 334 1199 391; x_wconf 89' lang='lat' dir='ltr'><strong>quoque</strong></span> <span class='ocrx_word' id='word_1_16' title='bbox 1223 335 1366 388; x_wconf 69' lang='lat' dir='ltr'><strong>scepc</strong></span> <span class='ocrx_word' id='word_1_17' title='bbox 1393 320 1572 377; x_wconf 83' lang='lat' dir='ltr'><strong>videre</strong></span> <span class='ocrx_word' id='word_1_18' title='bbox 1593 321 1730 392; x_wconf 87' lang='lat' dir='ltr'><strong>quis-</strong></span> 
     </span>
    </p>
   </div>
   <div class='ocr_carea' id='block_1_4' title="bbox 150 411 1729 482">
    <p class='ocr_par' dir='ltr' id='par_1_4' title="bbox 150 411 1729 482">
     <span class='ocr_line' id='line_1_4' title="bbox 150 411 1729 482; baseline 0.003 -18"><span class='ocrx_word' id='word_1_19' title='bbox 150 424 238 478; x_wconf 83' lang='lat' dir='ltr'><strong>que</strong></span> <span class='ocrx_word' id='word_1_20' title='bbox 273 411 448 478; x_wconf 84' lang='lat' dir='ltr'><strong>possit</strong></span> <span class='ocrx_word' id='word_1_21' title='bbox 487 421 748 481; x_wconf 86' lang='lat' dir='ltr'><strong>quantam</strong></span> <span class='ocrx_word' id='word_1_22' title='bbox 795 413 936 468; x_wconf 88' lang='lat' dir='ltr'><strong>Deus</strong></span> <span class='ocrx_word' id='word_1_23' title='bbox 962 428 992 467; x_wconf 89' lang='lat' dir='ltr'><strong>a</strong></span> <span class='ocrx_word' id='word_1_24' title='bbox 1021 413 1174 467; x_wconf 90' lang='lat' dir='ltr'><strong>nobis</strong></span> <span class='ocrx_word' id='word_1_25' title='bbox 1202 413 1380 482; x_wconf 85' lang='lat' dir='ltr'><strong>exigat</strong></span> <span class='ocrx_word' id='word_1_26' title='bbox 1404 412 1729 482; x_wconf 75' lang='lat' dir='ltr'><strong>diligentiam</strong></span> 
     </span>
    </p>
   </div>
   <div class='ocr_carea' id='block_1_5' title="bbox 146 501 1730 572">
    <p class='ocr_par' dir='ltr' id='par_1_5' title="bbox 146 501 1730 572">
     <span class='ocr_line' id='line_1_5' title="bbox 146 501 1730 572; baseline 0.003 -18"><span class='ocrx_word' id='word_1_27' title='bbox 146 501 270 555; x_wconf 74' lang='lat' dir='ltr'><strong>circa</strong></span> <span class='ocrx_word' id='word_1_28' title='bbox 292 515 356 556; x_wconf 85' lang='lat' dir='ltr'><strong>ea</strong></span> <span class='ocrx_word' id='word_1_29' title='bbox 386 517 516 572; x_wconf 68' lang='lat' dir='ltr'><strong>quae</strong></span> <span class='ocrx_word' id='word_1_30' title='bbox 557 505 712 558; x_wconf 91' lang='lat' dir='ltr'><strong>nobis</strong></span> <span class='ocrx_word' id='word_1_31' title='bbox 744 513 928 559; x_wconf 88' lang='lat' dir='ltr'><strong>mutuo</strong></span> <span class='ocrx_word' id='word_1_32' title='bbox 959 504 1216 560; x_wconf 83' lang='lat' dir='ltr'><strong>debemus</strong></span> <span class='ocrx_word' id='word_1_33' title='bbox 1253 503 1450 559; x_wconf 83' lang='lat' dir='ltr'><strong>officia.</strong></span> <span class='ocrx_word' id='word_1_34' title='bbox 1493 504 1730 561; x_wconf 82' lang='lat' dir='ltr'><strong>Observa</strong></span> 
     </span>
    </p>
   </div>
   <div class='ocr_carea' id='block_1_6' title="bbox 143 593 1730 662">
    <p class='ocr_par' dir='ltr' id='par_1_6' title="bbox 143 593 1730 662">
     <span class='ocr_line' id='line_1_6' title="bbox 143 593 1730 662; baseline 0.004 -17"><span class='ocrx_word' id='word_1_35' title='bbox 143 593 286 662; x_wconf 78' lang='lat' dir='ltr'><strong>igitur</strong></span> <span class='ocrx_word' id='word_1_36' title='bbox 304 593 396 648; x_wconf 88' lang='lat' dir='ltr'><strong>hic</strong></span> <span class='ocrx_word' id='word_1_37' title='bbox 412 595 622 650; x_wconf 86' lang='lat' dir='ltr'><strong>acriter</strong></span> <span class='ocrx_word' id='word_1_38' title='bbox 641 597 948 659; x_wconf 86' lang='lat' dir='ltr'><strong>instantem,</strong></span> <span class='ocrx_word' id='word_1_39' title='bbox 971 605 1027 652; x_wconf 89' lang='lat' dir='ltr'><strong>et</strong></span> <span class='ocrx_word' id='word_1_40' title='bbox 1044 598 1435 652; x_wconf 70' lang='lat' dir='ltr'><strong>accusationem</strong></span> <span class='ocrx_word' id='word_1_41' title='bbox 1455 597 1730 652; x_wconf 81' lang='lat' dir='ltr'><strong>acerrimis</strong></span> 
     </span>
    </p>
   </div>
   <div class='ocr_carea' id='block_1_7' title="bbox 143 683 1728 756">
    <p class='ocr_par' dir='ltr' id='par_1_7' title="bbox 143 683 1728 756">
     <span class='ocr_line' id='line_1_7' title="bbox 143 683 1728 756; baseline 0.004 -21"><span class='ocrx_word' id='word_1_42' title='bbox 143 683 305 740; x_wconf 67' lang='lat' dir='ltr'><strong>verbis</strong></span> <span class='ocrx_word' id='word_1_43' title='bbox 336 695 664 756; x_wconf 87' lang='lat' dir='ltr'><strong>augentem,</strong></span> <span class='ocrx_word' id='word_1_44' title='bbox 679 703 801 743; x_wconf 92' lang='lat' dir='ltr'><strong>cum</strong></span> <span class='ocrx_word' id='word_1_45' title='bbox 819 687 980 742; x_wconf 88' lang='lat' dir='ltr'><strong>dicit:</strong></span> <span class='ocrx_word' id='word_1_46' title='bbox 1010 687 1098 742; x_wconf 78' lang='lat' dir='ltr'><strong>Vos</strong></span> <span class='ocrx_word' id='word_1_47' title='bbox 1114 695 1288 740; x_wconf 88' lang='lat' dir='ltr'><strong>autem</strong></span> <span class='ocrx_word' id='word_1_48' title='bbox 1306 702 1398 739; x_wconf 91' lang='lat' dir='ltr'><strong>cur</strong></span> <span class='ocrx_word' id='word_1_49' title='bbox 1438 688 1728 742; x_wconf 87' lang='lat' dir='ltr'><strong>incendistis</strong></span> 
     </span>
    </p>
   </div>
   <div class='ocr_carea' id='block_1_8' title="bbox 140 774 1724 848">
    <p class='ocr_par' dir='ltr' id='par_1_8' title="bbox 140 774 1724 848">
     <span class='ocr_line' id='line_1_8' title="bbox 140 774 1724 848; baseline 0.004 -21"><span class='ocrx_word' id='word_1_50' title='bbox 140 774 318 828; x_wconf 73' lang='lat' dir='ltr'><strong>rimas</strong></span> <span class='ocrx_word' id='word_1_51' title='bbox 344 791 521 829; x_wconf 82' lang='lat' dir='ltr'><strong>meam</strong></span> <span class='ocrx_word' id='word_1_52' title='bbox 541 777 568 830; x_wconf 70' lang='grc'><em>2</em></span> <span class='ocrx_word' id='word_1_53' title='bbox 613 778 763 843; x_wconf 86' lang='lat' dir='ltr'><strong>Quod</strong></span> <span class='ocrx_word' id='word_1_54' title='bbox 794 778 1053 833; x_wconf 85' lang='lat' dir='ltr'><strong>immanes</strong></span> <span class='ocrx_word' id='word_1_55' title='bbox 1079 776 1294 848; x_wconf 91' lang='lat' dir='ltr'><strong>quidam</strong></span> <span class='ocrx_word' id='word_1_56' title='bbox 1323 777 1504 834; x_wconf 87' lang='lat' dir='ltr'><strong>hostes</strong></span> <span class='ocrx_word' id='word_1_57' title='bbox 1531 790 1584 834; x_wconf 90' lang='lat' dir='ltr'><strong>et</strong></span> <span class='ocrx_word' id='word_1_58' title='bbox 1606 778 1724 834; x_wconf 87' lang='lat' dir='ltr'><strong>bar-</strong></span> 
     </span>
    </p>
   </div>
   <div class='ocr_carea' id='block_1_9' title="bbox 138 866 1721 940">
    <p class='ocr_par' dir='ltr' id='par_1_9' title="bbox 138 866 1721 940">
     <span class='ocr_line' id='line_1_9' title="bbox 138 866 1721 940; baseline 0.003 -20"><span class='ocrx_word' id='word_1_59' title='bbox 138 866 237 920; x_wconf 78' lang='lat' dir='ltr'><strong>bari</strong></span> <span class='ocrx_word' id='word_1_60' title='bbox 261 866 496 922; x_wconf 82' lang='lat' dir='ltr'><strong>fecerint</strong></span> <span class='ocrx_word' id='word_1_61' title='bbox 515 909 530 934; x_wconf 94' lang='lat'><strong>,</strong></span> <span class='ocrx_word' id='word_1_62' title='bbox 573 867 677 924; x_wconf 92' lang='lat' dir='ltr'><strong>hoc</strong></span> <span class='ocrx_word' id='word_1_63' title='bbox 716 885 812 924; x_wconf 89' lang='lat' dir='ltr'><strong>vos</strong></span> <span class='ocrx_word' id='word_1_64' title='bbox 839 885 962 940; x_wconf 88' lang='lat' dir='ltr'><strong>erga</strong></span> <span class='ocrx_word' id='word_1_65' title='bbox 989 869 1279 925; x_wconf 81' lang='lat' dir='ltr'><strong>familiares</strong></span> <span class='ocrx_word' id='word_1_66' title='bbox 1304 879 1512 924; x_wconf 85' lang='lat' dir='ltr'><strong>vestros</strong></span> <span class='ocrx_word' id='word_1_67' title='bbox 1534 870 1721 925; x_wconf 78' lang='lat' dir='ltr'><strong>admit-</strong></span> 
     </span>
    </p>
   </div>
   <div class='ocr_carea' id='block_1_10' title="bbox 138 956 1724 1033">
    <p class='ocr_par' dir='ltr' id='par_1_10' title="bbox 138 956 1724 1033">
     <span class='ocr_line' id='line_1_10' title="bbox 138 956 1724 1033; baseline 0.003 -22"><span class='ocrx_word' id='word_1_68' title='bbox 138 959 250 1012; x_wconf 89' lang='lat' dir='ltr'><strong>titis.</strong></span> <span class='ocrx_word' id='word_1_69' title='bbox 280 956 518 1013; x_wconf 76' lang='lat' dir='ltr'><strong>Vineam</strong></span> <span class='ocrx_word' id='word_1_70' title='bbox 552 974 716 1030; x_wconf 86' lang='lat' dir='ltr'><strong>porro</strong></span> <span class='ocrx_word' id='word_1_71' title='bbox 743 971 898 1015; x_wconf 86' lang='lat' dir='ltr'><strong>vocat</strong></span> <span class='ocrx_word' id='word_1_72' title='bbox 921 962 1175 1030; x_wconf 85' lang='lat' dir='ltr'><strong>populum</strong></span> <span class='ocrx_word' id='word_1_73' title='bbox 1201 1003 1216 1027; x_wconf 98' lang='lat'><strong>,</strong></span> <span class='ocrx_word' id='word_1_74' title='bbox 1247 961 1388 1033; x_wconf 82' lang='lat' dir='ltr'><strong>quod</strong></span> <span class='ocrx_word' id='word_1_75' title='bbox 1415 977 1535 1016; x_wconf 90' lang='lat' dir='ltr'><strong>eum</strong></span> <span class='ocrx_word' id='word_1_76' title='bbox 1560 962 1724 1016; x_wconf 90' lang='lat' dir='ltr'><strong>multo</strong></span> 
     </span>
    </p>
   </div>
   <div class='ocr_carea' id='block_1_11' title="bbox 133 1047 1742 1121">
    <p class='ocr_par' dir='ltr' id='par_1_11' title="bbox 133 1047 1742 1121">
     <span class='ocr_line' id='line_1_11' title="bbox 133 1047 1742 1121; baseline 0.002 -19"><span class='ocrx_word' id='word_1_77' title='bbox 133 1047 292 1102; x_wconf 82' lang='lat' dir='ltr'><strong>sntdio</strong></span> <span class='ocrx_word' id='word_1_78' title='bbox 328 1057 391 1104; x_wconf 87' lang='lat' dir='ltr'><strong>et</strong></span> <span class='ocrx_word' id='word_1_79' title='bbox 426 1065 668 1119; x_wconf 89' lang='lat' dir='ltr'><strong>superna</strong></span> <span class='ocrx_word' id='word_1_80' title='bbox 701 1050 1032 1118; x_wconf 80' lang='lat' dir='ltr'><strong>providentia</strong></span> <span class='ocrx_word' id='word_1_81' title='bbox 1077 1061 1380 1106; x_wconf 81' lang='lat' dir='ltr'><strong>conservet.</strong></span> <span class='ocrx_word' id='word_1_82' title='bbox 1431 1051 1498 1106; x_wconf 85' lang='lat' dir='ltr'><strong>Et</strong></span> <span class='ocrx_word' id='word_1_83' title='bbox 1525 1051 1742 1121; x_wconf 63' lang='lat' dir='ltr'><strong>augcus‘</strong></span> 
     </span>
    </p>
   </div>
   <div class='ocr_carea' id='block_1_12' title="bbox 131 1140 1720 1212">
    <p class='ocr_par' dir='ltr' id='par_1_12' title="bbox 131 1140 1720 1212">
     <span class='ocr_line' id='line_1_12' title="bbox 131 1140 1720 1212; baseline 0 -20"><span class='ocrx_word' id='word_1_84' title='bbox 131 1140 526 1196; x_wconf 82' lang='lat' dir='ltr'><strong>accusationem</strong></span> <span class='ocrx_word' id='word_1_85' title='bbox 547 1182 562 1207; x_wconf 94' lang='lat'><strong>,</strong></span> <span class='ocrx_word' id='word_1_86' title='bbox 598 1159 702 1196; x_wconf 89' lang='lat' dir='ltr'><strong>non</strong></span> <span class='ocrx_word' id='word_1_87' title='bbox 729 1143 859 1197; x_wconf 81' lang='lat' dir='ltr'><strong>dixit</strong></span> <span class='ocrx_word' id='word_1_88' title='bbox 882 1185 898 1210; x_wconf 92' lang='lat'><strong>,</strong></span> <span class='ocrx_word' id='word_1_89' title='bbox 939 1143 1046 1197; x_wconf 90' lang='lat' dir='ltr'><strong>Cur</strong></span> <span class='ocrx_word' id='word_1_90' title='bbox 1069 1157 1358 1197; x_wconf 82' lang='lat' dir='ltr'><strong>conservos</strong></span> <span class='ocrx_word' id='word_1_91' title='bbox 1378 1183 1392 1207; x_wconf 94' lang='lat'><strong>,</strong></span> <span class='ocrx_word' id='word_1_92' title='bbox 1427 1142 1720 1212; x_wconf 77' lang='lat' dir='ltr'><strong>proximos,</strong></span> 
     </span>
    </p>
   </div>
   <div class='ocr_carea' id='block_1_13' title="bbox 131 1231 1722 1306">
    <p class='ocr_par' dir='ltr' id='par_1_13' title="bbox 131 1231 1722 1306">
     <span class='ocr_line' id='line_1_13' title="bbox 131 1231 1722 1306; baseline 0.003 -22"><span class='ocrx_word' id='word_1_93' title='bbox 131 1231 310 1288; x_wconf 81' lang='lat' dir='ltr'><strong>fratres</strong></span> <span class='ocrx_word' id='word_1_94' title='bbox 334 1249 352 1299; x_wconf 92' lang='lat'><strong>;</strong></span> <span class='ocrx_word' id='word_1_95' title='bbox 385 1235 510 1300; x_wconf 88' lang='lat' dir='ltr'><strong>sed,</strong></span> <span class='ocrx_word' id='word_1_96' title='bbox 538 1235 675 1301; x_wconf 85' lang='lat' dir='ltr'><strong>Quid</strong></span> <span class='ocrx_word' id='word_1_97' title='bbox 701 1251 841 1302; x_wconf 88' lang='lat' dir='ltr'><strong>mea,</strong></span> <span class='ocrx_word' id='word_1_98' title='bbox 869 1235 1056 1306; x_wconf 88' lang='lat' dir='ltr'><strong>inquit,</strong></span> <span class='ocrx_word' id='word_1_99' title='bbox 1085 1235 1407 1305; x_wconf 84' lang='lat' dir='ltr'><strong>perdidistis,</strong></span> <span class='ocrx_word' id='word_1_100' title='bbox 1438 1250 1550 1288; x_wconf 84' lang='lat' dir='ltr'><strong>mea</strong></span> <span class='ocrx_word' id='word_1_101' title='bbox 1579 1233 1722 1288; x_wconf 92' lang='lat' dir='ltr'><strong>labe-</strong></span> 
     </span>
    </p>
   </div>
   <div class='ocr_carea' id='block_1_14' title="bbox 131 1322 1716 1394">
    <p class='ocr_par' dir='ltr' id='par_1_14' title="bbox 131 1322 1716 1394">
     <span class='ocr_line' id='line_1_14' title="bbox 131 1322 1716 1394; baseline 0 -18"><span class='ocrx_word' id='word_1_102' title='bbox 131 1322 397 1380; x_wconf 76' lang='lat' dir='ltr'><strong>factastis?</strong></span> <span class='ocrx_word' id='word_1_103' title='bbox 454 1325 664 1380; x_wconf 84' lang='lat' dir='ltr'><strong>Deinde</strong></span> <span class='ocrx_word' id='word_1_104' title='bbox 710 1325 940 1381; x_wconf 91' lang='lat' dir='ltr'><strong>incendii</strong></span> <span class='ocrx_word' id='word_1_105' title='bbox 989 1326 1223 1394; x_wconf 88' lang='lat' dir='ltr'><strong>speciem</strong></span> <span class='ocrx_word' id='word_1_106' title='bbox 1265 1325 1570 1388; x_wconf 85' lang='lat' dir='ltr'><strong>ostendens,</strong></span> <span class='ocrx_word' id='word_1_107' title='bbox 1597 1325 1716 1378; x_wconf 85' lang='lat' dir='ltr'><strong>ait:</strong></span> 
     </span>
    </p>
   </div>
   <div class='ocr_carea' id='block_1_15' title="bbox 127 1415 1718 1489">
    <p class='ocr_par' dir='ltr' id='par_1_15' title="bbox 127 1415 1718 1489">
     <span class='ocr_line' id='line_1_15' title="bbox 127 1415 1718 1489; baseline -0.002 -17"><span class='ocrx_word' id='word_1_108' title='bbox 127 1418 321 1486; x_wconf 74' lang='lat' dir='ltr'><strong>Rapina</strong></span> <span class='ocrx_word' id='word_1_109' title='bbox 351 1420 603 1489; x_wconf 75' lang='lat' dir='ltr'><strong>pauperis</strong></span> <span class='ocrx_word' id='word_1_110' title='bbox 627 1429 696 1473; x_wconf 85' lang='lat' dir='ltr'><strong>est</strong></span> <span class='ocrx_word' id='word_1_111' title='bbox 723 1420 775 1473; x_wconf 89' lang='lat' dir='ltr'><strong>in</strong></span> <span class='ocrx_word' id='word_1_112' title='bbox 812 1419 1040 1473; x_wconf 79' lang='lat' dir='ltr'><strong>domibus</strong></span> <span class='ocrx_word' id='word_1_113' title='bbox 1068 1418 1260 1472; x_wconf 78' lang='lat' dir='ltr'><strong>vestris.</strong></span> <span class='ocrx_word' id='word_1_114' title='bbox 1313 1417 1426 1472; x_wconf 78' lang='lat' dir='ltr'><strong>Non</strong></span> <span class='ocrx_word' id='word_1_115' title='bbox 1467 1418 1607 1471; x_wconf 86' lang='lat' dir='ltr'><strong>enim</strong></span> <span class='ocrx_word' id='word_1_116' title='bbox 1650 1415 1718 1470; x_wconf 90' lang='lat' dir='ltr'><strong>ita</strong></span> 
     </span>
    </p>
   </div>
   <div class='ocr_carea' id='block_1_16' title="bbox 124 1510 1720 1580">
    <p class='ocr_par' dir='ltr' id='par_1_16' title="bbox 124 1510 1720 1580">
     <span class='ocr_line' id='line_1_16' title="bbox 124 1510 1720 1580; baseline 0.002 -19"><span class='ocrx_word' id='word_1_117' title='bbox 124 1510 243 1562; x_wconf 81' lang='lat' dir='ltr'><strong>solet</strong></span> <span class='ocrx_word' id='word_1_118' title='bbox 269 1511 493 1580; x_wconf 85' lang='lat' dir='ltr'><strong>grando</strong></span> <span class='ocrx_word' id='word_1_119' title='bbox 522 1511 706 1566; x_wconf 86' lang='lat' dir='ltr'><strong>vineas</strong></span> <span class='ocrx_word' id='word_1_120' title='bbox 733 1520 971 1575; x_wconf 82' lang='lat' dir='ltr'><strong>vastare,</strong></span> <span class='ocrx_word' id='word_1_121' title='bbox 1016 1521 1072 1565; x_wconf 93' lang='lat' dir='ltr'><strong>ut</strong></span> <span class='ocrx_word' id='word_1_122' title='bbox 1109 1510 1356 1579; x_wconf 82' lang='lat' dir='ltr'><strong>iniquitas</strong></span> <span class='ocrx_word' id='word_1_123' title='bbox 1385 1511 1632 1580; x_wconf 84' lang='lat' dir='ltr'><strong>pauperis</strong></span> <span class='ocrx_word' id='word_1_124' title='bbox 1665 1517 1720 1564; x_wconf 91' lang='lat' dir='ltr'><strong>et</strong></span> 
     </span>
    </p>
   </div>
   <div class='ocr_carea' id='block_1_17' title="bbox 124 1598 1717 1670">
    <p class='ocr_par' dir='ltr' id='par_1_17' title="bbox 124 1598 1717 1670">
     <span class='ocr_line' id='line_1_17' title="bbox 124 1598 1717 1670; baseline 0.002 -19"><span class='ocrx_word' id='word_1_125' title='bbox 124 1598 285 1668; x_wconf 78' lang='lat' dir='ltr'><strong>inopis</strong></span> <span class='ocrx_word' id='word_1_126' title='bbox 337 1600 588 1654; x_wconf 85' lang='lat' dir='ltr'><strong>animum</strong></span> <span class='ocrx_word' id='word_1_127' title='bbox 639 1601 1003 1666; x_wconf 88' lang='lat' dir='ltr'><strong>succendere,</strong></span> <span class='ocrx_word' id='word_1_128' title='bbox 1047 1609 1217 1654; x_wconf 91' lang='lat' dir='ltr'><strong>morte</strong></span> <span class='ocrx_word' id='word_1_129' title='bbox 1269 1602 1566 1670; x_wconf 77' lang='lat' dir='ltr'><strong>graviorem</strong></span> <span class='ocrx_word' id='word_1_130' title='bbox 1619 1599 1717 1668; x_wconf 86' lang='lat' dir='ltr'><strong>ipsi</strong></span> 
     </span>
    </p>
   </div>
   <div class='ocr_carea' id='block_1_18' title="bbox 124 1691 1714 1764">
    <p class='ocr_par' dir='ltr' id='par_1_18' title="bbox 124 1691 1714 1764">
     <span class='ocr_line' id='line_1_18' title="bbox 124 1691 1714 1764; baseline -0.001 -19"><span class='ocrx_word' id='word_1_131' title='bbox 124 1706 409 1746; x_wconf 70' lang='lat' dir='ltr'><strong>maerorem</strong></span> <span class='ocrx_word' id='word_1_132' title='bbox 436 1691 696 1748; x_wconf 79' lang='lat' dir='ltr'><strong>inferens.</strong></span> <span class='ocrx_word' id='word_1_133' title='bbox 731 1691 934 1764; x_wconf 89' lang='lat' dir='ltr'><strong>Ubique</strong></span> <span class='ocrx_word' id='word_1_134' title='bbox 964 1691 1122 1762; x_wconf 79' lang='lat' dir='ltr'><strong>igitur</strong></span> <span class='ocrx_word' id='word_1_135' title='bbox 1157 1692 1341 1760; x_wconf 90' lang='lat' dir='ltr'><strong>rapina</strong></span> <span class='ocrx_word' id='word_1_136' title='bbox 1373 1691 1567 1744; x_wconf 87' lang='lat' dir='ltr'><strong>malum</strong></span> <span class='ocrx_word' id='word_1_137' title='bbox 1599 1698 1714 1750; x_wconf 88' lang='lat' dir='ltr'><strong>est;</strong></span> 
     </span>
    </p>
   </div>
   <div class='ocr_carea' id='block_1_19' title="bbox 122 1781 1718 1838">
    <p class='ocr_par' dir='ltr' id='par_1_19' title="bbox 122 1781 1718 1838">
     <span class='ocr_line' id='line_1_19' title="bbox 122 1781 1718 1838; baseline 0 -2"><span class='ocrx_word' id='word_1_138' title='bbox 122 1783 348 1837; x_wconf 72' lang='lat' dir='ltr'><strong>maxime</strong></span> <span class='ocrx_word' id='word_1_139' title='bbox 379 1797 519 1838; x_wconf 87' lang='lat' dir='ltr'><strong>vero</strong></span> <span class='ocrx_word' id='word_1_140' title='bbox 546 1798 668 1838; x_wconf 90' lang='lat' dir='ltr'><strong>cum</strong></span> <span class='ocrx_word' id='word_1_141' title='bbox 697 1782 742 1838; x_wconf 90' lang='lat' dir='ltr'><strong>is</strong></span> <span class='ocrx_word' id='word_1_142' title='bbox 778 1783 862 1838; x_wconf 88' lang='lat' dir='ltr'><strong>cui</strong></span> <span class='ocrx_word' id='word_1_143' title='bbox 901 1782 1153 1837; x_wconf 86' lang='lat' dir='ltr'><strong>damnum</strong></span> <span class='ocrx_word' id='word_1_144' title='bbox 1195 1781 1417 1837; x_wconf 89' lang='lat' dir='ltr'><strong>infertur</strong></span> <span class='ocrx_word' id='word_1_145' title='bbox 1449 1782 1500 1835; x_wconf 90' lang='lat' dir='ltr'><strong>in</strong></span> <span class='ocrx_word' id='word_1_146' title='bbox 1540 1791 1718 1836; x_wconf 79' lang='lat' dir='ltr'><strong>extre-</strong></span> 
     </span>
    </p>
   </div>
   <div class='ocr_carea' id='block_1_20' title="bbox 123 1874 1713 1946">
    <p class='ocr_par' dir='ltr' id='par_1_20' title="bbox 123 1874 1713 1946">
     <span class='ocr_line' id='line_1_20' title="bbox 123 1874 1713 1946; baseline -0.003 -16"><span class='ocrx_word' id='word_1_147' title='bbox 123 1892 252 1930; x_wconf 78' lang='lat' dir='ltr'><strong>mam</strong></span> <span class='ocrx_word' id='word_1_148' title='bbox 281 1877 546 1931; x_wconf 83' lang='lat' dir='ltr'><strong>redactus</strong></span> <span class='ocrx_word' id='word_1_149' title='bbox 575 1887 659 1932; x_wconf 87' lang='lat' dir='ltr'><strong>est</strong></span> <span class='ocrx_word' id='word_1_150' title='bbox 684 1886 1066 1946; x_wconf 87' lang='lat' dir='ltr'><strong>paupertatem.</strong></span> <span class='ocrx_word' id='word_1_151' title='bbox 1095 1875 1280 1944; x_wconf 87' lang='lat' dir='ltr'><strong>Neque</strong></span> <span class='ocrx_word' id='word_1_152' title='bbox 1306 1883 1509 1930; x_wconf 87' lang='lat' dir='ltr'><strong>tantum</strong></span> <span class='ocrx_word' id='word_1_153' title='bbox 1540 1874 1713 1927; x_wconf 80' lang='lat' dir='ltr'><strong>incre-</strong></span> 
     </span>
    </p>
   </div>
   <div class='ocr_carea' id='block_1_21' title="bbox 121 1963 1714 2037">
    <p class='ocr_par' dir='ltr' id='par_1_21' title="bbox 121 1963 1714 2037">
     <span class='ocr_line' id='line_1_21' title="bbox 121 1963 1714 2037; baseline -0.002 -16"><span class='ocrx_word' id='word_1_154' title='bbox 121 1978 202 2037; x_wconf 72' lang='grc' dir='ltr'><strong>[παι</strong></span> <span class='ocrx_word' id='word_1_155' title='bbox 228 1967 351 2022; x_wconf 63' lang='lat' dir='ltr'><strong>hare</strong></span> <span class='ocrx_word' id='word_1_156' title='bbox 381 1967 619 2022; x_wconf 87' lang='lat' dir='ltr'><strong>dicendo</strong></span> <span class='ocrx_word' id='word_1_157' title='bbox 640 2007 656 2030; x_wconf 84' lang='lat'><strong>.</strong></span> <span class='ocrx_word' id='word_1_158' title='bbox 701 1966 797 2022; x_wconf 87' lang='lat' dir='ltr'><strong>sed</strong></span> <span class='ocrx_word' id='word_1_159' title='bbox 825 1967 984 2022; x_wconf 90' lang='lat' dir='ltr'><strong>etiam</strong></span> <span class='ocrx_word' id='word_1_160' title='bbox 1013 1966 1254 2036; x_wconf 79' lang='lat' dir='ltr'><strong>corrigit,</strong></span> <span class='ocrx_word' id='word_1_161' title='bbox 1284 1966 1502 2020; x_wconf 89' lang='lat' dir='ltr'><strong>mittens</strong></span> <span class='ocrx_word' id='word_1_162' title='bbox 1528 1978 1622 2019; x_wconf 91' lang='lat' dir='ltr'><strong>cos</strong></span> <span class='ocrx_word' id='word_1_163' title='bbox 1647 1963 1714 2018; x_wconf 86' lang='lat' dir='ltr'><strong>ad</strong></span> 
     </span>
    </p>
   </div>
   <div class='ocr_carea' id='block_1_22' title="bbox 120 2058 1711 2129">
    <p class='ocr_par' dir='ltr' id='par_1_22' title="bbox 120 2058 1711 2129">
     <span class='ocr_line' id='line_1_22' title="bbox 120 2058 1711 2129; baseline -0.003 -15"><span class='ocrx_word' id='word_1_164' title='bbox 120 2062 312 2129; x_wconf 72' lang='lat' dir='ltr'><strong>rapina:</strong></span> <span class='ocrx_word' id='word_1_165' title='bbox 359 2059 754 2129; x_wconf 84' lang='lat' dir='ltr'><strong>spectaculum.</strong></span> <span class='ocrx_word' id='word_1_166' title='bbox 803 2059 923 2114; x_wconf 85' lang='lat' dir='ltr'><strong>Post</strong></span> <span class='ocrx_word' id='word_1_167' title='bbox 969 2058 1268 2127; x_wconf 72' lang='lat' dir='ltr'><strong>huiusmodi</strong></span> <span class='ocrx_word' id='word_1_168' title='bbox 1307 2058 1505 2112; x_wconf 91' lang='lat' dir='ltr'><strong>dictum</strong></span> <span class='ocrx_word' id='word_1_169' title='bbox 1545 2058 1711 2124; x_wconf 92' lang='lat' dir='ltr'><strong>enim,</strong></span> 
     </span>
    </p>
   </div>
   <div class='ocr_carea' id='block_1_23' title="bbox 120 2151 1714 2222">
    <p class='ocr_par' dir='ltr' id='par_1_23' title="bbox 120 2151 1714 2222">
     <span class='ocr_line' id='line_1_23' title="bbox 120 2151 1714 2222; baseline -0.003 -15"><span class='ocrx_word' id='word_1_170' title='bbox 120 2163 363 2222; x_wconf 80' lang='lat' dir='ltr'><strong>aspectus</strong></span> <span class='ocrx_word' id='word_1_171' title='bbox 407 2153 489 2206; x_wconf 90' lang='lat' dir='ltr'><strong>rei</strong></span> <span class='ocrx_word' id='word_1_172' title='bbox 533 2151 636 2206; x_wconf 88' lang='lat' dir='ltr'><strong>sub</strong></span> <span class='ocrx_word' id='word_1_173' title='bbox 683 2151 853 2206; x_wconf 91' lang='lat' dir='ltr'><strong>oculis</strong></span> <span class='ocrx_word' id='word_1_174' title='bbox 898 2151 1084 2222; x_wconf 77' lang='lat' dir='ltr'><strong>posita:</strong></span> <span class='ocrx_word' id='word_1_175' title='bbox 1128 2165 1490 2221; x_wconf 88' lang='lat' dir='ltr'><strong>compungere</strong></span> <span class='ocrx_word' id='word_1_176' title='bbox 1538 2157 1714 2218; x_wconf 84' lang='lat' dir='ltr'><strong>potest</strong></span> 
     </span>
    </p>
   </div>
   <div class='ocr_carea' id='block_1_24' title="bbox 119 2239 1714 2314">
    <p class='ocr_par' dir='ltr' id='par_1_24' title="bbox 119 2239 1714 2314">
     <span class='ocr_line' id='line_1_24' title="bbox 119 2239 1714 2314; baseline -0.005 -14"><span class='ocrx_word' id='word_1_177' title='bbox 119 2261 253 2311; x_wconf 85' lang='lat' dir='ltr'><strong>eum,</strong></span> <span class='ocrx_word' id='word_1_178' title='bbox 292 2245 392 2314; x_wconf 91' lang='lat' dir='ltr'><strong>qui</strong></span> <span class='ocrx_word' id='word_1_179' title='bbox 427 2259 537 2298; x_wconf 89' lang='lat' dir='ltr'><strong>non</strong></span> <span class='ocrx_word' id='word_1_180' title='bbox 567 2243 1032 2313; x_wconf 89' lang='lat' dir='ltr'><strong>impudentissimo</strong></span> <span class='ocrx_word' id='word_1_181' title='bbox 1065 2241 1220 2296; x_wconf 89' lang='lat' dir='ltr'><strong>fuerit</strong></span> <span class='ocrx_word' id='word_1_182' title='bbox 1259 2243 1458 2297; x_wconf 90' lang='lat' dir='ltr'><strong>animo.</strong></span> <span class='ocrx_word' id='word_1_183' title='bbox 1492 2239 1579 2296; x_wconf 83' lang='grc'><strong>15.</strong></span> <span class='ocrx_word' id='word_1_184' title='bbox 1609 2240 1714 2294; x_wconf 84' lang='lat' dir='ltr'><strong>Cur</strong></span> 
     </span>
    </p>
   </div>
   <div class='ocr_carea' id='block_1_25' title="bbox 117 2333 1712 2408">
    <p class='ocr_par' dir='ltr' id='par_1_25' title="bbox 117 2333 1712 2408">
     <span class='ocr_line' id='line_1_25' title="bbox 117 2333 1712 2408; baseline -0.003 -16"><span class='ocrx_word' id='word_1_185' title='bbox 117 2355 194 2392; x_wconf 77' lang='lat' dir='ltr'><strong>res</strong></span> <span class='ocrx_word' id='word_1_186' title='bbox 455 2337 655 2407; x_wconf 68' lang='lat' dir='ltr'><strong>efﬁcitis</strong></span> <span class='ocrx_word' id='word_1_187' title='bbox 693 2336 939 2406; x_wconf 84' lang='lat' dir='ltr'><strong>papulum</strong></span> <span class='ocrx_word' id='word_1_188' title='bbox 965 2335 1176 2388; x_wconf 83' lang='lat' dir='ltr'><strong>meum?</strong></span> <span class='ocrx_word' id='word_1_189' title='bbox 1225 2333 1278 2387; x_wconf 91' lang='lat' dir='ltr'><strong>In</strong></span> <span class='ocrx_word' id='word_1_190' title='bbox 1305 2333 1498 2389; x_wconf 89' lang='lat' dir='ltr'><strong>eodem</strong></span> <span class='ocrx_word' id='word_1_191' title='bbox 1526 2348 1712 2388; x_wconf 87' lang='lat' dir='ltr'><strong>rursus</strong></span> 
     </span>
    </p>
   </div>
   <div class='ocr_carea' id='block_1_26' title="bbox 115 2424 1708 2500">
    <p class='ocr_par' dir='ltr' id='par_1_26' title="bbox 115 2424 1708 2500">
     <span class='ocr_line' id='line_1_26' title="bbox 115 2424 1708 2500; baseline -0.007 -13"><span class='ocrx_word' id='word_1_192' title='bbox 115 2438 425 2500; x_wconf 62' lang='lat' dir='ltr'><strong>[mrseverat</strong></span> <span class='ocrx_word' id='word_1_193' title='bbox 450 2427 668 2495; x_wconf 76' lang='lat' dir='ltr'><strong>dicendi</strong></span> <span class='ocrx_word' id='word_1_194' title='bbox 694 2441 893 2497; x_wconf 78' lang='lat' dir='ltr'><strong>genere</strong></span> <span class='ocrx_word' id='word_1_195' title='bbox 923 2443 936 2478; x_wconf 87' lang='lat'>:</span> <span class='ocrx_word' id='word_1_196' title='bbox 968 2427 1105 2480; x_wconf 91' lang='lat' dir='ltr'><strong>sicut</strong></span> <span class='ocrx_word' id='word_1_197' title='bbox 1128 2426 1264 2490; x_wconf 88' lang='lat' dir='ltr'><strong>illic,</strong></span> <span class='ocrx_word' id='word_1_198' title='bbox 1301 2424 1506 2478; x_wconf 80' lang='lat' dir='ltr'><strong>Vincunt</strong></span> <span class='ocrx_word' id='word_1_199' title='bbox 1526 2439 1708 2491; x_wconf 91' lang='lat' dir='ltr'><strong>meam,</strong></span> 
     </span>
    </p>
   </div>
   <div class='ocr_carea' id='block_1_27' title="bbox 115 2516 1725 2590">
    <p class='ocr_par' dir='ltr' id='par_1_27' title="bbox 115 2516 1725 2590">
     <span class='ocr_line' id='line_1_27' title="bbox 115 2516 1725 2590; baseline -0.006 -13"><span class='ocrx_word' id='word_1_200' title='bbox 115 2525 178 2577; x_wconf 82' lang='lat' dir='ltr'><strong>ita</strong></span> <span class='ocrx_word' id='word_1_201' title='bbox 206 2523 316 2586; x_wconf 87' lang='lat' dir='ltr'><strong>hic,</strong></span> <span class='ocrx_word' id='word_1_202' title='bbox 351 2519 620 2590; x_wconf 75' lang='lat' dir='ltr'><strong>Populum</strong></span> <span class='ocrx_word' id='word_1_203' title='bbox 640 2535 824 2584; x_wconf 85' lang='lat' dir='ltr'><strong>meum,</strong></span> <span class='ocrx_word' id='word_1_204' title='bbox 852 2517 998 2573; x_wconf 88' lang='lat' dir='ltr'><strong>dicit.</strong></span> <span class='ocrx_word' id='word_1_205' title='bbox 1029 2516 1096 2571; x_wconf 84' lang='lat' dir='ltr'><strong>Et</strong></span> <span class='ocrx_word' id='word_1_206' title='bbox 1118 2517 1274 2587; x_wconf 79' lang='lat' dir='ltr'><strong>facies</strong></span> <span class='ocrx_word' id='word_1_207' title='bbox 1295 2516 1564 2570; x_wconf 84' lang='lat' dir='ltr'><strong>humilium</strong></span> <span class='ocrx_word' id='word_1_208' title='bbox 1587 2531 1725 2568; x_wconf 43' lang='lat' dir='ltr'><strong>con:</strong></span> 
     </span>
    </p>
   </div>
   <div class='ocr_carea' id='block_1_28' title="bbox 115 2606 1705 2684">
    <p class='ocr_par' dir='ltr' id='par_1_28' title="bbox 115 2606 1705 2684">
     <span class='ocr_line' id='line_1_28' title="bbox 115 2606 1705 2684; baseline -0.005 -16"><span class='ocrx_word' id='word_1_209' title='bbox 115 2614 369 2684; x_wconf 63' lang='lat' dir='ltr'><strong>traditis?</strong></span> <span class='ocrx_word' id='word_1_210' title='bbox 407 2613 556 2680; x_wconf 84' lang='lat' dir='ltr'><strong>Quos</strong></span> <span class='ocrx_word' id='word_1_211' title='bbox 578 2611 848 2682; x_wconf 76' lang='lat' dir='ltr'><strong>corrigere</strong></span> <span class='ocrx_word' id='word_1_212' title='bbox 876 2609 1188 2679; x_wconf 87' lang='lat' dir='ltr'><strong>oportebat,</strong></span> <span class='ocrx_word' id='word_1_213' title='bbox 1241 2607 1340 2664; x_wconf 91' lang='lat' dir='ltr'><strong>hos</strong></span> <span class='ocrx_word' id='word_1_214' title='bbox 1393 2606 1705 2676; x_wconf 89' lang='lat' dir='ltr'><strong>impellitis;</strong></span> 
     </span>
    </p>
   </div>
   <div class='ocr_carea' id='block_1_29' title="bbox 114 2698 1735 2776">
    <p class='ocr_par' dir='ltr' id='par_1_29' title="bbox 114 2698 1735 2776">
     <span class='ocr_line' id='line_1_29' title="bbox 114 2698 1735 2776; baseline -0.007 -15"><span class='ocrx_word' id='word_1_215' title='bbox 114 2722 242 2776; x_wconf 83' lang='lat' dir='ltr'><strong>quos</strong></span> <span class='ocrx_word' id='word_1_216' title='bbox 277 2705 500 2775; x_wconf 82' lang='lat' dir='ltr'><strong>erigere</strong></span> <span class='ocrx_word' id='word_1_217' title='bbox 522 2745 539 2768; x_wconf 90' lang='lat'><strong>,</strong></span> <span class='ocrx_word' id='word_1_218' title='bbox 585 2702 687 2758; x_wconf 89' lang='lat' dir='ltr'><strong>hos</strong></span> <span class='ocrx_word' id='word_1_219' title='bbox 721 2701 1076 2770; x_wconf 86' lang='lat' dir='ltr'><strong>confringitis.</strong></span> <span class='ocrx_word' id='word_1_220' title='bbox 1125 2698 1256 2754; x_wconf 83' lang='lat' dir='ltr'><strong>Nam</strong></span> <span class='ocrx_word' id='word_1_221' title='bbox 1289 2707 1410 2768; x_wconf 89' lang='lat' dir='ltr'><strong>post</strong></span> <span class='ocrx_word' id='word_1_222' title='bbox 1445 2698 1735 2767; x_wconf 32' lang='lat' dir='ltr'><strong>rapinam,‘</strong></span> 
     </span>
    </p>
   </div>
   <div class='ocr_carea' id='block_1_30' title="bbox 115 2786 1708 2864">
    <p class='ocr_par' dir='ltr' id='par_1_30' title="bbox 115 2786 1708 2864">
     <span class='ocr_line' id='line_1_30' title="bbox 115 2786 1708 2864; baseline -0.006 -14"><span class='ocrx_word' id='word_1_223' title='bbox 115 2799 328 2852; x_wconf 64' lang='lat' dir='ltr'><strong>riliores</strong></span> <span class='ocrx_word' id='word_1_224' title='bbox 361 2795 710 2864; x_wconf 86' lang='lat' dir='ltr'><strong>respuebant,</strong></span> <span class='ocrx_word' id='word_1_225' title='bbox 739 2802 792 2848; x_wconf 88' lang='lat' dir='ltr'><strong>et</strong></span> <span class='ocrx_word' id='word_1_226' title='bbox 822 2790 1084 2860; x_wconf 88' lang='lat' dir='ltr'><strong>indignius</strong></span> <span class='ocrx_word' id='word_1_227' title='bbox 1111 2805 1273 2860; x_wconf 89' lang='lat' dir='ltr'><strong>quam</strong></span> <span class='ocrx_word' id='word_1_228' title='bbox 1303 2787 1582 2857; x_wconf 84' lang='lat' dir='ltr'><strong>mancipiis</strong></span> <span class='ocrx_word' id='word_1_229' title='bbox 1604 2786 1708 2841; x_wconf 89' lang='lat' dir='ltr'><strong>illis</strong></span> 
     </span>
    </p>
   </div>
   <div class='ocr_carea' id='block_1_31' title="bbox 117 2882 1706 2955">
    <p class='ocr_par' dir='ltr' id='par_1_31' title="bbox 117 2882 1706 2955">
     <span class='ocr_line' id='line_1_31' title="bbox 117 2882 1706 2955; baseline -0.007 -12"><span class='ocrx_word' id='word_1_230' title='bbox 117 2889 428 2951; x_wconf 88' lang='lat' dir='ltr'><strong>utebantur,</strong></span> <span class='ocrx_word' id='word_1_231' title='bbox 461 2895 658 2955; x_wconf 73' lang='lat' dir='ltr'><strong>prteter</strong></span> <span class='ocrx_word' id='word_1_232' title='bbox 685 2885 960 2938; x_wconf 78' lang='lat' dir='ltr'><strong>avaritiam</strong></span> <span class='ocrx_word' id='word_1_233' title='bbox 987 2882 1342 2951; x_wconf 84' lang='lat' dir='ltr'><strong>arrogantiam</strong></span> <span class='ocrx_word' id='word_1_234' title='bbox 1369 2895 1579 2950; x_wconf 89' lang='lat' dir='ltr'><strong>quoque</strong></span> <span class='ocrx_word' id='word_1_235' title='bbox 1608 2894 1706 2933; x_wconf 82' lang='lat' dir='ltr'><strong>au-</strong></span> 
     </span>
    </p>
   </div>
   <div class='ocr_carea' id='block_1_32' title="bbox 117 2971 1708 3051">
    <p class='ocr_par' dir='ltr' id='par_1_32' title="bbox 117 2971 1708 3051">
     <span class='ocr_line' id='line_1_32' title="bbox 117 2971 1708 3051; baseline -0.006 -16"><span class='ocrx_word' id='word_1_236' title='bbox 117 2991 329 3051; x_wconf 79' lang='lat' dir='ltr'><strong>gentes,</strong></span> <span class='ocrx_word' id='word_1_237' title='bbox 378 2989 433 3034; x_wconf 90' lang='lat' dir='ltr'><strong>et</strong></span> <span class='ocrx_word' id='word_1_238' title='bbox 481 2994 578 3048; x_wconf 89' lang='lat' dir='ltr'><strong>per</strong></span> <span class='ocrx_word' id='word_1_239' title='bbox 615 2976 825 3030; x_wconf 89' lang='lat' dir='ltr'><strong>divitias</strong></span> <span class='ocrx_word' id='word_1_240' title='bbox 869 2976 1046 3044; x_wconf 91' lang='lat' dir='ltr'><strong>inique</strong></span> <span class='ocrx_word' id='word_1_241' title='bbox 1089 2984 1266 3044; x_wconf 90' lang='lat' dir='ltr'><strong>partas</strong></span> <span class='ocrx_word' id='word_1_242' title='bbox 1291 2973 1455 3028; x_wconf 90' lang='lat' dir='ltr'><strong>multa</strong></span> <span class='ocrx_word' id='word_1_243' title='bbox 1492 2971 1708 3041; x_wconf 90' lang='lat' dir='ltr'><strong>insuper</strong></span> 
     </span>
    </p>
   </div>
   <div class='ocr_carea' id='block_1_33' title="bbox 117 3063 1706 3138">
    <p class='ocr_par' dir='ltr' id='par_1_33' title="bbox 117 3063 1706 3138">
     <span class='ocr_line' id='line_1_33' title="bbox 117 3063 1706 3138; baseline -0.006 -10"><span class='ocrx_word' id='word_1_244' title='bbox 117 3088 230 3128; x_wconf 78' lang='lat' dir='ltr'><strong>sese</strong></span> <span class='ocrx_word' id='word_1_245' title='bbox 269 3071 564 3127; x_wconf 78' lang='lat' dir='ltr'><strong>eﬂcrentes</strong></span> <span class='ocrx_word' id='word_1_246' title='bbox 596 3067 918 3138; x_wconf 80' lang='lat' dir='ltr'><strong>arrogantia.</strong></span> <span class='ocrx_word' id='word_1_247' title='bbox 962 3065 1212 3120; x_wconf 68' lang='lat' dir='ltr'><strong>Avaritia:</strong></span> <span class='ocrx_word' id='word_1_248' title='bbox 1254 3065 1398 3119; x_wconf 88' lang='lat' dir='ltr'><strong>enim</strong></span> <span class='ocrx_word' id='word_1_249' title='bbox 1443 3063 1706 3134; x_wconf 65' lang='lat' dir='ltr'><strong>superbia)</strong></span> 
     </span>
    </p>
   </div>
   <div class='ocr_carea' id='block_1_34' title="bbox 117 3155 1707 3232">
    <p class='ocr_par' dir='ltr' id='par_1_34' title="bbox 117 3155 1707 3232">
     <span class='ocr_line' id='line_1_34' title="bbox 117 3155 1707 3232; baseline -0.006 -14"><span class='ocrx_word' id='word_1_250' title='bbox 117 3164 333 3218; x_wconf 76' lang='lat' dir='ltr'><strong>morbus</strong></span> <span class='ocrx_word' id='word_1_251' title='bbox 369 3160 679 3232; x_wconf 72' lang='lat' dir='ltr'><strong>adiungitur</strong></span> <span class='ocrx_word' id='word_1_252' title='bbox 707 3176 722 3213; x_wconf 88' lang='lat'><strong>:</strong></span> <span class='ocrx_word' id='word_1_253' title='bbox 753 3169 807 3213; x_wconf 91' lang='lat' dir='ltr'><strong>et</strong></span> <span class='ocrx_word' id='word_1_254' title='bbox 836 3168 1036 3226; x_wconf 89' lang='lat' dir='ltr'><strong>quanto</strong></span> <span class='ocrx_word' id='word_1_255' title='bbox 1077 3156 1195 3225; x_wconf 87' lang='lat' dir='ltr'><strong>plus</strong></span> <span class='ocrx_word' id='word_1_256' title='bbox 1235 3156 1444 3211; x_wconf 88' lang='lat' dir='ltr'><strong>divitias</strong></span> <span class='ocrx_word' id='word_1_257' title='bbox 1467 3155 1588 3224; x_wconf 88' lang='lat' dir='ltr'><strong>quis</strong></span> <span class='ocrx_word' id='word_1_258' title='bbox 1612 3169 1707 3208; x_wconf 79' lang='lat' dir='ltr'><strong>cu-</strong></span> 
     </span>
    </p>
   </div>
   <div class='ocr_carea' id='block_1_35' title="bbox 116 3243 1705 3320">
    <p class='ocr_par' dir='ltr' id='par_1_35' title="bbox 116 3243 1705 3320">
     <span class='ocr_line' id='line_1_35' title="bbox 116 3243 1705 3320; baseline -0.009 -10"><span class='ocrx_word' id='word_1_259' title='bbox 116 3256 344 3320; x_wconf 81' lang='lat' dir='ltr'><strong>mularit,</strong></span> <span class='ocrx_word' id='word_1_260' title='bbox 387 3262 540 3307; x_wconf 86' lang='lat' dir='ltr'><strong>tanto</strong></span> <span class='ocrx_word' id='word_1_261' title='bbox 569 3251 738 3320; x_wconf 80' lang='lat' dir='ltr'><strong>magis</strong></span> <span class='ocrx_word' id='word_1_262' title='bbox 765 3248 985 3304; x_wconf 89' lang='lat' dir='ltr'><strong>morbus</strong></span> <span class='ocrx_word' id='word_1_263' title='bbox 1015 3246 1101 3302; x_wconf 89' lang='lat' dir='ltr'><strong>hic</strong></span> <span class='ocrx_word' id='word_1_264' title='bbox 1127 3246 1434 3302; x_wconf 89' lang='lat' dir='ltr'><strong>increverit.</strong></span> <span class='ocrx_word' id='word_1_265' title='bbox 1478 3243 1593 3298; x_wconf 87' lang='lat' dir='ltr'><strong>Hoc</strong></span> <span class='ocrx_word' id='word_1_266' title='bbox 1620 3243 1705 3297; x_wconf 83' lang='lat' dir='ltr'><strong>di-</strong></span> 
     </span>
    </p>
   </div>
   <div class='ocr_carea' id='block_1_36' title="bbox 116 3335 1702 3408">
    <p class='ocr_par' dir='ltr' id='par_1_36' title="bbox 116 3335 1702 3408">
     <span class='ocr_line' id='line_1_36' title="bbox 116 3335 1702 3408; baseline -0.006 -10"><span class='ocrx_word' id='word_1_267' title='bbox 116 3347 176 3398; x_wconf 82' lang='lat' dir='ltr'><strong>cit</strong></span> <span class='ocrx_word' id='word_1_268' title='bbox 201 3345 476 3408; x_wconf 78' lang='lat' dir='ltr'><strong>Densinus,</strong></span> <span class='ocrx_word' id='word_1_269' title='bbox 510 3341 774 3407; x_wconf 87' lang='lat' dir='ltr'><strong>Dominus,</strong></span> <span class='ocrx_word' id='word_1_270' title='bbox 804 3340 1051 3393; x_wconf 83' lang='lat' dir='ltr'><strong>Dominus</strong></span> <span class='ocrx_word' id='word_1_271' title='bbox 1080 3339 1407 3393; x_wconf 74' lang='lat' dir='ltr'><strong>exercituum.</strong></span> <span class='ocrx_word' id='word_1_272' title='bbox 1434 3335 1570 3405; x_wconf 87' lang='lat' dir='ltr'><strong>Quid</strong></span> <span class='ocrx_word' id='word_1_273' title='bbox 1599 3343 1702 3401; x_wconf 89' lang='lat' dir='ltr'><strong>cst,</strong></span> 
     </span>
    </p>
   </div>
   <div class='ocr_carea' id='block_1_37' title="bbox 119 3428 1703 3504">
    <p class='ocr_par' dir='ltr' id='par_1_37' title="bbox 119 3428 1703 3504">
     <span class='ocr_line' id='line_1_37' title="bbox 119 3428 1703 3504; baseline -0.006 -14"><span class='ocrx_word' id='word_1_274' title='bbox 119 3435 439 3490; x_wconf 66' lang='lat' dir='ltr'><strong>Exercitum</strong></span> <span class='ocrx_word' id='word_1_275' title='bbox 456 3436 484 3489; x_wconf 87' lang='lat'><strong><em>?</em></strong></span> <span class='ocrx_word' id='word_1_276' title='bbox 510 3433 831 3504; x_wconf 82' lang='lat' dir='ltr'><strong>Angelorum</strong></span> <span class='ocrx_word' id='word_1_277' title='bbox 857 3431 1004 3498; x_wconf 89' lang='lat' dir='ltr'><strong>dicit,</strong></span> <span class='ocrx_word' id='word_1_278' title='bbox 1033 3428 1491 3498; x_wconf 86' lang='lat' dir='ltr'><strong>archangelorum,</strong></span> <span class='ocrx_word' id='word_1_279' title='bbox 1514 3442 1703 3497; x_wconf 89' lang='lat' dir='ltr'><strong>super-</strong></span> 
     </span>
    </p>
   </div>
   <div class='ocr_carea' id='block_1_38' title="bbox 119 3518 1704 3591">
    <p class='ocr_par' dir='ltr' id='par_1_38' title="bbox 119 3518 1704 3591">
     <span class='ocr_line' id='line_1_38' title="bbox 119 3518 1704 3591; baseline -0.008 -9"><span class='ocrx_word' id='word_1_280' title='bbox 119 3543 292 3582; x_wconf 76' lang='lat' dir='ltr'><strong>urum</strong></span> <span class='ocrx_word' id='word_1_281' title='bbox 318 3527 584 3581; x_wconf 76' lang='lat' dir='ltr'><strong>virtutum</strong></span> <span class='ocrx_word' id='word_1_282' title='bbox 606 3566 622 3591; x_wconf 93' lang='lat'><strong>,</strong></span> <span class='ocrx_word' id='word_1_283' title='bbox 649 3539 682 3579; x_wconf 86' lang='lat' dir='ltr'><strong>a</strong></span> <span class='ocrx_word' id='word_1_284' title='bbox 714 3533 854 3580; x_wconf 84' lang='lat' dir='ltr'><strong>terra</strong></span> <span class='ocrx_word' id='word_1_285' title='bbox 885 3523 950 3578; x_wconf 92' lang='lat' dir='ltr'><strong>ad</strong></span> <span class='ocrx_word' id='word_1_286' title='bbox 992 3521 1181 3576; x_wconf 70' lang='lat' dir='ltr'><strong>cadum</strong></span> <span class='ocrx_word' id='word_1_287' title='bbox 1213 3520 1509 3574; x_wconf 84' lang='lat' dir='ltr'><strong>auditorem</strong></span> <span class='ocrx_word' id='word_1_288' title='bbox 1539 3518 1704 3572; x_wconf 89' lang='lat' dir='ltr'><strong>addu-</strong></span> 
     </span>
    </p>
   </div>
   <div class='ocr_carea' id='block_1_39' title="bbox 119 3611 1700 3687">
    <p class='ocr_par' dir='ltr' id='par_1_39' title="bbox 119 3611 1700 3687">
     <span class='ocr_line' id='line_1_39' title="bbox 119 3611 1700 3687; baseline -0.006 -14"><span class='ocrx_word' id='word_1_289' title='bbox 119 3635 263 3684; x_wconf 74' lang='lat' dir='ltr'><strong>cens,</strong></span> <span class='ocrx_word' id='word_1_290' title='bbox 289 3627 353 3672; x_wconf 89' lang='lat' dir='ltr'><strong>ut</strong></span> <span class='ocrx_word' id='word_1_291' title='bbox 381 3617 491 3687; x_wconf 89' lang='lat' dir='ltr'><strong>ipsi</strong></span> <span class='ocrx_word' id='word_1_292' title='bbox 523 3616 902 3686; x_wconf 87' lang='lat' dir='ltr'><strong>cogitationem</strong></span> <span class='ocrx_word' id='word_1_293' title='bbox 928 3613 1102 3684; x_wconf 89' lang='lat' dir='ltr'><strong>magni</strong></span> <span class='ocrx_word' id='word_1_294' title='bbox 1134 3613 1274 3668; x_wconf 91' lang='lat' dir='ltr'><strong>illius</strong></span> <span class='ocrx_word' id='word_1_295' title='bbox 1303 3613 1451 3683; x_wconf 88' lang='lat' dir='ltr'><strong>regni</strong></span> <span class='ocrx_word' id='word_1_296' title='bbox 1481 3611 1700 3681; x_wconf 87' lang='lat' dir='ltr'><strong>injiciat,</strong></span> 
     </span>
    </p>
   </div>
   <div class='ocr_carea' id='block_1_40' title="bbox 119 3702 1700 3777">
    <p class='ocr_par' dir='ltr' id='par_1_40' title="bbox 119 3702 1700 3777">
     <span class='ocr_line' id='line_1_40' title="bbox 119 3702 1700 3777; baseline -0.006 -12"><span class='ocrx_word' id='word_1_297' title='bbox 119 3727 168 3765; x_wconf 83' lang='lat' dir='ltr'><strong>It</strong></span> <span class='ocrx_word' id='word_1_298' title='bbox 209 3713 361 3766; x_wconf 89' lang='lat' dir='ltr'><strong>illum</strong></span> <span class='ocrx_word' id='word_1_299' title='bbox 413 3711 498 3764; x_wconf 88' lang='lat' dir='ltr'><strong>sic</strong></span> <span class='ocrx_word' id='word_1_300' title='bbox 550 3709 908 3777; x_wconf 86' lang='lat' dir='ltr'><strong>stup‘efactum</strong></span> <span class='ocrx_word' id='word_1_301' title='bbox 947 3705 1380 3776; x_wconf 86' lang='lat' dir='ltr'><strong>temperatiorem</strong></span> <span class='ocrx_word' id='word_1_302' title='bbox 1432 3702 1700 3767; x_wconf 89' lang='lat' dir='ltr'><strong>redderet,</strong></span> 
     </span>
    </p>
   </div>
   <div class='ocr_carea' id='block_1_41' title="bbox 119 3794 1701 3870">
    <p class='ocr_par' dir='ltr' id='par_1_41' title="bbox 119 3794 1701 3870">
     <span class='ocr_line' id='line_1_41' title="bbox 119 3794 1701 3870; baseline -0.005 -14"><span class='ocrx_word' id='word_1_303' title='bbox 119 3803 523 3870; x_wconf 51' lang='lat' dir='ltr'><strong>teteruleretque</strong></span> <span class='ocrx_word' id='word_1_304' title='bbox 551 3809 752 3854; x_wconf 86' lang='lat' dir='ltr'><strong>tantam</strong></span> <span class='ocrx_word' id='word_1_305' title='bbox 773 3798 1079 3868; x_wconf 84' lang='lat' dir='ltr'><strong>patientiam</strong></span> <span class='ocrx_word' id='word_1_306' title='bbox 1108 3813 1213 3851; x_wconf 90' lang='lat' dir='ltr'><strong>non</strong></span> <span class='ocrx_word' id='word_1_307' title='bbox 1236 3794 1578 3859; x_wconf 81' lang='lat' dir='ltr'><strong>inﬁrmitatis,</strong></span> <span class='ocrx_word' id='word_1_308' title='bbox 1607 3794 1701 3849; x_wconf 89' lang='lat' dir='ltr'><strong>sed</strong></span> 
     </span>
    </p>
   </div>
   <div class='ocr_carea' id='block_1_42' title="bbox 119 3884 1703 3947">
    <p class='ocr_par' dir='ltr' id='par_1_42' title="bbox 119 3884 1703 3947">
     <span class='ocr_line' id='line_1_42' title="bbox 119 3884 1703 3947; baseline -0.005 -2"><span class='ocrx_word' id='word_1_309' title='bbox 119 3895 318 3947; x_wconf 72' lang='lat' dir='ltr'><strong>maximi</strong></span> <span class='ocrx_word' id='word_1_310' title='bbox 359 3891 530 3946; x_wconf 86' lang='lat' dir='ltr'><strong>animi</strong></span> <span class='ocrx_word' id='word_1_311' title='bbox 572 3905 715 3945; x_wconf 89' lang='lat' dir='ltr'><strong>esse.</strong></span> <span class='ocrx_word' id='word_1_312' title='bbox 766 3888 854 3944; x_wconf 90' lang='grc'><strong>16.</strong></span> <span class='ocrx_word' id='word_1_313' title='bbox 890 3887 1012 3942; x_wconf 81' lang='lat' dir='ltr'><strong>Ilwc</strong></span> <span class='ocrx_word' id='word_1_314' title='bbox 1047 3887 1168 3942; x_wconf 86' lang='lat' dir='ltr'><strong>dicit</strong></span> <span class='ocrx_word' id='word_1_315' title='bbox 1197 3885 1464 3940; x_wconf 86' lang='lat' dir='ltr'><strong>Dominus.</strong></span> <span class='ocrx_word' id='word_1_316' title='bbox 1511 3884 1618 3938; x_wconf 78' lang='lat' dir='ltr'><strong>Pro</strong></span> <span class='ocrx_word' id='word_1_317' title='bbox 1645 3901 1703 3938; x_wconf 87' lang='lat' dir='ltr'><strong>eo</strong></span> 
     </span>
    </p>
   </div>
   <div class='ocr_carea' id='block_1_43' title="bbox 120 3978 1703 4052">
    <p class='ocr_par' dir='ltr' id='par_1_43' title="bbox 120 3978 1703 4052">
     <span class='ocr_line' id='line_1_43' title="bbox 120 3978 1703 4052; baseline -0.003 -18"><span class='ocrx_word' id='word_1_318' title='bbox 120 3985 235 4052; x_wconf 64' lang='lat' dir='ltr'><strong>quod</strong></span> <span class='ocrx_word' id='word_1_319' title='bbox 267 3985 514 4037; x_wconf 71' lang='lat' dir='ltr'><strong>mltum:</strong></span> <span class='ocrx_word' id='word_1_320' title='bbox 551 3991 668 4036; x_wconf 85' lang='lat' dir='ltr'><strong>sunt</strong></span> <span class='ocrx_word' id='word_1_321' title='bbox 711 3980 836 4050; x_wconf 75' lang='lat' dir='ltr'><strong>filia:</strong></span> <span class='ocrx_word' id='word_1_322' title='bbox 874 3979 1036 4046; x_wconf 87' lang='lat' dir='ltr'><strong>Sion,</strong></span> <span class='ocrx_word' id='word_1_323' title='bbox 1081 3987 1127 4033; x_wconf 92' lang='lat' dir='ltr'><strong>et</strong></span> <span class='ocrx_word' id='word_1_324' title='bbox 1165 3994 1376 4050; x_wconf 73' lang='lat' dir='ltr'><strong>egressa:</strong></span> <span class='ocrx_word' id='word_1_325' title='bbox 1409 3986 1527 4031; x_wconf 89' lang='lat' dir='ltr'><strong>sunt</strong></span> <span class='ocrx_word' id='word_1_326' title='bbox 1571 3978 1703 4030; x_wconf 91' lang='lat' dir='ltr'><strong>elato</strong></span> 
     </span>
    </p>
   </div>
   <div class='ocr_carea' id='block_1_44' title="bbox 119 4064 1702 4142">
    <p class='ocr_par' dir='ltr' id='par_1_44' title="bbox 119 4064 1702 4142">
     <span class='ocr_line' id='line_1_44' title="bbox 119 4064 1702 4142; baseline -0.006 -11"><span class='ocrx_word' id='word_1_327' title='bbox 119 4081 256 4140; x_wconf 70' lang='lat' dir='ltr'><strong>collo,</strong></span> <span class='ocrx_word' id='word_1_328' title='bbox 287 4088 336 4132; x_wconf 83' lang='lat' dir='ltr'><strong>et</strong></span> <span class='ocrx_word' id='word_1_329' title='bbox 362 4075 573 4130; x_wconf 86' lang='lat' dir='ltr'><strong>nutibus</strong></span> <span class='ocrx_word' id='word_1_330' title='bbox 607 4064 868 4128; x_wconf 86' lang='lat' dir='ltr'><strong>oculorum</strong></span> <span class='ocrx_word' id='word_1_331' title='bbox 890 4114 905 4137; x_wconf 93' lang='lat'><strong>,</strong></span> <span class='ocrx_word' id='word_1_332' title='bbox 945 4085 992 4127; x_wconf 89' lang='lat' dir='ltr'><strong>et</strong></span> <span class='ocrx_word' id='word_1_333' title='bbox 1025 4073 1219 4126; x_wconf 83' lang='lat' dir='ltr'><strong>incessu</strong></span> <span class='ocrx_word' id='word_1_334' title='bbox 1246 4070 1427 4142; x_wconf 84' lang='lat' dir='ltr'><strong>pedum</strong></span> <span class='ocrx_word' id='word_1_335' title='bbox 1454 4070 1702 4124; x_wconf 86' lang='lat' dir='ltr'><strong>trahentes</strong></span> 
     </span>
    </p>
   </div>
   <div class='ocr_carea' id='block_1_45' title="bbox 120 4163 1702 4236">
    <p class='ocr_par' dir='ltr' id='par_1_45' title="bbox 120 4163 1702 4236">
     <span class='ocr_line' id='line_1_45' title="bbox 120 4163 1702 4236; baseline -0.002 -16"><span class='ocrx_word' id='word_1_336' title='bbox 120 4171 253 4223; x_wconf 66' lang='lat' dir='ltr'><strong>simul</strong></span> <span class='ocrx_word' id='word_1_337' title='bbox 279 4170 484 4223; x_wconf 74' lang='lat' dir='ltr'><strong>tunicas</strong></span> <span class='ocrx_word' id='word_1_338' title='bbox 505 4209 518 4232; x_wconf 94' lang='lat'><strong>,</strong></span> <span class='ocrx_word' id='word_1_339' title='bbox 546 4168 793 4236; x_wconf 83' lang='lat' dir='ltr'><strong>simulque</strong></span> <span class='ocrx_word' id='word_1_340' title='bbox 815 4165 1022 4236; x_wconf 84' lang='lat' dir='ltr'><strong>pedibus</strong></span> <span class='ocrx_word' id='word_1_341' title='bbox 1043 4165 1288 4219; x_wconf 84' lang='lat' dir='ltr'><strong>ludentes.</strong></span> <span class='ocrx_word' id='word_1_342' title='bbox 1322 4165 1408 4218; x_wconf 86' lang='grc'><strong>17.</strong></span> <span class='ocrx_word' id='word_1_343' title='bbox 1437 4163 1503 4218; x_wconf 90' lang='lat' dir='ltr'><strong>Et</strong></span> <span class='ocrx_word' id='word_1_344' title='bbox 1531 4164 1702 4218; x_wconf 89' lang='lat' dir='ltr'><strong>humi-</strong></span> 
     </span>
    </p>
   </div>
   <div class='ocr_carea' id='block_1_46' title="bbox 119 4255 1700 4326">
    <p class='ocr_par' dir='ltr' id='par_1_46' title="bbox 119 4255 1700 4326">
     <span class='ocr_line' id='line_1_46' title="bbox 119 4255 1700 4326; baseline -0.004 -12"><span class='ocrx_word' id='word_1_345' title='bbox 119 4263 247 4314; x_wconf 66' lang='lat' dir='ltr'><strong>aut:</strong></span> <span class='ocrx_word' id='word_1_346' title='bbox 271 4261 414 4315; x_wconf 79' lang='lat' dir='ltr'><strong>Deus</strong></span> <span class='ocrx_word' id='word_1_347' title='bbox 439 4259 800 4312; x_wconf 83' lang='lat' dir='ltr'><strong>dominatrices</strong></span> <span class='ocrx_word' id='word_1_348' title='bbox 827 4258 961 4326; x_wconf 81' lang='lat' dir='ltr'><strong>ﬁlias</strong></span> <span class='ocrx_word' id='word_1_349' title='bbox 983 4256 1133 4321; x_wconf 84' lang='lat' dir='ltr'><strong>Sion,</strong></span> <span class='ocrx_word' id='word_1_350' title='bbox 1166 4266 1212 4310; x_wconf 87' lang='lat' dir='ltr'><strong>et</strong></span> <span class='ocrx_word' id='word_1_351' title='bbox 1237 4255 1483 4309; x_wconf 85' lang='lat' dir='ltr'><strong>Dominus</strong></span> <span class='ocrx_word' id='word_1_352' title='bbox 1509 4255 1700 4308; x_wconf 86' lang='lat' dir='ltr'><strong>revela-</strong></span> 
     </span>
    </p>
   </div>
   <div class='ocr_carea' id='block_1_47' title="bbox 115 4346 1702 4420">
    <p class='ocr_par' dir='ltr' id='par_1_47' title="bbox 115 4346 1702 4420">
     <span class='ocr_line' id='line_1_47' title="bbox 115 4346 1702 4420; baseline -0.005 -13"><span class='ocrx_word' id='word_1_353' title='bbox 115 4357 174 4407; x_wconf 68' lang='grc' dir='ltr'><strong>δη</strong></span> <span class='ocrx_word' id='word_1_354' title='bbox 198 4356 425 4408; x_wconf 74' lang='lat' dir='ltr'><strong>habitum</strong></span> <span class='ocrx_word' id='word_1_355' title='bbox 466 4368 643 4406; x_wconf 86' lang='lat' dir='ltr'><strong>carum</strong></span> <span class='ocrx_word' id='word_1_356' title='bbox 672 4351 724 4404; x_wconf 91' lang='lat' dir='ltr'><strong>in</strong></span> <span class='ocrx_word' id='word_1_357' title='bbox 751 4351 832 4404; x_wconf 84' lang='lat' dir='ltr'><strong>die</strong></span> <span class='ocrx_word' id='word_1_358' title='bbox 855 4349 967 4403; x_wconf 83' lang='lat' dir='ltr'><strong>illa.</strong></span> <span class='ocrx_word' id='word_1_359' title='bbox 1011 4349 1098 4404; x_wconf 86' lang='grc'><strong>18.</strong></span> <span class='ocrx_word' id='word_1_360' title='bbox 1131 4347 1198 4405; x_wconf 84' lang='lat' dir='ltr'><strong>Et</strong></span> <span class='ocrx_word' id='word_1_361' title='bbox 1233 4351 1426 4420; x_wconf 79' lang='lat' dir='ltr'><strong>auferet</strong></span> <span class='ocrx_word' id='word_1_362' title='bbox 1451 4346 1702 4401; x_wconf 82' lang='lat' dir='ltr'><strong>Dominus</strong></span> 
     </span>
    </p>
   </div>
   <div class='ocr_carea' id='block_1_48' title="bbox 115 4441 1699 4517">
    <p class='ocr_par' dir='ltr' id='par_1_48' title="bbox 115 4441 1699 4517">
     <span class='ocr_line' id='line_1_48' title="bbox 115 4441 1699 4517; baseline -0.005 -16"><span class='ocrx_word' id='word_1_363' title='bbox 115 4449 317 4517; x_wconf 67' lang='lat' dir='ltr'><strong>gloriam</strong></span> <span class='ocrx_word' id='word_1_364' title='bbox 344 4445 630 4501; x_wconf 75' lang='lat' dir='ltr'><strong>restirncnti</strong></span> <span class='ocrx_word' id='word_1_365' title='bbox 655 4460 854 4509; x_wconf 85' lang='lat' dir='ltr'><strong>earum,</strong></span> <span class='ocrx_word' id='word_1_366' title='bbox 890 4452 937 4496; x_wconf 90' lang='lat' dir='ltr'><strong>et</strong></span> <span class='ocrx_word' id='word_1_367' title='bbox 956 4454 1190 4496; x_wconf 87' lang='lat' dir='ltr'><strong>ornatum</strong></span> <span class='ocrx_word' id='word_1_368' title='bbox 1209 4457 1382 4496; x_wconf 89' lang='lat' dir='ltr'><strong>earum</strong></span> <span class='ocrx_word' id='word_1_369' title='bbox 1408 4441 1570 4512; x_wconf 90' lang='lat' dir='ltr'><strong>(a),et</strong></span> <span class='ocrx_word' id='word_1_370' title='bbox 1591 4441 1699 4493; x_wconf 85' lang='lat' dir='ltr'><strong>cin-</strong></span> 
     </span>
    </p>
   </div>
   <div class='ocr_carea' id='block_1_49' title="bbox 115 4531 1703 4607">
    <p class='ocr_par' dir='ltr' id='par_1_49' title="bbox 115 4531 1703 4607">
     <span class='ocr_line' id='line_1_49' title="bbox 115 4531 1703 4607; baseline -0.008 -11"><span class='ocrx_word' id='word_1_371' title='bbox 115 4543 276 4595; x_wconf 71' lang='lat' dir='ltr'><strong>cinnos</strong></span> <span class='ocrx_word' id='word_1_372' title='bbox 316 4556 529 4604; x_wconf 77' lang='lat' dir='ltr'><strong>carum,</strong></span> <span class='ocrx_word' id='word_1_373' title='bbox 575 4547 620 4592; x_wconf 87' lang='lat' dir='ltr'><strong>et</strong></span> <span class='ocrx_word' id='word_1_374' title='bbox 651 4537 911 4607; x_wconf 80' lang='lat' dir='ltr'><strong>corymbos</strong></span> <span class='ocrx_word' id='word_1_375' title='bbox 932 4577 948 4602; x_wconf 98' lang='lat'><strong>,</strong></span> <span class='ocrx_word' id='word_1_376' title='bbox 979 4545 1024 4589; x_wconf 83' lang='lat' dir='ltr'><strong>et</strong></span> <span class='ocrx_word' id='word_1_377' title='bbox 1055 4534 1260 4589; x_wconf 87' lang='lat' dir='ltr'><strong>funulas</strong></span> <span class='ocrx_word' id='word_1_378' title='bbox 1280 4575 1294 4599; x_wconf 91' lang='lat'><strong>,</strong></span> <span class='ocrx_word' id='word_1_379' title='bbox 1327 4534 1415 4589; x_wconf 87' lang='grc'><strong>19.</strong></span> <span class='ocrx_word' id='word_1_380' title='bbox 1449 4541 1493 4586; x_wconf 85' lang='lat' dir='ltr'><strong>et</strong></span> <span class='ocrx_word' id='word_1_381' title='bbox 1519 4531 1703 4585; x_wconf 86' lang='lat' dir='ltr'><strong>monile</strong></span> 
     </span>
    </p>
   </div>
   <div class='ocr_carea' id='block_1_50' title="bbox 115 4625 1704 4700">
    <p class='ocr_par' dir='ltr' id='par_1_50' title="bbox 115 4625 1704 4700">
     <span class='ocr_line' id='line_1_50' title="bbox 115 4625 1704 4700; baseline -0.008 -14"><span class='ocrx_word' id='word_1_382' title='bbox 115 4651 275 4686; x_wconf 62' lang='lat' dir='ltr'><strong>cur“</strong></span> <span class='ocrx_word' id='word_1_383' title='bbox 296 4673 316 4698; x_wconf 91' lang='lat'><strong>,</strong></span> <span class='ocrx_word' id='word_1_384' title='bbox 346 4641 394 4686; x_wconf 84' lang='lat' dir='ltr'><strong>et</strong></span> <span class='ocrx_word' id='word_1_385' title='bbox 424 4639 667 4685; x_wconf 86' lang='lat' dir='ltr'><strong>ornatum</strong></span> <span class='ocrx_word' id='word_1_386' title='bbox 693 4627 840 4700; x_wconf 82' lang='lat' dir='ltr'><strong>[aciei</strong></span> <span class='ocrx_word' id='word_1_387' title='bbox 869 4643 1041 4682; x_wconf 86' lang='lat' dir='ltr'><strong>earum</strong></span> <span class='ocrx_word' id='word_1_388' title='bbox 1063 4667 1082 4694; x_wconf 85' lang='lat'><strong>,</strong></span> <span class='ocrx_word' id='word_1_389' title='bbox 1114 4636 1161 4680; x_wconf 90' lang='lat' dir='ltr'><strong>et</strong></span> <span class='ocrx_word' id='word_1_390' title='bbox 1187 4625 1592 4694; x_wconf 78' lang='lat' dir='ltr'><strong>compositionem</strong></span> <span class='ocrx_word' id='word_1_391' title='bbox 1619 4641 1704 4676; x_wconf 87' lang='lat' dir='ltr'><strong>or-</strong></span> 
     </span>
    </p>
   </div>
   <div class='ocr_carea' id='block_1_51' title="bbox 115 4716 1697 4795">
    <p class='ocr_par' dir='ltr' id='par_1_51' title="bbox 115 4716 1697 4795">
     <span class='ocr_line' id='line_1_51' title="bbox 115 4716 1697 4795; baseline -0.007 -18"><span class='ocrx_word' id='word_1_392' title='bbox 115 4725 331 4780; x_wconf 59' lang='lat' dir='ltr'><strong>namenti</strong></span> <span class='ocrx_word' id='word_1_393' title='bbox 354 4723 560 4795; x_wconf 68' lang='lat' dir='ltr'><strong>glorise,</strong></span> <span class='ocrx_word' id='word_1_394' title='bbox 584 4733 632 4775; x_wconf 87' lang='lat' dir='ltr'><strong>et</strong></span> <span class='ocrx_word' id='word_1_395' title='bbox 654 4721 904 4786; x_wconf 84' lang='lat' dir='ltr'><strong>armillas,</strong></span> <span class='ocrx_word' id='word_1_396' title='bbox 928 4731 974 4773; x_wconf 80' lang='lat' dir='ltr'><strong>et</strong></span> <span class='ocrx_word' id='word_1_397' title='bbox 1001 4728 1221 4788; x_wconf 86' lang='lat' dir='ltr'><strong>torques,</strong></span> <span class='ocrx_word' id='word_1_398' title='bbox 1245 4717 1336 4772; x_wconf 69' lang='lat'><strong>20.</strong></span> <span class='ocrx_word' id='word_1_399' title='bbox 1356 4726 1401 4771; x_wconf 90' lang='lat' dir='ltr'><strong>et</strong></span> <span class='ocrx_word' id='word_1_400' title='bbox 1418 4716 1697 4780; x_wconf 86' lang='lat' dir='ltr'><strong>reticulum,</strong></span> 
     </span>
    </p>
   </div>
   <div class='ocr_carea' id='block_1_52' title="bbox 115 4811 1702 4883">
    <p class='ocr_par' dir='ltr' id='par_1_52' title="bbox 115 4811 1702 4883">
     <span class='ocr_line' id='line_1_52' title="bbox 115 4811 1702 4883; baseline -0.006 -11"><span class='ocrx_word' id='word_1_401' title='bbox 115 4832 153 4872; x_wconf 84' lang='lat' dir='ltr'><strong>rt</strong></span> <span class='ocrx_word' id='word_1_402' title='bbox 173 4820 416 4883; x_wconf 68' lang='lat' dir='ltr'><strong>suillos,</strong></span> <span class='ocrx_word' id='word_1_403' title='bbox 462 4826 509 4870; x_wconf 83' lang='lat' dir='ltr'><strong>et</strong></span> <span class='ocrx_word' id='word_1_404' title='bbox 533 4815 770 4881; x_wconf 88' lang='lat' dir='ltr'><strong>collaria,</strong></span> <span class='ocrx_word' id='word_1_405' title='bbox 799 4824 846 4868; x_wconf 92' lang='lat' dir='ltr'><strong>et</strong></span> <span class='ocrx_word' id='word_1_406' title='bbox 869 4814 1090 4876; x_wconf 87' lang='lat' dir='ltr'><strong>inaures,</strong></span> <span class='ocrx_word' id='word_1_407' title='bbox 1125 4811 1214 4866; x_wconf 72' lang='lat'><strong>21.</strong></span> <span class='ocrx_word' id='word_1_408' title='bbox 1243 4820 1289 4864; x_wconf 85' lang='lat' dir='ltr'><strong>et</strong></span> <span class='ocrx_word' id='word_1_409' title='bbox 1318 4826 1544 4880; x_wconf 85' lang='lat' dir='ltr'><strong>purpura</strong></span> <span class='ocrx_word' id='word_1_410' title='bbox 1568 4823 1702 4878; x_wconf 69' lang='lat' dir='ltr'><strong>prte-</strong></span> 
     </span>
    </p>
   </div>
   <div class='ocr_carea' id='block_1_53' title="bbox 117 4897 1700 4978">
    <p class='ocr_par' dir='ltr' id='par_1_53' title="bbox 117 4897 1700 4978">
     <span class='ocr_line' id='line_1_53' title="bbox 117 4897 1700 4978; baseline -0.006 -17"><span class='ocrx_word' id='word_1_411' title='bbox 117 4920 267 4963; x_wconf 63' lang='lat' dir='ltr'><strong>texta</strong></span> <span class='ocrx_word' id='word_1_412' title='bbox 285 4949 304 4973; x_wconf 88' lang='lat'><strong>,</strong></span> <span class='ocrx_word' id='word_1_413' title='bbox 350 4920 398 4962; x_wconf 87' lang='lat' dir='ltr'><strong>et</strong></span> <span class='ocrx_word' id='word_1_414' title='bbox 429 4921 632 4978; x_wconf 82' lang='lat' dir='ltr'><strong>pannos</strong></span> <span class='ocrx_word' id='word_1_415' title='bbox 660 4920 750 4975; x_wconf 86' lang='lat' dir='ltr'><strong>per</strong></span> <span class='ocrx_word' id='word_1_416' title='bbox 778 4904 979 4958; x_wconf 89' lang='lat' dir='ltr'><strong>domum</strong></span> <span class='ocrx_word' id='word_1_417' title='bbox 998 4945 1014 4968; x_wconf 93' lang='lat'><strong>,</strong></span> <span class='ocrx_word' id='word_1_418' title='bbox 1060 4911 1106 4956; x_wconf 88' lang='lat' dir='ltr'><strong>et</strong></span> <span class='ocrx_word' id='word_1_419' title='bbox 1135 4902 1400 4972; x_wconf 84' lang='lat' dir='ltr'><strong>perspicua</strong></span> <span class='ocrx_word' id='word_1_420' title='bbox 1429 4897 1700 4964; x_wconf 88' lang='lat' dir='ltr'><strong>Laconica,</strong></span> 
     </span>
    </p>
   </div>
   <div class='ocr_carea' id='block_1_54' title="bbox 115 4991 1706 5070">
    <p class='ocr_par' dir='ltr' id='par_1_54' title="bbox 115 4991 1706 5070">
     <span class='ocr_line' id='line_1_54' title="bbox 115 4991 1706 5070; baseline -0.007 -16"><span class='ocrx_word' id='word_1_421' title='bbox 115 5001 191 5054; x_wconf 71' lang='lat'><strong>22.</strong></span> <span class='ocrx_word' id='word_1_422' title='bbox 233 5011 283 5054; x_wconf 79' lang='lat' dir='ltr'><strong>et</strong></span> <span class='ocrx_word' id='word_1_423' title='bbox 311 4999 543 5070; x_wconf 73' lang='lat' dir='ltr'><strong>byssina,</strong></span> <span class='ocrx_word' id='word_1_424' title='bbox 575 5007 622 5051; x_wconf 85' lang='lat' dir='ltr'><strong>et</strong></span> <span class='ocrx_word' id='word_1_425' title='bbox 647 4995 972 5067; x_wconf 82' lang='lat' dir='ltr'><strong>hyacinthina</strong></span> <span class='ocrx_word' id='word_1_426' title='bbox 993 5009 1014 5059; x_wconf 85' lang='lat'><strong>,&#39;</strong></span> <span class='ocrx_word' id='word_1_427' title='bbox 1045 4993 1134 5048; x_wconf 71' lang='lat'><strong>23.</strong></span> <span class='ocrx_word' id='word_1_428' title='bbox 1155 4994 1405 5058; x_wconf 83' lang='lat' dir='ltr'><strong>coccinea,</strong></span> <span class='ocrx_word' id='word_1_429' title='bbox 1433 5002 1478 5045; x_wconf 94' lang='lat' dir='ltr'><strong>et</strong></span> <span class='ocrx_word' id='word_1_430' title='bbox 1505 4991 1706 5061; x_wconf 82' lang='lat' dir='ltr'><strong>byssum</strong></span> 
     </span>
    </p>
   </div>
   <div class='ocr_carea' id='block_1_55' title="bbox 115 5083 1704 5160">
    <p class='ocr_par' dir='ltr' id='par_1_55' title="bbox 115 5083 1704 5160">
     <span class='ocr_line' id='line_1_55' title="bbox 115 5083 1704 5160; baseline -0.005 -14"><span class='ocrx_word' id='word_1_431' title='bbox 115 5110 216 5146; x_wconf 76' lang='lat' dir='ltr'><strong>mn</strong></span> <span class='ocrx_word' id='word_1_432' title='bbox 243 5109 373 5146; x_wconf 71' lang='lat' dir='ltr'><strong>carro</strong></span> <span class='ocrx_word' id='word_1_433' title='bbox 399 5102 451 5146; x_wconf 80' lang='lat' dir='ltr'><strong>et</strong></span> <span class='ocrx_word' id='word_1_434' title='bbox 472 5089 752 5160; x_wconf 80' lang='lat' dir='ltr'><strong>hyacintho</strong></span> <span class='ocrx_word' id='word_1_435' title='bbox 789 5097 1089 5149; x_wconf 76' lang='lat' dir='ltr'><strong>contextam,</strong></span> <span class='ocrx_word' id='word_1_436' title='bbox 1121 5096 1168 5142; x_wconf 87' lang='lat' dir='ltr'><strong>et</strong></span> <span class='ocrx_word' id='word_1_437' title='bbox 1199 5085 1430 5139; x_wconf 85' lang='lat' dir='ltr'><strong>theristra</strong></span> <span class='ocrx_word' id='word_1_438' title='bbox 1455 5101 1581 5138; x_wconf 89' lang='lat' dir='ltr'><strong>auro</strong></span> <span class='ocrx_word' id='word_1_439' title='bbox 1607 5083 1704 5138; x_wconf 85' lang='lat' dir='ltr'><strong>ad—</strong></span> 
     </span>
    </p>
   </div>
   <div class='ocr_carea' id='block_1_56' title="bbox 116 5181 1707 5252">
    <p class='ocr_par' dir='ltr' id='par_1_56' title="bbox 116 5181 1707 5252">
     <span class='ocr_line' id='line_1_56' title="bbox 116 5181 1707 5252; baseline -0.006 -12"><span class='ocrx_word' id='word_1_440' title='bbox 116 5191 291 5241; x_wconf 78' lang='lat' dir='ltr'><strong>stricta.</strong></span> <span class='ocrx_word' id='word_1_441' title='bbox 332 5186 430 5241; x_wconf 61' lang='lat'><strong>24.</strong></span> <span class='ocrx_word' id='word_1_442' title='bbox 460 5183 531 5237; x_wconf 85' lang='lat' dir='ltr'><strong>Et</strong></span> <span class='ocrx_word' id='word_1_443' title='bbox 555 5183 652 5236; x_wconf 84' lang='lat' dir='ltr'><strong>erit</strong></span> <span class='ocrx_word' id='word_1_444' title='bbox 676 5199 768 5252; x_wconf 90' lang='lat' dir='ltr'><strong>pro</strong></span> <span class='ocrx_word' id='word_1_445' title='bbox 794 5181 935 5235; x_wconf 80' lang='lat' dir='ltr'><strong>suavi</strong></span> <span class='ocrx_word' id='word_1_446' title='bbox 962 5182 1116 5234; x_wconf 87' lang='lat' dir='ltr'><strong>odore</strong></span> <span class='ocrx_word' id='word_1_447' title='bbox 1153 5181 1345 5250; x_wconf 77' lang='lat' dir='ltr'><strong>pulvis,</strong></span> <span class='ocrx_word' id='word_1_448' title='bbox 1373 5188 1421 5232; x_wconf 88' lang='lat' dir='ltr'><strong>et</strong></span> <span class='ocrx_word' id='word_1_449' title='bbox 1460 5193 1550 5248; x_wconf 86' lang='lat' dir='ltr'><strong>pro</strong></span> <span class='ocrx_word' id='word_1_450' title='bbox 1577 5192 1707 5230; x_wconf 78' lang='lat' dir='ltr'><strong>zona</strong></span> 
     </span>
    </p>
   </div>
   <div class='ocr_carea' id='block_1_57' title="bbox 121 5270 1707 5348">
    <p class='ocr_par' dir='ltr' id='par_1_57' title="bbox 121 5270 1707 5348">
     <span class='ocr_line' id='line_1_57' title="bbox 121 5270 1707 5348; baseline -0.007 -14"><span class='ocrx_word' id='word_1_451' title='bbox 121 5281 332 5348; x_wconf 70' lang='lat' dir='ltr'><strong>funiculo</strong></span> <span class='ocrx_word' id='word_1_452' title='bbox 357 5278 585 5348; x_wconf 81' lang='lat' dir='ltr'><strong>cingeris</strong></span> <span class='ocrx_word' id='word_1_453' title='bbox 609 5318 623 5337; x_wconf 89' lang='lat'><strong>.</strong></span> <span class='ocrx_word' id='word_1_454' title='bbox 652 5285 701 5330; x_wconf 88' lang='lat' dir='ltr'><strong>et</strong></span> <span class='ocrx_word' id='word_1_455' title='bbox 727 5291 820 5344; x_wconf 87' lang='lat' dir='ltr'><strong>pro</strong></span> <span class='ocrx_word' id='word_1_456' title='bbox 849 5284 1142 5329; x_wconf 90' lang='lat' dir='ltr'><strong>ornamento</strong></span> <span class='ocrx_word' id='word_1_457' title='bbox 1161 5273 1340 5342; x_wconf 85' lang='lat' dir='ltr'><strong>capitis</strong></span> <span class='ocrx_word' id='word_1_458' title='bbox 1364 5273 1434 5325; x_wconf 87' lang='lat' dir='ltr'><strong>tui</strong></span> <span class='ocrx_word' id='word_1_459' title='bbox 1460 5270 1707 5324; x_wconf 81' lang='lat' dir='ltr'><strong>calvitiem</strong></span> 
     </span>
    </p>
   </div>
   <div class='ocr_carea' id='block_1_58' title="bbox 121 5361 1708 5440">
    <p class='ocr_par' dir='ltr' id='par_1_58' title="bbox 121 5361 1708 5440">
     <span class='ocr_line' id='line_1_58' title="bbox 121 5361 1708 5440; baseline -0.008 -13"><span class='ocrx_word' id='word_1_460' title='bbox 121 5373 310 5426; x_wconf 65' lang='lat' dir='ltr'><strong>habebis</strong></span> <span class='ocrx_word' id='word_1_461' title='bbox 335 5381 550 5440; x_wconf 85' lang='lat' dir='ltr'><strong>propter</strong></span> <span class='ocrx_word' id='word_1_462' title='bbox 575 5384 735 5437; x_wconf 76' lang='lat' dir='ltr'><strong>opera</strong></span> <span class='ocrx_word' id='word_1_463' title='bbox 762 5377 851 5420; x_wconf 89' lang='lat' dir='ltr'><strong>tua</strong></span> <span class='ocrx_word' id='word_1_464' title='bbox 873 5407 888 5431; x_wconf 92' lang='lat'><strong>,</strong></span> <span class='ocrx_word' id='word_1_465' title='bbox 932 5373 979 5421; x_wconf 84' lang='lat' dir='ltr'><strong>et</strong></span> <span class='ocrx_word' id='word_1_466' title='bbox 1002 5381 1095 5436; x_wconf 84' lang='lat' dir='ltr'><strong>pro</strong></span> <span class='ocrx_word' id='word_1_467' title='bbox 1125 5365 1294 5418; x_wconf 85' lang='lat' dir='ltr'><strong>tunica</strong></span> <span class='ocrx_word' id='word_1_468' title='bbox 1335 5378 1574 5433; x_wconf 69' lang='lat' dir='ltr'><strong>purpura</strong></span> <span class='ocrx_word' id='word_1_469' title='bbox 1599 5361 1708 5416; x_wconf 83' lang='lat' dir='ltr'><strong>cla-</strong></span> 
     </span>
    </p>
   </div>
   <div class='ocr_carea' id='block_1_59' title="bbox 117 5455 1704 5535">
    <p class='ocr_par' dir='ltr' id='par_1_59' title="bbox 117 5455 1704 5535">
     <span class='ocr_line' id='line_1_59' title="bbox 117 5455 1704 5535; baseline -0.008 -17"><span class='ocrx_word' id='word_1_470' title='bbox 117 5477 219 5517; x_wconf 73' lang='lat' dir='ltr'><strong>m</strong></span> <span class='ocrx_word' id='word_1_471' title='bbox 255 5465 332 5535; x_wconf 70' lang='grc' dir='ltr'><strong>(ὁ)</strong></span> <span class='ocrx_word' id='word_1_472' title='bbox 382 5461 807 5531; x_wconf 61' lang='lat' dir='ltr'><strong>circumi-ingeris</strong></span> <span class='ocrx_word' id='word_1_473' title='bbox 851 5474 1018 5514; x_wconf 85' lang='lat' dir='ltr'><strong>sacco.</strong></span> <span class='ocrx_word' id='word_1_474' title='bbox 1067 5457 1193 5512; x_wconf 71' lang='lat' dir='ltr'><strong>Harc</strong></span> <span class='ocrx_word' id='word_1_475' title='bbox 1235 5455 1320 5510; x_wconf 87' lang='lat' dir='ltr'><strong>tibi</strong></span> <span class='ocrx_word' id='word_1_476' title='bbox 1370 5472 1460 5525; x_wconf 87' lang='lat' dir='ltr'><strong>pro</strong></span> <span class='ocrx_word' id='word_1_477' title='bbox 1503 5462 1704 5510; x_wconf 86' lang='lat' dir='ltr'><strong>ornatu.</strong></span> 
     </span>
    </p>
   </div>
   <div class='ocr_carea' id='block_1_60' title="bbox 170 5591 1550 5664">
    <p class='ocr_par' dir='ltr' id='par_1_60' title="bbox 170 5591 1550 5664">
     <span class='ocr_line' id='line_1_60' title="bbox 170 5591 1550 5664; baseline -0.004 -16"><span class='ocrx_word' id='word_1_478' title='bbox 170 5603 238 5664; x_wconf 80' lang='lat' dir='ltr'><strong>la)</strong></span> <span class='ocrx_word' id='word_1_479' title='bbox 272 5609 352 5650; x_wconf 66' lang='lat' dir='ltr'><strong>Ha?</strong></span> <span class='ocrx_word' id='word_1_480' title='bbox 380 5613 550 5655; x_wconf 83' lang='lat' dir='ltr'><strong>voces,</strong></span> <span class='ocrx_word' id='word_1_481' title='bbox 578 5606 625 5647; x_wconf 83' lang='lat' dir='ltr'><strong>et</strong></span> <span class='ocrx_word' id='word_1_482' title='bbox 644 5603 869 5664; x_wconf 81' lang='lat' dir='ltr'><strong>ornatum</strong></span> <span class='ocrx_word' id='word_1_483' title='bbox 890 5609 1073 5644; x_wconf 84' lang='lat' dir='ltr'><strong>earum.</strong></span> <span class='ocrx_word' id='word_1_484' title='bbox 1098 5595 1278 5664; x_wconf 73' lang='lat' dir='ltr'><strong>desunt</strong></span> <span class='ocrx_word' id='word_1_485' title='bbox 1301 5597 1348 5664; x_wconf 79' lang='lat' dir='ltr'><strong>in</strong></span> <span class='ocrx_word' id='word_1_486' title='bbox 1372 5591 1550 5664; x_wconf 76' lang='lat' dir='ltr'><strong>Bibliis.</strong></span> 
     </span>
    </p>
   </div>
   <div class='ocr_carea' id='block_1_61' title="bbox 169 5657 1506 5727">
    <p class='ocr_par' dir='ltr' id='par_1_61' title="bbox 169 5657 1506 5727">
     <span class='ocr_line' id='line_1_61' title="bbox 169 5657 1506 5727; baseline -0.007 -15"><span class='ocrx_word' id='word_1_487' title='bbox 169 5657 234 5727; x_wconf 68' lang='grc' dir='ltr'><strong>(δ)</strong></span> <span class='ocrx_word' id='word_1_488' title='bbox 269 5665 394 5715; x_wconf 80' lang='lat' dir='ltr'><strong>Vide</strong></span> <span class='ocrx_word' id='word_1_489' title='bbox 419 5662 746 5725; x_wconf 75' lang='lat' dir='ltr'><strong>Autiquitatis</strong></span> <span class='ocrx_word' id='word_1_490' title='bbox 770 5668 943 5708; x_wconf 80' lang='lat' dir='ltr'><strong>nostra:</strong></span> <span class='ocrx_word' id='word_1_491' title='bbox 987 5666 1113 5708; x_wconf 85' lang='lat' dir='ltr'><strong>&#39;l‘otu.</strong></span> <span class='ocrx_word' id='word_1_492' title='bbox 1141 5661 1188 5718; x_wconf 78' lang='lat'><strong>5,</strong></span> <span class='ocrx_word' id='word_1_493' title='bbox 1216 5657 1299 5706; x_wconf 65' lang='grc' dir='ltr'><strong>Ιλὶ).</strong></span> <span class='ocrx_word' id='word_1_494' title='bbox 1329 5658 1369 5716; x_wconf 87' lang='grc'><strong>1,</strong></span> <span class='ocrx_word' id='word_1_495' title='bbox 1391 5672 1436 5704; x_wconf 90' lang='lat' dir='ltr'><strong>c.</strong></span> <span class='ocrx_word' id='word_1_496' title='bbox 1460 5658 1506 5702; x_wconf 79' lang='lat'><strong>8.</strong></span> 
     </span>
    </p>
   </div>
   <div class='ocr_carea' id='block_1_62' title="bbox 1840 322 3488 408">
    <p class='ocr_par' dir='ltr' id='par_1_62' title="bbox 1840 322 3488 408">
     <span class='ocr_line' id='line_1_62' title="bbox 1840 322 3488 408; baseline 0.01 -32"><span class='ocrx_word' id='word_1_497' title='bbox 1840 322 1934 377; x_wconf 78' lang='lat'><strong>25.</strong></span> <span class='ocrx_word' id='word_1_498' title='bbox 1969 322 2035 376; x_wconf 83' lang='lat' dir='ltr'><strong>Et</strong></span> <span class='ocrx_word' id='word_1_499' title='bbox 2077 324 2213 392; x_wconf 79' lang='lat' dir='ltr'><strong>ﬁlius</strong></span> <span class='ocrx_word' id='word_1_500' title='bbox 2247 334 2362 382; x_wconf 85' lang='lat' dir='ltr'><strong>tuus</strong></span> <span class='ocrx_word' id='word_1_501' title='bbox 2397 327 2798 397; x_wconf 84' lang='lat' dir='ltr'><strong>pulcherrimus,</strong></span> <span class='ocrx_word' id='word_1_502' title='bbox 2841 347 2989 401; x_wconf 85' lang='lat' dir='ltr'><strong>quem</strong></span> <span class='ocrx_word' id='word_1_503' title='bbox 3012 334 3221 406; x_wconf 81' lang='lat' dir='ltr'><strong>diligis,</strong></span> <span class='ocrx_word' id='word_1_504' title='bbox 3249 338 3426 408; x_wconf 81' lang='lat' dir='ltr'><strong>gladio</strong></span> <span class='ocrx_word' id='word_1_505' title='bbox 3482 401 3488 408; x_wconf 31' lang='grc' dir='ltr'><strong>ο</strong></span> 
     </span>
    </p>
   </div>
   <div class='ocr_carea' id='block_1_63' title="bbox 1836 413 3416 492">
    <p class='ocr_par' dir='ltr' id='par_1_63' title="bbox 1836 413 3416 492">
     <span class='ocr_line' id='line_1_63' title="bbox 1836 413 3416 492; baseline 0.011 -26"><span class='ocrx_word' id='word_1_506' title='bbox 1836 413 1978 467; x_wconf 86' lang='lat' dir='ltr'><strong>cadet</strong></span> <span class='ocrx_word' id='word_1_507' title='bbox 2000 430 2020 478; x_wconf 88' lang='lat'><em>;</em></span> <span class='ocrx_word' id='word_1_508' title='bbox 2065 424 2111 469; x_wconf 90' lang='lat' dir='ltr'><strong>et</strong></span> <span class='ocrx_word' id='word_1_509' title='bbox 2136 420 2289 486; x_wconf 77' lang='lat' dir='ltr'><strong>fortes</strong></span> <span class='ocrx_word' id='word_1_510' title='bbox 2315 419 2466 474; x_wconf 84' lang='lat' dir='ltr'><strong>vestri</strong></span> <span class='ocrx_word' id='word_1_511' title='bbox 2502 421 2675 491; x_wconf 86' lang='lat' dir='ltr'><strong>gladio</strong></span> <span class='ocrx_word' id='word_1_512' title='bbox 2696 423 2894 492; x_wconf 86' lang='lat' dir='ltr'><strong>cadent,</strong></span> <span class='ocrx_word' id='word_1_513' title='bbox 2925 435 2970 480; x_wconf 89' lang='lat' dir='ltr'><strong>et</strong></span> <span class='ocrx_word' id='word_1_514' title='bbox 2995 426 3416 486; x_wconf 78' lang='lat' dir='ltr'><strong>humiliabuntur.</strong></span> 
     </span>
    </p>
   </div>
   <div class='ocr_carea' id='block_1_64' title="bbox 1833 501 3415 584">
    <p class='ocr_par' dir='ltr' id='par_1_64' title="bbox 1833 501 3415 584">
     <span class='ocr_line' id='line_1_64' title="bbox 1833 501 3415 584; baseline 0.011 -28"><span class='ocrx_word' id='word_1_515' title='bbox 1833 501 1924 558; x_wconf 72' lang='lat'><strong>26.</strong></span> <span class='ocrx_word' id='word_1_516' title='bbox 1951 503 2016 557; x_wconf 84' lang='lat' dir='ltr'><strong>Et</strong></span> <span class='ocrx_word' id='word_1_517' title='bbox 2041 507 2276 576; x_wconf 82' lang='lat' dir='ltr'><strong>lugebant</strong></span> <span class='ocrx_word' id='word_1_518' title='bbox 2301 511 2456 562; x_wconf 71' lang='lat' dir='ltr'><strong>theca:</strong></span> <span class='ocrx_word' id='word_1_519' title='bbox 2474 521 2680 566; x_wconf 86' lang='lat' dir='ltr'><strong>ornatus</strong></span> <span class='ocrx_word' id='word_1_520' title='bbox 2699 513 2868 580; x_wconf 84' lang='lat' dir='ltr'><strong>vestri,</strong></span> <span class='ocrx_word' id='word_1_521' title='bbox 2895 523 2942 569; x_wconf 84' lang='lat' dir='ltr'><strong>et</strong></span> <span class='ocrx_word' id='word_1_522' title='bbox 2967 517 3263 584; x_wconf 82' lang='lat' dir='ltr'><strong>relinqueris</strong></span> <span class='ocrx_word' id='word_1_523' title='bbox 3285 521 3415 584; x_wconf 87' lang='lat' dir='ltr'><strong>sola,</strong></span> 
     </span>
    </p>
   </div>
   <div class='ocr_carea' id='block_1_65' title="bbox 1834 595 3415 681">
    <p class='ocr_par' dir='ltr' id='par_1_65' title="bbox 1834 595 3415 681">
     <span class='ocr_line' id='line_1_65' title="bbox 1834 595 3415 681; baseline 0.011 -33"><span class='ocrx_word' id='word_1_524' title='bbox 1834 605 1880 648; x_wconf 88' lang='lat' dir='ltr'><strong>et</strong></span> <span class='ocrx_word' id='word_1_525' title='bbox 1908 595 1960 650; x_wconf 89' lang='lat' dir='ltr'><strong>in</strong></span> <span class='ocrx_word' id='word_1_526' title='bbox 2001 605 2185 652; x_wconf 87' lang='lat' dir='ltr'><strong>terram</strong></span> <span class='ocrx_word' id='word_1_527' title='bbox 2228 601 2554 668; x_wconf 83' lang='lat' dir='ltr'><strong>prosterncris</strong></span> <span class='ocrx_word' id='word_1_528' title='bbox 2588 602 2687 676; x_wconf 83' lang='grc' dir='ltr'><strong>(α).</strong></span> <span class='ocrx_word' id='word_1_529' title='bbox 2723 603 2990 662; x_wconf 89' lang='lat' dir='ltr'><strong>lnsolitam</strong></span> <span class='ocrx_word' id='word_1_530' title='bbox 3019 624 3133 665; x_wconf 90' lang='lat' dir='ltr'><strong>rem</strong></span> <span class='ocrx_word' id='word_1_531' title='bbox 3160 611 3415 681; x_wconf 84' lang='lat' dir='ltr'><strong>pmpheta</strong></span> 
     </span>
    </p>
   </div>
   <div class='ocr_carea' id='block_1_66' title="bbox 1833 685 3414 773">
    <p class='ocr_par' dir='ltr' id='par_1_66' title="bbox 1833 685 3414 773">
     <span class='ocr_line' id='line_1_66' title="bbox 1833 685 3414 773; baseline 0.011 -33"><span class='ocrx_word' id='word_1_532' title='bbox 1833 685 1987 754; x_wconf 86' lang='lat' dir='ltr'><strong>fecit,</strong></span> <span class='ocrx_word' id='word_1_533' title='bbox 2031 688 2336 760; x_wconf 61' lang='lat' dir='ltr'><strong>longum&#39;ad</strong></span> <span class='ocrx_word' id='word_1_534' title='bbox 2372 694 2620 749; x_wconf 89' lang='lat' dir='ltr'><strong>mulieres</strong></span> <span class='ocrx_word' id='word_1_535' title='bbox 2645 695 2880 766; x_wconf 85' lang='lat' dir='ltr'><strong>dirigens</strong></span> <span class='ocrx_word' id='word_1_536' title='bbox 2910 713 3244 771; x_wconf 89' lang='lat' dir='ltr'><strong>sermonem,</strong></span> <span class='ocrx_word' id='word_1_537' title='bbox 3273 705 3414 773; x_wconf 90' lang='lat' dir='ltr'><strong>quod</strong></span> 
     </span>
    </p>
   </div>
   <div class='ocr_carea' id='block_1_67' title="bbox 1834 783 3415 864">
    <p class='ocr_par' dir='ltr' id='par_1_67' title="bbox 1834 783 3415 864">
     <span class='ocr_line' id='line_1_67' title="bbox 1834 783 3415 864; baseline 0.011 -32"><span class='ocrx_word' id='word_1_538' title='bbox 1834 793 2091 849; x_wconf 89' lang='lat' dir='ltr'><strong>nusquam</strong></span> <span class='ocrx_word' id='word_1_539' title='bbox 2133 783 2184 836; x_wconf 91' lang='lat' dir='ltr'><strong>in</strong></span> <span class='ocrx_word' id='word_1_540' title='bbox 2221 783 2506 854; x_wconf 88' lang='lat' dir='ltr'><strong>Scripturis</strong></span> <span class='ocrx_word' id='word_1_541' title='bbox 2551 786 2744 844; x_wconf 87' lang='lat' dir='ltr'><strong>factum</strong></span> <span class='ocrx_word' id='word_1_542' title='bbox 2788 789 3048 847; x_wconf 85' lang='lat' dir='ltr'><strong>videmus.</strong></span> <span class='ocrx_word' id='word_1_543' title='bbox 3097 793 3232 862; x_wconf 55' lang='lat' dir='ltr'><strong>Quae</strong></span> <span class='ocrx_word' id='word_1_544' title='bbox 3257 795 3415 864; x_wconf 87' lang='lat' dir='ltr'><strong>igitur</strong></span> 
     </span>
    </p>
   </div>
   <div class='ocr_carea' id='block_1_68' title="bbox 1833 874 2499 933">
    <p class='ocr_par' dir='ltr' id='par_1_68' title="bbox 1833 874 2499 933">
     <span class='ocr_line' id='line_1_68' title="bbox 1833 874 2499 933; baseline 0.006 -7"><span class='ocrx_word' id='word_1_545' title='bbox 1833 885 1988 926; x_wconf 88' lang='lat' dir='ltr'><strong>causa</strong></span> <span class='ocrx_word' id='word_1_546' title='bbox 2016 883 2099 928; x_wconf 87' lang='lat' dir='ltr'><strong>est</strong></span> <span class='ocrx_word' id='word_1_547' title='bbox 2127 874 2354 930; x_wconf 68' lang='lat' dir='ltr'><strong>insolitae</strong></span> <span class='ocrx_word' id='word_1_548' title='bbox 2384 877 2499 933; x_wconf 83' lang='lat' dir='ltr'><strong>rei?</strong></span> 
     </span>
    </p>
   </div>
   <div class='ocr_carea' id='block_1_69' title="bbox 1902 962 3412 1042">
    <p class='ocr_par' dir='ltr' id='par_1_69' title="bbox 1902 962 3412 1042">
     <span class='ocr_line' id='line_1_69' title="bbox 1902 962 3412 1042; baseline 0.01 -27"><span class='ocrx_word' id='word_1_549' title='bbox 1902 962 1955 1016; x_wconf 85' lang='lat'><strong>8.</strong></span> <span class='ocrx_word' id='word_1_550' title='bbox 1988 962 2204 1017; x_wconf 86' lang='lat' dir='ltr'><strong>Videtur</strong></span> <span class='ocrx_word' id='word_1_551' title='bbox 2229 966 2357 1020; x_wconf 90' lang='lat' dir='ltr'><strong>mihi</strong></span> <span class='ocrx_word' id='word_1_552' title='bbox 2385 976 2510 1022; x_wconf 89' lang='lat' dir='ltr'><strong>tunc</strong></span> <span class='ocrx_word' id='word_1_553' title='bbox 2535 971 2788 1038; x_wconf 90' lang='lat' dir='ltr'><strong>temporis</strong></span> <span class='ocrx_word' id='word_1_554' title='bbox 2820 973 3067 1042; x_wconf 85' lang='lat' dir='ltr'><strong>magnam</strong></span> <span class='ocrx_word' id='word_1_555' title='bbox 3103 974 3266 1029; x_wconf 92' lang='lat' dir='ltr'><strong>fuisse</strong></span> <span class='ocrx_word' id='word_1_556' title='bbox 3293 991 3412 1029; x_wconf 85' lang='lat' dir='ltr'><strong>mu-</strong></span> 
     </span>
    </p>
   </div>
   <div class='ocr_carea' id='block_1_70' title="bbox 1828 1049 3408 1128">
    <p class='ocr_par' dir='ltr' id='par_1_70' title="bbox 1828 1049 3408 1128">
     <span class='ocr_line' id='line_1_70' title="bbox 1828 1049 3408 1128; baseline 0.01 -23"><span class='ocrx_word' id='word_1_557' title='bbox 1828 1049 2018 1107; x_wconf 89' lang='lat' dir='ltr'><strong>lierum</strong></span> <span class='ocrx_word' id='word_1_558' title='bbox 2049 1054 2343 1120; x_wconf 89' lang='lat' dir='ltr'><strong>mollitiem,</strong></span> <span class='ocrx_word' id='word_1_559' title='bbox 2372 1060 2700 1128; x_wconf 89' lang='lat' dir='ltr'><strong>multumque</strong></span> <span class='ocrx_word' id='word_1_560' title='bbox 2725 1062 3014 1122; x_wconf 86' lang='lat' dir='ltr'><strong>contulisse</strong></span> <span class='ocrx_word' id='word_1_561' title='bbox 3034 1064 3154 1120; x_wconf 91' lang='lat' dir='ltr'><strong>illas</strong></span> <span class='ocrx_word' id='word_1_562' title='bbox 3181 1066 3248 1120; x_wconf 90' lang='lat' dir='ltr'><strong>ad</strong></span> <span class='ocrx_word' id='word_1_563' title='bbox 3275 1067 3408 1121; x_wconf 83' lang='lat' dir='ltr'><strong>viro-</strong></span> 
     </span>
    </p>
   </div>
   <div class='ocr_carea' id='block_1_71' title="bbox 1828 1145 3412 1227">
    <p class='ocr_par' dir='ltr' id='par_1_71' title="bbox 1828 1145 3412 1227">
     <span class='ocr_line' id='line_1_71' title="bbox 1828 1145 3412 1227; baseline 0.012 -31"><span class='ocrx_word' id='word_1_564' title='bbox 1828 1157 1946 1196; x_wconf 92' lang='lat' dir='ltr'><strong>rum</strong></span> <span class='ocrx_word' id='word_1_565' title='bbox 1985 1145 2295 1214; x_wconf 89' lang='lat' dir='ltr'><strong>nequitiam.</strong></span> <span class='ocrx_word' id='word_1_566' title='bbox 2337 1146 2462 1205; x_wconf 89' lang='lat' dir='ltr'><strong>ldeo</strong></span> <span class='ocrx_word' id='word_1_567' title='bbox 2492 1149 2612 1204; x_wconf 89' lang='lat' dir='ltr'><strong>illas</strong></span> <span class='ocrx_word' id='word_1_568' title='bbox 2650 1153 2929 1221; x_wconf 82' lang='lat' dir='ltr'><strong>Speciatim</strong></span> <span class='ocrx_word' id='word_1_569' title='bbox 2965 1154 3253 1226; x_wconf 87' lang='lat' dir='ltr'><strong>redarguit,</strong></span> <span class='ocrx_word' id='word_1_570' title='bbox 3292 1172 3412 1227; x_wconf 85' lang='lat' dir='ltr'><strong>gra-</strong></span> 
     </span>
    </p>
   </div>
   <div class='ocr_carea' id='block_1_72' title="bbox 1828 1235 3412 1318">
    <p class='ocr_par' dir='ltr' id='par_1_72' title="bbox 1828 1235 3412 1318">
     <span class='ocr_line' id='line_1_72' title="bbox 1828 1235 3412 1318; baseline 0.009 -30"><span class='ocrx_word' id='word_1_571' title='bbox 1828 1235 2043 1290; x_wconf 88' lang='lat' dir='ltr'><strong>vissima</strong></span> <span class='ocrx_word' id='word_1_572' title='bbox 2074 1237 2179 1293; x_wconf 92' lang='lat' dir='ltr'><strong>illis</strong></span> <span class='ocrx_word' id='word_1_573' title='bbox 2206 1239 2436 1297; x_wconf 74' lang='lat' dir='ltr'><strong>offerens</strong></span> <span class='ocrx_word' id='word_1_574' title='bbox 2461 1242 2707 1309; x_wconf 87' lang='lat' dir='ltr'><strong>crimina,</strong></span> <span class='ocrx_word' id='word_1_575' title='bbox 2737 1259 3148 1318; x_wconf 90' lang='lat' dir='ltr'><strong>sermonemque</strong></span> <span class='ocrx_word' id='word_1_576' title='bbox 3177 1248 3243 1304; x_wconf 89' lang='lat' dir='ltr'><strong>ad</strong></span> <span class='ocrx_word' id='word_1_577' title='bbox 3267 1249 3412 1318; x_wconf 90' lang='lat' dir='ltr'><strong>prin-</strong></span> 
     </span>
    </p>
   </div>
   <div class='ocr_carea' id='block_1_73' title="bbox 1825 1326 3408 1408">
    <p class='ocr_par' dir='ltr' id='par_1_73' title="bbox 1825 1326 3408 1408">
     <span class='ocr_line' id='line_1_73' title="bbox 1825 1326 3408 1408; baseline 0.008 -27"><span class='ocrx_word' id='word_1_578' title='bbox 1825 1326 2022 1395; x_wconf 90' lang='lat' dir='ltr'><strong>cipium</strong></span> <span class='ocrx_word' id='word_1_579' title='bbox 2050 1340 2285 1396; x_wconf 88' lang='lat' dir='ltr'><strong>revocat,</strong></span> <span class='ocrx_word' id='word_1_580' title='bbox 2317 1347 2382 1388; x_wconf 83' lang='lat' dir='ltr'><strong>ex</strong></span> <span class='ocrx_word' id='word_1_581' title='bbox 2409 1347 2636 1402; x_wconf 88' lang='lat' dir='ltr'><strong>persona</strong></span> <span class='ocrx_word' id='word_1_582' title='bbox 2669 1334 2761 1389; x_wconf 89' lang='lat' dir='ltr'><strong>Dei</strong></span> <span class='ocrx_word' id='word_1_583' title='bbox 2794 1335 2982 1390; x_wconf 87' lang='lat' dir='ltr'><strong>iterum</strong></span> <span class='ocrx_word' id='word_1_584' title='bbox 3011 1337 3255 1408; x_wconf 88' lang='lat' dir='ltr'><strong>loquens.</strong></span> <span class='ocrx_word' id='word_1_585' title='bbox 3282 1339 3408 1394; x_wconf 79' lang='lat' dir='ltr'><strong>Ilwc</strong></span> 
     </span>
    </p>
   </div>
   <div class='ocr_carea' id='block_1_74' title="bbox 1826 1420 3405 1500">
    <p class='ocr_par' dir='ltr' id='par_1_74' title="bbox 1826 1420 3405 1500">
     <span class='ocr_line' id='line_1_74' title="bbox 1826 1420 3405 1500; baseline 0.008 -26"><span class='ocrx_word' id='word_1_586' title='bbox 1826 1420 1946 1474; x_wconf 88' lang='lat' dir='ltr'><strong>dicit</strong></span> <span class='ocrx_word' id='word_1_587' title='bbox 1976 1421 2225 1477; x_wconf 89' lang='lat' dir='ltr'><strong>Dominus</strong></span> <span class='ocrx_word' id='word_1_588' title='bbox 2250 1441 2269 1479; x_wconf 88' lang='lat'><strong><em>:</em></strong></span> <span class='ocrx_word' id='word_1_589' title='bbox 2297 1423 2403 1479; x_wconf 89' lang='lat' dir='ltr'><strong>Pro</strong></span> <span class='ocrx_word' id='word_1_590' title='bbox 2431 1441 2488 1480; x_wconf 89' lang='lat' dir='ltr'><strong>eo</strong></span> <span class='ocrx_word' id='word_1_591' title='bbox 2528 1427 2666 1496; x_wconf 89' lang='lat' dir='ltr'><strong>quod</strong></span> <span class='ocrx_word' id='word_1_592' title='bbox 2703 1427 2937 1484; x_wconf 73' lang='lat' dir='ltr'><strong>exaltata:</strong></span> <span class='ocrx_word' id='word_1_593' title='bbox 2967 1440 3086 1484; x_wconf 89' lang='lat' dir='ltr'><strong>sunt</strong></span> <span class='ocrx_word' id='word_1_594' title='bbox 3111 1431 3233 1500; x_wconf 82' lang='lat' dir='ltr'><strong>ﬁlia:</strong></span> <span class='ocrx_word' id='word_1_595' title='bbox 3257 1431 3405 1498; x_wconf 85' lang='lat' dir='ltr'><strong>Sion,</strong></span> 
     </span>
    </p>
   </div>
   <div class='ocr_carea' id='block_1_75' title="bbox 1825 1512 3410 1590">
    <p class='ocr_par' dir='ltr' id='par_1_75' title="bbox 1825 1512 3410 1590">
     <span class='ocr_line' id='line_1_75' title="bbox 1825 1512 3410 1590; baseline 0.007 -26"><span class='ocrx_word' id='word_1_596' title='bbox 1825 1519 1872 1564; x_wconf 89' lang='lat' dir='ltr'><strong>et</strong></span> <span class='ocrx_word' id='word_1_597' title='bbox 1910 1512 2284 1568; x_wconf 80' lang='lat' dir='ltr'><strong>ambulaverunt</strong></span> <span class='ocrx_word' id='word_1_598' title='bbox 2312 1515 2444 1569; x_wconf 90' lang='lat' dir='ltr'><strong>elato</strong></span> <span class='ocrx_word' id='word_1_599' title='bbox 2468 1517 2620 1570; x_wconf 88' lang='lat' dir='ltr'><strong>collo.</strong></span> <span class='ocrx_word' id='word_1_600' title='bbox 2663 1517 2834 1586; x_wconf 88' lang='lat' dir='ltr'><strong>Caput</strong></span> <span class='ocrx_word' id='word_1_601' title='bbox 2859 1519 3119 1574; x_wconf 91' lang='lat' dir='ltr'><strong>malorum</strong></span> <span class='ocrx_word' id='word_1_602' title='bbox 3151 1521 3279 1590; x_wconf 88' lang='lat' dir='ltr'><strong>ipsis</strong></span> <span class='ocrx_word' id='word_1_603' title='bbox 3302 1521 3410 1575; x_wconf 88' lang='lat' dir='ltr'><strong>cri-</strong></span> 
     </span>
    </p>
   </div>
   <div class='ocr_carea' id='block_1_76' title="bbox 1793 1602 3408 1686">
    <p class='ocr_par' dir='ltr' id='par_1_76' title="bbox 1793 1602 3408 1686">
     <span class='ocr_line' id='line_1_76' title="bbox 1793 1602 3408 1686; baseline 0.007 -31"><span class='ocrx_word' id='word_1_604' title='bbox 1793 1680 1798 1686; x_wconf 24' lang='lat'><strong>~</strong></span> <span class='ocrx_word' id='word_1_605' title='bbox 1825 1602 1952 1656; x_wconf 91' lang='lat' dir='ltr'><strong>mini</strong></span> <span class='ocrx_word' id='word_1_606' title='bbox 1990 1603 2117 1669; x_wconf 84' lang='lat' dir='ltr'><strong>dat,</strong></span> <span class='ocrx_word' id='word_1_607' title='bbox 2149 1605 2448 1675; x_wconf 90' lang='lat' dir='ltr'><strong>superbiam</strong></span> <span class='ocrx_word' id='word_1_608' title='bbox 2478 1615 2533 1662; x_wconf 91' lang='lat' dir='ltr'><strong>et</strong></span> <span class='ocrx_word' id='word_1_609' title='bbox 2559 1609 2938 1678; x_wconf 86' lang='lat' dir='ltr'><strong>arrogantiam.</strong></span> <span class='ocrx_word' id='word_1_610' title='bbox 2983 1610 3096 1666; x_wconf 84' lang='lat' dir='ltr'><strong>lloc</strong></span> <span class='ocrx_word' id='word_1_611' title='bbox 3121 1611 3262 1666; x_wconf 91' lang='lat' dir='ltr'><strong>enim</strong></span> <span class='ocrx_word' id='word_1_612' title='bbox 3289 1611 3408 1666; x_wconf 86' lang='lat' dir='ltr'><strong>ubi-</strong></span> 
     </span>
    </p>
   </div>
   <div class='ocr_carea' id='block_1_77' title="bbox 1823 1697 3406 1763">
    <p class='ocr_par' dir='ltr' id='par_1_77' title="bbox 1823 1697 3406 1763">
     <span class='ocr_line' id='line_1_77' title="bbox 1823 1697 3406 1763; baseline 0.006 -17"><span class='ocrx_word' id='word_1_613' title='bbox 1823 1707 1926 1762; x_wconf 88' lang='lat' dir='ltr'><strong>que</strong></span> <span class='ocrx_word' id='word_1_614' title='bbox 1967 1707 2128 1763; x_wconf 89' lang='lat' dir='ltr'><strong>grave</strong></span> <span class='ocrx_word' id='word_1_615' title='bbox 2169 1703 2279 1762; x_wconf 91' lang='lat' dir='ltr'><strong>est,</strong></span> <span class='ocrx_word' id='word_1_616' title='bbox 2329 1697 2560 1753; x_wconf 87' lang='lat' dir='ltr'><strong>maxime</strong></span> <span class='ocrx_word' id='word_1_617' title='bbox 2586 1714 2714 1754; x_wconf 87' lang='lat' dir='ltr'><strong>vero</strong></span> <span class='ocrx_word' id='word_1_618' title='bbox 2738 1715 2858 1755; x_wconf 91' lang='lat' dir='ltr'><strong>cum</strong></span> <span class='ocrx_word' id='word_1_619' title='bbox 2893 1701 2946 1756; x_wconf 92' lang='lat' dir='ltr'><strong>in</strong></span> <span class='ocrx_word' id='word_1_620' title='bbox 2986 1701 3230 1758; x_wconf 89' lang='lat' dir='ltr'><strong>muliebri</strong></span> <span class='ocrx_word' id='word_1_621' title='bbox 3275 1718 3406 1758; x_wconf 78' lang='lat' dir='ltr'><strong>sexu</strong></span> 
     </span>
    </p>
   </div>
   <div class='ocr_carea' id='block_1_78' title="bbox 1823 1782 3406 1862">
    <p class='ocr_par' dir='ltr' id='par_1_78' title="bbox 1823 1782 3406 1862">
     <span class='ocr_line' id='line_1_78' title="bbox 1823 1782 3406 1862; baseline 0.007 -25"><span class='ocrx_word' id='word_1_622' title='bbox 1823 1782 2080 1838; x_wconf 83' lang='lat' dir='ltr'><strong>exoritur.</strong></span> <span class='ocrx_word' id='word_1_623' title='bbox 2133 1785 2257 1841; x_wconf 89' lang='lat' dir='ltr'><strong>Alto</strong></span> <span class='ocrx_word' id='word_1_624' title='bbox 2295 1787 2436 1841; x_wconf 88' lang='lat' dir='ltr'><strong>enim</strong></span> <span class='ocrx_word' id='word_1_625' title='bbox 2465 1788 2654 1858; x_wconf 89' lang='lat' dir='ltr'><strong>spiritu</strong></span> <span class='ocrx_word' id='word_1_626' title='bbox 2685 1788 2844 1858; x_wconf 90' lang='lat' dir='ltr'><strong>plena</strong></span> <span class='ocrx_word' id='word_1_627' title='bbox 2867 1791 3090 1860; x_wconf 91' lang='lat' dir='ltr'><strong>mulier,</strong></span> <span class='ocrx_word' id='word_1_628' title='bbox 3119 1801 3304 1862; x_wconf 91' lang='lat' dir='ltr'><strong>utpote</strong></span> <span class='ocrx_word' id='word_1_629' title='bbox 3332 1793 3406 1848; x_wconf 91' lang='lat' dir='ltr'><strong>lc-</strong></span> 
     </span>
    </p>
   </div>
   <div class='ocr_carea' id='block_1_79' title="bbox 1821 1874 3405 1952">
    <p class='ocr_par' dir='ltr' id='par_1_79' title="bbox 1821 1874 3405 1952">
     <span class='ocr_line' id='line_1_79' title="bbox 1821 1874 3405 1952; baseline 0.008 -26"><span class='ocrx_word' id='word_1_630' title='bbox 1821 1874 1939 1928; x_wconf 92' lang='lat' dir='ltr'><strong>vior</strong></span> <span class='ocrx_word' id='word_1_631' title='bbox 1962 1881 2017 1929; x_wconf 90' lang='lat' dir='ltr'><strong>et</strong></span> <span class='ocrx_word' id='word_1_632' title='bbox 2045 1875 2458 1932; x_wconf 84' lang='lat' dir='ltr'><strong>irrationabilior</strong></span> <span class='ocrx_word' id='word_1_633' title='bbox 2474 1918 2492 1944; x_wconf 95' lang='lat'><strong>,</strong></span> <span class='ocrx_word' id='word_1_634' title='bbox 2520 1878 2676 1934; x_wconf 88' lang='lat' dir='ltr'><strong>facile</strong></span> <span class='ocrx_word' id='word_1_635' title='bbox 2707 1881 3030 1948; x_wconf 88' lang='lat' dir='ltr'><strong>pervertitur</strong></span> <span class='ocrx_word' id='word_1_636' title='bbox 3051 1923 3068 1948; x_wconf 95' lang='lat'><strong>,</strong></span> <span class='ocrx_word' id='word_1_637' title='bbox 3104 1883 3405 1952; x_wconf 85' lang='lat' dir='ltr'><strong>submergi-</strong></span> 
     </span>
    </p>
   </div>
   <div class='ocr_carea' id='block_1_80' title="bbox 1824 1963 3404 2042">
    <p class='ocr_par' dir='ltr' id='par_1_80' title="bbox 1824 1963 3404 2042">
     <span class='ocr_line' id='line_1_80' title="bbox 1824 1963 3404 2042; baseline 0.008 -27"><span class='ocrx_word' id='word_1_638' title='bbox 1824 1969 1941 2028; x_wconf 93' lang='lat' dir='ltr'><strong>tur,</strong></span> <span class='ocrx_word' id='word_1_639' title='bbox 1989 1963 2321 2036; x_wconf 83' lang='lat' dir='ltr'><strong>naufragium</strong></span> <span class='ocrx_word' id='word_1_640' title='bbox 2365 1970 2600 2036; x_wconf 89' lang='lat' dir='ltr'><strong>patitur,</strong></span> <span class='ocrx_word' id='word_1_641' title='bbox 2649 1970 2718 2025; x_wconf 91' lang='lat' dir='ltr'><strong>ab</strong></span> <span class='ocrx_word' id='word_1_642' title='bbox 2761 1972 2905 2026; x_wconf 89' lang='lat' dir='ltr'><strong>omni</strong></span> <span class='ocrx_word' id='word_1_643' title='bbox 2942 1972 3171 2042; x_wconf 89' lang='lat' dir='ltr'><strong>maligno</strong></span> <span class='ocrx_word' id='word_1_644' title='bbox 3217 1974 3404 2042; x_wconf 90' lang='lat' dir='ltr'><strong>spiritu</strong></span> 
     </span>
    </p>
   </div>
   <div class='ocr_carea' id='block_1_81' title="bbox 1821 2054 3403 2133">
    <p class='ocr_par' dir='ltr' id='par_1_81' title="bbox 1821 2054 3403 2133">
     <span class='ocr_line' id='line_1_81' title="bbox 1821 2054 3403 2133; baseline 0.007 -25"><span class='ocrx_word' id='word_1_645' title='bbox 1821 2054 2069 2124; x_wconf 89' lang='lat' dir='ltr'><strong>impulsa,</strong></span> <span class='ocrx_word' id='word_1_646' title='bbox 2103 2056 2238 2113; x_wconf 90' lang='lat' dir='ltr'><strong>fastu</strong></span> <span class='ocrx_word' id='word_1_647' title='bbox 2267 2067 2324 2113; x_wconf 93' lang='lat' dir='ltr'><strong>et</strong></span> <span class='ocrx_word' id='word_1_648' title='bbox 2350 2061 2650 2130; x_wconf 87' lang='lat' dir='ltr'><strong>arrogantia</strong></span> <span class='ocrx_word' id='word_1_649' title='bbox 2682 2061 2848 2130; x_wconf 89' lang='lat' dir='ltr'><strong>ipsam</strong></span> <span class='ocrx_word' id='word_1_650' title='bbox 2879 2061 3275 2133; x_wconf 89' lang='lat' dir='ltr'><strong>submergente.</strong></span> <span class='ocrx_word' id='word_1_651' title='bbox 3313 2063 3403 2118; x_wconf 81' lang='lat' dir='ltr'><strong>Vi-</strong></span> 
     </span>
    </p>
   </div>
   <div class='ocr_carea' id='block_1_82' title="bbox 1820 2148 3402 2226">
    <p class='ocr_par' dir='ltr' id='par_1_82' title="bbox 1820 2148 3402 2226">
     <span class='ocr_line' id='line_1_82' title="bbox 1820 2148 3402 2226; baseline 0.006 -24"><span class='ocrx_word' id='word_1_652' title='bbox 1820 2148 1976 2202; x_wconf 87' lang='lat' dir='ltr'><strong>detur</strong></span> <span class='ocrx_word' id='word_1_653' title='bbox 2018 2165 2178 2218; x_wconf 86' lang='lat' dir='ltr'><strong>porro</strong></span> <span class='ocrx_word' id='word_1_654' title='bbox 2215 2151 2689 2222; x_wconf 87' lang='lat' dir='ltr'><strong>Jerosolymitanas</strong></span> <span class='ocrx_word' id='word_1_655' title='bbox 2736 2154 2987 2209; x_wconf 88' lang='lat' dir='ltr'><strong>mulieres</strong></span> <span class='ocrx_word' id='word_1_656' title='bbox 3031 2155 3229 2226; x_wconf 84' lang='lat' dir='ltr'><strong>alloqui</strong></span> <span class='ocrx_word' id='word_1_657' title='bbox 3262 2174 3276 2210; x_wconf 85' lang='lat'>:</span> <span class='ocrx_word' id='word_1_658' title='bbox 3315 2156 3402 2210; x_wconf 81' lang='lat' dir='ltr'><strong>id-</strong></span> 
     </span>
    </p>
   </div>
   <div class='ocr_carea' id='block_1_83' title="bbox 1819 2242 3400 2312">
    <p class='ocr_par' dir='ltr' id='par_1_83' title="bbox 1819 2242 3400 2312">
     <span class='ocr_line' id='line_1_83' title="bbox 1819 2242 3400 2312; baseline 0.003 -15"><span class='ocrx_word' id='word_1_659' title='bbox 1819 2258 1990 2312; x_wconf 89' lang='lat' dir='ltr'><strong>eoque</strong></span> <span class='ocrx_word' id='word_1_660' title='bbox 2018 2242 2150 2296; x_wconf 84' lang='lat' dir='ltr'><strong>filias</strong></span> <span class='ocrx_word' id='word_1_661' title='bbox 2180 2243 2308 2299; x_wconf 92' lang='lat' dir='ltr'><strong>Sion</strong></span> <span class='ocrx_word' id='word_1_662' title='bbox 2338 2248 2564 2300; x_wconf 89' lang='lat' dir='ltr'><strong>vocavit.</strong></span> <span class='ocrx_word' id='word_1_663' title='bbox 2594 2244 2657 2298; x_wconf 83' lang='lat' dir='ltr'><strong>Et</strong></span> <span class='ocrx_word' id='word_1_664' title='bbox 2679 2246 3062 2300; x_wconf 85' lang='lat' dir='ltr'><strong>ambulaverunt</strong></span> <span class='ocrx_word' id='word_1_665' title='bbox 3088 2248 3220 2302; x_wconf 83' lang='lat' dir='ltr'><strong>elato</strong></span> <span class='ocrx_word' id='word_1_666' title='bbox 3244 2247 3400 2302; x_wconf 90' lang='lat' dir='ltr'><strong>collo.</strong></span> 
     </span>
    </p>
   </div>
   <div class='ocr_carea' id='block_1_84' title="bbox 1822 2332 3400 2406">
    <p class='ocr_par' dir='ltr' id='par_1_84' title="bbox 1822 2332 3400 2406">
     <span class='ocr_line' id='line_1_84' title="bbox 1822 2332 3400 2406; baseline 0.003 -20"><span class='ocrx_word' id='word_1_667' title='bbox 1822 2332 1914 2388; x_wconf 88' lang='lat' dir='ltr'><strong>Hic</strong></span> <span class='ocrx_word' id='word_1_668' title='bbox 1943 2333 2061 2386; x_wconf 90' lang='lat' dir='ltr'><strong>illas</strong></span> <span class='ocrx_word' id='word_1_669' title='bbox 2085 2333 2331 2401; x_wconf 88' lang='lat' dir='ltr'><strong>traducit,</strong></span> <span class='ocrx_word' id='word_1_670' title='bbox 2371 2348 2433 2389; x_wconf 91' lang='lat' dir='ltr'><strong>ac</strong></span> <span class='ocrx_word' id='word_1_671' title='bbox 2460 2335 2770 2390; x_wconf 90' lang='lat' dir='ltr'><strong>muliebrem</strong></span> <span class='ocrx_word' id='word_1_672' title='bbox 2799 2335 3035 2391; x_wconf 89' lang='lat' dir='ltr'><strong>ostendit</strong></span> <span class='ocrx_word' id='word_1_673' title='bbox 3063 2336 3277 2401; x_wconf 85' lang='lat' dir='ltr'><strong>fastum,</strong></span> <span class='ocrx_word' id='word_1_674' title='bbox 3309 2338 3400 2406; x_wconf 89' lang='lat' dir='ltr'><strong>qui</strong></span> 
     </span>
    </p>
   </div>
   <div class='ocr_carea' id='block_1_85' title="bbox 1818 2425 3402 2498">
    <p class='ocr_par' dir='ltr' id='par_1_85' title="bbox 1818 2425 3402 2498">
     <span class='ocr_line' id='line_1_85' title="bbox 1818 2425 3402 2498; baseline 0.002 -18"><span class='ocrx_word' id='word_1_675' title='bbox 1818 2440 1924 2481; x_wconf 91' lang='lat' dir='ltr'><strong>non</strong></span> <span class='ocrx_word' id='word_1_676' title='bbox 1957 2434 2132 2494; x_wconf 88' lang='lat' dir='ltr'><strong>potest</strong></span> <span class='ocrx_word' id='word_1_677' title='bbox 2173 2426 2227 2480; x_wconf 92' lang='lat' dir='ltr'><strong>in</strong></span> <span class='ocrx_word' id='word_1_678' title='bbox 2273 2425 2452 2481; x_wconf 90' lang='lat' dir='ltr'><strong>animo</strong></span> <span class='ocrx_word' id='word_1_679' title='bbox 2477 2440 2536 2482; x_wconf 87' lang='lat' dir='ltr'><strong>se</strong></span> <span class='ocrx_word' id='word_1_680' title='bbox 2570 2427 2846 2483; x_wconf 89' lang='lat' dir='ltr'><strong>continere</strong></span> <span class='ocrx_word' id='word_1_681' title='bbox 2866 2467 2885 2492; x_wconf 90' lang='lat'><strong>,</strong></span> <span class='ocrx_word' id='word_1_682' title='bbox 2915 2425 3010 2482; x_wconf 87' lang='lat' dir='ltr'><strong>sed</strong></span> <span class='ocrx_word' id='word_1_683' title='bbox 3039 2428 3306 2498; x_wconf 88' lang='lat' dir='ltr'><strong>erumpit,</strong></span> <span class='ocrx_word' id='word_1_684' title='bbox 3335 2443 3402 2484; x_wconf 87' lang='lat' dir='ltr'><strong>ac</strong></span> 
     </span>
    </p>
   </div>
   <div class='ocr_carea' id='block_1_86' title="bbox 1816 2515 3396 2588">
    <p class='ocr_par' dir='ltr' id='par_1_86' title="bbox 1816 2515 3396 2588">
     <span class='ocr_line' id='line_1_86' title="bbox 1816 2515 3396 2588; baseline 0 -16"><span class='ocrx_word' id='word_1_685' title='bbox 1816 2532 1914 2588; x_wconf 89' lang='lat' dir='ltr'><strong>per</strong></span> <span class='ocrx_word' id='word_1_686' title='bbox 1937 2531 2226 2586; x_wconf 87' lang='lat' dir='ltr'><strong>corporcos</strong></span> <span class='ocrx_word' id='word_1_687' title='bbox 2263 2526 2438 2572; x_wconf 91' lang='lat' dir='ltr'><strong>motus</strong></span> <span class='ocrx_word' id='word_1_688' title='bbox 2459 2531 2579 2572; x_wconf 88' lang='lat' dir='ltr'><strong>sese</strong></span> <span class='ocrx_word' id='word_1_689' title='bbox 2604 2517 2802 2587; x_wconf 89' lang='lat' dir='ltr'><strong>prodit.</strong></span> <span class='ocrx_word' id='word_1_690' title='bbox 2828 2515 2936 2573; x_wconf 82' lang='lat' dir='ltr'><strong>Nec</strong></span> <span class='ocrx_word' id='word_1_691' title='bbox 2968 2518 3023 2572; x_wconf 91' lang='lat' dir='ltr'><strong>in</strong></span> <span class='ocrx_word' id='word_1_692' title='bbox 3042 2518 3396 2588; x_wconf 83' lang='lat' dir='ltr'><strong>arrogantiam</strong></span> 
     </span>
    </p>
   </div>
   <div class='ocr_carea' id='block_1_87' title="bbox 1817 2608 3394 2682">
    <p class='ocr_par' dir='ltr' id='par_1_87' title="bbox 1817 2608 3394 2682">
     <span class='ocr_line' id='line_1_87' title="bbox 1817 2608 3394 2682; baseline 0.003 -20"><span class='ocrx_word' id='word_1_693' title='bbox 1817 2609 2010 2673; x_wconf 90' lang='lat' dir='ltr'><strong>modo,</strong></span> <span class='ocrx_word' id='word_1_694' title='bbox 2062 2608 2155 2664; x_wconf 90' lang='lat' dir='ltr'><strong>sed</strong></span> <span class='ocrx_word' id='word_1_695' title='bbox 2201 2609 2361 2664; x_wconf 87' lang='lat' dir='ltr'><strong>etiam</strong></span> <span class='ocrx_word' id='word_1_696' title='bbox 2406 2609 2460 2665; x_wconf 91' lang='lat' dir='ltr'><strong>in</strong></span> <span class='ocrx_word' id='word_1_697' title='bbox 2502 2609 2776 2665; x_wconf 89' lang='lat' dir='ltr'><strong>lasciviam</strong></span> <span class='ocrx_word' id='word_1_698' title='bbox 2806 2610 2924 2667; x_wconf 86' lang='lat' dir='ltr'><strong>illas</strong></span> <span class='ocrx_word' id='word_1_699' title='bbox 2950 2610 3170 2682; x_wconf 85' lang='lat' dir='ltr'><strong>dejicit;</strong></span> <span class='ocrx_word' id='word_1_700' title='bbox 3217 2611 3394 2667; x_wconf 87' lang='lat' dir='ltr'><strong>hocin</strong></span> 
     </span>
    </p>
   </div>
   <div class='ocr_carea' id='block_1_88' title="bbox 1815 2700 3394 2774">
    <p class='ocr_par' dir='ltr' id='par_1_88' title="bbox 1815 2700 3394 2774">
     <span class='ocr_line' id='line_1_88' title="bbox 1815 2700 3394 2774; baseline 0.003 -20"><span class='ocrx_word' id='word_1_701' title='bbox 1815 2701 2159 2770; x_wconf 88' lang='lat' dir='ltr'><strong>sequentibus</strong></span> <span class='ocrx_word' id='word_1_702' title='bbox 2184 2700 2312 2756; x_wconf 91' lang='lat' dir='ltr'><strong>dicit</strong></span> <span class='ocrx_word' id='word_1_703' title='bbox 2338 2710 2393 2756; x_wconf 92' lang='lat' dir='ltr'><strong>et</strong></span> <span class='ocrx_word' id='word_1_704' title='bbox 2417 2701 2670 2756; x_wconf 88' lang='lat' dir='ltr'><strong>declarat.</strong></span> <span class='ocrx_word' id='word_1_705' title='bbox 2719 2701 2898 2773; x_wconf 87' lang='lat' dir='ltr'><strong>Pergit</strong></span> <span class='ocrx_word' id='word_1_706' title='bbox 2928 2703 3088 2774; x_wconf 83' lang='lat' dir='ltr'><strong>igitur</strong></span> <span class='ocrx_word' id='word_1_707' title='bbox 3118 2722 3131 2757; x_wconf 93' lang='lat'><strong>:</strong></span> <span class='ocrx_word' id='word_1_708' title='bbox 3160 2703 3229 2758; x_wconf 87' lang='lat' dir='ltr'><strong>Et</strong></span> <span class='ocrx_word' id='word_1_709' title='bbox 3255 2705 3394 2758; x_wconf 77' lang='lat' dir='ltr'><strong>nuti-</strong></span> 
     </span>
    </p>
   </div>
   <div class='ocr_carea' id='block_1_89' title="bbox 1814 2791 3393 2865">
    <p class='ocr_par' dir='ltr' id='par_1_89' title="bbox 1814 2791 3393 2865">
     <span class='ocr_line' id='line_1_89' title="bbox 1814 2791 3393 2865; baseline 0.002 -19"><span class='ocrx_word' id='word_1_710' title='bbox 1814 2791 1906 2846; x_wconf 86' lang='lat' dir='ltr'><strong>bus</strong></span> <span class='ocrx_word' id='word_1_711' title='bbox 1925 2791 2184 2846; x_wconf 87' lang='lat' dir='ltr'><strong>oculorum</strong></span> <span class='ocrx_word' id='word_1_712' title='bbox 2204 2834 2219 2858; x_wconf 96' lang='lat'><strong>,</strong></span> <span class='ocrx_word' id='word_1_713' title='bbox 2251 2792 2300 2847; x_wconf 95' lang='lat' dir='ltr'><strong>id</strong></span> <span class='ocrx_word' id='word_1_714' title='bbox 2339 2793 2478 2863; x_wconf 90' lang='lat' dir='ltr'><strong>quod</strong></span> <span class='ocrx_word' id='word_1_715' title='bbox 2503 2794 2824 2848; x_wconf 89' lang='lat' dir='ltr'><strong>amasiarum</strong></span> <span class='ocrx_word' id='word_1_716' title='bbox 2851 2795 3123 2865; x_wconf 91' lang='lat' dir='ltr'><strong>proprium</strong></span> <span class='ocrx_word' id='word_1_717' title='bbox 3146 2803 3258 2860; x_wconf 89' lang='lat' dir='ltr'><strong>est,</strong></span> <span class='ocrx_word' id='word_1_718' title='bbox 3297 2809 3393 2865; x_wconf 89' lang='lat' dir='ltr'><strong>pu-</strong></span> 
     </span>
    </p>
   </div>
   <div class='ocr_carea' id='block_1_90' title="bbox 1815 2883 3394 2954">
    <p class='ocr_par' dir='ltr' id='par_1_90' title="bbox 1815 2883 3394 2954">
     <span class='ocr_line' id='line_1_90' title="bbox 1815 2883 3394 2954; baseline 0.004 -18"><span class='ocrx_word' id='word_1_719' title='bbox 1815 2883 1968 2954; x_wconf 88' lang='lat' dir='ltr'><strong>pillas</strong></span> <span class='ocrx_word' id='word_1_720' title='bbox 1993 2893 2222 2950; x_wconf 89' lang='lat' dir='ltr'><strong>vertere,</strong></span> <span class='ocrx_word' id='word_1_721' title='bbox 2250 2884 2631 2954; x_wconf 88' lang='lat' dir='ltr'><strong>mollitiemque</strong></span> <span class='ocrx_word' id='word_1_722' title='bbox 2659 2885 2877 2941; x_wconf 89' lang='lat' dir='ltr'><strong>multam</strong></span> <span class='ocrx_word' id='word_1_723' title='bbox 2897 2895 2951 2941; x_wconf 91' lang='lat' dir='ltr'><strong>et</strong></span> <span class='ocrx_word' id='word_1_724' title='bbox 2979 2886 3249 2942; x_wconf 88' lang='lat' dir='ltr'><strong>lasciviam</strong></span> <span class='ocrx_word' id='word_1_725' title='bbox 3270 2886 3394 2942; x_wconf 87' lang='lat' dir='ltr'><strong>hinc</strong></span> 
     </span>
    </p>
   </div>
   <div class='ocr_carea' id='block_1_91' title="bbox 1811 2974 3395 3046">
    <p class='ocr_par' dir='ltr' id='par_1_91' title="bbox 1811 2974 3395 3046">
     <span class='ocr_line' id='line_1_91' title="bbox 1811 2974 3395 3046; baseline 0.001 -14"><span class='ocrx_word' id='word_1_726' title='bbox 1811 2974 2148 3046; x_wconf 79' lang='lat' dir='ltr'><strong>exprimere;</strong></span> <span class='ocrx_word' id='word_1_727' title='bbox 2198 2977 2440 3032; x_wconf 89' lang='lat' dir='ltr'><strong>mollitiei</strong></span> <span class='ocrx_word' id='word_1_728' title='bbox 2466 2987 2642 3032; x_wconf 89' lang='lat' dir='ltr'><strong>autem</strong></span> <span class='ocrx_word' id='word_1_729' title='bbox 2680 2993 2744 3032; x_wconf 88' lang='lat' dir='ltr'><strong>ac</strong></span> <span class='ocrx_word' id='word_1_730' title='bbox 2786 2977 3017 3033; x_wconf 77' lang='lat' dir='ltr'><strong>lascivia:</strong></span> <span class='ocrx_word' id='word_1_731' title='bbox 3057 2979 3260 3033; x_wconf 92' lang='lat' dir='ltr'><strong>nullum</strong></span> <span class='ocrx_word' id='word_1_732' title='bbox 3291 2978 3395 3034; x_wconf 90' lang='lat' dir='ltr'><strong>hoc</strong></span> 
     </span>
    </p>
   </div>
   <div class='ocr_carea' id='block_1_92' title="bbox 1813 3065 3394 3136">
    <p class='ocr_par' dir='ltr' id='par_1_92' title="bbox 1813 3065 3394 3136">
     <span class='ocr_line' id='line_1_92' title="bbox 1813 3065 3394 3136; baseline 0.001 -15"><span class='ocrx_word' id='word_1_733' title='bbox 1813 3066 1984 3135; x_wconf 89' lang='lat' dir='ltr'><strong>majus</strong></span> <span class='ocrx_word' id='word_1_734' title='bbox 2023 3065 2273 3120; x_wconf 89' lang='lat' dir='ltr'><strong>indicium</strong></span> <span class='ocrx_word' id='word_1_735' title='bbox 2319 3065 2560 3120; x_wconf 90' lang='lat' dir='ltr'><strong>habetur.</strong></span> <span class='ocrx_word' id='word_1_736' title='bbox 2610 3065 2678 3119; x_wconf 85' lang='lat' dir='ltr'><strong>Et</strong></span> <span class='ocrx_word' id='word_1_737' title='bbox 2707 3067 2905 3121; x_wconf 84' lang='lat' dir='ltr'><strong>incessu</strong></span> <span class='ocrx_word' id='word_1_738' title='bbox 2933 3067 3115 3136; x_wconf 84' lang='lat' dir='ltr'><strong>pedum</strong></span> <span class='ocrx_word' id='word_1_739' title='bbox 3143 3069 3394 3122; x_wconf 73' lang='lat' dir='ltr'><strong>trahentes</strong></span> 
     </span>
    </p>
   </div>
   <div class='ocr_carea' id='block_1_93' title="bbox 1811 3155 3390 3226">
    <p class='ocr_par' dir='ltr' id='par_1_93' title="bbox 1811 3155 3390 3226">
     <span class='ocr_line' id='line_1_93' title="bbox 1811 3155 3390 3226; baseline 0 -14"><span class='ocrx_word' id='word_1_740' title='bbox 1811 3157 1962 3212; x_wconf 84' lang='lat' dir='ltr'><strong>simul</strong></span> <span class='ocrx_word' id='word_1_741' title='bbox 1990 3157 2203 3210; x_wconf 86' lang='lat' dir='ltr'><strong>tunicas.</strong></span> <span class='ocrx_word' id='word_1_742' title='bbox 2235 3155 2350 3211; x_wconf 90' lang='lat' dir='ltr'><strong>Non</strong></span> <span class='ocrx_word' id='word_1_743' title='bbox 2372 3157 2558 3226; x_wconf 82' lang='lat' dir='ltr'><strong>exigua</strong></span> <span class='ocrx_word' id='word_1_744' title='bbox 2582 3157 2696 3211; x_wconf 62' lang='lat' dir='ltr'><strong>haec</strong></span> <span class='ocrx_word' id='word_1_745' title='bbox 2714 3165 2800 3211; x_wconf 88' lang='lat' dir='ltr'><strong>est</strong></span> <span class='ocrx_word' id='word_1_746' title='bbox 2815 3157 3121 3212; x_wconf 89' lang='lat' dir='ltr'><strong>criminatio</strong></span> <span class='ocrx_word' id='word_1_747' title='bbox 3141 3199 3156 3223; x_wconf 97' lang='lat'><strong>,</strong></span> <span class='ocrx_word' id='word_1_748' title='bbox 3183 3158 3390 3213; x_wconf 82' lang='lat' dir='ltr'><strong>etiamsi</strong></span> 
     </span>
    </p>
   </div>
   <div class='ocr_carea' id='block_1_94' title="bbox 1812 3247 3390 3318">
    <p class='ocr_par' dir='ltr' id='par_1_94' title="bbox 1812 3247 3390 3318">
     <span class='ocr_line' id='line_1_94' title="bbox 1812 3247 3390 3318; baseline 0 -16"><span class='ocrx_word' id='word_1_749' title='bbox 1812 3263 1974 3318; x_wconf 89' lang='lat' dir='ltr'><strong>parva</strong></span> <span class='ocrx_word' id='word_1_750' title='bbox 2003 3247 2246 3302; x_wconf 88' lang='lat' dir='ltr'><strong>videatur</strong></span> <span class='ocrx_word' id='word_1_751' title='bbox 2273 3262 2392 3302; x_wconf 90' lang='lat' dir='ltr'><strong>esse</strong></span> <span class='ocrx_word' id='word_1_752' title='bbox 2415 3287 2432 3314; x_wconf 95' lang='lat'><strong>,</strong></span> <span class='ocrx_word' id='word_1_753' title='bbox 2476 3247 2572 3302; x_wconf 88' lang='lat' dir='ltr'><strong>sed</strong></span> <span class='ocrx_word' id='word_1_754' title='bbox 2611 3257 2866 3301; x_wconf 77' lang='lat' dir='ltr'><strong>extrema:</strong></span> <span class='ocrx_word' id='word_1_755' title='bbox 2903 3257 2986 3302; x_wconf 89' lang='lat' dir='ltr'><strong>est</strong></span> <span class='ocrx_word' id='word_1_756' title='bbox 3033 3248 3390 3316; x_wconf 89' lang='lat' dir='ltr'><strong>corruptionis</strong></span> 
     </span>
    </p>
   </div>
   <div class='ocr_carea' id='block_1_95' title="bbox 1811 3333 3388 3411">
    <p class='ocr_par' dir='ltr' id='par_1_95' title="bbox 1811 3333 3388 3411">
     <span class='ocr_line' id='line_1_95' title="bbox 1811 3333 3388 3411; baseline -0.003 -18"><span class='ocrx_word' id='word_1_757' title='bbox 1811 3333 2179 3410; x_wconf 83' lang='lat' dir='ltr'><strong>argumentum</strong></span> <span class='ocrx_word' id='word_1_758' title='bbox 2194 3381 2210 3408; x_wconf 95' lang='lat'><strong>,</strong></span> <span class='ocrx_word' id='word_1_759' title='bbox 2236 3339 2472 3396; x_wconf 91' lang='lat' dir='ltr'><strong>mollitiei</strong></span> <span class='ocrx_word' id='word_1_760' title='bbox 2495 3355 2705 3411; x_wconf 88' lang='lat' dir='ltr'><strong>nempe,</strong></span> <span class='ocrx_word' id='word_1_761' title='bbox 2731 3340 2978 3406; x_wconf 63' lang='lat' dir='ltr'><strong>lasciviae,</strong></span> <span class='ocrx_word' id='word_1_762' title='bbox 2999 3336 3388 3400; x_wconf 87' lang='lat' dir='ltr'><strong>dissolutionis,</strong></span> 
     </span>
    </p>
   </div>
   <div class='ocr_carea' id='block_1_96' title="bbox 1814 3432 3390 3504">
    <p class='ocr_par' dir='ltr' id='par_1_96' title="bbox 1814 3432 3390 3504">
     <span class='ocr_line' id='line_1_96' title="bbox 1814 3432 3390 3504; baseline -0.001 -16"><span class='ocrx_word' id='word_1_763' title='bbox 1814 3435 1986 3488; x_wconf 84' lang='lat' dir='ltr'><strong>tunica</strong></span> <span class='ocrx_word' id='word_1_764' title='bbox 2019 3432 2284 3488; x_wconf 82' lang='lat' dir='ltr'><strong>diffluens.</strong></span> <span class='ocrx_word' id='word_1_765' title='bbox 2335 3432 2449 3489; x_wconf 84' lang='lat' dir='ltr'><strong>Hoc</strong></span> <span class='ocrx_word' id='word_1_766' title='bbox 2482 3442 2796 3488; x_wconf 77' lang='lat' dir='ltr'><strong>exterorum</strong></span> <span class='ocrx_word' id='word_1_767' title='bbox 2837 3433 3098 3504; x_wconf 90' lang='lat' dir='ltr'><strong>quispiam</strong></span> <span class='ocrx_word' id='word_1_768' title='bbox 3141 3433 3390 3488; x_wconf 82' lang='lat' dir='ltr'><strong>adversa-</strong></span> 
     </span>
    </p>
   </div>
   <div class='ocr_carea' id='block_1_97' title="bbox 1811 3523 3389 3594">
    <p class='ocr_par' dir='ltr' id='par_1_97' title="bbox 1811 3523 3389 3594">
     <span class='ocr_line' id='line_1_97' title="bbox 1811 3523 3389 3594; baseline -0.002 -13"><span class='ocrx_word' id='word_1_769' title='bbox 1811 3526 1947 3581; x_wconf 87' lang='lat' dir='ltr'><strong>rium</strong></span> <span class='ocrx_word' id='word_1_770' title='bbox 1970 3540 2123 3580; x_wconf 88' lang='lat' dir='ltr'><strong>suum</strong></span> <span class='ocrx_word' id='word_1_771' title='bbox 2147 3524 2426 3580; x_wconf 85' lang='lat' dir='ltr'><strong>traducens</strong></span> <span class='ocrx_word' id='word_1_772' title='bbox 2455 3523 2532 3580; x_wconf 91' lang='lat' dir='ltr'><strong>sic</strong></span> <span class='ocrx_word' id='word_1_773' title='bbox 2557 3525 2817 3594; x_wconf 81' lang='lat' dir='ltr'><strong>expressit</strong></span> <span class='ocrx_word' id='word_1_774' title='bbox 2844 3540 2857 3577; x_wconf 88' lang='lat'><strong>:</strong></span> <span class='ocrx_word' id='word_1_775' title='bbox 2884 3523 3110 3579; x_wconf 85' lang='lat' dir='ltr'><strong>Pallium</strong></span> <span class='ocrx_word' id='word_1_776' title='bbox 3130 3525 3389 3579; x_wconf 82' lang='lat' dir='ltr'><strong>demitteus</strong></span> 
     </span>
    </p>
   </div>
   <div class='ocr_carea' id='block_1_98' title="bbox 1810 3613 3390 3687">
    <p class='ocr_par' dir='ltr' id='par_1_98' title="bbox 1810 3613 3390 3687">
     <span class='ocr_line' id='line_1_98' title="bbox 1810 3613 3390 3687; baseline -0.002 -16"><span class='ocrx_word' id='word_1_777' title='bbox 1810 3634 1966 3687; x_wconf 86' lang='lat' dir='ltr'><strong>usque</strong></span> <span class='ocrx_word' id='word_1_778' title='bbox 1994 3617 2060 3670; x_wconf 88' lang='lat' dir='ltr'><strong>ad</strong></span> <span class='ocrx_word' id='word_1_779' title='bbox 2084 3616 2212 3670; x_wconf 86' lang='lat' dir='ltr'><strong>talos</strong></span> <span class='ocrx_word' id='word_1_780' title='bbox 2244 3615 2340 3686; x_wconf 90' lang='lat' dir='ltr'><strong>(b).</strong></span> <span class='ocrx_word' id='word_1_781' title='bbox 2388 3615 2651 3686; x_wconf 83' lang='lat' dir='ltr'><strong>Simulque</strong></span> <span class='ocrx_word' id='word_1_782' title='bbox 2683 3615 2888 3687; x_wconf 84' lang='lat' dir='ltr'><strong>pedibus</strong></span> <span class='ocrx_word' id='word_1_783' title='bbox 2923 3616 3168 3670; x_wconf 84' lang='lat' dir='ltr'><strong>ludentes.</strong></span> <span class='ocrx_word' id='word_1_784' title='bbox 3197 3615 3262 3670; x_wconf 86' lang='lat' dir='ltr'><strong>Et</strong></span> <span class='ocrx_word' id='word_1_785' title='bbox 3288 3613 3390 3669; x_wconf 87' lang='lat' dir='ltr'><strong>hoc</strong></span> 
     </span>
    </p>
   </div>
   <div class='ocr_carea' id='block_1_99' title="bbox 1810 3705 3390 3776">
    <p class='ocr_par' dir='ltr' id='par_1_99' title="bbox 1810 3705 3390 3776">
     <span class='ocr_line' id='line_1_99' title="bbox 1810 3705 3390 3776; baseline -0.001 -14"><span class='ocrx_word' id='word_1_786' title='bbox 1810 3724 2019 3762; x_wconf 78' lang='lat' dir='ltr'><strong>rursum</strong></span> <span class='ocrx_word' id='word_1_787' title='bbox 2050 3707 2286 3776; x_wconf 82' lang='lat' dir='ltr'><strong>ejusdem</strong></span> <span class='ocrx_word' id='word_1_788' title='bbox 2329 3706 2670 3776; x_wconf 90' lang='lat' dir='ltr'><strong>turpitudinis</strong></span> <span class='ocrx_word' id='word_1_789' title='bbox 2709 3705 3092 3762; x_wconf 88' lang='lat' dir='ltr'><strong>demonstratio</strong></span> <span class='ocrx_word' id='word_1_790' title='bbox 3129 3716 3231 3762; x_wconf 90' lang='lat' dir='ltr'><strong>est.</strong></span> <span class='ocrx_word' id='word_1_791' title='bbox 3286 3707 3390 3761; x_wconf 86' lang='lat' dir='ltr'><strong>Per</strong></span> 
     </span>
    </p>
   </div>
   <div class='ocr_carea' id='block_1_100' title="bbox 1812 3796 3388 3866">
    <p class='ocr_par' dir='ltr' id='par_1_100' title="bbox 1812 3796 3388 3866">
     <span class='ocr_line' id='line_1_100' title="bbox 1812 3796 3388 3866; baseline -0.001 -16"><span class='ocrx_word' id='word_1_792' title='bbox 1812 3797 1926 3853; x_wconf 81' lang='lat' dir='ltr'><strong>lm-c</strong></span> <span class='ocrx_word' id='word_1_793' title='bbox 1952 3798 2092 3852; x_wconf 92' lang='lat' dir='ltr'><strong>enim</strong></span> <span class='ocrx_word' id='word_1_794' title='bbox 2138 3797 2311 3852; x_wconf 89' lang='lat' dir='ltr'><strong>omnia</strong></span> <span class='ocrx_word' id='word_1_795' title='bbox 2333 3838 2346 3861; x_wconf 93' lang='lat'><strong>,</strong></span> <span class='ocrx_word' id='word_1_796' title='bbox 2404 3811 2498 3865; x_wconf 90' lang='lat' dir='ltr'><strong>per</strong></span> <span class='ocrx_word' id='word_1_797' title='bbox 2524 3796 2740 3859; x_wconf 92' lang='lat' dir='ltr'><strong>oculos,</strong></span> <span class='ocrx_word' id='word_1_798' title='bbox 2783 3812 2878 3866; x_wconf 90' lang='lat' dir='ltr'><strong>per</strong></span> <span class='ocrx_word' id='word_1_799' title='bbox 2909 3797 3250 3862; x_wconf 82' lang='lat' dir='ltr'><strong>vestimenta,</strong></span> <span class='ocrx_word' id='word_1_800' title='bbox 3295 3811 3388 3865; x_wconf 90' lang='lat' dir='ltr'><strong>per</strong></span> 
     </span>
    </p>
   </div>
   <div class='ocr_carea' id='block_1_101' title="bbox 1810 3888 3386 3963">
    <p class='ocr_par' dir='ltr' id='par_1_101' title="bbox 1810 3888 3386 3963">
     <span class='ocr_line' id='line_1_101' title="bbox 1810 3888 3386 3963; baseline -0.003 -17"><span class='ocrx_word' id='word_1_801' title='bbox 1810 3893 1971 3963; x_wconf 82' lang='lat' dir='ltr'><strong>pedes</strong></span> <span class='ocrx_word' id='word_1_802' title='bbox 1996 3934 2010 3958; x_wconf 97' lang='lat'><strong>,</strong></span> <span class='ocrx_word' id='word_1_803' title='bbox 2045 3907 2139 3960; x_wconf 89' lang='lat' dir='ltr'><strong>per</strong></span> <span class='ocrx_word' id='word_1_804' title='bbox 2167 3889 2432 3945; x_wconf 81' lang='lat' dir='ltr'><strong>incessum</strong></span> <span class='ocrx_word' id='word_1_805' title='bbox 2458 3930 2474 3954; x_wconf 93' lang='lat'><strong>,</strong></span> <span class='ocrx_word' id='word_1_806' title='bbox 2519 3904 2612 3943; x_wconf 86' lang='lat' dir='ltr'><strong>seu</strong></span> <span class='ocrx_word' id='word_1_807' title='bbox 2641 3889 2857 3943; x_wconf 87' lang='lat' dir='ltr'><strong>castitas</strong></span> <span class='ocrx_word' id='word_1_808' title='bbox 2888 3904 2985 3942; x_wconf 89' lang='lat' dir='ltr'><strong>seu</strong></span> <span class='ocrx_word' id='word_1_809' title='bbox 3027 3888 3238 3943; x_wconf 87' lang='lat' dir='ltr'><strong>lascivia</strong></span> <span class='ocrx_word' id='word_1_810' title='bbox 3266 3901 3386 3942; x_wconf 85' lang='lat' dir='ltr'><strong>sese</strong></span> 
     </span>
    </p>
   </div>
   <div class='ocr_carea' id='block_1_102' title="bbox 1810 3980 3390 4054">
    <p class='ocr_par' dir='ltr' id='par_1_102' title="bbox 1810 3980 3390 4054">
     <span class='ocr_line' id='line_1_102' title="bbox 1810 3980 3390 4054; baseline -0.003 -17"><span class='ocrx_word' id='word_1_811' title='bbox 1810 3983 2007 4054; x_wconf 90' lang='lat' dir='ltr'><strong>prodit.</strong></span> <span class='ocrx_word' id='word_1_812' title='bbox 2053 3983 2183 4037; x_wconf 85' lang='lat' dir='ltr'><strong>Nam</strong></span> <span class='ocrx_word' id='word_1_813' title='bbox 2227 3982 2368 4036; x_wconf 89' lang='lat' dir='ltr'><strong>intus</strong></span> <span class='ocrx_word' id='word_1_814' title='bbox 2412 3980 2649 4036; x_wconf 90' lang='lat' dir='ltr'><strong>sedentis</strong></span> <span class='ocrx_word' id='word_1_815' title='bbox 2687 3980 2878 4035; x_wconf 79' lang='lat' dir='ltr'><strong>anima:</strong></span> <span class='ocrx_word' id='word_1_816' title='bbox 2922 3994 3172 4034; x_wconf 89' lang='lat' dir='ltr'><strong>sensuum</strong></span> <span class='ocrx_word' id='word_1_817' title='bbox 3214 3989 3390 4033; x_wconf 91' lang='lat' dir='ltr'><strong>motus</strong></span> 
     </span>
    </p>
   </div>
   <div class='ocr_carea' id='block_1_103' title="bbox 1809 4070 3386 4145">
    <p class='ocr_par' dir='ltr' id='par_1_103' title="bbox 1809 4070 3386 4145">
     <span class='ocr_line' id='line_1_103' title="bbox 1809 4070 3386 4145; baseline -0.003 -17"><span class='ocrx_word' id='word_1_818' title='bbox 1809 4075 1958 4145; x_wconf 88' lang='lat' dir='ltr'><strong>quasi</strong></span> <span class='ocrx_word' id='word_1_819' title='bbox 2003 4089 2274 4145; x_wconf 83' lang='lat' dir='ltr'><strong>praecones</strong></span> <span class='ocrx_word' id='word_1_820' title='bbox 2301 4073 2516 4144; x_wconf 90' lang='lat' dir='ltr'><strong>quidam</strong></span> <span class='ocrx_word' id='word_1_821' title='bbox 2547 4081 2690 4127; x_wconf 90' lang='lat' dir='ltr'><strong>sunt.</strong></span> <span class='ocrx_word' id='word_1_822' title='bbox 2724 4074 2800 4126; x_wconf 83' lang='lat' dir='ltr'><strong>Ac</strong></span> <span class='ocrx_word' id='word_1_823' title='bbox 2824 4070 3269 4142; x_wconf 87' lang='lat' dir='ltr'><strong>quemadmodum</strong></span> <span class='ocrx_word' id='word_1_824' title='bbox 3303 4071 3386 4138; x_wconf 90' lang='lat' dir='ltr'><strong>pi-</strong></span> 
     </span>
    </p>
   </div>
   <div class='ocr_carea' id='block_1_104' title="bbox 1810 4163 3386 4236">
    <p class='ocr_par' dir='ltr' id='par_1_104' title="bbox 1810 4163 3386 4236">
     <span class='ocr_line' id='line_1_104' title="bbox 1810 4163 3386 4236; baseline -0.005 -12"><span class='ocrx_word' id='word_1_825' title='bbox 1810 4179 1985 4224; x_wconf 87' lang='lat' dir='ltr'><strong>ctores</strong></span> <span class='ocrx_word' id='word_1_826' title='bbox 2005 4168 2214 4223; x_wconf 91' lang='lat' dir='ltr'><strong>colores</strong></span> <span class='ocrx_word' id='word_1_827' title='bbox 2235 4166 2494 4236; x_wconf 88' lang='lat' dir='ltr'><strong>quosdam</strong></span> <span class='ocrx_word' id='word_1_828' title='bbox 2517 4166 2822 4226; x_wconf 86' lang='lat' dir='ltr'><strong>miscentes,</strong></span> <span class='ocrx_word' id='word_1_829' title='bbox 2855 4163 3112 4232; x_wconf 87' lang='lat' dir='ltr'><strong>imagines</strong></span> <span class='ocrx_word' id='word_1_830' title='bbox 3139 4178 3272 4232; x_wconf 85' lang='lat' dir='ltr'><strong>quas</strong></span> <span class='ocrx_word' id='word_1_831' title='bbox 3296 4178 3386 4216; x_wconf 89' lang='lat' dir='ltr'><strong>vo-</strong></span> 
     </span>
    </p>
   </div>
   <div class='ocr_carea' id='block_1_105' title="bbox 1809 4253 3385 4330">
    <p class='ocr_par' dir='ltr' id='par_1_105' title="bbox 1809 4253 3385 4330">
     <span class='ocr_line' id='line_1_105' title="bbox 1809 4253 3385 4330; baseline -0.006 -15"><span class='ocrx_word' id='word_1_832' title='bbox 1809 4263 1924 4316; x_wconf 89' lang='lat' dir='ltr'><strong>lunt</strong></span> <span class='ocrx_word' id='word_1_833' title='bbox 1951 4259 2255 4330; x_wconf 83' lang='lat' dir='ltr'><strong>exprimunt</strong></span> <span class='ocrx_word' id='word_1_834' title='bbox 2289 4273 2305 4312; x_wconf 86' lang='lat'><strong>:</strong></span> <span class='ocrx_word' id='word_1_835' title='bbox 2340 4258 2418 4312; x_wconf 87' lang='lat' dir='ltr'><strong>sic</strong></span> <span class='ocrx_word' id='word_1_836' title='bbox 2443 4265 2497 4312; x_wconf 88' lang='lat' dir='ltr'><strong>ct</strong></span> <span class='ocrx_word' id='word_1_837' title='bbox 2522 4265 2696 4311; x_wconf 90' lang='lat' dir='ltr'><strong>motus</strong></span> <span class='ocrx_word' id='word_1_838' title='bbox 2727 4255 3093 4310; x_wconf 90' lang='lat' dir='ltr'><strong>membrorum</strong></span> <span class='ocrx_word' id='word_1_839' title='bbox 3121 4253 3385 4323; x_wconf 89' lang='lat' dir='ltr'><strong>corporis,</strong></span> 
     </span>
    </p>
   </div>
   <div class='ocr_carea' id='block_1_106' title="bbox 1809 4343 3386 4419">
    <p class='ocr_par' dir='ltr' id='par_1_106' title="bbox 1809 4343 3386 4419">
     <span class='ocr_line' id='line_1_106' title="bbox 1809 4343 3386 4419; baseline -0.005 -12"><span class='ocrx_word' id='word_1_840' title='bbox 1809 4353 1970 4407; x_wconf 85' lang='lat' dir='ltr'><strong>animi</strong></span> <span class='ocrx_word' id='word_1_841' title='bbox 2000 4352 2338 4406; x_wconf 87' lang='lat' dir='ltr'><strong>characteres</strong></span> <span class='ocrx_word' id='word_1_842' title='bbox 2365 4349 2508 4404; x_wconf 89' lang='lat' dir='ltr'><strong>foras</strong></span> <span class='ocrx_word' id='word_1_843' title='bbox 2544 4356 2865 4419; x_wconf 75' lang='lat' dir='ltr'><strong>expromunt</strong></span> <span class='ocrx_word' id='word_1_844' title='bbox 2890 4388 2906 4412; x_wconf 91' lang='lat'><strong>,</strong></span> <span class='ocrx_word' id='word_1_845' title='bbox 2955 4355 3008 4400; x_wconf 90' lang='lat' dir='ltr'><strong>et</strong></span> <span class='ocrx_word' id='word_1_846' title='bbox 3047 4354 3172 4399; x_wconf 89' lang='lat' dir='ltr'><strong>ante</strong></span> <span class='ocrx_word' id='word_1_847' title='bbox 3200 4343 3386 4399; x_wconf 87' lang='lat' dir='ltr'><strong>oculos</strong></span> 
     </span>
    </p>
   </div>
   <div class='ocr_carea' id='block_1_107' title="bbox 1809 4438 3388 4514">
    <p class='ocr_par' dir='ltr' id='par_1_107' title="bbox 1809 4438 3388 4514">
     <span class='ocr_line' id='line_1_107' title="bbox 1809 4438 3388 4514; baseline -0.006 -14"><span class='ocrx_word' id='word_1_848' title='bbox 1809 4449 2019 4501; x_wconf 78' lang='lat' dir='ltr'><strong>nostrds</strong></span> <span class='ocrx_word' id='word_1_849' title='bbox 2062 4453 2286 4514; x_wconf 89' lang='lat' dir='ltr'><strong>ponunt.</strong></span> <span class='ocrx_word' id='word_1_850' title='bbox 2337 4441 2694 4511; x_wconf 82' lang='lat' dir='ltr'><strong>Quamobrem</strong></span> <span class='ocrx_word' id='word_1_851' title='bbox 2725 4441 2858 4495; x_wconf 90' lang='lat' dir='ltr'><strong>alius</strong></span> <span class='ocrx_word' id='word_1_852' title='bbox 2886 4439 3148 4510; x_wconf 89' lang='lat' dir='ltr'><strong>quispiam</strong></span> <span class='ocrx_word' id='word_1_853' title='bbox 3173 4438 3388 4507; x_wconf 89' lang='lat' dir='ltr'><strong>sapiens</strong></span> 
     </span>
    </p>
   </div>
   <div class='ocr_carea' id='block_1_108' title="bbox 1809 4531 3390 4599">
    <p class='ocr_par' dir='ltr' id='par_1_108' title="bbox 1809 4531 3390 4599">
     <span class='ocr_line' id='line_1_108' title="bbox 1809 4531 3390 4599; baseline -0.005 -8"><span class='ocrx_word' id='word_1_854' title='bbox 1809 4536 2018 4592; x_wconf 89' lang='lat' dir='ltr'><strong>dicebat</strong></span> <span class='ocrx_word' id='word_1_855' title='bbox 2045 4551 2058 4588; x_wconf 92' lang='lat'><strong>:</strong></span> <span class='ocrx_word' id='word_1_856' title='bbox 2081 4535 2306 4589; x_wconf 83' lang='lat' dir='ltr'><strong>Amictus</strong></span> <span class='ocrx_word' id='word_1_857' title='bbox 2335 4534 2446 4599; x_wconf 84' lang='lat' dir='ltr'><strong>viri,</strong></span> <span class='ocrx_word' id='word_1_858' title='bbox 2476 4543 2524 4588; x_wconf 90' lang='lat' dir='ltr'><strong>et</strong></span> <span class='ocrx_word' id='word_1_859' title='bbox 2549 4534 2678 4587; x_wconf 86' lang='lat' dir='ltr'><strong>risus</strong></span> <span class='ocrx_word' id='word_1_860' title='bbox 2705 4532 2949 4599; x_wconf 88' lang='lat' dir='ltr'><strong>dentium,</strong></span> <span class='ocrx_word' id='word_1_861' title='bbox 2981 4541 3026 4584; x_wconf 87' lang='lat' dir='ltr'><strong>et</strong></span> <span class='ocrx_word' id='word_1_862' title='bbox 3053 4531 3272 4584; x_wconf 87' lang='lat' dir='ltr'><strong>incessus</strong></span> <span class='ocrx_word' id='word_1_863' title='bbox 3303 4544 3390 4597; x_wconf 81' lang='lat' dir='ltr'><strong>ps-</strong></span> 
     </span>
    </p>
   </div>
   <div class='ocr_carea' id='block_1_109' title="bbox 1810 4622 3383 4695">
    <p class='ocr_par' dir='ltr' id='par_1_109' title="bbox 1810 4622 3383 4695">
     <span class='ocr_line' id='line_1_109' title="bbox 1810 4622 3383 4695; baseline -0.005 -13"><span class='ocrx_word' id='word_1_864' title='bbox 1810 4627 1892 4682; x_wconf 90' lang='lat' dir='ltr'><strong>dis</strong></span> <span class='ocrx_word' id='word_1_865' title='bbox 1913 4634 2229 4680; x_wconf 86' lang='lat' dir='ltr'><strong>annunttant</strong></span> <span class='ocrx_word' id='word_1_866' title='bbox 2244 4639 2361 4695; x_wconf 79' lang='lat' dir='ltr'><strong>qua:</strong></span> <span class='ocrx_word' id='word_1_867' title='bbox 2386 4624 2456 4676; x_wconf 87' lang='lat' dir='ltr'><strong>ad</strong></span> <span class='ocrx_word' id='word_1_868' title='bbox 2477 4624 2648 4691; x_wconf 88' lang='lat' dir='ltr'><strong>ipsum</strong></span> <span class='ocrx_word' id='word_1_869' title='bbox 2667 4630 2921 4690; x_wconf 89' lang='lat' dir='ltr'><strong>spectant.</strong></span> <span class='ocrx_word' id='word_1_870' title='bbox 2945 4622 3130 4692; x_wconf 83' lang='lat' dir='ltr'><strong>(Eccli.</strong></span> <span class='ocrx_word' id='word_1_871' title='bbox 3157 4623 3240 4677; x_wconf 87' lang='grc'><strong>19.</strong></span> <span class='ocrx_word' id='word_1_872' title='bbox 3267 4624 3383 4692; x_wconf 71' lang='lat'><strong>27.)</strong></span> 
     </span>
    </p>
   </div>
   <div class='ocr_carea' id='block_1_110' title="bbox 1895 4770 3255 4837">
    <p class='ocr_par' dir='ltr' id='par_1_110' title="bbox 1895 4770 3255 4837">
     <span class='ocr_line' id='line_1_110' title="bbox 1895 4770 3255 4837; baseline -0.007 -12"><span class='ocrx_word' id='word_1_873' title='bbox 1895 4773 1946 4837; x_wconf 83' lang='grc' dir='ltr'><strong>η)</strong></span> <span class='ocrx_word' id='word_1_874' title='bbox 1969 4775 2062 4824; x_wconf 82' lang='lat' dir='ltr'><strong>Hic</strong></span> <span class='ocrx_word' id='word_1_875' title='bbox 2083 4775 2208 4837; x_wconf 85' lang='lat' dir='ltr'><strong>Reg.</strong></span> <span class='ocrx_word' id='word_1_876' title='bbox 2232 4770 2488 4835; x_wconf 68' lang='lat' dir='ltr'><strong>subiungit</strong></span> <span class='ocrx_word' id='word_1_877' title='bbox 2509 4776 2673 4837; x_wconf 66' lang='lat' dir='ltr'><strong>totum</strong></span> <span class='ocrx_word' id='word_1_878' title='bbox 2686 4774 2834 4831; x_wconf 84' lang='lat' dir='ltr'><strong>caput</strong></span> <span class='ocrx_word' id='word_1_879' title='bbox 2853 4776 3080 4837; x_wconf 73' lang='lat' dir='ltr'><strong>quartum</strong></span> <span class='ocrx_word' id='word_1_880' title='bbox 3105 4771 3255 4818; x_wconf 68' lang='lat' dir='ltr'><strong>lsaiaa.</strong></span> 
     </span>
    </p>
   </div>
   <div class='ocr_carea' id='block_1_111' title="bbox 1899 4830 3387 4891">
    <p class='ocr_par' dir='ltr' id='par_1_111' title="bbox 1899 4830 3387 4891">
     <span class='ocr_line' id='line_1_111' title="bbox 1899 4830 3387 4891; baseline -0.005 -5"><span class='ocrx_word' id='word_1_881' title='bbox 1899 4830 1948 4891; x_wconf 66' lang='lat' dir='ltr'><strong>bi</strong></span> <span class='ocrx_word' id='word_1_882' title='bbox 1975 4837 2026 4884; x_wconf 92' lang='lat' dir='ltr'><strong>ln</strong></span> <span class='ocrx_word' id='word_1_883' title='bbox 2049 4830 2186 4885; x_wconf 67' lang='lat' dir='ltr'><strong>hunc</strong></span> <span class='ocrx_word' id='word_1_884' title='bbox 2199 4830 2358 4884; x_wconf 85' lang='lat' dir='ltr'><strong>locum</strong></span> <span class='ocrx_word' id='word_1_885' title='bbox 2381 4830 2519 4882; x_wconf 61' lang='lat' dir='ltr'><strong>tuitat</strong></span> <span class='ocrx_word' id='word_1_886' title='bbox 2545 4830 2891 4891; x_wconf 32' lang='lat' dir='ltr'><strong>Boisius’apud</strong></span> <span class='ocrx_word' id='word_1_887' title='bbox 2911 4831 3146 4879; x_wconf 69' lang='lat' dir='ltr'><strong>Sarillum</strong></span> <span class='ocrx_word' id='word_1_888' title='bbox 3179 4845 3190 4879; x_wconf 93' lang='lat'>:</span> <span class='ocrx_word' id='word_1_889' title='bbox 3225 4845 3243 4877; x_wconf 76' lang='grc' dir='ltr'>ι</span> <span class='ocrx_word' id='word_1_890' title='bbox 3277 4831 3387 4891; x_wconf 76' lang='lat' dir='ltr'><strong>Ipse</strong></span> 
     </span>
    </p>
   </div>
   <div class='ocr_carea' id='block_1_112' title="bbox 1810 4890 3386 4952">
    <p class='ocr_par' dir='ltr' id='par_1_112' title="bbox 1810 4890 3386 4952">
     <span class='ocr_line' id='line_1_112' title="bbox 1810 4890 3386 4952; baseline -0.007 -4"><span class='ocrx_word' id='word_1_891' title='bbox 1810 4890 1950 4948; x_wconf 57' lang='lat' dir='ltr'><strong>latius</strong></span> <span class='ocrx_word' id='word_1_892' title='bbox 1971 4898 2184 4946; x_wconf 90' lang='lat' dir='ltr'><strong>nondum</strong></span> <span class='ocrx_word' id='word_1_893' title='bbox 2203 4897 2435 4950; x_wconf 84' lang='lat' dir='ltr'><strong>occurrit.</strong></span> <span class='ocrx_word' id='word_1_894' title='bbox 2461 4907 2555 4942; x_wconf 90' lang='lat' dir='ltr'><strong>nec</strong></span> <span class='ocrx_word' id='word_1_895' title='bbox 2585 4898 2722 4942; x_wconf 85' lang='lat' dir='ltr'><strong>vacat</strong></span> <span class='ocrx_word' id='word_1_896' title='bbox 2746 4890 2872 4940; x_wconf 88' lang='lat' dir='ltr'><strong>nunc</strong></span> <span class='ocrx_word' id='word_1_897' title='bbox 2895 4904 3122 4952; x_wconf 67' lang='lat' dir='ltr'><strong>quwrere</strong></span> <span class='ocrx_word' id='word_1_898' title='bbox 3151 4905 3162 4939; x_wconf 86' lang='lat'><strong>:</strong></span> <span class='ocrx_word' id='word_1_899' title='bbox 3189 4890 3386 4941; x_wconf 78' lang='lat' dir='ltr'><strong>similli-</strong></span> 
     </span>
    </p>
   </div>
   <div class='ocr_carea' id='block_1_113' title="bbox 1810 4956 3386 5017">
    <p class='ocr_par' dir='ltr' id='par_1_113' title="bbox 1810 4956 3386 5017">
     <span class='ocr_line' id='line_1_113' title="bbox 1810 4956 3386 5017; baseline -0.006 -8"><span class='ocrx_word' id='word_1_900' title='bbox 1810 4974 1886 5009; x_wconf 89' lang='lat' dir='ltr'><strong>ma</strong></span> <span class='ocrx_word' id='word_1_901' title='bbox 1913 4966 2075 5008; x_wconf 84' lang='lat' dir='ltr'><strong>tamen</strong></span> <span class='ocrx_word' id='word_1_902' title='bbox 2100 4964 2284 5007; x_wconf 85' lang='lat' dir='ltr'><strong>suntet</strong></span> <span class='ocrx_word' id='word_1_903' title='bbox 2319 4957 2540 5017; x_wconf 85' lang='lat' dir='ltr'><strong>ejusdem</strong></span> <span class='ocrx_word' id='word_1_904' title='bbox 2583 4958 2729 5016; x_wconf 83' lang='lat' dir='ltr'><strong>plane</strong></span> <span class='ocrx_word' id='word_1_905' title='bbox 2769 4961 2997 5017; x_wconf 62' lang='lat' dir='ltr'><strong>moneta,</strong></span> <span class='ocrx_word' id='word_1_906' title='bbox 3021 4966 3134 5014; x_wconf 61' lang='lat' dir='ltr'><strong>quin</strong></span> <span class='ocrx_word' id='word_1_907' title='bbox 3157 4956 3206 5001; x_wconf 92' lang='lat' dir='ltr'><strong>in</strong></span> <span class='ocrx_word' id='word_1_908' title='bbox 3232 4966 3386 5001; x_wconf 88' lang='lat' dir='ltr'><strong>unum</strong></span> 
     </span>
    </p>
   </div>
   <div class='ocr_carea' id='block_1_114' title="bbox 1810 5014 3389 5082">
    <p class='ocr_par' dir='ltr' id='par_1_114' title="bbox 1810 5014 3389 5082">
     <span class='ocr_line' id='line_1_114' title="bbox 1810 5014 3389 5082; baseline -0.006 -12"><span class='ocrx_word' id='word_1_909' title='bbox 1810 5023 2014 5082; x_wconf 82' lang='lat' dir='ltr'><strong>collegit</strong></span> <span class='ocrx_word' id='word_1_910' title='bbox 2039 5014 2697 5082; x_wconf 52' lang='lat' dir='ltr'><strong>doetissimus&#39;ﬂasaubonus</strong></span> <span class='ocrx_word' id='word_1_911' title='bbox 2717 5014 3270 5082; x_wconf 80' lang='lat' dir='ltr'><strong>noster_Commentario</strong></span> <span class='ocrx_word' id='word_1_912' title='bbox 3296 5028 3389 5082; x_wconf 81' lang='lat' dir='ltr'><strong>suo</strong></span> 
     </span>
    </p>
   </div>
   <div class='ocr_carea' id='block_1_115' title="bbox 1811 5077 3386 5143">
    <p class='ocr_par' dir='ltr' id='par_1_115' title="bbox 1811 5077 3386 5143">
     <span class='ocr_line' id='line_1_115' title="bbox 1811 5077 3386 5143; baseline -0.008 -10"><span class='ocrx_word' id='word_1_913' title='bbox 1811 5085 1871 5133; x_wconf 93' lang='lat' dir='ltr'><strong>ad</strong></span> <span class='ocrx_word' id='word_1_914' title='bbox 1891 5077 2220 5143; x_wconf 67' lang='lat' dir='ltr'><strong>Theophrasti</strong></span> <span class='ocrx_word' id='word_1_915' title='bbox 2239 5081 2560 5143; x_wconf 70' lang='lat' dir='ltr'><strong>Characteres</strong></span> <span class='ocrx_word' id='word_1_916' title='bbox 2579 5079 2739 5143; x_wconf 75' lang='lat' dir='ltr'><strong>capite</strong></span> <span class='ocrx_word' id='word_1_917' title='bbox 2765 5078 2844 5143; x_wconf 82' lang='lat' dir='ltr'><strong>cui</strong></span> <span class='ocrx_word' id='word_1_918' title='bbox 2869 5078 3066 5143; x_wconf 66' lang='lat' dir='ltr'><strong>(irae-cus</strong></span> <span class='ocrx_word' id='word_1_919' title='bbox 3089 5077 3263 5143; x_wconf 80' lang='lat' dir='ltr'><strong>titulus</strong></span> <span class='ocrx_word' id='word_1_920' title='bbox 3288 5081 3386 5143; x_wconf 75' lang='lat' dir='ltr'><strong>est,</strong></span> 
     </span>
    </p>
   </div>
   <div class='ocr_carea' id='block_1_116' title="bbox 1812 5134 3388 5207">
    <p class='ocr_par' dir='ltr' id='par_1_116' title="bbox 1812 5134 3388 5207">
     <span class='ocr_line' id='line_1_116' title="bbox 1812 5134 3388 5207; baseline -0.009 -11"><span class='ocrx_word' id='word_1_921' title='bbox 1812 5158 1899 5207; x_wconf 73' lang='lat' dir='ltr'><strong>llth</strong></span> <span class='ocrx_word' id='word_1_922' title='bbox 1920 5134 2261 5207; x_wconf 60' lang='grc' dir='ltr'><strong>μωροίογιρςωδί</strong></span> <span class='ocrx_word' id='word_1_923' title='bbox 2286 5140 2356 5190; x_wconf 91' lang='lat' dir='ltr'><strong>sic</strong></span> <span class='ocrx_word' id='word_1_924' title='bbox 2376 5139 2546 5207; x_wconf 85' lang='lat' dir='ltr'><strong>scribit</strong></span> <span class='ocrx_word' id='word_1_925' title='bbox 2571 5153 2582 5186; x_wconf 89' lang='lat'><strong>:</strong></span> <span class='ocrx_word' id='word_1_926' title='bbox 2607 5134 3021 5207; x_wconf 74' lang='lat' dir='ltr'><strong>Quemadmodum</strong></span> <span class='ocrx_word' id='word_1_927' title='bbox 3049 5135 3198 5207; x_wconf 70' lang='lat' dir='ltr'><strong>vestis</strong></span> <span class='ocrx_word' id='word_1_928' title='bbox 3219 5134 3388 5207; x_wconf 75' lang='lat' dir='ltr'><strong>brevi-</strong></span> 
     </span>
    </p>
   </div>
   <div class='ocr_carea' id='block_1_117' title="bbox 1814 5198 3388 5275">
    <p class='ocr_par' dir='ltr' id='par_1_117' title="bbox 1814 5198 3388 5275">
     <span class='ocr_line' id='line_1_117' title="bbox 1814 5198 3388 5275; baseline -0.008 -20"><span class='ocrx_word' id='word_1_929' title='bbox 1814 5198 1888 5275; x_wconf 71' lang='lat' dir='ltr'><strong>tas</strong></span> <span class='ocrx_word' id='word_1_930' title='bbox 1914 5198 2609 5275; x_wconf 63' lang='lat' dir='ltr'><strong>estsordiumargumentum,</strong></span> <span class='ocrx_word' id='word_1_931' title='bbox 2647 5202 2720 5247; x_wconf 88' lang='lat' dir='ltr'><strong>sic</strong></span> <span class='ocrx_word' id='word_1_932' title='bbox 2744 5201 2894 5275; x_wconf 56' lang='lat' dir='ltr'><strong>vestis</strong></span> <span class='ocrx_word' id='word_1_933' title='bbox 2920 5199 2978 5246; x_wconf 87' lang='lat' dir='ltr'><strong>ad</strong></span> <span class='ocrx_word' id='word_1_934' title='bbox 3002 5199 3129 5267; x_wconf 73' lang='lat' dir='ltr'><strong>talos</strong></span> <span class='ocrx_word' id='word_1_935' title='bbox 3145 5198 3388 5275; x_wconf 60' lang='lat' dir='ltr'><strong>demissa,</strong></span> 
     </span>
    </p>
   </div>
   <div class='ocr_carea' id='block_1_118' title="bbox 1815 5257 3389 5332">
    <p class='ocr_par' dir='ltr' id='par_1_118' title="bbox 1815 5257 3389 5332">
     <span class='ocr_line' id='line_1_118' title="bbox 1815 5257 3389 5332; baseline -0.006 -18"><span class='ocrx_word' id='word_1_936' title='bbox 1815 5266 1926 5332; x_wconf 61' lang='lat' dir='ltr'><strong>vita;</strong></span> <span class='ocrx_word' id='word_1_937' title='bbox 1949 5265 2174 5332; x_wconf 66' lang='lat' dir='ltr'><strong>delicatas</strong></span> <span class='ocrx_word' id='word_1_938' title='bbox 2195 5273 2248 5314; x_wconf 86' lang='lat' dir='ltr'><strong>et</strong></span> <span class='ocrx_word' id='word_1_939' title='bbox 2267 5257 2536 5332; x_wconf 64' lang='lat' dir='ltr'><strong>dissolutae,</strong></span> <span class='ocrx_word' id='word_1_940' title='bbox 2557 5257 2761 5332; x_wconf 78' lang='lat' dir='ltr'><strong>apud</strong></span> <span class='ocrx_word' id='word_1_941' title='bbox 2786 5261 3040 5332; x_wconf 75' lang='lat' dir='ltr'><strong>Platonem</strong></span> <span class='ocrx_word' id='word_1_942' title='bbox 3063 5257 3110 5332; x_wconf 79' lang='lat' dir='ltr'><strong>i_n</strong></span> <span class='ocrx_word' id='word_1_943' title='bbox 3132 5257 3389 5332; x_wconf 33' lang='lat' dir='ltr'><strong>{Hc&#39;i&#39;biad‘e</strong></span> 
     </span>
    </p>
   </div>
   <div class='ocr_carea' id='block_1_119' title="bbox 1836 5319 3385 5390">
    <p class='ocr_par' dir='ltr' id='par_1_119' title="bbox 1836 5319 3385 5390">
     <span class='ocr_line' id='line_1_119' title="bbox 1836 5319 3385 5390; baseline -0.006 -15"><span class='ocrx_word' id='word_1_944' title='bbox 1836 5330 1979 5378; x_wconf 65' lang='lat' dir='ltr'><strong>triore</strong></span> <span class='ocrx_word' id='word_1_945' title='bbox 2017 5323 2486 5390; x_wconf 65' lang='lat' dir='ltr'><strong>tunirteprotractio</strong></span> <span class='ocrx_word' id='word_1_946' title='bbox 2522 5319 2757 5390; x_wconf 72' lang='lat' dir='ltr'><strong>indicium</strong></span> <span class='ocrx_word' id='word_1_947' title='bbox 2801 5320 3034 5390; x_wconf 76' lang='lat' dir='ltr'><strong>mollitiei.</strong></span> <span class='ocrx_word' id='word_1_948' title='bbox 3073 5321 3188 5390; x_wconf 77' lang='lat' dir='ltr'><strong>lude</strong></span> <span class='ocrx_word' id='word_1_949' title='bbox 3218 5319 3385 5390; x_wconf 71' lang='lat' dir='ltr'><strong>Horat.</strong></span> 
     </span>
    </p>
   </div>
   <div class='ocr_carea' id='block_1_120' title="bbox 1815 5344 3392 5452">
    <p class='ocr_par' dir='ltr' id='par_1_120' title="bbox 1815 5344 3392 5452">
     <span class='ocr_line' id='line_1_120' title="bbox 1836 5344 3385 5390; baseline -0.006 -15"><span class='ocrx_word' id='word_1_950' title='bbox 1836 5344 1979 5378; x_wconf 78' lang='lat' dir='ltr'><strong>more</strong></span> <span class='ocrx_word' id='word_1_951' title='bbox 2017 5344 2191 5378; x_wconf 68' lang='lat' dir='ltr'><strong>tumea:</strong></span> <span class='ocrx_word' id='word_1_952' title='bbox 2224 5344 2486 5390; x_wconf 85' lang='lat' dir='ltr'><strong>pratracuo</strong></span> <span class='ocrx_word' id='word_1_953' title='bbox 2522 5344 2757 5373; x_wconf 74' lang='lat' dir='ltr'><strong>lllUlCllllll</strong></span> <span class='ocrx_word' id='word_1_954' title='bbox 2801 5344 3034 5370; x_wconf 83' lang='lat' dir='ltr'><strong>muuuwt.</strong></span> <span class='ocrx_word' id='word_1_955' title='bbox 3074 5344 3188 5387; x_wconf 54' lang='lat' dir='ltr'><strong>mut:</strong></span> <span class='ocrx_word' id='word_1_956' title='bbox 3219 5344 3385 5368; x_wconf 78' lang='grc' dir='ltr'><strong>ιιυιαι.</strong></span> 
     </span>
     <span class='ocr_line' id='line_1_121' title="bbox 1815 5344 3392 5452; baseline -0.008 -12"><span class='ocrx_word' id='word_1_957' title='bbox 1815 5344 2020 5452; x_wconf 65' lang='grc' dir='ltr'><strong>ἱιίροάωιι</strong></span> <span class='ocrx_word' id='word_1_958' title='bbox 2069 5389 2160 5440; x_wconf 88' lang='lat' dir='ltr'><strong>0d.</strong></span> <span class='ocrx_word' id='word_1_959' title='bbox 2183 5388 2216 5452; x_wconf 59' lang='grc'><strong>1</strong></span> <span class='ocrx_word' id='word_1_960' title='bbox 2240 5403 2250 5437; x_wconf 90' lang='lat'>:</span> <span class='ocrx_word' id='word_1_961' title='bbox 2289 5389 2495 5452; x_wconf 80' lang='lat' dir='ltr'><strong>Sacram</strong></span> <span class='ocrx_word' id='word_1_962' title='bbox 2519 5382 2736 5452; x_wconf 77' lang='lat' dir='ltr'><strong>ttu:_liente</strong></span> <span class='ocrx_word' id='word_1_963' title='bbox 2775 5390 2819 5434; x_wconf 90' lang='lat' dir='ltr'><strong>te</strong></span> <span class='ocrx_word' id='word_1_964' title='bbox 2837 5382 2966 5452; x_wconf 73' lang='lat' dir='ltr'><strong>piam</strong></span> <span class='ocrx_word' id='word_1_965' title='bbox 2993 5395 3100 5452; x_wconf 65' lang='lat' dir='ltr'><strong>cum</strong></span> <span class='ocrx_word' id='word_1_966' title='bbox 3126 5382 3294 5449; x_wconf 67' lang='lat' dir='ltr'><strong>hister</strong></span> <span class='ocrx_word' id='word_1_967' title='bbox 3314 5378 3392 5452; x_wconf 51' lang='lat' dir='ltr'><strong>ul:</strong></span> 
     </span>
    </p>
   </div>
   <div class='ocr_carea' id='block_1_121' title="bbox 1816 5440 3393 5512">
    <p class='ocr_par' dir='ltr' id='par_1_121' title="bbox 1816 5440 3393 5512">
     <span class='ocr_line' id='line_1_122' title="bbox 1816 5440 3393 5512; baseline -0.008 -12"><span class='ocrx_word' id='word_1_968' title='bbox 1816 5440 1989 5501; x_wconf 76' lang='lat' dir='ltr'><strong>mirum</strong></span> <span class='ocrx_word' id='word_1_969' title='bbox 2015 5458 2138 5512; x_wconf 83' lang='lat' dir='ltr'><strong>toga.</strong></span> <span class='ocrx_word' id='word_1_970' title='bbox 2167 5449 2308 5511; x_wconf 77' lang='lat' dir='ltr'><strong>Apud</strong></span> <span class='ocrx_word' id='word_1_971' title='bbox 2337 5451 2540 5512; x_wconf 81' lang='lat' dir='ltr'><strong>Dionem</strong></span> <span class='ocrx_word' id='word_1_972' title='bbox 2573 5440 3222 5512; x_wconf 64' lang='lat' dir='ltr'><strong>Calenu_s_pbjici_t_Cieerpni</strong></span> <span class='ocrx_word' id='word_1_973' title='bbox 3258 5440 3393 5502; x_wconf 91' lang='lat' dir='ltr'><strong>quod</strong></span> 
     </span>
    </p>
   </div>
   <div class='ocr_carea' id='block_1_122' title="bbox 1817 5504 3392 5577">
    <p class='ocr_par' dir='ltr' id='par_1_122' title="bbox 1817 5504 3392 5577">
     <span class='ocr_line' id='line_1_123' title="bbox 1817 5504 3392 5577; baseline -0.008 -15"><span class='ocrx_word' id='word_1_974' title='bbox 1817 5527 1964 5577; x_wconf 87' lang='lat' dir='ltr'><strong>usque</strong></span> <span class='ocrx_word' id='word_1_975' title='bbox 1986 5513 2050 5577; x_wconf 74' lang='lat' dir='ltr'><strong>ad</strong></span> <span class='ocrx_word' id='word_1_976' title='bbox 2063 5504 2191 5577; x_wconf 60' lang='lat' dir='ltr'><strong>talos</strong></span> <span class='ocrx_word' id='word_1_977' title='bbox 2213 5504 2686 5577; x_wconf 60' lang='lat' dir='ltr'><strong>&#39;t&#39;estem__drntitter_et.</strong></span> <span class='ocrx_word' id='word_1_978' title='bbox 2709 5523 2726 5553; x_wconf 71' lang='grc' dir='ltr'><strong><em>ι</em></strong></span> <span class='ocrx_word' id='word_1_979' title='bbox 2755 5505 2842 5555; x_wconf 77' lang='lat' dir='ltr'><strong>His</strong></span> <span class='ocrx_word' id='word_1_980' title='bbox 2862 5504 3392 5577; x_wconf 53' lang='lat' dir='ltr'><strong>adiiciantCiceronem</strong></span> 
     </span>
    </p>
   </div>
   <div class='ocr_carea' id='block_1_123' title="bbox 1818 5566 3394 5635">
    <p class='ocr_par' dir='ltr' id='par_1_123' title="bbox 1818 5566 3394 5635">
     <span class='ocr_line' id='line_1_124' title="bbox 1818 5566 3394 5635; baseline -0.01 -11"><span class='ocrx_word' id='word_1_981' title='bbox 1818 5566 1975 5635; x_wconf 68' lang='lat' dir='ltr'><strong>il‘sum</strong></span> <span class='ocrx_word' id='word_1_982' title='bbox 2001 5575 2221 5635; x_wconf 64' lang='lat' dir='ltr'><strong>Catilinae</strong></span> <span class='ocrx_word' id='word_1_983' title='bbox 2242 5572 2445 5635; x_wconf 73' lang='lat' dir='ltr'><strong>asseclis</strong></span> <span class='ocrx_word' id='word_1_984' title='bbox 2468 5570 2765 5635; x_wconf 72' lang='lat' dir='ltr'><strong>exprobrare</strong></span> <span class='ocrx_word' id='word_1_985' title='bbox 2793 5568 2923 5626; x_wconf 77' lang='lat' dir='ltr'><strong>quud</strong></span> <span class='ocrx_word' id='word_1_986' title='bbox 2951 5566 3394 5635; x_wconf 50' lang='lat' dir='ltr'><strong>irrumperent.iiut-</strong></span> 
     </span>
    </p>
   </div>
   <div class='ocr_carea' id='block_1_124' title="bbox 1818 5625 3384 5693">
    <p class='ocr_par' dir='ltr' id='par_1_124' title="bbox 1818 5625 3384 5693">
     <span class='ocr_line' id='line_1_125' title="bbox 1818 5625 3384 5693; baseline -0.01 -7"><span class='ocrx_word' id='word_1_987' title='bbox 1818 5625 1985 5687; x_wconf 66' lang='lat' dir='ltr'><strong>uiceris</strong></span> <span class='ocrx_word' id='word_1_988' title='bbox 2004 5643 2048 5686; x_wconf 82' lang='lat' dir='ltr'><strong>et</strong></span> <span class='ocrx_word' id='word_1_989' title='bbox 2059 5633 2287 5686; x_wconf 79' lang='lat' dir='ltr'><strong>talaribus</strong></span> <span class='ocrx_word' id='word_1_990' title='bbox 2298 5630 2488 5693; x_wconf 79' lang='lat' dir='ltr'><strong>tunicis,</strong></span> <span class='ocrx_word' id='word_1_991' title='bbox 2503 5625 2617 5684; x_wconf 69' lang='lat' dir='ltr'><strong>vctis</strong></span> <span class='ocrx_word' id='word_1_992' title='bbox 2629 5625 2844 5687; x_wconf 76' lang='lat' dir='ltr'><strong>tttttirtus,</strong></span> <span class='ocrx_word' id='word_1_993' title='bbox 2857 5643 2949 5677; x_wconf 76' lang='lat' dir='ltr'><strong>non</strong></span> <span class='ocrx_word' id='word_1_994' title='bbox 2968 5625 3103 5690; x_wconf 76' lang='lat' dir='ltr'><strong>togis.</strong></span> <span class='ocrx_word' id='word_1_995' title='bbox 3124 5628 3174 5678; x_wconf 88' lang='lat' dir='ltr'><strong>in</strong></span> <span class='ocrx_word' id='word_1_996' title='bbox 3187 5625 3329 5679; x_wconf 74' lang='lat' dir='ltr'><strong>Catil.</strong></span> <span class='ocrx_word' id='word_1_997' title='bbox 3343 5625 3384 5671; x_wconf 71' lang='lat'><strong>2</strong></span> 
     </span>
    </p>
   </div>
  </div>
