3674 6276
286 232 346 287 5|
1024 228 1080 283 S.
1121 228 1400 284 JO.\NNIS
1436 222 1913 283 CllRYSOS'l‘OMl
1956 219 2267 275 ARClllEP.
2310 218 2845 274 CONSTANTINOP.
3023 236 3032 247 ι
3485 202 3557 257 5‘2

287 347 350 401 Et
382 343 676 399 humiliabit
699 342 836 397 Deus
861 341 1231 395 dominatrices
1273 340 1414 410 ﬁlias
1449 339 1621 394 Sion:
1651 349 1699 394 et
1747 340 1859 394 Do-

285 440 458 493 minus
486 435 729 491 reuelabit
760 434 992 488 habitum
1025 451 1208 489 earum
1228 435 1284 488 in
1319 435 1403 489 die
1424 434 1538 488 illa.
1562 434 1629 488 Et
1657 436 1859 507 auferet

285 531 542 583 Dominus
557 528 779 599 gloriam
793 528 1084 581 vestimenti
1102 543 1308 581 earum.
1321 526 1542 581 Duobus
1556 526 1747 596 positis
1763 526 1864 581 cri-

286 622 538 686 minibus,
576 622 877 690 arrogantia
900 629 954 674 et
980 620 1215 682 lascivia,
1248 619 1469 687 singulis
1488 618 1869 684 congruentem

286 712 505 766 adhibet
526 711 840 766 medicinam
858 753 871 775 ,
904 709 1076 779 primo
1100 708 1349 777 primam,
1379 704 1617 761 secundo
1637 717 1870 773 sequen-

288 810 441 857 tem:
478 803 827 872 arrogantiae,
868 799 1327 863 humiliationem;
1377 796 1592 852 ornatui
1635 795 1869 859 habitus,

288 892 454 964 ipsius
473 894 858 963 abreptionem.
883 892 1052 955 Bello,
1077 890 1265 961 inquit,
1292 899 1415 944 tunc
1431 896 1673 958 urgente,
1696 886 1876 941 omnia

289 984 616 1039 Iulerentur.
675 985 805 1052 Qua:
856 984 999 1041 enim
1049 983 1323 1037 tumebant
1369 990 1424 1037 et
1468 978 1869 1049 superbiebant,

291 1088 436 1131 metu
475 1091 830 1146 compressaa,
869 1077 935 1131 ab
975 1076 1074 1130 hoc
1100 1075 1287 1129 morbo
1316 1073 1679 1128 liberabuntur
1710 1088 1725 1125 :
1757 1086 1877 1142 quae

291 1168 513 1222 mollitie
542 1180 594 1223 et
621 1170 744 1222 luxu
774 1169 989 1223 omnino
1009 1167 1338 1233 difﬂuebant,
1367 1167 1417 1221 in
1446 1166 1764 1236 captivitatis
1788 1166 1875 1235 ju-

290 1274 414 1329 gum
448 1260 762 1325 incidentes,
786 1260 853 1315 ab
875 1260 1016 1315 omni
1041 1260 1126 1313 illa
1158 1259 1378 1314 mollitie
1399 1266 1674 1313 eruentur.

363 1349 641 1405 Mulierum
694 1350 956 1405 luxus.—
991 1349 1062 1405 Ut
1107 1358 1285 1404 autem
1336 1348 1701 1404 onerosiorem
1748 1344 1879 1415 ipsis

292 1450 499 1496 texeret
528 1455 852 1506 sermonem,
886 1450 937 1495 et
967 1440 1266 1494 tltltillOl'llm
1299 1450 1528 1494 mentem
1559 1437 1883 1508 perstringe-

294 1540 775 1595 ret,ornamentum
800 1531 1021 1585 vestium
1047 1530 1321 1584 mulierum
1346 1528 1555 1583 illarum
1580 1528 1879 1581 minutatim

293 1628 569 1686 recenset,
600 1628 722 1689 puta
749 1635 1068 1685 aureorum;
1093 1619 1216 1689 quid
1246 1621 1297 1673 in
1324 1619 1512 1684 oculis,
1544 1618 1667 1689 quid
1710 1618 1761 1672 in
1791 1634 1882 1673 re-

296 1712 442 1781 liquo
462 1726 687 1782 corpore
714 1728 729 1765 :
758 1712 883 1767 hinc
906 1713 1146 1783 procedit
1168 1712 1233 1766 ad
1257 1713 1446 1767 domus
1470 1720 1736 1766 ornatum.
1765 1711 1878 1765 Non

293 1805 466 1859 solum
489 1804 629 1858 enim
660 1818 883 1873 corpora
909 1806 1238 1859 ornamentis
1264 1804 1605 1871 decorabant,
1628 1803 1721 1857 sed
1746 1806 1882 1857 hanc

294 1896 669 1951 Contumeliam
700 1912 866 1965 usque
896 1897 960 1950 ad
1001 1897 1230 1966 parietes
1256 1895 1649 1958 extendebant,
1691 1910 1879 1965 super-

296 1990 415 2043 lluis
450 1991 783 2058 sumptibus;
822 1998 877 2044 et
916 1990 1222 2044 calamistro
1267 1988 1489 2057 capillos
1534 1997 1839 2057 torquentes
1865 2029 1879 2052 ,

296 2081 408 2133 alas
437 2079 453 2110 ¹
496 2080 798 2148 lmjusmodi
846 2079 1066 2133 fallaciae
1096 2080 1291 2149 ubique
1310 2079 1689 2133 extendebant.
1736 2080 1883 2133 llauc

298 2170 474 2239 itaque
504 2169 728 2222 intentat
761 2170 1149 2223 accusationem
1180 2183 1299 2222 cum
1330 2169 1460 2227 dicit
1488 2186 1501 2222 :
1533 2170 1738 2237 Auferet
1767 2170 1878 2238 glo-

293 2262 423 2313 riam
444 2260 721 2314 vestimenti
747 2277 953 2324 earum,
981 2270 1025 2313 et
1054 2269 1287 2314 ornatum
1315 2276 1485 2314 earum
1509 2302 1524 2327 ,
1554 2270 1599 2313 et
1627 2260 1883 2313 cincinnos

295 2369 490 2417 earum,
521 2361 568 2405 et
596 2351 876 2424 corymbos.
910 2338 1205 2423 Corymbos
1228 2362 1406 2408 autem
1433 2352 1580 2418 dicit,
1610 2353 1691 2406 vel
1722 2367 1882 2406 orna-

296 2453 407 2498 tum
432 2444 733 2514 quempiam
756 2445 964 2514 capitis,
994 2445 1073 2499 vel
1100 2445 1242 2499 vitta:
1262 2454 1420 2515 caput
1443 2446 1748 2514 stringentis
1777 2444 1883 2499 for-

296 2548 458 2588 mam.
497 2534 560 2587 Et
600 2535 805 2589 lunulas
838 2551 855 2588 :
884 2544 1252 2589 ornamentum
1292 2535 1495 2591 scilicet
1519 2536 1659 2592 circa
1688 2537 1882 2592 collum

294 2624 465 2680 lunari
508 2625 699 2680 forma.
752 2626 821 2681 Et
869 2629 1119 2682 cathema.
1168 2629 1327 2684 Forte
1374 2630 1680 2685 theristrum
1733 2630 1883 2686 dicit.

293 2718 363 2773 Et
406 2729 638 2772 ornatum
687 2719 836 2789 faciei
882 2737 1073 2774 earum.
1123 2720 1219 2777 llic
1271 2722 1398 2775 mihi
1442 2723 1652 2778 videtur
1706 2722 1881 2778 fucum

294 2820 349 2863 et
381 2811 643 2880 pigmenta
669 2811 1027 2866 subindicare.
1055 2811 1121 2865 Et
1151 2812 1563 2883 compositionem
1602 2816 1883 2868 ornamenti

294 2901 492 2971 gloria.
542 2900 653 2956 lloc
690 2917 822 2957 auro
868 2903 1257 2957 circumdatum
1311 2904 1458 2960 dicit.
1504 2905 1571 2959 Et
1618 2906 1884 2963 armillas:

295 2993 446 3047 aurei
474 3009 663 3063 nempe
702 3002 920 3049 ornatus
954 2995 1093 3049 circa
1122 2997 1355 3050 brachia.
1393 2996 1457 3049 Et
1496 2998 1886 3055 dextrocheria.’

296 3087 436 3140 circa
474 3102 723 3141 manuum
746 3087 1040 3157 juncturas.
1085 3088 1150 3141 Et
1180 3076 1443 3143 reticulum
1466 3104 1485 3141 :
1514 3099 1883 3145 ornamentum

296 3192 515 3231 aureum
543 3179 682 3233 circa
713 3188 890 3247 caput.
922 3177 991 3232 Et
1014 3182 1249 3243 annulus,
1283 3182 1652 3248 dextrae/aeria,
1683 3194 1727 3236 et
1755 3200 1886 3253 pra:-

294 3279 431 3322 texta
452 3287 699 3339 purpura,
719 3282 763 3324 et
780 3272 977 3324 clavala
998 3289 1242 3343 purpura,
1267 3282 1311 3327 et
1337 3292 1531 3344 pannos
1552 3293 1642 3347 per
1656 3278 1881 3343 domum,

294 3370 342 3411 et
384 3358 633 3428 pellucida
674 3359 947 3414 Laconica.
980 3361 1205 3416 Tantum
1251 3365 1392 3418 enim
1426 3365 1555 3435 ipsis
1598 3366 1768 3422 inerat
1805 3368 1885 3421 la-

292 3450 471 3503 seiviae
501 3451 734 3504 studium
759 3492 775 3517 ,
828 3461 885 3504 ut
915 3468 1019 3506 non
1060 3455 1216 3507 modo
1246 3455 1309 3508 iis
1348 3465 1622 3511 uterentur
1644 3499 1659 3523 ,
1686 3474 1805 3528 qua:
1834 3459 1886 3513 in

293 3555 386 3591 sua
418 3539 633 3609 regione
672 3548 859 3607 erant,
894 3542 987 3597 sed
1018 3544 1179 3598 etiam
1211 3561 1277 3599 ex
1306 3547 1481 3602 aliena
1512 3556 1653 3603 terra
1700 3549 1881 3619 procul

295 3630 411 3683 illas
454 3630 643 3685 advehi
700 3643 947 3687 curarent
992 3650 1086 3704 per
1116 3639 1502 3694 transmarinos
1530 3652 1882 3698 commeatus.

294 3721 514 3776 Multum
546 3724 687 3778 enim
719 3725 946 3794 spatium
988 3736 1043 3781 et
1072 3729 1288 3799 pelagus
1319 3731 1634 3788 immensum
1676 3744 1760 3790 est
1787 3735 1886 3791 Pa-

291 3813 551 3867 laxstinam
580 3814 718 3868 inter
742 3825 796 3870 et
828 3815 1283 3873 Lacedaemonem.

366 3906 421 3961 9.
463 3905 579 3961 Non
617 3909 734 3963 sine
775 3924 935 3963 causa
964 3910 1121 3980 igitur
1154 3913 1424 3981 regionem
1461 3915 1671 3984 posuit,
1718 3918 1883 3973 misso

291 3995 727 4052 vestimentorum
766 4000 1014 4065 nomine,
1053 4001 1147 4057 sed
1181 4010 1238 4056 ut
1277 4003 1542 4073 ingentem
1582 4021 1765 4062 earum
1797 4008 1881 4063 ln-

289 4102 414 4141 xum
441 4087 853 4146 demonstraret.
886 4090 952 4145 Et
978 4093 1178 4164 byssina
1203 4105 1248 4149 et
1275 4096 1623 4166 hyacinthina,
1650 4111 1697 4154 et
1720 4101 1881 4155 cocci-

290 4195 415 4244 nea,
451 4187 496 4233 et
521 4178 724 4250 byssum
765 4199 878 4236 cum
914 4201 1039 4239 auro
1075 4194 1119 4238 ct
1154 4187 1426 4257 hyacintho
1465 4201 1752 4247 contextam
1776 4233 1790 4257 ,
1832 4204 1881 4248 et

290 4267 523 4321 theristra
558 4286 686 4324 auro
731 4274 992 4326 adstricta.
1032 4275 1243 4330 Nullam
1271 4280 1413 4333 enim
1439 4284 1671 4349 speciem
1712 4284 1796 4339 vel
1825 4284 1880 4339 in

289 4358 621 4413 vestimentis
642 4362 723 4414 vel
747 4362 799 4415 in
819 4362 923 4417 alio
947 4374 1137 4419 ornatu
1162 4367 1519 4438 reliquerunt;
1550 4373 1642 4427 sed
1664 4388 1877 4429 omnem

288 4448 445 4502 luxus
464 4450 605 4505 viam
632 4459 923 4520 tentarunt,
950 4469 1015 4509 ex
1041 4455 1270 4514 lascivia:
1297 4462 1573 4532 tyrannide
1593 4443 1881 4535 lymphatis

284 4540 509 4595 similes.

366 4630 644 4685 Mulierum
668 4633 874 4688 lascivia
906 4645 1127 4707 tempore
1158 4638 1519 4710 Chrysostomi.
1549 4674 1619 4684 —
1637 4643 1805 4701 Porro
1831 4648 1875 4702 si

289 4722 374 4778 IIIB
414 4731 540 4779 tunc
563 4725 961 4784 criminationes
988 4729 1347 4787 olferebantur
1376 4745 1499 4790 ante
1532 4738 1753 4806 gratiam
1775 4778 1790 4803 ,
1822 4748 1878 4795 et

284 4822 413 4869 ante
441 4823 640 4869 tantam
665 4816 1051 4889 phiIOSOphiam
1073 4862 1088 4887 ,
1112 4839 1269 4892 quam
1298 4826 1505 4880 veniam
1535 4843 1874 4900 consequan-

285 4913 372 4958 tur
403 4904 524 4969 illm,
554 4921 674 4975 qua:
701 4923 842 4964 nunc
872 4909 924 4964 in
949 4912 1135 4966 cmlum
1166 4926 1439 4981 vocantur,
1460 4926 1514 4972 et
1540 4918 1606 4973 ad
1638 4919 1874 4990 longiora

283 4994 598 5059 certamina,
625 5010 848 5067 quaeque
866 4999 932 5053 ad
952 5003 1258 5070 angelorum
1285 5005 1630 5063 imitationem
1657 5012 1875 5068 trahun-

286 5091 394 5149 tur,
421 5091 477 5137 et
502 5082 659 5155 longe
688 5087 855 5157 magis
880 5087 1019 5144 hanc
1047 5106 1298 5160 superare
1330 5112 1549 5165 possunt
1577 5100 1870 5172 lasciviam,

283 5183 343 5229 et
378 5182 556 5231 tamen
586 5190 679 5230 eas
705 5192 825 5247 quae
850 5180 902 5234 iu
932 5184 1104 5237 scenis
1128 5194 1183 5239 et
1224 5186 1444 5245 theatris
1472 5206 1752 5249 versantur
1794 5196 1872 5250 la-

284 5266 453 5324 scivia
480 5268 740 5325 vincunt?
766 5272 1024 5345 Quodque
1043 5280 1257 5346 gravius
1285 5294 1383 5350 est,
1418 5300 1484 5341 ne
1506 5301 1730 5356 peccare
1754 5291 1872 5360 qui-

344 5392 552 5468 {juxta
570 5399 736 5468 notam
759 5398 818 5448 ad
849 5399 1352 5468 oramlibrilutetiaa
1372 5420 1499 5456 anno
1531 5408 1647 5457 1588
1676 5413 1846 5464 excusi

282 5454 508 5535 ppsjtatn,
539 5456 816 5535 legendum~
841 5466 951 5535 est,_
972 5460 1223 5535 indagines
1243 5454 1846 5535 _(mpt§=e’§&ae;};),"5i5;

278 5515 509 5589 alanna:
526 5515 739 5589 _1rfepc’t).
786 5522 884 5572 Sed
924 5515 1042 5572 haec
1082 5515 1287 5589 mutatio
1324 5515 1847 5587 min'iibé"6ééé’ss3}ié

283 5575 717 5658 fli'deturllipisius
746 5596 910 5658 vocem
952 5586 1099 5648 πτερά
1133 5592 1315 5658 retinet
1340 5575 1848 5658 :'é's‘i'éni'iii."iii&iii

278 5638 387 5699 ille,
402 5639 607 5704 elegans
624 5644 802 5696 allusio
814 5646 871 5696 ad
887 5638 1072 5709 pennas
1095 5653 1299 5711 pavonis
1310 5638 1643 5705 erecms'eteii
1651 5638 1842 5719 piatis:

1980 333 2100 387 dem
2129 347 2187 387 se
2216 342 2419 402 putant.
2454 331 2577 386 Ideo
2615 332 2869 386 adversus
2905 331 3019 385 illas
3045 346 3143 384 vnx
3174 331 3442 401 prophetae
3466 345 3556 403 0p-

1980 427 2222 496 poncmla
2263 436 2363 481 est.
2400 427 2513 481 Non
2560 426 2731 479 Solum
2764 426 2904 479 enim
2943 425 3201 479 adversus
3248 426 3365 480 illas
3394 425 3515 479 olim
3540 469 3552 490 ,

1980 519 2073 571 sed
2114 517 2272 571 etiam
2313 517 2568 571 adversus
2608 521 2701 571 has
2746 516 3172 586 pronuntiabitur
3202 517 3252 570 id
3296 516 3434 587 quod
3474 532 3557 571 se-

1982 610 2162 678 quitur
2193 626 2206 662 :
2242 608 2353 662 Erit
2399 626 2491 678 pro
2519 610 2659 663 suavi
2695 609 2849 662 odore
2882 608 3065 679 pulvis.
3102 608 3283 663 Viden‘
3305 609 3560 679 quomodo

1984 701 2260 756 unctiones
2292 702 2449 755 etiam
2479 711 2863 769 unguentorum
2897 699 3179 771 reprobet,
3215 716 3560 770 magnumque

1986 792 2083 860 ipsi
2113 792 2381 846 adsrribat
2420 792 2778 862 supplicium?
2813 791 3092 847 Pulverem
3134 792 3275 846 enim
3318 792 3402 845 hic
3441 790 3565 845 dicit

1983 900 2102 937 eum
2129 884 2217 954 qui
2243 885 2505 939 excitatur
2530 894 2649 955 post
2677 885 2863 940 urbem
2884 898 3128 940 eversam
3149 893 3202 939 et
3223 884 3564 939 barbarorum

1986 976 2364 1033 incursionem.
2398 978 2530 1034 Nam
2558 978 2701 1034 illam
2732 978 2837 1049 igni
2873 987 2926 1034 et
2953 977 3094 1034 ferro
3122 986 3245 1033 tunc
3269 978 3564 1039 diruerent,

1985 1069 2132 1123 aliud
2181 1069 2494 1135 diruentes,
2534 1070 2677 1125 aliud
2723 1070 2832 1142 igni
2888 1069 3180 1126 tradentes.
3224 1069 3350 1124 Haec
3395 1071 3569 1139 itaque

1986 1163 2346 1229 praenuntians
2365 1163 2573 1217 dicebat
2597 1182 2610 1219 :
2637 1162 2738 1218 Pro
2762 1164 2906 1217 suavi
2926 1163 3079 1217 odore
3094 1163 3255 1233 pulvis
3278 1162 3391 1225 erit,
3414 1171 3460 1216 et
3481 1178 3571 1229 pro

1986 1269 2115 1306 zona
2144 1254 2371 1325 funiculo
2398 1256 2612 1325 cingeris
2628 1272 2649 1321 ;
2677 1256 2778 1309 sub
2810 1257 2992 1311 oculos
3022 1269 3225 1326 ponens
3254 1253 3573 1323 captivitatis

1989 1345 2213 1398 formam
2238 1388 2252 1411 ,
2284 1355 2339 1401 et
2375 1346 2745 1403 abductionem
2776 1348 2826 1402 in
2860 1347 3207 1402 barbarorum
3248 1356 3463 1402 terram.
3506 1344 3573 1399 Et

1988 1454 2079 1505 pro
2100 1447 2392 1492 ornamento
2411 1437 2591 1507 capitis
2612 1440 2685 1492 tui
2707 1438 2952 1493 calvitiem
2975 1438 3211 1502 habebis;
3238 1438 3349 1492 sive
3368 1437 3574 1507 capillis

1987 1529 2056 1584 ob
2083 1530 2352 1584 miseriam
2380 1530 2757 1596 defluentibus,
2790 1530 2904 1586 sive
2930 1530 2980 1585 id
3008 1531 3286 1601 agentibus
3310 1530 3573 1595 hostibus,

1987 1620 2101 1674 sive
2132 1620 2258 1688 ipsis
2290 1621 2492 1690 seipsas
2517 1622 2878 1676 tundentibus.
2904 1621 3015 1677 Mos
3040 1622 3180 1677 enim
3223 1631 3337 1677 erat
3364 1621 3493 1676 olim
3523 1622 3576 1675 in

1991 1710 2136 1763 luctu
2171 1702 2241 1764 ct‘
2262 1714 2562 1766 calamitate
2606 1727 2725 1767 sese
2765 1713 2986 1768 tondere
3013 1723 3065 1767 ct
3096 1714 3305 1769 radere.
3352 1713 3568 1767 Etenim

1988 1800 2118 1866 Job,
2146 1803 2322 1855 audita
2358 1803 2646 1857 liberorum
2669 1804 2985 1867 calamitate,
3012 1813 3170 1875 caput
3194 1803 3419 1858 totondit
3444 1802 3580 1871 (Job

1989 1894 2041 1945 1.
2067 1893 2139 1947 20
2160 1892 2199 1964 ).
2231 1894 2296 1948 Et
2329 1895 2380 1948 in
2412 1895 2755 1964 sequentibus
2781 1895 2853 1950 ait
2885 1896 3157 1965 propheta,
3191 1911 3312 1950 cum
3339 1910 3496 1951 sacco
3526 1904 3581 1949 et

1989 1981 2130 2037 luctu
2151 1988 2309 2039 etiam
2334 1986 2628 2041 Iousiunem
2654 1987 2879 2040 futuram
2899 1986 3051 2057 (lsai.
3074 1987 3162 2041 22.
3188 1988 3300 2058 η).
3324 1988 3582 2057 Aliusque

1989 2091 2203 2129 rursum
2233 2076 2305 2130 ait
2337 2094 2351 2132 :
2382 2076 2451 2130 Et
2480 2078 2657 2131 radere
2681 2088 2728 2132 et
2750 2079 2956 2134 tondere
2981 2096 3131 2149 super
3155 2080 3291 2148 ﬁlios
3319 2090 3430 2135 tuos
3459 2082 3582 2135 deli-

1988 2177 2144 2221 catos.
2170 2166 2238 2220 Et
2260 2185 2352 2237 pro
2379 2170 2548 2221 tunica
2583 2186 2812 2239 purpura
2854 2171 3052 2225 clavata
3084 2172 3403 2241 prtecingeris
3430 2189 3584 2227 sacco

1990 2261 2009 2333 (
2036 2261 2193 2316 Mich.
2235 2264 2287 2316 1.
2321 2262 2446 2332 16).
2479 2264 2669 2317 Annon
2714 2264 2827 2318 lure
2859 2264 3114 2319 terribilia
3144 2275 3197 2320 et
3238 2266 3579 2323 intoleranda

1988 2369 2109 2409 esse
2133 2354 2413 2410 videntur?
2438 2355 2629 2410 Verum
2656 2357 2791 2425 apud
2816 2370 2914 2414 nos
2940 2373 3042 2411 nun
3073 2356 3159 2412 hic
3184 2357 3405 2428 gradum
3428 2359 3587 2413 sistet

1991 2446 2121 2501 ultio
2143 2490 2157 2513 ,
2191 2447 2284 2503 sed
2314 2449 2510 2501 vermis
2536 2460 2848 2516 venenatus,
2880 2448 2973 2504 scd
3002 2449 3234 2503 tenebrae
3270 2449 3589 2503 intermina-

1991 2538 2123 2593 bilcs
2147 2539 2431 2610 excipient.
2459 2540 2513 2595 Si
2538 2541 2678 2594 enim
2724 2541 2844 2594 illos
2873 2542 3150 2609 captivitas
3172 2582 3186 2605 ,
3230 2542 3461 2596 servitus
3486 2584 3501 2605 ,
3532 2554 3590 2596 et

1991 2641 2229 2687 extrema
2272 2633 2407 2686 Inala
2439 2642 2763 2702 exceperunt
2785 2672 2801 2698 ,
2836 2633 2993 2703 idque
3036 2648 3132 2702 pro
3172 2642 3363 2686 ornatu
3394 2651 3407 2687 :
3436 2634 3589 2703 quod

1990 2726 2131 2777 enim
2162 2723 2317 2791 hujus
2348 2738 2533 2792 ρυιηηε
2558 2723 2818 2792 exigeret,
2850 2732 2903 2776 et
2934 2723 3034 2777 hoc
3063 2722 3274 2793 proprie
3302 2732 3593 2792 peccatum

1991 2816 2201 2883 puniret
2221 2856 2235 2880 ,
2266 2814 2387 2867 audi
2418 2814 2685 2883 quomodo
2712 2813 2794 2867 liis
2819 2814 3145 2869 enumeratis
3166 2854 3179 2879 ,
3206 2828 3422 2869 causam
3454 2816 3593 2868 διώ-

1986 2906 2198 2977 juuxit:
2233 2905 2360 2959 Ilwc
2396 2906 2485 2959 tibi
2511 2923 2602 2974 pro
2629 2915 2809 2959 ornatu
2836 2905 2911 2975 (a)
2938 2921 2951 2957 :
2980 2904 3024 2958 si
3054 2904 3211 2975 igitur
3228 2903 3429 2959 Judzea:
3460 2920 3596 2958 mu-

1992 2999 2149 3052 lieres
2174 2997 2243 3051 ob
2270 2997 2428 3051 talem
2460 3006 2707 3051 ornatum
2733 3006 2906 3050 tantas
2933 2996 3145 3051 subiere
3173 3010 3379 3066 pmnas,
3406 2998 3596 3066 patria

1988 3106 2018 3145 a
2042 3091 2397 3147 fundamentis
2413 3091 2610 3155 excisa,
2630 3100 2681 3146 et
2698 3100 2817 3159 post
2834 3099 3032 3144 tantam
3049 3090 3367 3160 voluptatem
3384 3106 3598 3157 serv-.e,

1990 3186 2212 3255 captivw
2241 3194 2296 3239 et
2323 3193 2601 3251 extorres,
2650 3184 2702 3238 in
2750 3184 2979 3239 alienam
3022 3184 3293 3252 regionem
3333 3182 3603 3238 abducta:

1988 3284 2133 3337 sunt,
2165 3290 2228 3329 ac
2252 3274 2397 3341 fami,
2421 3276 2553 3343 pesti
2574 3273 2823 3344 milleque
2851 3272 3110 3329 mortibus
3138 3273 3375 3339 tradita);
3398 3288 3600 3327 annon

1991 3368 2332 3439 perspicuum
2376 3377 2457 3422 est
2480 3406 2495 3433 ,
2530 3382 2627 3420 uos
2655 3367 2899 3436 graviora
2938 3380 3188 3437 passuros
3228 3378 3348 3419 esse
3370 3404 3385 3431 ,
3411 3364 3506 3435 qui
3537 3365 3603 3418 in

1988 3460 2177 3515 eadem
2213 3470 2431 3530 peccata
2463 3460 2775 3514 incidimus?
2803 3458 3261 3527 Quemadmodum
3299 3459 3446 3514 enim
3477 3458 3599 3515 bo-

1991 3565 2151 3606 nores
2176 3551 2427 3619 majores,
2462 3552 2531 3605 ita
2558 3551 2802 3621 graviora
2830 3551 3112 3620 supplicia.

2061 3641 2199 3696 Deus
2228 3658 2329 3695 non
2355 3659 2549 3711 semper
2577 3642 2762 3695 similia
2794 3652 3053 3711 peccantes
3081 3640 3312 3695 similiter
3338 3641 3605 3711 castigat.

1986 3763 2060 3774 —-
2078 3734 2227 3802 Quod
2256 3734 2300 3789 si
2321 3734 2462 3788 nulla
2490 3735 2683 3789 mulier
2714 3734 2871 3789 talem
2893 3743 3139 3788 ornatum
3161 3732 3417 3788 affectans
3451 3734 3610 3789 hac-

1991 3833 2146 3880 tenus
2188 3825 2385 3895 aliquid
2414 3826 2515 3881 tale
2561 3833 2713 3896 passa
2744 3834 2864 3891 est,
2908 3840 2976 3880 ne
3018 3824 3137 3879 ideo
3166 3824 3417 3879 confidat.
3468 3825 3609 3881 Mos

1988 3918 2132 3972 enim
2161 3928 2244 3973 est
2270 3919 2378 3973 Deo
2408 3933 2592 3988 poenas
2618 3917 2845 3973 delinire
2871 3919 2959 3971 uni
2984 3917 3231 3981 etalteri,
3255 3926 3309 3972 et
3334 3932 3433 3987 per
3464 3918 3614 3973 illos

1987 4008 2443 4064 commonefacere
2470 4019 2694 4063 caeteros
2735 4024 2922 4064 omnes
2951 4008 3019 4063 de
3053 4009 3224 4078 poenis
3273 4024 3390 4078 qua:
3434 4009 3617 4078 ipsos

1987 4109 2287 4170 exceptura:
2312 4098 2455 4155 sunt.
2482 4099 2547 4155 Ut
2569 4110 2743 4154 autem
2770 4098 2823 4155 id
2851 4099 3044 4154 clarius
3069 4097 3277 4164 evadat,
3300 4110 3615 4169 peccatum

1985 4208 2147 4263 grave
2172 4193 2498 4248 admiserunt
2526 4193 2652 4246 olim
2681 4192 2712 4246 ii
2739 4193 2824 4262 qui
2854 4190 3082 4246 Sodoma
3112 4190 3447 4255 incolebant,
3486 4205 3620 4245 cx-

1987 4296 2185 4342 tremas
2216 4286 2485 4342 dederunt
2515 4300 2698 4356 pmnas
2718 4327 2734 4351 ,
2769 4286 2831 4339 iis
2859 4284 3110 4339 immissis
3146 4283 3459 4348 fulminibus
3488 4325 3508 4348 ,
3550 4294 3621 4339 et

1988 4378 2208 4435 urbibus
2230 4421 2243 4444 ,
2272 4380 2482 4451 populis
2512 4390 2759 4449 terraque
2783 4378 2895 4448 ipsa
2926 4394 3046 4433 cum
3076 4376 3389 4446 corporibus
3418 4376 3623 4433 simul

1984 4474 2294 4529 combustis.
2342 4474 2475 4541 Quid
2517 4474 2712 4544 igitur?
2756 4473 2998 4527 nullusne
3052 4484 3171 4541 post
3219 4470 3339 4524 illos
3380 4471 3621 4526 similia

1984 4581 2145 4621 ausus
2171 4566 2293 4620 est?
2321 4565 2467 4619 Multi
2497 4575 2643 4620 certe
2665 4605 2678 4629 ,
2707 4574 2758 4618 et
2788 4564 2838 4618 in
2872 4564 3053 4617 multis
3083 4577 3177 4631 per
3200 4561 3385 4615 orbem
3422 4561 3615 4617 locis.

1983 4656 2090 4711 Cur
2123 4670 2253 4726 ergo
2296 4655 2427 4710 nihil
2458 4655 2821 4724 hujuscemodi
2868 4654 3007 4724 pissi
3040 4653 3199 4706 sunt?
3243 4652 3376 4718 Quia
3417 4652 3628 4724 longe

1982 4748 2211 4819 graviori
2256 4759 2598 4803 reservantur
2651 4748 2933 4816 supplicio.
2990 4745 3113 4800 Ideo
3156 4759 3385 4813 namque
3435 4744 3631 4802 Deus

1980 4850 2257 4912 postquam
2281 4840 2330 4894 id
2354 4840 2518 4895 semel
2547 4839 2687 4903 fecit,
2716 4837 2936 4904 destitit,
2962 4847 3017 4891 ut
3036 4837 3123 4907 qui
3151 4836 3269 4891 talia
3292 4836 3627 4904 auderent,

1980 4934 2189 4987 etiamsi
2219 4933 2305 4987 hic
2332 4947 2516 5002 plenas
2543 4948 2646 4986 non
2677 4932 2898 4997 darent,
2931 4941 3076 4985 certo
3105 4932 3301 4984 scirent
3328 4945 3387 4985 se
3418 4948 3627 4989 num-

1978 5040 2138 5095 quam
2166 5024 2475 5094 ell‘ugituros
2496 5038 2635 5079 esse.
2662 5022 2939 5090 Quomodo
2979 5022 3119 5076 enim
3150 5031 3626 5085 consentaneum

1980 5118 2169 5172 rationi
2187 5117 2364 5184 fuerit,
2382 5128 2503 5172 ante
2519 5117 2740 5186 gratiam
2759 5125 2811 5170 et
2828 5116 3160 5185 ante-legem,
3178 5130 3271 5171 eos
3290 5116 3377 5185 qui
3396 5131 3630 5190 neque

1978 5212 2298 5280 prophetas,
2328 5225 2499 5279 neque
2537 5210 2700 5263 alium
2734 5209 3035 5279 quempiam
3063 5208 3425 5284 audivissent,
3495 5227 3631 5281 pro

1977 5302 2224 5357 admissis
2244 5303 2477 5372 peccatis
2504 5301 2628 5355 talia
2652 5316 2835 5370 passos
2852 5314 2971 5356 esse
2989 5316 3004 5367 ;
3022 5314 3116 5355 eos
3134 5309 3312 5355 autem
3333 5299 3425 5370 qui
3463 5319 3637 5372 post

2041 5417 2114 5479 (a)
2150 5416 2231 5466 Ait
2252 5415 2618 5479 Cbrysostomus
2648 5416 2819 5466 Isaiam
2843 5424 2951 5478 post
2977 5415 3396 5465 enumerationem
3446 5418 3633 5472 illam

1975 5480 2286 5528 muliebrium
2326 5478 2719 5528 ornamentorum
2751 5479 2827 5527 his
2847 5480 3016 5527 verbis
3051 5478 3392 5526 recensionem
3436 5492 3637 5534 suam

1974 5543 2221 5591 claudere.
2237 5539 2417 5588 Verum
2436 5542 2541 5605 haec
2560 5554 2653 5588 non
2671 5542 2867 5602 reperio
2891 5542 2937 5588 in
2964 5539 3122 5588 Bibliis
3140 5546 3203 5605 ΙίΧ
3213 5547 3265 5605 X.
3280 5539 3377 5605 sed,
3392 5553 3635 5605 unain;.

1974 5606 2087 5653 olim
2113 5610 2218 5651 erat
2243 5602 2601 5664 exemplarium
2628 5600 2852 5664 varietas,
2895 5610 2949 5653 ut
2988 5605 3034 5652 in
3059 5600 3484 5655 Prteliminaribus
3502 5600 3637 5660 "ad

1975 5666 2187 5728 Hexapla
2210 5663 2425 5727 alibique
2447 5665 2670 5714 diximus.
