3712 6274
180 305 252 364 55
936 315 995 370 s.
1033 313 1317 370 JOANNIS
1352 304 1837 370 cumsosrom
1876 305 2204 365 ARCIIIEP.
2244 306 2779 366 consumma
3526 297 3605 350 ει

177 418 366 472 ἔδοσαν
385 419 598 474 οὐδέπω
631 423 723 474 καὶ
751 424 1025 494 σήμερονς
1053 425 1169 479 ’Ίνα
1197 425 1376 495 μάθῃς
1401 425 1484 477 δτι
1515 420 1650 474 πολὺ
1673 418 1830 488 χαλε-

178 507 397 578 πωτέρᾳ
421 507 708 578 τηροῦνται
733 513 992 583 τιμωρίᾳ.

255 627 440 682 ι’.⁶’οτι
464 628 573 699 γάρ
591 628 708 682 ἐστι
724 629 1075 702 χαλεπώτερα
1099 631 1345 701 Σοδόμων
1361 630 1576 692 παθεῖν,
1605 627 1836 682 ἄκουσον

178 715 273 769 τοῦ
307 713 542 787 Χριστοῦ
574 715 853 784 λέγοντος·
897 718 1308 786 Ἀνεκτότερον
1331 718 1503 772 ἔσται
1543 713 1621 784 τῇ
1661 711 1837 767 Σοδό-

176 819 304 870 μων
335 802 432 855 καί
478 803 783 871 Γομόρῤας
817 804 887 858 ἐν
923 804 1114 872 ἡμέρᾳ.
1158 806 1431 872 κρίσεως,
1468 803 1507 870 ἢ
1555 801 1632 870 τῇ
1667 800 1839 853 πόλει

179 886 554 955 ταύτῃ.”Ωστε
581 887 680 940 κᾶν
712 888 1180 958 καλλωπιζόμεναι
1211 889 1304 943 νῦν
1348 891 1601 957 γυναῖκες
1631 886 1706 957 μὴ
1735 885 1840 937 πά-

181 973 364 1035 θωσιν,
393 973 535 1045 άπερ
557 973 756 1028 ἐπαθον
779 975 836 1029 αἱ
863 976 984 1028 τότε
1003 976 1492 1046 καλλωπιζόμεναι,
1523 974 1598 1044 μὴ
1625 972 1842 1042 θαρρεί-

180 1059 458 1113 τωσαν.Ἦ
495 1059 605 1131 γὰρ
635 1061 799 1132 άνοχὴ
840 1061 976 1133 αὑτὴ
1008 1063 1102 1116 καὶ
1133 1064 1166 1134 ή
1203 1061 1555 1134 μακροθυμία
1596 1059 1840 1130 χαλεπωο

180 1146 345 1216 τέραν
375 1147 602 1216 σωνρεύει
629 1147 722 1202 τοῦ
753 1148 920 1219 πυρὸς
947 1147 1043 1220 τὴν
1067 1149 1314 1219 κάμινον,
1345 1149 1439 1202 καὶ
1479 1145 1698 1217 μείζονα
1743 1145 1842 1215 τὴν

181 1231 353 1300 φλόγα
377 1231 686 1300 ἐργάζεται.
708 1231 878 1286 Τοῦτο
908 1235 1001 1287 καὶ
1027 1235 1121 1286 ἐπὶ
1151 1233 1390 1288 Ἀνανίου
1413 1233 1508 1286 καὶ
1531 1229 1840 1298 Σαπφείρας

181 1319 391 1386 γέγονε.
424 1317 526 1371 Καὶ
563 1317 670 1388 γὰρ
701 1320 896 1374 ἐκεῖνοι
932 1321 991 1374 ἐν
1035 1321 1176 1392 ἀρχῇ
1206 1320 1300 1375 καί⁵
1327 1318 1595 1390 προοιμίῳ
1620 1317 1712 1370 τοῦ
1740 1334 1842 1386 κη-

185 1403 460 1474 ρύγματος
513 1405 828 1476 ὑφελόμενοι
871 1407 982 1460 τῶν
1031 1407 1326 1478 χρημάτων
1377 1403 1618 1465 ἐκείνων,
1652 1402 1844 1474 ἀθρόον

181 1491 626 1562 ἀνηρπάσθησαν,
660 1492 794 1559 μετά
827 1493 885 1546 δὲ
922 1493 1159 1557 ἐκείνους
1190 1493 1372 1547 πολλοὶ
1403 1490 1622 1546 τοιαῦτα
1646 1489 1844 1560 τολμή-

183 1593 394 1641 σαντες,
416 1577 569 1631 οὐδὲν
597 1577 815 1631 ἔπαθον.
843 1579 967 1642 Πῶς
989 1572 1080 1632 οῦν
1102 1577 1168 1632 ἂν
1195 1578 1305 1648 ἕχοι
1323 1579 1500 1646 λόγον,
1529 1576 1618 1628 τὸν
1639 1575 1844 1628 δίκαιον

182 1662 372 1733 κριτὴν
402 1663 496 1716 καὶ
541 1665 674 1716 πᾶσι
706 1662 774 1716 τὰ
807 1662 920 1736 [47]
959 1663 1047 1716 ἴσα
1094 1665 1344 1734 νέμοντα,
1379 1663 1503 1725 τοὺς
1552 1661 1650 1732 μὲν
1683 1656 1844 1733 ἦττον

182 1749 567 1819 ἡμαρτηκότας
593 1748 842 1814 κολάσαι,
876 1751 1000 1814 τοὺς
1029 1750 1086 1803 δέ
1121 1749 1472 1821 χαλεπώτερα
1515 1748 1846 1818 ποιήσαντας

185 1835 434 1901 ἀφεῖναι;
469 1836 583 1888 ούκ
607 1835 850 1907 εὔδηλον,
877 1837 957 1890 ὅτι
995 1837 1180 1907 ἐπειδὴ
1218 1836 1440 1906 ἔστησεν
1468 1835 1696 1905 ήμέραν,
1726 1834 1783 1886 ἐν

187 1920 366 1989 μέλλει
395 1921 599 1992 κρίνειν
627 1921 724 1994 τὴν
755 1924 1094 1993 οἰκουμένην,
1117 1923 1206 1976 διὰ
1229 1922 1386 1975 τοῦτο
1411 1921 1728 1974 ἀνεϐάλλετο
1749 1919 1846 1989 τὴν

187 2007 470 2076 τιμωρίαν,
501 2007 586 2060 ἵνα
635 2007 666 2077 ἢ
718 2011 783 2079 τῇ
833 2009 1181 2080 μακροθυμίᾳ
1226 2009 1487 2076 γένωνται
1520 2005 1845 2076 βελτίους,ἣ

184 2095 294 2155 τοῖς
344 2092 526 2156 αὐτοῖς
571 2095 918 2164 ἐπιμένοντες
968 2094 1322 2165 χαλεπώτερα
1371 2093 1648 2156 πάθωσιν;
1682 2093 1847 2143 Ὅταν

182 2178 358 2230 τοίνυν
390 2180 725 2251 ἁμαρτόντες
747 2193 772 2224 ι
817 2181 887 2234 τὰ
918 2181 1056 2234 αὑτά
1085 2184 1198 2244 τοῖς
1227 2181 1328 2251 ῆδη
1359 2177 1848 2248 πεπλημμεληκόσι

185 2266 277 2318 καὶ
307 2265 635 2328 κολασθεῖσι,
666 2267 740 2338 μὴ
791 2267 860 2320 τὰ
903 2269 1042 2322 αὐτὰ
1083 2268 1363 2340 πάθωμεν,
1409 2267 1484 2338 μὴ
1536 2262 1844 2335 θαρρῶμεν,

184 2351 318 2405 ἀλλά
351 2353 548 2422 μᾶλλον
581 2353 1108 2426 φοϐώμεθα.Ὥσπερ
1145 2355 1255 2425 γὰρ
1283 2355 1446 2425 νόμον
1471 2353 1570 2423 τὴν
1598 2354 1683 2404 ἐπ’
1705 2350 1848 2404 ἐκεί-

184 2455 290 2490 νων
338 2441 605 2511 τιμωρίαν
654 2438 941 2511 ἐξήνεγκεν
987 2443 1017 2496 ό
1067 2443 1218 2507 Θεὸς,
1253 2443 1387 2494 πᾶσι
1421 2439 1722 2510 παραινῶν,
1754 2437 1850 2490 καὶ

185 2525 388 2594 λέγων,
413 2529 492 2580 ὅτι
524 2529 622 2583 Διὰ
661 2528 819 2582 τοῦτο
843 2530 934 2583 τὸν
965 2529 1022 2596 ἐξ
1050 2529 1224 2600 ἀρχῆς
1254 2527 1566 2599 ἁμαρτόντα
1594 2524 1847 2588 ἐκόλασα,

187 2611 274 2665 ἵνα
305 2613 398 2665 καὶ
427 2613 492 2666 σὺ
527 2615 556 2667 ό
581 2614 697 2684 μετ’
725 2615 962 2678 ἐκείνους
991 2615 1344 2686 πλημμελῶν,
1371 2613 1441 2667 τά
1465 2613 1603 2664 αὑτά
1643 2609 1848 2680 ἀναμέ-

186 2715 303 2772 νῃς,
330 2701 416 2754 ἵνα
440 2702 750 2774 μεταϐάλλῃ
777 2703 869 2756 καὶ
892 2702 1024 2776 γένῃ
1043 2702 1286 2772 βελτίων.
1309 2701 1434 2764 Τοῖς
1463 2699 1572 2770 γὰρ
1590 2696 1849 2758 τοιούτοις

187 2787 541 2859 ἁμαρτήμασι
569 2787 815 2843 τοιαῦται
858 2793 1062 2844 κεῖνται
1106 2789 1386 2860 τιμωρίαι,
1419 2786 1520 2840 κᾶν
1554 2787 1628 2858 μὴ
1667 2801 1847 2855 παρα-

187 2875 375 2945 χρῆμα
403 2875 686 2946 ἐρχωνται.
716 2877 936 2940 Τούτοις
966 2877 1024 2930 δέ
1056 2877 1152 2946 οὐχ
1175 2876 1356 2939 ἁπλῶς
1383 2872 1707 2945 ἐνδιέτριψα,
1733 2871 1848 2924 ἀλλ’

188 2961 372 3032 ἐπειδὴ
406 2963 638 3034 πονηρὸν
668 2964 878 3035 νόσημα
907 2966 986 3028 είς
1012 2964 1110 3028 τὰς
1140 2965 1247 3016 τῶν
1274 2963 1574 3034 ἀνθρώπων
1602 2958 1849 3030 εἰσῆλθεν

189 3050 365 3114 οἰκίας
383 3050 469 3105 διά
490 3052 589 3122 τῆς
609 3051 716 3106 τῶν
735 3052 1006 3121 γυναικῶν
1033 3051 1304 3122 βλακείας,
1329 3051 1359 3102 ό
1379 3050 1479 3119 τῆς
1499 3048 1849 3119 φιλοκοσμίας

189 3137 348 3210 ἔρως,
389 3139 447 3204 ὃς
478 3141 571 3194 καὶ
605 3141 704 3212 τήν
733 3141 842 3194 τῶν
876 3140 1174 3213 χρημάτων
1211 3139 1453 3192 ἐπέτεινε
1484 3137 1672 3209 ρανίδα
1688 3137 1738 3199 ὶ),
1771 3138 1850 3199 εἰς

189 3225 451 3296 ἀκαίρους
497 3226 738 3292 δαπάνας
786 3228 911 3291 τοὺς
948 3227 1143 3299 ἀνδρας
1173 3225 1443 3298 ἐμϐαλὼν,
1474 3225 1568 3278 καλ⁵
1613 3223 1849 3294 πολέμου

195 3313 284 3366 καὶ
335 3313 575 3380 στάσεως
616 3317 709 3370 καὶ
753 3315 1080 3386 φιλονεικίας
1109 3315 1363 3378 ὑπόθεσις
1406 3314 1687 3384 γινόμενος
1715 3310 1850 3365 καθ-

193 3400 478 3471 ημερινῆς,
508 3401 600 3454 καὶ
631 3403 730 3465 τάς
771 3401 876 3454 τῶν
908 3406 1152 3473 πενήτων
1184 3399 1513 3454 κατατείνων
1557 3397 1849 3468 γαστέρας.

194 3483 365 3539 Ὅταν
394 3486 503 3557 γὰρ
531 3485 747 3540 ἃπασαν
771 3487 869 3558 τὴν
893 3487 1078 3540 οὐσίαν
1105 3486 1262 3558 γυνὴ,
1299 3487 1332 3557 ἢ
1367 3487 1459 3539 καὶ
1480 3485 1543 3538 τὸ
1562 3483 1722 3537 πλέον
1743 3483 1852 3536 τῶν

191 3571 380 3633 όντων,
409 3574 489 3634 εἰς
530 3572 629 3645 τὴν
660 3572 756 3626 τοῦ
792 3573 1040 3644 σώματος
1072 3573 1228 3645 ὓϐριν
1256 3572 1536 3645 ἀναγκάζῃ
1570 3571 1660 3624 τὸν
1685 3569 1852 3640 ἄνδρα

192 3660 435 3732 δατεανᾷν
468 3660 646 3732 (ὕϐρις
677 3660 786 3732 γὰρ
811 3661 1075 3731 σώματος,
1096 3661 1158 3714 τὸ
1183 3661 1560 3733 περικείμενον
1583 3659 1853 3730 χρυσίον),

191 3749 406 3820 ἀνάγκη
435 3746 532 3818 τὴν
555 3750 711 3820 χεῖρα
745 3748 1120 3802 συστέλλεσθαι
1143 3748 1278 3820 πρὸς
1304 3749 1403 3820 τὴν
1429 3748 1528 3818 τῆς
1558 3747 1854 3818 ἐλεημοσύ-

194 3852 288 3905 νης
307 3835 632 3906 φιλοτιμίαν.
657 3836 766 3890 Καὶ
791 3835 959 3890 πολλά
977 3837 1031 3890 δὲ
1059 3837 1219 3905 ἐτερα
1251 3837 1315 3889 ἐκ
1343 3835 1532 3890 τούτου
1559 3835 1854 3906 τικτόμενα

193 3924 339 3978 ἐστιν
374 3925 500 3977 ἰδεῖν
527 3923 936 3997 ἁμαρτημάτων
967 3925 1100 3994 εἴδη.
1149 3925 1309 3978 Ἀλλά
1336 3924 1507 3978 ταῦτα
1539 3925 1764 3993 ἀφέντες
1785 3925 1851 3992 τῇ

192 4010 356 4083 πείρα
399 4012 506 4066 τῶν
564 4012 879 4082 πασχόντων
929 4012 1125 4064 εἰδέναι
1173 4012 1378 4079 σαφῶς,
1426 4012 1534 4064 τῶν
1583 4011 1854 4080 ἐχομένων

191 4099 508 4170 ἁπτώμεθα.
542 4098 688 4153 Μετά
716 4099 828 4172 γὰρ
864 4099 926 4152 τὸ
970 4100 1314 4170 παραστῆσαι
1341 4099 1440 4170 τῆς
1481 4098 1855 4170 αἰχμαλωσίας

189 4187 250 4240 τὸ
279 4188 480 4258 σχῆμα,
513 4187 607 4240 καὶ
633 4188 826 4250 εἰπεῖν,
853 4187 934 4240 ὅτι
974 4187 1119 4241 ’Λντὶ
1132 4186 1228 4240 τοῦ
1242 4187 1626 4257 καλλωπισμοῦ
1652 4185 1854 4256 ταύτην

189 4276 396 4342 ἐπάγω,
422 4273 677 4326 ἐπιτείνει
698 4273 796 4344 τὴν
829 4273 1127 4344 συμφορὰν,
1157 4272 1330 4340 λέγων
1349 4290 1363 4304 °
1392 4273 1499 4326 Kal
1527 4275 1561 4325 ὁ
1590 4272 1718 4338 υἱός
1737 4288 1854 4325 σου

190 4368 222 4415 o'
255 4362 598 4425 κάλλιστος,
629 4360 700 4412 ὃν
743 4358 998 4428 ἀγαπᾷς,
1026 4361 1288 4428 μαχαίρᾳ
1335 4358 1619 4420 πεσεῖται,
1658 4357 1757 4411 καὶ
1800 4361 1854 4412 οἱ

191 4451 504 4519 ἰσχύοντες
540 4446 709 4514 ὑμῶν
733 4445 994 4514 μαχαίρᾳ
1029 4445 1376 4499 πεσοῦνται.
1407 4445 1576 4497 Τοῦτο
1616 4444 1724 4512 γάρ
1771 4444 1856 4496 αἰ-

189 4534 501 4606 χμαλωσίας
527 4531 925 4602 χαλεπώτερον.
956 4529 1063 4582 Καὶ
1089 4530 1197 4600 γάρ
1223 4531 1339 4582 ἐστι
1374 4529 1486 4599 ζωὴ
1518 4529 1747 4582 θανάτου
1766 4546 1855 4580 πι-

191 4621 615 4693 κροτέρα.”οταν
657 4617 767 4688 γὰρ
810 4617 946 4688 μετὰ
977 4617 1075 4686 τῆς
1102 4616 1343 4681 δουλείας
1371 4619 1464 4670 καὶ
1497 4618 1652 4688 ἄωρα
1683 4616 1852 4687 πένθη

190 4712 405 4782 θρηνεῖν
433 4707 864 4776 ἀναγκάζωνται,
893 4705 1143 4776 ἐννόησον
1189 4705 1312 4757 ὅσον
1355 4705 1453 4774 τῆς
1488 4705 1769 4774 συμφορᾶς
1794 4704 1854 4755 τὺ

193 4797 440 4868 μέγεθος,
467 4795 576 4849 τῶν
605 4794 726 4848 καθ’
749 4792 957 4847 ἐαυτάα
993 4791 1204 4863 πικρῶν
1238 4791 1406 4845 ὄντων
1439 4791 1854 4861 συναπτομένων

189 4886 453 4956 ἀλλήλοις.
490 4884 600 4937 Καὶ
629 4882 738 4953 γὰρ
782 4882 832 4934 εί
877 4879 1220 4952 αἰχμαλωσία
1263 4879 1395 4949 μόνη
1444 4875 1534 4950 ἦν,
1585 4879 1854 4950 ἀφόρητον

188 4968 257 5043 ἦν
290 4972 352 5024 τὸ
398 4970 600 5024 δεινόν’
656 4969 750 5022 καὶ
814 4970 863 5020 εἰ
930 4970 987 5020 ἐν
1043 4967 1325 5037 ἐλευθερίᾳ
1375 4965 1592 5034 ζώντων
1631 4966 1854 5018 τοιαῦτα

192 5058 468 5113 συνέϐαινε
517 5055 711 5128 πένθη,
749 5056 974 5110 θανάτου
1019 5055 1316 5126 πικροτέρα
1359 5050 1427 5123 ἦν
1457 5057 1490 5124 ή
1521 5055 1653 5125 ζωή.
1695 5054 1855 5107 Ἀλλά

189 5146 286 5200 νῦν
317 5145 600 5216 ἀμφότερα
629 5144 801 5206 ἐσται,
832 5143 985 5213 φησι,
1013 5143 1325 5212 συνηγμένα
1345 5142 1610 5211 ἀλλήλοις.
1641 5143 1854 5196 Μᾶλλον

191 5233 246 5287 δέ
274 5233 464 5305 διπλῆν
487 5233 570 5286 δεῖ
595 5230 796 5302 ταύτην
826 5231 1010 5284 καλεῖν
1045 5231 1348 5301 συμφορὰν,
1373 5230 1467 5283 καὶ
1487 5231 1740 5302 τριπλῆν,
1761 5233 1855 5284 καὶ

226 5429 769 5540 ὧζτῐὶρξάΐὲῗρτῶντες,
793 5434 846 5479 ει
871 5430 940 5479 sic
980 5428 1210 5492 superius
1250 5433 1573 5496 ἁμαρτῶντας,
1613 5437 1666 5482 el.
1705 5435 1856 5498 ἀμαρο

191 5509 345 5541 τωντα
371 5506 510 5540 11111³3.

255 5553 283 5594 b
317 5555 464 5602 Savll.
492 5552 768 5616 suspicatur
790 5553 1053 5614 legendum
1083 5555 1346 5616 τυραννίδα.
1374 5555 1438 5604 ita
1476 5561 1636 5605 tamen
1662 5557 1858 5606 uthanc

193 5617 340 5665 ellam
365 5627 535 5663 vocem
567 5615 681 5677 huic
699 5616 810 5677 Aloco
833 5627 926 5662 non
966 5615 1163 5676 prorsus-
1185 5624 1343 5677 aptam
1371 5619 1638 5666 exiqtimet.
1671 5619 1858 5666 Boisius

194 5678 392 5750 ςηηξξεὶε
415 5677 586 5750 ἶἔρωταἶ
612 5675 711 5745 Βςό
750 5675 1494 5750 nimia.vagumndivéfsiias.'Ut
1539 5687 1593 5728 nl
1627 5692 1710 5727 res
1759 5688 1855 5732 psi.

194 5737 458 5812 {Savjaa'pilé
479 5737 790 5812 pfgegrinum
813 5739 934 5788 olet.
962 5738 1068 5787 Mox
1095 5739 1212 5802 Reg.
1243 5741 1458 5802 ἐμϐαλών
1487 5747 1638 5789 recte.
1685 5740 1854 5790 Morel.

194 5799 246 5849 bl
267 5801 414 5847 Savil.
438 5799 665 5846 ἐκϐαλών.

257 5863 280 5891 θ
307 5861 430 5924 Reg.
455 5867 507 5910 et
529 5859 678 5912 Savil.
704 5859 808 5908 καθ’
827 5861 1006 5910 ἑαυτῶν

1939 421 2268 490 τετραπλῆν,
2297 423 2423 474 ὅταν
2466 421 2559 473 καὶ
2589 419 2721 480 υἱὸς.
2752 417 2842 470 καὶ
2873 415 3170 476 κάλλιστος,
3205 413 3298 467 καὶ
3328 410 3610 479 ποθούμε-

1940 524 2046 572 νος,
2073 507 2166 560 καὶ
2211 508 2315 560 ὑπὸ
2347 507 2655 578 βαρϐάρων,
2691 503 2826 557 ἀλλά
2855 501 2930 573 μὴ
2957 501 3034 572 τῷ
3066 500 3226 570 κοινῷ
3261 499 3362 569 τῆς
3384 497 3607 568 φύσεως

1943 594 2195 648 καταλύει
2222 595 2370 664 νόμῳ
2395 595 2486 646 τὸν
2515 593 2626 663 βίον
2645 607 2658 621 ·
2690 590 2784 644 καὶ
2822 589 2959 658 μετά
2989 587 3174 640 τούτου
3205 587 3295 640 καὶ
3317 587 3368 639 oi
3397 587 3454 638 ἐν
3478 583 3605 654 ήλι-

1940 681 2034 753 κίᾳ
2082 683 2302 744 πάντες,
2335 681 2474 734 ὥστε
2523 679 2656 751 μηδὲ
2696 677 2885 730 ἐλπίδα
2923 675 3105 738 αὐτοῖς
3153 669 3288 727 εἶναι
3335 670 3604 742 χρηστὴν,

1940 769 2062 821 ὅσον
2095 769 2173 831 εἰς
2200 767 2542 840 ἀνθρωπίνην
2579 761 2680 836 ἧκε
2722 763 2972 834 βοήθειαν
3001 761 3092 816 καὶ
3122 757 3453 830 συμμαχίαν.
3488 757 3608 810 Καὶ

1940 852 2441 918 ταπεινωθήσεται
2463 852 2492 892 ἀ
2519 870 2532 883 ·
2564 852 2663 906 καί
2699 847 2815 922 [48]
2855 847 3268 914 πενθήσουσιν
3312 846 3371 898 αἱ
3420 841 3611 908 θῆκαι

1941 941 2050 994 τοῦ
2079 942 2308 1011 κόσμου
2350 941 2534 1011 ὑμῶν,
2565 940 2661 994 καὶ
2689 935 3132 1007 καταλειφθήσῃ
3163 933 3344 1003 μόνη,
3373 931 3472 985 καὶ
3514 931 3612 994 είς

1941 1027 2058 1094 τὴν
2088 1027 2207 1097 γῆν
2233 1026 2629 1096 ἐδαφισθήσῃ.
2662 1025 2761 1079 Διά
2793 1025 3007 1078 πάντων
3046 1019 3197 1084 αὒξει
3245 1017 3336 1072 τδν
3383 1016 3608 1086 θρῆνον,

1943 1116 2200 1169 ἐπιτείνει
2219 1115 2310 1169 τὸν
2330 1114 2512 1184 φόϐον,
2542 1112 2892 1184 ἀκμάζουσαν
2913 1110 3010 1178 τὴν
3029 1107 3266 1176 ἀγωνίαν
3290 1103 3609 1176 ἐργάζεται,

1943 1203 2034 1254 ὑπ’
2066 1201 2187 1270 ὄψιν
2217 1201 2338 1270 ἄγει
2376 1201 2446 1254 τὰ
2469 1200 2636 1264 δεινὰ,
2666 1199 2879 1270 εὐρύνει
2921 1199 3018 1266 τῆς
3051 1193 3332 1264 συμφορᾶς
3379 1189 3477 1260 τὴν
3522 1188 3614 1240 δι-

1943 1289 2160 1358 ήγησιν.
2185 1285 2456 1357 πανταχοῦ
2490 1284 2844 1357 περιτρέχων,
2869 1281 3126 1336 πάντοθεν
3146 1277 3390 1344 συνάγων
3420 1275 3488 1327 τά
3511 1273 3614 1325 λυ-

1945 1373 2096 1443 πηρά
2137 1373 2226 1427 διά
2274 1373 2374 1444 τὴν
2415 1372 2524 1425 τῶν
2568 1371 2870 1424 ἀκουόντων
2909 1365 3282 1436 ἀναισθησίαν.
3299 1359 3616 1430 ’Δγαπητὸν

1943 1460 2052 1530 γὰρ
2086 1455 2156 1530 ἦν
2196 1459 2483 1522 τοσαύταις
2530 1456 2949 1526 κατασειομένας
2982 1452 3148 1515 αὐτὰς
3173 1448 3421 1512 ἀπειλαῖς
3451 1447 3616 1500 ἀνεν-

1945 1550 2146 1617 εγκεῖν,
2173 1547 2266 1601 καὶ
2292 1546 2474 1601 λαϐεῖν
2501 1545 2749 1616 αἴσθησιν
2779 1543 2888 1597 τῶν
2913 1541 3209 1612 μελλόντων
3233 1533 3616 1606 συμϐήσεσθαι

1945 1633 2223 1704 λυπηρῶν.
2252 1632 2353 1686 Διά
2377 1633 2441 1704 δὴ
2465 1631 2623 1686 τοῦτο
2651 1631 2746 1684 καὶ
2779 1631 3076 1700 ἐπήγαγεν,
3098 1626 3127 1679 ὃ
3150 1625 3352 1694 σφόδρα
3376 1618 3618 1675 ἐλεεινὸν

1947 1718 2084 1775 εἶναι
2111 1721 2273 1785 δοκεῖ,
2301 1720 2363 1772 τὸ
2404 1718 2627 1790 χρυσίου
2673 1718 2847 1787 θήκην
2875 1717 3007 1787 ὁρᾷν
3039 1710 3439 1781 κεκενωμένην,
3469 1705 3617 1760 ὑπό-

1951 1825 2139 1880 μνημα
2182 1807 2282 1876 τῆς
2324 1806 2558 1868 παλαιᾶς
2594 1803 2916 1874 εὐπραγίας,
2953 1801 3040 1854 διὰ
3083 1799 3180 1869 τῆς
3221 1797 3395 1866 ὅψεως
3427 1792 3620 1880 ἀκμά-

1948 1879 2144 1960 ζουσαν
2171 1891 2458 1963 διατηροῦν
2491 1890 2590 1961 τὴν
2630 1889 2916 1960 ἀλγηδόνα.
2949 1887 3056 1940 Καὶ
3092 1884 3199 1954 γάρ
3225 1881 3343 1935 τότε
3373 1879 3620 1950 μάλιστα

1947 1981 2160 2035 δάκνειν
2193 1981 2336 2049 ὑμᾶς
2381 1977 2632 2031 εἰώθασιν
2663 1977 2724 2029 αἰ
2776 1973 3070 2043 συμφοραὶ,
3099 1970 3225 2024 ὅταν
3277 1966 3446 2028 αὐτὰς
3489 1965 3618 2026 ταῖς

1950 2068 2242 2139 προτέραις
2286 2064 2716 2138 παραϐάλλωμεν
2755 2059 3102 2131 εὐημερίαις’
3134 2055 3287 2125 καὶὴ
3327 2053 3621 2139 σύγκρισις

1949 2135 2323 2225 χάλεπῶτερον
2348 2135 2410 2204 τὸ
2434 2151 2589 2213 ἕλκος
2623 2148 2929 2220 ἐργάζεται.
2965 2143 3134 2198 Τοῦτο
3183 2140 3310 2210 γοῦν
3357 2154 3484 2190 ποτε
3513 2135 3620 2189 καὶ

1948 2243 1978 2294 ό
2015 2240 2133 2294 Ἰὼϐ
2162 2239 2373 2312 θρηνῶν
2398 2238 2549 2306 ἔλεγε
2571 2252 2583 2265 ·
2621 2237 2716 2302 ΤΙς
2748 2235 2827 2288 ἂν
2846 2250 2922 2302 με
2953 2227 3077 2299 θείη
3101 2228 3247 2300 μετὰ
3277 2226 3442 2296 μῆνα
3466 2225 3620 2293 ἠμε-

1943 2327 2068 2396 ρῶν
2088 2326 2206 2380 τῶν
2226 2327 2595 2396 ἐμπροσθεν;
2615 2322 2706 2376 καὶ
2727 2322 2993 2392 διηγεῖται
3011 2318 3102 2372 τὸν
3123 2313 3348 2369 πλοῦτον
3373 2313 3620 2373 ἅπαντα,

1951 2415 2044 2470 καὶ
2076 2414 2144 2467 τὰ
2171 2413 2357 2484 ὥσπερ
2382 2402 2446 2465 ἐκ
2474 2411 2665 2483 πηγῶν
2700 2408 3020 2480 ἐπιρρέοντα
3051 2403 3249 2474 ἀγαθά,
3279 2402 3379 2472 τὰς
3423 2399 3619 2468 τιμὰς,

1947 2502 2048 2566 τὰς
2075 2501 2386 2573 προσόδους,
2417 2499 2516 2570 τὴν
2553 2499 2906 2568 περιφάνειαν
2940 2493 3179 2552 ἅπασαν,
3215 2488 3354 2542 ὥστε
3383 2488 3448 2557 τῇ
3484 2502 3621 2554 συγ-

1949 2588 2126 2659 κρίσει
2153 2588 2356 2641 τούτων
2388 2585 2564 2656 πολλῷ
2593 2583 2944 2654 χαλεπώτερα
2971 2581 3136 2644 δεῖξαι
3160 2577 3228 2631 τά
3257 2575 3498 2646 παρόντα
3523 2574 3623 2627 καὶ

1949 2675 2308 2747 κατειληφότα
2358 2673 2519 2727 αὐτὸν
2571 2671 2736 2726 δεινά.
2769 2673 2834 2723 ’Ὀ
2879 2668 3068 2740 δήκαὶ
3115 2667 3142 2718 ὁ
3189 2665 3471 2736 προφήτης
3517 2660 3620 2714 νῦν

1953 2765 2193 2834 ἐποίησε,
2227 2763 2334 2816 τῶν
2367 2761 2549 2833 θηκῶν
2577 2760 2913 2831 ἀναμνήσας,
2941 2758 3033 2811 καὶ
3065 2754 3184 2808 οὐδὲ
3209 2751 3418 2813 τούτοις
3443 2750 3620 2820 ἀρκε-

1955 2851 2120 2915 σθεὶς,
2156 2850 2292 2904 ἀλλά
2320 2849 2414 2902 καὶ
2447 2846 2753 2916 εἰσαγαγὼν
2784 2845 2950 2907 αὑτάς
2985 2840 3300 2901 πενθούσας.
3318 2838 3620 2908 Ἐμφαντι-

1953 2941 2190 3012 κώτερον
2235 2939 2344 3009 γάρ
2391 2937 2548 2990 τοῦτο
2585 2937 2678 2990 τοῦ
2722 2935 2879 3002 λόγου
2909 2933 2969 2986 τὸ
2997 2927 3156 2994 εἶδος,
3193 2930 3320 2983 ὅταν
3357 2925 3618 2989 τοιαύτας

1953 3027 2252 3100 ἐργάζηται
2282 3022 2888 3096 προσωποποιίας.¹Ήδη
2921 3019 3049 3088 γοῦν
3073 3018 3166 3071 καὶ
3193 3015 3469 3086 ἀμπέλους
3487 3013 3621 3084 θρη‹

1952 3116 2145 3178 νούσας
2172 3113 2403 3182 εἰσάγει,
2439 3113 2531 3165 καὶ
2551 3109 2710 3172 οἶνον,
2743 3109 2883 3162 ὥστε
2921 3107 3118 3178 μᾶλλον
3149 3102 3468 3158 καθικέσθαι
3502 3101 3618 3153 τῶν

1952 3202 2336 3275 ἀκροωμένων,
2369 3199 2464 3252 καὶ
2488 3198 2586 3269 τῆς
2612 3195 2918 3266 παχύτητος
2948 3191 3126 3245 αὐτῶν
3153 3187 3520 3275 καθάψασθαι.
3551 3186 3620 3238 Τί

1951 3290 2008 3344 δέ
2029 3271 2178 3350 ἐστι,
2221 3283 2679 3353 Καταλειςρθήσῃ
2724 3282 2920 3351 μόνης
2953 3277 3062 3331 Καὶ
3100 3274 3422 3347 συμμάχων,
3455 3271 3616 3341 φησὶ,

1953 3377 2045 3430 καὶ
2071 3375 2170 3444 τῆς
2203 3373 2295 3426 τοῦ
2325 3371 2460 3425 Θεοῦ
2506 3369 2760 3440 προνοίας
2803 3363 3166 3436 ἐρημωθεῖσα,
3194 3362 3289 3415 καὶ
3319 3361 3419 3429 τῆς
3445 3358 3620 3427 ἄλλης

1957 3459 2306 3535 περιφανείας
2349 3456 2696 3528 γυμνωθεῖσα
2741 3455 2940 3522 πάσης.
2987 3450 3080 3504 καὶ
3129 3446 3460 3518 πανταχόθεν
3507 3446 3620 3498 ὑπὸ

1951 3533 2060 3603 τῶν
2105 3546 2376 3618 πολεμίων
2406 3541 2770 3612 κυκλουμένη,
2805 3540 2898 3594 καὶ
2930 3540 2986 3590 ἐν
3021 3537 3204 3607 μέσοις
3229 3533 3617 3604 ἀπειλημμένη

1956 3636 2270 3708 βαρϐάροις.
2299 3629 2432 3686 Εἶτα
2458 3632 2556 3700 τὴν
2578 3621 2879 3700 ὑπερϐολὴν
2898 3627 2997 3695 τῆς
3017 3621 3395 3708 ταπεινώσεως
3432 3636 3620 3690 παρα-

1955 3705 2151 3795 στῆσαι
2202 3721 2390 3783 θέλων,
2419 3718 2580 3790 φησί·
2618 3716 2726 3770 Καὶ
2771 3716 2858 3780 είς
2906 3713 3021 3779 τὴν
3055 3709 3172 3779 γῆν
3211 3705 3619 3795 ἐδαφισθήσῃ.

1955 3792 2108 3873 υὺδέ.
2140 3809 2309 3879 Πέσῃ,
2329 3803 2500 3871 εἶπεν,
2533 3804 2676 3868 οὐδὲ,
2710 3799 3116 3870 Κατενεχθήσῃ,
3147 3795 3258 3850 ἀλλ’
3291 3793 3452 3865 ἐτέρᾳ
3471 3792 3619 3856 λέξει

1956 3899 2284 3968 σαφέστερον
2316 3891 2696 3964 ἐνδεικνυμένῃ
2735 3888 2831 3960 τὴν
2874 3885 3143 3940 εὐτέλειαν
3187 3883 3355 3952 αὐτῆς
3399 3881 3620 3935 ἃπασαν

1954 3987 2319 4058 ἀπεχρήσατο.

2609 4079 2858 4135 ΚΕΦΔΛ.
2897 4080 2970 4133 A'.

1957 4217 2062 4274 Καὶ
2093 4213 2493 4282 ἐπιλήψονται
2517 4207 2666 4282 ἑκτὰ
2696 4203 2974 4282 γυναῖκες
3000 4202 3070 4282 ἐις
3101 4199 3176 4271 τῇ
3207 4199 3394 4282 ἡμέρᾳ
3413 4197 3619 4282 ἐκείιςῃ

2025 4269 2338 4354 armme
2357 4280 2514 4354 mg,
2535 4269 2856 4354 ,zémgagu
2888 4275 3002 4328 Τὸν
3012 4269 3214 4354 ﬁt}ng
3237 4269 3402 4354 ᾐμῶν
3423 4275 3620 4354 gara):

2021 4335 2323 4427 καί
2353 4352 2424 4404 τὰ
2453 4335 2655 4427 {uana
2675 4345 2842 4427 ἡμῶγ
2867 4335 3335 4427 ςιεριϐᾰβώέίεθας
3359 4335 3526 4427 πξὴιέ
3538 4335 3616 4427 ξὸ

1964 4472 1970 4479 .
2021 4407 2214 4494 ῐὶρὸλὶὶι
2241 4407 2356 4494 σοι)
2389 4407 2819 4485 κειὶλήσθωᾍςθ
2848 4407 3026 4484 ἡμᾶς,
3057 4407 3243 4481 ἄφελε
3271 4410 3376 4463 τὸν
3401 4407 3620 4461 ὀνειδι-

2026 4490 2186 4564 σμὸν
2214 4490 2403 4561 ἡμῶν.

2027 4598 2216 4668 α’.Τὴν
2232 4598 2297 4650 ἐκ
2323 4593 2417 4648 τοῦ
2441 4591 2676 4664 πολέμου
2695 4589 2979 4660 συμϐᾶσαν
3005 4582 3432 4656 ὀλιγανθρωπίαν
3449 4581 3623 4652 ἐμφῆ-

1957 4705 2043 4741 ναι
2075 4685 2340 4757 βούλεται,
2373 4681 2465 4735 καὶ
2497 4680 2612 4741 πῶς
2641 4680 2720 4742 εἰς
2747 4678 3024 4747 ἐλάχιστον
3061 4672 3319 4746 περιέστη
3340 4683 3363 4710 ο
3393 4671 3422 4723 ὁ
3448 4671 3620 4739 δῆμος

1957 4775 2064 4828 τῶν
2108 4772 2399 4826 Ἰουδαίων.
2457 4767 2590 4821 Οὑδέ
2633 4766 2742 4834 γάρ
2801 4762 3129 4835 προστασίας
3167 4760 3372 4829 ἔφησαν
3411 4757 3622 4810 δεῖσθαι

1956 4865 2074 4925 ταῖς
2105 4860 2316 4929 γυναιξὶ
2346 4853 2724 4929 προσηκούσης
2745 4851 2850 4905 ὑπὸ
2880 4849 3088 4920 ἀνδρῶν
3115 4844 3623 4919 παρέχεσθαι,ἀλλά

1956 4950 2121 5020 ἀτελῆ
2149 4949 2248 5019 τῆς
2281 4945 2616 5016 λειτουργίας
2647 4941 2812 4995 αὐτὸν
2843 4941 3058 5009 ἀφεῖναι
3087 4935 3309 5003 ταύτης,
3343 4935 3436 4986 καὶ
3466 4933 3624 5002 στέρ-

1955 5055 2071 5108 γειν
2106 5018 2466 5104 καὶίάγαπᾷν,
2495 5033 2543 5084 εί
2565 5029 2754 5092 ἀπλῶς
2801 5026 2932 5096 γοῦν
2977 5025 3070 5076 καὶ
3107 5024 3183 5086 ὡς
3213 5023 3368 5090 ἔτυχε
3399 5018 3494 5072 τοῦ
3521 5020 3622 5087 τῆς

1957 5128 2181 5200 χηρείας
2211 5124 2568 5190 ἀπαλλαγεῖεν
2597 5119 2882 5188 ὀνόματος.
2913 5113 3084 5167 Τοῦτο
3123 5113 3230 5181 γάρ
3270 5114 3449 5172 ἐστιν,
3487 5111 3623 5177 Ἀερ-

2090 5216 2197 5268 τὸν
2228 5209 2568 5279 ὀνειδισμὸν
2605 5205 2772 5274 ἡμῶν
2795 5223 2808 5236 ·
2845 5202 3030 5271 ἐπειδὴ
3059 5201 3118 5254 τὸ
3153 5198 3376 5252 παλαιὸν
3420 5195 3622 5257 ὄνειδος

1956 5304 2112 5356 τοῦτο
2133 5301 2152 5340 τ
2195 5295 2334 5353 εἶναι
2378 5296 2569 5350 ἐδόκει.
2610 5292 2686 5360 Τῇ
2729 5292 2796 5345 δὲ
2843 5289 3029 5359 ἡμέρα
3058 5287 3258 5352 ἐκείνῃ
3295 5284 3620 5353 ἐπιλάμψει

1957 5395 1989 5445 ό
2019 5391 2164 5454 Θεὸς
2195 5389 2263 5442 ἐν
2295 5382 2499 5450 ,βουλῇ
2518 5381 2667 5450 μετὰ
2705 5377 3013 5444 δύξης.ἐπὶ
3046 5375 3156 5446 [49]
3189 5374 3297 5440 τῆς
3342 5372 3474 5440 τῆς,
3515 5373 3621 5425 τοῦ

1959 5477 2196 5546 ὑψῶσαι
2219 5475 2318 5528 καὶ
2339 5471 2444 5526 τοῦ
2458 5467 2712 5534 δοξάσαι
2733 5465 2798 5520 τὸ
2817 5461 3210 5532 καταλειφθὲν
3228 5460 3333 5516 τοῦ
3350 5460 3618 5528 Ἰσραήλ.

2021 5618 2046 5657 ‹1
2074 5618 2280 5666 Alienus
2301 5610 2564 5674 legendum
2585 5609 2766 5658 indicat
2796 5606 2877 5654 καὶ
2907 5602 3354 5660 ταπεινωθήσονται,
3381 5604 3436 5647 ul
3456 5610 3618 5658 supra.

1960 5683 2058 5730 Sed
2081 5677 2196 5726 nihil
2226 5677 2328 5724 ausi
2352 5685 2518 5721 sumus
2541 5677 2750 5719 mutare.

2026 5723 2058 5782 ἕ
2321 5741 2374 5783 ei.
2407 5731 2666 5782 Bavaricus
2690 5750 2704 5792 ς
2732 5731 2850 5792 Reg.
2896 5733 2946 5776 el
2994 5725 3144 5776 Savil.
3173 5723 3424 5786 περίεστιν,
3463 5723 3623 5770 minus

1961 5811 2154 5912 Γρῖιὲἰε
2181 5861 2348 5909 Bavar.
2376 5864 2427 5906 et
2449 5855 2642 5914 Moreln,
2685 5857 2732 5904 in
2756 5854 2858 5914 Reg
2904 5860 2956 5901 et
3001 5848 3150 5898 Savil.
3175 5843 3316 5894 τοῦτο
3348 5844 3506 5894 deest.
