3712 6274
94 310 134 363 5
1351 300 1414 355 IN
1455 298 1704 364 ISAIAM,
1744 300 1895 357 CAP.
1940 302 2027 357 tv.
3301 312 3367 367 δι

197 426 406 472 tantam
432 418 837 492 providentiam
866 416 1003 472 nacti
1034 423 1194 480 sunt,
1229 408 1399 486 neque
1421 415 1670 484 exemplo

86 512 508 581 temperantiores
547 519 881 575 evaserunt,
909 508 960 563 id
988 508 1129 579 quod
1170 517 1448 577 peccatum
1497 506 1669 561 reddit

83 612 196 677 ηερ
219 607 472 676 gravius,
502 620 722 676 pinnam
753 596 887 674 ipsis
913 602 1234 659 destinatam
1256 599 1531 670 efiugere‘l
1560 598 1668 654 Cur

82 714 170 767 σεο
206 698 487 753 hactenus
514 712 708 769 pinnas
738 710 847 750 non
877 692 1176 749 dederunt?
1202 691 1270 748 Ut
1310 690 1518 747 ediscas
1545 688 1667 745 illos

80 794 202 860 iunge
227 790 477 860 graviori
510 788 782 844 reservari
812 784 1095 857 supplicio.

58 910 63 945 ν
126 884 201 936 lt).
230 881 395 949 Quod
429 881 586 936 enim
618 880 831 951 possint
854 880 1117 934 atrociora
1146 875 1336 946 inﬁigi,
1370 890 1529 946 quam
1559 874 1662 931 So-

70 974 293 1039 domitis,
344 971 483 1027 audi
520 972 796 1028 Christum
842 970 1107 1025 dicentem
1138 986 1151 1022 :
1182 967 1525 1023 Tolerabilius
1566 967 1661 1020 erit

70 1080 187 1117 terra:
203 1064 572 1119 Sodomorum
593 1074 639 1119 et
660 1063 958 1134 Gomorrltte
985 1063 1038 1115 in
1062 1062 1143 1116 die
1159 1060 1366 1131 judicii,
1400 1076 1553 1128 quant
1578 1059 1654 1112 ci-

72 1157 181 1208 γέιωὶ
214 1157 341 1208 huic
374 1155 397 1224 (
424 1155 624 1208 Matth.
661 1155 750 1210 10.
784 1154 913 1222 15).
948 1152 1021 1207 lta
1054 1160 1112 1206 ttt
1141 1152 1300 1207 etiam
1338 1150 1381 1205 si
1408 1166 1527 1220 qum
1556 1149 1660 1203 hoc

70 1262 233 1303 eruam
257 1251 479 1321 fulgent
518 1250 775 1305 mulieres
806 1264 911 1303 non
938 1248 1087 1319 paria
1117 1248 1385 1316 patiantur
1413 1247 1476 1301 iis
1499 1287 1514 1311 ,
1542 1259 1662 1315 quae

72 1358 165 1397 tunc
190 1342 563 1408 ontabantnr,
590 1357 657 1397 ne
683 1340 975 1396 conﬁdant.
999 1339 1130 1393 Nam
1154 1338 1432 1393 tolerantia
1456 1336 1661 1407 patien-

74 1438 213 1501 itaque
238 1434 562 1503 graviorem
579 1433 879 1487 accumulat
903 1432 1038 1502 ignis
1063 1430 1356 1496 fornacem,
1382 1430 1660 1497 majorem-

72 1540 141 1591 qae
167 1526 447 1580 ﬂammam
475 1525 659 1581 efﬁcit.
685 1524 797 1580 Hoc
817 1521 1037 1578 Ananize
1062 1530 1115 1577 et
1137 1519 1411 1591 Sapphirat
1441 1520 1660 1590 contigit

70 1620 176 1673 im.
198 1617 278 1686 ὅ).
303 1617 445 1671 Nam
472 1617 551 1671 illi
570 1616 625 1670 in
648 1616 910 1686 principio
930 1624 984 1670 et
1002 1613 1224 1669 exordio
1246 1611 1656 1681 prmdicationis,

68 1724 161 1761 tum
189 1722 261 1761 ex
301 1707 556 1775 pecuniis
587 1708 689 1762 illis
713 1707 985 1779 quidpiam
1025 1705 1267 1759 suﬁ‘urati
1297 1712 1498 1768 essent,
1529 1718 1659 1757 con-

68 1800 216 1854 tstim
246 1801 471 1870 abrepti
512 1808 676 1865 sunt;
701 1808 825 1869 post
848 1800 966 1853 illos
1004 1806 1182 1852 autem
1230 1796 1380 1850 mulli
1407 1795 1496 1866 qui
1534 1794 1654 1848 talia

65 1891 153 1944 nisi
180 1889 438 1953 fuerant,
487 1890 621 1944 nihil
659 1889 904 1960 perpessi
947 1897 1090 1944 sunt.
1121 1888 1223 1955 Qui
1267 1886 1423 1956 igitur
1462 1883 1653 1939 rationi

64 1991 472 2038 consentaneum
503 1996 627 2037 esse
651 1981 842 2051 possit,
870 1980 1071 2051 justum
1094 1978 1332 2048 judicem
1350 2017 1365 2040 .
1393 1975 1481 2045 qui
1505 1974 1650 2043 paria

66 2076 291 2129 erunibus
314 2074 629 2140 distribuit,
658 2088 755 2130 eos
774 2073 865 2143 qui
887 2073 1059 2125 minus
1082 2069 1422 2140 peccaverint
1444 2066 1652 2130 ulcisci,

64 2181 137 2218 eos
161 2175 345 2220 autem
387 2166 484 2236 qui
520 2165 766 2236 graviora
810 2162 1076 2217 admisere
1108 2161 1309 2215 scelera
1348 2157 1653 2213 dimittere?

66 2262 233 2310 Annon
257 2257 445 2326 palam
468 2267 573 2321 est,
592 2256 713 2326 quia
737 2254 878 2310 diem
899 2252 1103 2318 statuit,
1126 2252 1176 2305 in
1199 2265 1299 2321 qna
1317 2249 1652 2318 judicaturus

66 2350 329 2403 estorbcm
348 2392 365 2415 ,
401 2348 527 2403 ideo
557 2347 873 2417 supplicium
894 2345 1113 2399 differre
1133 2385 1147 2408 ,
1184 2353 1241 2396 nt
1275 2351 1367 2397 aut
1397 2343 1652 2412 patientia

64 2442 156 2509 ejus
172 2442 439 2496 meliores
463 2441 791 2505 reddantur,
816 2446 906 2492 aut
952 2438 994 2491 si
1024 2439 1076 2491 in
1114 2437 1304 2492 iisdem
1342 2437 1648 2504 persistant,

64 2534 306 2587 urociora
339 2531 655 2602 patiantur?
681 2531 810 2584 Cum
836 2529 990 2599 igitur
1015 2528 1200 2583 eadem
1228 2530 1430 2584 scelera
1455 2529 1651 2583 admit-

66 2628 223 2687 timus,
254 2640 381 2694 qum
412 2623 749 2676 admiserunt
773 2622 846 2674 illi
879 2621 966 2690 qui
994 2621 1253 2690 supplicio
1293 2619 1467 2675 affecti
1498 2631 1643 2687 sunt,

68 2734 139 2771 aee
165 2717 363 2770 eadem
392 2730 519 2784 qua:
551 2714 624 2768 illi
656 2713 908 2782 patimur,
937 2729 1003 2767 ne
1025 2712 1378 2778 conﬁdamus,
1408 2714 1502 2767 sed
1530 2728 1644 2767 nta-

62 2809 456 2877 gistimeamns.
492 2805 642 2861 Sicut
672 2804 814 2861 enim
858 2805 1026 2875 legem
1056 2806 1175 2859 tulit
1215 2806 1354 2861 Deus
1395 2822 1491 2875 per
1528 2807 1646 2861 illo-

64 2917 156 2952 ram
182 2898 513 2970 supplicium
536 2940 551 2964 ,
583 2913 772 2952 omnes
797 2897 1088 2952 admonens
1107 2939 1121 2959 ,
1153 2897 1443 2968 dicensque
1476 2915 1489 2951 :
1519 2898 1645 2953 Ideo

62 3008 162 3045 cum
188 2992 277 3060 qui
307 2991 381 3046 ab
412 2990 569 3044 initio
608 2988 847 3059 peccavit
874 2989 1131 3059 supplicio
1156 2988 1306 3043 all'cci
1329 3031 1343 3056 ,
1382 2998 1440 3043 ut
1472 3000 1525 3045 et
1557 3000 1643 3057 ιιι,

61 3085 133 3151 qui
166 3092 284 3153 post
313 3083 442 3137 illos
464 3081 672 3137 scelera
700 3080 957 3148 admittis,
985 3080 1170 3135 eadem
1204 3082 1317 3151 ipsa
1340 3090 1641 3151 exspectes,

60 3186 101 3229 ct
116 3174 456 3230 converteris
497 3182 554 3230 et
590 3172 783 3229 melior
821 3173 1035 3228 evadas.
1061 3172 1336 3229 Similibus
1370 3173 1510 3228 enim
1539 3174 1644 3228 cri-

62 3270 272 3323 minibus
299 3268 519 3323 similes
564 3282 738 3337 pmna:
776 3266 1076 3322 constituta:
1115 3276 1268 3333 sunt,
1299 3266 1507 3322 etiamsi
1536 3281 1641 3321 non

60 3361 217 3415 statim
271 3361 521 3416 veniant.
571 3358 628 3413 lu
658 3358 744 3415 his
798 3374 956 3429 porro
1005 3374 1114 3413 non
1159 3359 1277 3415 sine
1318 3373 1479 3414 causa
1522 3374 1640 3413 sum

64 3458 393 3517 immoratus;
422 3452 523 3507 sed
547 3452 673 3522 quia
696 3452 884 3505 noxius
908 3450 995 3506 ille
1022 3451 1239 3506 morbus
1273 3452 1324 3505 itt
1364 3450 1638 3506 hominum

62 3546 182 3599 edes
208 3545 495 3615 ingressus
519 3552 604 3598 est
639 3543 709 3598 ob
730 3542 1014 3597 mulierum
1053 3542 1353 3610 mollitiem,
1382 3558 1533 3598 amor.
1558 3543 1638 3597 vi-

59 3639 229 3692 delicet
278 3646 770 3698 ornamentorum,
824 3620 913 3704 qui
964 3635 1307 3704 pecuniarum
1371 3636 1640 3705 impensas

58 3732 201 3794 auxit,
235 3731 291 3784 in
327 3738 586 3798 sumptus
615 3727 1020 3798 intempestivos
1050 3726 1293 3781 homines
1321 3726 1634 3797 conjiciens,

56 3837 102 3875 ac
134 3822 279 3887 belli,
318 3821 701 3886 dissensionis,
735 3828 790 3875 et
830 3819 1152 3891 quotidiana:
1195 3819 1305 3874 litis
1345 3835 1503 3875 causa
1530 3827 1634 3885 est,

58 3928 444 3985 mur-eruntque
477 3920 693 3967 ventres
719 3911 917 3965 atterit.
956 3910 1088 3965 Cum
1116 3910 1258 3964 enim
1290 3918 1426 3965 totas
1465 3910 1635 3965 facul-

55 4016 191 4069 tales,
218 4019 315 4060 aut
355 4021 502 4075 saepe
542 4006 682 4060 ultra
725 4004 1025 4069 facultates,
1058 4003 1251 4059 mulier
1281 4004 1333 4058 in
1359 4013 1637 4059 contume-

54 4102 160 4153 liam
203 4101 456 4168 corporis
481 4100 562 4151 sui
590 4100 763 4152 virum
801 4104 957 4165 cogat
984 4095 1290 4165 impendere
1318 4095 1462 4167 (nam
1490 4106 1636 4151 certe

48 4193 365 4247 contumelia
408 4190 652 4260 corporis
676 4198 760 4244 est
783 4203 971 4243 aurum
1014 4185 1503 4259 circumpositum),
1538 4202 1635 4243 ne-

46 4298 185 4339 cesse
216 4296 445 4353 prorsus
490 4290 572 4335 est
617 4295 835 4335 manum
878 4279 1152 4334 retrahere
1187 4279 1255 4334 ab
1293 4280 1635 4350 eleemosyna

44 4376 328 4446 eroganda.
362 4374 636 4445 Multaque
663 4373 764 4427 alia
796 4372 920 4426 hinc
939 4379 1052 4427 orta
1083 4380 1297 4441 peccata
1324 4371 1503 4427 videre
1529 4381 1632 4426 est.

48 4469 231 4523 Verum
263 4468 353 4521 his
377 4466 653 4531 dimissis,
684 4473 741 4519 ut
770 4479 831 4519 ea
855 4464 1183 4533 experientia
1210 4463 1418 4519 discant
1446 4464 1513 4526 ii,
1545 4464 1633 4533 qui

50 4562 147 4615 Im:
175 4561 486 4629 patientur,
517 4572 580 4613 ea
615 4572 738 4626 quae
772 4566 1065 4627 sequuntur
1106 4558 1448 4627 attingamus.
1479 4557 1633 4611 Post-

48 4666 189 4720 quam
237 4648 574 4719 captivitatis
610 4648 835 4702 formam
880 4648 1203 4715 declaravit,
1235 4659 1289 4703 et
1315 4649 1490 4704 dixit:
1530 4649 1634 4704 Pro

48 4754 219 4797 ornatu
250 4743 428 4813 ipsam
477 4740 723 4795 inducam
743 4780 759 4804 ,
788 4749 949 4810 auget
976 4741 1334 4796 calamitatem
1355 4783 1370 4808 ,
1402 4741 1583 4796 dicens
1616 4758 1630 4795 :

52 4833 105 4887 Et
130 4836 268 4905 ﬁlius
293 4846 419 4888 tuus
443 4832 834 4902 pulcherrimus,
865 4847 1011 4901 quem
1046 4831 1238 4901 diligis,
1269 4832 1442 4901 gladio
1466 4832 1631 4899 cadet,

48 4946 81 4980 et
109 4933 257 5000 fortes
288 4927 447 4981 vestri
474 4923 649 4995 gladio
682 4923 882 4977 cadent.
913 4923 1028 4979 Hoc
1069 4924 1264 4993 quippe
1305 4931 1389 4979 est
1426 4924 1505 4978 vel
1538 4937 1633 4979 ca-

51 5026 272 5092 ptivitate
305 5021 553 5093 gravius.
582 5019 682 5075 Est
709 5018 852 5074 enim
884 5019 986 5073 vita
1017 5019 1262 5090 quaedam
1292 5027 1463 5074 morte
1479 5033 1634 5073 acer-

54 5120 168 5171 btor.
187 5117 331 5172 Nam
357 5111 580 5186 quando
597 5127 722 5169 eum
743 5112 1002 5166 servitute
1031 5112 1433 5181 intempestivos
1460 5112 1634 5166 luctus

54 5210 281 5280 prosequi
309 5215 603 5277 coguntur,
631 5205 805 5274 cogita
832 5213 1032 5274 quanta
1060 5204 1130 5259 sit
1165 5204 1480 5258 calamitatis
1514 5219 1630 5258 nta-

52 5302 280 5367 gnitudo,
330 5314 458 5353 cum
495 5298 805 5352 continuata
843 5296 981 5351 serie
1019 5311 1273 5350 terumnae
1307 5295 1407 5350 sibi
1448 5304 1633 5349 mutuo

54 5392 346 5447 malunt.
376 5388 513 5444 Nam
538 5388 641 5443 etsi
670 5386 950 5457 captivitas
973 5386 1085 5442 sola
1109 5387 1340 5452 adesset,
1366 5401 1428 5441 ea
1455 5394 1632 5440 tamen

57 5491 170 5535 esset
192 5479 600 5535 intolerandum
629 5477 834 5531 malum
865 5492 880 5529 :
909 5485 963 5531 et
998 5477 1043 5531 si
1073 5477 1124 5529 in
1159 5475 1403 5530 libertate
1445 5475 1629 5529 viven-

59 5572 166 5628 tibus
194 5574 332 5628 tales
372 5581 552 5627 luctus
593 5568 1005 5637 contingerent,
1037 5575 1211 5621 morte
1249 5564 1497 5620 acerbior
1523 5567 1628 5618 vita

59 5674 183 5719 esset.
216 5665 329 5721 Sed
362 5676 509 5716 nunc
533 5661 649 5715 lucc
669 5660 831 5714 ambo
859 5667 1038 5724 erunt,
1069 5658 1260 5728 inquit,
1296 5666 1477 5711 mutuo
1497 5672 1628 5711 con-

57 5756 221 5811 iuncta.
256 5757 370 5813 [me
392 5754 577 5825 potius
599 5752 739 5808 hanc
764 5750 1117 5808 Calamitatem
1149 5750 1414 5820 duplicem
1446 5749 1627 5820 appel-

1780 412 1892 469 lare
1931 430 2027 484 par
2064 423 2165 482 est,
2206 418 2483 489 etiamque
2523 422 2783 492 triplicem
2834 436 2889 482 et
2933 429 3368 503 quadruplicem,

1778 504 1991 572 quando
2038 513 2091 561 et
2132 506 2293 574 ﬁlius,
2338 519 2394 565 et
2436 510 2844 581 pulcherrimus,
2868 528 2922 572 et
2969 519 3215 589 dilectus,
3254 535 3310 582 et
3336 542 3366 580 a

1776 593 2019 650 barbaris
2049 610 2219 652 ctesus
2240 639 2255 663 ,
2288 598 2384 654 sed
2418 616 2591 672 neque
2618 618 2685 658 ex
2709 609 2979 663 communi
3011 620 3213 667 natura:
3250 615 3363 685 lege

1777 688 2200 755 vitamclausit;
2240 700 2436 747 etcum
2468 694 2559 749 illo
2592 710 2781 753 omnes
2818 700 2907 770 qui
2938 701 2990 757 in
3020 704 3193 757 artatis
3231 703 3361 761 flore

1774 788 1945 844 erant,
1977 780 2047 835 ita
2073 790 2129 836 ut
2156 784 2354 838 nullam
2381 799 2531 856 spem
2560 788 2753 844 bonam
2790 790 3075 860 haberent,
3101 804 3361 864 quantum

1772 870 2028 926 attinebat
2053 873 2121 927 ad
2149 873 2436 931 humanum
2479 878 2732 934 auxilium
2763 888 2817 936 et
2854 883 3244 939 commilitium.
3290 883 3359 939 Et

1772 961 2119 1017 ltumiliabitur
2149 980 2169 1018 :
2189 974 2233 1019 et
2258 966 2496 1038 lugebant
2525 970 2683 1025 thecae
2710 982 2921 1028 ornatus
2952 976 3121 1040 vestri,
3150 986 3197 1031 et
3217 976 3356 1031 dere-

1770 1054 2009 1125 linqueris
2059 1058 2203 1125 sola,
2252 1069 2298 1113 et
2340 1061 2410 1114 ad
2458 1071 2643 1117 terram
2690 1069 3041 1134 prosterneris.
3088 1068 3191 1125 Per
3241 1070 3354 1125 lucc

1768 1148 1948 1202 omnia
1995 1149 2193 1205 luctum
2238 1153 2550 1223 amplilicat,
2588 1167 2744 1226 auget
2788 1159 3058 1227 timorem,
3101 1176 3353 1233 angorem

1769 1238 1944 1294 reddit
1982 1240 2259 1310 majorem.
2288 1243 2398 1300 Sub
2436 1255 2707 1316 aSpectum
2744 1248 2890 1306 ducit
2928 1266 3225 1321 aerumnas,
3255 1270 3354 1309 ex-

1770 1330 1936 1385 tendit
1979 1332 2299 1388 calamitatis
2339 1338 2719 1405 narrationem,
2759 1356 3194 1412 quoquoversum
3250 1348 3357 1401 cir-

1766 1433 2143 1487 cumcurrens,
2176 1424 2409 1495 undique
2456 1429 2625 1483 tristia
2662 1431 2918 1502 colligens
2944 1434 3014 1489 ob
3052 1436 3354 1492 auditorum

1765 1512 2130 1568 stoliditatem.
2160 1516 2291 1570 Nam
2324 1519 2557 1588 optabile
2593 1522 2778 1578 fuisset
2807 1525 2925 1580 illas
2965 1536 3043 1582 tot
3072 1529 3231 1585 minis
3257 1545 3351 1585 ex-

1764 1605 1988 1672 agitatas
2031 1622 2150 1663 sese
2188 1611 2399 1681 erigere
2418 1655 2431 1681 ,
2461 1623 2516 1669 et
2545 1615 2596 1670 in
2624 1632 2840 1673 sensum
2877 1618 3174 1678 futurarum
3202 1626 3350 1680 cala-

1765 1696 2005 1751 mitatum
2035 1700 2237 1755 venire.
2282 1702 2407 1757 ideo
2453 1705 2733 1775 subjunxit
2779 1709 2830 1763 id
2856 1712 2997 1779 quod
3044 1713 3349 1770 miserabile

1765 1802 1983 1855 prorsus
2008 1805 2129 1846 esse
2158 1793 2456 1864 videbatur,
2489 1798 2630 1867 quod
2660 1800 2775 1856 auri
2803 1801 3011 1858 thecam
3037 1816 3345 1862 evacuatam

1749 1882 1954 1937 visuras
1981 1896 2164 1940 essent
2184 1927 2198 1949 ,
2230 1887 2283 1942 in
2315 1902 2716 1947 monumentum
2756 1895 2995 1963 priSIina:
3023 1901 3348 1969 prosperita-

1764 1972 1849 2037 tis,
1880 1982 1937 2028 ut
1965 1990 2059 2044 per
2087 1978 2270 2032 oculos
2304 1994 2590 2037 mcerorem
2632 1986 2895 2053 vigentem
2924 1999 3216 2044 servarent.
3246 1991 3342 2045 Et-

1759 2065 1904 2119 enim
1934 2074 2058 2121 tunc
2085 2083 2183 2124 nos
2220 2072 2386 2140 magis
2413 2088 2609 2142 angere
2638 2075 2813 2131 solent
2842 2077 3191 2141 calamitates.
3216 2094 3341 2136 cum

1761 2156 1876 2209 illas
1895 2171 2015 2211 cum
2046 2160 2264 2228 pristina
2292 2161 2546 2219 felicitate
2570 2180 2975 2236 comparamus;
3011 2173 3341 2240 comparatio

1758 2246 1954 2317 quippe
1984 2249 2195 2319 gravius
2242 2252 2391 2308 ulcus
2421 2253 2605 2310 efficit.
2639 2257 2751 2312 Hoc
2792 2258 2950 2329 igitur
2987 2269 3043 2316 et
3084 2261 3186 2315 Joh
3213 2263 3339 2317 olim

1756 2339 1967 2395 (licebat
2009 2358 2021 2395 :
2067 2341 2193 2407 Quis
2234 2361 2313 2398 me
2364 2358 2518 2416 ponat
2563 2351 2840 2405 secundum
2878 2370 3099 2407 mensem
3145 2355 3342 2408 dierum

1758 2431 2087 2499 pristinorum
2122 2432 2242 2502 (Job
2276 2435 2364 2490 ΞΟ.
2393 2436 2429 2489 2
2456 2438 2515 2507 )?
2555 2450 2844 2511 narratquc
2882 2442 3091 2497 divitias
3126 2459 3336 2509 omnes,

1754 2533 1809 2577 et
1844 2522 1983 2578 bona
2026 2524 2131 2580 sibi
2174 2528 2326 2595 quasi
2373 2543 2441 2583 ex
2468 2527 2703 2585 fontibus
2743 2534 3033 2601 afﬂuentia,
3082 2534 3337 2601 honores,

1758 2624 2081 2685 proventus,
2114 2619 2452 2687 splendorem
2492 2638 2737 2690 omnem;
2769 2627 2840 2681 ita
2868 2635 2924 2682 ut
2954 2628 3162 2683 illorunt
3189 2644 3337 2684 com-

1756 2709 2032 2777 paratione
2062 2711 2232 2766 multo
2252 2714 2527 2783 graviores
2544 2717 2789 2772 ostendat
2814 2734 3079 2775 aerumnas
3098 2736 3336 2791 praesen-

1753 2808 1869 2865 tes,
1899 2815 2018 2871 quae
2046 2800 2220 2872 ipsum
2260 2817 2602 2876 exceperant.
2636 2809 2789 2874 Quod
2829 2812 2989 2867 etiam
3031 2829 3170 2869 nunc
3209 2829 3336 2884 pro-

1755 2892 1914 2960 pheta
1946 2892 2090 2961 fecit,
2115 2895 2297 2952 thecas
2323 2912 2770 2970 commemorans,
2796 2920 2969 2975 neque
3006 2905 3087 2961 his
3110 2918 3334 2963 conten-

1752 2993 1857 3052 tus,
1889 2985 2003 3041 illas
2024 2987 2279 3045 inducens
2301 2990 2561 3064 lugentes.
2582 2995 2705 3052 llaec
2721 3000 2862 3053 enim
2878 2999 3083 3055 dicendi
3104 3000 3335 3060 formula

1750 3076 1991 3146 emphasi
2026 3079 2236 3149 plenior
2257 3090 2368 3147 est,
2390 3070 2515 3140 cum
2554 3087 2685 3143 tales
2719 3093 3117 3161 prosopOpmias
3146 3093 3330 3151 efﬁcit.

1748 3166 1866 3222 .latn
1894 3184 2020 3239 ergo
2044 3181 2098 3226 et
2126 3175 2309 3228 vineas
2335 3174 2575 3245 lugentes
2603 3179 2805 3236 inducit
2832 3191 2885 3237 et
2909 3182 3088 3239 vinum
3108 3225 3124 3252 ,
3154 3196 3212 3241 ut
3239 3203 3334 3242 au-

1749 3260 1954 3318 ditores
1975 3265 2145 3334 magis
2174 3277 2402 3337 pungat,
2434 3278 2490 3325 et
2529 3272 2738 3327 illorum
2767 3276 3061 3331 crassitiem
3084 3279 3328 3349 attingat.

1748 3353 1884 3423 Quid
1910 3364 2089 3411 autem
2115 3367 2217 3425 est,
2244 3358 2619 3432 Derelinqueris
2647 3366 2796 3419 solo?
2846 3366 2907 3420 Et
2926 3368 3329 3433 auxliatoribus,

1748 3446 1947 3517 inquit,
1982 3457 2038 3503 et
2066 3449 2161 3505 Dei
2200 3451 2532 3520 providentia
2561 3455 2667 3512 eris
2714 3471 2899 3524 vacua,
2931 3468 2987 3515 et
3033 3464 3178 3516 omni
3226 3464 3332 3517 alio

1746 3540 2031 3609 splendore
2079 3544 2327 3615 spoliata,
2369 3545 2716 3620 hostibusque
2774 3552 3005 3623 undique
3044 3554 3235 3619 cincta,
3278 3555 3331 3610 in

1747 3632 2043 3705 mediisque
2071 3637 2321 3693 conclusa
2348 3638 2609 3695 barbaris.
2638 3641 2748 3698 Sub
2790 3643 2903 3700 huic
2930 3646 3117 3701 volens
3149 3649 3329 3703 humi-

1744 3725 1978 3783 liationis
2004 3730 2422 3801 magnitudinem
2452 3735 2737 3793 ostendere
2758 3779 2775 3806 ,
2804 3739 2879 3794 ait
2912 3756 2927 3793 :
2957 3738 3021 3793 Et
3046 3742 3115 3794 ad
3142 3751 3327 3797 terram

1744 3821 2091 3888 prosterneris.
2122 3821 2240 3878 Non
2269 3825 2375 3890 ait,
2400 3824 2593 3892 Gades,
2625 3830 2739 3897 vel,
2770 3830 3075 3900 Dejicieris;
3108 3834 3200 3892 sed
3226 3836 3328 3890 alia

1744 3926 1872 3966 usus
1899 3921 1983 3968 est
2009 3912 2244 3973 dictione
2262 3957 2279 3986 ,
2317 3932 2437 3989 qua:
2465 3919 2720 3977 vilitatem
2750 3921 2866 3993 ejus
2893 3938 3107 3981 omnem
3134 3925 3329 3983 clarius

1743 4004 2087 4075 exprimeret.

2359 4122 2587 4180 CAPUT
2627 4124 2712 4179 iV.

1745 4230 1796 4285 1.
1842 4227 1907 4283 Et
1932 4232 2310 4302 appreltendenl
2338 4244 2526 4304 septem
2564 4236 2794 4291 mulieres
2828 4237 2882 4291 in
2916 4238 2998 4292 die
3035 4240 3127 4294 illa
3165 4241 3325 4296 virum

1813 4339 1990 4387 unum,
2022 4323 2240 4377 dicentes
2267 4340 2287 4379 :
2321 4323 2508 4379 Panem
2536 4337 2762 4383 nostrum
2788 4330 3102 4385 comedemus
3120 4373 3137 4399 ,
3162 4343 3208 4387 et
3250 4350 3331 4387 ve-

1812 4416 2059 4471 stimentis
2104 4419 2288 4473 nostris
2333 4420 2655 4490 aperientur:
2681 4432 2913 4477 steterunt
2958 4441 3142 4480 nomen
3187 4435 3330 4480 tuum

1813 4510 2067 4563 invocetur
2088 4526 2372 4579 supernos,
2395 4512 2541 4582 aufer
2569 4516 2893 4584 opprobrium
2920 4528 3167 4572 nostrum.

1814 4647 1867 4699 l.
1912 4645 2241 4702 Paucitatem
2271 4647 2506 4703 virorum
2547 4664 2612 4704 ex
2659 4649 2799 4705 bello
2841 4651 3179 4708 residuorum
3220 4655 3330 4709 mlt

1741 4735 2047 4805 OStcndere,
2094 4746 2147 4793 et
2171 4739 2443 4808 quomodo
2471 4740 2536 4794 ad
2568 4741 2844 4796 minimum
2875 4758 3153 4797 numerum
3195 4746 3331 4799 red—

1740 4838 1891 4885 actus
1918 4831 1987 4885 sit
2008 4831 2233 4901 populus
2254 4831 2580 4887 Judteorum.
2599 4832 2781 4903 Neque
2798 4835 2938 4888 enim
2966 4835 3064 4888 sibi
3092 4836 3328 4889 subsidio

1741 4935 1875 4991 Opus
1900 4935 2020 4977 esse
2047 4921 2295 4976 dixerunt
2318 4962 2332 4987 ,
2365 4922 2505 4992 quod
2532 4923 2843 4978 mulieribus
2867 4939 2898 4977 a
2928 4925 3054 4980 viris
3086 4924 3206 4980 ferri
3236 4944 3331 4996 par

1740 5022 1824 5067 est
1846 5054 1861 5078 ,
1890 5012 1985 5068 sed
2012 5028 2070 5068 se
2094 5012 2241 5067 illttm
2265 5028 2295 5067 a
2323 5014 2409 5067 tali
2436 5012 2610 5069 ofﬁcio
2654 5014 2946 5071 immunem
2975 5018 3254 5086 complecd
3282 5030 3330 5073 et

1741 5114 1953 5170 amare,
1992 5103 2035 5158 si
2076 5112 2364 5173 utcumque
2392 5104 2565 5159 solum
2594 5120 2622 5158 a
2652 5106 2917 5162 viduitatis
2948 5109 3163 5163 nomine
3196 5110 3329 5163 libe-

1742 5208 1947 5253 rentur.
1980 5196 2034 5252 Id
2061 5198 2202 5252 enim
2230 5199 2329 5252 sibi
2359 5199 2474 5252 vult
2498 5200 2627 5254 illud
2661 5218 2674 5254 :
2703 5200 2862 5273 Aufer
2886 5203 3212 5272 opprobrium
3244 5220 3325 5255 no-

1740 5300 1899 5343 strum
1944 5306 1964 5343 :
2003 5288 2252 5359 quoniam
2280 5290 2407 5345 olim
2434 5290 2483 5344 id
2514 5290 2776 5362 vituperio
2801 5307 2920 5349 esse
2944 5293 3238 5348 videbatur.
3276 5291 3329 5347 2.

1739 5379 1808 5435 In
1834 5381 1916 5434 die
1936 5381 2025 5435 illa
2046 5380 2322 5450 splendebit
2352 5381 2491 5437 Deus
2517 5383 2570 5437 in
2600 5385 2810 5439 consilio
2841 5401 2956 5438 cum
2985 5385 3148 5455 gloria
3178 5398 3325 5454 super

1742 5483 1928 5526 terram
1948 5514 1961 5535 ,
1990 5482 2044 5525 ut
2069 5473 2250 5526 exultet
2277 5483 2324 5527 et
2352 5474 2599 5544 gloriﬁcet
2626 5476 2765 5546 quod
2793 5477 3021 5530 relictum
3045 5484 3116 5529 est
3146 5474 3317 5529 Israe-

1739 5566 1819 5618 lis.
1864 5563 1995 5632 Quia
2032 5581 2095 5619 ex
2144 5565 2372 5620 tristium
2413 5566 2825 5622 comminatione
2852 5566 3088 5620 animum
3117 5566 3326 5624 illorum

1739 5656 2026 5711 admodum
2071 5660 2376 5726 concussit,
2416 5667 2471 5714 et
2506 5659 2860 5714 calamitatem
2890 5658 3019 5713 satis
3050 5658 3322 5725 traduxit,

1749 5750 2006 5819 longoque
2033 5762 2281 5805 sermone
2312 5750 2565 5806 terribilia
2596 5749 2863 5818 narravit,
2893 5748 2955 5803 ad
2987 5750 3200 5804 meliora
3233 5750 3314 5806 de
