3674 6276
380 240 450 295 55
1145 229 1201 286 s.
1242 227 1520 286 JUANNIS
1544 225 2018 285 cnnvsosrosn
2060 228 2376 285 ARCHIEP.
2415 232 2952 292 CONSTANTINOP.
3582 247 3624 301 5(

374 362 519 401 nuun
560 361 619 402 se
656 347 939 403 convertit.
985 346 1074 401 Illa
1117 347 1257 401 enim
1295 346 1568 401 medicina:
1595 347 1793 417 optima
1823 347 1960 400 ratio

373 450 475 501 est,
510 454 612 493 non
642 438 812 493 solum
838 454 1023 495 secare
1050 447 1104 493 et
1133 454 1307 501 urere,
1335 438 1427 493 sed
1458 438 1671 493 dolores
1699 438 1818 492 inde
1840 454 1961 507 par-

376 543 460 587 tos
494 532 819 589 dulcioribus
864 532 1161 603 pharmacis
1187 532 1353 587 lenire
1382 549 1396 585 :
1429 530 1479 585 id
1510 532 1623 601 ipse
1651 547 1790 585 nunc
1818 532 1959 586 facit.

374 624 556 693 Neque
601 625 741 679 enim
793 625 844 679 in
875 626 1043 679 tristia
1072 634 1237 680 totum
1264 624 1557 680 desiturum
1584 640 1705 680 esse
1731 626 1837 691 ait,
1866 625 1960 679 sed

372 718 529 772 malis
548 717 615 771 de.
641 717 816 772 medio
843 718 1065 773 sublatis
1086 716 1164 791 (a)
1184 719 1403 772 meliora
1431 728 1684 773 eventura
1702 733 1820 773 esse
1837 736 1849 771 :
1869 735 1963 772 nc-

372 825 475 880 que
523 821 726 865 tantum
772 826 1131 865 aerumnarum
1180 810 1501 864 solutionem
1548 812 1660 866 fore
1710 810 1821 876 ait,
1867 811 1960 865 Sed

369 904 531 956 etiam
584 903 806 958 multum
851 902 1187 972 splendorem
1241 918 1594 973 magnamque
1642 903 1956 960 claritatem.

376 995 485 1048 lloc
506 996 647 1049 enim
671 994 1073 1049 illustratiouem
1105 994 1194 1048 Dei
1227 1005 1379 1048 vocat
1404 1009 1523 1065 qua:
1552 995 1784 1049 tristitia:
1812 1005 1958 1049 tene-

370 1086 492 1140 bras
520 1086 712 1153 solvat,
744 1085 1026 1155 lartamque
1045 1085 1187 1140 diem
1209 1085 1401 1154 pariat,
1431 1084 1679 1156 ipsosque
1705 1086 1958 1140 illustrio-

371 1193 460 1232 rcs
506 1177 715 1232 reddat.
762 1175 895 1232 Illud
943 1188 1159 1243 autem,
1192 1175 1257 1230 In
1282 1176 1518 1239 consilio,
1546 1176 1810 1247 significat
1834 1194 1955 1233 eunt

372 1269 659 1339 prudenter
680 1270 856 1322 omnia
886 1267 1090 1331 facere,
1120 1277 1314 1322 etcum
1344 1266 1598 1336 sapientia
1623 1266 1721 1321 sibi
1744 1282 1957 1334 compe-

371 1363 520 1417 tenti.
552 1362 606 1416 '5.
639 1359 707 1415 Et
732 1361 825 1415 erit
850 1361 987 1431 quod
1007 1359 1261 1415 residuum
1289 1360 1439 1429 fuerit
1466 1357 1677 1413 Israelis
1703 1360 1755 1412 iu
1786 1359 1913 1413 Sion
1936 1401 1951 1426 ,

369 1468 414 1511 et
455 1458 588 1527 quod
619 1457 848 1509 relictum
875 1456 1025 1526 fuerit
1049 1456 1100 1507 in
1126 1452 1438 1517 Jerusalem,
1466 1453 1629 1507 sancti
1652 1452 1956 1506 vocabuntur

368 1565 539 1601 onines
570 1548 655 1617 qui
692 1548 867 1617 scripti
892 1556 1009 1600 sunt
1034 1547 1102 1599 ad
1128 1546 1278 1599 vitam
1307 1547 1360 1599 in
1388 1544 1692 1599 Jerusalem.
1722 1544 1790 1601 Ut
1815 1545 1953 1599 scias

368 1654 472 1691 non
501 1637 719 1693 fortuito
747 1653 872 1692 casu
900 1636 1126 1692 salutem
1156 1647 1343 1691 nactos
1367 1651 1487 1692 esse
1509 1651 1603 1691 eos
1628 1637 1717 1707 qui
1746 1636 1983 1706 pericu-,

368 1728 478 1781 lum
501 1728 801 1798 effugerunt
822 1770 838 1794 ,
867 1728 961 1784 sed
982 1729 1209 1784 celestis
1235 1728 1511 1783 sententia:
1534 1727 1751 1784 decreto
1774 1728 1952 1782 muni-

366 1830 482 1887 tos,
525 1822 683 1875 etiam
732 1821 784 1876 in
830 1821 1020 1876 mediis
1062 1821 1219 1875 malis
1250 1837 1354 1876 non
1394 1832 1577 1891 captos
1607 1821 1801 1887 fuisse,
1832 1822 1952 1876 ideo

362 1913 436 1967 ait
470 1930 482 1966 :
512 1912 694 1966 Sancti
731 1912 1036 1966 vocabuntur
1060 1928 1231 1966 omnes
1252 1913 1339 1983 qui
1366 1913 1538 1983 scripti
1563 1922 1678 1967 sunt
1702 1914 1769 1965 ad
1797 1913 1951 1966 vitam

362 2009 414 2059 in
438 2004 743 2060 Jerusalem.
776 2006 874 2074 Qui
903 2006 1163 2076 segregati
1190 2015 1345 2073 sunt,
1375 2006 1576 2077 inquit,
1604 2006 1694 2078 qui
1720 2005 1947 2077 probati,

362 2099 449 2168 qui
494 2098 714 2167 signati,
756 2108 811 2152 ut
850 2097 981 2152 nihil
1013 2098 1135 2152 mali
1168 2108 1495 2169 paterentur.
1525 2098 1653 2154 Jure
1681 2109 1857 2154 autem
1888 2099 1950 2154 il—

364 2190 446 2245 los
486 2204 696 2246 sanctos
731 2201 918 2258 vocat,
960 2192 1251 2247 ostendens
1276 2194 1696 2263 segregationcm
1728 2209 1831 2248 non
1866 2204 1947 2249 te-

363 2297 509 2337 mere
533 2323 548 2344 ,
594 2298 692 2337 nec
737 2283 853 2338 sine
891 2297 1049 2337 causa
1086 2283 1180 2338 Dei
1205 2282 1477 2337 decretum
1510 2284 1629 2337 illos
1658 2298 1899 2338 servasse
1930 2300 1946 2339 :

362 2374 457 2429 sed
495 2373 697 2444 aliquid
736 2374 808 2429 illi
840 2374 917 2430 rei
942 2374 1235 2430 contulisse
1261 2374 1510 2429 virtutem
1531 2417 1547 2441 ,
1578 2375 1690 2429 sive
1718 2391 1778 2429 ea
1810 2391 1947 2444 pne-

361 2466 618 2527 cesserit,
647 2466 761 2521 sive
787 2475 906 2536 post
930 2465 1252 2536 subsequuta
1282 2465 1370 2521 sit.
1403 2464 1623 2521 Etiamsi
1651 2466 1791 2521 enim
1823 2466 1947 2520 boni

361 2558 575 2627 quidam
610 2558 803 2613 fuerint
832 2569 887 2612 et
910 2558 1045 2627 aequi
1066 2597 1083 2624 ,
1119 2567 1352 2613 attamen
1379 2574 1445 2613 ex
1473 2558 1537 2611 iis
1565 2574 1682 2628 qua:
1709 2560 1947 2627 contige-

361 2659 484 2703 runt
506 2649 753 2703 meliores
781 2665 845 2704 ac
869 2649 1235 2719 diligentiores
1254 2661 1556 2705 evaserunt.
1581 2650 1945 2718 Quemadmo-

359 2742 485 2795 dum
510 2742 650 2795 enim
678 2757 865 2795 aurum
887 2741 992 2810 igni
1017 2741 1269 2796 traditum
1292 2756 1504 2797 omnem
1528 2742 1756 2797 scoriam
1777 2741 1943 2811 depu-

362 2835 474 2899 nit,
523 2837 601 2888 sic
645 2844 698 2889 et
743 2835 893 2909 probi
938 2834 992 2889 in
1041 2834 1418 2890 tentationibus
1459 2835 1735 2905 probiores
1773 2836 1943 2902 fiunt,

357 2942 572 2981 omnem
596 2928 874 2983 abluentes
907 2928 1228 2983 socordiam.
1261 2930 1312 2983 4.
1350 2928 1481 2995 Quia
1507 2929 1671 2982 abluet
1695 2926 1945 2984 Dominus

356 3020 555 3073 sordem
583 3020 807 3085 ﬁliorum
829 3030 876 3073 et
902 3020 1123 3089 ﬁliarum
1146 3019 1294 3084 Sion,
1322 3030 1367 3073 et
1378 3022 1673 3092 sanguinem
1691 3037 1946 3092 expurga-

357 3112 426 3165 bit
469 3113 531 3166 de
579 3113 741 3166 medio
784 3128 954 3166 eorum
989 3112 1171 3181 spiritu
1189 3113 1402 3183 judicii,
1437 3123 1481 3167 et
1509 3112 1691 3182 spiritu
1720 3113 1942 3168 ardoris.

356 3204 633 3274 Duplicem
665 3204 750 3259 hic
778 3204 908 3260 mihi
942 3205 1150 3260 videtur
1178 3205 1357 3261 dicere
1385 3206 1821 3276 expurgationem
1842 3249 1858 3274 ,
1889 3217 1945 3263 et

354 3297 495 3369 quod
528 3297 657 3353 dent
693 3307 1031 3367 peccatorum
1058 3313 1271 3367 poenas,
1299 3309 1353 3353 et
1380 3299 1523 3369 quod
1552 3299 1745 3356 exhinc
1776 3300 1827 3355 in
1858 3300 1942 3356 fu-

354 3400 532 3445 turum
555 3388 918 3459 diligentiores
940 3389 1187 3444 evadant.
1221 3390 1544 3461 Sanguinem
1569 3407 1697 3446 vero
1720 3392 1941 3447 Jerusa-

356 3483 462 3538 lem
511 3484 687 3538 ctedes
730 3493 882 3539 vocat
921 3483 1205 3555 caedesque
1242 3484 1484 3555 injustas.
1516 3486 1715 3542 Deinde
1739 3502 1941 3556 angens

352 3578 745 3631 accusationem
789 3576 897 3642 ait,
953 3576 1028 3629 De
1052 3576 1216 3630 medio
1258 3593 1449 3632 eorum.
1484 3577 1599 3633 Non
1628 3579 1770 3633 enim
1801 3580 1936 3634 clam

354 3667 637 3724 homicidia
668 3671 901 3739 aggressi
924 3679 1081 3735 sunt,
1112 3670 1205 3725 sed
1232 3673 1383 3739 pejus
1408 3687 1566 3741 quam
1602 3672 1857 3740 latrones,
1887 3685 1942 3730 et

353 3760 387 3813 ii
427 3760 515 3831 qui
562 3760 612 3815 in
655 3760 880 3828 publicis
917 3761 1016 3816 viis
1056 3760 1273 3816 insidias
1299 3762 1496 3817 locant.
1526 3763 1603 3818 llli
1632 3780 1860 3836 namque
1887 3767 1936 3821 in

353 3852 584 3907 tenebris
610 3853 836 3909 latentes
860 3862 914 3910 et
940 3854 991 3909 in
1019 3852 1415 3923 solitudinibus,
1440 3867 1691 3912 consueta
1708 3856 1935 3912 facinora

351 3944 768 4014 aggrediuntur;
821 3945 875 4000 hi
924 3955 1105 4001 autem
1151 3946 1328 4001 medio
1376 3947 1428 4002 in
1473 3947 1622 4016 foro,
1672 3949 1726 4003 in
1762 3948 1936 4004 media

354 4036 486 4092 urbe
528 4047 583 4092 et
629 4037 680 4091 in
725 4037 854 4107 ipsis
896 4038 1246 4094 tribunalibus
1268 4039 1454 4095 eadem
1482 4056 1599 4111 qua:
1630 4042 1702 4095 illi
1734 4041 1937 4097 scelera

355 4127 752 4198 perpetrabant.
781 4128 886 4185 Sed
917 4139 970 4185 et
996 4131 1257 4185 maculam
1284 4129 1409 4187 inde
1434 4142 1605 4186 ortam
1634 4131 1828 4187 bellum
1857 4133 1939 4187 in—

350 4237 547 4292 gruens
591 4232 889 4278 consumet.
936 4223 1145 4279 Etenim
1188 4223 1241 4278 in
1286 4233 1524 4295 tempore
1566 4224 1824 4280 bonorum
1870 4226 1937 4281 de

351 4317 605 4370 rerumnis
646 4317 794 4383 prius
832 4315 989 4370 illatis
1029 4330 1088 4371 se
1130 4315 1399 4383 defendit,
1429 4316 1571 4387 quod
1599 4317 1807 4373 scilicet
1832 4317 1937 4371 illae

352 4404 473 4461 ideo
502 4405 843 4472 acciderent,
876 4415 934 4461 ut
951 4406 1328 4472 abluerentur,
1354 4422 1417 4462 ac
1440 4409 1627 4463 sordes
1653 4419 1933 4478 ponerent,

350 4508 408 4552 ut
439 4498 559 4567 igne
587 4506 940 4568 purgarentur
969 4497 1017 4565 ⁸,
1049 4508 1106 4553 ut
1130 4514 1345 4554 omnem
1371 4500 1630 4554 maculam
1660 4499 1933 4568 absterge-

350 4599 506 4655 rent,
531 4599 587 4645 ut
611 4590 863 4660 probrum
884 4607 949 4647 ex
975 4590 1206 4661 peccatis
1226 4600 1280 4646 et
1299 4591 1532 4647 caedibus
1554 4600 1762 4660 partum
1785 4591 1936 4647 elue-

347 4691 487 4740 rent.
538 4682 673 4751 Quid
719 4698 848 4739 vero
888 4693 971 4739 est
1014 4682 1155 4753 quod
1177 4684 1289 4749 ait,
1319 4684 1520 4755 Spiritu
1539 4684 1725 4755 judicii
1751 4693 1800 4739 et
1827 4685 1934 4753 spi-

345 4774 447 4827 ritu
491 4774 692 4829 ardoris
712 4775 738 4829 .9
764 4772 820 4829 In
850 4773 1157 4845 metaphora
1185 4774 1429 4830 conﬂata;
1459 4775 1739 4830 metallicaa
1763 4785 1934 4829 male-

347 4868 441 4921 rite
485 4866 740 4922 substitit.
780 4866 1235 4933 Quemadmodum
1281 4868 1427 4922 enim
1468 4868 1575 4923 illic
1614 4868 1832 4938 spiritus
1879 4871 1934 4922 in

346 4962 714 5015 conﬂatoriam
743 4960 1012 5016 fornacem
1043 4961 1313 5016 immissus
1337 4971 1391 5017 et
1415 4960 1681 5015 ﬂammam
1709 4960 1933 5027 afﬂans,

346 5052 786 5123 ardentioresque
814 5068 1011 5123 prunas
1036 5054 1296 5120 reddens,
1325 5069 1543 5109 omnem
1567 5054 1798 5109 absumit
1816 5070 1938 5111 sco-

411 5214 428 5245 ί
465 5218 590 5274 Haec,
613 5216 664 5261 ut
685 5210 1154 5275 ignepurgarentur,
1180 5212 1361 5261 desunt
1393 5214 1443 5262 in
1468 5220 1580 5275 Reg.
1611 5218 1663 5262 et
1683 5211 1824 5263 Savil.
1843 5213 1937 5264 Sed

347 5277 394 5324 in
422 5281 580 5337 Savar.
602 5282 655 5324 et
674 5274 838 5324 Morel.
865 5273 1123 5334 habentur,
1151 5282 1203 5324 et
1218 5276 1454 5337 quadram.
1474 5273 1532 5323 ad
1542 5273 1748 5324 seriem.

412 5337 485 5399 (α)
520 5336 769 5405 Incrazco,
793 5354 864 5387 τῶν
886 5356 1044 5405 mea.
1078 5350 1116 5388 ut
1146 5336 1256 5399 μίσαῦ
1285 5348 1499 5405 ineamus.
1523 5338 1644 5405 ψεδὶ
1667 5337 1936 5405 aliquantu-

349 5397 447 5461 lum
467 5397 527 5447 an
550 5401 620 5448 sic
638 5400 959 5461 interpretari,
974 5397 1224 5461 dporteret
1245 5414 1257 5448 :
1280 5397 1507 5461 improbis
1523 5397 1585 5447 de
1599 5397 1760 5448 medio
1774 5398 1936 5448 subla-

347 5460 424 5519 tis,
438 5476 519 5521 an,
537 5462 678 5512 malis
700 5458 789 5510 seu
813 5458 1029 5511 tristibus
1053 5461 1115 5511 de
1140 5462 1300 5511 medio
1322 5458 1536 5511 sublatis.
1556 5467 1615 5509 Fa
1638 5461 1821 5522 quippe
1838 5474 1932 5510 vox

348 5540 504 5586 ςοηρον
521 5524 732 5596 priorem
770 5524 932 5596 potius
950 5526 1216 5596 requirere.
1241 5524 1515 5596 versionem
1539 5524 1820 5596 videbatur;
1845 5524 1933 5596 sed

350 5595 413 5654 ex
439 5583 570 5654 'serie
593 5593 645 5634 et
664 5583 969 5654 contiexione
993 5583 1302 5648 sequentium
1336 5587 1653 5648 posteriorem
1678 5583 1842 5646 malui,
1885 5591 1936 5634 et

347 5646 418 5697 sic
440 5646 587 5698 Vertit
607 5659 803 5711 quoque
825 5646 1120 5705 Tilmannus.

2074 347 2207 402 riam
2251 364 2267 403 :
2312 349 2382 403 ita
2422 358 2478 405 et
2507 350 2593 406 hic
2623 352 2858 408 immissa
2886 370 2916 408 a
2947 356 3053 409 Deo
3081 356 3155 411 ira
3177 399 3191 420 ,
3224 368 3271 412 ct
3305 360 3527 419 incidens
3550 368 3624 421 ho

2070 438 2230 492 stium
2276 440 2559 509 incursus,
2603 442 2773 498 instar
2814 445 2949 514 ignis
2995 449 3109 502 urbi
3158 449 3326 505 lactus
3363 462 3469 522 est,
3515 457 3624 530 igni:

2071 544 2175 583 non
2207 532 2496 601 perniciem
2524 532 2830 601 inferentis,
2863 538 2955 591 sed
2990 541 3210 605 urentis,
3244 548 3524 613 purgantis,
3548 566 3624 617 pu-

2070 622 2266 676 nientis
2290 632 2342 677 et
2372 624 2723 679 cmendantis.
2750 626 2899 681 liunc
2920 630 3059 683 enim
3087 645 3300 687 sensum
3326 634 3477 690 habet
3498 636 3623 693 illud

2070 712 2267 780 Spiritu
2286 714 2515 782 judicii;
2546 714 2648 770 hoc
2675 727 2753 771 cst
2774 758 2789 784 ,
2823 721 3111 787 punitionis
3133 764 3147 788 ,
3180 723 3457 792 vindictte,
3488 729 3624 783 ultio-

2068 804 2169 857 nis.
2213 804 2265 858 5.
2302 803 2366 857 Ει
2411 807 2569 859 veniet
2611 807 2877 862 Dominus.
2909 810 3208 867 Adventum
3240 815 3356 883 ejus
3384 823 3624 887 operatio.

2067 910 2190 949 nem
2215 906 2384 950 vocat.
2419 895 2483 950 Et
2510 900 2602 951 erit
2634 906 2795 953 omnis
2824 902 2963 955 locus
2991 905 3175 958 montis
3206 905 3363 973 Sion,
3395 920 3439 961 et
3460 914 3623 965 omnia.

2064 1004 2177 1058 qua:
2210 987 2263 1042 in
2296 990 2508 1044 circuitu
2536 993 2645 1062 ejus
2674 1004 2825 1061 sunt,
2859 994 3170 1051 obumbrabit
3196 1000 3349 1055 nubes
3372 1019 3458 1071 per
3479 1004 3602 1059 diem

2065 1089 2111 1132 et
2139 1081 2287 1149 quasi
2315 1082 2456 1152 fumo
2480 1123 2495 1150 ,
2527 1093 2571 1135 et
2594 1085 2747 1153 quasi
2772 1085 2883 1138 luce
2906 1086 3035 1157 ignis
3062 1090 3285 1144 ardentis
3308 1109 3396 1161 per
3423 1106 3624 1165 noctem,

2064 1173 2201 1225 omni
2226 1172 2390 1242 gloria
2410 1184 2711 1245 protegetur.
2742 1177 2792 1231 6.
2824 1176 2891 1231 Et
2918 1183 3009 1233 erit
3034 1181 3085 1233 in
3106 1183 3455 1239 umbraculum
3474 1188 3569 1241 diei
3585 1192 3624 1243 ul

2062 1272 2187 1315 testu
2211 1303 2227 1328 ,
2271 1273 2318 1316 et
2352 1264 2403 1317 in
2432 1275 2714 1335 tegumenta
2746 1278 2793 1320 et
2820 1268 2872 1322 in
2901 1270 3195 1325 abscondito
3220 1275 3282 1327 ab
3310 1278 3576 1345 asperitate
3598 1300 3622 1334 ε

2061 1353 2250 1423 ρΙιιυῐα.
2296 1353 2501 1410 Nubem
2548 1356 2635 1411 hic
2661 1367 2815 1413 vocat
2842 1362 3262 1418 consolationem
3294 1366 3345 1419 in
3374 1368 3526 1422 malis
3550 1371 3623 1424 dat

2063 1455 2167 1501 tam
2191 1463 2206 1507 ;
2232 1463 2417 1517 rogum
2445 1450 2518 1521 (α)
2549 1466 2677 1505 vero
2704 1452 2988 1508 adventum
3012 1456 3127 1525 ejus
3144 1473 3264 1512 cum
3286 1462 3624 1518 conSolaIiont

2057 1538 2383 1609 adjunctnm.
2426 1543 2576 1610 Quod
2608 1545 2748 1598 enim
2777 1547 2828 1599 in
2857 1559 2988 1601 aestu
3016 1557 3099 1604 est
3128 1552 3325 1617 nubes,
3357 1552 3458 1608 huc
3487 1556 3536 1609 in
3566 1567 3624 1613 tet

2059 1631 2239 1686 nebris
2267 1643 2320 1686 et
2347 1634 2607 1703 profunda
2637 1647 2791 1693 nocte
2818 1654 2976 1708 rogus
3002 1642 3262 1709 splendidi
3294 1644 3429 1713 ignis
3460 1662 3617 1703 accen

2056 1737 2170 1778 sus.
2193 1725 2285 1780 llla
2316 1726 2457 1780 enim
2484 1738 2671 1782 aestum
2699 1728 2937 1799 depellit,
2957 1731 3045 1787 hic
3070 1748 3198 1788 vero
3223 1735 3503 1806 caliginem
3531 1740 3624 1793 dis.

2054 1815 2210 1871 cutit.
2231 1814 2530 1871 Adventum
2569 1834 2697 1888 ergo
2733 1820 2848 1889 ejus
2874 1838 3019 1893 pyra:
3040 1824 3344 1893 splendori,
3375 1829 3618 1883 remissin

2057 1920 2178 1959 nem
2217 1922 2346 1961 vero
2392 1916 2446 1963 et
2472 1910 2858 1967 recreationem
2886 1914 3090 1970 umbra:
3116 1916 3269 1971 nubis
3295 1925 3623 1988 comparavit

2056 1996 2259 2052 Deinde
2299 2001 2591 2056 ostendens
2629 2018 2733 2056 non
2773 2005 3025 2074 paulatim
3051 2008 3237 2064 solutis
3263 2010 3511 2065 tristibus
3539 2014 3624 2064 itm

2053 2099 2306 2143 eventura
2335 2107 2457 2148 esse
2478 2135 2496 2161 ,
2527 2094 2622 2148 sed
2649 2096 2939 2167 derepente
2963 2099 3014 2153 in
3043 2099 3259 2170 ipsaque
3284 2117 3624 2159 mrumnarun

2054 2181 2105 2236 vi
2132 2182 2244 2238 fore
2270 2185 2615 2241 mutationem
2636 2228 2653 2256 ,
2682 2198 2811 2245 utet
2838 2191 2961 2247 inde
2986 2193 3226 2263 discant,
3258 2213 3360 2249 non
3392 2213 3460 2252 ex
3490 2214 3620 2252 revu

2055 2274 2255 2331 lutione
2281 2277 2510 2347 quadam
2536 2289 2589 2334 et
2610 2281 2830 2337 fortuito
2853 2287 3197 2341 mutationem
3231 2288 3282 2341 in
3312 2290 3508 2343 melius
3530 2306 3623 2343 ess

2053 2364 2296 2434 factam;
2342 2368 2437 2423 sed
2480 2385 2545 2424 ex
2589 2386 2819 2442 superna
2863 2373 3058 2431 virtute
3102 2387 3268 2431 totum
3305 2394 3427 2433 esse
3464 2381 3624 2433 confc

2050 2467 2194 2514 ctum
2214 2502 2231 2529 ,
2264 2461 2412 2517 Sicut
2437 2462 2554 2534 igne
2576 2464 2784 2518 ardente
2806 2466 2858 2519 in
2887 2477 3029 2520 nocte
3047 2511 3061 2531 ,
3094 2469 3290 2539 inquit,
3317 2474 3393 2526 sic
3418 2472 3513 2526 fiet
3534 2490 3623 2526 mu:

2052 2554 2181 2608 talio
2200 2595 2215 2618 ,
2247 2554 2314 2608 Et
2338 2555 2429 2609 erit
2456 2557 2509 2609 in
2537 2558 2766 2611 umbram
2792 2574 2881 2627 per
2907 2560 3059 2614 diem.
3089 2563 3340 2625 Qtuenam
3371 2564 3495 2617 hinc
3527 2582 3620 2619 um

2053 2647 2191 2702 bra?
2220 2646 2311 2703 Dei
2339 2648 2618 2717 auxilium,
2648 2649 2839 2721 inquit,
2862 2662 2915 2705 et
2941 2650 3256 2715 subsidium,
3281 2656 3431 2721 quasi
3459 2658 3623 2709 umbr

2051 2739 2103 2793 in
2135 2749 2270 2795 testu
2290 2781 2306 2806 ,
2336 2749 2388 2795 et
2415 2741 2564 2810 quasi
2588 2750 2784 2799 tectum
2813 2742 2895 2797 vel
2922 2759 3167 2798 cavernzc
3196 2743 3478 2800 latibulum
3503 2790 3518 2811 ,
3548 2748 3624 2802 im

2048 2831 2146 2887 bre
2183 2832 2488 2889 vehementi
2531 2835 2793 2904 cadente,
2842 2835 2894 2890 in
2942 2847 3055 2891 tuto
3080 2846 3257 2892 servat
3280 2854 3405 2894 eum
3433 2842 3533 2911 qui
3563 2842 3620 2895 ill

2048 2923 2286 2995 confugit
2331 2943 2344 2979 :
2386 2926 2464 2980 sic
2489 2936 2543 2982 et
2570 2928 2660 2981 Dei
2692 2929 3061 2983 commilitium
3088 2930 3221 2985 nihil
3245 2931 3385 2985 sinet
3415 2933 3533 3002 pati
3562 2933 3624 2989 de

2049 3016 2285 3071 trimenti
2311 3058 2326 3082 ,
2360 3025 2508 3073 tanto
2536 3018 2811 3091 ingruente
2838 3020 2977 3077 bello
2999 3062 3015 3088 ,
3047 3037 3139 3076 eos
3164 3037 3300 3092 quos
3318 3038 3349 3078 a
3377 3024 3623 3095 principi

2046 3121 2265 3166 servare
2291 3109 2537 3167 Voluerit.

2676 3245 2904 3303 CAPUT
2944 3246 3009 3303 V.

2050 3359 2103 3413 1.
2146 3357 2374 3413 Cantabo
2411 3358 2596 3413 dilecto
2644 3360 2896 3413 canticum
2934 3361 3104 3415 dilecti
3152 3362 3250 3418 mei
3294 3363 3465 3419 vineta
3505 3382 3624 3421 mea

2120 3473 2171 3527 1.
2213 3472 2500 3542 Postquam
2542 3472 2769 3527 tristium
2809 3474 3223 3532 comminatione
3259 3481 3565 3546 exterruit,
3610 3498 3624 3534 ι

2044 3563 2307 3619 bonorum
2336 3564 2695 3633 promissione
2720 3564 3033 3621 exhilaravit
3052 3607 3069 3633 ,
3112 3567 3429 3639 variamque
3462 3574 3624 3628 mede

2044 3654 2148 3709 iam
2176 3653 2450 3722 adhibuit,
2498 3654 2551 3710 in
2586 3654 2728 3710 aliud
2758 3656 2934 3711 denuo
2964 3657 3278 3728 principium
3322 3676 3624 3719 sermonei

2044 3748 2272 3815 reducit,
2306 3748 2619 3820 principium
2642 3791 2656 3817 ,
2699 3749 2945 3819 inquam,
2979 3752 3121 3821 quod
3151 3755 3457 3823 prophetia:
3491 3773 3624 3813 exm

2044 3839 2190 3894 dium
2220 3840 2481 3895 videatur.
2520 3840 2977 3907 Quemadmodum
3001 3843 3141 3897 enim
3172 3860 3201 3898 a
3233 3845 3518 3916 principio
3548 3859 3623 3901 st:

2046 3930 2139 3984 tim
2171 3930 2428 3985 beneficia
2474 3931 2603 4000 ipsis
2646 3948 2674 3985 a
2718 3931 2832 3987 Deo
2872 3932 3061 3987 collata
3109 3937 3382 3990 recensuit
3434 3938 3619 3994 dicen

2043 4020 2209 4076 Filios
2234 4022 2385 4092 genui
2408 4030 2454 4075 et
2477 4022 2693 4077 excitavi
2724 4021 2744 4095 (
2761 4021 2891 4078 1εαί.
2919 4026 2970 4078 1.
2998 4024 3090 4094 2),
3116 4025 3357 4080 adductis
3388 4044 3623 4099 propos

2043 4113 2214 4183 tisquc
2242 4112 2567 4180 sceleribus,
2601 4130 2718 4183 quae
2748 4114 2821 4168 illi
2853 4122 3190 4185 patraverant
3212 4159 3227 4184 ,
3257 4132 3471 4189 nempe
3495 4163 3515 4188 ,
3556 4119 3624 4191 lp

2041 4214 2333 4275 spreverunt
2359 4222 2453 4271 me,
2482 4214 2556 4273 et,
2580 4204 2750 4261 Israel
2773 4217 2939 4261 autem
2966 4225 3045 4262 me
3062 4227 3162 4263 non
3186 4214 3457 4282 cognovit,
3490 4226 3546 4267 et
3578 4234 3624 4283 ρ.

2042 4294 2194 4367 palus
2221 4313 2359 4352 meus
2400 4312 2480 4351 me
2522 4314 2623 4351 non
2659 4297 2903 4352 intellexit
2929 4297 3089 4368 (Isai.
3121 4300 3171 4353 1.
3200 4298 3268 4372 5)
3294 4318 3309 4355 :
3342 4302 3437 4358 sic
3469 4313 3536 4358 et.
3569 4305 3624 4357 lu

2040 4388 2158 4444 loco
2186 4389 2304 4444 aliis
2332 4389 2527 4455 dictis,
2568 4388 2661 4445 scd
2702 4389 2891 4445 eadem
2935 4392 3196 4446 sententia
3243 4407 3307 4447 ea
3352 4393 3496 4463 ipsa
3548 4413 3624 4467 qu

2040 4483 2187 4553 prius
2214 4482 2447 4537 exhibet.
2482 4481 2679 4538 Verum
2719 4498 2820 4553 qua
2864 4482 2933 4538 de
2976 4498 3136 4539 causa
3177 4485 3624 4554 reprehensum

2040 4573 2509 4643 reprehensionem
2532 4573 2795 4629 canticum
2818 4574 3013 4629 vocat?
3040 4575 3243 4647 Moyses
3264 4578 3427 4632 enim
3460 4579 3523 4634 id
3550 4580 3616 4649 ju

2042 4667 2164 4722 fecit
2188 4681 2309 4721 cum
2334 4666 2516 4732 Maria,
2542 4675 2725 4736 utpote
2751 4666 3068 4738 triumphale
3095 4667 3363 4723 canticum
3402 4672 3623 4728 modo!

2042 4770 2192 4814 turus
2210 4802 2226 4826 ,
2257 4760 2550 4828 meritoque
2577 4760 2653 4813 sic
2682 4757 2866 4828 incipit
2896 4776 2910 4812 :
2936 4757 3203 4814 Cantemus
3224 4758 3477 4816 Domino
3504 4780 3529 4817 :
3560 4766 3624 4835 gl

2039 4853 2171 4905 riose
2194 4852 2328 4906 enim
2356 4850 2710 4921 magniﬁcatus
2738 4859 2811 4903 est
2829 4890 2845 4916 ,
2886 4864 3065 4917 equum
3094 4858 3141 4903 et
3165 4865 3523 4906 ascensorem
3559 4872 3624 4923 pr

2029 4944 2151 5015 jecit
2196 4943 2248 4997 in
2289 4958 2429 4997 mare
2472 4941 2684 5015 (Exod.
2712 4941 2799 4998 15.
2832 4943 2926 5013 1).
2970 4942 3038 4997 Et
3079 4941 3286 4998 Debora
3334 4957 3492 5013 post.
3540 4949 3624 5004 illi

2039 5036 2349 5092 admirabile
2378 5046 2672 5105 tropzeum,
2715 5044 2771 5091 et
2806 5034 3130 5104 insperatam
3168 5035 3480 5093 victoriam
3508 5082 3524 5105 ,
3559 5042 3624 5112 ju

2040 5128 2303 5183 canticum
2330 5127 2458 5182 illud
2490 5126 2809 5197 triumphale
2830 5125 3128 5195 contexuit,
3148 5126 3373 5184 laudem
3408 5132 3624 5191 refere

2042 5220 2151 5275 Deo
2179 5218 2388 5292 (Judic.
2416 5219 2504 5291 5).
2546 5219 2643 5276 Hic
2671 5227 2851 5275 autem
2874 5218 3284 5287 criminaturus,
3313 5234 3475 5279 cum
3511 5229 3624 5281 veli

2115 5402 2298 5483 (ἐλθὲ
2324 5406 2491 5483 1539‘?-
2511 5406 2703 5483 ,Ηίίὲηοι
2740 5407 2861 5483 ini"!
2901 5411 3050 5483 πυράν
3074 5423 3485 5483 commearent.
3540 5436 3618 5483 qu

2050 5477 2110 5513 ea
2134 5479 2224 5536 vox
2250 5468 2299 5514 in
2333 5468 2726 5536 praecedentibus
2759 5468 3036 5536 Scriptura
3051 5472 3310 5522 versiculis
3342 5468 3624 5533 hab'erétt

2049 5533 2354 5595 gum'lamen
2389 5529 2456 5577 ibi
2497 5544 2594 5595 non
2637 5529 2901 5593 comparet.
2938 5532 3037 5581 Sed
3081 5542 3199 5594 puto
3222 5529 3624 5595 Chrysostm'ﬁt

2158 5586 2291 5635 Isaias
2313 5601 2478 5663 voces,
2504 5593 2567 5659 ὡς
2604 5586 2758 5652 φωτὸξ
2780 5596 2925 5657 πυρὸς
2954 5586 3206 5657 καιομένου
3227 5586 3624 5670 νυκσὶ-ὀξξίιίξί

2047 5660 2220 5698 vocem
2242 5660 2390 5714 πυράν
2417 5665 2714 5713 exprimere.
