3712 6274
264 381 378 435 υύκ
401 381 561 446 αὐτὸς
588 383 643 436 δὲ
678 383 854 455 μόνος,
884 387 1021 440 ἀλλᾶ
1061 392 1152 442 καὶ
1183 390 1211 440 ό
1250 391 1422 460 μέγας
1451 392 1655 455 ἐκεῖνος
1693 392 1935 462 Μωῦσῆς

260 472 362 543 τὴν
389 473 649 526 ἐπινίκιον
673 475 790 528 τότε
820 476 957 547 ᾅσας
983 479 1144 549 ᾠδὴν,
1172 480 1492 550 κατηγορῶν
1514 481 1621 532 τῶν
1646 482 1932 544 Ἰουδαίων,

266 561 485 629 μακρὰν
513 561 655 632 ᾠδὴν
686 563 751 615 τὰ
785 564 1105 635 ἐγκλήματα
1138 567 1405 635 πεποίηκε
1440 581 1465 608 ιι
1506 568 1679 636 λέγων
1699 586 1711 597 ·
1749 570 1939 623 Ταῦτα

264 646 345 712 τῷ
374 646 572 714 Κ-ιιρίῳ
609 649 1073 718 ἀνταποδίδοτε;
1111 650 1299 720 Οὗτος
1328 658 1360 709 ό
1388 655 1539 720 λαὸς
1562 656 1757 724 μωρὸς
1776 697 1790 719 ,
1840 657 1939 709 καὶ

266 735 402 803 οὐχί
435 736 629 805 σοφός
652 753 667 767 ·
698 738 791 789 καὶ
821 739 1021 804 πολλὰς
1058 742 1273 806 συνθεὶς
1313 744 1665 815 κατηγορίας,
1715 744 1941 815 ᾅδοντας

265 819 462 901 αὐτοὺς
487 821 661 877 ταῦτα
681 823 859 892 λέγειν
888 827 1196 898 ἐνομοθέτει
1221 844 1235 858 ⁸
1269 829 1363 882 καὶ
1393 829 1472 883 ἐτι
1492 832 1585 884 καὶ
1609 830 1702 884 νῦν
1723 829 1940 901 ᾅδοντες

263 900 433 960 ταῦτα
466 908 694 979 λέγομεν
720 914 812 964 καὶ
840 915 1017 984 ἡμεῖς.

335 997 491 1061 Τίνος
520 994 614 1053 οὖν
635 1001 819 1054 ἕνεκεν
848 1004 947 1066 τὰς
971 1006 1303 1076 κατηγορίας
1327 1006 1470 1079 ᾠδὴν
1496 1006 1709 1061 ποιοῦσι
1730 1023 1744 1072 ;
1769 1006 1939 1079 Σοφίᾳ

265 1086 594 1156 κεχρημένοι
617 1094 957 1162 πνευματικῇ
986 1093 1077 1146 καὶ
1100 1093 1233 1147 πολὺ
1255 1095 1316 1147 τὸ
1344 1095 1534 1166 κέρδος
1559 1094 1791 1148 ἐνθεῖναι
1820 1096 1940 1158 ταῖς

262 1172 371 1224 τῶν
418 1174 721 1229 ἀκουόντων
768 1177 1080 1250 βουλόμενοι
1113 1182 1332 1253 ψυχαῖς.
1385 1182 1605 1254 Ἐπειδὴ
1638 1183 1747 1253 γὰρ
1786 1182 1940 1236 οὐδὲν

261 1258 404 1313 οὕτω
436 1264 725 1334 χρήσιμον,
764 1266 839 1329 ὡς
871 1268 932 1319 τὸ
965 1267 1453 1340 πλημμελημάτων
1498 1270 1805 1341 μεμνῆσθαι
1862 1270 1940 1322 δι-

270 1348 496 1417 ηνεκῶς,
522 1352 744 1422 μνήμην
767 1353 822 1406 δὲ
841 1354 992 1407 οὐδὲν
1019 1354 1161 1409 ούτω
1182 1358 1406 1427 μόνιμον
1426 1358 1500 1422 ὡς
1520 1358 1752 1429 μελῳδία
1773 1359 1937 1421 ποιεῖν

265 1435 352 1489 ἵνα
386 1437 460 1508 μὴ
494 1437 584 1492 διὰ
628 1440 729 1511 τὴν
762 1441 1068 1515 ὑπερϐολὴν
1101 1445 1212 1499 τῶν
1257 1447 1605 1518 κατηγοριῶν
1652 1445 1938 1509 ὀκνοῦντες

265 1525 617 1589 ἀναδυόμενοι
657 1529 900 1598 φεύγωσι
952 1532 1012 1585 τὸ
1061 1534 1300 1604 συνεχῶς
1356 1533 1665 1605 μεμνῆσθαι
1699 1533 1810 1587 τῶν
1861 1534 1940 1586 ol-

262 1614 426 1689 κείων
464 1616 903 1688 ἁμαρτημάτων,
941 1621 1021 1693 τῷ
1069 1623 1221 1693 μέλει
1268 1624 1368 1696 τῆς
1398 1624 1541 1695 ᾠδῆς
1583 1623 1939 1678 ὐποκλέπτων

263 1701 362 1771 ’τὴν
394 1702 503 1756 ἀπὸ
530 1705 630 1775 τῆς
658 1708 878 1780 μνήμης
906 1710 1190 1781 αίσχύνην,
1222 1712 1319 1765 καὶ
1348 1713 1449 1784 τὴν
1497 1712 1769 1784 ἀφόρητον
1802 1710 1937 1765 ἀθυ-

265 1789 395 1860 μίαν
419 1794 934 1866 παραμυθούμενος,
969 1798 1189 1870 ᾄσματα
1225 1799 1367 1854 αὐτὰ
1395 1801 1711 1872 πεποίηκεν,
1746 1801 1833 1855 ἵνα
1860 1798 1939 1872 τῷ

262 1877 414 1949 πόοῳ
466 1881 731 1952 μελῳδίας
779 1885 1210 1957 ἀναγκαζόμενοι
1243 1887 1481 1959 συνεχῶς
1510 1883 1660 1942 ἀὐτά
1703 1888 1940 1959 φθέγγε-

263 1966 408 2028 σθαι,
445 1970 681 2038 συνεχῶς
714 1971 893 2024 αὐτῶν
937 1967 1039 2026 ὦσι
1078 1976 1457 2046 μεμνημένοι,
1489 1977 1583 2030 καὶ
1618 1974 1881 2047 διηνεκῶς
1907 1973 1936 2014 δ

260 2050 427 2122 ἔχωσί
483 2073 602 2109 τινα
625 2057 973 2113 διδασκαλίαν
1011 2063 1211 2134 ἀρετῆς
1240 2063 1339 2133 τὴν
1370 2062 1589 2134 διηνεκῆ
1619 2063 1728 2116 τῶν
1758 2064 1939 2133 ἁμαρ-

259 2143 519 2212 τημάτων
555 2147 793 2218 μνήμην.
830 2148 971 2202 ’Ἱστε
1003 2150 1154 2219 γοῦν,
1191 2152 1272 2204 ὅτι
1311 2152 1405 2205 καὶ
1433 2150 1528 2204 νῦν
1558 2152 1627 2204 τὰ
1666 2151 1764 2222 μὲν
1804 2150 1937 2206 ἄλλα

258 2228 368 2282 οὐδ’
405 2229 462 2297 ἐξ
486 2231 743 2302 ὀνόματος
768 2236 880 2296 τοῖς
909 2236 1123 2301 πολλοῖς
1152 2239 1268 2290 ἐστι
1298 2238 1487 2290 Βιϐλία
1522 2239 1805 2309 γνώριμα·
1834 2238 1935 2308 τὴν

258 2317 315 2370 δὲ
342 2317 451 2371 τῶν
474 2320 720 2391 Ψαλμῶν
752 2325 1137 2394 πραγματείαν
1164 2326 1258 2378 ἐπὶ
1281 2325 1546 2396 στόματος
1566 2326 1805 2391 ἅπαντες
1834 2326 1935 2396 φέ-

262 2421 435 2475 ρουσι,
466 2409 557 2460 καὶ
586 2410 754 2473 αὐτὰς
786 2411 988 2475 ταύτας
1022 2413 1120 2476 τὰς
1152 2412 1324 2484 ᾠδάς’
1360 2412 1503 2469 οὕτω
1528 2415 1597 2468 δι’
1624 2414 1802 2468 αὐτῶν
1825 2415 1935 2468 τῶν

258 2497 599 2567 πραγμάτων
627 2499 922 2565 δείκνυται,
956 2501 1123 2555 πόσον
1146 2503 1253 2556 ἀπὸ
1288 2503 1387 2574 τῆς
1421 2504 1687 2575 μελῳδίας
1716 2503 1778 2557 τὸ
1803 2504 1932 2575 κέρ·

257 2582 347 2646 δος
377 2584 512 2640 ἐστί.
559 2588 657 2639 Διὰ
684 2587 746 2659 δὴ
792 2587 951 2642 τοῦτο
1000 2590 1094 2643 καὶ
1139 2590 1303 2655 αὐτός
1330 2609 1494 2663 φησιν
1515 2610 1529 2625 ο
1561 2594 1725 2663 Ι’ᾼσω
1749 2592 1826 2660 δὴ
1856 2590 1936 2657 τῷ

255 2670 621 2740 ἠγαπημένῳ
664 2668 829 2745 ᾆσμα
861 2675 968 2730 τοῦ
1012 2678 1323 2746 ἀγαπητοῦ
1358 2697 1479 2749 μου
1522 2679 1603 2746 τῷ
1625 2679 1936 2748 ἀμπελῶνί

250 2778 391 2829 μου.
426 2757 628 2833 ’ᾼσμα
664 2763 742 2829 τῷ
782 2765 1164 2835 ἠγαπημένῳ,
1206 2770 1398 2838 φησὶν,
1439 2768 1746 2838 ἀμπελῶνι
1770 2785 1782 2798 ·
1819 2768 1935 2841 ᾷσω

255 2847 386 2917 περὶ
413 2849 575 2900 αὐτοῦ
604 2848 696 2901 τοῦ
727 2851 913 2920 ῆγαπη
925 2850 1106 2921 μένου.
1138 2854 1248 2906 Kal
1284 2853 1432 2925 αὐτῷ
1458 2854 1567 2925 γὰρ
1595 2855 1706 2927 ᾄδω
1725 2898 1739 2918 ,
1768 2856 1932 2926 φησὶ,

255 2950 350 2986 και
383 2935 415 3005 ἡ
442 2934 808 3005 ὐπόθεσιςτῆς
839 2937 979 3007 ᾠδῆς
1010 2939 1138 3010 περὶ
1161 2939 1326 2993 αὐτοῦ
1354 2942 1447 2993 καὶ
1468 2941 1576 2995 τῶν
1598 2942 1760 2995 αὐτοῦ
1794 2960 1936 3013 πρα-

254 3020 482 3091 γμάτων
510 3021 675 3076 ἐστίν.
698 3023 757 3074 El
775 3023 831 3075 δὲ
858 3024 1065 3093 μέλλων
1094 3030 1442 3097 κατηγορεῖν,
1474 3029 1756 3099 ἀγαπητὸν
1779 3029 1937 3082 καλεῖ

254 3114 349 3162 καί
369 3110 747 3181 ἠγαπημένον,
770 3112 845 3183 μὴ
870 3112 1175 3186 θαυμάσῃς.
1200 3116 1309 3169 Kal
1328 3115 1487 3170 τοῦτο
1501 3116 1610 3188 γὰρ
1634 3117 1886 3187 μέγιστον
1907 3128 1929 3156 ο

253 3199 587 3268 κατηγορίας
619 3199 850 3269 ἐφόδιον,
881 3201 964 3255 ὅτι
997 3201 1060 3274 δὴ
1090 3203 1503 3273 ἀγαπηθέντες,
1538 3206 1632 3258 καὶ
1658 3206 1931 3275 τοσαύτης

252 3281 657 3348 ἀπολαύσαντες
703 3286 852 3357 παρὰ
883 3285 1019 3339 Θεοῦ
1048 3286 1150 3357 τῆς
1198 3285 1313 3359 [52]
1349 3288 1591 3352 εὐνοίας,
1635 3289 1755 3341 οὐδὲ
1790 3290 1933 3342 οὕτω

255 3369 496 3438 βελτίους
518 3372 787 3440 ἐγένοντο.
816 3372 986 3426 Τοῦτο
1023 3374 1154 3443 γοῦν
1185 3376 1280 3428 καὶ
1311 3377 1495 3447 ἕτερος
1523 3379 1810 3447 προφήτης
1848 3379 1933 3431 αί-

251 3458 563 3529 νιττόμενος
591 3459 776 3528 ἔλεγεν
795 3477 811 3492 ο
846 3461 940 3527 Ὠς
965 3464 1292 3532 σταφυλὴν
1317 3463 1387 3517 ἐν
1413 3462 1608 3532 ἐρήμῳ
1622 3461 1804 3533 εὗρον
1828 3466 1933 3520 τὸν

264 3545 533 3614 Ἰσραὴλ,
554 3547 634 3613 ὡς
662 3548 901 3602 σκοπὸν
924 3550 994 3602 ἐν
1012 3549 1176 3617 συκῇ
1196 3550 1460 3621 πρὼΐμον
1485 3549 1649 3606 εἶδον
1669 3552 1932 3621 πατέρας

250 3632 451 3686 αὐτῶν
470 3650 483 3664 '
516 3634 575 3686 τὸ
606 3632 851 3687 ποθεινὸν
883 3635 1061 3689 αὐτῶν
1094 3637 1187 3690 καὶ
1214 3637 1511 3708 ἐπέραστον
1543 3638 1630 3691 διὰ
1652 3639 1759 3692 τῶν
1793 3656 1931 3710 καρ-

252 3718 371 3773 πῶν
400 3721 604 3774 τούτων
634 3720 1041 3793 ἐνδεικνύμενος
1061 3738 1075 3752 ο
1107 3723 1351 3778 ποθεινὸν
1381 3724 1438 3778 δὲ
1478 3726 1640 3778 αὐτὸν
1693 3727 1787 3779 καὶ
1832 3727 1931 3779 ἐπ-

255 3807 484 3879 έραστον
506 3810 567 3862 οὐ
600 3809 752 3882 παρά
778 3809 874 3882 τὴν
888 3811 1103 3865 οἰκείαν
1119 3812 1319 3883 ἀρετὴν
1341 3855 1354 3878 ,
1381 3812 1514 3868 ἀλλὰ
1541 3814 1694 3887 παρὰ
1715 3815 1810 3885 τὴν
1834 3815 1929 3868 τοῦ

249 3894 389 3949 Θεοῦ
420 3896 750 3967 ἀγαθότητα.
791 3899 854 3953 Ὃ
884 3897 941 3952 δὲ
977 3898 1157 3967 λέγει,
1184 3900 1419 3953 τοιοῦτόν
1446 3902 1593 3955 ἐστιν
1615 3944 1629 3967 ,
1664 3903 1747 3955 ὅτι
1791 3903 1929 3972 Ἐγὼ

252 3983 353 4053 μὲν
374 3982 547 4048 οὕτως
574 3986 858 4057 ἠγάπησα,
900 3986 976 4051 ὡς
1000 3985 1066 4041 ἄν
1094 4004 1177 4050 τις
1210 3988 1483 4059 σταφυλὴν
1522 3989 1696 4062 εύρὼν
1726 3992 1783 4043 ἐν
1802 3992 1931 4062 ἐρή-

253 4090 356 4143 μῳ.
393 4072 426 4143 ἧ
452 4071 527 4136 ὡς
552 4073 616 4127 ἄν
647 4091 732 4137 τις
769 4074 971 4128 σκοπὸν
992 4076 1049 4128 ἐν
1080 4079 1239 4148 συκῇ.
1280 4077 1342 4130 El
1370 4077 1478 4149 γὰρ
1500 4079 1595 4132 καὶ
1620 4080 1815 4144 ἀνάξια
1835 4080 1927 4134 τοῦ

248 4158 382 4212 Θεοῦ
417 4160 485 4213 τά
533 4161 987 4233 παραδείγματα,
1019 4162 1154 4218 ἀλλά
1196 4164 1508 4237 κατάλληλα
1551 4166 1655 4237 τῆς
1706 4168 1927 4222 ἐκείνοιν

248 4250 707 4320 γαστριμαργίας.
737 4252 917 4305 Αὐτοὶ
957 4252 1045 4315 δέ,
1080 4254 1247 4322 φησὶ,
1283 4255 1551 4327 τοσαύτης
1584 4255 1928 4310 ἀπολαύσαν-

247 4350 338 4398 τες
387 4336 486 4405 τῆς
523 4337 779 4407 ἀγάπης,
828 4339 1448 4407 ἀπηλλοτριώθησαν,
1485 4342 1583 4395 καί
1636 4343 1929 4412 εἰσῆλθον

248 4423 398 4488 πρὸς
434 4423 543 4476 τὸν
568 4424 933 4493 Βεελφεγιὼρ.
965 4426 1121 4480 Οὕτω
1155 4427 1339 4499 δήκαὶ
1374 4429 1607 4483 ἐνταῦθα
1631 4431 1925 4503 ἠγαπημέ-

247 4527 337 4561 νον
369 4510 532 4563 αὐτδν
570 4511 725 4564 καλεῖ
757 4512 852 4566 καὶ
882 4513 1198 4584 ἀγαπητὸν,
1240 4514 1450 4579 δεικνὺς
1478 4518 1561 4570 δτι
1592 4520 1621 4570 ό
1659 4518 1759 4586 μὲν
1795 4518 1926 4583 Θεὸς

246 4594 315 4648 τὰ
339 4599 467 4668 παρ’
489 4599 681 4653 ἑαυτοῦ
705 4600 883 4653 πάντα
906 4600 1237 4667 ἐπεδείξατο,
1260 4602 1361 4656 οὐκ
1383 4603 1563 4657 αὐτῶν
1578 4604 1924 4675 ἀρξαμένων,

245 4684 382 4739 ἀλλὰ
408 4684 501 4737 τοῦ
529 4684 662 4739 Θεοῦ
694 4688 1065 4759 ἡγησαμένου.
1109 4689 1335 4741 Ἐκεῖνοι
1356 4690 1411 4743 δὲ
1438 4690 1560 4743 οὐδέ
1592 4692 1731 4760 μετά
1753 4692 1925 4748 ταῦτα

247 4773 432 4839 ἀξίους
466 4774 692 4839 ἑαυτοὺς
731 4775 832 4845 τῆς
880 4776 1200 4847 εὐεργεσίας
1231 4776 1459 4842 ἔδειξαν,
1494 4777 1629 4832 ἀλλὰ
1667 4781 1925 4835 τάναντία

247 4862 591 4928 ἐπεδείξαντο
645 4862 881 4920 ἅπαντα.
932 4864 1242 4933 Ἀμπελὼν
1288 4865 1540 4935 ἐγενήθη
1578 4868 1658 4933 τῷ
1694 4869 1927 4939 ἠγαπη-

241 4950 425 5019 μένῳ,
449 4951 519 5003 ἐν
544 4949 766 5019 κέρατι,
804 4952 873 5005 ἐν
904 4953 1063 5015 τόπῳ
1092 4954 1274 5007 πίονι.
1310 4954 1400 5025 Τῷ
1430 4956 1656 5027 ὀνόματι
1685 4957 1779 5010 τοῦ
1812 4959 1924 5029 ἀμ-

248 5037 485 5102 πελῶνος
514 5041 692 5092 πᾶσαν
717 5041 945 5111 ἐνέφηνε
976 5042 1075 5112 τὴν
1104 5042 1389 5112 πρόνοιαν,
1420 5045 1512 5097 καὶ
1539 5043 1637 5115 τὴν
1662 5046 1791 5117 περὶ
1821 5046 1922 5100 αὐ-

243 5124 352 5176 τῶν
378 5123 406 5162 ἀ
438 5126 778 5196 ἐπιμέλειαν.

256 5234 257 5237 η
318 5211 383 5281 β’.
420 5212 494 5266 Οὐ
542 5213 647 5284 μὴν
681 5214 891 5267 ἵσταται
926 5214 1087 5286 μέχρι
1117 5216 1326 5282 τούτου,
1358 5217 1495 5271 ἀλλὰ
1541 5220 1634 5273 καὶ
1667 5218 1735 5273 τὰ
1758 5220 1922 5292 ἕτερα

244 5300 640 5372 ἀπαριθμεῖται
694 5302 1143 5374 εὐεργετήματα⁶
1207 5306 1301 5359 καὶ
1348 5308 1612 5380 πρότερον
1671 5308 1779 5362 ἀπὸ
1822 5314 1921 5381 τῆς

308 5468 333 5497 ³
359 5471 602 5529 Πεποίηκε
624 5472 769 5521 deest
790 5471 836 5537 in
859 5472 984 5534 Reg.
1011 5482 1061 5521 et
1098 5474 1249 5524 Savil.
1273 5477 1361 5526 Illa
1387 5484 1551 5526 aulam
1573 5478 1757 5529 sublata
1779 5493 1919 5537 voce,

244 5529 383 5603 lncqs
403 5547 601 5603 Eumelus
620 5548 731 5603 cs§e
753 5529 971 5603 yidvlur”,
1019 5538 1094 5603 cpi
1122 5542 1442 5603 restaurando
1466 5554 1632 5588 vorem
1652 5542 1785 5589 καλεῖ
1809 5529 1917 5603 pro;

244 5595 381 5701 ροιιὶι
407 5595 635 5667 ξεινηωε.
668 5598 765 5645 Sed
788 5611 897 5646 cum
918 5598 1149 5656 πεποίηκε
1173 5600 1220 5647 iu
1250 5601 1412 5649 [ξενίη.
1438 5609 1489 5649 el
1510 5603 1679 5651 Morel.
1708 5644 1710 5651 .

266 5667 383 5701 Ol'uS
410 5668 504 5701 Iam
524 5664 721 5701 Inleqor
745 5667 836 5701 est-

452 5597 635 5667 avilius.
668 5598 765 5645 Sed
788 5611 897 5646 cum
918 5598 1149 5656 πεποίηκε
1173 5600 1220 5647 iu
1250 5601 1412 5649 [ξενίη.
1438 5609 1489 5649 el
1510 5603 1679 5651 Morel.
1708 5595 1918 5666 lega'lur,

452 5669 504 5701 ω
524 5664 721 5701 ιιιιρσοι·
745 5667 836 5701 est-

266 5667 385 5719 οιτιιξ
405 5668 504 5716 Jam
524 5664 721 5719 integer
745 5667 836 5708 est.

310 5718 336 5779 ιξ
358 5716 813 5779 Ξενίιεμεμνημένοι
852 5722 1091 5779 διηνεκῶς.
1117 5721 1216 5770 Sed
1258 5722 1363 5772 hzec
1384 5724 1534 5775 lectio
1552 5727 1732 5776 seriem
1761 5729 1921 5777 inter-

245 5777 426 5835 turbat,
454 5777 645 5827 sublata
667 5777 999 5832 distinctiohe.

311 5843 335 5914 ξ
356 5840 478 5914 ﬁeg.
504 5847 555 5889 el
589 5843 735 5914 Sagil.
758 5848 841 5914 γιαὶ
861 5844 1002 5895 τοῦτο
1025 5847 1243 5909 μέγιστον
1264 5844 1443 5898 omisso
1465 5849 1568 5914 γάρ.

309 5901 338 5941 σι
356 5900 478 5966 Reg.
504 5904 608 5967 περὶ
630 5904 813 5961 αὐτούς.

1080 275 1138 330 S.
1179 272 1462 329 JOANNIS
1501 270 1992 331 CHRYSOSTOMI
2033 278 2352 336 ARCIHEP.
2392 276 2938 335 CONS’I‘ANTINOP.
3635 268 3694 328 58

2043 394 2243 458 θέσεως
2270 394 2363 448 τοῦ
2392 396 2557 448 τόπου
2593 393 2751 446 τοῦτο
2788 394 2965 446 ποιεῖ·
2994 390 3055 443 τὸ
3082 389 3209 461 γὰρ,
3248 390 3352 443 Ἕν
3393 387 3609 453 κέρατι,
3634 388 3694 441 ἐν

2042 482 2201 543 τόπῳ
2224 483 2407 542 πίονι,
2438 482 2500 534 τὸ
2534 482 2630 551 μὲν
2663 481 2761 551 τὴν
2799 479 2961 548 φύσιν
2994 480 3093 549 τῆς
3127 477 3229 547 γῆς
3259 476 3492 528 ἐπαινῶν
3530 474 3694 542 ἔλεγε.

2036 568 2097 621 τὸ
2129 569 2184 622 δὲ
2217 569 2315 638 τὴν
2347 569 2493 621 θέσιν
2512 586 2527 599 ·
2556 570 2693 639 ὅπερ
2726 568 2877 620 καὶὸ
2907 565 3068 618 Δαυῒδ
3096 564 3310 634 ψάλλων
3340 563 3539 632 ἔφησεν
3560 602 3574 617 .
3622 562 3694 616 ὅτι

2049 656 2422 729 Ἰερουσαλὴμ,
2463 659 2608 724 Ὀρη
2642 657 2846 720 κύκλῳ
2875 653 3062 721 αὐτῆς
3086 693 3100 714 ,
3132 654 3228 708 καί
3265 652 3473 718 Κύριος
3501 650 3694 712 κύκλῳ

2037 743 2144 796 τοῦ
2181 744 2334 797 λιιοῦ
2367 742 2573 796 αὑτοῦ.
2622 742 2881 811 Ἐτείχισε
2919 740 3015 810 μὲν
3039 740 3147 810 γὰρ
3185 737 3355 807 αὐτὴν
3377 776 3393 799 ,
3423 735 3576 807 φησὶ.
3610 736 3694 788 καὶ

2038 833 2103 902 τῇ
2138 831 2284 884 θέσει
2312 831 2406 883 τοῦ
2433 832 2600 885 τόπου
2621 846 2635 860 ·
2682 829 2819 899 πλὴν
2847 828 2946 881 οὐκ
2983 826 3224 898 ἠρκέσθη
3258 825 3449 895 τούτῳ,
3484 823 3619 877 ἀλλὰ
3645 824 3694 876 τί

2042 918 2297 988 μέγιστον
2328 920 2505 988 τεῖχος
2552 916 2713 979 αὐτὸς
2759 917 2892 987 αὐτῇ
2932 916 3186 985 γέγονεν·
3232 914 3264 966 δ
3308 912 3371 984 δὴ
3420 914 3514 966 καὶ
3553 907 3694 975 οὗτος

2038 1007 2332 1061 αἰνίττεται
2364 1007 2559 1074 λέγων,
2605 1007 2703 1060 Ἐν
2731 1004 2949 1073 κέρατι,
2979 1004 3040 1057 τό
3079 1020 3138 1055 τε
3186 1002 3480 1072 ἀχείρωτον
3516 1002 3612 1053 καὶ
3644 1000 3694 1053 τί

2038 1094 2480 1163 ἀκαταγὼνιστον
2532 1092 2626 1148 τοῦ
2675 1093 2863 1158 τόπου,
2895 1092 2989 1147 καὶ
3024 1091 3129 1162 πρὸ
3156 1090 3369 1154 τούτου,
3409 1088 3507 1160 τὴν
3556 1089 3694 1159 παρὰ

2036 1183 2131 1237 τοῦ
2171 1183 2306 1236 Θεοῦ
2348 1180 2821 1254 βοήθειανδηλῶν,
2868 1178 2976 1233 ἀπὸ
3027 1178 3339 1249 μεταφορᾶς
3381 1176 3473 1230 τοῦ
3529 1176 3694 1247 κέρως

2037 1270 2131 1323 τοῦ
2157 1269 2299 1341 βοός.
2329 1270 2442 1324 Kal
2468 1268 2577 1338 γὰρ
2597 1268 2690 1321 καὶ
2716 1266 2985 1339 παροιμία
3003 1264 3225 1335 τοιαύτη
3245 1263 3498 1334 δημώδης
3522 1262 3694 1333 ἐξενή·

2039 1373 2224 1410 νεκται
2256 1356 2385 1428 περὶ
2415 1356 2526 1409 τῶν
2552 1357 2633 1419 είς
2657 1354 2897 1423 ἀσφαλές
2923 1371 2976 1407 τι
3007 1352 3203 1425 χωρίον
3231 1350 3694 1420 καταφευγόντων.

2052 1444 2270 1515 Ἐπειδὴ
2302 1444 2411 1515 γὰρ
2438 1443 2784 1515 ἰσχυρότερον
2803 1441 3020 1495 πάντων
3040 1440 3068 1493 ὁ
3094 1439 3315 1511 ταῦρος,
3350 1437 3511 1492 αὐτοῦ
3533 1438 3591 1491 δὲ
3614 1437 3694 1491 τοῑ⁴

2039 1531 2179 1595 ζώου
2207 1531 2268 1585 τὸ
2299 1532 2641 1603 ἰσχυρότερον
2678 1530 2737 1582 τὸ
2765 1529 2964 1600 κέρας’
3001 1526 3149 1597 ὅπλῳ
3184 1526 3294 1597 γὰρ
3331 1524 3480 1596 αὐτῷ
3503 1525 3694 1596 κέχρη·

2037 1637 2155 1674 ταν
2189 1619 2277 1673 διὰ
2304 1620 2363 1673 τὸ
2385 1619 2762 1689 δυσχείρωτον,
2793 1616 2949 1670 τοῦτο
2985 1626 3008 1655 θ
3040 1614 3260 1669 εἰώθασι
3300 1612 3476 1681 λέγειν
3502 1614 3552 1666 οί
3582 1612 3694 1664 πολ·

2037 1706 2121 1760 λοί
2137 1723 2152 1737 ⁸
2187 1707 2279 1760 καὶ
2303 1708 2336 1778 ἡ
2373 1706 2560 1777 Γραφὴ
2585 1705 2643 1759 δὲ
2671 1704 2930 1768 πολλάκις
2958 1702 3127 1774 κέρας
3164 1702 3527 1772 μονοκέρωτος
3554 1699 3693 1753 καλε

2036 1794 2164 1857 τοὺς
2182 1795 2240 1847 ἐν
2266 1793 2536 1864 ἀσφαλείᾳ
2565 1793 2742 1856 ὄντας.
2780 1793 2883 1846 Ἐν
2901 1794 3103 1859 κέρατι
3125 1786 3229 1843 οὖν
3254 1788 3488 1842 ἐνταῦθά
3518 1804 3690 1856 φησιν

2038 1881 2096 1934 ἐν
2124 1881 2413 1952 ἀσφαλείᾳ,
2454 1882 2510 1933 ἐν
2553 1879 2697 1949 ὕψει,
2740 1880 2876 1951 ὅπερ
2920 1879 3217 1948 ἀρχόμενος
3263 1876 3478 1944 ἐλεγενο
3537 1874 3694 1941 Υὶοὺι

2037 1970 2354 2039 ἐγέννησα,
2386 1968 2482 2022 καὶ
2513 1968 2750 2037 ὕψωσα.
2799 1969 2896 2021 Ἐν
2916 1970 3075 2033 τόπῳ
3093 1966 3255 2019 πίονι
3280 1981 3293 1995 ·
3322 1966 3460 2035 ὅπερ
3488 1966 3515 2017 ὀ
3538 1965 3694 2016 Mm?»

2041 2056 2139 2127 σῆς
2172 2053 2316 2121 εἷπε,
2347 2057 2480 2126 Γῆν
2503 2056 2773 2123 ῥέουσαν
2800 2054 2952 2125 τάλα
2994 2055 3093 2108 καί
3105 2053 3263 2123 μέλι.
3296 2053 3403 2107 Kal
3436 2052 3694 2120 φρατμὺι

2038 2145 2378 2212 περιέθηκα,
2410 2145 2509 2198 καί
2538 2144 2913 2213 ὲχαράκωσα.
2949 2141 3275 2211 Φραγμὸνῆ
3313 2140 3373 2194 τὸ
3406 2140 3586 2210 τεῖχός
3611 2156 3690 2207 φη

2040 2249 2125 2285 σιν
2142 2272 2156 2296 ,
2182 2231 2214 2303 ἢ
2241 2232 2332 2285 τὸν
2366 2232 2551 2302 νόμον,
2576 2232 2608 2303 ἢ
2630 2232 2726 2303 τὴν
2752 2231 2917 2285 αὐτοῦ
2942 2230 3221 2302 πρόνοιαν.
3241 2230 3349 2283 Kal
3368 2227 3476 2299 γὰρ
3506 2227 3693 2297 δνὸμο

2034 2319 2249 2389 τείχους
2260 2319 2661 2390 ἀσφαλέστερον
2672 2320 2855 2382 αὐτοῖς
2872 2318 3198 2390 περιέκειτο.
3214 2318 3319 2371 Kal
3332 2314 3694 2386 ὲχαράκωσα

2031 2407 2329 2471 τουτέστιν,
2371 2406 2616 2479 ’ἰσχυρὰν
2639 2407 2739 2478 τὴν
2767 2407 3067 2476 ἀσφάλειαν
3098 2405 3460 2475 ἐποιησάμην.
3489 2400 3694 2456 Ἐπειδί

2036 2493 2145 2566 γὰρ
2166 2493 2424 2557 πολλάκις
2445 2494 2697 2565 φραγμδς
2727 2493 3157 2565 εὐεπιχείρητον,
3184 2492 3281 2545 καὶ
3313 2489 3524 2562 ἑτέραν,
3552 2489 3694 2559 φησὶ

2036 2580 2356 2653 περιέϐαλον
2381 2581 2564 2645 αὐτοῖς
2593 2581 2928 2653 συμμαχίαν.
2954 2580 3064 2634 Καὶ
3098 2580 3403 2649 ἐφύτευσα
3435 2578 3694 2645 ἄμπελοι

2034 2668 2264 2738 Σωρήχ,
2305 2669 2580 2739 Ἐπιμένει
2606 2672 2670 2740 τῇ
2698 2670 2994 2739 μεταφορᾷ,
3022 2669 3087 2739 ἢν
3103 2669 3163 2721 οὐ
3188 2667 3426 2721 δεῖκατά
3460 2665 3614 2730 λέξιν
3639 2667 3694 2735 ἐξ

2039 2758 2314 2826 μηνεύειν,
2365 2756 2500 2811 ἀλλὰ
2557 2757 2647 2811 τὸν
2698 2758 2897 2810 σκοπὸν
2929 2757 3139 2819 εἰδότας
3179 2753 3462 2826 ἀρκεῖσθαι
3510 2753 3694 2823 τούτῳ

2036 2845 2229 2916 Σωρὴχ
2269 2845 2326 2899 δὲ
2377 2846 2609 2899 ἐνταῦθα
2662 2844 2922 2915 ἀληθινήν
2961 2862 3146 2916 φησιν,
3187 2843 3404 2913 εὐγενῆ,
3436 2842 3559 2912 οὐχὶ
3609 2841 3694 2893 τῶ

2035 2932 2254 3001 φαύλων
2292 2932 2495 3001 φυτῶν,
2524 2933 2644 2986 οὐδὲ
2673 2933 2779 2985 τῶν
2813 2932 3271 3002 καταδεεστέρων,
3309 2931 3443 2986 ἀλλά
3474 2930 3589 2985 τῶν
3628 2931 3693 2984 δο

2034 3022 2213 3091 κίμων
2242 3022 2335 3074 καὶ
2361 3020 2613 3094 πρώτων.
2643 3021 2821 3076 Πολλὰ
2850 3020 2958 3091 γὰρ
3120 3021 3380 3092 ἀμπέλων
3407 3020 3565 3090 γένη.
3608 3023 3694 3074 Ka

2032 3107 2393 3177 ᾠκοδόμησα
2433 3110 2665 3179 πύργον
2697 3109 2793 3161 καὶ
2836 3108 3166 3177 προλήνιον
3191 3110 3261 3162 ἐν
3290 3108 3460 3176 μέσῳ
3494 3108 3694 3161 αὑτοῦ

2034 3195 2191 3260 Τινὲς
2219 3195 2237 3234 τ
2276 3196 2367 3249 τὸν
2397 3198 2520 3250 ναόν
2552 3214 2683 3265 φασι
2706 3236 2719 3260 ,
2748 3198 2842 3250 καὶ
2877 3197 3164 3268 προλήνιον
3195 3196 3256 3249 τὸ
3285 3197 3691 3268 θυσιαστήριον

2034 3282 2129 3337 ἆτε
2155 3284 2264 3337 τῶν
2295 3285 2520 3355 καρπῶν
2535 3287 2651 3338 ἐκεῖ
2682 3284 3062 3356 συναγομένων
3094 3285 3191 3356 τῆς
3218 3286 3418 3357 ἀρετῆς
3446 3285 3549 3355 τῆς
3583 3286 3694 3340 ἑκά

2035 3387 2182 3433 στου,
2201 3370 2423 3425 καὶτῶν
2452 3370 2799 3442 προσφορῶν,
2826 3373 2921 3425 καὶ
2948 3372 3054 3425 τῶν
3083 3372 3281 3426 θυσιῶν
3310 3371 3535 3426 ἀπασῶν
3558 3389 3579 3404 ο
3610 3375 3694 3441 ἐγι

2035 3454 2217 3524 μέντοι
2242 3454 2418 3517 τοῦτο,
2460 3456 2597 3526 ὅπερ
2627 3454 2796 3525 ἔφθην
2838 3458 3007 3510 εἰπὼν
3026 3499 3041 3523 ,
3069 3457 3165 3511 καὶ
3198 3457 3292 3510 νῦν
3322 3456 3465 3528 ἐρῶ,
3512 3456 3612 3511 δτι
3647 3475 3694 3511 τι

2034 3541 2219 3612 σκοπῷ
2249 3542 2330 3595 δεῖ
2372 3542 2658 3612 προσέχειν
2698 3543 2797 3614 τῆς
2829 3546 3162 3616 μεταφορᾶς.
3197 3544 3295 3598 Διὰ
3338 3545 3444 3616 γὰρ
3486 3546 3694 3599 πάντω

2029 3629 2188 3683 τοῦτο
2249 3629 2493 3699 βούλεται
2546 3631 2739 3695 εἰπεῖν,
2795 3632 2875 3709 ὅτι
2914 3632 2995 3685 Τὰ
3048 3633 3178 3704 παρ’
3228 3631 3466 3704 ἐμαυτοῦ
3528 3634 3693 3688 πάντ

2030 3718 2165 3788 ἐπλή
2176 3735 2342 3789 ρωσα,
2368 3718 2547 3773 πᾶσαν
2573 3719 2886 3789 ἐπιμέλειαν
2911 3720 3290 3792 ἐπεδειξάμην.
3314 3721 3390 3775 Οὐ
3418 3723 3693 3776 κατέτειν

2030 3807 2316 3874 καμάτοις,
2351 3806 2411 3858 οὐ
2444 3806 2738 3879 συνέτριψα
2759 3809 2961 3873 πόνοις,
2991 3809 3092 3863 οὐκ
3114 3811 3311 3873 αὐτοὺς
3347 3809 3694 3883 οίκοδομῆσσ

2029 3894 2310 3955 ἐκέλευσα,
2335 3894 2434 3947 οὐκ
2466 3895 2663 3959 αὐτοὺς
2689 3896 2914 3966 σκάψαι,
2937 3897 3037 3951 οὐκ
3057 3898 3254 3961 αὐτοὺς
3279 3897 3571 3966 φυτεῦσαι,
3600 3899 3694 3954 ἀλ]

2029 3982 2437 4053 ἀπηρτισμένον
2463 3981 2525 4035 τὸ
2566 3981 2723 4053 ἔργον
2748 3984 3055 4053 παρέδωκα.
3102 3986 3211 4039 Kal
3242 3984 3359 4039 οὐδὲ
3384 3986 3553 4057 μέχρι
3591 3989 3694 4043 τού

2027 4085 2120 4122 του
2140 4068 2208 4121 τὰ
2231 4069 2330 4138 τῆς
2356 4068 2764 4140 φιλανθρωπίας
2783 4069 2985 4141 ἐστησα
3008 4072 3188 4141 μόνον,
3207 4072 3343 4137 ἀλλὰ
3366 4073 3476 4128 Kal
3498 4073 3693 4143 Eysm

2027 4156 2135 4211 τοῦ
2160 4155 2412 4225 ποιῆσαι
2442 4158 2789 4226 σταφυλὴν,
2825 4159 2917 4213 καὶ
2946 4160 3204 4230 ἀνέμεινα
3231 4159 3321 4213 τὸν
3354 4162 3693 4233 προσήκοντ

2027 4245 2220 4317 καιρὸν
2246 4246 2347 4315 τῆς
2388 4248 2765 4318 καρποφορίας
2785 4287 2802 4306 .
2833 4248 3183 4321 μακροθυμίᾳ
3219 4248 3387 4320 πολλῇ
3429 4251 3694 4322 χρησάμλ

2028 4348 2136 4395 νος.
2161 4330 2235 4383 Τὸ
2265 4332 2393 4401 γὰρ,
2420 4333 2687 4400 Ἔμεινα,
2717 4332 2875 4387 τοῦτο
2906 4335 3073 4404 δηλοῖ.
3118 4336 3399 4403 Ἐποίησε
3417 4334 3486 4388 δὲ
3515 4336 3694 4391 ἀκάν

2026 4424 2156 4485 θας.
2201 4421 2303 4473 Τὸν
2324 4422 2570 4492 ἄκαρπον
2598 4422 2775 4476 αὐτῶν
2817 4423 2929 4492 βίον
2971 4424 3322 4489 ἐνδείκνυται,
3349 4424 3440 4479 τὸν
3467 4430 3694 4497 τραχὺι

2024 4508 2118 4561 τὸν
2155 4508 2409 4579 σκληρόν.
2461 4510 2615 4575 Τίνος
2641 4507 2734 4565 οὖν
2771 4512 2837 4566 ἂν
2878 4510 2986 4567 εἷεν
3029 4513 3358 4586 συγγνώμης
3388 4513 3534 4580 ἄξιοι
3568 4535 3694 4587 μετ

2024 4596 2295 4668 τοσαύτην
2321 4599 2639 4668 ἐπιμέλειαν
2668 4601 2891 4665 τούτους
2910 4603 3198 4668 ἀποδόντες
3223 4603 3298 4674 τῷ
3319 4604 3554 4674 γεωργῷ
3584 4609 3694 4663 τοίι

2026 4685 2307 4757 καρπούς;
2341 4688 2452 4741 Kal
2478 4688 2617 4754 νῦν,
2637 4688 2946 4760 ἄνθρωπος
2972 4691 3078 4745 τοῦ
3123 4691 3316 4746 Ἰούδα
3344 4692 3441 4745 καὶ
3472 4694 3529 4745 οί
3564 4710 3694 4749 κατ

2024 4774 2334 4841 οικοῦντες
2387 4775 2775 4847 Ἰερουσαλὴμ
2799 4818 2814 4843 ,
2864 4780 3105 4847 κρίνατε
3147 4780 3217 4833 ἐν
3260 4778 3387 4848 ἐμοί
3427 4779 3533 4833 καὶ
3594 4784 3694 4837 ἀν

2020 4862 2217 4930 μέσον
2264 4862 2371 4917 τοῦ
2405 4864 2759 4932 ἀμπελῶνός
2795 4883 2934 4934 μου.
2969 4866 3144 4937 Πολλὴ
3173 4867 3278 4921 τῶν
3311 4867 3694 4938 δικαιωμάτω

2024 4951 2056 5020 ἡ
2097 4950 2406 5020 περιουσία,
2455 4951 2584 5004 ὅταν
2633 4952 2832 5017 αὐτοὺς
2882 4954 3009 5016 τοὺς
3048 4953 3379 5018 ὑπευθύνους
3432 4954 3694 5013 δικασταὶ

2024 5037 2224 5111 καθίζῃ
2247 5043 2357 5103 τοῖς
2386 5040 2478 5092 ὑπ’
2505 5040 2668 5094 αὐτοῦ
2703 5041 3118 5112 γεγενημένοις,
3149 5042 3242 5096 καὶ
3277 5044 3390 5105 τοῖς
3417 5044 3511 5096 ὐπ’
3556 5046 3693 5101 ὲκει

2023 5143 2148 5179 νων.
2184 5126 2293 5180 Καὶ
2313 5125 2449 5180 νῦν.
2479 5129 2552 5181 Οὐ
2587 5127 2728 5197 λέγω
2755 5129 2823 5181 τὰ
2851 5128 3074 5193 παλαιὰ,
3111 5131 3292 5199 φησὶν.
3321 5131 3456 5185 ἀλλὰ
3484 5135 3593 5187 καὶ
3621 5139 3694 5205 σή

2026 5230 2191 5284 μερον
2220 5214 2433 5285 ἐτοιμός
2453 5217 2568 5286 εἰμι
2593 5216 2925 5281 δικάζεσθαι.
2952 5217 3135 5282 Οὕτως
3155 5218 3405 5272 οὐδέποτε
3430 5220 3694 5278 διαλείπα

2021 5302 2089 5354 τὰ
2122 5300 2359 5372 ἐμαυτοῦ
2403 5304 2626 5375 πληρῶν
2650 5347 2665 5369 ,
2696 5306 2816 5359 οὐδὲ
2857 5308 3016 5377 ὑμεῖς
3055 5310 3125 5360 τὰ
3159 5307 3367 5361 ἑαυτῶν
3394 5308 3694 5382 πληροῦτι

2027 5391 2089 5443 Τί
2113 5390 2344 5456 ποιήσω
2370 5391 2455 5444 ἔτι
2485 5391 2564 5457 τῷ
2603 5393 2912 5461 ἀμπελῶνί
2927 5413 3046 5464 μου
3065 5398 3090 5436 ε
3114 5412 3131 5463 ;
3159 5395 3306 5449 διότι
3327 5396 3535 5463 ἔμεινα
3556 5442 3577 5463 ,
3614 5404 3694 5457 ἵν

2022 5477 2246 5547 ποιήσῃ
2278 5479 2620 5549 σταφυλὴν,
2652 5482 2901 5550 ἐποίησε
2928 5482 2995 5536 δὲ
3020 5483 3306 5552 ἀκάνθας.
3349 5486 3410 5538 Ἠ
3447 5488 3694 5562 συνθήκ

2089 5619 2111 5645 ο
2132 5604 2187 5652 In
2215 5606 2334 5668 Reg.
2361 5613 2414 5655 et
2453 5607 2600 5657 Savil.
2626 5609 2765 5657 τοῦτο
2791 5610 2949 5659 deest.

2056 5667 2109 5776 _df
2141 5669 2419 5776 fecundum
2442 5670 2682 5719 Tilmanni
2700 5671 3156 5734 interpretationem
3178 5675 3344 5738 nﬁpyox
3372 5678 3694 5731 inserenda!

2040 5742 2066 5776 ιι
2106 5743 2232 5776 eur.

2022 5745 2232 5777 ιἰοριηιιτ.

2053 5853 2063 5860 ι
2090 5793 2113 5829 6
2142 5792 2259 5860 Ungi;
2286 5799 2565 5860 eequunlur
2584 5801 2693 5860 pn_st
2713 5796 2954 5860 ἀμπελῶνί
2985 5813 3095 5860 μου,
3120 5810 3277 5859 usque
3313 5799 3371 5846 ad
3398 5799 3488 5846 {vra

2227 5767 2259 5838 Ie
2286 5799 2565 5860 eequunlur
2584 5801 2693 5860 pn_st
2713 5796 2954 5860 ἀμπελῶνί
2985 5813 3095 5860 μου,
3120 5810 3277 5859 usque
3313 5799 3371 5846 ad
3398 5799 3570 5858 ἔπειδή
3636 5808 3693 5855 τῆ

2020 5853 2169 5963 sitm.
2193 5852 2532 5964 desi‘deranlur
2554 5852 2605 5905 id
2635 5852 2758 5922 Reg:
2783 5866 2835 5907 et
2858 5852 3097 5921 Βανίῐηδιί
3116 5852 3486 5923 ὁμόιοτέλευτον,

2056 5929 2082 5963 c
2110 5928 2182 5964 ur.
2208 5927 2283 5963 om
2306 5928 2399 5964 ssa.

2228 5852 2532 5964 esi‘deranlur
2554 5852 2605 5905 id
2635 5852 2758 5922 Reg:
2783 5866 2835 5907 et
2858 5852 3097 5921 Βανίῐηδιί
3116 5852 3492 5923 ὁμόιοτέλευτον,
3523 5852 3597 5913 αἰ
3653 5852 3693 5914 ιλ

2227 5928 2283 5963 »ιη
2306 5928 2399 5964 ssa.

2056 5927 2182 5973 οων,
2208 5927 2399 5965 onussa.
