3674 6276
178 292 222 346 5,
1395 275 1462 341 1N
1502 275 1752 342 isntan,
1794 278 1947 336 car.
1996 280 2052 340 ν.
3301 314 3370 369 ss

177 400 291 461 menti
312 409 534 453 sermone
552 402 721 465 egeat,
751 402 804 448 et
831 376 1007 447 animo
1028 406 1132 446 non
1156 390 1403 454 remisso,
1431 389 1523 444 sed
1546 405 1675 444 con-

175 499 303 554 citato,
326 508 373 546 se
400 498 714 544 cantaturum
742 485 895 540 nobis
922 484 1200 555 promittit,
1230 491 1284 537 et
1306 482 1674 537 accusationes

172 588 366 645 canticum
402 590 569 634 vocat.
615 581 686 633 At
726 594 832 633 non
875 579 990 648 ipse
1018 578 1166 632 solus
1190 618 1205 642 ,
1236 575 1331 631 sed
1360 586 1409 630 et
1452 591 1674 645 magnus

173 682 231 734 ille
245 677 439 745 Moyses,
466 676 550 740 qui
581 680 703 725 tunc
729 669 1050 739 triumphale
1087 668 1215 723 illud
1240 669 1502 722 canticum
1530 668 1672 722 ceci-

174 779 306 831 nerat;
343 765 454 819 dum
486 763 696 818 Judmos
730 761 1100 833 reprehendit,
1136 762 1349 832 longum
1382 761 1509 816 illud
1541 776 1673 816 can-

174 868 283 917 ticutn
303 859 410 913 fecit
429 854 924 926 reprehensionibus
940 854 1370 922 plenum,dicens
1394 872 1407 909 :
1437 853 1672 909 Harccine

171 953 325 1008 Domino
343 948 571 1003 redditis?
596 946 698 1001 Hic
723 950 940 1018 populus
966 946 1149 1001 stultus
1168 955 1217 1000 et
1237 946 1477 1016 insipiens
1493 944 1668 1019 (Deut.

168 1050 224 1103 32.
248 1044 337 1116 6);
363 1053 410 1097 et
435 1042 609 1096 multis
643 1040 883 1095 collectis
911 1039 1354 1100 accusationibus.
1390 1038 1503 1092 btec
1529 1039 1673 1108 ipsos

169 1152 307 1193 canere
330 1136 430 1204 lege
456 1133 742 1204 pnccepit;
772 1141 827 1187 et
854 1147 953 1187 nos
977 1129 1243 1202 hodieque
1278 1141 1530 1186 canentes
1558 1134 1673 1185 tunc

168 1232 344 1285 dicimus.

210 1322 419 1376 Canticum
460 1336 550 1372 cur
595 1318 970 1372 criminationes
1011 1318 1284 1372 contineat.
1309 1349 1379 1357 -—
1407 1317 1515 1373 Cur
1544 1333 1671 1390 ergo

164 1412 480 1469 criminationes
502 1420 558 1466 ut
577 1410 842 1465 canticum
866 1410 1229 1464 concinnant?
1256 1410 1526 1480 Sapientia
1554 1426 1671 1465 cer-

164 1520 197 1561 te
217 1504 277 1561 usi
310 1503 582 1572 spirituali,
627 1512 680 1557 et
717 1502 943 1557 multum
981 1503 1326 1557 emolumenti
1369 1502 1669 1575 auditorum

161 1599 294 1651 animis
318 1594 494 1650 inferre
518 1595 782 1649 volentes.
815 1594 946 1661 Quia
974 1595 1115 1649 enim
1145 1595 1275 1649 nihil
1303 1596 1380 1650 sic
1408 1596 1538 1651 utile
1565 1605 1667 1660 est,

164 1701 199 1741 ut
224 1686 445 1741 scelerum
474 1686 687 1741 assidue
734 1686 1042 1752 recordari,
1092 1686 1329 1758 nihilque
1356 1689 1668 1742 memoriam

159 1785 203 1837 ita
236 1786 403 1850 ﬁrmam
443 1781 613 1851 parit,
646 1789 701 1835 ut
731 1780 957 1836 melodia
983 1820 1000 1847 ,
1042 1796 1110 1835 ne
1139 1780 1210 1835 ob
1237 1782 1667 1836 criminationum

160 1873 493 1943 magnitudinem
526 1872 750 1928 taederet
783 1887 877 1928 eos
898 1913 913 1938 ,
944 1882 998 1928 et
1025 1872 1294 1927 assiduam
1326 1884 1669 1945 peccatorum

159 1967 396 2021 memoriam
423 1966 870 2038 subterfugerent,
900 1968 1088 2022 cantici
1116 1967 1476 2021 modulatione
1503 1967 1671 2036 pudo-

158 2075 230 2114 rem
250 2059 513 2129 subripiens
541 2074 608 2114 ex
640 2059 896 2114 memoria
927 2067 1135 2128 partum
1155 2099 1171 2123 ,
1199 2068 1253 2113 et
1280 2059 1668 2114 intolerabilem

158 2165 372 2206 aurorem
413 2148 640 2215 leniens,
694 2148 811 2205 lucc
852 2150 1059 2205 cantica
1109 2149 1272 2217 fecit,
1318 2158 1377 2205 ut
1422 2149 1668 2205 melodiae

158 2255 283 2294 sutore
317 2240 468 2294 coacti
502 2239 571 2295 ad
623 2254 687 2295 ea
716 2239 1024 2308 frequenter
1067 2241 1455 2310 pronuntianda
1480 2283 1494 2301 .
1527 2257 1670 2313 saepe

158 2334 306 2387 illorum
330 2332 735 2389 recordarentur
753 2375 770 2401 ,
799 2334 1118 2405 assidueque
1145 2334 1440 2390 doctrinam
1471 2334 1539 2390 de
1576 2350 1670 2390 co-

156 2425 261 2477 lentia
280 2426 454 2480 virtute
480 2425 745 2481 baberent
763 2467 778 2493 ,
810 2441 1004 2496 nempe
1031 2426 1299 2481 assiduam
1330 2437 1668 2497 peccatorum

156 2516 523 2572 recordationem.
572 2516 735 2573 Scitis
780 2518 941 2587 igitur
988 2517 1122 2573 alios
1166 2516 1455 2588 Scripturce
1501 2519 1669 2573 libros

155 2609 279 2661 multis
309 2607 558 2679 hodieque
602 2623 675 2663 ne
716 2607 785 2665 de
813 2609 1028 2665 nomine
1068 2609 1285 2681 quidem
1329 2620 1485 2664 notos
1512 2625 1667 2678 esse;

154 2698 407 2753 Palinurum
435 2711 616 2755 autem
645 2715 780 2770 opus
819 2715 1006 2756 omnes
1046 2701 1098 2754 in
1129 2717 1223 2756 ore
1262 2700 1430 2766 ferre,
1471 2712 1525 2757 et
1554 2701 1670 2757 inec

156 2792 264 2844 etiam
283 2792 464 2847 cantica
487 2810 501 2845 :
527 2793 717 2862 sicque
738 2808 803 2848 ex
829 2794 990 2849 rebus
1015 2792 1145 2863 ipsis
1166 2794 1483 2862 ostenditur,
1510 2811 1670 2864 quan-

157 2894 225 2936 tum
245 2900 297 2939 ex
322 2894 463 2940 cantu
487 2886 701 2942 lucrum
729 2887 967 2941 accedat.
1009 2886 1213 2942 Idcirco
1242 2887 1355 2955 ipse
1384 2887 1459 2942 ait
1484 2905 1499 2940 :
1526 2886 1668 2943 Can-

156 2978 228 3029 telo
246 2976 398 3031 dilecto
425 2994 534 3031 meo
564 2978 821 3032 canticum
850 2978 1016 3033 dilecti
1046 2979 1144 3031 mei
1169 2980 1325 3032 vinea:
1362 2994 1505 3033 mete.
1535 2978 1671 3034 Can-

158 3070 257 3120 tiam
277 3069 435 3122 dilecto
453 3111 467 3133 ,
495 3069 606 3135 ait,
642 3071 798 3123 vinea:
819 3084 838 3122 :
866 3068 1095 3123 cantabo
1122 3070 1263 3123 circa
1309 3070 1480 3139 ipsum
1525 3070 1667 3124 dile-

155 3173 263 3217 ctum.
298 3164 356 3218 Et
381 3165 476 3236 ipsi
517 3174 702 3232 canto,
748 3166 936 3235 inquit,
976 3174 1030 3220 ct
1057 3176 1427 3237 argumentum
1476 3167 1669 3222 cantici

156 3258 247 3309 circa
270 3257 394 3311 illum
422 3268 473 3313 et
501 3274 594 3314 res
621 3258 690 3313 ad
728 3273 851 3312 eum
896 3267 1197 3329 spectantes
1222 3269 1482 3313 versatur.
1515 3258 1668 3331 Quod

156 3348 182 3398 si
202 3349 521 3419 objurgaturus
545 3358 619 3415 et,
641 3350 889 3405 dilectum
915 3359 1070 3405 vocat
1097 3359 1155 3405 et
1181 3359 1437 3415 amatum,
1468 3367 1535 3405 ne
1563 3352 1667 3404 mi-

158 3439 258 3493 reris.
298 3440 411 3495 Nam
456 3452 509 3496 et
554 3442 665 3497 hoc
710 3457 959 3511 magnum
1004 3450 1087 3496 est
1128 3441 1195 3495 ad
1238 3442 1665 3497 criminationem

156 3532 358 3598 viaticum,
400 3534 538 3601 quod
588 3534 796 3589 scilicet
841 3549 961 3588 cum
1004 3533 1374 3603 diligerentur,
1421 3545 1476 3589 et
1519 3544 1667 3589 tanta

157 3623 376 3678 intuentur
405 3626 496 3681 Dei
524 3626 926 3692 benevolentia,
953 3641 1128 3696 neque
1155 3627 1233 3680 sic
1261 3628 1511 3682 meliores
1540 3626 1667 3682 ell‘e-

154 3716 199 3765 cli
217 3716 311 3769 sint.
354 3716 459 3772 [loc
494 3727 549 3772 et
580 3717 722 3773 alius
761 3718 1022 3788 propheta
1049 3717 1390 3773 subindicans
1412 3718 1619 3773 dicebat
1646 3736 1661 3772 :

157 3805 259 3868 (imi
280 3826 407 3863 uram
444 3811 497 3863 in
536 3810 739 3865 deserto
766 3811 929 3864 inveni
965 3810 1134 3865 Israel
1158 3851 1173 3876 ,
1200 3812 1345 3882 quasi
1373 3828 1583 3880 scapunt
1611 3814 1665 3865 in

156 3898 219 3963 ῥα
249 3898 307 3973 (a)
344 3919 615 3969 pracocem
659 3903 761 3957 uidi
804 3914 971 3974 patres
1016 3919 1189 3957 eorum
1228 3903 1396 3974 (Osee
1428 3904 1481 3959 9.
1517 3904 1621 3975 l0)
1645 3923 1662 3958 :

157 3994 341 4059 optabiles
366 3996 481 4053 illos
521 3997 890 4067 amabilesquc
932 4012 1053 4052 esse
1083 4012 1179 4066 per
1208 3996 1307 4052 hos
1350 3997 1554 4053 fructus
1584 3998 1667 4052 in-

156 4082 278 4140 dicans
299 4106 312 4141 :
335 4089 587 4159 optabiles
608 4130 627 4155 ,
659 4088 875 4159 inquam
894 4130 910 4155 ,
942 4089 1306 4159 amabilesque
1331 4104 1437 4144 non
1476 4105 1541 4143 ex
1567 4105 1661 4144 sua

156 4178 314 4243 virtute,
352 4180 439 4235 sed
478 4196 549 4237 ex
590 4181 691 4235 Dei
736 4181 1080 4251 benignitate.
1112 4180 1264 4249 Quod
1292 4190 1468 4235 autem
1513 4182 1661 4259 dicit,

155 4272 380 4337 huiusmodi
403 4284 481 4330 est
512 4294 527 4331 :
560 4275 688 4346 Ego
712 4274 787 4330 ita
816 4274 997 4338 dilexi,
1026 4274 1153 4329 utsi
1182 4274 1301 4344 quis
1329 4291 1485 4330 uvam
1516 4276 1665 4330 inve-

155 4362 247 4414 nerit
268 4364 309 4417 in
329 4365 551 4431 deserto,
581 4375 677 4421 aut
704 4367 749 4421 si
778 4367 899 4437 quis
922 4381 1142 4436 scopum
1169 4367 1430 4436 repererit
1455 4369 1506 4422 in
1536 4368 1659 4439 ﬁcu.

154 4452 305 4512 Etiamsi
328 4460 459 4514 enim
487 4459 607 4515 haec
636 4459 881 4528 exempla
916 4458 1129 4529 indigna
1158 4458 1266 4513 sint
1296 4458 1426 4524 Deo,
1454 4470 1508 4515 at
1540 4460 1662 4514 illo-

154 4560 229 4600 run
247 4549 459 4621 ingluviei
500 4560 866 4607 consentanea
895 4560 1039 4605 sunt.
1068 4548 1179 4619 Ipsi
1206 4565 1335 4605 vero
1353 4592 1368 4616 ,
1400 4551 1508 4616 ait,
1537 4567 1659 4607 cum

153 4647 246 4693 tanta
264 4638 522 4699 dilectione
544 4641 880 4703 fruerentur,
902 4641 1178 4696 abalienati
1196 4652 1331 4706 sunt,
1355 4643 1663 4714 ingressique

154 4740 227 4783 tut
244 4733 296 4784 ut
316 4731 638 4806 Beelphegor.
665 4733 755 4789 Sic
781 4748 910 4789 sane
933 4734 1082 4789 illum
1113 4734 1199 4789 hic
1227 4744 1383 4789 vocat
1404 4735 1659 4790 dilectum

152 4832 183 4873 et
210 4834 400 4882 amatum
425 4869 442 4894 ,
480 4826 778 4883 ostendens
817 4827 981 4882 Deum
1025 4828 1205 4883 omnia
1248 4843 1367 4897 qua:
1407 4843 1436 4881 a
1481 4828 1660 4899 seipso

152 4916 543 4975 erantexbibuisse
562 4960 580 4983 ,
607 4933 718 4973 non
749 4918 889 4988 quod
928 4918 1029 4989 ipsi
1073 4919 1330 4989 coeperint
1351 4960 1367 4985 ,
1397 4919 1490 4973 sed
1517 4919 1655 4989 quod

153 5003 243 5063 Deus
266 5010 391 5080 prior
411 5014 626 5068 amarit.
661 5011 740 5067 llli
761 5027 890 5068 vero
914 5027 1087 5083 neque
1117 5022 1300 5082 postea
1325 5012 1514 5084 dignos
1537 5029 1658 5070 sese

152 5098 339 5161 incido
363 5106 754 5171 exbibuerunt;
792 5105 886 5160 sed
914 5120 1078 5177 Opere
1116 5105 1234 5174 ipso
1276 5106 1451 5159 omnia
1498 5105 1653 5161 exhi-

152 5188 259 5246 buere
293 5197 563 5252 contraria.
606 5194 767 5250 Vinea
808 5196 944 5265 facta
994 5204 1065 5249 est
1120 5196 1336 5260 dilecto,
1370 5197 1421 5249 in
1459 5213 1652 5262 cornu,

154 5281 184 5331 ἐι
212 5284 293 5340 loco
329 5290 511 5360 pingui.
560 5288 745 5345 Vinea:
793 5287 1010 5344 nomine
1045 5303 1260 5344 omnem
1304 5289 1656 5347 subindicavit

186 5415 235 5479 (α)
257 5419 303 5487 ΙΙ
318 5429 485 5487 9200.
508 5438 557 5482 ὥς
579 5436 714 5475 ποιὰν
737 5435 773 5474 ιν
791 5440 898 5487 σας.
934 5430 1113 5473 Sensus
1156 5430 1251 5487 est,
1277 5423 1417 5487 quasi
1438 5424 1657 5485 specula-

152 5483 404 5549 aninﬁcu.
423 5495 533 5549 nam
557 5500 689 5544 «me
714 5483 988 5548 paulo'ante
1008 5487 1057 5534 in
1083 5486 1261 5549 eodem
1274 5483 1433 5549 capite
1448 5483 1478 5536 9
1497 5497 1651 5547 Oscae,

156 5550 181 5580 ια
208 5541 239 5593 8,
258 5541 617 5611 esispeculutor.
644 5541 748 5611 Atti'c
771 5556 937 5611 autem
972 5561 1117 5596 versu
1142 5548 1200 5596 10
1222 5541 1430 5611 Vulgata
1453 5550 1601 5598 habet
1636 5541 1651 5600 Ξ

154 5612 238 5672 Em
270 5606 403 5667 priora
445 5624 588 5672 poma
629 5606 867 5672 ficuluete.
916 5610 970 5672 In
1016 5613 1219 5659 ttebrteo
1262 5606 1426 5660 aufem
1473 5612 1653 5671 legitur

336 5665 465 5735 νεικεῖ
485 5665 671 5737 primus
693 5673 881 5736 fructus
903 5668 1141 5736 ﬁculnea’,
1177 5673 1314 5738 quasi
1336 5665 1651 5740 primogenita

202 5744 207 5745 ⁷
254 5746 309 5779 itii.

202 5744 309 5784 ἱθίτιῖ.

1783 396 2206 468 providentiam,
2243 421 2500 477 suamque
2538 408 2675 464 circa
2717 408 2834 464 illos
2871 410 3304 477 sollicitudinem.

1850 490 1904 545 9..
1946 492 2128 563 Neque
2154 497 2240 551 hic
2266 498 2485 567 gradunt
2517 501 2688 569 sistit,
2721 506 2812 560 sed
2840 508 2941 562 alia
2970 511 3129 566 etiam
3162 514 3368 568 beneﬁ-

1778 583 1856 637 cia
1887 598 2167 642 enumerat
2194 606 2206 641 :
2237 591 2515 661 primoque
2552 594 2600 647 id
2629 608 2844 664 prasstat
2875 615 2904 654 a
2934 600 3037 657 situ
3068 606 3205 671 loci;
3241 607 3366 664 illud

1779 676 1919 733 enim
1942 717 1959 745 ,
1987 676 2053 731 In
2084 696 2242 734 cornu
2262 723 2276 746 ,
2318 683 2369 737 in
2399 685 2510 739 loco
2533 687 2741 758 pingui,
2776 700 2882 745 tum
2914 704 3156 750 naturam
3185 707 3364 761 terrai,

1781 777 1892 821 tum
1921 770 2083 824 situm
2111 773 2339 843 laudatis
2366 778 2495 832 dicit
2523 797 2535 833 :
2566 780 2616 834 id
2647 782 2787 851 quod
2818 793 2870 838 et
2898 786 3059 841 David
3092 792 3368 859 psallendo

1777 857 1911 912 dixit
1938 860 2005 916 de
2030 863 2325 920 Jerusalem
2354 885 2368 921 :
2400 868 2599 925 Montes
2622 872 2676 925 in
2706 874 2919 929 circuitu
2951 879 3078 949 ejus,
3093 857 3157 933 iet
3182 881 3365 939 Domi-

1778 966 1874 1005 nus
1899 952 1951 1005 in
1979 954 2195 1008 circuitu
2227 960 2403 1027 populi
2424 961 2504 1014 sui
2532 961 2700 1032 (Psal.
2729 964 2848 1020 ωτι.
2873 967 2955 1038 ‘2).
2986 968 3225 1041 Namque
3254 974 3368 1027 citi-

1777 1044 1854 1097 xit
1877 1059 1992 1098 eam
2013 1086 2030 1112 ,
2067 1046 2268 1117 inquit,
2296 1050 2377 1105 vel
2405 1068 2471 1106 ex
2512 1056 2613 1107 situ
2647 1056 2746 1111 loci
2778 1075 2791 1110 :
2823 1069 3075 1115 caeterum
3109 1064 3209 1117 hoc
3233 1079 3366 1119 cono

1779 1146 1954 1192 tentus
1980 1155 2086 1193 non
2116 1140 2243 1208 fuit,
2278 1144 2371 1197 sed
2412 1148 2674 1202 maximus
2700 1150 2813 1219 ipse
2850 1168 3034 1208 murus
3077 1154 3154 1209 illi
3198 1157 3366 1213 factus

1777 1241 1859 1285 est
1888 1250 1901 1284 :
1929 1235 2068 1303 quod
2102 1234 2189 1291 bic
2231 1238 2530 1294 subindicat
2558 1242 2742 1297 dicens
2766 1284 2779 1309 ,
2813 1243 2878 1298 In
2921 1262 3078 1300 cornu
3100 1289 3114 1307 .
3144 1249 3365 1320 inexpu-

1774 1325 2042 1392 gnabilem
2070 1342 2264 1397 nempe
2288 1346 2408 1385 esse
2433 1332 2604 1387 locum
2633 1350 2648 1399 ;
2679 1344 2734 1388 at
2757 1336 2897 1406 quod
2924 1337 3095 1408 majus
3126 1351 3204 1395 est
3223 1383 3239 1407 ,
3270 1343 3362 1396 Dei

1775 1415 2069 1472 subsidium
2096 1420 2331 1475 declarat
2367 1438 2433 1477 ex
2476 1410 2781 1495 metaphora
2824 1427 3002 1484 bovini
3032 1446 3218 1485 cornu.
3266 1433 3361 1487 Et-

1773 1510 1916 1561 enim
1947 1511 2050 1564 tale
2075 1510 2320 1583 adagium
2351 1514 2401 1568 in
2429 1515 2615 1585 vulgus
2639 1518 2767 1572 exiit
2805 1519 2871 1573 de
2900 1520 2967 1575 iis
2991 1522 3078 1591 qui
3109 1523 3160 1577 in
3192 1532 3362 1578 tutum

1773 1598 2004 1669 aliquem
2030 1601 2203 1656 locum
2231 1604 2558 1676 confugiunt.
2585 1608 2716 1674 Quia
2743 1610 2887 1665 enim
2910 1613 3146 1667 omnium
3186 1615 3363 1671 fortis-

1774 1690 1942 1772 simus
1972 1704 2054 1747 est
2087 1704 2302 1762 taurus,
2331 1699 2470 1768 quod
2503 1714 2630 1755 vero
2656 1701 2844 1757 fortius
2871 1704 2921 1758 in
2950 1720 3034 1772 eo,
3064 1716 3143 1761 est
3170 1723 3358 1775 cornu,

1772 1798 1880 1851 quo
1902 1798 1998 1838 ceu
2022 1788 2186 1840 armis
2212 1788 2396 1856 utitur,
2421 1790 2543 1859 quia
2565 1804 2721 1863 captu
2744 1794 2963 1853 difﬁcile
2985 1808 3087 1865 est,
3113 1799 3162 1854 id
3189 1802 3363 1856 solent

1772 1874 1926 1929 multi
1955 1874 2136 1933 dicere
2165 1894 2187 1949 τ’
2204 1894 2277 1951 ac
2304 1879 2575 1952 Scriptura
2606 1900 2748 1955 saepe
2777 1901 2946 1942 cornu
2973 1891 3244 1946 unicornis
3268 1907 3361 1947 vo-

1772 1974 1861 2018 cat
1886 1981 1980 2021 eos
2003 2008 2018 2031 ,
2058 1968 2149 2039 qui
2180 1970 2234 2024 in
2275 1981 2388 2026 tuto
2418 1974 2573 2042 positi
2601 1986 2744 2031 sunt.
2792 1976 2858 2032 In
2884 1996 3041 2034 cornu
3072 1982 3245 2054 itaque
3278 1985 3363 2040 hic

1774 2055 1923 2120 dicit,
1954 2060 2111 2127 quasi
2139 2061 2191 2115 in
2220 2070 2352 2128 tuto,
2379 2063 2431 2117 in
2462 2065 2570 2120 alto
2600 2067 2717 2122 loco
2748 2087 2762 2124 :
2790 2069 2840 2123 id
2871 2073 3010 2141 quod
3039 2073 3189 2129 initio
3217 2075 3362 2130 dice-

1772 2146 1864 2201 bat
1886 2163 1899 2202 :
1922 2146 2085 2204 Filios
2107 2153 2260 2221 genui
2280 2163 2326 2207 et
2347 2156 2563 2210 exaltavi
2583 2156 2731 2225 (Isai.
2755 2161 2807 2215 1.
2826 2159 2902 2220 2).
2928 2161 2994 2217 1η
3017 2165 3126 2218 loco
3148 2168 3362 2238 pingui:

1772 2240 1915 2307 quod
1960 2240 2172 2312 Moyses
2215 2244 2427 2300 dicebat
2466 2263 2480 2301 :
2520 2248 2729 2304 Terram
2772 2252 3009 2322 ﬂuentem
3052 2257 3132 2310 lac
3171 2268 3221 2311 et
3263 2259 3361 2313 mel

1777 2331 1970 2403 (Exod.
1989 2335 2042 2390 ὅ.
2062 2336 2140 2405 8).
2164 2336 2219 2390 2.
2248 2338 2309 2391 Et
2329 2357 2497 2408 sepem
2519 2342 2878 2413 circumposui,
2897 2358 2944 2400 et
2965 2349 3359 2407 circumvallavi.

1774 2426 1962 2499 Sepem
1987 2439 2079 2483 aut
2101 2446 2309 2484 murum
2334 2431 2483 2498 dicit,
2515 2444 2607 2488 aut
2633 2435 2821 2505 legem,
2853 2445 2946 2492 aut
2974 2440 3360 2509 providentiam

1774 2536 1949 2576 suam.
1981 2522 2192 2579 Etenim
2234 2526 2319 2579 lex
2363 2529 2527 2581 tutius
2567 2544 2724 2599 quam
2756 2547 2939 2587 murus
2976 2533 3095 2589 illos
3127 2536 3360 2591 circurn-

1772 2615 2035 2686 cingcbat.
2068 2615 2138 2669 Et
2175 2618 2551 2674 circumvallavi
2574 2637 2593 2685 ;
2639 2632 2802 2677 tutam
2844 2624 2998 2694 posui
3042 2629 3357 2686 custodiam.

1773 2708 1904 2774 Quia
1928 2710 2069 2763 enim
2092 2726 2246 2780 sepes
2268 2713 2405 2768 solet
2430 2729 2549 2768 esse
2570 2726 2820 2785 superatu
2850 2719 3036 2783 facilis,
3064 2721 3204 2775 aliud
3232 2724 3361 2792 ipsis

1774 2802 2077 2869 praesidium
2113 2805 2489 2875 circumposui.
2523 2806 2590 2860 Et
2615 2808 2839 2877 plantavi
2867 2811 3061 2866 vineam
3092 2814 3267 2868 Sorec.
3301 2814 3359 2869 In

1772 2894 2085 2964 metaphora
2118 2897 2389 2966 persistit,
2421 2914 2540 2968 qute
2583 2914 2689 2955 non
2718 2912 2801 2956 est
2842 2902 2907 2956 ad
2951 2903 3158 2959 literato
3187 2907 3358 2978 expli-

1771 2985 1963 3052 canda,
1992 2986 2086 3041 sed
2111 3003 2231 3042 cum
2263 3004 2486 3059 scOpum
2515 2992 2803 3061 attigimus.
2836 2992 2938 3049 hoc
2963 2996 3092 3050 satis
3117 3012 3236 3052 esse
3261 2998 3361 3053 de-

1772 3076 1883 3132 bet.
1912 3076 2077 3133 Sorec
2104 3090 2282 3134 autem
2329 3081 2418 3135 hic
2459 3082 2755 3152 signiﬁcat,
2780 3100 2959 3140 veram
2979 3128 2995 3151 .
3021 3103 3358 3158 generosam,

1774 3186 1880 3226 non
1902 3170 2056 3225 malis
2072 3188 2172 3227 nec
2192 3172 2455 3228 inferioris
2473 3185 2610 3229 notae
2632 3176 3005 3248 propaginibus
3025 3180 3357 3250 instructam,

1770 3261 1866 3317 scd
1906 3262 2139 3332 probatis
2174 3274 2228 3319 et
2263 3266 2563 3335 praecipuis.
2601 3266 2761 3322 Multa
2790 3284 3018 3341 namque
3046 3272 3233 3328 vitium
3263 3290 3359 3345 ge-

1772 3372 1898 3411 nera
1928 3366 2072 3411 sunt.
2119 3356 2189 3410 Et
2229 3358 2475 3428 azdi/icavi
2519 3361 2696 3429 turrim
2720 3401 2736 3428 ,
2777 3370 2825 3415 et
2866 3364 3086 3419 torcular
3111 3366 3165 3419 in
3194 3368 3359 3421 medio

1770 3452 1899 3522 ejus.
1931 3449 2155 3518 Quidatn
2186 3452 2372 3505 turrim
2414 3450 2831 3522 interpretantur
2862 3455 3136 3528 templum,
3169 3465 3222 3513 et
3253 3468 3361 3513 tor-

1770 3545 1921 3600 cular
1944 3546 2151 3601 altare:
2182 3546 2305 3616 quia
2338 3546 2443 3600 illic
2473 3546 2680 3602 fructus
2710 3546 2921 3604 virtutis
2946 3556 3203 3622 cujusque
3231 3566 3361 3607 con-

1770 3638 2146 3709 gregabantur,
2173 3653 2378 3694 necnon
2402 3638 2697 3696 oblationes
2718 3650 2773 3695 et
2799 3643 2985 3698 hostia:
3008 3659 3196 3700 omnes
3220 3663 3233 3699 :
3258 3661 3359 3715 ego

1770 3729 2118 3800 utique,quod
2144 3730 2323 3786 dicere
2348 3746 2637 3801 coeperam,
2669 3748 2810 3787 nunc
2838 3733 2996 3788 etiam
3021 3737 3214 3803 dicant,
3239 3739 3357 3792 ani-

1770 3837 1914 3875 mutn
1946 3837 2138 3893 nempe
2164 3822 2491 3894 metaphorae
2513 3838 2678 3894 scopo
2703 3825 3061 3881 adhibendum
3090 3842 3228 3884 esse.
3255 3828 3358 3885 Per

1768 3915 1885 3971 haec
1908 3917 2050 3971 enim
2073 3918 2251 3973 omnia
2275 3918 2377 3973 hoc
2398 3918 2701 3988 signiﬁcare
2726 3920 2837 3972 vult
2867 3937 2879 3972 :
2908 3918 3039 3987 Qu:e
3064 3936 3182 3975 mea
3205 3932 3359 3976 erant

1767 4011 1985 4081 implevi
2012 4012 2214 4075 omnia,
2246 4026 2459 4066 omnem
2487 4010 2705 4066 exhibui
2729 4011 3079 4082 diligentiam.
3123 4013 3238 4068 Non
3270 4025 3357 4069 at-

1768 4106 1886 4161 trivi
1920 4103 2188 4159 laboribus
2209 4144 2226 4168 ,
2258 4119 2362 4157 non
2393 4102 2525 4173 fregi
2554 4102 2839 4157 sudoribus
2859 4143 2875 4168 ,
2906 4119 3013 4158 non
3050 4104 3194 4174 ipsos
3219 4104 3355 4174 jussi

1766 4196 2068 4262 aediﬁcare,
2108 4210 2214 4248 non
2247 4193 2461 4258 fodere,
2506 4208 2610 4247 non
2638 4193 2899 4264 plantare,
2929 4193 3024 4248 sed
3054 4195 3352 4254 absolutum

1766 4288 1895 4358 ipsis
1923 4302 2057 4357 opus
2085 4285 2297 4340 tradidi.
2336 4284 2518 4355 Neque
2544 4284 2647 4339 huc
2671 4283 2804 4339 desii
2832 4283 3211 4355 benignitatem
3255 4303 3354 4341 ex-

1766 4385 1981 4450 hibere,
2011 4382 2103 4438 sed
2128 4382 2429 4451 Exspectavi
2459 4390 2510 4433 ut
2542 4384 2731 4451 faceret
2754 4396 2935 4445 uvam,
2968 4391 3023 4435 ct
3049 4384 3355 4451 exspectavi

1765 4487 1976 4547 tempus
2017 4484 2372 4545 Opportunum
2416 4483 2479 4528 ut
2522 4472 2747 4528 fructum
2793 4472 2990 4539 ferret,
3024 4474 3187 4528 multa
3228 4490 3355 4528 usus

1764 4567 2019 4639 patientia
2051 4580 2064 4620 :
2097 4565 2226 4621 illud
2256 4565 2398 4619 enim
2419 4604 2434 4630 ,
2458 4563 2790 4634 Exspectavi,
2823 4564 2873 4619 id
2903 4564 3184 4635 signiﬁcat.
3215 4565 3356 4619 Fecit

1763 4672 1931 4716 autem
1973 4662 2167 4730 spinas.
2210 4658 2599 4713 lnl'ructuosam
2644 4658 2854 4712 illorum
2893 4659 3056 4712 vitam
3098 4658 3350 4725 ostendit,

1764 4769 2033 4825 asperam,
2061 4754 2270 4807 duram.
2296 4752 2408 4818 Qua
2440 4764 2571 4821 ergo
2600 4751 2756 4805 venia
2781 4750 2925 4820 digni
2950 4750 3146 4806 fuerint
3172 4751 3229 4818 ii,
3261 4754 3351 4822 qui

1764 4856 1885 4916 post
1911 4854 2111 4899 tantam
2140 4844 2385 4913 agricolae
2429 4858 2633 4907 curam,
2672 4843 2804 4896 tales
2846 4844 3048 4897 fructus
3082 4844 3181 4913 ipsi
3224 4845 3350 4899 red-

1762 4937 1935 4993 dunt?
1965 4938 2019 4992 ’5.
2043 4937 2111 4991 Et
2140 4952 2293 5002 nunc,
2322 4928 2470 4989 homo
2489 4934 2632 4988 Juda
2659 4945 2706 4988 et
2734 4934 3018 4989 habitantes
3040 4935 3347 5003 Jerusalem,

1754 5032 1983 5104 judicate
2009 5029 2141 5082 inter
2168 5044 2246 5081 me
2273 5037 2317 5081 et
2347 5027 2543 5080 vineam
2576 5042 2759 5080 meam.
2789 5026 2975 5096 Magna
3009 5026 3146 5097 juris
3170 5029 3347 5099 capia,

1760 5139 1883 5177 cum
1910 5122 2054 5192 ipsos
2079 5136 2201 5175 reos
2243 5119 2519 5174 constituit
2554 5118 2763 5188 judiees
2798 5119 2937 5175 inter
2972 5134 3033 5174 ea
3065 5137 3183 5192 qua:
3211 5123 3345 5192 ipse,

1760 5224 1815 5271 et
1840 5217 1977 5270 inter
1999 5208 2059 5269 ea
2090 5228 2209 5283 qute
2252 5211 2326 5267 illi
2372 5212 2628 5267 fecerunt.
2671 5209 2742 5265 Et
2780 5227 2930 5265 nunc.
2958 5212 3076 5267 Non
3106 5229 3343 5269 comme-

1761 5327 1913 5367 moro
1942 5320 2143 5375 vetera,
2172 5309 2373 5379 inquit,
2403 5308 2497 5367 sed
2525 5308 2682 5364 hodie
2714 5319 2925 5380 paratus
2950 5324 3065 5364 sum
3087 5308 3343 5378 judicium

1760 5408 1959 5461 sobire.
1993 5407 2081 5459 Sic
2119 5420 2402 5473 numquam
2430 5419 2584 5458 cesso
2620 5402 2842 5473 implere
2873 5418 3011 5465 mea,
3049 5417 3144 5456 vos
3169 5411 3343 5455 vestra

1758 5514 1865 5554 nor:
1906 5497 2158 5567 impletis.
2199 5497 2252 5550 4.
2280 5494 2434 5563 ‘Quid
2464 5496 2652 5566 faciam
2691 5495 2911 5563 amplius
2955 5495 3110 5547 vinea?
3138 5509 3264 5547 mew
3286 5494 3344 5546 ίῖ

1834 5620 1850 5649 ί
1879 5619 1997 5676 Quae
2018 5626 2298 5680 sequuntur
2323 5626 2431 5682 post
2454 5620 2554 5668 haec
2580 5618 2744 5682 verba,
2772 5617 2899 5682 Quid
2922 5616 3100 5681 faciam
3131 5617 3343 5682 amplius

1772 5679 1922 5746 vincti:
1947 5679 2101 5731 metu?
2120 5695 2275 5746 usque
2309 5680 2385 5730 ad.
2416 5682 2541 5737 Quid
2574 5680 2844 5746 olitorium,
2870 5679 2999 5732 bene
3028 5684 3181 5733 multa
3202 5679 3343 5731 certe

1772 5740 2115 5795 desiderentur
2151 5740 2204 5792 in
2228 5745 2345 5805 ltcg.
2376 5752 2428 5793 ct
2451 5746 2598 5794 Savil.
