3674 6276
299 284 364 341 5f)
1022 287 1080 343 S.
1116 284 1397 342 ‘JOANNIS
1433 279 1906 340 CIIRYSOSTOMI
1945 279 2264 336 ARCIIIEP.
2301 246 2839 361 CONSTANTINQP.
3499 284 3563 341 60

293 407 537 475 quoniam
558 407 835 475 exspectavi
850 392 915 460 ut
938 410 1123 478 faceret
1148 424 1315 473 uvam,
1343 407 1462 478 fecit
1485 417 1652 459 autem
1680 403 1874 474 spinas.

298 497 565 554 Orationis
593 511 860 554 structura
892 492 1104 553 videtur
1125 514 1246 553 esse
1279 498 1556 552 obscurior
1586 516 1600 553 :
1632 496 1880 567 quocirca

295 606 521 647 necesse
547 588 802 645 est'illam
827 590 1195 645 dilucidiorem
1225 588 1530 644 reddamus.
1557 589 1707 657 Quod
1728 589 1878 654 dicit,

294 685 397 736 hoc
434 681 533 735 sibi
565 682 676 735 vult
709 700 723 736 :
751 670 903 749 Quid
930 680 1209 751 Oportebat
1253 681 1444 746 facere,
1478 690 1547 757 et
1585 696 1691 735 non
1735 678 1882 734 feci?

290 774 554 829 Nimirum
576 815 590 839 ,
624 782 681 827 ut
709 766 832 827 talia
874 783 1090 843 peccata
1118 772 1483 828 admitterent.
1527 771 1665 841 Quid
1699 782 1879 826 autem

293 866 531 936 objicere
558 865 825 935 possunt?
853 878 921 920 an
950 865 1093 936 quod
1122 864 1439 935 quibusdam
1482 864 1877 935 prietermissis,

290 960 391 1028 ipsi
420 959 501 1012 sic
527 957 893 1027 deliquerint?
924 950 1061 1025 Quid
1090 958 1274 1027 faciam
1306 957 1440 1010 ultra
1464 958 1621 1011 vinea:
1648 972 1805 1022 meat,
1834 966 1880 1011 et

291 1068 391 1106 non
434 1051 530 1121 feci
558 1050 704 1120 ipsi?
748 1050 878 1118 Quae
917 1049 1047 1117 feci,
1092 1050 1300 1120 inquit,
1350 1048 1464 1104 haec
1492 1057 1616 1103 sunt
1647 1068 1660 1103 :
1696 1063 1878 1103 verum

284 1150 395 1213 jam
427 1144 579 1198 lactis
614 1159 719 1198 non
746 1152 1031 1198 contentus
1064 1158 1204 1210 sum,
1248 1159 1420 1214 neque
1458 1143 1579 1198 dico
1602 1158 1689 1198 me
1715 1144 1879 1197 multa

287 1237 545 1292 beneﬁcia
592 1226 886 1291 contulisse
930 1254 945 1291 :
990 1236 1085 1290 sed
1124 1238 1168 1290 si
1214 1251 1320 1290 non
1363 1236 1541 1291 omnia
1583 1236 1715 1301 ieci,
1758 1245 1881 1305 post

286 1344 406 1394 qute
451 1327 581 1381 nihil
604 1328 920 1382 ‘l‘aciendum
964 1328 1402 1399 relinquebatur,
1439 1328 1491 1383 id
1529 1343 1660 1399 rogo
1688 1328 1879 1383 dicatis

288 1420 452 1485 mihi,
490 1435 592 1473 vos
634 1422 725 1490 qui
766 1421 879 1475 haec
920 1423 1273 1491 consequuti,
1314 1432 1365 1478 et
1407 1430 1679 1491 gestorum
1710 1430 1878 1477 testes

286 1514 437 1578 estis,
481 1530 549 1569 ex
588 1514 917 1583 experientia
960 1517 1074 1568 haec
1110 1514 1395 1583 didicistis,
1436 1531 1542 1570 non
1581 1515 1785 1572 alienos
1824 1523 1879 1570 et

287 1607 601 1677 peregrinos
624 1608 916 1677 interrogo.
944 1609 997 1662 5.
1028 1607 1177 1662 Nunc
1199 1618 1365 1661 autem
1384 1607 1695 1662 annuntiabo
1718 1607 1876 1673 vobis,

286 1697 411 1765 quid
449 1698 635 1769 faciam
669 1700 835 1752 vinea:
874 1715 1018 1752 mete.
1066 1699 1201 1767 Quia
1243 1699 1522 1754 victoriam
1564 1699 1875 1770 reportavit,

287 1781 898 1858 ingratumqueillorum
926 1791 1162 1844 animum
1188 1789 1592 1858 demonstravit,
1629 1799 1755 1845 tunc
1781 1790 1877 1845 de-

280 1897 433 1933 nunn
460 1882 664 1950 profert
699 1882 1042 1946 sententiam,
1084 1889 1139 1936 et
1177 1896 1297 1951 quae
1336 1881 1573 1940 facturus
1613 1882 1684 1936 sit
1723 1882 1873 1950 dicit,

289 1988 400 2026 non
424 1984 480 2027 ut
505 1974 849 2041 condemnet,
879 1975 974 2030 sed
998 1984 1056 2029 ιιι
1075 1991 1144 2029 ex
1176 1984 1322 2030 metu
1348 1991 1442 2046 per
1462 1977 1636 2032 minas
1661 1976 1880 2033 incusso

287 2063 680 2119 moderatiores
722 2065 930 2119 reddat.
971 2066 1215 2135 Auferam
1256 2084 1425 2139 sepem
1455 2069 1584 2139 ejus,
1625 2078 1673 2123 et
1708 2069 1803 2123 erit
1823 2070 1880 2125 in

289 2155 622 2222 direptionem
652 2172 671 2209 :
698 2167 745 2209 et
779 2156 1032 2210 destruant
1062 2175 1265 2212 murum
1293 2160 1430 2229 ejus,
1462 2171 1511 2214 et
1538 2161 1635 2215 erit
1674 2161 1729 2216 in
1752 2177 1880 2217 con-

288 2249 642 2302 culcationem.

356 2334 417 2393 3.
461 2338 736 2407 Auleram,
771 2340 961 2411 inquit,
992 2342 1244 2398 auxilium
1268 2358 1470 2412 meum,
1494 2344 1749 2416 priesidio
1773 2361 1877 2402 nu-

288 2432 448 2496 dabo,
477 2433 563 2487 tali
602 2433 930 2501 providentia
960 2450 1153 2491 vacuos
1174 2437 1415 2503 reddam,
1447 2447 1501 2493 et
1529 2437 1877 2494 adversorum

288 2543 354 2580 ex
364 2527 619 2596 perientia
641 2527 833 2594 scient,
857 2531 1069 2600 quantis
1089 2539 1213 2585 ante
1232 2531 1386 2586 bonis
1408 2531 1730 2597 fruerentur,
1754 2548 1881 2592 cum

286 2619 486 2673 fuerint
522 2619 771 2675 omnibus
788 2620 855 2675 ad
876 2621 1228 2692 direptionem
1252 2625 1500 2696 expositi.
1527 2626 1581 2682 6.
1606 2626 1673 2681 Et
1704 2628 1879 2682 dimit-

284 2721 391 2763 tam
430 2712 626 2765 vineam
664 2728 861 2779 meam,
894 2723 940 2766 et
981 2731 1082 2769 non
1122 2717 1411 2783 putabitur,
1449 2735 1607 2792 neque
1632 2720 1875 2787 fodiatur.

276 2802 493 2857 Rursus
533 2804 692 2871 dico,
732 2819 855 2859 eum
892 2806 1203 2876 metaphora
1234 2809 1329 2864 uti.
1376 2810 1433 2867 Si
1471 2813 1589 2882 quis
1617 2824 1793 2871 tamen
1824 2817 1877 2872 id

286 2894 586 2949 accuratius
617 2895 897 2965 explorare
942 2898 1202 2967 voluerit,
1250 2901 1319 2955 de
1351 2901 1609 2959 doctrinae
1638 2916 1692 2961 et
1721 2922 1879 2962 man-
1928 2970 1935 2976 ,

284 2986 531 3040 datorum
563 2979 922 3044 sollicitudine
952 2990 1202 3061 loquitur.
1234 2992 1349 3047 Non
1377 2996 1521 3050 enim
1551 2997 1741 3053 iisdem
1770 2999 1878 3054 l'ru-

270 3090 443 3133 -entur
490 3081 907 3150 quibusantea,
960 3100 1065 3138 non
1113 3086 1365 3144 doctores
1410 3088 1714 3159 habebunt,
1760 3109 1876 3149 non

285 3172 577 3243 principes,
610 3186 718 3228 non
749 3174 1037 3245 prophetas
1063 3178 1198 3233 sicut
1227 3179 1379 3249 olim,
1410 3181 1502 3251 qui
1532 3183 1677 3254 ipsos
1703 3186 1874 3240 corri-

279 3273 447 3334 gant,
498 3266 589 3336 qui
635 3267 871 3336 ipsorum
913 3284 1100 3325 curam
1144 3282 1351 3341 gerant.
1404 3274 1557 3330 Sicut
1595 3276 1737 3331 enim
1783 3279 1875 3349 qui

280 3358 469 3412 vineas
498 3360 701 3426 colunt,
736 3360 964 3431 fodiunt,
996 3375 1203 3432 putant,
1232 3367 1309 3422 sic
1336 3368 1427 3439 qui
1452 3369 1657 3427 animas
1682 3386 1871 3427 emen-

284 3448 434 3512 dant,
457 3452 871 3519 comminantur,
893 3462 1184 3519 exterrent,
1203 3456 1420 3523 docent,
1441 3462 1866 3531 reprehendunt:

281 3555 469 3595 verum
502 3543 566 3597 iis
593 3542 834 3600 destituti
860 3557 1050 3615 erunt,
1089 3549 1293 3620 inquit,
1324 3552 1376 3607 in
1399 3554 1627 3609 alienam
1657 3556 1875 3613 abducti

278 3645 504 3689 terram.
551 3636 616 3689 Et
646 3639 879 3693 ascendet
900 3657 999 3711 per
1032 3659 1143 3697 eam
1162 3685 1175 3707 ,
1202 3646 1350 3714 quasi
1379 3664 1471 3717 per
1506 3650 1749 3711 incultam
1777 3663 1876 3706 ter-

278 3744 425 3794 ram,
457 3730 653 3797 spina:
680 3741 729 3786 et
767 3732 980 3787 nubibus
1018 3736 1303 3804 mandabo,
1349 3755 1413 3793 ne
1448 3742 1628 3810 pluunt
1669 3745 1723 3798 in
1761 3760 1874 3799 eam

281 3820 510 3876 imbrem.
540 3825 647 3876 Aut
675 3823 1059 3882 desolationem
1090 3828 1235 3885 urbis
1266 3843 1560 3899 memorat,
1591 3846 1681 3890 aut
1710 3836 1874 3892 deso-

280 3913 538 3969 lationem
588 3931 773 3973 eorum
820 3929 876 3974 et
920 3921 1337 3994 uniuscujusque
1397 3927 1590 3983 animae
1637 3945 1866 3998 eorum;

280 4009 454 4064 nubes
479 4019 656 4066 autem
680 4012 768 4068 hic
792 4013 1007 4084 quidam
1029 4015 1215 4072 dicunt
1241 4034 1361 4073 esse
1388 4021 1695 4091 pr0phetas,
1717 4026 1873 4096 quip-

279 4116 350 4170 pe
378 4101 467 4171 qui
498 4102 732 4171 pluviam
761 4103 994 4175 desuper
1034 4108 1372 4178 acciperent,
1405 4120 1460 4166 et
1488 4114 1589 4169 sibi
1633 4115 1771 4171 dicta
1802 4116 1871 4172 ad

286 4195 543 4264 populum
570 4198 1020 4254 transmitterent.
1050 4200 1248 4257 Verum
1293 4219 1361 4259 ne
1401 4206 1453 4260 lti
1496 4208 1711 4278 quidem
1750 4226 1871 4280 qua;

280 4299 674 4343 consueverant
716 4289 932 4346 facient.
977 4292 1199 4350 Etiamsi
1241 4299 1385 4352 enim
1430 4315 1568 4355 unus
1609 4303 1694 4357 vel
1736 4304 1872 4359 alter

283 4378 547 4448 propheta
572 4395 693 4435 cum
719 4382 846 4451 ipsis
863 4386 1258 4455 commigrarat,
1283 4387 1661 4460 prophetarum
1691 4402 1867 4451 tamen

286 4471 436 4527 turba
468 4481 596 4528 tunc
623 4474 833 4530 silebat.
863 4476 915 4530 7.
950 4476 1107 4532 Vinea
1130 4481 1263 4534 enim
1290 4479 1499 4537 Domini
1526 4485 1751 4541 Sabaoth
1776 4489 1871 4542 do-

279 4580 394 4618 mus
419 4561 589 4618 Israel
603 4574 705 4629 est,
735 4576 785 4620 et
811 4566 962 4621 homo
987 4568 1129 4623 Juda
1152 4573 1352 4627 novella
1377 4574 1627 4644 plantatio
1656 4580 1866 4636 dilecta.

290 4655 584 4725 Exspectavi
603 4697 621 4722 ,
646 4667 705 4711 ut
720 4658 920 4728 facere:
943 4661 1237 4732 judicium,
1281 4668 1399 4737 fecit
1439 4679 1606 4723 autem
1632 4671 1870 4743 iniquita-

279 4758 400 4810 tem,
429 4760 477 4803 et
509 4768 611 4808 non
624 4754 912 4825 justitiam,
954 4759 1044 4813 sed
1084 4759 1377 4817 clamorem.
1409 4763 1668 4832 Quoniam
1702 4770 1868 4825 multa

281 4843 557 4899 nominum
583 4848 896 4918 metaphora
926 4867 1055 4908 usus
1079 4862 1181 4921 est,
1214 4856 1422 4912 vineam
1442 4900 1458 4924 ,
1501 4860 1721 4928 turrim,
1754 4871 1869 4918 tor-

278 4934 450 4998 cular,
492 4950 673 5006 sepem
691 4981 706 5005 ,
738 4939 1023 4999 fossionem
1043 4985 1060 5009 ,
1088 4954 1144 5000 et
1172 4949 1499 5015 putationem
1529 4953 1697 5008 vineze
1722 4969 1870 5009 com-

280 5041 619 5093 memorans;
650 5046 720 5085 ne
761 5033 878 5101 quis
922 5035 1283 5105 insipientium
1324 5041 1392 5096 de
1418 5042 1569 5098 vinea
1620 5046 1735 5102 haec
1762 5048 1866 5104 dici

278 5126 523 5186 putaret,
554 5121 656 5176 sub
686 5122 843 5178 linem
873 5138 1094 5196 repente
1136 5138 1301 5185 totum
1343 5133 1722 5204 interpretatus
1761 5150 1862 5195 est.

288 5207 447 5263 Vinea
482 5212 617 5266 enim
658 5213 867 5291 Domini
908 5218 1135 5293 Sabaoth
1178 5224 1358 5279 domus
1400 5226 1568 5283 Israel
1609 5241 1701 5285 est.
1749 5232 1864 5289 Non

277 5305 420 5358 enim
446 5306 515 5361 de
544 5307 739 5377 plantis
764 5311 894 5367 mihi
935 5329 1114 5368 sermo
1139 5327 1242 5383 est,
1277 5335 1447 5389 neque
1473 5322 1540 5377 de
1571 5335 1754 5379 natura
1786 5328 1859 5381 in-

278 5396 510 5453 animata
539 5400 638 5473 (a),
664 5418 837 5474 neque
862 5404 929 5460 de
959 5406 1220 5478 lapidibus
1244 5422 1296 5465 et
1325 5414 1490 5467 muris
1513 5431 1529 5481 ;
1561 5418 1653 5470 sed
1679 5416 1745 5473 de
1771 5433 1867 5488 po-

344 5656 418 5730 (u)
452 5658 508 5732 In
529 5667 709 5732 Crteco,
732 5678 812 5728 περὶ
833 5678 1120 5732 Marseilles.
1160 5669 1231 5719 Ad
1255 5670 1443 5721 literam
1486 5680 1579 5732 est,
1622 5676 1683 5725 de
1705 5677 1866 5729 animo

279 5719 559 5803 ξρίξζιξπνλξαο
583 5719 1061 5803 ψωξβιύθὲδῖὶιίἐίί
1087 5719 1450 5797 Cln‘ysostutuus
1476 5719 1682 5788 animant
1713 5719 1864 5803 νυξίῖ

280 5780 462 5830 tantem
488 5797 533 5831 tn
549 5780 759 5847 plantis.

1993 400 2117 471 pulo
2146 409 2349 456 nostro.
2401 402 2523 458 Ideo
2555 404 2870 474 .subjunxit,
2914 402 2981 457 Et
3018 404 3167 457 homo
3204 402 3343 457 Iuda
3379 404 3562 457 novella

1992 494 2239 564 plantatio
2281 496 2464 551 dilecta
2493 513 2513 551 :
2554 497 2676 567 quia
2714 498 2919 554 scilicet
2962 498 3097 553 Juda
3145 501 3266 569 plus
3311 497 3575 551 obtineret

1989 604 2145 658 quam
2192 601 2401 644 czeteraa
2447 590 2618 646 tribus
2658 610 2672 646 :
2717 602 2939 663 eratque
2983 593 3092 647 illic
3138 607 3171 647 e
3199 591 3374 646 vicino
3411 591 3564 648 situm
3652 660 3653 663 η

1989 679 2244 749 templum
2264 722 2279 746 ,
2310 692 2363 736 et
2390 683 2629 752 reliquus
2665 684 2839 739 cultus
2876 702 2888 738 :
2914 694 3075 753 atque
3104 683 3191 738 illa
3224 685 3389 755 magis
3412 698 3565 753 quam

1988 780 2197 824 ciete-ra:
2218 786 2403 826 omnes
2424 772 2664 840 florebat,
2689 773 2755 829 ad
2777 774 3081 845 regiamque
3102 774 3269 845 magis
3290 774 3565 835 accedens,

1987 863 2257 929 potentior
2281 874 2412 918 erat.
2438 863 2695 921 Dilectum
2721 876 2895 921 autem
2916 866 3068 933 dixit,
3098 882 3280 921 rursus
3311 866 3426 921 illos
3452 882 3567 935 per-

1986 953 2277 1022 stringens,
2307 955 2445 1024 quod
2478 957 2611 1011 tales
2636 973 2758 1027 erga
2785 973 2843 1012 se
2868 958 3020 1013 valde
3049 966 3312 1012 amantem
3337 972 3453 1012 sese
3476 973 3571 1011 ex-

1987 1041 2302 1101 bibuissent.
2334 1047 2408 1102 Ea
2437 1052 2631 1120 quippe
2655 1052 2738 1105 lex
2767 1061 2849 1105 est
2876 1052 3225 1120 dﬂigentium,
3250 1066 3317 1105 ne
3343 1050 3393 1105 in
3412 1050 3570 1106 obla-

1986 1138 2056 1192 tis
2086 1140 2299 1209 quidem
2340 1144 2799 1199 criminationibus
2845 1161 3092 1215 magnum
3134 1161 3288 1200 suum
3332 1160 3571 1200 amorem

1986 1232 2274 1287 occultare.
2305 1232 2439 1289 Hinc
2465 1236 2607 1290 aliud
2636 1237 2905 1306 quidpiam
2936 1252 3039 1291 non
3071 1237 3427 1307 spernendum
3455 1238 3575 1293 edi-

1986 1322 2205 1377 scimus.
2231 1324 2399 1392 Quale
2424 1325 2553 1381 illud
2568 1326 2596 1380 *ἒ
2620 1327 2823 1398 Nempe
2841 1329 3054 1399 quando
3073 1340 3127 1383 et
3146 1346 3263 1400 qua:
3283 1330 3577 1401 Scriptum:

1988 1416 2105 1471 loca
2154 1416 2442 1489 allegorice
2489 1421 2828 1492 interpretari
2875 1431 3118 1494 oporteat
3145 1440 3159 1475 :
3191 1437 3365 1494 neque
3406 1438 3579 1494 penes

1986 1518 2221 1565 nostram
2252 1527 2371 1566 esse
2414 1511 2718 1569 facultatem
2749 1515 2844 1569 has
2864 1513 3017 1585 leges
3056 1530 3155 1585 pro
3196 1516 3361 1571 lubito
3388 1517 3579 1585 expli-

1985 1615 2145 1668 care,
2182 1602 2277 1658 sed
2308 1603 2475 1674 ipsam
2508 1604 2801 1675 Scriptura:
2844 1616 3075 1661 mentem
3120 1608 3269 1677 sequi
3298 1620 3578 1678 oportere,

1985 1692 2168 1762 sicque
2193 1693 2446 1765 allegoria
2477 1697 2572 1751 uti.
2613 1696 2766 1763 Quod
2794 1706 2972 1752 autem
2997 1696 3139 1764 dico,
3169 1699 3245 1752 sic
3272 1698 3582 1767 intelligen-

1984 1784 2130 1840 dum.
2160 1786 2435 1859 Scriptura
2463 1792 2834 1846 nunc'vineam
2865 1790 3019 1858 dixit,
3062 1806 3265 1862 sepem,
3300 1793 3534 1847 torcular
3564 1810 3582 1846 :

1986 1892 2087 1932 nec
2114 1893 2277 1949 penes
2304 1880 2603 1936 auditorem
2633 1882 2880 1952 reliquit,
2909 1891 2968 1937 ut
2995 1897 3090 1953 pro
3119 1882 3283 1938 lubito
3313 1883 3424 1938 lucc
3448 1884 3585 1954 qui-

1986 1966 2209 2023 busdam
2234 1970 2396 2025 rebus
2424 1980 2518 2027 aut
2540 1975 2787 2043 personis
2810 1982 3054 2044 aptaret;
3097 1975 3190 2029 sed
3221 1975 3270 2028 in
3290 1977 3587 2045 sequenti-

1985 2058 2087 2115 bus
2111 2075 2232 2116 sese
2261 2063 2607 2133 interpretata
2635 2076 2718 2120 est
2756 2065 2939 2121 dicens
2965 2083 2980 2123 :
3013 2066 3169 2121 Vinea
3197 2068 3328 2121 enim
3362 2066 3590 2123 Domini

1986 2152 2217 2209 Sabaoth
2259 2155 2440 2211 domus
2484 2156 2654 2213 Israel
2698 2172 2770 2214 est
2815 2159 3039 2230 (Ezeclt.
3066 2161 3151 2215 17.
3186 2162 3279 2231 5).
3314 2161 3591 2217 Ezechiel

1985 2260 2115 2300 vero
2160 2262 2411 2315 rursum,
2461 2264 2581 2305 cum
2625 2251 2857 2321 aquilam
2903 2266 3148 2323 magnam
3179 2262 3234 2308 et
3259 2269 3591 2324 magnartnn

1983 2338 2193 2395 alarum
2216 2341 2601 2411 ingredientem
2629 2345 2681 2399 in
2702 2344 2992 2413 Libanum,
3015 2356 3068 2400 et
3087 2347 3399 2401 avellentem
3426 2362 3597 2401 sum-

1985 2445 2133 2485 mum
2161 2434 2415 2487 verticem
2440 2433 2587 2488 cedri
2624 2445 3040 2504 commemorat,
3074 2454 3176 2491 non
3207 2438 3456 2508 relinquit
3484 2454 3599 2507 pe-

1984 2534 2083 2577 nes
2108 2521 2391 2578 arbitrium
2430 2524 2732 2580 auditorum
2763 2527 2916 2597 hujus
2955 2527 3221 2598 allegoria:
3250 2530 3599 2599 interpreta-

1986 2614 2226 2679 tionem;
2257 2614 2351 2669 sed
2380 2616 2612 2686 explicat
2641 2618 2747 2685 ille,
2780 2633 2935 2689 quam
2963 2620 3193 2689 aquilam
3217 2619 3384 2687 dicat,
3411 2636 3602 2689 quam

1984 2703 2227 2757 cedrum.
2270 2704 2339 2759 Et
2386 2705 2472 2760 hic
2500 2721 2709 2762 rursum
2741 2709 2792 2763 in
2824 2711 3201 2779 sequentibus,
3235 2712 3321 2765 ubi
3352 2712 3605 2768 fluvium

1985 2795 2270 2864 quemdam
2301 2796 2595 2853 violentum
2641 2800 2842 2855 inducit
2885 2802 2938 2855 iu
2983 2801 3242 2869 Judzeatn,
3290 2818 3357 2859 ne
3387 2805 3609 2859 licem!

1983 2887 2209 2941 auditori
2235 2888 2402 2943 cuivis
2426 2904 2671 2960 personae
2700 2906 2797 2961 pro
2821 2893 3044 2948 arbitrio
3070 2892 3183 2948 hcce
3209 2904 3417 2965 aptare,
3438 2894 3611 2950 dixit

1982 2992 2163 3049 regem
2194 2994 2315 3035 esse
2340 2996 2463 3036 eum
2486 3024 2501 3048 ,
2532 2999 2689 3054 quem
2719 2983 2934 3039 ﬂuvium
2964 2987 3289 3042 nominasset
3318 2988 3485 3061 (lsai.
3517 2991 3609 3046 8.

1978 3066 2016 3124 Ἶ
2043 3072 2083 3139 ).
2110 3069 2233 3126 Haec
2257 3088 2388 3127 vero
2414 3075 2495 3128 lex
2524 3074 2722 3143 ubique
2752 3077 2988 3131 locorum
3013 3079 3066 3133 in
3090 3080 3363 3149 Scriptura
3388 3096 3614 3136 scrva-

1983 3169 2093 3228 tur,
2124 3174 2183 3217 ut
2209 3178 2329 3218 cum
2358 3166 2641 3236 allegorice
2669 3168 2922 3239 loquitur,
2951 3170 3219 3240 allegoria:
3249 3173 3619 3243 interpreta-

1930 3280 1939 3294 ι
1985 3254 2185 3309 tionem
2226 3255 2452 3320 afferat,
2494 3268 2552 3312 ut
2595 3275 2662 3313 ne
2708 3276 2893 3335 eorum
2922 3263 3029 3332 qui
3061 3263 3339 3334 allegorias
3390 3277 3623 3323 amant

1974 3346 2208 3413 cupidus
2237 3349 2447 3402 animus
2479 3359 2679 3406 temere
2707 3364 2761 3407 et
2802 3354 3020 3409 fortuito
3058 3364 3203 3411 erret
3229 3366 3285 3412 et
3307 3373 3625 3427 quocum-

1982 3453 2087 3508 que
2115 3439 2333 3513 l'cratur.
2370 3440 2438 3495 Et
2466 3442 2592 3512 quid
2621 3445 2849 3511 miraris,
2881 3447 2926 3501 si
2959 3448 3008 3501 id
3041 3448 3313 3519 propheta:
3338 3450 3567 3507 faciant
3589 3456 3625 3508 ?

1984 3529 2396 3587 Proverbiorum
2442 3547 2589 3591 certe
2634 3546 2820 3593 auctor
2867 3540 2916 3593 id
2957 3540 3226 3597 observat.
3257 3544 3386 3597 Cum
3431 3547 3631 3603 enim

1981 3623 2208 3680 dixisset
2236 3642 2249 3678 :
2280 3625 2465 3682 Cervus
2491 3631 2756 3697 amicitim,
2791 3643 2835 3686 et
2865 3633 3037 3703 pullus
3063 3636 3339 3706 gratiarum
3367 3647 3634 3694 tuarum

1980 3729 2298 3773 conversetur
2324 3731 2487 3776 tecum
2516 3740 2534 3777 .'
2557 3734 2605 3777 et
2650 3726 2764 3795 fons
2790 3742 2936 3794 aqum
2975 3739 3076 3782 tua:
3115 3729 3203 3783 tibi
3246 3731 3340 3783 soli
3383 3732 3455 3784 sit
3503 3736 3639 3802 (α)

1980 3812 2163 3882 (Prov.
2179 3812 2362 3883 5.19):
2384 3815 2762 3887 interpretatus
2782 3828 2884 3886 est,
2899 3821 3126 3875 cur'ltzec
3140 3822 3361 3885 diceret,
3378 3839 3520 3877 nem
3535 3843 3643 3895 pe

1982 3909 2051 3964 de
2081 3924 2246 3964 uxore
2276 3908 2519 3979 legitima
2559 3921 2613 3966 et
2636 3913 2826 3976 libera,
2861 3925 2917 3967 ttt
2945 3924 3209 3969 averteret
3237 3930 3265 3968 a
3284 3920 3647 3977 meretrice

1979 4013 2032 4056 et
2059 4004 2251 4057 aliena.
2299 4003 2418 4057 Pari
2448 4005 2607 4057 modo
2647 4004 2732 4059 hic
2760 4005 3057 4075 explicavit
3103 4006 3203 4061 hoc
3240 4008 3381 4071 loco,
3412 4026 3644 4078 quam

1979 4095 2182 4151 diceret
2226 4113 2347 4152 esse
2388 4098 2619 4151 vineam.
2680 4097 2880 4153 Deinde
2922 4114 3042 4152 cum
3101 4115 3288 4155 eorum
3342 4102 3653 4162 crimina

1916 4188 1917 4191 “
1979 4189 2329 4256 enuntiasset,
2372 4191 2742 4260 suppliciaque
2766 4190 3007 4257 dixisset,
3050 4206 3232 4246 rursus
3257 4193 3308 4247 in
3340 4193 3452 4249 line
3484 4197 3654 4252 de-

1980 4276 2275 4335 {elisionem
2300 4291 2461 4352 parat
2501 4282 2685 4336 dicens
2715 4301 2728 4336 :
2760 4281 3061 4355 Exspectavi
3082 4326 3097 4349 ,
3125 4295 3181 4338 ut
3210 4286 3397 4354 faceret
3420 4288 3649 4357 judi-

1978 4371 2113 4423 cium
2139 4413 2153 4434 ,
2199 4373 2316 4441 fecit
2360 4382 2529 4427 autem
2570 4374 2885 4445 iniquitatem
2908 4416 2922 4439 ,
2958 4385 3004 4428 et
3032 4392 3133 4429 non
3152 4377 3409 4446 justitiam
3430 4418 3447 4443 ,
3505 4387 3654 4439 sed

1977 4464 2270 4518 clamorem.
2300 4462 2451 4519 Juste
2480 4507 2496 4531 ,
2529 4465 2737 4533 inquit,
2768 4481 2978 4535 pmnam
3025 4468 3200 4537 exigo.
3249 4468 3563 4538 Exspecta
3577 4481 3654 4535 vi

1976 4555 2141 4620 enim,
2176 4554 2243 4610 Ut
2268 4556 2453 4625 [areret
2468 4557 2747 4628 judicium,
2779 4558 2830 4612 id
2859 4567 2960 4622 est,
2985 4558 3282 4627 justitiam;
3316 4560 3425 4630 ipsi
3452 4579 3653 4622 veru

1976 4648 2243 4701 contraria
2293 4646 2691 4715 exhibuentnt,
2739 4650 3110 4720 iniquitatem,
3158 4650 3484 4721 injustitiam
3574 4675 3654 4719 ei

1975 4738 2286 4794 clamorem.
2333 4740 2634 4796 Clamorem
2681 4742 2767 4797 hic
2804 4753 2959 4798 vocat
2994 4746 3303 4815 acquirendi
3360 4754 3654 4819 cupidi.

1977 4837 2165 4897 tatem,
2210 4830 2462 4901 injustum
2502 4832 2762 4898 furorem,
2804 4835 3220 4891 irrationabilem
3268 4840 3427 4907 iram,
3486 4860 3654 4915 ρει.

1974 4938 2127 4991 gnas,
2157 4926 2547 4980 contentiones.
2590 4927 2644 4981 8.
2678 4926 2771 4982 Va:
2802 4929 2889 4996 qui
2924 4932 3239 5001 conjungunt
3268 4932 3509 4989 domum
3554 4961 3654 4998 αι

1974 5018 2181 5071 domum
2201 5060 2216 5082 ,
2242 5006 2423 5089 a'grum
2448 5021 2517 5073 ad
2556 5035 2736 5091 agrum
2765 5032 3017 5092 aptantes,
3058 5035 3113 5077 ut
3149 5041 3181 5078 a
3214 5027 3455 5095 proximo
3506 5052 3654 5089 au.

1975 5112 2142 5181 [erant
2171 5111 2383 5181 aliquid.
2417 5110 2550 5166 Cum
2573 5112 2798 5167 dixisset
2827 5115 2997 5181 ipsum
3023 5116 3312 5171 clamorem
3348 5116 3649 5184 fecisse

1975 5199 2026 5254 id
2063 5210 2146 5256 est
2188 5201 2501 5272 acquirendi
2543 5203 2921 5271 cupiditatem,
2966 5215 3021 5259 et
3060 5207 3306 5274 rapinas,
3350 5210 3645 5279 subjici

1975 5294 2269 5363 iniquitatis
2295 5295 2529 5363 speciem
2561 5296 2722 5349 multa
2751 5296 2961 5365 plenam
2987 5299 3258 5367 nequitia;
3289 5314 3354 5353 ac
3382 5318 3653 5367 rurs"

1972 5401 2000 5438 a
2038 5386 2283 5440 lamentis
2322 5386 2527 5439 initium
2568 5386 2732 5450 ducit,
2772 5388 3186 5457 magnitudinem
3220 5401 3654 5462 peccatore."

1972 5476 2259 5531 ostendens
2289 5510 2308 5543 ,
2347 5492 2545 5548 eosque
2588 5478 2860 5533 insinuans
2901 5479 2990 5549 qui
3037 5480 3313 5535 incurabili
3372 5495 3654 5552 mou-1,,

1974 5569 2304 5623 laborabant.

2036 5682 2109 5741 (τι)
2145 5688 2253 5729 tlzec
2275 5695 2370 5730 non
2413 5683 2477 5755 ita
2509 5681 2756 5755 leguntur
2792 5686 2840 5732 in
2872 5683 2997 5755 libro
3018 5686 3383 5755 Proverbiorurn
3409 5689 3492 5740 5-
3560 5704 3595 5753 τ
3614 5710 3654 5755 ς

1972 5745 2042 5813 sic
2065 5752 2230 5792 autem
2251 5744 2526 5821 saepensolet
2538 5746 2906 5817 Chrysostomus
2920 5746 3023 5796 loca
3040 5750 3292 5821 Scriptura:
3307 5750 3405 5821 alio
3419 5744 3653 5821 q“;.;]‘

1968 5807 2161 5863 iaceant
2186 5806 2326 5855 modo
2348 5806 2546 5866 all‘erre,
2565 5806 2677 5870 quia
2702 5820 2881 5871 nempe
2904 5806 3186 5862 memoriter
3208 5806 3522 5872 aﬂ‘erebai;
