3712 6274
158 279 221 341 61
928 281 986 338 S.
1025 279 1308 337 JOANNIS
1336 282 1820 342 CHRYSOSTOMI
1848 284 2165 344 ARCHIEP.
2202 286 2747 346 CONSTANTINOP.
3524 279 3598 331 δῖ’·

229 395 293 449 δ’.
318 394 500 451 Ταῦτα
525 397 580 450 δὲ
606 398 699 452 καὶ
736 396 831 451 νῦν
870 398 1191 468 τολμώμενα
1216 400 1311 452 ίδοι
1335 418 1419 465 τις
1463 400 1530 454 ἂν
1548 402 1696 473 παρὰ
1715 402 1821 455 τῶν

154 490 342 554 κακῶς
366 491 444 561 τῷ
480 487 694 561 πλούτῳ
727 490 1100 562 κεχρημένων,
1135 491 1185 543 οἳ
1211 491 1310 554 τὰς
1347 494 1671 560 γειτνιάσεις
1697 496 1822 547 ἐπιο

155 577 398 639 νοοῦσιν,
434 576 533 630 οὐκ
578 577 661 640 εἰς
715 576 1009 645 ἀσφάλειαν
1035 614 1050 638 ,
1089 576 1204 629 ἀλλ’
1239 579 1319 640 είς
1375 579 1668 649 ἐπιϐουλὴν
1713 581 1821 633 τῶν

157 666 404 737 πλησίον,
438 665 687 736 καθάπερ
717 664 827 735 πῦρ
858 665 962 734 ὁδῷ
992 665 1226 735 βαδίζον,
1256 666 1399 721 οὓτω
1431 670 1556 731 τοὺς
1597 672 1661 723 ἐκ
1708 688 1823 738 γει-

153 754 324 807 τόνων
360 752 565 815 πάντας
610 751 1008 823 ἐπινεμόμενοι.
1056 753 1151 820 Μὴ
1203 754 1481 819 οἰκήσετε
1519 757 1692 825 μόνοι
1724 758 1825 810 ἐπὶ

154 838 267 906 τῆς
289 837 433 907 rﬁc;
462 838 750 906 Ἠκούσθη
786 840 894 908 γὰρ
924 838 1042 892 νῦν
1072 843 1160 905 εὶς
1188 840 1263 895 τὰ
1299 836 1418 895 ὦτα
1460 843 1681 910 Κυρίου
1716 846 1829 897 Σα-

156 924 311 980 ϐαὼθ
355 925 559 980 ταῦτα.
611 926 889 980 Δείκνυσιν
917 928 1148 999 ἀνόνητα
1206 930 1513 1000 κάμνοντας
1555 931 1648 983 καὶ
1699 931 1826 1002 είκῆ

155 1012 251 1065 καὶ
291 1012 488 1082 μάτην.
537 1013 753 1085 Ἐπειδὴ
817 1014 924 1087 γὰρ
973 1016 1069 1086 οὐχ
1101 1015 1275 1080 οὕτως
1336 1018 1392 1070 αί
1439 1016 1688 1083 κολάσεις
1734 1020 1828 1072 καὶ

154 1101 210 1152 αἱ
261 1100 522 1172 τιμωρίαι
553 1102 680 1165 τοὺς
718 1101 989 1167 τοιούτους
1027 1104 1250 1172 ἀγαγεῖν
1310 1102 1593 1170 εἰώθασιν,
1647 1105 1723 1168 ὡς
1768 1106 1828 1159 τὸ

158 1186 349 1256 μαθεῖν
385 1188 664 1260 ἀκριϐῶς,
713 1189 796 1245 ὅτι
837 1190 937 1244 οὐκ
981 1191 1381 1245 ἀπολαύσονται
1412 1192 1509 1262 τῆς
1550 1193 1824 1263 ἁρπαγῆς,

154 1277 359 1344 ταύτην
388 1277 572 1339 αὐτοῖς
611 1276 805 1346 ἐπάγει
835 1278 936 1348 τὴν
964 1278 1213 1349 ἀπειλὴν,
1245 1278 1437 1346 λέγων,
1473 1280 1553 1332 ὅτι
1584 1279 1826 1351 καμοῦν-

154 1378 246 1414 ται
278 1363 375 1432 μὲν
402 1363 494 1416 καὶ
518 1363 1017 1434 ταλαιπωρήσουσι,
1046 1364 1140 1417 καὶ
1166 1363 1266 1435 τὴν
1297 1366 1568 1435 ἁμαρτίαν
1605 1365 1829 1436 καρπώ-

158 1466 360 1514 σονται,
400 1451 503 1521 τῆς
543 1451 600 1504 δὲ
629 1450 979 1515 ἀπολαύσεως
1010 1452 1366 1505 ἐκπεσοῦνται
1411 1452 1548 1525 [56].
1583 1454 1697 1506 υύκ
1730 1454 1827 1524 ἐφ-

155 1537 418 1607 ησυχάζει
447 1538 575 1609 γὰρ,
606 1540 761 1609 φησὶ,
785 1542 899 1601 τοῖς
928 1539 1234 1609 γινομένοις
1261 1542 1289 1592 ὁ
1311 1541 1605 1611 ἀκοίμητος
1627 1541 1828 1609 ὀφθαλ-

159 1622 277 1693 μός.
311 1625 384 1676 Τὸ
412 1624 493 1687 δὲ,
523 1625 792 1696 Ἠκούσθη
819 1624 935 1690 νῦν,
960 1626 1061 1697 οὐχ
1092 1626 1168 1690 ὡς
1204 1626 1324 1679 τότε
1345 1626 1455 1679 τῶν
1488 1628 1829 1698 πραγμάτων

155 1712 448 1783 γνωρίμων
490 1716 794 1783 γενομένων
837 1712 985 1783 αὑτῷ
1034 1712 1211 1767 ταῦτά
1249 1731 1434 1783 φησιν,
1476 1714 1590 1766 ἀλλ’
1626 1713 1702 1777 ὡς
1728 1714 1830 1784 τῆς

154 1796 311 1868 δίκης
342 1797 483 1852 κατὰ
513 1798 677 1862 πόδας
710 1798 894 1869 ἰούσης
929 1799 1135 1861 λοιπὸν,
1167 1800 1261 1853 καὶ
1295 1802 1394 1871 τῆς
1423 1800 1829 1864 ἀνταποδόσεως

156 1883 469 1955 γινομένης.
528 1884 668 1943 Ἐὰν
722 1885 834 1955 γὰρ
876 1885 1162 1955 γένωνται
1205 1887 1383 1940 οἰκίαι
1429 1886 1687 1951 πολλοὶ,
1741 1889 1830 1953 εἰς

155 1970 380 2038 ἔρημον
405 1970 649 2025 ἔσονται
672 1972 930 2042 μεγάλαι
961 1972 1060 2026 καὶ
1082 1974 1284 2039 καλαί,
1315 1972 1415 2028 καί
1439 1974 1552 2027 οὐκ
1583 1972 1829 2030 ἔσονται

156 2060 211 2111 οί
249 2059 669 2127 κατοικοῦντες
691 2060 759 2113 ἐν
783 2060 1014 2126 αὐταῖς.

228 2145 478 2199 Τοιοῦτον
518 2147 626 2217 γὰρ
666 2149 699 2217 ἡ
737 2147 1017 2215 πλεονεξία
1039 2164 1053 2180 ·
1093 2149 1222 2203 ὅταν
1270 2148 1491 2202 πλείονα
1530 2147 1831 2222 περιϐάλλῃ

155 2237 269 2297 τοῖς
300 2233 505 2304 ἔχουσι,
537 2236 632 2289 καὶ
661 2235 771 2289 τῶν
796 2237 1076 2307 προτέρων
1115 2236 1313 2297 αὐτοὺς
1344 2236 1627 2307 ἐξήγαγεν.
1670 2237 1735 2289 '0
1766 2236 1830 2308 δὴ

156 2320 253 2374 καὶ
292 2319 523 2375 ἐνταῦθα
552 2322 847 2377 αἰνίττεται
879 2323 1051 2391 λέγων
1072 2361 1088 2386 ,
1123 2324 1205 2376 ὅτι
1234 2324 1405 2378 Ὅταν
1439 2323 1831 2395 οἰκοδομήσητε

155 2407 441 2477 λαμπρῶς,
474 2410 567 2461 καὶ
598 2410 667 2464 τά
701 2411 918 2465 πάντων
948 2410 1101 2481 ὑμῶν
1130 2410 1310 2465 αὐτῶν
1351 2412 1668 2484 ποιήσησθε,
1709 2412 1831 2466 τότε

158 2498 252 2550 καὶ
276 2498 384 2551 τῶν
409 2499 689 2570 προτέρων
713 2500 1106 2573 ἀποστήσεσθε.
1128 2502 1236 2555 Καὶ
1259 2503 1548 2572 στήσονται
1579 2504 1634 2555 αί
1660 2502 1831 2555 οίκίαι

156 2587 446 2657 οἰκήτορας
480 2587 579 2657 μὲν
616 2587 716 2641 οὐκ
763 2588 1004 2659 ἔχουσαι,
1031 2588 1329 2659 σάλπιγγος
1370 2591 1429 2644 δέ
1459 2590 1641 2662 πάσης
1686 2589 1829 2661 λαμ-

156 2674 429 2745 προτέραν
471 2675 714 2743 ἀφιεῖσαι
753 2676 938 2747 φωνὴν
989 2678 1131 2731 κατά
1160 2678 1270 2732 τῶν
1318 2679 1470 2749 παρά
1508 2678 1607 2749 τὴν
1656 2678 1832 2749 ἀρχὴν

154 2761 484 2830 ήρπακότων
531 2763 733 2828 αὑτὰς,
781 2765 879 2835 τῆς
924 2764 1256 2835 ἐρημώσεως
1288 2765 1387 2834 τῆς
1437 2766 1832 2835 ἐπιτεταμένης

157 2849 281 2903 ἀντὶ
302 2851 563 2921 τροπαίου
594 2850 737 2915 τινὸς
760 2852 1114 2923 φαινομένης.
1145 2848 1227 2908 Οὖ
1252 2854 1360 2922 γὰρ
1380 2852 1665 2922 ὲργῶντιιι
1685 2853 1833 2908 δέκα

158 2934 330 3005 ζεύγη
372 2936 558 3002 βοῶν,
603 2937 841 3003 ποιήσει
888 2938 1172 3008 κεράμιον
1209 2939 1310 2993 ἐν’
1356 2941 1453 2993 καὶ
1496 2943 1528 2994 ό
1569 2942 1833 3008 σπείρων

156 3024 417 3090 ἀρτάϐας
441 3023 533 3089 ἐξ,
557 3024 798 3091 ποιήσει
825 3025 1013 3097 μέτρα
1038 3030 1189 3097 τρία.
1223 3028 1354 3081 ’Δπὸ
1382 3031 1479 3099 τῆς
1509 3028 1717 3093 πόλεως
1742 3030 1834 3082 ἐπὶ

156 3111 255 3183 τήν
285 3112 386 3182 τῆς
425 3112 609 3185 χώρας
638 3114 873 3186 ἐρημίαν
910 3115 1092 3184 ἐξάγει
1124 3117 1216 3169 τὸν
1250 3116 1424 3183 λόγον,
1460 3116 1602 3170 ὥστε
1637 3116 1835 3171 πάντο-

159 3201 252 3254 θεν
277 3202 618 3273 καταπλῆξαι
644 3204 735 3257 τὸν
760 3206 1054 3277 ἀκροατήν.
1091 3205 1229 3259 Οὔτε
1258 3206 1366 3278 γὰρ
1387 3208 1441 3259 αἱ
1465 3207 1654 3269 οἰκίαι,
1676 3207 1830 3277 φησὶ,

163 3289 448 3357 καθέξουσι
494 3293 620 3357 τοὺς
648 3293 1017 3357 ἐνοικοῦντας,
1048 3293 1171 3348 οὔτε
1206 3295 1239 3365 ἡ
1273 3294 1346 3363 γῆ
1375 3295 1472 3365 τὴν
1506 3295 1673 3365 αὐτῆς
1712 3297 1833 3348 ἐπι-

155 3376 386 3442 δείξεται
413 3379 660 3450 δύναμιν.
694 3382 803 3437 Καὶ
834 3382 941 3453 γάρ
974 3383 1031 3447 ἐξ
1066 3382 1239 3453 ἀρχῆς
1268 3381 1357 3434 διά
1388 3382 1487 3453 τὴν
1529 3381 1623 3434 τοῦ
1661 3382 1829 3451 Ἀδὰμ

161 3464 439 3536 ἁμαρτίαν
477 3467 718 3532 ἀκάνθας
770 3469 865 3521 καὶ
902 3470 1182 3539 τριϐόλους
1226 3469 1519 3541 ἐξήνεγκε·
1558 3470 1650 3523 καὶ
1711 3469 1828 3539 μετ’

156 3553 391 3619 ἐκεῖνον,
423 3554 512 3607 διά
540 3554 637 3626 τὴν
664 3554 759 3608 τοῦ
795 3555 936 3610 Κάῖν
969 3556 1336 3631 παρανομίαν,
1360 3557 1618 3611 ἐλάττονα
1651 3557 1831 3629 πολλῴ

156 3642 249 3695 τὸν
279 3643 438 3696 πόνον
466 3643 557 3697 τὸν
585 3644 793 3698 ἐκείνου
818 3658 843 3687 α
869 3646 1083 3716 καὶτῆς
1110 3647 1314 3711 οἰκείας
1338 3649 1520 3721 ἰσχύος
1539 3652 1636 3720 τὴν
1661 3651 1831 3721 φορὰν

156 3730 523 3789 ἐπεδείκνυτο.
572 3734 682 3787 Καὶ
717 3734 987 3806 πολλαχοῦ
1026 3736 1081 3789 δὲ
1121 3736 1354 3807 ἀλλαχοῦ
1392 3738 1489 3791 ίδοι
1520 3756 1605 3802 τις
1645 3739 1711 3793 ἂν
1742 3740 1831 3795 διά

154 3818 255 3880 τὰς
298 3819 408 3873 τῶν
441 3819 741 3893 ἀνθρώπων
783 3824 1057 3894 ἁμαρτίας
1095 3824 1266 3893 αὐτὴν
1301 3824 1686 3897 κολαζομένην.
1725 3828 1832 3881 Καὶ

153 3907 208 3959 τί
240 3907 558 3980 θαυμάζεις.
592 3914 641 3970 εἰ
677 3917 845 3984 πηροῖ
864 3915 963 3980 τὰς
989 3916 1154 3985 γονάς
1190 3918 1359 3989 αὐτῆς
1386 3921 1478 3973 καὶ
1513 3920 1612 3984 τὰς
1636 3921 1829 3986 ὠδῖνας

153 3994 266 4049 τῶν
299 3997 601 4071 ἀνθρώπων
646 4004 679 4072 ή
710 4004 1041 4074 παρανομία,
1074 4006 1209 4059 ὅπου
1256 4024 1319 4076 γε
1362 4010 1455 4061 καὶ
1502 4010 1714 4081 φθαρτή
1760 4011 1828 4065 δι’

156 4087 305 4155 ἡμᾶς
348 4088 591 4154 ἐγένετο,
631 4091 724 4143 καὶ
762 4090 1035 4163 ἄφθαρτος
1087 4092 1249 4147 πάλιν
1293 4094 1361 4147 δι’
1392 4096 1537 4165 ἡμᾶς
1578 4096 1826 4165 γίνεται;

169 4176 387 4246 Ἐπειδὴ
418 4177 527 4249 γὰρ
558 4178 694 4242 ὅλως
723 4178 783 4231 τὸ
814 4174 953 4233 εἶναι
979 4180 1046 4237 δι’
1074 4183 1223 4252 ἡμᾶς
1257 4182 1416 4237 ἔλαϐε
1450 4186 1543 4239 καὶ
1568 4186 1665 4257 τὴν
1690 4187 1833 4256 ήμε-

154 4263 320 4333 τέραν
365 4264 674 4329 διακονίαν,
708 4268 802 4318 καὶ
834 4267 896 4319 τὸ
935 4267 1104 4332 οὕτως
1145 4272 1177 4339 ἢ
1225 4273 1450 4337 ἐκείνως
1498 4271 1637 4326 εἶναι
1673 4275 1832 4329 πάλιν

157 4351 407 4404 ἐντεῦθεν
436 4351 703 4422 λαμϐάνει
737 4352 835 4423 τὴν
862 4355 1038 4425 ἀρχὴν
1065 4358 1155 4409 καὶ
1189 4358 1287 4429 τὴν
1313 4360 1487 4429 ῥίζαν.
1513 4361 1670 4415 Οὕτω
1700 4363 1831 4430 γοῦν

156 4439 255 4494 καὶ
283 4440 377 4493 ἐπὶ
406 4440 499 4493 τοῦ
526 4441 671 4497 Νῶε.
702 4441 919 4513 Ἐπειδὴ
940 4443 1074 4513 πρὸς
1097 4446 1292 4498 κακίαν
1318 4448 1548 4518 ἐσχάτην
1580 4448 1832 4513 ἐξώκειλε

155 4527 267 4580 τῶν
307 4526 610 4598 ἀνθρώπων
641 4530 676 4598 ἡ
705 4528 887 4597 φύσις,
931 4533 1109 4587 πάντα
1143 4533 1372 4603 ἐφύρετο
1402 4537 1468 4589 τά
1508 4538 1829 4608 πράγματα,

157 4617 253 4669 καὶ
283 4616 595 4687 σπέρματα,
644 4618 736 4670 καὶ
771 4618 937 4686 φυτὰ,
986 4621 1078 4673 καὶ
1108 4621 1314 4689 ἀλόγων
1353 4623 1507 4693 γένη,
1538 4625 1630 4677 καὶ
1665 4627 1697 4695 ἡ
1732 4625 1828 4695 γῆ,

157 4704 252 4756 καὶ
286 4703 546 4769 θάλαττα,
577 4705 672 4759 καὶ
702 4705 832 4777 ἀὴρ,
873 4708 965 4760 καὶ
997 4707 1119 4779 ὅρη,
1153 4710 1247 4763 καὶ
1272 4711 1459 4775 νάπαι,
1496 4713 1590 4765 καὶ
1630 4712 1827 4783 βουνοὶ,

156 4792 253 4843 καὶ
286 4793 492 4855 πόλεις,
515 4795 609 4846 καὶ
627 4794 803 4864 τείχη,
826 4795 921 4847 καὶ
944 4796 1131 4857 οἰκίαι,
1153 4800 1247 4850 καὶ
1274 4798 1471 4869 πύργοι
1490 4816 1505 4830 °
1533 4798 1627 4853 καὶ
1656 4800 1831 4857 πάντα

159 4879 348 4943 ἁπλῶς
377 4882 570 4951 ἐκείνῳ
599 4880 678 4951 τῷ
704 4881 919 4951 φοϐερῷ
952 4882 1071 4934 τότε
1110 4883 1411 4954 ἐκρύπτετο
1440 4886 1685 4954 πελάγει.
1721 4888 1833 4939 Καὶ⁸

164 4966 350 5035 ἐπειδὴ
378 4967 540 5021 πάλιν
572 4968 849 5021 ἐπιδοῦναι
879 4968 942 5021 τὸ
975 4970 1131 5037 γένος
1162 4971 1286 5033 ἔδει,
1307 4972 1405 5041 τὴν
1439 4973 1642 5027 οἰκείαν
1674 4974 1832 5026 εὐτα-

162 5054 280 5122 ξίαν
313 5054 700 5125 ἀπελάμϐανεν
728 5057 760 5125 ἠ
784 5056 878 5124 γῆ,
900 5057 993 5111 καὶ⁵
1013 5058 1091 5119 εἰς
1112 5057 1208 5127 τήν
1235 5058 1503 5129 προτέραν
1528 5061 1831 5131 εὐμορφίαν

159 5141 388 5213 ἐπανῄει
425 5142 604 5199 πάλιν.
627 5142 754 5196 ’Ἱδοι
776 5144 820 5196 δ’
846 5144 911 5196 ἄν
937 5161 1019 5207 τις
1038 5145 1195 5198 τοῦτο
1226 5147 1319 5199 καὶ
1348 5147 1440 5199 ἐπὶ
1463 5147 1657 5218 μέρους
1688 5152 1831 5216 γινόο

164 5246 326 5299 μενον
359 5230 445 5285 διὰ
488 5230 587 5300 τὴν
620 5231 700 5293 εἰς
738 5231 1057 5301 ἀνθρώπους
1093 5235 1276 5302 τιμήν.
1318 5235 1428 5285 Καὶ
1462 5233 1569 5307 γάρ
1599 5235 1829 5304 πέλαγος

160 5319 454 5390 ἠφανίσθη,
488 5320 581 5373 καὶ
622 5319 780 5373 πάλιν
819 5321 1015 5390 ἐφάνη,
1058 5323 1151 5374 καὶ
1183 5321 1331 5391 ἣλιος
1362 5323 1657 5394 ἐχαλινώθη
1694 5326 1830 5395 μετά

162 5402 411 5472 σελήνης.
455 5404 666 5457 καὶτὸν
698 5405 895 5459 οἰκεῖον
944 5405 1139 5476 δρόμον
1173 5406 1394 5459 ἐπέλιπε
1418 5450 1432 5471 ,
1475 5409 1567 5461 καὶ
1622 5409 1731 5479 πῦρ
1762 5411 1832 5463 τὰ

164 5489 351 5551 ὕδατος
379 5492 709 5558 ἐπεδείξατο,
745 5496 837 5549 καὶ¹
861 5496 931 5564 γῆ
963 5495 1029 5547 τὰ
1054 5495 1342 5563 πελάγους,
1366 5499 1458 5550 καὶ
1492 5500 1725 5569 πέλαγος
1762 5502 1832 5554 τὰ

161 5579 262 5650 τῆς
303 5580 406 5650 γῆς
430 5598 444 5614 ο
475 5584 569 5635 καί⁸
616 5584 813 5651 πάντα,
850 5586 925 5648 ὡς
970 5587 1141 5638 εἰπεῖν
1174 5586 1379 5650 ἁπλῶς,
1408 5588 1543 5659 πρὸς
1579 5590 1678 5660 τὴν
1724 5591 1832 5644 τῶν

233 5813 592 5892 ἰίὶοοηιηξοο
612 5817 878 5892 lgggndggm
916 5823 1109 5875 videtur
1136 5826 1230 5874 τῶν
1257 5825 1411 5876 πόνων
1436 5827 1531 5877 τῶν
1554 5826 1754 5891 ἐκείνου,
1780 5832 1833 5880 ut

169 5876 316 5930 etiam
342 5876 689 5931 auimadverlif
700 5880 926 5933 Samius.
1618 5876 1626 5878 ἡ
1660 5918 1667 5921 -

1929 406 2231 475 ἀνθρώπων
2281 403 2816 475 μετασχηματίζεται
2861 398 3213 453 λυσιτέλειαν.
3246 394 3354 450 Καὶ
3405 395 3599 465 ἐπειδὴ

1931 494 2147 547 πάντων
2172 493 2492 563 τιμιώτερος
2522 492 2824 562 ἄνθρωπος,
2845 489 2935 542 καὶ
2957 489 3024 541 δι’
3056 486 3215 541 αὑτὸν
3235 485 3302 538 τά
3328 485 3600 553 γενόμενα

1924 582 2156 643 ἅπαντα,
2179 582 2266 633 διά
2281 599 2363 633 τοι
2386 580 2541 633 τοῦτο
2564 579 2657 631 καὶ
2681 577 2798 642 νῦν,
2963 575 3147 643 ἐπειδὴ
3163 574 3407 644 ἥμαρτεν
3432 573 3459 624 ὁ
3486 572 3599 623 τῶν

1936 669 2205 722 Ἰουδαίων
2233 669 2420 739 δῆμος,
2455 666 2637 736 ἐπέχει
2668 664 2766 726 τῆς
2791 665 2893 734 γῆς
2924 662 3023 726 τὰς
3054 660 3245 725 ὠδῖνας
3278 661 3469 723 ὁΘεδς,
3499 660 3600 712 καὶ

1930 758 2066 827 μετά
2092 757 2317 821 πολλοὺς
2339 757 2530 819 πόνους
2552 755 2644 807 καὶ
2668 752 2895 823 ἱδρῶτας
2922 752 3019 804 οὐκ
3044 750 3231 819 ἀφίησι
3250 749 3350 811 τὰς
3380 748 3599 813 ἐκείνης

1926 845 2160 913 λαγόνας
2186 845 2285 916 τὴν
2306 845 2556 897 εἰωθυῖαν
2587 840 2757 913 φορὰν
2780 840 3039 907 ἐνεγκεῖν,
3064 838 3149 890 ’ίνα
3171 834 3461 889 κάντεῦθεν
3492 834 3600 902 μά-

1929 932 2116 994 θωσιν,
2150 934 2231 986 ὅτι
2274 933 2335 986 0-3
2365 930 2683 1004 γεωργικῶν
2726 928 2921 998 χειρῶν
2955 926 3138 995 τέχνη,
3179 924 3298 978 οὑδέ
3344 923 3463 991 βόες
3500 924 3601 975 καὶ

1926 1022 2183 1092 ἄροτρον,
2218 1021 2337 1074 οὐδὲ
2367 1022 2470 1092 γῆς
2523 1018 2701 1088 φύσις,
2737 1018 2837 1071 οὐκ
2882 1015 3010 1070 ἄλλο
3058 1016 3166 1068 τῶν
3208 1013 3463 1067 τοιούτων
3504 1014 3600 1066 οὐ-

1926 1109 2033 1171 δὲν,
2064 1108 2177 1163 ἀλλ’
2198 1108 2445 1162 ὁτούτων
2484 1107 2737 1161 ἁπάντων
2770 1104 3043 1172 Δεσπότης
3071 1096 3224 1165 οὗτός
3249 1103 3395 1154 ἐστιν
3440 1102 3469 1153 ὀ
3500 1101 3601 1153 καὶ

1926 1194 2137 1265 δαψιλεῖ
2166 1197 2231 1267 τῇ
2267 1196 2412 1265 χειρὶ
2435 1195 2610 1248 πάντα
2632 1192 2859 1261 ἐκχέων,
2881 1191 2975 1244 καὶ
3006 1189 3186 1253 πάλιν,
3216 1188 3433 1241 ἐπειδὰν
3467 1186 3599 1258 βού-

1926 1281 2106 1352 ληται,
2128 1283 2425 1335 συστέλλων
2448 1281 2680 1334 ἅπαντα.
2704 1282 2847 1334 Οὐαὶ
2875 1281 2929 1333 οἱ
2952 1278 3305 1348 ἐγειρόμενοι
3327 1274 3393 1328 τὸ
3422 1275 3597 1343 πρωῒ,

1926 1367 2025 1421 καὶ
2058 1368 2123 1421 τό
2150 1369 2365 1436 σίκερα
2389 1366 2722 1431 διώκοντες,
2739 1369 2792 1420 οὶ
2815 1364 3104 1433 μένοντες
3131 1364 3196 1415 τὸ
3227 1360 3359 1430 ὀψέ.
3400 1360 3463 1413 '0
3484 1361 3601 1430 γὰρ

1926 1452 2090 1520 οἶνος
2120 1455 2339 1520 αὐτοὺς
2360 1452 2889 1523 συγκαύσει.Μετὰ
2916 1450 3027 1520 γὰρ
3057 1448 3299 1516 κιθάρας
3320 1446 3416 1502 καί
3436 1451 3603 1517 ψαλ-

1926 1559 1995 1609 τη
1998 1543 2137 1610 ρίου
2162 1541 2258 1595 καί
2290 1540 2619 1610 τυμπάνων
2634 1540 2731 1594 καί
2757 1538 2961 1593 αὐλῶν
2986 1538 3093 1591 τὸν
3123 1533 3291 1592 οἶνον
3309 1536 3558 1589 πίνουσι
3580 1552 3597 1566 ·

1924 1629 1998 1683 τὰ
2029 1629 2098 1683 δὲ
2131 1629 2276 1698 ἔργα
2305 1629 2414 1683 τοῦ
2446 1626 2593 1682 Θεοῦ
2633 1629 2745 1682 οὐκ
2783 1626 3173 1696 ἐμϐλέπουσι,
3202 1624 3301 1679 καί
3338 1622 3409 1677 τὰ
3451 1623 3604 1693 ἕργνι

1925 1716 2047 1772 τῶν
2064 1716 2280 1786 χειρῶν
2298 1716 2484 1771 αὑτοῦ
2504 1718 2577 1771 οὐ
2604 1714 2988 1770 κατανοοῦσι.
3001 1715 3395 1783 Κατηγορήσας
3415 1712 3602 1765 αὐτῶν

1927 1803 2236 1868 πλεονεξίαν
2288 1804 2509 1875 πολλὴν,
2537 1803 2630 1857 καὶ
2683 1802 2780 1874 τὴν
2814 1801 2970 1873 ῥίζαν
3012 1800 3104 1855 τοῦ
3148 1800 3320 1854 κακοῦ
3358 1800 3600 1870 τίθησιν.

1927 1891 2075 1963 Δῦτη
2104 1891 2161 1944 δέ
2191 1886 2258 1963 ἦν
2295 1894 2329 1963 ή
2361 1890 2522 1962 μέθη,
2554 1891 2761 1963 μυρίων
2790 1889 3047 1961 γινομένη
3094 1889 3281 1942 κακῶν
3315 1888 3599 1953 ὑπόθεσις,

1927 1980 2022 2033 καὶ
2058 1980 2293 2051 μάλιστα
2340 1980 2468 2034 ὅταν
2501 1980 2640 2050 μετὰ
2681 1978 2948 2049 τοσαύτης
2976 1976 3239 2048 τολμᾶται
3277 1976 3375 2046 τῆς
3423 1977 3605 2048 ὑπερ-

1928 2068 2113 2137 ϐολῆς.

2000 2153 2065 2208 ε’.
2092 2155 2289 2208 Σκόπει
2320 2153 2451 2222 γοῦν
2482 2152 2597 2216 πῶς
2628 2151 2765 2224 μετὰ
2797 2150 3080 2223 ἀκριϐείας
3098 2152 3295 2214 αὐτοὺς
3323 2151 3602 2221 κωμῳδεῖ.

1928 2240 2115 2294 Πᾶσαν
2143 2240 2250 2312 γάρ
2281 2241 2381 2312 τὴν
2412 2241 2625 2311 ἡμέραν
2652 2241 2731 2301 είς
2756 2237 2915 2291 τοῦτο
2944 2237 3281 2291 δαπανᾶσθαί
3309 2254 3494 2306 φησιν.
3521 2238 3600 2289 Ού

1926 2327 2037 2399 γάρ
2070 2329 2200 2381 ὅταν
2227 2327 2687 2399 ἀριστοποιεῖσθαι
2719 2326 2834 2396 δέῃ,
2863 2324 3023 2379 τοῦτο
3062 2325 3383 2395 πράττουσι,
3407 2326 3604 2393 φησὶν,

1928 2415 2062 2469 ἀλλά
2095 2416 2273 2469 πάντα
2306 2416 2398 2469 τὸν
2436 2416 2625 2486 καιρὸν
2664 2414 2832 2485 μέθης
2864 2413 3137 2476 ποιοῦντες
3167 2413 3377 2484 καιρὸν,
3406 2413 3499 2465 καὶ
3534 2415 3608 2467 ἐκ

1930 2502 2227 2574 προοιμίων
2269 2502 2368 2571 τῆς
2397 2502 2629 2573 ἡμέρας,
2687 2502 2774 2555 ὅτε
2814 2499 3047 2572 μάλιστα
3090 2501 3271 2562 αὐτοῖς
3313 2499 3607 2571 προσέχειν

1928 2593 2119 2662 ἐχρῆν,
2146 2591 2325 2663 πολλῴ
2354 2592 2431 2662 τῷ
2466 2591 2689 2662 ἀκράτῳ
2724 2589 2956 2651 διδόντες
2977 2588 3224 2651 ἑαυτοὺς,
3253 2588 3347 2641 καὶ
3376 2588 3610 2651 ἄκοντες

1928 2678 2113 2732 λοιπὸν
2150 2680 2242 2731 καὶ
2276 2678 2437 2749 μέχρι
2464 2681 2559 2749 τῆς
2599 2677 2836 2747 ἑσπέρας
2884 2676 3305 2746 ἐναπομένοντες
3338 2673 3413 2744 τῷ
3439 2677 3610 2743 νοσή-

1932 2783 2082 2837 ματι.
2118 2764 2367 2818 Ἐπειδὰν
2399 2764 2505 2835 γάρ
2537 2763 2683 2829 ἅπαξ
2721 2762 2965 2831 φθάσωσι
3000 2761 3489 2831 καταποντισθῆναι
3520 2765 3610 2826 εἰς

1927 2851 2017 2907 τὸν
2039 2852 2136 2923 τῆς
2173 2850 2439 2922 ἀκρασίας
2468 2849 2645 2919 βυθὸν,
2682 2848 2775 2902 καὶ
2812 2849 2923 2900 τῶν
2954 2847 3097 2901 κατά
3132 2847 3293 2916 φύσιν
3321 2848 3608 2900 ἐκπέσωσι

1930 2939 2166 3011 φρενῶν,
2197 2940 2290 2992 καὶ
2325 2938 2422 3009 τὴν
2449 2936 2625 3009 ψυχὴν
2657 2936 3001 3008 αἰχμάλωτον
3033 2937 3099 3008 τῇ
3129 2936 3339 3009 πονηρᾷ
3377 2936 3474 3007 τῆς
3503 2938 3612 3008 μέ-

1930 3027 2031 3098 θης
2072 3026 2437 3098 παραδώσωσι
2465 3026 2757 3096 τυραννίδι,
2800 3026 3053 3096 καθάπερ
3087 3025 3270 3078 πλοῖον
3305 3026 3611 3095 ἀνερμάτι-

1931 3131 2074 3178 στον,
2099 3115 2191 3167 καὶ
2214 3114 2548 3185 κυϐερνήτου
2574 3114 2670 3166 καὶ
2700 3112 2912 3167 ναυτῶν
2931 3112 3391 3183 ἀπεστερημένον,
3412 3111 3609 3177 ἁπλῶς

1928 3202 2023 3256 καὶ
2050 3201 2172 3272 είκῆ
2200 3202 2447 3272 φέρεται,
2477 3204 2543 3272 τῇ
2570 3200 2679 3253 τῶν
2709 3200 2917 3254 ὑδάτων
2955 3201 3175 3270 ἀτάκτῳ
3205 3199 3350 3271 ῥύμη
3390 3217 3608 3252 παντα-

1928 3293 2025 3362 χοῦ
2063 3292 2487 3361 περιαγόμενον,
2535 3291 2626 3344 τὸν
2658 3290 2822 3343 αὐτὸν
2849 3289 2914 3360 δὴ
2952 3289 3154 3361 τρόπον
3191 3290 3287 3344 καὶ
3314 3282 3458 3341 οὗτοι
3493 3290 3612 3344 ὑπὸ

1928 3380 2029 3450 τῆς
2060 3380 2230 3451 μέθης
2278 3378 2598 3449 ὑποϐρύχιοι
2648 3378 2951 3449 γενόμενοι.
2993 3378 3083 3431 Διό
3125 3394 3318 3447 φησιν’
3364 3376 3511 3431 οὐαὶ
3545 3384 3608 3432 ol

1928 3468 2286 3537 ἐγειρόμενοι
2326 3467 2392 3521 τὸ
2427 3467 2609 3534 πρωῒ,
2653 3466 2750 3520 καί
2792 3466 2858 3519 τὸ
2908 3466 3121 3533 σίκερα
3150 3464 3487 3531 διώκοντες.
3523 3467 3607 3519 Οὐ

1929 3557 2037 3627 γὰρ
2065 3557 2163 3626 τὴν
2193 3555 2383 3626 χρείαν
2422 3555 2713 3626 ἐπλήρουν,
2743 3553 2864 3607 οὐδὲ
2898 3553 3155 3623 ἀνέμενον
3188 3552 3476 3624 ἐπιθυμίας
3507 3570 3609 3621 γε-

1928 3646 2161 3715 νομένης
2211 3642 2497 3713 πληρῶσαι
2540 3642 2639 3713 τὴν
2672 3640 2909 3705 ἔνδειαν,
2954 3640 3069 3693 ἀλλ’
3116 3640 3275 3711 ἔργον
3320 3639 3608 3693 ἐποιοῦντο

1928 3732 2086 3787 τοῦτο
2114 3733 2207 3785 καὶ
2240 3731 2491 3801 μελέτην,
2521 3730 2583 3782 τὸ
2611 3727 2872 3797 διηνεκῶς
2907 3726 3144 3797 μεθύειν.
3186 3727 3276 3780 Διό
3316 3744 3498 3798 φησιν’
3537 3732 3608 3782 Ol

1929 3821 2242 3887 διώκοντες
2270 3821 2498 3888 σίκερα.
2540 3819 2739 3889 Σίκερα
2775 3817 2833 3871 δὲ
2872 3817 3103 3871 ἐνταῦθά
3134 3834 3265 3886 φησι
3293 3816 3400 3869 τῶν
3428 3819 3609 3886 φοινί-

1930 3927 2040 3964 κων
2068 3910 2158 3963 τὸν
2190 3909 2342 3972 ὀπὸν,
2382 3909 2441 3962 ὃν
2488 3908 2829 3978 ἐπετήδευον,
2864 3906 3233 3977 συντρίϐοντες
3266 3906 3355 3957 τὸν
3386 3906 3609 3976 καρπὸν

1930 4000 2026 4053 καὶ
2058 3998 2452 4062 καταθλῶντες,
2480 3998 2558 4059 εἰς
2577 3995 2721 4049 οἴνου
2764 3991 3259 4067 μετασχηματίζειν
3288 3993 3465 4061 φύσιν.
3492 3995 3613 4047 Κα-

1933 4086 2161 4158 ρωτικδν
2207 4085 2265 4139 δέ
2315 4087 2432 4138 ἐστι
2480 4085 2541 4138 τὸ
2587 4082 2849 4148 τοιοῦτον,
2900 4081 2993 4134 καὶ
3049 4081 3217 4151 μέθης
3250 4082 3603 4151 ἐργαστικόν,

1943 4174 2082 4227 Ἀλλ’
2102 4174 2254 4227 οὐδὲν
2281 4173 2575 4246 ὑφωρῶντο
2596 4171 2799 4225 τούτων
2823 4173 3038 4235 ἐκεῖνοι,
3061 4168 3157 4241 τήν
3182 4168 3373 4239 ἡδονὴν
3400 4186 3612 4223 παντα-

1929 4263 2025 4333 χοῦ
2056 4262 2369 4325 διώκοντες,
2409 4262 2660 4331 μένοντες
2697 4259 2757 4313 τὸ
2790 4259 2908 4329 ὀψέ.
2949 4260 3002 4311 Ὀ
3033 4260 3143 4329 γὰρ
3178 4254 3337 4324 οἶνος
3376 4258 3610 4325 αὐτοὺς

1930 4352 2282 4420 συγκαύσει.
2316 4350 2549 4419 Τοιαύτη
2583 4347 2693 4419 γάρ
2718 4348 2816 4418 τῆς
2845 4346 3013 4417 μέθης
3046 4348 3079 4417 ή
3122 4346 3300 4414 φύσις·
3334 4344 3610 4417 προϊοῦσα

1929 4440 2170 4505 αὔξεται,
2195 4439 2289 4491 καὶ¹
2317 4435 2697 4507 χαλεπώτερον
2721 4435 2778 4488 τὸ
2815 4434 2964 4505 δίψος
2996 4436 3157 4487 ποιεῖ.
3197 4429 3331 4486 Εἶτα
3361 4433 3455 4487 καὶ
3480 4434 3612 4487 ἐτε-

1932 4542 2021 4596 ρον
2049 4525 2148 4577 οὐκ
2184 4524 2401 4576 ἔλαττον
2426 4521 2676 4591 ἔγκλημα
2702 4521 2796 4575 τοῦ
2828 4519 3092 4592 προτέρου
3130 4519 3472 4590 προστίθησι,
3512 4520 3615 4572 λέ-

1927 4627 2060 4681 γων·
2084 4612 2243 4664 Μετά
2270 4611 2378 4679 γὰρ
2398 4606 2640 4675 κιθάρας
2671 4609 2768 4662 καί
2794 4608 3129 4677 ψαλτηρίου
3153 4607 3251 4660 καὶ
3275 4606 3612 4676 τυμπάνων

1929 4699 2026 4752 καί
2061 4697 2267 4751 αὐλῶν
2306 4698 2413 4751 τὸν
2455 4693 2624 4750 οἶνον
2652 4697 2917 4750 πίνουσι.
2957 4694 3129 4748 Τοῦτο
3160 4696 3254 4749 καὶ
3291 4696 3477 4766 ἔτερος
3509 4697 3613 4765 ἐγ-

1929 4786 2084 4841 καλεῖ
2113 4785 2394 4857 προφήτης
2434 4785 2625 4853 λέγων·
2649 4788 2714 4839 Ol
2747 4785 3024 4849 πίνοντες
3060 4782 3168 4837 τὸν
3205 4783 3612 4851 διυλισμένον

1927 4869 2113 4937 οἶνον,
2144 4872 2241 4925 καὶ
2289 4872 2360 4925 τὰ
2389 4871 2589 4940 ,πρῶτα
2625 4873 2783 4939 μύρα
2810 4872 3129 4941 χριόμενοι,
3160 4873 3215 4923 οί
3243 4870 3611 4937 κροτοῦντες

1927 4964 2076 5033 πρὸς
2108 4964 2224 5030 τὴν
2260 4963 2471 5031 φωνὴν
2506 4962 2533 5001 ι)
2558 4960 2676 5014 τῶν
2703 4961 2988 5029 ὀργάνων.
3029 4960 3122 5025 Ὧς
3144 4958 3373 5013 ἑστῶτα
3403 4958 3611 5027 ἐλογί-

1927 5069 2136 5116 σιιντο,
2164 5052 2262 5105 καὶ
2297 5054 2409 5121 οὐχ
2438 5052 2517 5117 ὠς
2545 5052 2859 5119 φεύγοντα.
2892 5049 3003 5103 Καὶ
3028 5049 3137 5120 γὰρ
3166 5048 3402 5119 ἐσχάτης
3435 5050 3609 5103 ἀναλ-

1926 5141 2125 5210 γησίας
2174 5138 2332 5192 τοῦτο
2378 5139 2437 5192 τὸ
2485 5140 2726 5208 σημεῖον,
2761 5138 2854 5190 καὶ
2893 5137 3068 5206 ψυχῆς
3116 5135 3500 5206 ἐκλελυμένης,
3535 5136 3611 5191 τὸ

1929 5234 2155 5304 θέατρον
2212 5235 2387 5286 ποιεῖν
2436 5232 2533 5302 τὴν
2588 5232 2765 5285 οἰκίαν
2812 5231 2909 5300 τὴν
2954 5232 3167 5292 ἐαυτοῦ,
3203 5231 3297 5284 καὶ
3329 5230 3609 5295 τοιούτοις

1928 5323 2163 5394 ᾄσμασιν
2226 5323 2451 5383 ἑαυτοὺς
2509 5321 2794 5373 ἐκδιδόναι.
2827 5320 3000 5390 Ὅπερ
3055 5319 3148 5372 καὶ
3196 5321 3228 5389 ή
3275 5317 3410 5387 μέθη
3450 5322 3608 5372 ποιεί

1930 5410 2217 5473 σκοτοῦσα,
2263 5411 2417 5463 τοῦτο
2447 5412 2478 5478 ἡ
2522 5408 2750 5478 μουσικὴ
2785 5408 3122 5477 μαλάττουσα
3151 5406 3210 5459 τὸ
3241 5406 3454 5459 εὔτονον
3492 5406 3605 5474 τῆς

1926 5498 2183 5560 διανοίας,
2233 5498 2324 5550 καὶ
2364 5496 2688 5550 κατακλῶσα
2714 5496 2827 5566 [58]
2862 5496 2957 5564 τῆς
2982 5496 3161 5565 ψυχῆς
3190 5494 3288 5565 τὴν
3317 5492 3601 5562 ἀνδρείαν,

1928 5586 2022 5639 καὶ
2050 5587 2141 5638 ἐπὶ
2167 5584 2417 5655 μείζονας
2454 5583 2719 5649 ἐξάγουσα
2757 5583 3059 5650 ἀσελγείας.
3098 5581 3172 5633 Τὰ
3205 5580 3273 5632 δὲ
3305 5580 3444 5649 ἔργα
3482 5578 3604 5634 τοῦ

1988 5827 2093 5875 Ινῐη
2122 5824 2495 5887 Bibliislogilnr
2518 5829 2562 5873 οἱ
2608 5824 2961 5881 ἐπικρατοῦντες
3003 5826 3117 5888 πρὸς
3163 5844 3247 5883 την
3289 5824 3462 5877 φωνήν·
3514 5823 3603 5873 lo-

1931 5903 2113 5953 (usque
2139 5891 2215 5939 hic
2243 5891 2406 5940 Amosi
2446 5890 2672 5939 inversus
2714 5888 2933 5948 aﬂ'ertur,
2968 5889 3037 5936 uti
3065 5901 3209 5952 supra
3234 5888 3530 5938 dicebamus
