3674 6276
283 233 357 290 63
999 226 1056 283 S.
1096 225 1374 285 JOANNIS
1408 225 1882 285 CHRYSOSTOMI
1922 227 2239 285 ARCHIEP.
2279 228 2812 295 GONSTANTINOP.
3480 248 3542 305 64

283 347 411 402 facit
454 343 689 403 tenebris
734 342 1040 411 otl‘undens,
1064 341 1167 399 hoc
1201 352 1256 398 et
1280 340 1481 397 musica
1507 348 1761 412 operatur
1788 339 1872 395 vi-

280 444 464 510 gorem
505 435 701 493 mentis
739 435 1052 500 emolliens,
1100 434 1371 505 roburque
1400 434 1563 488 animi
1594 431 1873 504 frangens,

280 539 336 586 et
375 527 441 584 ad
469 527 729 597 majorem
755 527 997 583 alliciens
1020 525 1317 581 lasciviam.
1356 524 1529 596 Opera
1569 533 1739 579 autem
1778 522 1875 577 Dei

281 637 383 675 non
412 620 711 690 respiciunt,
738 628 783 674 et
810 634 965 689 opera
994 633 1235 672 manuum
1265 618 1374 688 ejus
1400 634 1501 671 non
1526 616 1872 671 considerant.

285 712 380 769 Vel
406 710 667 767 miracula
694 710 813 782 ejus
831 709 981 776 dicit,
1002 709 1086 765 vel
1109 719 1313 765 naturae
1340 708 1871 781 contemplationem.

281 802 566 872 Quomodo
585 813 763 859 autem
784 803 991 874 possint
1013 801 1207 858 horum
1231 810 1562 874 spectatores
1581 815 1721 865 esse,
1749 815 1874 857 cum

282 899 425 954 diem
452 897 508 953 in
550 906 763 954 noctem
803 905 1045 965 vertant,
1101 903 1263 952 noctu
1308 910 1439 952 vero
1482 895 1654 951 nihilo
1682 894 1877 950 melius

282 993 392 1047 sint
418 988 634 1056 affecti,
658 990 830 1057 'quam
857 987 1092 1044 mortui?
1113 986 1390 1060 quomodo
1420 995 1674 1059 poterunt
1698 976 1870 1042 solem
1918 992 1921 993 ⁷

285 1084 559 1140 orientem
605 1081 807 1147 viuere,
841 1080 961 1136 caali
986 1079 1357 1152 splendentem
1386 1079 1835 1151 pulchritudinem
1857 1121 1874 1149 ,

284 1192 613 1251 vespereque
640 1176 847 1232 varium
884 1175 1031 1231 illum
1060 1175 1336 1231 stellarum
1367 1174 1612 1241 chorum,
1644 1183 1877 1231 caetera-

284 1284 515 1341 rumque
542 1278 912 1325 creaturarum
943 1268 1189 1324 ordinem
1212 1277 1267 1325 et
1292 1268 1649 1324 ministerium
1676 1309 1694 1335 ,
1722 1276 1879 1324 exte-

285 1362 516 1419 rioribus
556 1359 1005 1433 interioribusque
1050 1360 1220 1416 oculis
1267 1360 1504 1431 privati?
1543 1358 1661 1416 Non
1689 1374 1876 1430 parum

285 1470 418 1527 ergo
460 1455 514 1511 in
543 1454 648 1510 hoc
696 1454 808 1509 laesi
835 1462 994 1521 sunt,
1026 1452 1169 1523 quod
1210 1467 1500 1523 numquam
1529 1451 1878 1522 contemplati

287 1549 382 1605 Dei
405 1548 665 1605 mirabilia
706 1563 772 1604 ex
807 1546 909 1602 hac
948 1546 1054 1602 vita
1084 1546 1384 1612 discedant,
1412 1562 1535 1602 eum
1567 1546 1711 1601 omni
1743 1556 1880 1602 tem-

289 1656 422 1709 pore
446 1638 725 1695 ebrietatis
759 1638 995 1695 tenebris
1022 1638 1196 1694 obruti
1235 1638 1446 1694 fuerint.
1477 1638 1565 1695 15.
1590 1636 1759 1709 Igitur
1786 1653 1879 1691 ca-

290 1733 456 1803 ptivus
476 1732 641 1803 {actus
666 1742 736 1785 est
764 1731 982 1803 papulas
1005 1746 1166 1796 meus,
1190 1746 1247 1785 eo
1267 1730 1402 1802 quod
1431 1745 1531 1785 non
1553 1735 1878 1802 cognoverint

288 1824 586 1879 Dominum.
615 1821 820 1878 Rursus
846 1821 987 1893 quod
1030 1821 1262 1877 futurum
1289 1833 1405 1877 erat
1451 1831 1510 1876 ut
1548 1821 1878 1891 prieteritum

289 1916 595 1983 annuntiat,
626 1923 681 1969 et
719 1930 931 1986 pinnam
974 1914 1139 1970 infert
1163 1913 1359 1969 delicto
1404 1913 1550 1969 huic.
1599 1912 1878 1984 Siquidem

286 2006 370 2062 vel
394 2007 507 2077 ipsa
534 2006 764 2062 ebrietas
790 2005 1015 2077 quodvis
1040 2006 1360 2076 supplicium
1390 2014 1657 2077 exaequat,
1684 2005 1882 2060 tumul-

286 2109 399 2152 tum
451 2099 503 2153 in
548 2097 726 2154 anima
781 2099 1016 2170 pariens,
1062 2097 1289 2168 caligine
1328 2107 1561 2153 mentem
1617 2097 1833 2167 replens
1860 2137 1877 2163 ,

286 2195 552 2264 captivam
579 2194 750 2264 ipsam
778 2193 1134 2261 constituens,
1176 2191 1477 2248 innumeris
1506 2192 1627 2247 illos
1656 2193 1881 2248 interius

285 2298 343 2342 et
389 2288 623 2343 exterius
664 2291 899 2343 obruens
950 2287 1170 2342 morbis.
1215 2285 1331 2341 lloc
1382 2294 1608 2341 noverat
1649 2285 1877 2352 Paulus,

286 2396 481 2452 tientpe
532 2381 789 2435 malitiam
829 2379 1228 2450 prosupplicio
1275 2394 1428 2445 esse;
1474 2378 1597 2434 ideo
1638 2379 1760 2434 ait:
1812 2377 1881 2433 Et

287 2472 566 2526 mercedem
591 2488 740 2542 quant
769 2472 1012 2541 Oportuit,
1045 2472 1228 2527 erroris
1259 2472 1338 2525 sui
1368 2471 1418 2524 in
1442 2471 1721 2540 semetipsis
1749 2470 1881 2524 reci-

287 2564 518 2635 pientes(
536 2562 681 2618 Rom.
712 2560 763 2616 1.
786 2560 901 2633 27).
943 2561 1140 2619 Verum
1166 2561 1379 2633 quando
1410 2562 1463 2617 id
1486 2563 1648 2618 etiam
1678 2561 1882 2617 stolidi-

287 2659 411 2713 tatis
436 2672 620 2712 eorum
657 2656 933 2727 proprium
975 2664 1094 2721 est,
1135 2655 1278 2728 quod
1307 2655 1634 2726 puniantur,
1684 2671 1783 2710 nec
1822 2669 1882 2711 se

287 2752 463 2820 puniri
492 2752 747 2819 sentiant,
781 2750 925 2823 quod
961 2758 1242 2822 :cgroteut,
1289 2765 1389 2805 nec
1430 2749 1600 2804 sciant
1630 2765 1692 2804 se
1720 2764 1884 2819 {egro-

286 2856 422 2912 tare,
461 2846 530 2901 ab
565 2846 767 2902 exteris
808 2845 972 2901 etiam
1002 2843 1326 2913 supplicium
1376 2841 1599 2910 inducit,
1654 2841 1878 2913 aitque:

286 2938 457 3013 Igitur
493 2938 718 3008 captivus
761 2939 927 3010 {actus
953 2947 1025 2991 est
1052 2935 1272 3007 populus
1300 2952 1464 3001 meus,
1513 2951 1571 2989 eo
1619 2933 1753 3005 quod
1778 2949 1880 2987 non

243 3071 259 3085 .
285 3030 608 3106 cognoverint
654 3029 952 3083 Dominum.
985 3028 1052 3082 Et
1081 3028 1354 3082 multitudo
1390 3030 1526 3097 facta
1558 3037 1629 3081 est
1652 3035 1880 3079 mortuo-

285 3142 401 3180 rum
430 3135 637 3197 propter
661 3129 847 3197 fantem
868 3130 914 3178 et
938 3120 1073 3179 sitim
1103 3136 1269 3194 aqum.
1300 3118 1427 3176 Vide
1456 3118 1673 3173 multam
1714 3118 1884 3175 inser-

284 3228 395 3273 tam
446 3218 498 3271 in
547 3216 811 3288 supplicio
853 3216 1228 3280 munitionem,
1279 3230 1452 3285 neque
1506 3213 1877 3284 gravissimam

284 3310 467 3365 statim
495 3308 678 3364 induci
709 3308 1032 3366 sectionem.
1063 3306 1247 3379 Neque
1274 3308 1419 3362 enim
1448 3308 1629 3363 subito
1658 3306 1881 3378 captivi-

289 3412 453 3457 tatem
494 3402 711 3469 intulit,
744 3400 841 3457 sed
883 3401 1075 3456 famem
1114 3401 1263 3471 prius
1300 3408 1356 3455 et
1410 3399 1581 3467 sitim,
1624 3409 1680 3453 ut
1732 3398 1879 3453 domi

284 3505 602 3561 manentes,
636 3494 886 3551 meliores
922 3493 1256 3559 evaderent,
1298 3508 1471 3564 neque
1498 3493 1568 3548 ob
1610 3491 1879 3547 incurabi-

290 3589 398 3645 lem
416 3587 663 3644 morbum
682 3586 1030 3643 barbarorum
1050 3586 1342 3642 exercitum
1367 3585 1719 3639 attraherent.
1743 3583 1879 3651 Quia

285 3697 415 3737 vero
440 3696 547 3735 non
568 3688 867 3745 cesserunt,
888 3678 1126 3749 nihilque
1157 3677 1280 3733 inde
1298 3677 1487 3732 luerati
1510 3686 1635 3733 sunt
1658 3718 1673 3744 ,
1709 3685 1881 3731 extre-

288 3789 437 3828 tnum
466 3772 699 3843 denique
722 3770 850 3843 ipsis
868 3770 1071 3827 inducit
1095 3770 1438 3840 supplicium.
1471 3770 1726 3824 Attamen
1754 3779 1879 3826 ante

286 3866 381 3921 illa
404 3908 419 3934 ,
452 3866 631 3922 verbis
659 3865 869 3922 extollit
895 3873 953 3920 et
980 3863 1274 3934 ampliﬁcat
1299 3863 1456 3918 famis
1484 3863 1874 3932 calamitatem,

285 3964 471 4019 dicens
503 3980 517 4017 :
552 3961 640 4017 14.
688 3958 936 4017 Dilatavit
978 3958 1208 4029 infernus
1247 3958 1470 4013 animum
1520 3974 1666 4012 suam
1713 3973 1733 4012 :
1771 3973 1879 4014 non

285 4054 428 4128 quod
474 4052 714 4109 infernus
742 4052 976 4107 animam
1023 4051 1216 4106 habeat
1248 4068 1263 4105 :
1296 4050 1392 4109 sed
1422 4066 1667 4121 personae
1709 4051 1879 4108 forma

287 4149 460 4203 minas
508 4146 773 4211 intentat,
806 4153 866 4199 ut
904 4143 1108 4215 majore
1139 4158 1264 4201 cum
1309 4143 1553 4215 emphasi
1602 4144 1876 4215 loquatur,

288 4238 595 4311 ingentique
635 4237 826 4293 timore
854 4235 1157 4291 auditorum
1190 4236 1401 4292 animos
1444 4237 1714 4307 percellat.
1753 4236 1881 4295 Ideo

1977 340 2074 432 ciis
2100 354 2269 413 vacat,
2298 347 2386 418 qui
2413 350 2674 417 exsultat,
2701 354 2791 424 qui
2823 361 2971 426 putat
2991 371 3050 412 se.
3074 356 3363 415 immobilia
3387 362 3547 432 possi-

1976 431 2104 489 dere
2124 433 2283 504 bona,
2316 438 2431 509 ipse
2454 457 2665 514 quoque
2692 445 2849 501 cadet
2876 455 2931 502 et
2959 449 3218 518 capietur.
3249 452 3338 509 £5.
3370 431 3436 508 Et
3461 455 3551 509 Int-

1976 526 2254 584 miliabitur
2275 532 2446 599 homo,
2473 544 2520 587 et
2547 535 2929 592 inhonorabitur
2953 541 3029 595 vir
3052 556 3072 596 :
3095 551 3144 597 et
3168 545 3300 599 oculi
3326 545 3551 602 sublimes

1978 619 2393 677 Immiliabuntur.
2439 625 2526 680 16.
2560 625 2625 680 Et
2660 629 2965 685 excitabitur
2998 631 3250 689 Dominus
3281 637 3418 691 solus
3458 638 3553 691 Sa-

1977 711 2126 767 baoth
2153 714 2206 768 in
2219 716 2440 787 judicio.
2476 717 2605 774 Vide
2630 736 2815 776 rursus
2858 724 2950 778 Dei
2987 726 3396 796 providentiam.
3441 728 3550 784 Non

1977 803 2121 859 enim
2163 806 2580 864 internecionem
2623 811 2871 880 adducit,
2905 831 3076 887 neque
3117 826 3282 873 totum
3314 834 3346 876 e
3384 822 3557 875 medio

1977 893 2146 966 abripi
2172 898 2425 967 populum
2457 902 2736 971 permittit,
2768 904 2861 960 sed
2891 908 3147 976 quosdam
3184 910 3431 982 relinquit
3454 952 3467 975 ,
3501 922 3556 968 ut

1977 999 2043 1040 ex
2064 984 2370 1043 abeuntium
2393 992 2653 1062 supplicio
2674 994 3009 1065 resipiscam.
3038 999 3149 1055 lloe
3173 1014 3299 1071 ergo
3320 1002 3559 1057 subindi-

1978 1092 2107 1133 cans
2135 1078 2243 1146 ait,
2276 1080 2715 1153 Humiliabuntur,
2750 1088 2801 1142 id
2832 1100 2934 1153 est,
2966 1091 3055 1160 qui
3081 1102 3326 1161 manent,
3353 1095 3439 1164 qui
3470 1110 3558 1149 re-

1976 1167 2088 1226 licti
2125 1180 2270 1227 sunt.
2296 1171 2363 1226 Et
2386 1174 2690 1230 eaaltabitur
2712 1176 2962 1235 Dominus
2992 1181 3218 1236 Sabaoth
3257 1184 3310 1237 in
3331 1184 3556 1256 judicio,

1977 1271 2026 1316 et
2047 1260 2186 1318 Deus
2202 1275 2405 1320 sanctus
2421 1266 2784 1338 gloriﬁcabitur
2801 1271 3087 1342 injustitia.
3108 1274 3221 1329 Duo
3239 1277 3385 1345 ponit
3402 1282 3555 1345 bona,

1977 1365 2033 1410 et
2060 1355 2181 1412 illos
2200 1372 2393 1429 nempe
2420 1361 2661 1416 timorem
2689 1362 3027 1433 deposituros
3045 1381 3186 1430 esse,
3208 1370 3564 1443 melioresque

1978 1448 2225 1516 futuros,
2263 1458 2318 1506 et
2361 1452 2527 1507 Deum
2569 1453 2906 1510 admirationi
2936 1455 3052 1513 fere
3091 1460 3230 1528 apud
3262 1476 3480 1529 omnes;
3511 1464 3564 1518 id

1978 1540 2121 1595 enim
2147 1541 2248 1597 sibi
2270 1543 2382 1599 vult
2406 1543 2533 1599 illud
2558 1586 2574 1611 ,
2604 1543 2931 1601 Exattabitur
2955 1558 3003 1603 et
3029 1550 3428 1622 gloriﬁcabitur;
3472 1570 3567 1624 per

1979 1634 2298 1706 supplicium
2326 1651 2536 1706 nempe,
2562 1651 2623 1692 ac
2651 1653 2746 1707 per
2771 1639 2940 1709 ipsam
2962 1640 3240 1703 ultionem.
3311 1644 3445 1710 Quid
3472 1660 3569 1700 au-

1981 1734 2089 1781 tem
2116 1735 2193 1780 est
2211 1724 2325 1798 ¹,1η
2340 1728 2541 1798 judicio
2561 1729 2587 1783 ?
2615 1728 2718 1785 Per
2742 1731 3016 1787 ultionem.
3051 1734 3141 1789 17.
3166 1732 3230 1787 Et
3261 1747 3463 1803 poscent
3488 1738 3570 1792 di-

1980 1821 2142 1891 spersi
2163 1822 2307 1891 quasi
2330 1826 2483 1886 tauri,
2506 1830 2555 1875 et
2578 1821 2777 1878 deserta
2794 1840 2987 1893 eorum,
3009 1828 3094 1897 qui
3113 1830 3358 1900 assumpti
3383 1842 3498 1884 sunt
3522 1841 3568 1898 ί,

1981 1913 2104 1983 agni
2128 1913 2407 1967 comedent.
2430 1914 2757 1970 Relictorum
2790 1917 3108 1987 paucitatem
3136 1920 3220 1975 his
3243 1920 3568 1990 subindicat,
3598 1968 3601 1969 ν

1980 2015 2036 2060 et
2061 2005 2332 2076 ingentem
2362 2006 2596 2077 regionis
2634 2007 2997 2068 solitudinem.
3041 2010 3131 2066 18.
3170 2010 3260 2067 Vo:
3289 2014 3375 2083 qui
3402 2024 3573 2067 attra-

1982 2096 2108 2151 Itunt
2136 2108 2343 2167 peccata
2368 2115 2463 2153 sua
2490 2108 2544 2153 ut
2573 2101 2802 2171 funiculo
2828 2101 2999 2174 longe,
3027 2114 3074 2157 et
3098 2106 3241 2176 quasi
3264 2107 3380 2177 jugi
3403 2108 3574 2161 corri-

1981 2191 2067 2260 gia
2092 2189 2262 2245 vitula
2285 2191 2573 2263 iniquitates
2596 2210 2735 2248 suas.
2766 2194 2853 2251 i9.
2879 2195 2978 2260 Qui
3003 2197 3178 2250 dicunt
3201 2213 3219 2251 :
3245 2196 3353 2252 Cito
3380 2215 3579 2269 appro-

1984 2282 2223 2354 pinquent
2242 2299 2357 2353 qua:
2385 2283 2538 2353 faciet
2560 2283 2699 2340 Deus
2718 2326 2732 2351 ,
2762 2295 2818 2339 ut
2852 2286 3107 2341 videamus
3136 2303 3156 2341 :
3182 2298 3227 2342 et
3256 2291 3422 2343 veniat
3448 2306 3580 2344 con-

1982 2374 2152 2429 silium
2180 2377 2341 2431 sancti
2367 2375 2534 2430 Israel
2556 2418 2571 2442 ,
2605 2386 2659 2431 ut
2687 2378 2924 2432 sciamus.
2953 2378 3235 2448 PrOphetis
3262 2378 3579 2452 frequenter

1981 2468 2428 2524 comminantibus
2453 2483 2509 2525 et
2534 2470 2784 2534 terribilia
2809 2473 3307 2541 praenuntiantibus,
3336 2473 3581 2545 pseudo-

1983 2561 2258 2632 prophetce
2296 2562 2364 2617 ad
2402 2563 2627 2633 gratiam
2665 2564 2946 2633 loquentes
2969 2607 2983 2631 ,
3020 2566 3305 2637 populique
3334 2568 3582 2638 vigorem

1984 2655 2339 2712 dissolventes
2361 2698 2376 2724 ,
2406 2657 2619 2712 illorum
2643 2657 2781 2713 dicta
2811 2657 2960 2725 falsa,
2987 2673 3082 2714 sua
3110 2675 3237 2716 vera
3266 2675 3385 2716 esse
3414 2661 3585 2716 dicti-

1984 2749 2183 2805 tabant.
2214 2750 2362 2805 Multi
2393 2765 2520 2820 ergo
2544 2750 2750 2806 seducti
2777 2751 2991 2806 illorum
3026 2752 3205 2807 verbis
3244 2767 3348 2808 non
3379 2754 3587 2809 crede-

1982 2842 2129 2897 bant.
2175 2841 2379 2898 Deinde
2406 2843 2527 2914 quia
2559 2843 2850 2913 prOphetia:
2885 2860 2991 2899 non
3028 2845 3206 2900 statim
3243 2855 3402 2917 atque
3444 2862 3588 2917 pro-

1982 2934 2241 2990 nuntiata:
2257 2943 2431 3000 erant,
2453 2934 2793 3001 eveniebant;
2818 2935 3109 3005 prophetia:
3130 2953 3360 3007 namque
3381 2949 3588 2994 natura

1982 3035 2093 3081 erat
2115 3067 2129 3091 ,
2160 3026 2329 3081 multo
2368 3035 2492 3081 ante
2520 3034 2759 3097 tempore
2786 3041 2848 3081 ea
2876 3028 3220 3097 pronuntiare
3246 3044 3367 3100 qua“:
3404 3046 3593 3087 even-

1988 3124 2104 3173 tura
2142 3124 2328 3181 erant;
2369 3118 2620 3187 quoniam
2659 3133 2787 3189 ergo
2822 3117 3132 3190 frequenter
3168 3124 3445 3196 prophetat
3484 3126 3585 3181 fa—

1982 3228 2124 3268 mem
2148 3253 2163 3279 ,
2195 3222 2401 3284 pestem
2425 3254 2441 3281 ,
2478 3212 2723 3284 bellaque
2750 3213 3106 3282 prtedieebant
3129 3256 3144 3279 ,
3176 3229 3277 3270 nec
3304 3225 3484 3270 tamen
3520 3232 3595 3271 ea

1981 3305 2157 3375 reipsa
2178 3305 2563 3371 ostendebant,
2596 3305 2811 3360 interim
2834 3306 2985 3360 multi
3014 3322 3077 3360 ex
3109 3306 3173 3360 iis
3194 3346 3211 3373 ,
3243 3308 3331 3376 qui
3358 3307 3597 3377 decepti

1982 3404 2137 3452 erant
2158 3437 2172 3461 ,
2202 3411 2266 3452 ex
2294 3397 2632 3453 cunctatione
2661 3397 2726 3453 ad
2754 3414 2858 3452 non
2888 3397 3214 3454 credendum
3235 3401 3600 3459 oceasionem

1981 3489 2327 3559 accipientes,
2354 3489 2602 3545 dicebant
2628 3490 2889 3546 :Veniant
2919 3506 3038 3564 quae
3062 3491 3344 3559 dicuntur;
3373 3495 3420 3549 si
3449 3511 3600 3551 vere

1981 3582 2177 3651 dicitis,
2207 3582 2462 3639 accedant
2487 3599 2573 3638 res
2595 3583 2754 3654 ipsze;
2784 3584 3031 3641 exhibete
3056 3587 3208 3641 nobis
3230 3602 3293 3640 ex
3318 3588 3605 3657 Operibus

1981 3674 2112 3744 ipsis
2132 3674 2412 3729 consilium
2441 3674 2553 3730 Dei.
2578 3675 2709 3743 Quia
2739 3677 2897 3746 igitur
2922 3678 3036 3748 ejus
3062 3678 3367 3748 patientiam
3403 3680 3607 3737 incre-

1981 3765 2220 3822 dulitatis
2244 3768 2579 3823 occasionem
2609 3768 2951 3836 efﬁciebant,
2980 3780 3033 3826 et
3060 3772 3293 3843 peccatis
3330 3775 3448 3828 suis
3484 3776 3610 3831 hoc

1980 3858 2321 3927 adjiciebant,
2344 3868 2453 3914 tum
2484 3859 2626 3929 quod
2656 3875 2761 3916 non
2790 3861 3093 3929 crederent,
3119 3872 3228 3918 tum
3246 3866 3386 3935 quod
3411 3866 3487 3921 ob
3511 3868 3612 3922 in-

1982 3952 2351 4008 credulitatem
2373 3953 2646 4023 segniores
2672 3954 2978 4023 evaderent,
2999 3956 3120 4026 jnre
3143 3957 3287 4027 ipsos
3314 3959 3613 4028 propheta

1981 4044 2129 4115 luget
2147 4045 2364 4102 dicens:
2389 4046 2547 4112 Quasi
2573 4045 2805 4102 funiculo
2827 4048 3004 4119 longo,
3032 4049 3110 4104 sic
3133 4058 3319 4105 contra
3344 4066 3445 4105 vos
3474 4062 3571 4107 tra
3590 4086 3614 4096 -

1984 4138 2111 4194 ltitis
2139 4138 2271 4193 iram
2304 4138 2440 4207 Dei,
2484 4147 2538 4194 et
2577 4139 2865 4210 nequitiam
2902 4149 3136 4196 vestram
3174 4143 3401 4213 augetis.
3444 4144 3619 4211 Quia

1983 4231 2126 4286 enim
2152 4230 2308 4286 dictis
2333 4246 2438 4287 non
2467 4230 2704 4300 creditis,
2729 4230 2783 4287 id
2807 4232 3122 4304 relinquitur
3141 4234 3377 4301 demum,
3406 4245 3475 4291 ut
3502 4254 3619 4293 re-

1984 4339 2103 4379 rum
2147 4322 2298 4379 vobis
2324 4323 2652 4393 experientia
2694 4324 2966 4381 atl‘eratur.
3002 4325 3075 4380 Ita
3104 4336 3160 4381 ut
3184 4341 3278 4381 vos
3306 4327 3408 4397 ipsi
3440 4332 3623 4388 male.

1984 4418 2136 4484 vobis
2164 4418 2479 4484 attrahatis,
2502 4419 2594 4490 qui
2626 4420 2805 4476 verbis
2840 4420 2995 4475 tidem
3030 4437 3134 4476 non
3179 4421 3409 4477 habetis.
3460 4424 3624 4481 Ideo

1983 4510 2058 4564 ait
2088 4528 2102 4565 :
2138 4509 2228 4567 γω
2250 4511 2335 4582 qui
2360 4513 2619 4565 attrahunt
2647 4524 2851 4584 peccata
2877 4530 3002 4576 sua;
3034 4512 3083 4568 id
3111 4524 3192 4569 est
3211 4554 3231 4583 ,
3262 4516 3626 4573 retributio-

1986 4618 2111 4659 nem
2152 4613 2489 4677 peccatorum
2521 4622 2534 4658 :
2567 4604 2718 4674 quasi
2760 4606 2918 4675 longo
2960 4605 3195 4660 funiculo
3223 4622 3254 4661 e
3283 4608 3631 4681 longinquo

1986 4696 2195 4750 trahitis
2216 4737 2232 4763 ,
2266 4697 2469 4772 inquit,
2510 4697 2781 4752 delinitam
2821 4699 3051 4768 peccatis
3074 4700 3266 4755 vestris
3293 4701 3630 4774 ultionem,

1986 4796 2041 4844 et
2064 4788 2214 4858 quasi
2236 4788 2346 4859 jugi
2375 4788 2603 4865 eorrigia
2634 4789 2813 4844 vitula:
2857 4789 3146 4860 subjugalis
3170 4833 3185 4854 ,
3212 4801 3271 4845 ut
3308 4795 3637 4862 exprimat

1986 4881 2198 4936 illorum
2218 4882 2451 4937 studium
2476 4892 2531 4939 et
2548 4900 2731 4939 curam
2753 4885 2806 4938 in
2830 4885 3123 4954 peccando.
3150 4884 3219 4941 Ut
3246 4886 3289 4939 si
3320 4888 3459 4956 quis
3482 4889 3640 4948 loro

1985 4975 2109 5032 torti
2134 4975 2259 5045 quid
2289 4978 2606 5046 pertraxerit
2624 5017 2639 5039 ,
2670 4978 2748 5032 sic
2776 4992 2870 5033 vos
2896 4993 2991 5047 per
3020 4976 3469 5035 incredulitatem
3514 4984 3641 5042 Dei

1984 5067 2117 5122 iram
2157 5076 2342 5123 contra
2384 5083 2478 5124 vos
2508 5068 2737 5125 trahitis.
2781 5068 2981 5126 Deinde
3018 5069 3147 5126 dicit
3172 5071 3460 5141 quomodo
3500 5086 3645 5135 tra-

289 4333 345 4387 it:
381 4329 753 4402 proSOpopmia
778 4330 1019 4400 persistit
1046 4329 1263 4385 dicens:
1292 4329 1362 4384 Et
1387 4332 1586 4400 aperuit
1617 4348 1675 4387 os
1700 4349 1868 4399 suum,

289 4434 344 4479 ut
387 4440 488 4477 non
514 4432 668 4478 cesset
703 4422 894 4492 :quasi
917 4422 987 4477 de
1019 4421 1132 4479 fera
1164 4414 1323 4477 ierba
1351 4423 1587 4491 faciens,
1610 4433 1665 4480 et
1689 4425 1879 4495 imagi-

288 4532 416 4573 nem
454 4530 638 4571 rerum
682 4528 849 4584 prope
881 4514 1025 4583 ipsos
1054 4514 1347 4570 adducens.
1377 4514 1637 4586 Quodque
1666 4518 1882 4588 gravius

288 4618 394 4675 est,
446 4622 553 4662 non
588 4605 752 4661 modo
779 4606 989 4676 aperuit
1015 4620 1077 4662 os
1112 4621 1289 4671 suum,
1314 4607 1412 4663 sed
1440 4606 1609 4663 hianti
1635 4624 1731 4665 ore
1760 4625 1879 4665 ma-

290 4711 403 4767 net,
435 4715 534 4755 nec
578 4714 644 4754 ex
666 4699 779 4769 jam
813 4697 1081 4769 absorptis
1107 4699 1355 4755 satiatur.
1394 4699 1461 4754 Et
1487 4700 1784 4758 descenth
1812 4702 1880 4755 ad

287 4810 403 4848 eunt
432 4791 640 4864 gloriosi
661 4832 677 4858 ,
706 4800 752 4845 et
780 4802 1040 4863 magnates
1064 4833 1077 4855 ,
1107 4802 1152 4845 et
1196 4791 1373 4853 divites
1397 4834 1412 4859 ,
1463 4804 1508 4848 et
1543 4804 1704 4864 pestes
1747 4796 1877 4867 ejus.

290 4883 520 4948 Exhinc,
558 4895 615 4939 ut
643 4884 783 4940 scias
808 4900 915 4939 non
939 4884 1235 4940 secundum
1261 4896 1466 4942 naturze
1494 4887 1739 4944 ordinem
1766 4889 1881 4945 haec

289 4976 429 5041 ﬁeri,
454 4975 549 5030 sed
576 4991 607 5029 a
632 4976 741 5030 Deo
769 4976 1063 5033 immissam
1099 4991 1222 5033 esse
1249 4977 1458 5047 plagam
1475 5020 1490 5043 ,
1520 4990 1573 5034 et
1604 4978 1878 5035 decretum

284 5085 352 5125 ex
382 5070 516 5123 cazlo
530 5067 766 5123 delatum
786 5108 800 5130 .
821 5068 873 5123 in
905 5068 1162 5139 dignitate
1179 5078 1233 5124 et
1263 5072 1499 5140 potentia
1528 5072 1877 5137 constitutos,

285 5159 379 5229 qui
396 5159 578 5214 omnia
603 5159 918 5227 miscebant,
936 5176 1129 5232 resque
1144 5161 1452 5218 Judaeorum
1476 5164 1877 5233 subvertebant,

286 5268 354 5306 eo
376 5251 737 5308 descensuros
763 5267 884 5307 esse
912 5253 1007 5307 ait.

361 5347 416 5403 6.
447 5348 631 5404 Pestes
669 5356 846 5403 autem
888 5348 1007 5404 illos
1035 5349 1156 5420 jure
1199 5359 1352 5404 vocat
1376 5390 1390 5415 ,
1434 5359 1618 5420 utpote
1655 5352 1742 5422 qui
1789 5369 1880 5407 ne-

290 5440 510 5510 quitiam
549 5455 654 5495 non
687 5455 851 5510 penes
891 5455 950 5495 se
983 5450 1259 5495 servarent
1283 5482 1298 5506 ,
1340 5442 1435 5496 sed
1465 5443 1622 5498 etiam
1652 5444 1717 5496 ad
1750 5445 1881 5498 alios

291 5531 536 5587 morbum
563 5533 1008 5589 transmitterent.
1041 5532 1185 5588 Talis
1213 5534 1409 5604 quippe
1441 5543 1527 5590 est
1560 5536 1880 5605 pestilentia:

292 5636 478 5679 natura
512 5640 673 5681 :enm
712 5626 780 5681 ab
818 5642 924 5682 uno
965 5642 1190 5696 corpore
1225 5628 1482 5696 cmperit,
1525 5627 1784 5697 gradatim
1826 5631 1878 5685 in

298 5715 684 5781 multitudinem
715 5729 1007 5793 grassatur.
1047 5719 1107 5775 Et
1134 5718 1393 5777 exsultans
1422 5721 1473 5777 in
1504 5738 1582 5777 ea.
1610 5722 1711 5789 Qui
1741 5726 1872 5782 deli-

2050 5229 2065 5259 ¹
2103 5235 2213 5277 lich
2235 5228 2402 5293 verba,
2427 5234 2485 5293 et,
2505 5241 2593 5293 per
2617 5228 2780 5293 ipsam
2798 5228 3100 5278 ultionem...
3120 5242 3207 5290 per
3222 5227 3500 5290 ultionem,
3523 5236 3645 5288 de-

1986 5296 2123 5342 erant
2136 5294 2186 5342 in
2205 5291 2387 5347 Morel,
2402 5292 2489 5341 sed
2508 5291 2570 5341 ex
2591 5291 2736 5353 Regio
2752 5291 3006 5353 desumpta
3017 5298 3145 5341 sunt.
3162 5294 3427 5342 Bavaricus
3447 5300 3646 5353 etiam

1983 5355 2161 5428 habet,
2174 5354 2261 5403 sed
2281 5353 2465 5417 aliquot
2480 5352 2682 5419 adjectis
2705 5354 2919 5404 vocibus.
2940 5352 3129 5417 Illaque
3152 5354 3345 5416 legerat
3366 5356 3646 5413 ’rilmau.

1982 5428 2077 5467 nus
2099 5425 2360 5480 interpres.

2045 5481 2067 5513 ³
2102 5480 2155 5529 ln
2177 5477 2356 5537 Graeco,
2380 5490 2661 5542 ἀπιιλημμινψ,
2687 5492 2852 5542 eorum
2874 5477 2958 5542 qui
2977 5478 3209 5542 assmnpti
3221 5484 3347 5528 sunt.
3364 5480 3646 5539 'nlman.

1984 5556 2077 5592 nus
2099 5550 2335 5612 verterat,
2359 5538 2524 5591 eorum
2642 5538 2798 5612 relicti
2818 5538 2945 5597 sunt,
2956 5543 3093 5612 quasi
3117 5540 3336 5612 legisset3
3354 5554 3646 5612 ἀκολιλιφ.

1984 5622 2105 5667 μί-ιων.
2148 5607 2419 5665 Ᾱιιιλημμέιων
2459 5610 2597 5654 certe
2639 5611 2742 5657 est.
2778 5617 2943 5653 eorum
2983 5603 3068 5662 qni
3101 5603 3332 5666 assumpti
3363 5619 3520 5661 sunt
3568 5603 3646 5666 ἐι,

1984 5666 2254 5739 summatis.
2281 5678 2331 5716 et
2352 5676 2512 5739 tamen
2551 5666 2743 5739 videtur
2766 5667 3133 5732 Chrysostomus
3165 5667 3213 5716 in
3248 5676 3646 5739 sequentium

1989 5751 2073 5785 eos
2101 5731 2399 5796 intelligere,
2418 5732 2499 5798 qui
2519 5728 2672 5782 relicti
2697 5739 2825 5781 sunt.
